1953 3055
136 193 1774 228 ﬂ

449 321 683 355 BENEVOLO
709 319 894 352 LECTORI
913 318 1061 349 JOANN.
1084 318 1234 349 LUDOV.
1256 317 1463 350 SCHULZE.

174 537 242 571 Qua
257 535 286 563 in
309 533 364 561 hoc
377 535 476 567 quarto
499 529 621 565 Operum
643 527 811 556 Theodoreti
837 532 912 555 torno
936 526 1148 559 contineantur,
1173 533 1289 562 quaque
1310 526 1342 553 in
1364 526 1412 554 illo
1422 526 1509 562 prelis
1524 527 1649 559 parando
1665 535 1681 555 a
1699 525 1780 554 nobis

137 594 263 631 praestita
277 591 349 624 sint,
365 589 462 625 paucis
475 595 657 624 exponemus.
675 587 718 614 Ea
744 586 836 614 omnia
857 593 919 621 quae
940 584 1106 612 Sirmondus
1121 589 1196 612 tomo
1210 584 1342 612 editionis
1363 592 1419 612 sua:
1432 589 1530 619 quarto
1548 585 1707 620 complexus
1720 589 1776 617 est,

138 653 343 686 maximamque
352 653 461 685 partem
475 655 573 675 eorum
599 654 660 682 quae
669 645 838 681 Appendicis
848 644 960 672 nomine
975 643 1128 679 subjunxit,
1143 643 1200 671 imo
1210 643 1350 678 Epistolas
1365 642 1542 675 Theodoreti,
1557 650 1618 678 quae
1634 650 1729 670 omnes
1743 649 1779 674 ex

138 714 216 737 tomo
233 708 317 735 tertio
333 706 446 741 reliquae
467 707 558 736 erant,
575 703 629 730 hoc
651 702 764 730 unicum
788 701 918 730 editionis
940 705 1042 728 nostra:
1063 701 1192 728 volumen
1209 700 1429 736 comprehendit.
1452 699 1508 727 Suo
1529 699 1621 734 itaque
1637 699 1734 726 ordine
1748 707 1778 727 se

138 764 285 798 excipiunt
299 767 350 789 tres
363 760 471 796 Dialogi
488 760 562 787 lectu
576 757 742 794 dignissimi,
758 757 806 792 qui
821 764 909 784 comm

1006 756 1095 783 omine
1112 755 1304 784 inscribuntur
1322 754 1491 791 Ἐρανιστὴς.
1509 755 1567 790 ἦτοι
1584 754 1777 790 Πολύμορφος;

140 820 334 849 Ηωνειὶεαηιηι
349 818 507 855 fabularum
529 816 724 854 compendium,
742 816 817 851 quod
838 815 962 851 quinque
985 815 1138 842 absolvitur
1159 815 1254 848 libris;
1277 814 1316 842 De
1331 814 1501 842 Providentia
1519 815 1649 841 orationes
1669 821 1686 840 x
1705 821 1779 848 prae--

139 879 331 912 stantissimae;
347 877 500 907 Grecorum
517 875 638 911 denique
658 875 824 910 aﬂ'eotionum
837 872 988 902 Curationis
1006 873 1072 901 libri
1090 881 1113 900 s.
1130 873 1331 909 disputationes
1351 881 1404 906 xu,
1421 873 1522 908 quibus
1536 881 1662 908 perenne
1673 872 1780 900 nomini

139 946 192 966 suo
214 939 300 966 decus
322 937 432 973 paravit
454 935 578 971 Scriptor
602 934 823 963 venustissimus.
846 933 887 961 Ex
908 933 1067 969 Appendice
1093 933 1270 969 subjungitur
1293 933 1408 961 Libellus
1426 933 1461 960 ad
1478 932 1644 969 Sporacium,
1658 933 1780 968 scriptus

143 1000 238 1022 contra
254 994 413 1022 Nestorium.
431 993 591 1028 Sequuntur
608 992 737 1020 librorum
754 999 826 1019 xxvu
844 990 971 1018 adversus
988 992 1078 1018 varias
1090 991 1280 1026 propositiones
1294 995 1463 1027 argumenta,
1476 998 1510 1018 ex
1518 990 1610 1019 Phatii
1627 990 1688 1017 cod.
1708 997 1778 1016 XLVI.

142 1053 240 1083 Finem
259 1055 338 1091 hujus
355 1054 424 1082 tomi
439 1054 544 1082 faciunt
559 1052 688 1089 Epistolis
707 1052 874 1080 Theodoreti.

171 1124 238 1152 Non
248 1123 305 1151 erit
318 1123 393 1159 quod
418 1123 514 1150 multis
529 1122 752 1150 demonstremus
777 1122 874 1155 libros,
887 1128 1008 1157 quorum
1021 1121 1139 1150 indicem
1153 1122 1210 1157 iam
1228 1122 1365 1155 dedimus,
1378 1122 1530 1158 plurimum
1546 1120 1782 1149 commendandos

137 1191 202 1212 esse
216 1183 252 1210 ob
264 1183 418 1218 argumenti
430 1183 603 1218 dignitatem,
616 1182 780 1210 eruditionis
793 1182 900 1216 copiam
915 1185 944 1209 et
971 1181 1034 1218 styli
1048 1181 1222 1217 elegantiam.
1236 1182 1349 1210 Duobus
1362 1182 1426 1214 illis,
1438 1188 1508 1217 quos
1519 1181 1680 1216 primo‘loco
1691 1179 1781 1207 nomi-

142 1241 279 1273 navimus,
296 1247 389 1267 carere
402 1247 459 1268 non
472 1244 563 1275 potest
583 1239 709 1275 quisquis
722 1238 757 1266 ad
773 1238 933 1266 solidiorem
946 1238 1132 1274 cognitionem
1145 1242 1203 1266 tum
1219 1238 1370 1274 disciplinae
1394 1242 1454 1266 tum
1467 1237 1590 1265 historiae
1606 1245 1691 1264 sacrae
1707 1235 1781 1271 aspi-

144 1303 195 1326 rat.
212 1299 337 1326 Tertium
351 1299 374 1326 si
389 1298 452 1334 quis
463 1298 535 1334 legat
550 1303 578 1326 et
591 1305 647 1326 non
661 1297 823 1331 admiretur,
842 1297 872 1325 in
890 1301 950 1326 arte
964 1298 1077 1326 bene‘et
1087 1301 1187 1325 ornate
1200 1297 1311 1325 dicendi
1320 1297 1404 1332 plane
1423 1297 1523 1331 hospes
1535 1298 1571 1323 sit
1586 1303 1698 1324 necesse
1712 1299 1757 1323 est
1772 1302 1781 1321 :

148 1360 246 1383 tantam
257 1363 320 1384 esse
332 1356 461 1384 novimus
477 1355 638 1384 Orationum
652 1356 687 1384 de
699 1356 874 1384 Providentia
885 1355 1198 1389 venustatem.Quartus
1207 1355 1326 1390 denique
1342 1354 1390 1390 qui
1403 1354 1568 1389 evangelicae
1582 1353 1706 1381 veritatis
1716 1359 1782 1380 cum

146 1410 288 1447 gentilium
310 1410 484 1446 philosophia
505 1416 672 1446 comparatae
688 1411 875 1447 praestantiam
892 1415 996 1444 tuetur,
1010 1415 1069 1438 tum
1086 1411 1122 1439 ab
1138 1411 1194 1439 illis
1208 1411 1256 1447 qui
1276 1410 1422 1448 sanctioris
1443 1409 1506 1438 ﬁdei
1528 1415 1630 1438 nostrae
1653 1409 1782 1438 vindiciis

143 1467 246 1503 justum
262 1472 389 1495 statuunt
400 1468 532 1503 pretium,
547 1473 605 1496 tum
623 1468 657 1496 ab
672 1469 870 1504 elegantiorum
884 1469 1041 1497 litterarum
1053 1467 1144 1503 dignis
1157 1467 1372 1496 aestimatoribus
1386 1467 1485 1495 merito
1494 1475 1604 1494 summa
1618 1466 1700 1494 laude
1714 1474 1782 1495 con-

146 1525 294 1554 decoratur
306 1535 313 1554 :
325 1531 368 1555 est
381 1528 455 1555 enim
470 1527 593 1563 apprime
608 1528 693 1562 utilis,
706 1529 766 1557 sive
782 1513 821 1557 ad
832 1529 1013 1558 sanctissime
1026 1530 1090 1558 ﬁdei
1104 1533 1205 1557 nostrae
1212 1529 1356 1564 dogmata,
1369 1528 1428 1556 sive
1439 1528 1473 1556 ad
1490 1528 1677 1564 antiquiorum
1691 1528 1783 1563 philo-

145 1584 297 1619 sophorum
312 1585 413 1620 placita
427 1587 594 1622 respexeris.
609 1587 670 1615 Non
681 1591 724 1615 est
735 1587 826 1622 itaque
840 1587 915 1622 quod
938 1587 1071 1615 miremur
1082 1587 1183 1622 saepius
1196 1587 1263 1615 oiim
1277 1587 1329 1614 hos
1339 1592 1458 1621 quatuor
1470 1586 1558 1613 libros
1567 1585 1683 1613 seorsim
1696 1583 1782 1613 fuisse

146 1642 218 1678 typis
240 1642 403 1678 exscriptos.
427 1642 476 1671 His
498 1643 703 1678 antiquioribus
717 1641 896 1671 ~editionibus
914 1643 949 1671 ad
972 1643 1054 1671 ﬁdem
1076 1643 1204 1671 codicum
1225 1642 1375 1678 evulgatis,
1395 1646 1530 1678 quantum
1541 1641 1605 1670 ﬁeri
1618 1641 1726 1677 potuit,
1741 1639 1783 1669 usi

149 1706 256 1732 sumus,
274 1699 410 1735 imprimis
427 1699 476 1726 ubi
503 1700 700 1736 manuscriptis
721 1708 774 1728 nos
792 1700 905 1728 destitui
928 1699 1057 1728 vidimus.
1079 1699 1242 1727 Liberaliter
1255 1699 1391 1728 editiones
1404 1699 1524 1727 rariores
1543 1699 1690 1727 nobiscum
1709 1707 1785 1727 com.

147 1750 328 1786 manicarum
344 1759 436 1792 amici,
451 1759 552 1794 quibus
566 1759 676 1795 publice
693 1763 801 1796 gratum
813 1767 869 1786 non
885 1758 1010 1794 proﬁteri
1026 1758 1149 1786 animum
1166 1751 1279 1786 omnino
1295 1758 1372 1786 nefas
1382 1762 1468 1786 esset.

182 1827 249 1861 Quae
263 1827 299 1856 ad
313 1833 369 1856 tres
384 1829 507 1865 dialogos
523 1828 552 1856 in
565 1829 678 1857 scholiis
698 1829 802 1857 nostris
822 1829 1039 1862 observavimus,
1058 1829 1176 1856 maxime
1190 1837 1222 1857 ex
1237 1833 1315 1864 parte
1330 1829 1474 1864 desumpta
1489 1832 1602 1856 suntex
1614 1827 1784 1856 editionibus

147 1885 260 1918 Graecis,
273 1894 336 1921 quae
347 1886 440 1915 Romae
450 1895 519 1915 ann.
535 1887 613 1922 1547,
626 1888 700 1924 apud
714 1888 884 1924 Stephanum
895 1888 1053 1929 Nieolinum
1069 1887 1230 1916 Sabiensem
1246 1888 1318 1920 in-A,
1331 1893 1359 1916 et
1371 1887 1471 1923 Lipsiae
1484 1895 1550 1915 ann.
1566 1888 1785 1923 459l,impcnsis

147 1941 288 1971 Valentini
298 1944 423 1980 Vogelini
436 1945 506 1979 in-8,
521 1946 696 1982 prodierunt.
712 1947 839 1975 Latinam
848 1955 962 1983 quoque
975 1948 1110 1976 Victorini
1125 1948 1246 1985 Strigelii
1260 1948 1417 1976 versionem
1429 1948 1529 1976 sacqu
1540 1956 1583 1975 xvi
1597 1947 1696 1983 saepius
1708 1954 1787 1982 repe-

148 2001 240 2034 titam,
251 2002 279 2029 in
299 2003 446 2031 consilium
460 2005 628 2038 vocavimus,
642 2005 666 2033 si
681 2005 814 2035 lectiones
830 2006 1031 2035 Sirmondianaa
1046 2015 1060 2034 a
1078 2011 1154 2035 textu
1168 2007 1321 2035 editionum
1336 2006 1491 2034 Graecarum
1505 2006 1619 2034 diversae
1630 2009 1720 2037 erant,
1738 2006 1787 2033 aut

149 2061 287 2090 Eranistae
300 2067 328 2090 et
344 2062 497 2092 Orthodoxi
514 2065 626 2092 nomina
648 2069 803 2100 permutata
819 2073 880 2094 esse
900 2065 1075 2094 videbantur,
1092 2066 1149 2094 Nec
1165 2065 1348 2093 omittendum
1362 2071 1424 2092 esse
1442 2063 1572 2091 duximus
1594 2063 1653 2090 loca
1674 2062 1785 2090 Patrum

148 2119 179 2144 tn
201 2116 255 2144 ﬁne
276 2119 494 2155 uniuscujusque
510 2120 610 2156 dialogi
631 2129 731 2157 magno
744 2129 862 2149 numero
875 2122 957 2149 allata
968 2121 1126 2157 diligentius
1139 2125 1278 2154 excutere,
1292 2128 1353 2155 quae
1365 2126 1383 2148 α
1395 2121 1498 2148 nostris
1519 2119 1683 2148 lectionibus
1698 2120 1787 2147 aliena

149 2178 246 2200 essent
269 2174 298 2201 in
314 2175 427 2204 scholiis
439 2185 562 2211 monere,
577 2183 606 2206 et
617 2178 825 2208 Sirmondianas
838 2181 972 2208 lectiones
985 2180 1088 2215 passim
1101 2179 1260 2212 emendare,
1274 2184 1305 2206 ut
1315 2187 1376 2215 pag.
1392 2178 1427 2206 A9
1434 2183 1465 2206 et
1480 2179 1556 2206 alibi.
1571 2179 1635 2206 Haec
1646 2187 1708 2206 cum
1722 2171 1786 2214 age-

151 2240 257 2266 remus,
274 2234 348 2262 haud
365 2242 427 2262 raro
440 2235 468 2262 in
487 2235 547 2263 loca
559 2236 670 2264 Patrum
689 2237 847 2271 incidimus,
861 2245 924 2273 quas
943 2239 1135 2266 emendatione
1148 2238 1239 2266 adhuc
1252 2243 1322 2271 opus
1337 2235 1450 2268 habent,
1467 2240 1495 2263 et
1507 2244 1541 2264 ex
1559 2236 1658 2264 Nostro
1671 2237 1787 2264 feliciter

155 2291 261 2319 restitui
279 2296 405 2327 possunt,
419 2292 470 2320 etsi
481 2293 682 2328 probatissimis
695 2294 858 2330 plerumque
883 2295 926 2322 usi
943 2295 1030 2322 simus
1041 2295 1221 2327 editionibus,
1233 2301 1301 2329 quas
1315 2294 1342 2321 in
1357 2293 1469 2321 scholiis
1488 2301 1704 2322 commemorare
1714 2295 1786 2322 haud

153 2349 336 2385 negleximus.
348 2348 414 2382 Quae
428 2357 462 2377 ex
471 2350 617 2378 Ambrosio
631 2350 658 2378 in
676 2351 720 2378 his
733 2351 848 2387 dialogis
859 2360 874 2379 a
887 2351 1063 2380 Theodereto
1073 2352 1154 2379 allata
1166 2355 1240 2383 sunt,
1251 2351 1325 2378 haud
1341 2358 1402 2378 raro
1421 2351 1503 2378 aliter
1519 2351 1547 2378 in
1562 2351 1657 2379 Graeco
1671 2359 1786 2388 sonant,

151 2410 184 2432 et
196 2405 336 2432 mitiorem
350 2411 461 2432 sensum
479 2405 610 2438 fundunt,
629 2413 711 2440 quam
726 2398 754 2433 in
769 2410 843 2433 textu
858 2406 966 2433 Latino.
979 2406 1050 2434 Hinc
1064 2405 1186 2441 suspicio
1195 2405 1294 2438 oritur,
1309 2405 1439 2432 Nostrum
1454 2406 1482 2432 in
1497 2405 1592 2433 codice
1608 2413 1658 2434 suo
1670 2406 1789 2436 Ambro-

151 2461 235 2488 siano
248 2468 301 2487 non
318 2459 432 2488 easdem
444 2460 572 2488 habuisse
586 2460 729 2494 lectiones,
742 2469 811 2496 quas
824 2469 898 2489 nunc
913 2461 941 2488 in
955 2462 1066 2490 excusis
1079 2461 1215 2489 Ambrosii
1228 2461 1307 2488 libris
1322 2460 1465 2488 habemus.
1483 2461 1536 2488 Ista
1550 2469 1617 2489 vero
1632 2463 1790 2498 conjectura

153 2520 264 2543 tantum
279 2516 351 2551 apud
364 2523 416 2543 nos
431 2523 487 2543 non
500 2516 597 2549 valuit,
610 2521 642 2544 ut
660 2517 749 2552 abripi
768 2525 819 2544 nos
837 2521 1004 2552 pateremur,
1017 2517 1061 2545 his
1074 2517 1102 2544 in
1119 2517 1187 2545 locis
1201 2521 1304 2545 textum
1319 2517 1446 2545 Latinum
1462 2517 1611 2551 Ambrosii,
1628 2526 1710 2554 quem
1728 2520 1787 2549 edi-

153 2574 224 2602 tioni
247 2573 492 2601 Benedictinorum
508 2573 682 2602 exactissime
701 2574 867 2609 respondere
892 2575 1029 2608 vidimus,
1051 2583 1085 2603 ex
1107 2575 1202 2603 Graeco
1225 2575 1377 2611 reﬁngere,
1405 2583 1440 2603 ne
1461 2575 1534 2603 idem
1557 2578 1791 2608 committeremus

152 2629 268 2662 vitium,
283 2629 313 2658 in
323 2629 398 2665 quod
418 2629 458 2658 illi
477 2630 635 2659 inciderunt
656 2631 704 2667 qui
720 2636 825 2660 textum
845 2639 880 2660 ex
902 2632 1128 2675 interpretatione
1149 2633 1242 2668 aliqua
1263 2633 1409 2660 restituere
1426 2633 1573 2661 temerario
1586 2641 1654 2662 ausu
1671 2634 1790 2672 aggressi

150 2690 233 2715 sunt.
784 2688 786 2690 ’

191 2758 234 2786 Ad
248 2759 337 2786 libros
352 2758 546 2786 Haereticarum
562 2758 718 2787 fabularum
731 2760 892 2789 varietatem
904 2759 1033 2789 lectionis
1043 2759 1232 2796 congessimus
1243 2766 1277 2787 ex
1291 2759 1413 2788 editione
1424 2767 1500 2788 mere
1511 2759 1614 2792 Graeca,
1627 2767 1688 2794 quae
1699 2759 1792 2787 Romae

155 2822 225 2843 ann.
239 2814 317 2847 ιδιπ,
333 2814 405 2846 ὶη-ιι.
422 2814 533 2849 prodiit.
546 2813 643 2849 Opera:
654 2823 763 2851 quoque
776 2817 896 2852 pretium
908 2824 969 2845 esse
981 2816 1112 2844 duximus
1135 2815 1303 2851 Scriptorem
1316 2820 1443 2843 nostrum
1457 2824 1520 2844 cum
1544 2815 1675 2846 Eusebio,
1687 2814 1792 2842 irenseo

322 2862 457 2892 PATROL.
479 2862 536 2892 GR.
559 2862 712 2892 LXXXIII.
1593 2862 1606 2894 ι

955 2998 1021 3033 ιζ
1061 2995 1198 3044 ι’ίιβδ

947 3029 1011 3053 υἷι
1055 3039 1071 3053 ι
1111 3041 1125 3043 -ν

1055 3039 1071 3053 ι
