  <div class='ocr_page' id='page_1' title='image "/cluster/home/n/w/nwhite01/storage/ocr_20150623/83/njp.32101007877440/011.png"; bbox 0 0 1953 3055; ppageno 0'>
   <div class='ocr_carea' id='block_1_1' title="bbox 193 161 964 200">
    <p class='ocr_par' dir='ltr' id='par_1_1' title="bbox 193 161 954 196">
     <span class='ocr_line' id='line_1_1' title="bbox 193 161 954 196; baseline -0.004 0"><span class='ocrx_word' id='word_1_1' title='bbox 193 162 221 196; x_wconf 82' lang='lat' dir='ltr'><strong>il</strong></span> <span class='ocrx_word' id='word_1_2' title='bbox 672 161 802 192; x_wconf 71' lang='lat' dir='ltr'><strong>JOANN.</strong></span> <span class='ocrx_word' id='word_1_3' title='bbox 818 161 954 193; x_wconf 81' lang='lat' dir='ltr'><strong>LUDOV.</strong></span> 
     </span>
    </p>
   </div>
   <div class='ocr_carea' id='block_1_2' title="bbox 1051 161 1822 200">
    <p class='ocr_par' dir='ltr' id='par_1_2' title="bbox 1051 163 1822 200">
     <span class='ocr_line' id='line_1_2' title="bbox 1051 163 1822 200; baseline 0.012 -9"><span class='ocrx_word' id='word_1_4' title='bbox 1051 163 1153 193; x_wconf 88' lang='lat' dir='ltr'><strong>ULZII</strong></span> <span class='ocrx_word' id='word_1_5' title='bbox 1175 164 1383 196; x_wconf 66' lang='grc' dir='ltr'><strong>ΡΒΑΞῈΑΤΙΟ.</strong></span> <span class='ocrx_word' id='word_1_6' title='bbox 1791 167 1822 200; x_wconf 82' lang='grc'><strong>12</strong></span> 
     </span>
    </p>
   </div>
   <div class='ocr_carea' id='block_1_3' title="bbox 189 225 1821 265">
    <p class='ocr_par' dir='ltr' id='par_1_3' title="bbox 189 225 1821 265">
     <span class='ocr_line' id='line_1_3' title="bbox 189 225 1821 265; baseline 0.004 -11"><span class='ocrx_word' id='word_1_7' title='bbox 189 233 218 256; x_wconf 84' lang='lat' dir='ltr'><strong>et</strong></span> <span class='ocrx_word' id='word_1_8' title='bbox 232 227 383 264; x_wconf 85' lang='lat' dir='ltr'><strong>Epiphanio</strong></span> <span class='ocrx_word' id='word_1_9' title='bbox 393 230 596 262; x_wconf 82' lang='lat' dir='ltr'><strong>compurare,et</strong></span> <span class='ocrx_word' id='word_1_10' title='bbox 606 233 666 260; x_wconf 70' lang='lat' dir='ltr'><strong>qua:</strong></span> <span class='ocrx_word' id='word_1_11' title='bbox 679 233 693 252; x_wconf 91' lang='lat' dir='ltr'><strong>a</strong></span> <span class='ocrx_word' id='word_1_12' title='bbox 706 225 980 258; x_wconf 78' lang='lat' dir='ltr'><strong>Petavio,Massucto,</strong></span> <span class='ocrx_word' id='word_1_13' title='bbox 993 226 1104 258; x_wconf 83' lang='lat' dir='ltr'><strong>Grabio,</strong></span> <span class='ocrx_word' id='word_1_14' title='bbox 1116 226 1252 255; x_wconf 85' lang='lat' dir='ltr'><strong>Cotelerio</strong></span> <span class='ocrx_word' id='word_1_15' title='bbox 1264 228 1381 264; x_wconf 81' lang='lat' dir='ltr'><strong>aliisque</strong></span> <span class='ocrx_word' id='word_1_16' title='bbox 1391 229 1447 265; x_wconf 86' lang='lat' dir='ltr'><strong>jam</strong></span> <span class='ocrx_word' id='word_1_17' title='bbox 1461 230 1566 258; x_wconf 93' lang='lat' dir='ltr'><strong>utiliter</strong></span> <span class='ocrx_word' id='word_1_18' title='bbox 1579 232 1723 260; x_wconf 85' lang='lat' dir='ltr'><strong>observata</strong></span> <span class='ocrx_word' id='word_1_19' title='bbox 1733 239 1821 264; x_wconf 79' lang='lat' dir='ltr'><strong>erant.</strong></span> 
     </span>
    </p>
   </div>
   <div class='ocr_carea' id='block_1_4' title="bbox 189 282 1822 322">
    <p class='ocr_par' dir='ltr' id='par_1_4' title="bbox 189 282 1822 322">
     <span class='ocr_line' id='line_1_4' title="bbox 189 282 1822 322; baseline 0.003 -10"><span class='ocrx_word' id='word_1_20' title='bbox 189 285 217 313; x_wconf 94' lang='lat' dir='ltr'><strong>in</strong></span> <span class='ocrx_word' id='word_1_21' title='bbox 235 293 300 313; x_wconf 85' lang='lat' dir='ltr'><strong>usus</strong></span> <span class='ocrx_word' id='word_1_22' title='bbox 316 289 425 312; x_wconf 90' lang='lat' dir='ltr'><strong>nostros</strong></span> <span class='ocrx_word' id='word_1_23' title='bbox 437 288 608 312; x_wconf 78' lang='lat' dir='ltr'><strong>convertere.</strong></span> <span class='ocrx_word' id='word_1_24' title='bbox 625 282 776 310; x_wconf 77' lang='lat' dir='ltr'><strong>Prolixiora</strong></span> <span class='ocrx_word' id='word_1_25' title='bbox 795 282 857 310; x_wconf 89' lang='lat' dir='ltr'><strong>inde</strong></span> <span class='ocrx_word' id='word_1_26' title='bbox 873 287 953 310; x_wconf 86' lang='lat' dir='ltr'><strong>enata</strong></span> <span class='ocrx_word' id='word_1_27' title='bbox 968 286 1033 310; x_wconf 90' lang='lat' dir='ltr'><strong>sunt</strong></span> <span class='ocrx_word' id='word_1_28' title='bbox 1047 283 1162 317; x_wconf 83' lang='lat' dir='ltr'><strong>scholia,</strong></span> <span class='ocrx_word' id='word_1_29' title='bbox 1177 288 1205 311; x_wconf 91' lang='lat' dir='ltr'><strong>et</strong></span> <span class='ocrx_word' id='word_1_30' title='bbox 1218 293 1272 311; x_wconf 88' lang='lat' dir='ltr'><strong>non</strong></span> <span class='ocrx_word' id='word_1_31' title='bbox 1288 285 1475 314; x_wconf 73' lang='lat' dir='ltr'><strong>dubitavimus</strong></span> <span class='ocrx_word' id='word_1_32' title='bbox 1491 288 1590 322; x_wconf 85' lang='lat' dir='ltr'><strong>passim</strong></span> <span class='ocrx_word' id='word_1_33' title='bbox 1603 296 1618 315; x_wconf 92' lang='lat' dir='ltr'><strong>a</strong></span> <span class='ocrx_word' id='word_1_34' title='bbox 1631 289 1748 316; x_wconf 86' lang='lat' dir='ltr'><strong>lectione</strong></span> <span class='ocrx_word' id='word_1_35' title='bbox 1760 289 1822 316; x_wconf 78' lang='lat' dir='ltr'><strong>edi—</strong></span> 
     </span>
    </p>
   </div>
   <div class='ocr_carea' id='block_1_5' title="bbox 190 337 994 372">
    <p class='ocr_par' dir='ltr' id='par_1_5' title="bbox 190 337 994 372">
     <span class='ocr_line' id='line_1_5' title="bbox 190 337 994 372; baseline -0.002 -5"><span class='ocrx_word' id='word_1_36' title='bbox 190 341 272 369; x_wconf 90' lang='lat' dir='ltr'><strong>tionis</strong></span> <span class='ocrx_word' id='word_1_37' title='bbox 289 340 486 367; x_wconf 71' lang='lat' dir='ltr'><strong>Sirmondiana:</strong></span> <span class='ocrx_word' id='word_1_38' title='bbox 501 338 656 370; x_wconf 85' lang='lat' dir='ltr'><strong>deﬂectere,</strong></span> <span class='ocrx_word' id='word_1_39' title='bbox 672 341 702 364; x_wconf 93' lang='lat' dir='ltr'><strong>ut</strong></span> <span class='ocrx_word' id='word_1_40' title='bbox 717 345 778 372; x_wconf 80' lang='lat' dir='ltr'><strong>pag.</strong></span> <span class='ocrx_word' id='word_1_41' title='bbox 796 337 857 370; x_wconf 71' lang='grc'><strong>554,</strong></span> <span class='ocrx_word' id='word_1_42' title='bbox 875 341 903 365; x_wconf 92' lang='lat' dir='ltr'><strong>et</strong></span> <span class='ocrx_word' id='word_1_43' title='bbox 918 338 994 366; x_wconf 80' lang='lat' dir='ltr'><strong>alibi.</strong></span> 
     </span>
    </p>
   </div>
   <div class='ocr_carea' id='block_1_6' title="bbox 224 407 1822 444">
    <p class='ocr_par' dir='ltr' id='par_1_6' title="bbox 224 407 1822 444">
     <span class='ocr_line' id='line_1_6' title="bbox 224 407 1822 444; baseline 0.003 -7"><span class='ocrx_word' id='word_1_44' title='bbox 224 411 340 438; x_wconf 80' lang='lat' dir='ltr'><strong>Textum</strong></span> <span class='ocrx_word' id='word_1_45' title='bbox 353 410 476 437; x_wconf 68' lang='lat' dir='ltr'><strong>Grtecum</strong></span> <span class='ocrx_word' id='word_1_46' title='bbox 488 407 777 443; x_wconf 82' lang='lat' dir='ltr'><strong>praestantissimarum</strong></span> <span class='ocrx_word' id='word_1_47' title='bbox 789 407 823 434; x_wconf 87' lang='lat' dir='ltr'><strong>de</strong></span> <span class='ocrx_word' id='word_1_48' title='bbox 840 407 1017 434; x_wconf 84' lang='lat' dir='ltr'><strong>Providentia</strong></span> <span class='ocrx_word' id='word_1_49' title='bbox 1032 408 1188 435; x_wconf 80' lang='lat' dir='ltr'><strong>orationum</strong></span> <span class='ocrx_word' id='word_1_50' title='bbox 1201 410 1421 444; x_wconf 88' lang='lat' dir='ltr'><strong>comparavimus</strong></span> <span class='ocrx_word' id='word_1_51' title='bbox 1436 419 1498 438; x_wconf 90' lang='lat' dir='ltr'><strong>cum</strong></span> <span class='ocrx_word' id='word_1_52' title='bbox 1510 412 1631 440; x_wconf 75' lang='lat' dir='ltr'><strong>editione</strong></span> <span class='ocrx_word' id='word_1_53' title='bbox 1642 421 1719 441; x_wconf 87' lang='lat' dir='ltr'><strong>mere</strong></span> <span class='ocrx_word' id='word_1_54' title='bbox 1729 414 1822 442; x_wconf 80' lang='lat' dir='ltr'><strong>Graeca</strong></span> 
     </span>
    </p>
   </div>
   <div class='ocr_carea' id='block_1_7' title="bbox 187 465 1821 510">
    <p class='ocr_par' dir='ltr' id='par_1_7' title="bbox 187 465 1821 510">
     <span class='ocr_line' id='line_1_7' title="bbox 187 465 1821 510; baseline 0.005 -16"><span class='ocrx_word' id='word_1_55' title='bbox 187 467 299 495; x_wconf 78' lang='lat' dir='ltr'><strong>Parisiis</strong></span> <span class='ocrx_word' id='word_1_56' title='bbox 314 475 377 494; x_wconf 88' lang='lat' dir='ltr'><strong>ann.</strong></span> <span class='ocrx_word' id='word_1_57' title='bbox 393 466 471 498; x_wconf 77' lang='grc'><strong>1569,</strong></span> <span class='ocrx_word' id='word_1_58' title='bbox 489 466 561 498; x_wconf 90' lang='lat' dir='ltr'><strong>in-8,</strong></span> <span class='ocrx_word' id='word_1_59' title='bbox 577 465 649 501; x_wconf 83' lang='lat' dir='ltr'><strong>typis</strong></span> <span class='ocrx_word' id='word_1_60' title='bbox 661 466 808 501; x_wconf 80' lang='lat' dir='ltr'><strong>exscripta,</strong></span> <span class='ocrx_word' id='word_1_61' title='bbox 825 469 853 494; x_wconf 88' lang='lat' dir='ltr'><strong>et</strong></span> <span class='ocrx_word' id='word_1_62' title='bbox 867 466 896 492; x_wconf 92' lang='lat' dir='ltr'><strong>in</strong></span> <span class='ocrx_word' id='word_1_63' title='bbox 918 466 1072 495; x_wconf 88' lang='lat' dir='ltr'><strong>subsidium</strong></span> <span class='ocrx_word' id='word_1_64' title='bbox 1091 468 1250 496; x_wconf 89' lang='lat' dir='ltr'><strong>vocavimus</strong></span> <span class='ocrx_word' id='word_1_65' title='bbox 1267 468 1523 504; x_wconf 79' lang='lat' dir='ltr'><strong>interpretationem</strong></span> <span class='ocrx_word' id='word_1_66' title='bbox 1538 472 1663 500; x_wconf 84' lang='lat' dir='ltr'><strong>Latinam</strong></span> <span class='ocrx_word' id='word_1_67' title='bbox 1679 473 1821 510; x_wconf 73' lang='lat' dir='ltr'><strong>Rodolphi</strong></span> 
     </span>
    </p>
   </div>
   <div class='ocr_carea' id='block_1_8' title="bbox 185 524 1820 568">
    <p class='ocr_par' dir='ltr' id='par_1_8' title="bbox 185 524 1820 568">
     <span class='ocr_line' id='line_1_8' title="bbox 185 524 1820 568; baseline 0.007 -16"><span class='ocrx_word' id='word_1_68' title='bbox 185 524 337 558; x_wconf 79' lang='lat' dir='ltr'><strong>Gualtheri,</strong></span> <span class='ocrx_word' id='word_1_69' title='bbox 354 534 414 562; x_wconf 77' lang='lat' dir='ltr'><strong>quae</strong></span> <span class='ocrx_word' id='word_1_70' title='bbox 430 526 497 553; x_wconf 86' lang='lat' dir='ltr'><strong>ibid.</strong></span> <span class='ocrx_word' id='word_1_71' title='bbox 512 533 576 553; x_wconf 88' lang='lat' dir='ltr'><strong>ann.</strong></span> <span class='ocrx_word' id='word_1_72' title='bbox 594 525 673 558; x_wconf 85' lang='grc'><strong>1571,</strong></span> <span class='ocrx_word' id='word_1_73' title='bbox 697 525 768 558; x_wconf 79' lang='lat' dir='ltr'><strong>iit-8,</strong></span> <span class='ocrx_word' id='word_1_74' title='bbox 785 525 896 560; x_wconf 88' lang='lat' dir='ltr'><strong>prodiit.</strong></span> <span class='ocrx_word' id='word_1_75' title='bbox 917 526 1065 562; x_wconf 82' lang='lat' dir='ltr'><strong>Utriusque</strong></span> <span class='ocrx_word' id='word_1_76' title='bbox 1082 527 1212 556; x_wconf 86' lang='lat' dir='ltr'><strong>editionis</strong></span> <span class='ocrx_word' id='word_1_77' title='bbox 1228 530 1336 564; x_wconf 87' lang='lat' dir='ltr'><strong>copiam</strong></span> <span class='ocrx_word' id='word_1_78' title='bbox 1351 531 1432 559; x_wconf 88' lang='lat' dir='ltr'><strong>nobis</strong></span> <span class='ocrx_word' id='word_1_79' title='bbox 1446 531 1511 560; x_wconf 82' lang='lat' dir='ltr'><strong>fecit</strong></span> <span class='ocrx_word' id='word_1_80' title='bbox 1533 533 1600 561; x_wconf 79' lang='lat' dir='ltr'><strong>Rev.</strong></span> <span class='ocrx_word' id='word_1_81' title='bbox 1618 534 1753 568; x_wconf 86' lang='lat' dir='ltr'><strong>Schmidt,</strong></span> <span class='ocrx_word' id='word_1_82' title='bbox 1775 543 1820 564; x_wconf 82' lang='lat' dir='ltr'><strong>sa-</strong></span> 
     </span>
    </p>
   </div>
   <div class='ocr_carea' id='block_1_9' title="bbox 185 585 1822 631">
    <p class='ocr_par' dir='ltr' id='par_1_9' title="bbox 185 585 1822 631">
     <span class='ocr_line' id='line_1_9' title="bbox 185 585 1822 631; baseline 0.007 -19"><span class='ocrx_word' id='word_1_83' title='bbox 185 592 295 612; x_wconf 87' lang='lat' dir='ltr'><strong>crorum</strong></span> <span class='ocrx_word' id='word_1_84' title='bbox 310 585 382 621; x_wconf 82' lang='lat' dir='ltr'><strong>apud</strong></span> <span class='ocrx_word' id='word_1_85' title='bbox 394 586 576 614; x_wconf 83' lang='lat' dir='ltr'><strong>Dobrizenses</strong></span> <span class='ocrx_word' id='word_1_86' title='bbox 598 586 722 618; x_wconf 83' lang='lat' dir='ltr'><strong>antistes,</strong></span> <span class='ocrx_word' id='word_1_87' title='bbox 738 586 782 613; x_wconf 93' lang='lat' dir='ltr'><strong>cui</strong></span> <span class='ocrx_word' id='word_1_88' title='bbox 796 586 906 621; x_wconf 88' lang='lat' dir='ltr'><strong>publice</strong></span> <span class='ocrx_word' id='word_1_89' title='bbox 927 587 1039 622; x_wconf 75' lang='lat' dir='ltr'><strong>agendae</strong></span> <span class='ocrx_word' id='word_1_90' title='bbox 1060 592 1125 615; x_wconf 86' lang='lat' dir='ltr'><strong>sunt</strong></span> <span class='ocrx_word' id='word_1_91' title='bbox 1146 590 1248 625; x_wconf 80' lang='lat' dir='ltr'><strong>gratiae.</strong></span> <span class='ocrx_word' id='word_1_92' title='bbox 1262 590 1402 619; x_wconf 90' lang='lat' dir='ltr'><strong>Sirmondi</strong></span> <span class='ocrx_word' id='word_1_93' title='bbox 1422 597 1527 620; x_wconf 83' lang='lat' dir='ltr'><strong>textum</strong></span> <span class='ocrx_word' id='word_1_94' title='bbox 1546 594 1649 629; x_wconf 89' lang='lat' dir='ltr'><strong>passim</strong></span> <span class='ocrx_word' id='word_1_95' title='bbox 1670 595 1822 631; x_wconf 76' lang='lat' dir='ltr'><strong>integritati</strong></span> 
     </span>
    </p>
   </div>
   <div class='ocr_carea' id='block_1_10' title="bbox 186 644 1821 688">
    <p class='ocr_par' dir='ltr' id='par_1_10' title="bbox 186 644 1821 688">
     <span class='ocr_line' id='line_1_10' title="bbox 186 644 1821 688; baseline 0.007 -18"><span class='ocrx_word' id='word_1_96' title='bbox 186 650 242 671; x_wconf 66' lang='lat' dir='ltr'><strong>sure</strong></span> <span class='ocrx_word' id='word_1_97' title='bbox 270 645 416 672; x_wconf 89' lang='lat' dir='ltr'><strong>restituere</strong></span> <span class='ocrx_word' id='word_1_98' title='bbox 448 644 543 676; x_wconf 87' lang='lat' dir='ltr'><strong>licuit,</strong></span> <span class='ocrx_word' id='word_1_99' title='bbox 576 644 729 679; x_wconf 90' lang='lat' dir='ltr'><strong>supplendo</strong></span> <span class='ocrx_word' id='word_1_100' title='bbox 758 652 819 679; x_wconf 71' lang='lat' dir='ltr'><strong>qua:</strong></span> <span class='ocrx_word' id='word_1_101' title='bbox 843 646 963 678; x_wconf 85' lang='lat' dir='ltr'><strong>omissa,</strong></span> <span class='ocrx_word' id='word_1_102' title='bbox 983 647 1159 683; x_wconf 73' lang='lat' dir='ltr'><strong>corrigendo</strong></span> <span class='ocrx_word' id='word_1_103' title='bbox 1190 657 1250 684; x_wconf 76' lang='lat' dir='ltr'><strong>quae</strong></span> <span class='ocrx_word' id='word_1_104' title='bbox 1281 650 1374 679; x_wconf 86' lang='lat' dir='ltr'><strong>minus</strong></span> <span class='ocrx_word' id='word_1_105' title='bbox 1402 656 1478 680; x_wconf 90' lang='lat' dir='ltr'><strong>recte</strong></span> <span class='ocrx_word' id='word_1_106' title='bbox 1510 660 1640 688; x_wconf 79' lang='lat' dir='ltr'><strong>expressa</strong></span> <span class='ocrx_word' id='word_1_107' title='bbox 1670 660 1766 688; x_wconf 90' lang='lat' dir='ltr'><strong>erant,</strong></span> <span class='ocrx_word' id='word_1_108' title='bbox 1790 658 1821 684; x_wconf 90' lang='lat' dir='ltr'><strong>ut</strong></span> 
     </span>
    </p>
   </div>
   <div class='ocr_carea' id='block_1_11' title="bbox 185 702 326 737">
    <p class='ocr_par' dir='ltr' id='par_1_11' title="bbox 185 702 326 737">
     <span class='ocr_line' id='line_1_11' title="bbox 185 702 326 737; baseline 0 -9"><span class='ocrx_word' id='word_1_109' title='bbox 185 709 246 737; x_wconf 78' lang='lat' dir='ltr'><strong>pag.</strong></span> <span class='ocrx_word' id='word_1_110' title='bbox 264 702 326 729; x_wconf 71' lang='lat'><strong>527.</strong></span> 
     </span>
    </p>
   </div>
   <div class='ocr_carea' id='block_1_12' title="bbox 220 769 1819 817">
    <p class='ocr_par' dir='ltr' id='par_1_12' title="bbox 220 769 1819 817">
     <span class='ocr_line' id='line_1_12' title="bbox 220 769 1819 817; baseline 0.008 -22"><span class='ocrx_word' id='word_1_111' title='bbox 220 769 288 796; x_wconf 86' lang='lat' dir='ltr'><strong>Cum</strong></span> <span class='ocrx_word' id='word_1_112' title='bbox 306 769 339 796; x_wconf 87' lang='lat' dir='ltr'><strong>ad</strong></span> <span class='ocrx_word' id='word_1_113' title='bbox 356 769 502 797; x_wconf 87' lang='lat' dir='ltr'><strong>duodecim</strong></span> <span class='ocrx_word' id='word_1_114' title='bbox 519 769 604 797; x_wconf 87' lang='lat' dir='ltr'><strong>libros</strong></span> <span class='ocrx_word' id='word_1_115' title='bbox 616 769 661 798; x_wconf 86' lang='lat' dir='ltr'><strong>De</strong></span> <span class='ocrx_word' id='word_1_116' title='bbox 672 770 802 799; x_wconf 84' lang='lat' dir='ltr'><strong>curandis</strong></span> <span class='ocrx_word' id='word_1_117' title='bbox 819 771 981 800; x_wconf 76' lang='lat' dir='ltr'><strong>Graecorum</strong></span> <span class='ocrx_word' id='word_1_118' title='bbox 1003 773 1368 806; x_wconf 64' lang='lat' dir='ltr'><strong>auectionibusveniremus</strong></span> <span class='ocrx_word' id='word_1_119' title='bbox 1379 778 1429 815; x_wconf 89' lang='lat' dir='ltr'><strong>(a),</strong></span> <span class='ocrx_word' id='word_1_120' title='bbox 1443 779 1516 808; x_wconf 87' lang='lat' dir='ltr'><strong>haud</strong></span> <span class='ocrx_word' id='word_1_121' title='bbox 1527 782 1695 817; x_wconf 78' lang='lat' dir='ltr'><strong>negligendae</strong></span> <span class='ocrx_word' id='word_1_122' title='bbox 1705 781 1819 810; x_wconf 79' lang='lat' dir='ltr'><strong>fuerunt</strong></span> 
     </span>
    </p>
   </div>
   <div class='ocr_carea' id='block_1_13' title="bbox 184 827 1820 872">
    <p class='ocr_par' dir='ltr' id='par_1_13' title="bbox 184 827 1820 872">
     <span class='ocr_line' id='line_1_13' title="bbox 184 827 1820 872; baseline 0.01 -18"><span class='ocrx_word' id='word_1_123' title='bbox 184 827 270 854; x_wconf 81' lang='lat' dir='ltr'><strong>Fulvii</strong></span> <span class='ocrx_word' id='word_1_124' title='bbox 293 827 385 855; x_wconf 87' lang='lat' dir='ltr'><strong>Ursini</strong></span> <span class='ocrx_word' id='word_1_125' title='bbox 404 827 611 856; x_wconf 86' lang='lat' dir='ltr'><strong>emendationes</strong></span> <span class='ocrx_word' id='word_1_126' title='bbox 631 836 665 856; x_wconf 85' lang='lat' dir='ltr'><strong>ex</strong></span> <span class='ocrx_word' id='word_1_127' title='bbox 680 829 801 865; x_wconf 87' lang='lat' dir='ltr'><strong>antiquis</strong></span> <span class='ocrx_word' id='word_1_128' title='bbox 813 830 997 866; x_wconf 86' lang='lat' dir='ltr'><strong>potissimum</strong></span> <span class='ocrx_word' id='word_1_129' title='bbox 1013 833 1094 862; x_wconf 75' lang='lat' dir='ltr'><strong>libris</strong></span> <span class='ocrx_word' id='word_1_130' title='bbox 1107 835 1238 869; x_wconf 64' lang='lat' dir='ltr'><strong>collectae,</strong></span> <span class='ocrx_word' id='word_1_131' title='bbox 1252 845 1321 872; x_wconf 87' lang='lat' dir='ltr'><strong>quas</strong></span> <span class='ocrx_word' id='word_1_132' title='bbox 1340 838 1490 867; x_wconf 88' lang='lat' dir='ltr'><strong>Garnerius</strong></span> <span class='ocrx_word' id='word_1_133' title='bbox 1504 841 1629 869; x_wconf 83' lang='lat' dir='ltr'><strong>exhibuit</strong></span> <span class='ocrx_word' id='word_1_134' title='bbox 1646 843 1675 869; x_wconf 90' lang='lat' dir='ltr'><strong>in</strong></span> <span class='ocrx_word' id='word_1_135' title='bbox 1688 842 1820 871; x_wconf 85' lang='lat' dir='ltr'><strong>Auctario</strong></span> 
     </span>
    </p>
   </div>
   <div class='ocr_carea' id='block_1_14' title="bbox 183 884 1817 931">
    <p class='ocr_par' dir='ltr' id='par_1_14' title="bbox 183 884 1817 931">
     <span class='ocr_line' id='line_1_14' title="bbox 183 884 1817 931; baseline 0.01 -19"><span class='ocrx_word' id='word_1_136' title='bbox 183 892 244 917; x_wconf 86' lang='lat' dir='ltr'><strong>suo,</strong></span> <span class='ocrx_word' id='word_1_137' title='bbox 259 892 321 919; x_wconf 84' lang='lat' dir='ltr'><strong>pag.</strong></span> <span class='ocrx_word' id='word_1_138' title='bbox 337 884 466 912; x_wconf 61' lang='lat'><strong>505-456.</strong></span> <span class='ocrx_word' id='word_1_139' title='bbox 483 885 531 913; x_wconf 89' lang='lat' dir='ltr'><strong>His</strong></span> <span class='ocrx_word' id='word_1_140' title='bbox 545 885 638 913; x_wconf 90' lang='lat' dir='ltr'><strong>Ursini</strong></span> <span class='ocrx_word' id='word_1_141' title='bbox 651 886 833 916; x_wconf 89' lang='lat' dir='ltr'><strong>Collectaneis</strong></span> <span class='ocrx_word' id='word_1_142' title='bbox 846 889 886 917; x_wconf 91' lang='lat' dir='ltr'><strong>sic</strong></span> <span class='ocrx_word' id='word_1_143' title='bbox 898 890 941 917; x_wconf 90' lang='lat' dir='ltr'><strong>usi</strong></span> <span class='ocrx_word' id='word_1_144' title='bbox 959 899 1065 925; x_wconf 90' lang='lat' dir='ltr'><strong>sumus,</strong></span> <span class='ocrx_word' id='word_1_145' title='bbox 1084 896 1114 919; x_wconf 94' lang='lat' dir='ltr'><strong>ut</strong></span> <span class='ocrx_word' id='word_1_146' title='bbox 1133 901 1193 928; x_wconf 70' lang='lat' dir='ltr'><strong>quae</strong></span> <span class='ocrx_word' id='word_1_147' title='bbox 1211 898 1307 922; x_wconf 88' lang='lat' dir='ltr'><strong>notatu</strong></span> <span class='ocrx_word' id='word_1_148' title='bbox 1325 895 1449 931; x_wconf 83' lang='lat' dir='ltr'><strong>digniora</strong></span> <span class='ocrx_word' id='word_1_149' title='bbox 1463 902 1527 925; x_wconf 92' lang='lat' dir='ltr'><strong>sunt</strong></span> <span class='ocrx_word' id='word_1_150' title='bbox 1541 899 1569 926; x_wconf 89' lang='lat' dir='ltr'><strong>in</strong></span> <span class='ocrx_word' id='word_1_151' title='bbox 1582 899 1693 926; x_wconf 88' lang='lat' dir='ltr'><strong>scholiis</strong></span> <span class='ocrx_word' id='word_1_152' title='bbox 1705 901 1817 928; x_wconf 54' lang='lat' dir='ltr'><strong>nostris,</strong></span> 
     </span>
    </p>
   </div>
   <div class='ocr_carea' id='block_1_15' title="bbox 183 942 1818 986">
    <p class='ocr_par' dir='ltr' id='par_1_15' title="bbox 183 942 1818 986">
     <span class='ocr_line' id='line_1_15' title="bbox 183 942 1818 986; baseline 0.012 -18"><span class='ocrx_word' id='word_1_153' title='bbox 183 943 273 970; x_wconf 86' lang='lat' dir='ltr'><strong>littera</strong></span> <span class='ocrx_word' id='word_1_154' title='bbox 287 942 310 970; x_wconf 92' lang='lat' dir='ltr'>U</span> <span class='ocrx_word' id='word_1_155' title='bbox 321 943 472 978; x_wconf 65' lang='lat' dir='ltr'><strong>praemissa,</strong></span> <span class='ocrx_word' id='word_1_156' title='bbox 496 944 592 978; x_wconf 84' lang='lat' dir='ltr'><strong>paucis</strong></span> <span class='ocrx_word' id='word_1_157' title='bbox 606 945 864 980; x_wconf 83' lang='lat' dir='ltr'><strong>complecteremur.</strong></span> <span class='ocrx_word' id='word_1_158' title='bbox 881 948 931 976; x_wconf 86' lang='lat' dir='ltr'><strong>His</strong></span> <span class='ocrx_word' id='word_1_159' title='bbox 943 954 1120 978; x_wconf 85' lang='lat' dir='ltr'><strong>accesserunt</strong></span> <span class='ocrx_word' id='word_1_160' title='bbox 1135 952 1219 980; x_wconf 85' lang='lat' dir='ltr'><strong>variae</strong></span> <span class='ocrx_word' id='word_1_161' title='bbox 1239 952 1373 981; x_wconf 85' lang='lat' dir='ltr'><strong>lectiones</strong></span> <span class='ocrx_word' id='word_1_162' title='bbox 1386 963 1401 983; x_wconf 92' lang='lat' dir='ltr'><strong>e</strong></span> <span class='ocrx_word' id='word_1_163' title='bbox 1418 955 1527 983; x_wconf 88' lang='lat' dir='ltr'><strong>duobus</strong></span> <span class='ocrx_word' id='word_1_164' title='bbox 1544 957 1687 985; x_wconf 90' lang='lat' dir='ltr'><strong>codicibus</strong></span> <span class='ocrx_word' id='word_1_165' title='bbox 1703 959 1818 986; x_wconf 83' lang='lat' dir='ltr'><strong>Floren-</strong></span> 
     </span>
    </p>
   </div>
   <div class='ocr_carea' id='block_1_16' title="bbox 182 999 1820 1046">
    <p class='ocr_par' dir='ltr' id='par_1_16' title="bbox 182 999 1820 1046">
     <span class='ocr_line' id='line_1_16' title="bbox 182 999 1820 1046; baseline 0.01 -21"><span class='ocrx_word' id='word_1_166' title='bbox 182 1000 248 1027; x_wconf 85' lang='lat' dir='ltr'><strong>tinis</strong></span> <span class='ocrx_word' id='word_1_167' title='bbox 261 999 420 1034; x_wconf 70' lang='lat' dir='ltr'><strong>desumptte.</strong></span> <span class='ocrx_word' id='word_1_168' title='bbox 433 999 571 1036; x_wconf 84' lang='lat' dir='ltr'><strong>Sylburgii</strong></span> <span class='ocrx_word' id='word_1_169' title='bbox 583 1000 714 1034; x_wconf 87' lang='lat' dir='ltr'><strong>editione,</strong></span> <span class='ocrx_word' id='word_1_170' title='bbox 722 1010 783 1037; x_wconf 83' lang='lat' dir='ltr'><strong>quae</strong></span> <span class='ocrx_word' id='word_1_171' title='bbox 794 1002 982 1040; x_wconf 72' lang='lat' dir='ltr'><strong>Heidelbergae</strong></span> <span class='ocrx_word' id='word_1_172' title='bbox 990 1014 1054 1033; x_wconf 87' lang='lat' dir='ltr'><strong>ann.</strong></span> <span class='ocrx_word' id='word_1_173' title='bbox 1063 1006 1139 1040; x_wconf 77' lang='grc'><strong>1592,</strong></span> <span class='ocrx_word' id='word_1_174' title='bbox 1154 1007 1258 1041; x_wconf 77' lang='lat' dir='ltr'><strong>in-t‘ol.,</strong></span> <span class='ocrx_word' id='word_1_175' title='bbox 1267 1009 1380 1044; x_wconf 84' lang='lat' dir='ltr'><strong>prodiit,</strong></span> <span class='ocrx_word' id='word_1_176' title='bbox 1395 1010 1450 1038; x_wconf 89' lang='lat' dir='ltr'><strong>frui</strong></span> <span class='ocrx_word' id='word_1_177' title='bbox 1465 1011 1575 1039; x_wconf 92' lang='lat' dir='ltr'><strong>demum</strong></span> <span class='ocrx_word' id='word_1_178' title='bbox 1587 1012 1675 1046; x_wconf 90' lang='lat' dir='ltr'><strong>licuit,</strong></span> <span class='ocrx_word' id='word_1_179' title='bbox 1689 1022 1751 1041; x_wconf 90' lang='lat' dir='ltr'><strong>cum</strong></span> <span class='ocrx_word' id='word_1_180' title='bbox 1764 1019 1820 1042; x_wconf 83' lang='lat' dir='ltr'><strong>tres</strong></span> 
     </span>
    </p>
   </div>
   <div class='ocr_carea' id='block_1_17' title="bbox 182 1057 1818 1108">
    <p class='ocr_par' dir='ltr' id='par_1_17' title="bbox 182 1057 1818 1108">
     <span class='ocr_line' id='line_1_17' title="bbox 182 1057 1818 1108; baseline 0.012 -25"><span class='ocrx_word' id='word_1_181' title='bbox 182 1058 288 1093; x_wconf 83' lang='lat' dir='ltr'><strong>priores</strong></span> <span class='ocrx_word' id='word_1_182' title='bbox 305 1057 370 1085; x_wconf 89' lang='lat' dir='ltr'><strong>libri</strong></span> <span class='ocrx_word' id='word_1_183' title='bbox 387 1058 443 1093; x_wconf 91' lang='lat' dir='ltr'><strong>jam</strong></span> <span class='ocrx_word' id='word_1_184' title='bbox 464 1058 535 1094; x_wconf 83' lang='lat' dir='ltr'><strong>typis</strong></span> <span class='ocrx_word' id='word_1_185' title='bbox 548 1059 677 1094; x_wconf 78' lang='lat' dir='ltr'><strong>exseripti</strong></span> <span class='ocrx_word' id='word_1_186' title='bbox 691 1065 795 1088; x_wconf 85' lang='lat' dir='ltr'><strong>essent.</strong></span> <span class='ocrx_word' id='word_1_187' title='bbox 806 1061 1047 1093; x_wconf 61' lang='lat' dir='ltr'><strong>’Constitueramus</strong></span> <span class='ocrx_word' id='word_1_188' title='bbox 1063 1067 1175 1101; x_wconf 79' lang='lat' dir='ltr'><strong>quidem</strong></span> <span class='ocrx_word' id='word_1_189' title='bbox 1202 1075 1234 1094; x_wconf 87' lang='lat' dir='ltr'><strong>ea</strong></span> <span class='ocrx_word' id='word_1_190' title='bbox 1248 1075 1309 1103; x_wconf 85' lang='lat' dir='ltr'><strong>quae</strong></span> <span class='ocrx_word' id='word_1_191' title='bbox 1331 1069 1365 1096; x_wconf 90' lang='lat' dir='ltr'><strong>ad</strong></span> <span class='ocrx_word' id='word_1_192' title='bbox 1386 1070 1438 1098; x_wconf 90' lang='lat' dir='ltr'><strong>hos</strong></span> <span class='ocrx_word' id='word_1_193' title='bbox 1458 1071 1545 1100; x_wconf 88' lang='lat' dir='ltr'><strong>libros</strong></span> <span class='ocrx_word' id='word_1_194' title='bbox 1559 1073 1664 1108; x_wconf 87' lang='lat' dir='ltr'><strong>reliqua</strong></span> <span class='ocrx_word' id='word_1_195' title='bbox 1678 1079 1751 1107; x_wconf 90' lang='lat' dir='ltr'><strong>sunt,</strong></span> <span class='ocrx_word' id='word_1_196' title='bbox 1765 1075 1818 1104; x_wconf 91' lang='lat' dir='ltr'><strong>hoc</strong></span> 
     </span>
    </p>
   </div>
   <div class='ocr_carea' id='block_1_18' title="bbox 182 1110 1818 1167">
    <p class='ocr_par' dir='ltr' id='par_1_18' title="bbox 182 1110 1818 1167">
     <span class='ocr_line' id='line_1_18' title="bbox 182 1110 1818 1167; baseline 0.013 -29"><span class='ocrx_word' id='word_1_197' title='bbox 182 1112 242 1139; x_wconf 89' lang='lat' dir='ltr'><strong>loco</strong></span> <span class='ocrx_word' id='word_1_198' title='bbox 255 1113 401 1147; x_wconf 82' lang='lat' dir='ltr'><strong>supplere;</strong></span> <span class='ocrx_word' id='word_1_199' title='bbox 414 1113 462 1140; x_wconf 90' lang='lat' dir='ltr'><strong>sed</strong></span> <span class='ocrx_word' id='word_1_200' title='bbox 476 1113 512 1141; x_wconf 92' lang='lat' dir='ltr'><strong>ob</strong></span> <span class='ocrx_word' id='word_1_201' title='bbox 526 1114 658 1149; x_wconf 81' lang='lat' dir='ltr'><strong>temporis</strong></span> <span class='ocrx_word' id='word_1_202' title='bbox 670 1118 699 1143; x_wconf 89' lang='lat' dir='ltr'><strong>et</strong></span> <span class='ocrx_word' id='word_1_203' title='bbox 711 1116 764 1144; x_wconf 91' lang='lat' dir='ltr'><strong>loci</strong></span> <span class='ocrx_word' id='word_1_204' title='bbox 771 1118 1097 1153; x_wconf 58' lang='lat' dir='ltr'><strong>angustiamvconsilium</strong></span> <span class='ocrx_word' id='word_1_205' title='bbox 1119 1121 1187 1149; x_wconf 89' lang='lat' dir='ltr'><strong>illud</strong></span> <span class='ocrx_word' id='word_1_206' title='bbox 1207 1124 1384 1152; x_wconf 85' lang='lat' dir='ltr'><strong>mutavimus.</strong></span> <span class='ocrx_word' id='word_1_207' title='bbox 1401 1126 1497 1162; x_wconf 75' lang='lat' dir='ltr'><strong>Aptior</strong></span> <span class='ocrx_word' id='word_1_208' title='bbox 1511 1128 1554 1156; x_wconf 91' lang='lat' dir='ltr'><strong>his</strong></span> <span class='ocrx_word' id='word_1_209' title='bbox 1570 1126 1686 1165; x_wconf 82' lang='lat' dir='ltr'><strong>aliisque</strong></span> <span class='ocrx_word' id='word_1_210' title='bbox 1702 1110 1818 1167; x_wconf 78' lang='lat' dir='ltr'><strong>Supple-</strong></span> 
     </span>
    </p>
   </div>
   <div class='ocr_carea' id='block_1_19' title="bbox 181 1171 687 1208">
    <p class='ocr_par' dir='ltr' id='par_1_19' title="bbox 181 1171 687 1208">
     <span class='ocr_line' id='line_1_19' title="bbox 181 1171 687 1208; baseline 0.002 -8"><span class='ocrx_word' id='word_1_211' title='bbox 181 1171 283 1200; x_wconf 87' lang='lat' dir='ltr'><strong>mentis</strong></span> <span class='ocrx_word' id='word_1_212' title='bbox 293 1171 371 1199; x_wconf 88' lang='lat' dir='ltr'><strong>locus</strong></span> <span class='ocrx_word' id='word_1_213' title='bbox 381 1171 435 1199; x_wconf 89' lang='lat' dir='ltr'><strong>erit</strong></span> <span class='ocrx_word' id='word_1_214' title='bbox 449 1171 477 1199; x_wconf 91' lang='lat' dir='ltr'><strong>in</strong></span> <span class='ocrx_word' id='word_1_215' title='bbox 491 1175 567 1200; x_wconf 90' lang='lat' dir='ltr'><strong>tomo</strong></span> <span class='ocrx_word' id='word_1_216' title='bbox 581 1173 687 1208; x_wconf 86' lang='lat' dir='ltr'><strong>quinto.</strong></span> 
     </span>
    </p>
   </div>
   <div class='ocr_carea' id='block_1_20' title="bbox 215 1238 1816 1290">
    <p class='ocr_par' dir='ltr' id='par_1_20' title="bbox 215 1238 1816 1290">
     <span class='ocr_line' id='line_1_20' title="bbox 215 1238 1816 1290; baseline 0.013 -26"><span class='ocrx_word' id='word_1_217' title='bbox 215 1238 281 1271; x_wconf 68' lang='lat' dir='ltr'><strong>Qum</strong></span> <span class='ocrx_word' id='word_1_218' title='bbox 294 1239 328 1266; x_wconf 88' lang='lat' dir='ltr'><strong>de</strong></span> <span class='ocrx_word' id='word_1_219' title='bbox 344 1239 500 1274; x_wconf 85' lang='lat' dir='ltr'><strong>Appendice</strong></span> <span class='ocrx_word' id='word_1_220' title='bbox 513 1240 631 1269; x_wconf 87' lang='lat' dir='ltr'><strong>dicenda</strong></span> <span class='ocrx_word' id='word_1_221' title='bbox 643 1247 747 1276; x_wconf 86' lang='lat' dir='ltr'><strong>essent,</strong></span> <span class='ocrx_word' id='word_1_222' title='bbox 760 1243 817 1279; x_wconf 89' lang='lat' dir='ltr'><strong>jam</strong></span> <span class='ocrx_word' id='word_1_223' title='bbox 831 1246 1000 1279; x_wconf 88' lang='lat' dir='ltr'><strong>monuimus,</strong></span> <span class='ocrx_word' id='word_1_224' title='bbox 1013 1254 1074 1282; x_wconf 83' lang='lat' dir='ltr'><strong>pag.</strong></span> <span class='ocrx_word' id='word_1_225' title='bbox 1089 1247 1168 1276; x_wconf 78' lang='grc'><strong>1011.</strong></span> <span class='ocrx_word' id='word_1_226' title='bbox 1181 1248 1221 1276; x_wconf 91' lang='lat' dir='ltr'><strong>De</strong></span> <span class='ocrx_word' id='word_1_227' title='bbox 1236 1250 1332 1279; x_wconf 89' lang='lat' dir='ltr'><strong>ordine</strong></span> <span class='ocrx_word' id='word_1_228' title='bbox 1346 1257 1449 1286; x_wconf 88' lang='lat' dir='ltr'><strong>autem,</strong></span> <span class='ocrx_word' id='word_1_229' title='bbox 1466 1261 1521 1289; x_wconf 91' lang='lat' dir='ltr'><strong>quo</strong></span> <span class='ocrx_word' id='word_1_230' title='bbox 1537 1254 1671 1290; x_wconf 66' lang='lat' dir='ltr'><strong>‘Epistola:</strong></span> <span class='ocrx_word' id='word_1_231' title='bbox 1689 1255 1816 1284; x_wconf 87' lang='lat' dir='ltr'><strong>Theodo-</strong></span> 
     </span>
    </p>
   </div>
   <div class='ocr_carea' id='block_1_21' title="bbox 179 1292 1817 1346">
    <p class='ocr_par' dir='ltr' id='par_1_21' title="bbox 179 1292 1817 1346">
     <span class='ocr_line' id='line_1_21' title="bbox 179 1292 1817 1346; baseline 0.012 -27"><span class='ocrx_word' id='word_1_232' title='bbox 179 1292 232 1321; x_wconf 81' lang='lat' dir='ltr'><strong>reti</strong></span> <span class='ocrx_word' id='word_1_233' title='bbox 250 1293 278 1320; x_wconf 93' lang='lat' dir='ltr'><strong>in</strong></span> <span class='ocrx_word' id='word_1_234' title='bbox 297 1293 350 1321; x_wconf 86' lang='lat' dir='ltr'><strong>hoc</strong></span> <span class='ocrx_word' id='word_1_235' title='bbox 364 1294 503 1322; x_wconf 86' lang='lat' dir='ltr'><strong>volumine</strong></span> <span class='ocrx_word' id='word_1_236' title='bbox 519 1294 660 1330; x_wconf 64' lang='lat' dir='ltr'><strong>disposita:</strong></span> <span class='ocrx_word' id='word_1_237' title='bbox 672 1301 754 1331; x_wconf 86' lang='lat' dir='ltr'><strong>sunt,</strong></span> <span class='ocrx_word' id='word_1_238' title='bbox 780 1298 853 1326; x_wconf 88' lang='lat' dir='ltr'><strong>dicet</strong></span> <span class='ocrx_word' id='word_1_239' title='bbox 869 1299 901 1327; x_wconf 71' lang='grc' dir='ltr'><strong>γ.</strong></span> <span class='ocrx_word' id='word_1_240' title='bbox 918 1300 948 1328; x_wconf 80' lang='grc' dir='ltr'><strong>ν.</strong></span> <span class='ocrx_word' id='word_1_241' title='bbox 964 1300 1007 1329; x_wconf 82' lang='lat' dir='ltr'><strong>Jo.</strong></span> <span class='ocrx_word' id='word_1_242' title='bbox 1027 1301 1098 1338; x_wconf 77' lang='lat' dir='ltr'><strong>Aug.</strong></span> <span class='ocrx_word' id='word_1_243' title='bbox 1120 1303 1254 1337; x_wconf 75' lang='lat' dir='ltr'><strong>Nmsselt,</strong></span> <span class='ocrx_word' id='word_1_244' title='bbox 1277 1305 1321 1332; x_wconf 91' lang='lat' dir='ltr'><strong>cui</strong></span> <span class='ocrx_word' id='word_1_245' title='bbox 1343 1306 1476 1341; x_wconf 89' lang='lat' dir='ltr'><strong>plurimas</strong></span> <span class='ocrx_word' id='word_1_246' title='bbox 1497 1308 1629 1337; x_wconf 87' lang='lat' dir='ltr'><strong>debemus</strong></span> <span class='ocrx_word' id='word_1_247' title='bbox 1646 1311 1747 1345; x_wconf 76' lang='lat' dir='ltr'><strong>gratias</strong></span> <span class='ocrx_word' id='word_1_248' title='bbox 1767 1319 1817 1346; x_wconf 92' lang='lat' dir='ltr'><strong>pro</strong></span> 
     </span>
    </p>
   </div>
   <div class='ocr_carea' id='block_1_22' title="bbox 179 1349 1815 1400">
    <p class='ocr_par' dir='ltr' id='par_1_22' title="bbox 179 1349 1815 1400">
     <span class='ocr_line' id='line_1_22' title="bbox 179 1349 1815 1400; baseline 0.013 -26"><span class='ocrx_word' id='word_1_249' title='bbox 179 1349 281 1376; x_wconf 81' lang='lat' dir='ltr'><strong>eximio</strong></span> <span class='ocrx_word' id='word_1_250' title='bbox 294 1349 385 1376; x_wconf 88' lang='lat' dir='ltr'><strong>studio</strong></span> <span class='ocrx_word' id='word_1_251' title='bbox 399 1349 473 1384; x_wconf 89' lang='lat' dir='ltr'><strong>quod</strong></span> <span class='ocrx_word' id='word_1_252' title='bbox 485 1350 513 1378; x_wconf 94' lang='lat' dir='ltr'><strong>in</strong></span> <span class='ocrx_word' id='word_1_253' title='bbox 528 1350 688 1380; x_wconf 87' lang='lat' dir='ltr'><strong>adornando</strong></span> <span class='ocrx_word' id='word_1_254' title='bbox 705 1356 780 1380; x_wconf 88' lang='lat' dir='ltr'><strong>tomo</strong></span> <span class='ocrx_word' id='word_1_255' title='bbox 792 1354 875 1381; x_wconf 87' lang='lat' dir='ltr'><strong>tertio</strong></span> <span class='ocrx_word' id='word_1_256' title='bbox 888 1356 990 1390; x_wconf 80' lang='lat' dir='ltr'><strong>posuit,</strong></span> <span class='ocrx_word' id='word_1_257' title='bbox 1004 1357 1083 1394; x_wconf 85' lang='lat' dir='ltr'><strong>cujus</strong></span> <span class='ocrx_word' id='word_1_258' title='bbox 1095 1362 1203 1393; x_wconf 90' lang='lat' dir='ltr'><strong>partem</strong></span> <span class='ocrx_word' id='word_1_259' title='bbox 1218 1360 1347 1396; x_wconf 60' lang='lat' dir='ltr'><strong>Epistola</strong></span> <span class='ocrx_word' id='word_1_260' title='bbox 1361 1363 1414 1390; x_wconf 78' lang='lat' dir='ltr'><strong>illae</strong></span> <span class='ocrx_word' id='word_1_261' title='bbox 1427 1364 1642 1394; x_wconf 83' lang='lat' dir='ltr'><strong>constituebant.</strong></span> <span class='ocrx_word' id='word_1_262' title='bbox 1660 1366 1738 1400; x_wconf 85' lang='lat' dir='ltr'><strong>Quod</strong></span> <span class='ocrx_word' id='word_1_263' title='bbox 1754 1368 1815 1395; x_wconf 90' lang='lat' dir='ltr'><strong>reli-</strong></span> 
     </span>
    </p>
   </div>
   <div class='ocr_carea' id='block_1_23' title="bbox 179 1407 1814 1466">
    <p class='ocr_par' dir='ltr' id='par_1_23' title="bbox 179 1407 1814 1466">
     <span class='ocr_line' id='line_1_23' title="bbox 179 1407 1814 1466; baseline 0.013 -33"><span class='ocrx_word' id='word_1_264' title='bbox 179 1415 263 1443; x_wconf 87' lang='lat' dir='ltr'><strong>quum</strong></span> <span class='ocrx_word' id='word_1_265' title='bbox 285 1411 328 1435; x_wconf 88' lang='lat' dir='ltr'><strong>est</strong></span> <span class='ocrx_word' id='word_1_266' title='bbox 352 1407 439 1434; x_wconf 89' lang='lat' dir='ltr'><strong>Deum</strong></span> <span class='ocrx_word' id='word_1_267' title='bbox 451 1407 483 1433; x_wconf 87' lang='grc' dir='ltr'><strong>Τ.</strong></span> <span class='ocrx_word' id='word_1_268' title='bbox 497 1407 530 1435; x_wconf 93' lang='grc'><strong>0.</strong></span> <span class='ocrx_word' id='word_1_269' title='bbox 546 1407 581 1435; x_wconf 84' lang='grc' dir='ltr'><strong>Μ.</strong></span> <span class='ocrx_word' id='word_1_270' title='bbox 594 1415 750 1443; x_wconf 78' lang='lat' dir='ltr'><strong>precamur,</strong></span> <span class='ocrx_word' id='word_1_271' title='bbox 766 1416 797 1439; x_wconf 90' lang='lat' dir='ltr'><strong>ut</strong></span> <span class='ocrx_word' id='word_1_272' title='bbox 809 1411 860 1439; x_wconf 86' lang='lat' dir='ltr'><strong>hos</strong></span> <span class='ocrx_word' id='word_1_273' title='bbox 873 1412 982 1442; x_wconf 87' lang='lat' dir='ltr'><strong>labores</strong></span> <span class='ocrx_word' id='word_1_274' title='bbox 998 1418 1026 1444; x_wconf 90' lang='lat' dir='ltr'><strong>in</strong></span> <span class='ocrx_word' id='word_1_275' title='bbox 1047 1416 1091 1444; x_wconf 85' lang='lat' dir='ltr'><strong>sui</strong></span> <span class='ocrx_word' id='word_1_276' title='bbox 1113 1418 1235 1446; x_wconf 86' lang='lat' dir='ltr'><strong>nominis</strong></span> <span class='ocrx_word' id='word_1_277' title='bbox 1251 1419 1365 1456; x_wconf 75' lang='lat' dir='ltr'><strong>gloriam</strong></span> <span class='ocrx_word' id='word_1_278' title='bbox 1381 1421 1479 1450; x_wconf 89' lang='lat' dir='ltr'><strong>cedere</strong></span> <span class='ocrx_word' id='word_1_279' title='bbox 1489 1423 1596 1458; x_wconf 86' lang='lat' dir='ltr'><strong>jubeat.</strong></span> <span class='ocrx_word' id='word_1_280' title='bbox 1611 1425 1680 1466; x_wconf 70' lang='lat' dir='ltr'><strong>Dab.</strong></span> <span class='ocrx_word' id='word_1_281' title='bbox 1694 1426 1766 1454; x_wconf 80' lang='lat' dir='ltr'><strong>Halae</strong></span> <span class='ocrx_word' id='word_1_282' title='bbox 1787 1426 1814 1454; x_wconf 88' lang='lat' dir='ltr'><strong>in</strong></span> 
     </span>
    </p>
   </div>
   <div class='ocr_carea' id='block_1_24' title="bbox 179 1465 877 1498">
    <p class='ocr_par' dir='ltr' id='par_1_24' title="bbox 179 1465 877 1498">
     <span class='ocr_line' id='line_1_24' title="bbox 179 1465 877 1498; baseline 0.004 -4"><span class='ocrx_word' id='word_1_283' title='bbox 179 1467 255 1494; x_wconf 78' lang='lat' dir='ltr'><strong>acad.</strong></span> <span class='ocrx_word' id='word_1_284' title='bbox 269 1465 344 1494; x_wconf 87' lang='lat' dir='ltr'><strong>Frid.</strong></span> <span class='ocrx_word' id='word_1_285' title='bbox 357 1465 384 1493; x_wconf 93' lang='lat' dir='ltr'><strong>d.</strong></span> <span class='ocrx_word' id='word_1_286' title='bbox 402 1474 436 1492; x_wconf 78' lang='lat' dir='ltr'><strong>xx</strong></span> <span class='ocrx_word' id='word_1_287' title='bbox 450 1465 523 1498; x_wconf 83' lang='lat' dir='ltr'><strong>Maii,</strong></span> <span class='ocrx_word' id='word_1_288' title='bbox 541 1465 574 1493; x_wconf 83' lang='lat' dir='ltr'><strong>A.</strong></span> <span class='ocrx_word' id='word_1_289' title='bbox 589 1466 622 1494; x_wconf 69' lang='grc' dir='ltr'><strong>Η.</strong></span> <span class='ocrx_word' id='word_1_290' title='bbox 636 1466 665 1495; x_wconf 92' lang='lat' dir='ltr'><strong>S.</strong></span> <span class='ocrx_word' id='word_1_291' title='bbox 677 1466 877 1497; x_wconf 79' lang='lat' dir='ltr'><strong>MDCCLXXII.</strong></span> 
     </span>
    </p>
   </div>
   <div class='ocr_carea' id='block_1_25' title="bbox 741 1531 1273 1559">
    <p class='ocr_par' dir='ltr' id='par_1_25' title="bbox 741 1531 1273 1559">
     <span class='ocr_line' id='line_1_25' title="bbox 741 1531 1273 1559; baseline -0.002 -1"><span class='ocrx_word' id='word_1_292' title='bbox 741 1532 977 1559; x_wconf 75' lang='lat' dir='ltr'><strong>COROLLARIUM</strong></span> <span class='ocrx_word' id='word_1_293' title='bbox 990 1532 1017 1556; x_wconf 77' lang='grc' dir='ltr'><strong>Ι.</strong></span> <span class='ocrx_word' id='word_1_294' title='bbox 1033 1532 1066 1558; x_wconf 86' lang='grc' dir='ltr'><strong>Α.</strong></span> <span class='ocrx_word' id='word_1_295' title='bbox 1084 1531 1273 1557; x_wconf 80' lang='lat' dir='ltr'><strong>NOESSELTI.</strong></span> 
     </span>
    </p>
   </div>
   <div class='ocr_carea' id='block_1_26' title="bbox 215 1585 1818 1630">
    <p class='ocr_par' dir='ltr' id='par_1_26' title="bbox 215 1585 1818 1630">
     <span class='ocr_line' id='line_1_26' title="bbox 215 1585 1818 1630; baseline 0.001 -8"><span class='ocrx_word' id='word_1_296' title='bbox 215 1595 247 1623; x_wconf 76' lang='lat' dir='ltr'><strong>In</strong></span> <span class='ocrx_word' id='word_1_297' title='bbox 262 1596 431 1622; x_wconf 85' lang='lat' dir='ltr'><strong>recensendo</strong></span> <span class='ocrx_word' id='word_1_298' title='bbox 445 1596 522 1620; x_wconf 83' lang='lat' dir='ltr'><strong>textu</strong></span> <span class='ocrx_word' id='word_1_299' title='bbox 536 1585 723 1627; x_wconf 84' lang='lat' dir='ltr'><strong>Epistolarum</strong></span> <span class='ocrx_word' id='word_1_300' title='bbox 737 1591 913 1626; x_wconf 87' lang='lat' dir='ltr'><strong>Theodoreti,</strong></span> <span class='ocrx_word' id='word_1_301' title='bbox 927 1600 988 1628; x_wconf 74' lang='lat' dir='ltr'><strong>quze</strong></span> <span class='ocrx_word' id='word_1_302' title='bbox 1007 1598 1072 1621; x_wconf 86' lang='lat' dir='ltr'><strong>sunt</strong></span> <span class='ocrx_word' id='word_1_303' title='bbox 1083 1593 1110 1621; x_wconf 93' lang='lat' dir='ltr'><strong>in</strong></span> <span class='ocrx_word' id='word_1_304' title='bbox 1122 1594 1197 1621; x_wconf 91' lang='lat' dir='ltr'><strong>hunc</strong></span> <span class='ocrx_word' id='word_1_305' title='bbox 1209 1598 1314 1621; x_wconf 88' lang='lat' dir='ltr'><strong>tomum</strong></span> <span class='ocrx_word' id='word_1_306' title='bbox 1334 1602 1349 1622; x_wconf 89' lang='lat' dir='ltr'><strong>e</strong></span> <span class='ocrx_word' id='word_1_307' title='bbox 1364 1594 1445 1622; x_wconf 88' lang='lat' dir='ltr'><strong>tertio</strong></span> <span class='ocrx_word' id='word_1_308' title='bbox 1458 1594 1652 1623; x_wconf 87' lang='lat' dir='ltr'><strong>Sirmondiano</strong></span> <span class='ocrx_word' id='word_1_309' title='bbox 1671 1596 1818 1630; x_wconf 71' lang='lat' dir='ltr'><strong>translatae,</strong></span> 
     </span>
    </p>
   </div>
   <div class='ocr_carea' id='block_1_27' title="bbox 183 1641 1818 1690">
    <p class='ocr_par' dir='ltr' id='par_1_27' title="bbox 183 1641 1818 1690">
     <span class='ocr_line' id='line_1_27' title="bbox 183 1641 1818 1690; baseline 0 -10"><span class='ocrx_word' id='word_1_310' title='bbox 183 1654 302 1690; x_wconf 89' lang='lat' dir='ltr'><strong>primum</strong></span> <span class='ocrx_word' id='word_1_311' title='bbox 316 1651 495 1678; x_wconf 83' lang='lat' dir='ltr'><strong>adhibuimus</strong></span> <span class='ocrx_word' id='word_1_312' title='bbox 511 1650 644 1678; x_wconf 82' lang='lat' dir='ltr'><strong>lectiones</strong></span> <span class='ocrx_word' id='word_1_313' title='bbox 656 1657 712 1681; x_wconf 86' lang='lat' dir='ltr'><strong>eas,</strong></span> <span class='ocrx_word' id='word_1_314' title='bbox 725 1656 792 1684; x_wconf 87' lang='lat' dir='ltr'><strong>quas</strong></span> <span class='ocrx_word' id='word_1_315' title='bbox 804 1649 862 1684; x_wconf 88' lang='lat' dir='ltr'><strong>ipse</strong></span> <span class='ocrx_word' id='word_1_316' title='bbox 874 1649 1038 1677; x_wconf 88' lang='lat' dir='ltr'><strong>Sirmondus</strong></span> <span class='ocrx_word' id='word_1_317' title='bbox 1053 1658 1068 1678; x_wconf 91' lang='lat' dir='ltr'><strong>e</strong></span> <span class='ocrx_word' id='word_1_318' title='bbox 1080 1641 1175 1678; x_wconf 82' lang='lat' dir='ltr'><strong>codice</strong></span> <span class='ocrx_word' id='word_1_319' title='bbox 1186 1651 1366 1686; x_wconf 80' lang='lat' dir='ltr'><strong>Neapolitano</strong></span> <span class='ocrx_word' id='word_1_320' title='bbox 1380 1656 1541 1687; x_wconf 82' lang='lat' dir='ltr'><strong>acceperat;</strong></span> <span class='ocrx_word' id='word_1_321' title='bbox 1554 1660 1635 1687; x_wconf 90' lang='lat' dir='ltr'><strong>porro</strong></span> <span class='ocrx_word' id='word_1_322' title='bbox 1646 1660 1708 1680; x_wconf 84' lang='lat' dir='ltr'><strong>cum</strong></span> <span class='ocrx_word' id='word_1_323' title='bbox 1721 1661 1818 1687; x_wconf 87' lang='lat' dir='ltr'><strong>quam-</strong></span> 
     </span>
    </p>
   </div>
   <div class='ocr_carea' id='block_1_28' title="bbox 183 1705 1819 1744">
    <p class='ocr_par' dir='ltr' id='par_1_28' title="bbox 183 1705 1819 1744">
     <span class='ocr_line' id='line_1_28' title="bbox 183 1705 1819 1744; baseline 0 -8"><span class='ocrx_word' id='word_1_324' title='bbox 183 1709 310 1744; x_wconf 67' lang='lat' dir='ltr'><strong>plurima:</strong></span> <span class='ocrx_word' id='word_1_325' title='bbox 330 1707 452 1742; x_wconf 68' lang='lat' dir='ltr'><strong>epistola:</strong></span> <span class='ocrx_word' id='word_1_326' title='bbox 473 1707 531 1734; x_wconf 82' lang='lat' dir='ltr'><strong>sive</strong></span> <span class='ocrx_word' id='word_1_327' title='bbox 543 1705 711 1733; x_wconf 86' lang='lat' dir='ltr'><strong>Theodoreti</strong></span> <span class='ocrx_word' id='word_1_328' title='bbox 732 1705 789 1733; x_wconf 92' lang='lat' dir='ltr'><strong>sive</strong></span> <span class='ocrx_word' id='word_1_329' title='bbox 801 1706 931 1739; x_wconf 86' lang='lat' dir='ltr'><strong>aliorum,</strong></span> <span class='ocrx_word' id='word_1_330' title='bbox 943 1707 1026 1734; x_wconf 82' lang='lat' dir='ltr'><strong>etiam</strong></span> <span class='ocrx_word' id='word_1_331' title='bbox 1039 1707 1115 1739; x_wconf 86' lang='lat' dir='ltr'><strong>alibi,</strong></span> <span class='ocrx_word' id='word_1_332' title='bbox 1129 1707 1185 1735; x_wconf 83' lang='lat' dir='ltr'><strong>sive</strong></span> <span class='ocrx_word' id='word_1_333' title='bbox 1198 1708 1291 1736; x_wconf 76' lang='lat' dir='ltr'><strong>Graece</strong></span> <span class='ocrx_word' id='word_1_334' title='bbox 1306 1708 1363 1735; x_wconf 89' lang='lat' dir='ltr'><strong>sive</strong></span> <span class='ocrx_word' id='word_1_335' title='bbox 1374 1708 1472 1736; x_wconf 87' lang='lat' dir='ltr'><strong>Latine</strong></span> <span class='ocrx_word' id='word_1_336' title='bbox 1490 1715 1587 1741; x_wconf 79' lang='lat' dir='ltr'><strong>versae,</strong></span> <span class='ocrx_word' id='word_1_337' title='bbox 1601 1713 1631 1736; x_wconf 94' lang='lat' dir='ltr'><strong>ut</strong></span> <span class='ocrx_word' id='word_1_338' title='bbox 1644 1709 1672 1735; x_wconf 93' lang='lat' dir='ltr'><strong>in</strong></span> <span class='ocrx_word' id='word_1_339' title='bbox 1686 1709 1819 1737; x_wconf 89' lang='lat' dir='ltr'><strong>concilio—</strong></span> 
     </span>
    </p>
   </div>
   <div class='ocr_carea' id='block_1_29' title="bbox 184 1765 1819 1804">
    <p class='ocr_par' dir='ltr' id='par_1_29' title="bbox 184 1765 1819 1804">
     <span class='ocr_line' id='line_1_29' title="bbox 184 1765 1819 1804; baseline -0.001 -7"><span class='ocrx_word' id='word_1_340' title='bbox 184 1777 246 1797; x_wconf 86' lang='lat' dir='ltr'><strong>rum</strong></span> <span class='ocrx_word' id='word_1_341' title='bbox 259 1768 431 1804; x_wconf 84' lang='lat' dir='ltr'><strong>corporibus,</strong></span> <span class='ocrx_word' id='word_1_342' title='bbox 448 1767 476 1794; x_wconf 92' lang='lat' dir='ltr'><strong>in</strong></span> <span class='ocrx_word' id='word_1_343' title='bbox 496 1765 634 1802; x_wconf 89' lang='lat' dir='ltr'><strong>Operibus</strong></span> <span class='ocrx_word' id='word_1_344' title='bbox 646 1765 724 1793; x_wconf 88' lang='lat' dir='ltr'><strong>Marii</strong></span> <span class='ocrx_word' id='word_1_345' title='bbox 740 1766 911 1799; x_wconf 77' lang='lat' dir='ltr'><strong>Mercatoris,</strong></span> <span class='ocrx_word' id='word_1_346' title='bbox 932 1766 961 1793; x_wconf 93' lang='lat' dir='ltr'><strong>in</strong></span> <span class='ocrx_word' id='word_1_347' title='bbox 981 1766 1091 1794; x_wconf 87' lang='lat' dir='ltr'><strong>Baronii</strong></span> <span class='ocrx_word' id='word_1_348' title='bbox 1105 1767 1267 1801; x_wconf 85' lang='lat' dir='ltr'><strong>Annalibus,</strong></span> <span class='ocrx_word' id='word_1_349' title='bbox 1281 1772 1398 1801; x_wconf 83' lang='lat' dir='ltr'><strong>exstent,</strong></span> <span class='ocrx_word' id='word_1_350' title='bbox 1416 1768 1515 1795; x_wconf 90' lang='lat' dir='ltr'><strong>barum</strong></span> <span class='ocrx_word' id='word_1_351' title='bbox 1536 1776 1645 1804; x_wconf 88' lang='lat' dir='ltr'><strong>quoque</strong></span> <span class='ocrx_word' id='word_1_352' title='bbox 1664 1769 1819 1797; x_wconf 86' lang='lat' dir='ltr'><strong>editionum</strong></span> 
     </span>
    </p>
   </div>
   <div class='ocr_carea' id='block_1_30' title="bbox 183 1826 1819 1862">
    <p class='ocr_par' dir='ltr' id='par_1_30' title="bbox 183 1826 1819 1862">
     <span class='ocr_line' id='line_1_30' title="bbox 183 1826 1819 1862; baseline 0 -5"><span class='ocrx_word' id='word_1_353' title='bbox 183 1829 372 1858; x_wconf 84' lang='lat' dir='ltr'><strong>diversitatem</strong></span> <span class='ocrx_word' id='word_1_354' title='bbox 390 1827 536 1862; x_wconf 83' lang='lat' dir='ltr'><strong>diligenter</strong></span> <span class='ocrx_word' id='word_1_355' title='bbox 553 1826 739 1859; x_wconf 81' lang='lat' dir='ltr'><strong>contulimus;</strong></span> <span class='ocrx_word' id='word_1_356' title='bbox 767 1826 886 1861; x_wconf 87' lang='lat' dir='ltr'><strong>denique</strong></span> <span class='ocrx_word' id='word_1_357' title='bbox 898 1826 1032 1854; x_wconf 82' lang='lat' dir='ltr'><strong>beneﬁcio</strong></span> <span class='ocrx_word' id='word_1_358' title='bbox 1053 1827 1169 1854; x_wconf 86' lang='lat' dir='ltr'><strong>illustris</strong></span> <span class='ocrx_word' id='word_1_359' title='bbox 1186 1827 1256 1861; x_wconf 87' lang='lat' dir='ltr'><strong>viri,</strong></span> <span class='ocrx_word' id='word_1_360' title='bbox 1273 1827 1324 1855; x_wconf 81' lang='lat' dir='ltr'><strong>Ad.</strong></span> <span class='ocrx_word' id='word_1_361' title='bbox 1347 1828 1444 1856; x_wconf 84' lang='lat' dir='ltr'><strong>Franc.</strong></span> <span class='ocrx_word' id='word_1_362' title='bbox 1462 1828 1592 1859; x_wconf 84' lang='lat' dir='ltr'><strong>Kollarii.</strong></span> <span class='ocrx_word' id='word_1_363' title='bbox 1611 1829 1780 1858; x_wconf 84' lang='lat' dir='ltr'><strong>obtinuimus</strong></span> <span class='ocrx_word' id='word_1_364' title='bbox 1802 1839 1819 1859; x_wconf 79' lang='grc' dir='ltr'><strong>ο</strong></span> 
     </span>
    </p>
   </div>
   <div class='ocr_carea' id='block_1_31' title="bbox 183 1881 1819 1920">
    <p class='ocr_par' dir='ltr' id='par_1_31' title="bbox 183 1881 1819 1920">
     <span class='ocr_line' id='line_1_31' title="bbox 183 1881 1819 1920; baseline 0.002 -8"><span class='ocrx_word' id='word_1_365' title='bbox 183 1883 350 1912; x_wconf 76' lang='lat' dir='ltr'><strong>bibliotheca</strong></span> <span class='ocrx_word' id='word_1_366' title='bbox 392 1883 516 1910; x_wconf 68' lang='lat' dir='ltr'><strong>Catsarea</strong></span> <span class='ocrx_word' id='word_1_367' title='bbox 561 1881 766 1910; x_wconf 83' lang='lat' dir='ltr'><strong>Vindobonensi</strong></span> <span class='ocrx_word' id='word_1_368' title='bbox 818 1882 975 1917; x_wconf 81' lang='lat' dir='ltr'><strong>exemplum</strong></span> <span class='ocrx_word' id='word_1_369' title='bbox 1018 1888 1146 1911; x_wconf 84' lang='lat' dir='ltr'><strong>accurate</strong></span> <span class='ocrx_word' id='word_1_370' title='bbox 1190 1883 1360 1920; x_wconf 87' lang='lat' dir='ltr'><strong>descriptum</strong></span> <span class='ocrx_word' id='word_1_371' title='bbox 1412 1886 1536 1920; x_wconf 59' lang='lat' dir='ltr'><strong>epistola</strong></span> <span class='ocrx_word' id='word_1_372' title='bbox 1580 1886 1746 1915; x_wconf 87' lang='lat' dir='ltr'><strong>Theodoreti</strong></span> <span class='ocrx_word' id='word_1_373' title='bbox 1785 1888 1819 1915; x_wconf 87' lang='lat' dir='ltr'><strong>ad</strong></span> 
     </span>
    </p>
   </div>
   <div class='ocr_carea' id='block_1_32' title="bbox 183 1940 1830 1982">
    <p class='ocr_par' dir='ltr' id='par_1_32' title="bbox 183 1940 1830 1982">
     <span class='ocr_line' id='line_1_32' title="bbox 183 1940 1830 1982; baseline 0.002 -12"><span class='ocrx_word' id='word_1_374' title='bbox 183 1942 316 1970; x_wconf 81' lang='lat' dir='ltr'><strong>Joannem</strong></span> <span class='ocrx_word' id='word_1_375' title='bbox 334 1941 513 1969; x_wconf 72' lang='lat' dir='ltr'><strong>Germanicia:</strong></span> <span class='ocrx_word' id='word_1_376' title='bbox 528 1941 689 1976; x_wconf 84' lang='lat' dir='ltr'><strong>episcopum</strong></span> <span class='ocrx_word' id='word_1_377' title='bbox 704 1940 759 1977; x_wconf 91' lang='lat' dir='ltr'><strong>(cui</strong></span> <span class='ocrx_word' id='word_1_378' title='bbox 771 1941 862 1968; x_wconf 89' lang='lat' dir='ltr'><strong>locum</strong></span> <span class='ocrx_word' id='word_1_379' title='bbox 879 1941 929 1968; x_wconf 75' lang='grc'><strong>147</strong></span> <span class='ocrx_word' id='word_1_380' title='bbox 942 1941 1079 1978; x_wconf 89' lang='lat' dir='ltr'><strong>dedimus)</strong></span> <span class='ocrx_word' id='word_1_381' title='bbox 1092 1943 1261 1978; x_wconf 82' lang='lat' dir='ltr'><strong>alteriusque</strong></span> <span class='ocrx_word' id='word_1_382' title='bbox 1276 1945 1311 1971; x_wconf 82' lang='lat' dir='ltr'><strong>ad</strong></span> <span class='ocrx_word' id='word_1_383' title='bbox 1323 1945 1513 1980; x_wconf 68' lang='lat' dir='ltr'><strong>Euphratesia:</strong></span> <span class='ocrx_word' id='word_1_384' title='bbox 1525 1946 1674 1973; x_wconf 87' lang='lat' dir='ltr'><strong>monachos</strong></span> <span class='ocrx_word' id='word_1_385' title='bbox 1688 1945 1726 1982; x_wconf 81' lang='grc' dir='ltr'><strong>(ιι.</strong></span> <span class='ocrx_word' id='word_1_386' title='bbox 1745 1940 1830 1980; x_wconf 77' lang='grc'><strong>151),’</strong></span> 
     </span>
    </p>
   </div>
   <div class='ocr_carea' id='block_1_33' title="bbox 183 1987 1820 2037">
    <p class='ocr_par' dir='ltr' id='par_1_33' title="bbox 183 1999 1820 2037">
     <span class='ocr_line' id='line_1_33' title="bbox 183 1999 1820 2037; baseline 0.004 -9"><span class='ocrx_word' id='word_1_387' title='bbox 183 2009 266 2036; x_wconf 88' lang='lat' dir='ltr'><strong>quam</strong></span> <span class='ocrx_word' id='word_1_388' title='bbox 283 2001 316 2029; x_wconf 92' lang='lat' dir='ltr'><strong>ad</strong></span> <span class='ocrx_word' id='word_1_389' title='bbox 333 2000 472 2029; x_wconf 87' lang='lat' dir='ltr'><strong>edendum</strong></span> <span class='ocrx_word' id='word_1_390' title='bbox 491 2000 594 2028; x_wconf 77' lang='lat' dir='ltr'><strong>frustra</strong></span> <span class='ocrx_word' id='word_1_391' title='bbox 611 1999 760 2027; x_wconf 77' lang='lat' dir='ltr'><strong>Gai-uerius</strong></span> <span class='ocrx_word' id='word_1_392' title='bbox 777 2000 946 2035; x_wconf 77' lang='lat' dir='ltr'><strong>expetierat;</strong></span> <span class='ocrx_word' id='word_1_393' title='bbox 966 2001 1013 2028; x_wconf 92' lang='lat' dir='ltr'><strong>ubi</strong></span> <span class='ocrx_word' id='word_1_394' title='bbox 1032 2002 1147 2037; x_wconf 80' lang='lat' dir='ltr'><strong>contigit</strong></span> <span class='ocrx_word' id='word_1_395' title='bbox 1163 2007 1194 2030; x_wconf 92' lang='lat' dir='ltr'><strong>ut</strong></span> <span class='ocrx_word' id='word_1_396' title='bbox 1216 2002 1298 2030; x_wconf 90' lang='lat' dir='ltr'><strong>homo</strong></span> <span class='ocrx_word' id='word_1_397' title='bbox 1314 2002 1436 2036; x_wconf 84' lang='lat' dir='ltr'><strong>Graecus,</strong></span> <span class='ocrx_word' id='word_1_398' title='bbox 1459 2004 1504 2031; x_wconf 86' lang='lat' dir='ltr'><strong>cui</strong></span> <span class='ocrx_word' id='word_1_399' title='bbox 1521 2004 1701 2033; x_wconf 88' lang='lat' dir='ltr'><strong>describenda</strong></span> <span class='ocrx_word' id='word_1_400' title='bbox 1721 2006 1820 2034; x_wconf 88' lang='lat' dir='ltr'><strong>tradita</strong></span> 
     </span>
    </p>
   </div>
   <div class='ocr_carea' id='block_1_34' title="bbox 184 2059 1819 2102">
    <p class='ocr_par' dir='ltr' id='par_1_34' title="bbox 184 2059 1819 2102">
     <span class='ocr_line' id='line_1_34' title="bbox 184 2059 1819 2102; baseline 0.002 -12"><span class='ocrx_word' id='word_1_401' title='bbox 184 2066 256 2090; x_wconf 82' lang='lat' dir='ltr'><strong>esset</strong></span> <span class='ocrx_word' id='word_1_402' title='bbox 271 2061 403 2096; x_wconf 87' lang='lat' dir='ltr'><strong>epistola,</strong></span> <span class='ocrx_word' id='word_1_403' title='bbox 418 2060 446 2088; x_wconf 94' lang='lat' dir='ltr'><strong>in</strong></span> <span class='ocrx_word' id='word_1_404' title='bbox 463 2059 652 2095; x_wconf 85' lang='lat' dir='ltr'><strong>percurrendo</strong></span> <span class='ocrx_word' id='word_1_405' title='bbox 668 2059 764 2088; x_wconf 88' lang='lat' dir='ltr'><strong>codice</strong></span> <span class='ocrx_word' id='word_1_406' title='bbox 779 2060 864 2088; x_wconf 84' lang='lat' dir='ltr'><strong>etiam</strong></span> <span class='ocrx_word' id='word_1_407' title='bbox 880 2061 944 2089; x_wconf 82' lang='lat' dir='ltr'><strong>aliis</strong></span> <span class='ocrx_word' id='word_1_408' title='bbox 962 2069 996 2089; x_wconf 79' lang='lat' dir='ltr'><strong>ex</strong></span> <span class='ocrx_word' id='word_1_409' title='bbox 1012 2062 1137 2097; x_wconf 89' lang='lat' dir='ltr'><strong>epistolis</strong></span> <span class='ocrx_word' id='word_1_410' title='bbox 1155 2063 1341 2098; x_wconf 89' lang='lat' dir='ltr'><strong>discrepantes</strong></span> <span class='ocrx_word' id='word_1_411' title='bbox 1358 2064 1508 2098; x_wconf 89' lang='lat' dir='ltr'><strong>lectiones,</strong></span> <span class='ocrx_word' id='word_1_412' title='bbox 1527 2073 1683 2101; x_wconf 86' lang='lat' dir='ltr'><strong>quanquam</strong></span> <span class='ocrx_word' id='word_1_413' title='bbox 1700 2074 1819 2102; x_wconf 86' lang='lat' dir='ltr'><strong>paucas,</strong></span> 
     </span>
    </p>
   </div>
   <div class='ocr_carea' id='block_1_35' title="bbox 183 2115 1816 2157">
    <p class='ocr_par' dir='ltr' id='par_1_35' title="bbox 183 2115 1816 2157">
     <span class='ocr_line' id='line_1_35' title="bbox 183 2115 1816 2157; baseline 0.004 -13"><span class='ocrx_word' id='word_1_414' title='bbox 183 2121 352 2151; x_wconf 77' lang='lat' dir='ltr'><strong>excerperet,</strong></span> <span class='ocrx_word' id='word_1_415' title='bbox 376 2123 445 2151; x_wconf 82' lang='lat' dir='ltr'><strong>quas</strong></span> <span class='ocrx_word' id='word_1_416' title='bbox 461 2123 556 2144; x_wconf 86' lang='lat' dir='ltr'><strong>omnes</strong></span> <span class='ocrx_word' id='word_1_417' title='bbox 573 2115 800 2144; x_wconf 89' lang='lat' dir='ltr'><strong>Vindobonenses</strong></span> <span class='ocrx_word' id='word_1_418' title='bbox 814 2117 954 2152; x_wconf 88' lang='lat' dir='ltr'><strong>appellare</strong></span> <span class='ocrx_word' id='word_1_419' title='bbox 971 2118 1101 2146; x_wconf 82' lang='lat' dir='ltr'><strong>solemus.</strong></span> <span class='ocrx_word' id='word_1_420' title='bbox 1121 2119 1160 2147; x_wconf 87' lang='lat' dir='ltr'><strong>De</strong></span> <span class='ocrx_word' id='word_1_421' title='bbox 1184 2120 1313 2147; x_wconf 82' lang='lat' dir='ltr'><strong>Auetario</strong></span> <span class='ocrx_word' id='word_1_422' title='bbox 1330 2120 1466 2153; x_wconf 82' lang='lat' dir='ltr'><strong>Garnerii,</strong></span> <span class='ocrx_word' id='word_1_423' title='bbox 1485 2122 1564 2157; x_wconf 87' lang='lat' dir='ltr'><strong>cujus</strong></span> <span class='ocrx_word' id='word_1_424' title='bbox 1586 2122 1711 2150; x_wconf 86' lang='lat' dir='ltr'><strong>ordinem</strong></span> <span class='ocrx_word' id='word_1_425' title='bbox 1728 2125 1816 2153; x_wconf 88' lang='lat' dir='ltr'><strong>secuti</strong></span> 
     </span>
    </p>
   </div>
   <div class='ocr_carea' id='block_1_36' title="bbox 184 2160 1820 2216">
    <p class='ocr_par' dir='ltr' id='par_1_36' title="bbox 184 2160 1820 2216">
     <span class='ocr_line' id='line_1_36' title="bbox 184 2160 1820 2216; baseline 0.005 -15"><span class='ocrx_word' id='word_1_426' title='bbox 184 2160 279 2201; x_wconf 78' lang='lat' dir='ltr'><strong>sumus</strong></span> <span class='ocrx_word' id='word_1_427' title='bbox 293 2173 320 2200; x_wconf 93' lang='lat' dir='ltr'><strong>in</strong></span> <span class='ocrx_word' id='word_1_428' title='bbox 338 2173 461 2208; x_wconf 86' lang='lat' dir='ltr'><strong>epistolis</strong></span> <span class='ocrx_word' id='word_1_429' title='bbox 476 2172 676 2200; x_wconf 68' lang='lat' dir='ltr'><strong>Sirmondianat</strong></span> <span class='ocrx_word' id='word_1_430' title='bbox 687 2173 803 2200; x_wconf 88' lang='lat' dir='ltr'><strong>editioni</strong></span> <span class='ocrx_word' id='word_1_431' title='bbox 816 2173 940 2209; x_wconf 84' lang='lat' dir='ltr'><strong>adjectis,</strong></span> <span class='ocrx_word' id='word_1_432' title='bbox 956 2179 1059 2216; x_wconf 73' lang='lat' dir='ltr'><strong>textum</strong></span> <span class='ocrx_word' id='word_1_433' title='bbox 1077 2177 1169 2204; x_wconf 86' lang='lat' dir='ltr'><strong>multis</strong></span> <span class='ocrx_word' id='word_1_434' title='bbox 1187 2177 1358 2211; x_wconf 86' lang='lat' dir='ltr'><strong>inquinatum</strong></span> <span class='ocrx_word' id='word_1_435' title='bbox 1373 2179 1458 2212; x_wconf 84' lang='lat' dir='ltr'><strong>vitiis,</strong></span> <span class='ocrx_word' id='word_1_436' title='bbox 1473 2179 1683 2215; x_wconf 87' lang='lat' dir='ltr'><strong>versionemque</strong></span> <span class='ocrx_word' id='word_1_437' title='bbox 1695 2181 1820 2209; x_wconf 89' lang='lat' dir='ltr'><strong>Latinam</strong></span> 
     </span>
    </p>
   </div>
   <div class='ocr_carea' id='block_1_37' title="bbox 184 2230 1822 2273">
    <p class='ocr_par' dir='ltr' id='par_1_37' title="bbox 184 2230 1822 2273">
     <span class='ocr_line' id='line_1_37' title="bbox 184 2230 1822 2273; baseline 0.003 -13"><span class='ocrx_word' id='word_1_438' title='bbox 184 2231 394 2267; x_wconf 79' lang='lat' dir='ltr'><strong>castigavimus;</strong></span> <span class='ocrx_word' id='word_1_439' title='bbox 413 2231 460 2258; x_wconf 91' lang='lat' dir='ltr'><strong>ubi</strong></span> <span class='ocrx_word' id='word_1_440' title='bbox 474 2230 566 2258; x_wconf 56' lang='lat' dir='ltr'><strong>Graeca</strong></span> <span class='ocrx_word' id='word_1_441' title='bbox 583 2231 734 2266; x_wconf 87' lang='lat' dir='ltr'><strong>perierant,</strong></span> <span class='ocrx_word' id='word_1_442' title='bbox 746 2231 924 2260; x_wconf 85' lang='lat' dir='ltr'><strong>exhibuimus</strong></span> <span class='ocrx_word' id='word_1_443' title='bbox 937 2238 1058 2260; x_wconf 89' lang='lat' dir='ltr'><strong>veterem</strong></span> <span class='ocrx_word' id='word_1_444' title='bbox 1077 2234 1201 2262; x_wconf 90' lang='lat' dir='ltr'><strong>Latinam</strong></span> <span class='ocrx_word' id='word_1_445' title='bbox 1220 2235 1482 2270; x_wconf 83' lang='lat' dir='ltr'><strong>interpretationem.</strong></span> <span class='ocrx_word' id='word_1_446' title='bbox 1501 2236 1595 2271; x_wconf 85' lang='lat' dir='ltr'><strong>Neque</strong></span> <span class='ocrx_word' id='word_1_447' title='bbox 1612 2241 1701 2264; x_wconf 87' lang='lat' dir='ltr'><strong>tamen</strong></span> <span class='ocrx_word' id='word_1_448' title='bbox 1718 2238 1822 2273; x_wconf 82' lang='lat' dir='ltr'><strong>placuit</strong></span> 
     </span>
    </p>
   </div>
   <div class='ocr_carea' id='block_1_38' title="bbox 184 2287 1851 2331">
    <p class='ocr_par' dir='ltr' id='par_1_38' title="bbox 184 2287 1851 2331">
     <span class='ocr_line' id='line_1_38' title="bbox 184 2287 1851 2331; baseline 0.005 -15"><span class='ocrx_word' id='word_1_449' title='bbox 184 2288 245 2316; x_wconf 84' lang='lat' dir='ltr'><strong>illas</strong></span> <span class='ocrx_word' id='word_1_450' title='bbox 261 2288 364 2316; x_wconf 86' lang='lat' dir='ltr'><strong>addere</strong></span> <span class='ocrx_word' id='word_1_451' title='bbox 376 2288 507 2323; x_wconf 82' lang='lat' dir='ltr'><strong>epistolas</strong></span> <span class='ocrx_word' id='word_1_452' title='bbox 519 2287 697 2322; x_wconf 81' lang='lat' dir='ltr'><strong>Theodoreti,</strong></span> <span class='ocrx_word' id='word_1_453' title='bbox 709 2298 770 2325; x_wconf 65' lang='lat' dir='ltr'><strong>qua:</strong></span> <span class='ocrx_word' id='word_1_454' title='bbox 788 2290 816 2317; x_wconf 93' lang='lat' dir='ltr'><strong>in</strong></span> <span class='ocrx_word' id='word_1_455' title='bbox 833 2290 1014 2320; x_wconf 87' lang='lat' dir='ltr'><strong>celeberrimo</strong></span> <span class='ocrx_word' id='word_1_456' title='bbox 1027 2292 1164 2329; x_wconf 80' lang='lat' dir='ltr'><strong>Synodico</strong></span> <span class='ocrx_word' id='word_1_457' title='bbox 1178 2294 1272 2321; x_wconf 65' lang='lat' dir='ltr'><strong>lrenmi</strong></span> <span class='ocrx_word' id='word_1_458' title='bbox 1288 2299 1402 2322; x_wconf 76' lang='lat' dir='ltr'><strong>servatae</strong></span> <span class='ocrx_word' id='word_1_459' title='bbox 1413 2295 1542 2328; x_wconf 75' lang='lat' dir='ltr'><strong>fuerunt;</strong></span> <span class='ocrx_word' id='word_1_460' title='bbox 1563 2303 1625 2323; x_wconf 91' lang='lat' dir='ltr'><strong>nam</strong></span> <span class='ocrx_word' id='word_1_461' title='bbox 1647 2296 1714 2323; x_wconf 91' lang='lat' dir='ltr'><strong>illud</strong></span> <span class='ocrx_word' id='word_1_462' title='bbox 1731 2297 1820 2331; x_wconf 88' lang='lat' dir='ltr'><strong>ipsum</strong></span> <span class='ocrx_word' id='word_1_463' title='bbox 1849 2318 1851 2320; x_wconf 84' lang='lat'><strong>.</strong></span> 
     </span>
    </p>
   </div>
   <div class='ocr_carea' id='block_1_39' title="bbox 185 2347 1820 2386">
    <p class='ocr_par' dir='ltr' id='par_1_39' title="bbox 185 2347 1820 2386">
     <span class='ocr_line' id='line_1_39' title="bbox 185 2347 1820 2386; baseline 0.004 -12"><span class='ocrx_word' id='word_1_464' title='bbox 185 2347 242 2374; x_wconf 92' lang='lat' dir='ltr'><strong>vidi</strong></span> <span class='ocrx_word' id='word_1_465' title='bbox 260 2347 408 2382; x_wconf 89' lang='lat' dir='ltr'><strong>repetitum</strong></span> <span class='ocrx_word' id='word_1_466' title='bbox 435 2355 494 2375; x_wconf 88' lang='lat' dir='ltr'><strong>esse</strong></span> <span class='ocrx_word' id='word_1_467' title='bbox 512 2355 527 2374; x_wconf 91' lang='lat' dir='ltr'><strong>a</strong></span> <span class='ocrx_word' id='word_1_468' title='bbox 543 2347 680 2376; x_wconf 79' lang='lat' dir='ltr'><strong>Camerio</strong></span> <span class='ocrx_word' id='word_1_469' title='bbox 702 2349 730 2376; x_wconf 92' lang='lat' dir='ltr'><strong>in</strong></span> <span class='ocrx_word' id='word_1_470' title='bbox 748 2349 942 2378; x_wconf 86' lang='lat' dir='ltr'><strong>dissertatione</strong></span> <span class='ocrx_word' id='word_1_471' title='bbox 968 2351 1064 2386; x_wconf 89' lang='lat' dir='ltr'><strong>quinta</strong></span> <span class='ocrx_word' id='word_1_472' title='bbox 1088 2352 1210 2380; x_wconf 83' lang='lat' dir='ltr'><strong>Auctarii</strong></span> <span class='ocrx_word' id='word_1_473' title='bbox 1231 2352 1266 2379; x_wconf 93' lang='lat' dir='ltr'><strong>de</strong></span> <span class='ocrx_word' id='word_1_474' title='bbox 1289 2352 1455 2380; x_wconf 87' lang='lat' dir='ltr'><strong>Theodoreti</strong></span> <span class='ocrx_word' id='word_1_475' title='bbox 1479 2359 1506 2381; x_wconf 90' lang='lat' dir='ltr'><strong>et</strong></span> <span class='ocrx_word' id='word_1_476' title='bbox 1522 2354 1703 2382; x_wconf 83' lang='lat' dir='ltr'><strong>Orientalium</strong></span> <span class='ocrx_word' id='word_1_477' title='bbox 1720 2362 1820 2385; x_wconf 83' lang='lat' dir='ltr'><strong>causa,</strong></span> 
     </span>
    </p>
   </div>
   <div class='ocr_carea' id='block_1_40' title="bbox 184 2403 1820 2445">
    <p class='ocr_par' dir='ltr' id='par_1_40' title="bbox 184 2403 1820 2445">
     <span class='ocr_line' id='line_1_40' title="bbox 184 2403 1820 2445; baseline 0.004 -14"><span class='ocrx_word' id='word_1_478' title='bbox 184 2404 274 2439; x_wconf 83' lang='lat' dir='ltr'><strong>cujus,</strong></span> <span class='ocrx_word' id='word_1_479' title='bbox 292 2411 327 2431; x_wconf 81' lang='lat' dir='ltr'><strong>ex</strong></span> <span class='ocrx_word' id='word_1_480' title='bbox 347 2403 469 2430; x_wconf 86' lang='lat' dir='ltr'><strong>editione</strong></span> <span class='ocrx_word' id='word_1_481' title='bbox 490 2404 629 2432; x_wconf 84' lang='lat' dir='ltr'><strong>Mansiana</strong></span> <span class='ocrx_word' id='word_1_482' title='bbox 655 2405 855 2440; x_wconf 67' lang='lat' dir='ltr'><strong>locupletandaa</strong></span> <span class='ocrx_word' id='word_1_483' title='bbox 881 2408 1091 2443; x_wconf 71' lang='lat' dir='ltr'><strong>repetenquue</strong></span> <span class='ocrx_word' id='word_1_484' title='bbox 1119 2413 1192 2436; x_wconf 92' lang='lat' dir='ltr'><strong>tomo</strong></span> <span class='ocrx_word' id='word_1_485' title='bbox 1211 2409 1308 2444; x_wconf 86' lang='lat' dir='ltr'><strong>quinto</strong></span> <span class='ocrx_word' id='word_1_486' title='bbox 1334 2418 1450 2445; x_wconf 88' lang='lat' dir='ltr'><strong>operum</strong></span> <span class='ocrx_word' id='word_1_487' title='bbox 1467 2411 1643 2442; x_wconf 87' lang='lat' dir='ltr'><strong>Theodoreti,</strong></span> <span class='ocrx_word' id='word_1_488' title='bbox 1661 2417 1738 2444; x_wconf 89' lang='lat' dir='ltr'><strong>spem</strong></span> <span class='ocrx_word' id='word_1_489' title='bbox 1755 2410 1820 2437; x_wconf 78' lang='lat' dir='ltr'><strong>fecit</strong></span> 
     </span>
    </p>
   </div>
   <div class='ocr_carea' id='block_1_41' title="bbox 186 2460 1820 2504">
    <p class='ocr_par' dir='ltr' id='par_1_41' title="bbox 186 2460 1820 2504">
     <span class='ocr_line' id='line_1_41' title="bbox 186 2460 1820 2504; baseline 0.006 -18"><span class='ocrx_word' id='word_1_490' title='bbox 186 2460 332 2488; x_wconf 82' lang='lat' dir='ltr'><strong>Schnlzius</strong></span> <span class='ocrx_word' id='word_1_491' title='bbox 348 2461 380 2488; x_wconf 72' lang='grc' dir='ltr'><strong>ν.</strong></span> <span class='ocrx_word' id='word_1_492' title='bbox 398 2461 442 2493; x_wconf 82' lang='grc' dir='ltr'><strong>ν.,</strong></span> <span class='ocrx_word' id='word_1_493' title='bbox 462 2461 490 2488; x_wconf 91' lang='lat' dir='ltr'><strong>in</strong></span> <span class='ocrx_word' id='word_1_494' title='bbox 507 2469 562 2497; x_wconf 90' lang='lat' dir='ltr'><strong>quo</strong></span> <span class='ocrx_word' id='word_1_495' title='bbox 586 2463 726 2492; x_wconf 89' lang='lat' dir='ltr'><strong>volumine</strong></span> <span class='ocrx_word' id='word_1_496' title='bbox 752 2469 913 2499; x_wconf 85' lang='lat' dir='ltr'><strong>repetentur</strong></span> <span class='ocrx_word' id='word_1_497' title='bbox 932 2466 1014 2494; x_wconf 87' lang='lat' dir='ltr'><strong>etiam</strong></span> <span class='ocrx_word' id='word_1_498' title='bbox 1033 2468 1235 2503; x_wconf 75' lang='lat' dir='ltr'><strong>commentarii,</strong></span> <span class='ocrx_word' id='word_1_499' title='bbox 1254 2469 1355 2504; x_wconf 84' lang='lat' dir='ltr'><strong>quibus</strong></span> <span class='ocrx_word' id='word_1_500' title='bbox 1372 2469 1522 2497; x_wconf 84' lang='lat' dir='ltr'><strong>Garncrins</strong></span> <span class='ocrx_word' id='word_1_501' title='bbox 1539 2475 1635 2495; x_wconf 89' lang='lat' dir='ltr'><strong>omnes</strong></span> <span class='ocrx_word' id='word_1_502' title='bbox 1652 2467 1709 2496; x_wconf 77' lang='lat' dir='ltr'><strong>fere</strong></span> <span class='ocrx_word' id='word_1_503' title='bbox 1727 2468 1820 2496; x_wconf 83' lang='lat' dir='ltr'><strong>Theo-</strong></span> 
     </span>
    </p>
   </div>
   <div class='ocr_carea' id='block_1_42' title="bbox 184 2518 998 2558">
    <p class='ocr_par' dir='ltr' id='par_1_42' title="bbox 184 2518 998 2558">
     <span class='ocr_line' id='line_1_42' title="bbox 184 2518 998 2558; baseline 0.009 -12"><span class='ocrx_word' id='word_1_504' title='bbox 184 2518 273 2546; x_wconf 75' lang='lat' dir='ltr'><strong>tioreti</strong></span> <span class='ocrx_word' id='word_1_505' title='bbox 290 2521 420 2555; x_wconf 88' lang='lat' dir='ltr'><strong>epistolas</strong></span> <span class='ocrx_word' id='word_1_506' title='bbox 435 2529 450 2548; x_wconf 89' lang='lat' dir='ltr'><strong>a</strong></span> <span class='ocrx_word' id='word_1_507' title='bbox 467 2529 496 2549; x_wconf 89' lang='lat' dir='ltr'><strong>se</strong></span> <span class='ocrx_word' id='word_1_508' title='bbox 514 2521 716 2558; x_wconf 87' lang='lat' dir='ltr'><strong>Sirmondoque</strong></span> <span class='ocrx_word' id='word_1_509' title='bbox 733 2523 822 2550; x_wconf 87' lang='lat' dir='ltr'><strong>editas</strong></span> <span class='ocrx_word' id='word_1_510' title='bbox 842 2523 998 2553; x_wconf 86' lang='lat' dir='ltr'><strong>illustravit.</strong></span> 
     </span>
    </p>
   </div>
   <div class='ocr_carea' id='block_1_43' title="bbox 219 2639 1821 2677">
    <p class='ocr_par' dir='ltr' id='par_1_43' title="bbox 219 2639 1821 2677">
     <span class='ocr_line' id='line_1_43' title="bbox 219 2639 1821 2677; baseline 0.004 -13"><span class='ocrx_word' id='word_1_511' title='bbox 219 2639 256 2672; x_wconf 84' lang='grc' dir='ltr'><strong>(α)</strong></span> <span class='ocrx_word' id='word_1_512' title='bbox 274 2639 374 2671; x_wconf 77' lang='lat' dir='ltr'><strong>Egregil</strong></span> <span class='ocrx_word' id='word_1_513' title='bbox 387 2641 459 2672; x_wconf 83' lang='lat' dir='ltr'><strong>hujus</strong></span> <span class='ocrx_word' id='word_1_514' title='bbox 475 2640 557 2671; x_wconf 78' lang='lat' dir='ltr'><strong>operis</strong></span> <span class='ocrx_word' id='word_1_515' title='bbox 573 2641 748 2667; x_wconf 88' lang='lat' dir='ltr'><strong>recensionem</strong></span> <span class='ocrx_word' id='word_1_516' title='bbox 770 2643 1022 2676; x_wconf 80' lang='lat' dir='ltr'><strong>adhibuimus,quam</strong></span> <span class='ocrx_word' id='word_1_517' title='bbox 1042 2647 1202 2672; x_wconf 58' lang='lat' dir='ltr'><strong>dictissimns</strong></span> <span class='ocrx_word' id='word_1_518' title='bbox 1215 2646 1308 2677; x_wconf 71' lang='lat' dir='ltr'><strong>Anglus</strong></span> <span class='ocrx_word' id='word_1_519' title='bbox 1319 2646 1426 2671; x_wconf 79' lang='lat' dir='ltr'><strong>Thomas</strong></span> <span class='ocrx_word' id='word_1_520' title='bbox 1445 2645 1556 2672; x_wconf 78' lang='lat' dir='ltr'><strong>Gaisrord</strong></span> <span class='ocrx_word' id='word_1_521' title='bbox 1575 2646 1666 2673; x_wconf 76' lang='lat' dir='ltr'><strong>Oxonii</strong></span> <span class='ocrx_word' id='word_1_522' title='bbox 1678 2653 1741 2672; x_wconf 90' lang='lat' dir='ltr'><strong>anno</strong></span> <span class='ocrx_word' id='word_1_523' title='bbox 1761 2645 1821 2671; x_wconf 78' lang='grc'><strong>1859</strong></span> 
     </span>
    </p>
   </div>
   <div class='ocr_carea' id='block_1_44' title="bbox 185 2680 597 2708">
    <p class='ocr_par' dir='ltr' id='par_1_44' title="bbox 185 2680 597 2708">
     <span class='ocr_line' id='line_1_44' title="bbox 185 2680 597 2708; baseline 0 0"><span class='ocrx_word' id='word_1_524' title='bbox 185 2680 310 2708; x_wconf 76' lang='lat' dir='ltr'><strong>edendam</strong></span> <span class='ocrx_word' id='word_1_525' title='bbox 320 2680 424 2708; x_wconf 78' lang='lat' dir='ltr'><strong>curavit.</strong></span> <span class='ocrx_word' id='word_1_526' title='bbox 438 2682 506 2708; x_wconf 77' lang='lat' dir='ltr'><strong>Em.</strong></span> <span class='ocrx_word' id='word_1_527' title='bbox 520 2682 597 2708; x_wconf 73' lang='lat' dir='ltr'><strong>Pun.</strong></span> 
     </span>
    </p>
   </div>
  </div>
