  <div class='ocr_page' id='page_1' title='image "/cluster/home/n/w/nwhite01/storage/ocr_20150623/83/njp.32101007877440/012.png"; bbox 0 0 1953 3055; ppageno 0'>
   <div class='ocr_carea' id='block_1_1' title="bbox 216 93 1845 132">
    <p class='ocr_par' dir='ltr' id='par_1_1' title="bbox 216 93 1845 132">
     <span class='ocr_line' id='line_1_1' title="bbox 216 93 1845 132; baseline -0.004 -2"><span class='ocrx_word' id='word_1_1' title='bbox 216 98 246 130; x_wconf 67' lang='lat'><strong>13</strong></span> <span class='ocrx_word' id='word_1_2' title='bbox 623 96 808 130; x_wconf 80' lang='lat' dir='ltr'><strong>VETERUM</strong></span> <span class='ocrx_word' id='word_1_3' title='bbox 826 93 1181 132; x_wconf 82' lang='lat' dir='ltr'><strong>RECENTIORUMQUE</strong></span> <span class='ocrx_word' id='word_1_4' title='bbox 1199 94 1445 126; x_wconf 78' lang='lat' dir='ltr'><strong>TESTIMONIA.</strong></span> <span class='ocrx_word' id='word_1_5' title='bbox 1810 97 1819 128; x_wconf 75' lang='grc' dir='ltr'><strong>ι</strong></span> <span class='ocrx_word' id='word_1_6' title='bbox 1829 96 1845 127; x_wconf 72' lang='grc'>4</span> 
     </span>
    </p>
   </div>
   <div class='ocr_carea' id='block_1_2' title="bbox 213 165 1834 188">
    <p class='ocr_par' dir='ltr' id='par_1_2' title="bbox 213 165 1834 188">
     <span class='ocr_line' id='line_1_2' title="bbox 213 165 1834 188; baseline -0.001 -2"><span class='ocrx_word' id='word_1_7' title='bbox 213 165 1834 188; x_wconf 56' lang='lat' dir='ltr'><em>W</em></span> 
     </span>
    </p>
   </div>
   <div class='ocr_carea' id='block_1_3' title="bbox 715 226 1344 346">
    <p class='ocr_par' dir='ltr' id='par_1_3' title="bbox 715 226 1344 346">
     <span class='ocr_line' id='line_1_3' title="bbox 715 226 1344 346; baseline -0.003 0"><span class='ocrx_word' id='word_1_8' title='bbox 715 226 1344 346; x_wconf 80' lang='lat' dir='ltr'><strong>THEODORETI</strong></span> 
     </span>
    </p>
   </div>
   <div class='ocr_carea' id='block_1_4' title="bbox 903 414 1151 452">
    <p class='ocr_par' dir='ltr' id='par_1_4' title="bbox 903 414 1151 452">
     <span class='ocr_line' id='line_1_4' title="bbox 903 414 1151 452; baseline -0.004 -6"><span class='ocrx_word' id='word_1_9' title='bbox 903 414 1151 452; x_wconf 83' lang='lat' dir='ltr'><strong>ALIORUMQUE</strong></span> 
     </span>
    </p>
   </div>
   <div class='ocr_carea' id='block_1_5' title="bbox 538 504 1518 552">
    <p class='ocr_par' dir='ltr' id='par_1_5' title="bbox 538 504 1518 552">
     <span class='ocr_line' id='line_1_5' title="bbox 538 504 1518 552; baseline -0.002 -1"><span class='ocrx_word' id='word_1_10' title='bbox 538 506 612 551; x_wconf 91' lang='lat' dir='ltr'><strong>DE</strong></span> <span class='ocrx_word' id='word_1_11' title='bbox 648 505 750 551; x_wconf 92' lang='lat' dir='ltr'><strong>HIS</strong></span> <span class='ocrx_word' id='word_1_12' title='bbox 785 504 1086 552; x_wconf 82' lang='lat' dir='ltr'><strong>OPERIBUS</strong></span> <span class='ocrx_word' id='word_1_13' title='bbox 1122 504 1518 550; x_wconf 87' lang='lat' dir='ltr'><strong>TESTIMONIA.</strong></span> 
     </span>
    </p>
   </div>
   <div class='ocr_carea' id='block_1_6' title="bbox 205 670 1847 711">
    <p class='ocr_par' dir='ltr' id='par_1_6' title="bbox 205 670 1847 711">
     <span class='ocr_line' id='line_1_6' title="bbox 205 670 1847 711; baseline -0.003 -4"><span class='ocrx_word' id='word_1_14' title='bbox 205 678 333 708; x_wconf 70' lang='lat' dir='ltr'><strong>Gentiahi</strong></span> <span class='ocrx_word' id='word_1_15' title='bbox 350 676 455 705; x_wconf 73' lang='lat' dir='ltr'><strong>Hei-veli</strong></span> <span class='ocrx_word' id='word_1_16' title='bbox 476 675 653 711; x_wconf 81' lang='lat' dir='ltr'><strong>Dialogorum</strong></span> <span class='ocrx_word' id='word_1_17' title='bbox 682 672 928 711; x_wconf 60' lang='lat' dir='ltr'><strong>Hmretiearumqye</strong></span> <span class='ocrx_word' id='word_1_18' title='bbox 954 671 1116 711; x_wconf 62' lang='lat' dir='ltr'><strong>{obuioruin_</strong></span> <span class='ocrx_word' id='word_1_19' title='bbox 1131 671 1298 711; x_wconf 75' lang='lat' dir='ltr'><strong>interpretis,</strong></span> <span class='ocrx_word' id='word_1_20' title='bbox 1317 671 1352 698; x_wconf 85' lang='lat' dir='ltr'><strong>ad</strong></span> <span class='ocrx_word' id='word_1_21' title='bbox 1370 670 1526 699; x_wconf 72' lang='lat' dir='ltr'><strong>Marcellum</strong></span> <span class='ocrx_word' id='word_1_22' title='bbox 1541 672 1693 700; x_wconf 62' lang='lat' dir='ltr'><strong>~Corvinum</strong></span> <span class='ocrx_word' id='word_1_23' title='bbox 1710 672 1738 701; x_wconf 71' lang='grc' dir='ltr'><strong>Β.</strong></span> <span class='ocrx_word' id='word_1_24' title='bbox 1756 673 1847 703; x_wconf 71' lang='lat' dir='ltr'><strong>Cruci:</strong></span> 
     </span>
    </p>
   </div>
   <div class='ocr_carea' id='block_1_7' title="bbox 776 706 1281 742">
    <p class='ocr_par' dir='ltr' id='par_1_7' title="bbox 776 706 1281 742">
     <span class='ocr_line' id='line_1_7' title="bbox 776 706 1281 742; baseline -0.006 -7"><span class='ocrx_word' id='word_1_25' title='bbox 776 706 956 739; x_wconf 72' lang='lat' dir='ltr'><strong>cardinatem,</strong></span> <span class='ocrx_word' id='word_1_26' title='bbox 973 707 1002 735; x_wconf 79' lang='lat' dir='ltr'><strong>in</strong></span> <span class='ocrx_word' id='word_1_27' title='bbox 1020 706 1132 734; x_wconf 74' lang='lat' dir='ltr'><strong>concilio</strong></span> <span class='ocrx_word' id='word_1_28' title='bbox 1155 706 1281 742; x_wconf 81' lang='lat' dir='ltr'><strong>legatum.</strong></span> 
     </span>
    </p>
   </div>
   <div class='ocr_carea' id='block_1_8' title="bbox 243 774 1848 814">
    <p class='ocr_par' dir='ltr' id='par_1_8' title="bbox 243 774 1848 814">
     <span class='ocr_line' id='line_1_8' title="bbox 243 774 1848 814; baseline -0.001 -6"><span class='ocrx_word' id='word_1_29' title='bbox 243 781 319 808; x_wconf 82' lang='lat' dir='ltr'><strong>Inter</strong></span> <span class='ocrx_word' id='word_1_30' title='bbox 332 785 446 808; x_wconf 69' lang='lat' dir='ltr'><strong>cmteros</strong></span> <span class='ocrx_word' id='word_1_31' title='bbox 463 778 571 808; x_wconf 81' lang='lat' dir='ltr'><strong>Graecos</strong></span> <span class='ocrx_word' id='word_1_32' title='bbox 590 778 757 813; x_wconf 89' lang='lat' dir='ltr'><strong>scriptores,</strong></span> <span class='ocrx_word' id='word_1_33' title='bbox 777 775 824 811; x_wconf 96' lang='lat' dir='ltr'><strong>qui</strong></span> <span class='ocrx_word' id='word_1_34' title='bbox 845 775 975 810; x_wconf 81' lang='lat' dir='ltr'><strong>praeclara</strong></span> <span class='ocrx_word' id='word_1_35' title='bbox 1002 774 1104 810; x_wconf 79' lang='lat' dir='ltr'><strong>ingenii</strong></span> <span class='ocrx_word' id='word_1_36' title='bbox 1129 774 1172 802; x_wconf 89' lang='lat' dir='ltr'><strong>sui</strong></span> <span class='ocrx_word' id='word_1_37' title='bbox 1195 775 1364 803; x_wconf 84' lang='lat' dir='ltr'><strong>monimenta</strong></span> <span class='ocrx_word' id='word_1_38' title='bbox 1384 775 1412 802; x_wconf 92' lang='lat' dir='ltr'><strong>in</strong></span> <span class='ocrx_word' id='word_1_39' title='bbox 1428 776 1503 803; x_wconf 90' lang='lat' dir='ltr'><strong>omni</strong></span> <span class='ocrx_word' id='word_1_40' title='bbox 1519 776 1727 813; x_wconf 82' lang='lat' dir='ltr'><strong>disciplinarum</strong></span> <span class='ocrx_word' id='word_1_41' title='bbox 1748 786 1848 814; x_wconf 73' lang='lat' dir='ltr'><strong>genere</strong></span> 
     </span>
    </p>
   </div>
   <div class='ocr_carea' id='block_1_9' title="bbox 204 820 1846 857">
    <p class='ocr_par' dir='ltr' id='par_1_9' title="bbox 204 820 1846 857">
     <span class='ocr_line' id='line_1_9' title="bbox 204 820 1846 857; baseline 0 -5"><span class='ocrx_word' id='word_1_42' title='bbox 204 824 308 853; x_wconf 81' lang='lat' dir='ltr'><strong>litteris</strong></span> <span class='ocrx_word' id='word_1_43' title='bbox 329 826 505 857; x_wconf 85' lang='lat' dir='ltr'><strong>mandavere,</strong></span> <span class='ocrx_word' id='word_1_44' title='bbox 522 823 715 851; x_wconf 86' lang='lat' dir='ltr'><strong>Theodoretus</strong></span> <span class='ocrx_word' id='word_1_45' title='bbox 731 821 860 856; x_wconf 86' lang='lat' dir='ltr'><strong>Cyrensis</strong></span> <span class='ocrx_word' id='word_1_46' title='bbox 879 820 1035 855; x_wconf 86' lang='lat' dir='ltr'><strong>episcopus,</strong></span> <span class='ocrx_word' id='word_1_47' title='bbox 1051 821 1074 848; x_wconf 88' lang='lat' dir='ltr'><strong>si</strong></span> <span class='ocrx_word' id='word_1_48' title='bbox 1091 828 1147 848; x_wconf 91' lang='lat' dir='ltr'><strong>non</strong></span> <span class='ocrx_word' id='word_1_49' title='bbox 1173 820 1303 855; x_wconf 88' lang='lat' dir='ltr'><strong>primum,</strong></span> <span class='ocrx_word' id='word_1_50' title='bbox 1321 825 1395 848; x_wconf 87' lang='lat' dir='ltr'><strong>certe</strong></span> <span class='ocrx_word' id='word_1_51' title='bbox 1411 821 1483 849; x_wconf 89' lang='lat' dir='ltr'><strong>inter</strong></span> <span class='ocrx_word' id='word_1_52' title='bbox 1503 823 1607 857; x_wconf 85' lang='lat' dir='ltr'><strong>primos</strong></span> <span class='ocrx_word' id='word_1_53' title='bbox 1622 824 1713 852; x_wconf 91' lang='lat' dir='ltr'><strong>locum</strong></span> <span class='ocrx_word' id='word_1_54' title='bbox 1730 825 1846 853; x_wconf 88' lang='lat' dir='ltr'><strong>obtinet.</strong></span> 
     </span>
    </p>
   </div>
   <div class='ocr_carea' id='block_1_10' title="bbox 202 867 1848 908">
    <p class='ocr_par' dir='ltr' id='par_1_10' title="bbox 202 867 1848 908">
     <span class='ocr_line' id='line_1_10' title="bbox 202 867 1848 908; baseline -0.001 -8"><span class='ocrx_word' id='word_1_55' title='bbox 202 873 276 900; x_wconf 83' lang='lat' dir='ltr'><strong>Cum</strong></span> <span class='ocrx_word' id='word_1_56' title='bbox 300 871 528 907; x_wconf 78' lang='lat' dir='ltr'><strong>autemplurima</strong></span> <span class='ocrx_word' id='word_1_57' title='bbox 549 869 704 905; x_wconf 73' lang='lat' dir='ltr'><strong>scripserit,</strong></span> <span class='ocrx_word' id='word_1_58' title='bbox 728 874 846 903; x_wconf 88' lang='lat' dir='ltr'><strong>quorum</strong></span> <span class='ocrx_word' id='word_1_59' title='bbox 862 867 996 895; x_wconf 88' lang='lat' dir='ltr'><strong>nonnulla</strong></span> <span class='ocrx_word' id='word_1_60' title='bbox 1020 867 1049 894; x_wconf 91' lang='lat' dir='ltr'><strong>in</strong></span> <span class='ocrx_word' id='word_1_61' title='bbox 1072 867 1193 903; x_wconf 81' lang='lat' dir='ltr'><strong>linguam</strong></span> <span class='ocrx_word' id='word_1_62' title='bbox 1215 867 1341 894; x_wconf 82' lang='lat' dir='ltr'><strong>Latinam</strong></span> <span class='ocrx_word' id='word_1_63' title='bbox 1360 869 1415 904; x_wconf 89' lang='lat' dir='ltr'><strong>jam</strong></span> <span class='ocrx_word' id='word_1_64' title='bbox 1437 868 1544 903; x_wconf 83' lang='lat' dir='ltr'><strong>pridem</strong></span> <span class='ocrx_word' id='word_1_65' title='bbox 1563 870 1687 897; x_wconf 88' lang='lat' dir='ltr'><strong>traducta</strong></span> <span class='ocrx_word' id='word_1_66' title='bbox 1706 875 1780 904; x_wconf 90' lang='lat' dir='ltr'><strong>sunt,</strong></span> <span class='ocrx_word' id='word_1_67' title='bbox 1797 880 1848 908; x_wconf 80' lang='lat' dir='ltr'><strong>ego</strong></span> 
     </span>
    </p>
   </div>
   <div class='ocr_carea' id='block_1_11' title="bbox 202 915 1848 955">
    <p class='ocr_par' dir='ltr' id='par_1_11' title="bbox 202 915 1848 955">
     <span class='ocr_line' id='line_1_11' title="bbox 202 915 1848 955; baseline -0.001 -8"><span class='ocrx_word' id='word_1_68' title='bbox 202 920 317 955; x_wconf 79' lang='lat' dir='ltr'><strong>quidem</strong></span> <span class='ocrx_word' id='word_1_69' title='bbox 332 919 489 951; x_wconf 83' lang='lat' dir='ltr'><strong>Eranisten,</strong></span> <span class='ocrx_word' id='word_1_70' title='bbox 513 925 560 946; x_wconf 80' lang='lat' dir='ltr'><strong>seu</strong></span> <span class='ocrx_word' id='word_1_71' title='bbox 586 916 812 953; x_wconf 78' lang='lat' dir='ltr'><strong>Polymorphum,</strong></span> <span class='ocrx_word' id='word_1_72' title='bbox 826 923 882 950; x_wconf 93' lang='lat' dir='ltr'><strong>quo</strong></span> <span class='ocrx_word' id='word_1_73' title='bbox 898 915 1032 942; x_wconf 81' lang='lat' dir='ltr'><strong>adversus</strong></span> <span class='ocrx_word' id='word_1_74' title='bbox 1048 915 1090 941; x_wconf 89' lang='lat' dir='ltr'><strong>sui</strong></span> <span class='ocrx_word' id='word_1_75' title='bbox 1108 915 1240 950; x_wconf 87' lang='lat' dir='ltr'><strong>temporis</strong></span> <span class='ocrx_word' id='word_1_76' title='bbox 1262 915 1406 950; x_wconf 64' lang='lat' dir='ltr'><strong>haereticos</strong></span> <span class='ocrx_word' id='word_1_77' title='bbox 1427 915 1574 951; x_wconf 77' lang='lat' dir='ltr'><strong>depugnat,</strong></span> <span class='ocrx_word' id='word_1_78' title='bbox 1591 916 1659 943; x_wconf 86' lang='lat' dir='ltr'><strong>nulli</strong></span> <span class='ocrx_word' id='word_1_79' title='bbox 1676 925 1736 944; x_wconf 89' lang='lat' dir='ltr'><strong>esse</strong></span> <span class='ocrx_word' id='word_1_80' title='bbox 1752 925 1848 945; x_wconf 90' lang='lat' dir='ltr'><strong>eorum</strong></span> 
     </span>
    </p>
   </div>
   <div class='ocr_carea' id='block_1_12' title="bbox 207 961 1848 1001">
    <p class='ocr_par' dir='ltr' id='par_1_12' title="bbox 207 961 1848 1001">
     <span class='ocr_line' id='line_1_12' title="bbox 207 961 1848 1001; baseline -0.002 -7"><span class='ocrx_word' id='word_1_81' title='bbox 207 966 430 1001; x_wconf 87' lang='lat' dir='ltr'><strong>postponendum</strong></span> <span class='ocrx_word' id='word_1_82' title='bbox 446 965 584 992; x_wconf 79' lang='lat' dir='ltr'><strong>existimo.</strong></span> <span class='ocrx_word' id='word_1_83' title='bbox 603 963 689 991; x_wconf 83' lang='lat' dir='ltr'><strong>Liber</strong></span> <span class='ocrx_word' id='word_1_84' title='bbox 700 970 820 998; x_wconf 87' lang='lat' dir='ltr'><strong>quoque,</strong></span> <span class='ocrx_word' id='word_1_85' title='bbox 835 969 917 997; x_wconf 85' lang='lat' dir='ltr'><strong>quem</strong></span> <span class='ocrx_word' id='word_1_86' title='bbox 933 961 972 989; x_wconf 88' lang='lat' dir='ltr'><strong>De</strong></span> <span class='ocrx_word' id='word_1_87' title='bbox 988 961 1123 996; x_wconf 85' lang='lat' dir='ltr'><strong>improbis</strong></span> <span class='ocrx_word' id='word_1_88' title='bbox 1144 961 1338 988; x_wconf 70' lang='lat' dir='ltr'><strong>haareticorum</strong></span> <span class='ocrx_word' id='word_1_89' title='bbox 1353 961 1453 988; x_wconf 88' lang='lat' dir='ltr'><strong>fabulis</strong></span> <span class='ocrx_word' id='word_1_90' title='bbox 1467 966 1495 989; x_wconf 90' lang='lat' dir='ltr'><strong>et</strong></span> <span class='ocrx_word' id='word_1_91' title='bbox 1508 962 1701 990; x_wconf 79' lang='lat' dir='ltr'><strong>ecclesiasticis</strong></span> <span class='ocrx_word' id='word_1_92' title='bbox 1715 963 1848 990; x_wconf 80' lang='lat' dir='ltr'><strong>doctrinis</strong></span> 
     </span>
    </p>
   </div>
   <div class='ocr_carea' id='block_1_13' title="bbox 207 1006 1849 1047">
    <p class='ocr_par' dir='ltr' id='par_1_13' title="bbox 207 1006 1849 1047">
     <span class='ocr_line' id='line_1_13' title="bbox 207 1006 1849 1047; baseline -0.001 -8"><span class='ocrx_word' id='word_1_93' title='bbox 207 1012 358 1047; x_wconf 76' lang='lat' dir='ltr'><strong>inscripsit,</strong></span> <span class='ocrx_word' id='word_1_94' title='bbox 380 1015 423 1039; x_wconf 87' lang='lat' dir='ltr'><strong>est</strong></span> <span class='ocrx_word' id='word_1_95' title='bbox 437 1010 584 1046; x_wconf 84' lang='lat' dir='ltr'><strong>ejusmodi,</strong></span> <span class='ocrx_word' id='word_1_96' title='bbox 603 1014 635 1037; x_wconf 90' lang='lat' dir='ltr'><strong>ut</strong></span> <span class='ocrx_word' id='word_1_97' title='bbox 652 1009 693 1036; x_wconf 89' lang='lat' dir='ltr'><strong>vel</strong></span> <span class='ocrx_word' id='word_1_98' title='bbox 712 1012 775 1044; x_wconf 87' lang='lat' dir='ltr'><strong>post</strong></span> <span class='ocrx_word' id='word_1_99' title='bbox 795 1006 940 1040; x_wconf 60' lang='lat' dir='ltr'><strong>Irenmum,</strong></span> <span class='ocrx_word' id='word_1_100' title='bbox 964 1007 1149 1042; x_wconf 90' lang='lat' dir='ltr'><strong>Epiphanium</strong></span> <span class='ocrx_word' id='word_1_101' title='bbox 1175 1011 1203 1035; x_wconf 89' lang='lat' dir='ltr'><strong>et</strong></span> <span class='ocrx_word' id='word_1_102' title='bbox 1219 1007 1413 1043; x_wconf 80' lang='lat' dir='ltr'><strong>Augustinum,</strong></span> <span class='ocrx_word' id='word_1_103' title='bbox 1432 1007 1479 1043; x_wconf 89' lang='lat' dir='ltr'><strong>qui</strong></span> <span class='ocrx_word' id='word_1_104' title='bbox 1499 1008 1630 1043; x_wconf 70' lang='lat' dir='ltr'><strong>prazelare</strong></span> <span class='ocrx_word' id='word_1_105' title='bbox 1646 1008 1680 1035; x_wconf 88' lang='lat' dir='ltr'><strong>de</strong></span> <span class='ocrx_word' id='word_1_106' title='bbox 1697 1009 1849 1038; x_wconf 74' lang='lat' dir='ltr'><strong>haeresibus</strong></span> 
     </span>
    </p>
   </div>
   <div class='ocr_carea' id='block_1_14' title="bbox 204 1052 1849 1093">
    <p class='ocr_par' dir='ltr' id='par_1_14' title="bbox 204 1052 1849 1093">
     <span class='ocr_line' id='line_1_14' title="bbox 204 1052 1849 1093; baseline -0.001 -8"><span class='ocrx_word' id='word_1_107' title='bbox 204 1057 388 1093; x_wconf 82' lang='lat' dir='ltr'><strong>scripserunt,</strong></span> <span class='ocrx_word' id='word_1_108' title='bbox 402 1057 438 1084; x_wconf 86' lang='lat' dir='ltr'><strong>sit</strong></span> <span class='ocrx_word' id='word_1_109' title='bbox 452 1057 526 1084; x_wconf 85' lang='lat' dir='ltr'><strong>lectu</strong></span> <span class='ocrx_word' id='word_1_110' title='bbox 540 1055 663 1084; x_wconf 87' lang='lat' dir='ltr'><strong>omnium</strong></span> <span class='ocrx_word' id='word_1_111' title='bbox 679 1054 867 1090; x_wconf 80' lang='lat' dir='ltr'><strong>dignissimus.</strong></span> <span class='ocrx_word' id='word_1_112' title='bbox 883 1054 999 1081; x_wconf 85' lang='lat' dir='ltr'><strong>Decreta</strong></span> <span class='ocrx_word' id='word_1_113' title='bbox 1014 1061 1081 1081; x_wconf 89' lang='lat' dir='ltr'><strong>vero</strong></span> <span class='ocrx_word' id='word_1_114' title='bbox 1097 1052 1284 1081; x_wconf 81' lang='lat' dir='ltr'><strong>ecclesiastica</strong></span> <span class='ocrx_word' id='word_1_115' title='bbox 1298 1058 1392 1089; x_wconf 88' lang='lat' dir='ltr'><strong>aperte</strong></span> <span class='ocrx_word' id='word_1_116' title='bbox 1407 1053 1537 1087; x_wconf 85' lang='lat' dir='ltr'><strong>ostendit,</strong></span> <span class='ocrx_word' id='word_1_117' title='bbox 1554 1063 1648 1082; x_wconf 88' lang='lat' dir='ltr'><strong>eorum</strong></span> <span class='ocrx_word' id='word_1_118' title='bbox 1663 1063 1723 1090; x_wconf 73' lang='lat' dir='ltr'><strong>qua:</strong></span> <span class='ocrx_word' id='word_1_119' title='bbox 1738 1057 1820 1084; x_wconf 85' lang='lat' dir='ltr'><strong>hodie</strong></span> <span class='ocrx_word' id='word_1_120' title='bbox 1833 1065 1849 1084; x_wconf 83' lang='lat' dir='ltr'><strong>a</strong></span> 
     </span>
    </p>
   </div>
   <div class='ocr_carea' id='block_1_15' title="bbox 203 1098 1847 1135">
    <p class='ocr_par' dir='ltr' id='par_1_15' title="bbox 203 1098 1847 1135">
     <span class='ocr_line' id='line_1_15' title="bbox 203 1098 1847 1135; baseline -0.002 -4"><span class='ocrx_word' id='word_1_121' title='bbox 203 1102 356 1132; x_wconf 80' lang='lat' dir='ltr'><strong>Catholicis</strong></span> <span class='ocrx_word' id='word_1_122' title='bbox 371 1107 399 1132; x_wconf 88' lang='lat' dir='ltr'><strong>et</strong></span> <span class='ocrx_word' id='word_1_123' title='bbox 414 1102 576 1131; x_wconf 84' lang='lat' dir='ltr'><strong>orthodoxis</strong></span> <span class='ocrx_word' id='word_1_124' title='bbox 591 1101 783 1132; x_wconf 78' lang='lat' dir='ltr'><strong>observantur,</strong></span> <span class='ocrx_word' id='word_1_125' title='bbox 797 1099 881 1126; x_wconf 90' lang='lat' dir='ltr'><strong>fuisse</strong></span> <span class='ocrx_word' id='word_1_126' title='bbox 901 1102 1062 1134; x_wconf 88' lang='lat' dir='ltr'><strong>perpetuam</strong></span> <span class='ocrx_word' id='word_1_127' title='bbox 1079 1102 1107 1125; x_wconf 90' lang='lat' dir='ltr'><strong>et</strong></span> <span class='ocrx_word' id='word_1_128' title='bbox 1125 1106 1140 1126; x_wconf 89' lang='lat' dir='ltr'><strong>a</strong></span> <span class='ocrx_word' id='word_1_129' title='bbox 1157 1098 1268 1126; x_wconf 82' lang='lat' dir='ltr'><strong>Christo</strong></span> <span class='ocrx_word' id='word_1_130' title='bbox 1281 1102 1308 1125; x_wconf 89' lang='lat' dir='ltr'><strong>et</strong></span> <span class='ocrx_word' id='word_1_131' title='bbox 1320 1098 1451 1133; x_wconf 78' lang='lat' dir='ltr'><strong>apostolis</strong></span> <span class='ocrx_word' id='word_1_132' title='bbox 1465 1107 1515 1134; x_wconf 85' lang='lat' dir='ltr'><strong>per</strong></span> <span class='ocrx_word' id='word_1_133' title='bbox 1527 1106 1624 1127; x_wconf 90' lang='lat' dir='ltr'><strong>manus</strong></span> <span class='ocrx_word' id='word_1_134' title='bbox 1637 1105 1776 1135; x_wconf 83' lang='lat' dir='ltr'><strong>acceptam</strong></span> <span class='ocrx_word' id='word_1_135' title='bbox 1791 1106 1847 1128; x_wconf 89' lang='lat' dir='ltr'><strong>tra-</strong></span> 
     </span>
    </p>
   </div>
   <div class='ocr_carea' id='block_1_16' title="bbox 204 1143 1847 1185">
    <p class='ocr_par' dir='ltr' id='par_1_16' title="bbox 204 1143 1847 1185">
     <span class='ocr_line' id='line_1_16' title="bbox 204 1143 1847 1185; baseline -0.002 -7"><span class='ocrx_word' id='word_1_136' title='bbox 204 1150 350 1178; x_wconf 86' lang='lat' dir='ltr'><strong>ditionem.</strong></span> <span class='ocrx_word' id='word_1_137' title='bbox 368 1150 425 1178; x_wconf 84' lang='lat' dir='ltr'><strong>Hoc</strong></span> <span class='ocrx_word' id='word_1_138' title='bbox 445 1157 512 1185; x_wconf 76' lang='lat' dir='ltr'><strong>ergo</strong></span> <span class='ocrx_word' id='word_1_139' title='bbox 534 1147 752 1184; x_wconf 83' lang='lat' dir='ltr'><strong>pulcherrimum</strong></span> <span class='ocrx_word' id='word_1_140' title='bbox 775 1154 844 1181; x_wconf 92' lang='lat' dir='ltr'><strong>opus</strong></span> <span class='ocrx_word' id='word_1_141' title='bbox 859 1143 1035 1177; x_wconf 73' lang='lat' dir='ltr'><strong>Theodoreti,</strong></span> <span class='ocrx_word' id='word_1_142' title='bbox 1052 1144 1125 1179; x_wconf 91' lang='lat' dir='ltr'><strong>quod</strong></span> <span class='ocrx_word' id='word_1_143' title='bbox 1146 1145 1225 1172; x_wconf 73' lang='lat' dir='ltr'><strong>bona:</strong></span> <span class='ocrx_word' id='word_1_144' title='bbox 1247 1145 1387 1171; x_wconf 61' lang='lat' dir='ltr'><strong>memoria:</strong></span> <span class='ocrx_word' id='word_1_145' title='bbox 1400 1145 1547 1173; x_wconf 88' lang='lat' dir='ltr'><strong>cardinalis</strong></span> <span class='ocrx_word' id='word_1_146' title='bbox 1565 1145 1739 1180; x_wconf 76' lang='lat' dir='ltr'><strong>Ardingellus</strong></span> <span class='ocrx_word' id='word_1_147' title='bbox 1754 1147 1847 1180; x_wconf 87' lang='lat' dir='ltr'><strong>paucis</strong></span> 
     </span>
    </p>
   </div>
   <div class='ocr_carea' id='block_1_17' title="bbox 202 1190 1845 1226">
    <p class='ocr_par' dir='ltr' id='par_1_17' title="bbox 202 1190 1845 1226">
     <span class='ocr_line' id='line_1_17' title="bbox 202 1190 1845 1226; baseline -0.003 -3"><span class='ocrx_word' id='word_1_148' title='bbox 202 1195 308 1223; x_wconf 77' lang='lat' dir='ltr'><strong>abhinc</strong></span> <span class='ocrx_word' id='word_1_149' title='bbox 322 1195 462 1222; x_wconf 83' lang='lat' dir='ltr'><strong>mensibus</strong></span> <span class='ocrx_word' id='word_1_150' title='bbox 478 1194 506 1221; x_wconf 93' lang='lat' dir='ltr'><strong>in</strong></span> <span class='ocrx_word' id='word_1_151' title='bbox 521 1195 612 1221; x_wconf 86' lang='lat' dir='ltr'><strong>lucem</strong></span> <span class='ocrx_word' id='word_1_152' title='bbox 625 1193 721 1225; x_wconf 71' lang='lat' dir='ltr'><strong>Graece</strong></span> <span class='ocrx_word' id='word_1_153' title='bbox 737 1191 876 1220; x_wconf 88' lang='lat' dir='ltr'><strong>edendum</strong></span> <span class='ocrx_word' id='word_1_154' title='bbox 894 1193 1052 1222; x_wconf 81' lang='lat' dir='ltr'><strong>curaverat,</strong></span> <span class='ocrx_word' id='word_1_155' title='bbox 1068 1198 1131 1217; x_wconf 89' lang='lat' dir='ltr'><strong>cum</strong></span> <span class='ocrx_word' id='word_1_156' title='bbox 1153 1193 1200 1216; x_wconf 92' lang='lat' dir='ltr'><strong>tuo</strong></span> <span class='ocrx_word' id='word_1_157' title='bbox 1225 1190 1335 1217; x_wconf 88' lang='lat' dir='ltr'><strong>hortatu</strong></span> <span class='ocrx_word' id='word_1_158' title='bbox 1355 1190 1385 1217; x_wconf 91' lang='lat' dir='ltr'><strong>in</strong></span> <span class='ocrx_word' id='word_1_159' title='bbox 1409 1191 1528 1226; x_wconf 78' lang='lat' dir='ltr'><strong>linguam</strong></span> <span class='ocrx_word' id='word_1_160' title='bbox 1542 1191 1665 1219; x_wconf 82' lang='lat' dir='ltr'><strong>Latinam</strong></span> <span class='ocrx_word' id='word_1_161' title='bbox 1683 1192 1845 1225; x_wconf 70' lang='lat' dir='ltr'><strong>vertissent,</strong></span> 
     </span>
    </p>
   </div>
   <div class='ocr_carea' id='block_1_18' title="bbox 202 1238 1847 1275">
    <p class='ocr_par' dir='ltr' id='par_1_18' title="bbox 202 1238 1847 1275">
     <span class='ocr_line' id='line_1_18' title="bbox 202 1238 1847 1275; baseline -0.002 -5"><span class='ocrx_word' id='word_1_162' title='bbox 202 1247 233 1270; x_wconf 84' lang='lat' dir='ltr'><strong>et</strong></span> <span class='ocrx_word' id='word_1_163' title='bbox 249 1243 277 1270; x_wconf 97' lang='lat' dir='ltr'><strong>in</strong></span> <span class='ocrx_word' id='word_1_164' title='bbox 294 1243 384 1270; x_wconf 89' lang='lat' dir='ltr'><strong>lucem</strong></span> <span class='ocrx_word' id='word_1_165' title='bbox 403 1242 485 1270; x_wconf 90' lang='lat' dir='ltr'><strong>edere</strong></span> <span class='ocrx_word' id='word_1_166' title='bbox 505 1241 675 1273; x_wconf 85' lang='lat' dir='ltr'><strong>statuissem,</strong></span> <span class='ocrx_word' id='word_1_167' title='bbox 689 1245 717 1268; x_wconf 88' lang='lat' dir='ltr'><strong>et</strong></span> <span class='ocrx_word' id='word_1_168' title='bbox 732 1239 804 1275; x_wconf 81' lang='lat' dir='ltr'><strong>apud</strong></span> <span class='ocrx_word' id='word_1_169' title='bbox 821 1247 864 1267; x_wconf 88' lang='lat' dir='ltr'><strong>me</strong></span> <span class='ocrx_word' id='word_1_170' title='bbox 877 1246 1040 1275; x_wconf 67' lang='lat' dir='ltr'><strong>quaererem,</strong></span> <span class='ocrx_word' id='word_1_171' title='bbox 1059 1239 1201 1273; x_wconf 85' lang='lat' dir='ltr'><strong>cujusnam</strong></span> <span class='ocrx_word' id='word_1_172' title='bbox 1215 1238 1388 1273; x_wconf 82' lang='lat' dir='ltr'><strong>potissimum</strong></span> <span class='ocrx_word' id='word_1_173' title='bbox 1402 1238 1532 1273; x_wconf 86' lang='lat' dir='ltr'><strong>auspiciis</strong></span> <span class='ocrx_word' id='word_1_174' title='bbox 1549 1239 1577 1266; x_wconf 92' lang='lat' dir='ltr'><strong>in</strong></span> <span class='ocrx_word' id='word_1_175' title='bbox 1592 1239 1734 1267; x_wconf 86' lang='lat' dir='ltr'><strong>doctorum</strong></span> <span class='ocrx_word' id='word_1_176' title='bbox 1749 1248 1847 1267; x_wconf 87' lang='lat' dir='ltr'><strong>manus</strong></span> 
     </span>
    </p>
   </div>
   <div class='ocr_carea' id='block_1_19' title="bbox 202 1285 1847 1323">
    <p class='ocr_par' dir='ltr' id='par_1_19' title="bbox 202 1285 1847 1323">
     <span class='ocr_line' id='line_1_19' title="bbox 202 1285 1847 1323; baseline -0.002 -5"><span class='ocrx_word' id='word_1_177' title='bbox 202 1291 304 1323; x_wconf 69' lang='lat' dir='ltr'><strong>exiret,</strong></span> <span class='ocrx_word' id='word_1_178' title='bbox 323 1295 353 1317; x_wconf 88' lang='lat' dir='ltr'><strong>tu</strong></span> <span class='ocrx_word' id='word_1_179' title='bbox 365 1298 437 1318; x_wconf 90' lang='lat' dir='ltr'><strong>unus</strong></span> <span class='ocrx_word' id='word_1_180' title='bbox 452 1290 520 1317; x_wconf 89' lang='lat' dir='ltr'><strong>mihi</strong></span> <span class='ocrx_word' id='word_1_181' title='bbox 534 1289 692 1321; x_wconf 86' lang='lat' dir='ltr'><strong>occurristi,</strong></span> <span class='ocrx_word' id='word_1_182' title='bbox 708 1288 756 1323; x_wconf 89' lang='lat' dir='ltr'><strong>qui</strong></span> <span class='ocrx_word' id='word_1_183' title='bbox 770 1295 832 1314; x_wconf 89' lang='lat' dir='ltr'><strong>cum</strong></span> <span class='ocrx_word' id='word_1_184' title='bbox 852 1286 1019 1322; x_wconf 88' lang='lat' dir='ltr'><strong>suscipiendi</strong></span> <span class='ocrx_word' id='word_1_185' title='bbox 1040 1285 1123 1321; x_wconf 89' lang='lat' dir='ltr'><strong>hujus</strong></span> <span class='ocrx_word' id='word_1_186' title='bbox 1138 1286 1262 1313; x_wconf 88' lang='lat' dir='ltr'><strong>muneris</strong></span> <span class='ocrx_word' id='word_1_187' title='bbox 1281 1293 1390 1312; x_wconf 81' lang='lat' dir='ltr'><strong>causam</strong></span> <span class='ocrx_word' id='word_1_188' title='bbox 1405 1285 1525 1317; x_wconf 89' lang='lat' dir='ltr'><strong>dederis,</strong></span> <span class='ocrx_word' id='word_1_189' title='bbox 1541 1286 1570 1313; x_wconf 87' lang='lat' dir='ltr'><strong>id</strong></span> <span class='ocrx_word' id='word_1_190' title='bbox 1587 1294 1696 1322; x_wconf 87' lang='lat' dir='ltr'><strong>quoque</strong></span> <span class='ocrx_word' id='word_1_191' title='bbox 1709 1288 1763 1322; x_wconf 87' lang='lat' dir='ltr'><strong>jam</strong></span> <span class='ocrx_word' id='word_1_192' title='bbox 1781 1295 1847 1322; x_wconf 85' lang='lat' dir='ltr'><strong>per-</strong></span> 
     </span>
    </p>
   </div>
   <div class='ocr_carea' id='block_1_20' title="bbox 202 1330 1846 1370">
    <p class='ocr_par' dir='ltr' id='par_1_20' title="bbox 202 1330 1846 1370">
     <span class='ocr_line' id='line_1_20' title="bbox 202 1330 1846 1370; baseline -0.003 -6"><span class='ocrx_word' id='word_1_193' title='bbox 202 1335 307 1365; x_wconf 78' lang='lat' dir='ltr'><strong>fectum</strong></span> <span class='ocrx_word' id='word_1_194' title='bbox 323 1337 447 1364; x_wconf 90' lang='lat' dir='ltr'><strong>omnium</strong></span> <span class='ocrx_word' id='word_1_195' title='bbox 465 1335 567 1370; x_wconf 92' lang='lat' dir='ltr'><strong>optime</strong></span> <span class='ocrx_word' id='word_1_196' title='bbox 583 1335 672 1370; x_wconf 88' lang='lat' dir='ltr'><strong>possis</strong></span> <span class='ocrx_word' id='word_1_197' title='bbox 684 1338 712 1362; x_wconf 94' lang='lat' dir='ltr'><strong>et</strong></span> <span class='ocrx_word' id='word_1_198' title='bbox 724 1333 793 1361; x_wconf 81' lang='lat' dir='ltr'><strong>velis</strong></span> <span class='ocrx_word' id='word_1_199' title='bbox 808 1333 967 1360; x_wconf 81' lang='lat' dir='ltr'><strong>defendere.</strong></span> <span class='ocrx_word' id='word_1_200' title='bbox 981 1331 1059 1365; x_wconf 81' lang='lat' dir='ltr'><strong>Quod</strong></span> <span class='ocrx_word' id='word_1_201' title='bbox 1075 1331 1188 1366; x_wconf 86' lang='lat' dir='ltr'><strong>quidem</strong></span> <span class='ocrx_word' id='word_1_202' title='bbox 1201 1338 1234 1358; x_wconf 91' lang='lat' dir='ltr'><strong>eo</strong></span> <span class='ocrx_word' id='word_1_203' title='bbox 1249 1335 1275 1357; x_wconf 87' lang='lat' dir='ltr'><strong>te</strong></span> <span class='ocrx_word' id='word_1_204' title='bbox 1293 1330 1435 1358; x_wconf 87' lang='lat' dir='ltr'><strong>lubentius</strong></span> <span class='ocrx_word' id='word_1_205' title='bbox 1449 1330 1585 1358; x_wconf 87' lang='lat' dir='ltr'><strong>facturum</strong></span> <span class='ocrx_word' id='word_1_206' title='bbox 1599 1332 1667 1358; x_wconf 86' lang='lat' dir='ltr'><strong>mihi</strong></span> <span class='ocrx_word' id='word_1_207' title='bbox 1683 1332 1846 1366; x_wconf 85' lang='lat' dir='ltr'><strong>persuadeo,</strong></span> 
     </span>
    </p>
   </div>
   <div class='ocr_carea' id='block_1_21' title="bbox 203 1377 1848 1419">
    <p class='ocr_par' dir='ltr' id='par_1_21' title="bbox 203 1377 1848 1419">
     <span class='ocr_line' id='line_1_21' title="bbox 203 1377 1848 1419; baseline -0.004 -7"><span class='ocrx_word' id='word_1_208' title='bbox 203 1384 289 1419; x_wconf 84' lang='lat' dir='ltr'><strong>quod,</strong></span> <span class='ocrx_word' id='word_1_209' title='bbox 301 1391 366 1411; x_wconf 83' lang='lat' dir='ltr'><strong>cum</strong></span> <span class='ocrx_word' id='word_1_210' title='bbox 390 1384 522 1418; x_wconf 63' lang='lat' dir='ltr'><strong>praeclara</strong></span> <span class='ocrx_word' id='word_1_211' title='bbox 543 1382 689 1410; x_wconf 86' lang='lat' dir='ltr'><strong>doctorum</strong></span> <span class='ocrx_word' id='word_1_212' title='bbox 713 1382 857 1409; x_wconf 85' lang='lat' dir='ltr'><strong>hominum</strong></span> <span class='ocrx_word' id='word_1_213' title='bbox 878 1379 1047 1407; x_wconf 89' lang='lat' dir='ltr'><strong>monimenta</strong></span> <span class='ocrx_word' id='word_1_214' title='bbox 1068 1379 1122 1406; x_wconf 85' lang='lat' dir='ltr'><strong>late</strong></span> <span class='ocrx_word' id='word_1_215' title='bbox 1140 1377 1301 1414; x_wconf 78' lang='lat' dir='ltr'><strong>propagari,</strong></span> <span class='ocrx_word' id='word_1_216' title='bbox 1320 1382 1347 1404; x_wconf 87' lang='lat' dir='ltr'><strong>et</strong></span> <span class='ocrx_word' id='word_1_217' title='bbox 1368 1385 1382 1404; x_wconf 87' lang='lat' dir='ltr'><strong>a</strong></span> <span class='ocrx_word' id='word_1_218' title='bbox 1399 1385 1509 1405; x_wconf 88' lang='lat' dir='ltr'><strong>carcere</strong></span> <span class='ocrx_word' id='word_1_219' title='bbox 1527 1385 1558 1404; x_wconf 89' lang='lat' dir='ltr'><strong>ac</strong></span> <span class='ocrx_word' id='word_1_220' title='bbox 1577 1377 1696 1404; x_wconf 85' lang='lat' dir='ltr'><strong>tenebris</strong></span> <span class='ocrx_word' id='word_1_221' title='bbox 1713 1378 1848 1405; x_wconf 85' lang='lat' dir='ltr'><strong>vindicari</strong></span> 
     </span>
    </p>
   </div>
   <div class='ocr_carea' id='block_1_22' title="bbox 201 1423 1847 1466">
    <p class='ocr_par' dir='ltr' id='par_1_22' title="bbox 201 1423 1847 1466">
     <span class='ocr_line' id='line_1_22' title="bbox 201 1423 1847 1466; baseline -0.004 -7"><span class='ocrx_word' id='word_1_222' title='bbox 201 1437 369 1466; x_wconf 79' lang='lat' dir='ltr'><strong>magnopere</strong></span> <span class='ocrx_word' id='word_1_223' title='bbox 388 1430 494 1465; x_wconf 85' lang='lat' dir='ltr'><strong>cupias,</strong></span> <span class='ocrx_word' id='word_1_224' title='bbox 511 1434 538 1457; x_wconf 89' lang='lat' dir='ltr'><strong>et</strong></span> <span class='ocrx_word' id='word_1_225' title='bbox 555 1433 586 1456; x_wconf 92' lang='lat' dir='ltr'><strong>ut</strong></span> <span class='ocrx_word' id='word_1_226' title='bbox 603 1429 650 1456; x_wconf 86' lang='lat' dir='ltr'><strong>ﬁat</strong></span> <span class='ocrx_word' id='word_1_227' title='bbox 665 1428 755 1464; x_wconf 87' lang='lat' dir='ltr'><strong>quoad</strong></span> <span class='ocrx_word' id='word_1_228' title='bbox 769 1429 829 1462; x_wconf 88' lang='lat' dir='ltr'><strong>ejus</strong></span> <span class='ocrx_word' id='word_1_229' title='bbox 843 1435 857 1454; x_wconf 92' lang='lat' dir='ltr'><strong>a</strong></span> <span class='ocrx_word' id='word_1_230' title='bbox 881 1431 906 1454; x_wconf 89' lang='lat' dir='ltr'><strong>te</strong></span> <span class='ocrx_word' id='word_1_231' title='bbox 924 1426 982 1453; x_wconf 87' lang='lat' dir='ltr'><strong>fieri</strong></span> <span class='ocrx_word' id='word_1_232' title='bbox 998 1429 1089 1460; x_wconf 82' lang='lat' dir='ltr'><strong>potest</strong></span> <span class='ocrx_word' id='word_1_233' title='bbox 1105 1425 1251 1456; x_wconf 85' lang='lat' dir='ltr'><strong>allabores,</strong></span> <span class='ocrx_word' id='word_1_234' title='bbox 1266 1423 1470 1451; x_wconf 88' lang='lat' dir='ltr'><strong>Theodoretum</strong></span> <span class='ocrx_word' id='word_1_235' title='bbox 1486 1428 1571 1455; x_wconf 87' lang='lat' dir='ltr'><strong>certe,</strong></span> <span class='ocrx_word' id='word_1_236' title='bbox 1587 1428 1698 1458; x_wconf 88' lang='lat' dir='ltr'><strong>propter</strong></span> <span class='ocrx_word' id='word_1_237' title='bbox 1713 1424 1847 1459; x_wconf 77' lang='lat' dir='ltr'><strong>insignem</strong></span> 
     </span>
    </p>
   </div>
   <div class='ocr_carea' id='block_1_23' title="bbox 201 1471 1845 1514">
    <p class='ocr_par' dir='ltr' id='par_1_23' title="bbox 201 1471 1845 1514">
     <span class='ocr_line' id='line_1_23' title="bbox 201 1471 1845 1514; baseline -0.004 -8"><span class='ocrx_word' id='word_1_238' title='bbox 201 1480 264 1514; x_wconf 76' lang='lat' dir='ltr'><strong>ejus</strong></span> <span class='ocrx_word' id='word_1_239' title='bbox 285 1479 439 1506; x_wconf 84' lang='lat' dir='ltr'><strong>doctrinam</strong></span> <span class='ocrx_word' id='word_1_240' title='bbox 458 1482 485 1505; x_wconf 93' lang='lat' dir='ltr'><strong>et</strong></span> <span class='ocrx_word' id='word_1_241' title='bbox 506 1477 708 1512; x_wconf 85' lang='lat' dir='ltr'><strong>eloquentiam,</strong></span> <span class='ocrx_word' id='word_1_242' title='bbox 731 1483 841 1511; x_wconf 85' lang='lat' dir='ltr'><strong>semper</strong></span> <span class='ocrx_word' id='word_1_243' title='bbox 863 1474 1038 1510; x_wconf 76' lang='lat' dir='ltr'><strong>singulariter</strong></span> <span class='ocrx_word' id='word_1_244' title='bbox 1059 1472 1205 1506; x_wconf 82' lang='lat' dir='ltr'><strong>dilexeris,</strong></span> <span class='ocrx_word' id='word_1_245' title='bbox 1226 1472 1382 1501; x_wconf 81' lang='lat' dir='ltr'><strong>honestaris</strong></span> <span class='ocrx_word' id='word_1_246' title='bbox 1404 1476 1431 1499; x_wconf 89' lang='lat' dir='ltr'><strong>et</strong></span> <span class='ocrx_word' id='word_1_247' title='bbox 1448 1471 1563 1498; x_wconf 88' lang='lat' dir='ltr'><strong>summis</strong></span> <span class='ocrx_word' id='word_1_248' title='bbox 1580 1471 1709 1499; x_wconf 88' lang='lat' dir='ltr'><strong>laudibus</strong></span> <span class='ocrx_word' id='word_1_249' title='bbox 1723 1472 1845 1500; x_wconf 78' lang='lat' dir='ltr'><strong>ornaris.</strong></span> 
     </span>
    </p>
   </div>
   <div class='ocr_carea' id='block_1_24' title="bbox 203 1522 455 1551">
    <p class='ocr_par' dir='ltr' id='par_1_24' title="bbox 203 1522 455 1551">
     <span class='ocr_line' id='line_1_24' title="bbox 203 1522 455 1551; baseline -0.004 0"><span class='ocrx_word' id='word_1_250' title='bbox 203 1524 281 1551; x_wconf 79' lang='lat' dir='ltr'><strong>Vale.</strong></span> <span class='ocrx_word' id='word_1_251' title='bbox 300 1522 455 1550; x_wconf 73' lang='lat' dir='ltr'><strong>MDXLVH.</strong></span> 
     </span>
    </p>
   </div>
   <div class='ocr_carea' id='block_1_25' title="bbox 273 1584 1776 1624">
    <p class='ocr_par' dir='ltr' id='par_1_25' title="bbox 273 1584 1776 1624">
     <span class='ocr_line' id='line_1_25' title="bbox 273 1584 1776 1624; baseline -0.003 -7"><span class='ocrx_word' id='word_1_252' title='bbox 273 1590 379 1618; x_wconf 70' lang='grc' dir='ltr'><strong>Νῖσοιαὶ</strong></span> <span class='ocrx_word' id='word_1_253' title='bbox 391 1588 529 1622; x_wconf 79' lang='lat' dir='ltr'><strong>Majorani</strong></span> <span class='ocrx_word' id='word_1_254' title='bbox 546 1589 591 1624; x_wconf 81' lang='lat' dir='ltr'><strong>qui</strong></span> <span class='ocrx_word' id='word_1_255' title='bbox 605 1596 739 1615; x_wconf 73' lang='lat' dir='ltr'><strong>sermones</strong></span> <span class='ocrx_word' id='word_1_256' title='bbox 754 1588 784 1614; x_wconf 85' lang='lat' dir='ltr'><strong>de</strong></span> <span class='ocrx_word' id='word_1_257' title='bbox 795 1586 965 1614; x_wconf 76' lang='lat' dir='ltr'><strong>Providentia</strong></span> <span class='ocrx_word' id='word_1_258' title='bbox 977 1586 1066 1614; x_wconf 76' lang='lat' dir='ltr'><strong>Crwce</strong></span> <span class='ocrx_word' id='word_1_259' title='bbox 1078 1587 1179 1622; x_wconf 76' lang='lat' dir='ltr'><strong>primus</strong></span> <span class='ocrx_word' id='word_1_260' title='bbox 1194 1587 1284 1619; x_wconf 83' lang='lat' dir='ltr'><strong>edidit,</strong></span> <span class='ocrx_word' id='word_1_261' title='bbox 1300 1586 1334 1613; x_wconf 82' lang='lat' dir='ltr'><strong>ad</strong></span> <span class='ocrx_word' id='word_1_262' title='bbox 1346 1586 1405 1613; x_wconf 85' lang='lat' dir='ltr'><strong>Nic.</strong></span> <span class='ocrx_word' id='word_1_263' title='bbox 1418 1584 1587 1621; x_wconf 82' lang='lat' dir='ltr'><strong>Rodulplmm</strong></span> <span class='ocrx_word' id='word_1_264' title='bbox 1602 1585 1776 1613; x_wconf 79' lang='lat' dir='ltr'><strong>cardinalem.</strong></span> 
     </span>
    </p>
   </div>
   <div class='ocr_carea' id='block_1_26' title="bbox 239 1655 1848 1691">
    <p class='ocr_par' dir='ltr' id='par_1_26' title="bbox 239 1655 1848 1691">
     <span class='ocr_line' id='line_1_26' title="bbox 239 1655 1848 1691; baseline -0.001 -6"><span class='ocrx_word' id='word_1_265' title='bbox 239 1659 307 1686; x_wconf 90' lang='lat' dir='ltr'><strong>Cum</strong></span> <span class='ocrx_word' id='word_1_266' title='bbox 321 1657 460 1685; x_wconf 69' lang='lat' dir='ltr'><strong>Vaticana:</strong></span> <span class='ocrx_word' id='word_1_267' title='bbox 476 1657 652 1684; x_wconf 62' lang='lat' dir='ltr'><strong>bibliotheca!</strong></span> <span class='ocrx_word' id='word_1_268' title='bbox 669 1664 762 1684; x_wconf 87' lang='lat' dir='ltr'><strong>curam</strong></span> <span class='ocrx_word' id='word_1_269' title='bbox 779 1656 919 1683; x_wconf 80' lang='lat' dir='ltr'><strong>Pontiﬁcis</strong></span> <span class='ocrx_word' id='word_1_270' title='bbox 935 1656 1045 1682; x_wconf 72' lang='lat' dir='ltr'><strong>Maximi</strong></span> <span class='ocrx_word' id='word_1_271' title='bbox 1060 1656 1138 1691; x_wconf 86' lang='lat' dir='ltr'><strong>jussu</strong></span> <span class='ocrx_word' id='word_1_272' title='bbox 1155 1656 1330 1690; x_wconf 82' lang='lat' dir='ltr'><strong>recepissem,</strong></span> <span class='ocrx_word' id='word_1_273' title='bbox 1349 1655 1417 1682; x_wconf 86' lang='lat' dir='ltr'><strong>nihil</strong></span> <span class='ocrx_word' id='word_1_274' title='bbox 1439 1656 1506 1682; x_wconf 89' lang='lat' dir='ltr'><strong>mihi</strong></span> <span class='ocrx_word' id='word_1_275' title='bbox 1528 1656 1620 1690; x_wconf 90' lang='lat' dir='ltr'><strong>potius</strong></span> <span class='ocrx_word' id='word_1_276' title='bbox 1641 1656 1702 1685; x_wconf 85' lang='lat' dir='ltr'><strong>fuit.</strong></span> <span class='ocrx_word' id='word_1_277' title='bbox 1721 1664 1802 1691; x_wconf 89' lang='lat' dir='ltr'><strong>quam</strong></span> <span class='ocrx_word' id='word_1_278' title='bbox 1817 1661 1848 1683; x_wconf 87' lang='lat' dir='ltr'><strong>ut</strong></span> 
     </span>
    </p>
   </div>
   <div class='ocr_carea' id='block_1_27' title="bbox 202 1701 1846 1738">
    <p class='ocr_par' dir='ltr' id='par_1_27' title="bbox 202 1701 1846 1738">
     <span class='ocr_line' id='line_1_27' title="bbox 202 1701 1846 1738; baseline -0.001 -7"><span class='ocrx_word' id='word_1_279' title='bbox 202 1704 290 1732; x_wconf 86' lang='lat' dir='ltr'><strong>libros</strong></span> <span class='ocrx_word' id='word_1_280' title='bbox 303 1703 479 1738; x_wconf 86' lang='lat' dir='ltr'><strong>superiorum</strong></span> <span class='ocrx_word' id='word_1_281' title='bbox 494 1709 648 1738; x_wconf 89' lang='lat' dir='ltr'><strong>temporum</strong></span> <span class='ocrx_word' id='word_1_282' title='bbox 660 1703 739 1737; x_wconf 86' lang='lat' dir='ltr'><strong>culpa</strong></span> <span class='ocrx_word' id='word_1_283' title='bbox 752 1701 934 1737; x_wconf 75' lang='lat' dir='ltr'><strong>negligentius</strong></span> <span class='ocrx_word' id='word_1_284' title='bbox 947 1701 1057 1728; x_wconf 88' lang='lat' dir='ltr'><strong>habitos</strong></span> <span class='ocrx_word' id='word_1_285' title='bbox 1069 1701 1102 1729; x_wconf 88' lang='lat' dir='ltr'><strong>ad</strong></span> <span class='ocrx_word' id='word_1_286' title='bbox 1118 1706 1226 1728; x_wconf 84' lang='lat' dir='ltr'><strong>certum</strong></span> <span class='ocrx_word' id='word_1_287' title='bbox 1244 1701 1370 1728; x_wconf 90' lang='lat' dir='ltr'><strong>ordinem</strong></span> <span class='ocrx_word' id='word_1_288' title='bbox 1383 1710 1551 1729; x_wconf 88' lang='lat' dir='ltr'><strong>revocarcm.</strong></span> <span class='ocrx_word' id='word_1_289' title='bbox 1565 1702 1642 1735; x_wconf 86' lang='lat' dir='ltr'><strong>Quod</strong></span> <span class='ocrx_word' id='word_1_290' title='bbox 1657 1711 1718 1729; x_wconf 83' lang='lat' dir='ltr'><strong>cum</strong></span> <span class='ocrx_word' id='word_1_291' title='bbox 1733 1710 1846 1729; x_wconf 85' lang='lat' dir='ltr'><strong>accura-</strong></span> 
     </span>
    </p>
   </div>
   <div class='ocr_carea' id='block_1_28' title="bbox 203 1746 1847 1782">
    <p class='ocr_par' dir='ltr' id='par_1_28' title="bbox 203 1746 1847 1782">
     <span class='ocr_line' id='line_1_28' title="bbox 203 1746 1847 1782; baseline -0.001 -6"><span class='ocrx_word' id='word_1_292' title='bbox 203 1751 260 1777; x_wconf 88' lang='lat' dir='ltr'><strong>tius</strong></span> <span class='ocrx_word' id='word_1_293' title='bbox 277 1748 411 1780; x_wconf 88' lang='lat' dir='ltr'><strong>facerem,</strong></span> <span class='ocrx_word' id='word_1_294' title='bbox 428 1747 595 1775; x_wconf 87' lang='lat' dir='ltr'><strong>Theodoreti</strong></span> <span class='ocrx_word' id='word_1_295' title='bbox 608 1747 710 1774; x_wconf 89' lang='lat' dir='ltr'><strong>librum</strong></span> <span class='ocrx_word' id='word_1_296' title='bbox 727 1747 765 1773; x_wconf 87' lang='lat' dir='ltr'><strong>De</strong></span> <span class='ocrx_word' id='word_1_297' title='bbox 775 1746 945 1773; x_wconf 78' lang='lat' dir='ltr'><strong>Providentia</strong></span> <span class='ocrx_word' id='word_1_298' title='bbox 961 1746 1010 1773; x_wconf 87' lang='lat' dir='ltr'><strong>Dei</strong></span> <span class='ocrx_word' id='word_1_299' title='bbox 1026 1746 1096 1773; x_wconf 89' lang='lat' dir='ltr'><strong>forte</strong></span> <span class='ocrx_word' id='word_1_300' title='bbox 1110 1746 1209 1781; x_wconf 78' lang='lat' dir='ltr'><strong>reperi.</strong></span> <span class='ocrx_word' id='word_1_301' title='bbox 1226 1754 1306 1782; x_wconf 87' lang='lat' dir='ltr'><strong>quem</strong></span> <span class='ocrx_word' id='word_1_302' title='bbox 1324 1755 1385 1774; x_wconf 88' lang='lat' dir='ltr'><strong>cum</strong></span> <span class='ocrx_word' id='word_1_303' title='bbox 1403 1747 1524 1775; x_wconf 87' lang='lat' dir='ltr'><strong>hominis</strong></span> <span class='ocrx_word' id='word_1_304' title='bbox 1540 1747 1574 1774; x_wconf 90' lang='lat' dir='ltr'><strong>ad</strong></span> <span class='ocrx_word' id='word_1_305' title='bbox 1592 1755 1654 1774; x_wconf 86' lang='lat' dir='ltr'><strong>cum</strong></span> <span class='ocrx_word' id='word_1_306' title='bbox 1670 1748 1743 1775; x_wconf 89' lang='lat' dir='ltr'><strong>diem</strong></span> <span class='ocrx_word' id='word_1_307' title='bbox 1761 1756 1794 1775; x_wconf 91' lang='lat' dir='ltr'><strong>ne</strong></span> <span class='ocrx_word' id='word_1_308' title='bbox 1813 1748 1847 1775; x_wconf 88' lang='lat' dir='ltr'><strong>de</strong></span> 
     </span>
    </p>
   </div>
   <div class='ocr_carea' id='block_1_29' title="bbox 202 1794 1847 1831">
    <p class='ocr_par' dir='ltr' id='par_1_29' title="bbox 202 1794 1847 1831">
     <span class='ocr_line' id='line_1_29' title="bbox 202 1794 1847 1831; baseline -0.001 -7"><span class='ocrx_word' id='word_1_309' title='bbox 202 1797 317 1825; x_wconf 84' lang='lat' dir='ltr'><strong>nomine</strong></span> <span class='ocrx_word' id='word_1_310' title='bbox 336 1795 449 1831; x_wconf 81' lang='lat' dir='ltr'><strong>quidem</strong></span> <span class='ocrx_word' id='word_1_311' title='bbox 465 1795 531 1822; x_wconf 89' lang='lat' dir='ltr'><strong>mihi</strong></span> <span class='ocrx_word' id='word_1_312' title='bbox 550 1796 608 1823; x_wconf 91' lang='lat' dir='ltr'><strong>noti</strong></span> <span class='ocrx_word' id='word_1_313' title='bbox 622 1795 805 1830; x_wconf 84' lang='lat' dir='ltr'><strong>cognoscendi</strong></span> <span class='ocrx_word' id='word_1_314' title='bbox 821 1802 904 1822; x_wconf 85' lang='lat' dir='ltr'><strong>causa</strong></span> <span class='ocrx_word' id='word_1_315' title='bbox 925 1794 1101 1830; x_wconf 80' lang='lat' dir='ltr'><strong>perlegissem</strong></span> <span class='ocrx_word' id='word_1_316' title='bbox 1112 1813 1119 1826; x_wconf 89' lang='lat'><strong>,</strong></span> <span class='ocrx_word' id='word_1_317' title='bbox 1133 1802 1166 1821; x_wconf 90' lang='lat' dir='ltr'><strong>eo</strong></span> <span class='ocrx_word' id='word_1_318' title='bbox 1179 1794 1288 1822; x_wconf 85' lang='lat' dir='ltr'><strong>dicendi</strong></span> <span class='ocrx_word' id='word_1_319' title='bbox 1309 1803 1409 1830; x_wconf 80' lang='lat' dir='ltr'><strong>genere</strong></span> <span class='ocrx_word' id='word_1_320' title='bbox 1430 1795 1616 1830; x_wconf 82' lang='lat' dir='ltr'><strong>orationisque</strong></span> <span class='ocrx_word' id='word_1_321' title='bbox 1644 1795 1777 1830; x_wconf 81' lang='lat' dir='ltr'><strong>elegantia</strong></span> <span class='ocrx_word' id='word_1_322' title='bbox 1788 1816 1794 1827; x_wconf 83' lang='grc'>.</span> <span class='ocrx_word' id='word_1_323' title='bbox 1813 1803 1847 1822; x_wconf 84' lang='lat' dir='ltr'><strong>eo</strong></span> 
     </span>
    </p>
   </div>
   <div class='ocr_carea' id='block_1_30' title="bbox 203 1841 1847 1879">
    <p class='ocr_par' dir='ltr' id='par_1_30' title="bbox 203 1841 1847 1879">
     <span class='ocr_line' id='line_1_30' title="bbox 203 1841 1847 1879; baseline -0.001 -9"><span class='ocrx_word' id='word_1_324' title='bbox 203 1843 394 1879; x_wconf 81' lang='lat' dir='ltr'><strong>dispositionis</strong></span> <span class='ocrx_word' id='word_1_325' title='bbox 407 1842 515 1875; x_wconf 86' lang='lat' dir='ltr'><strong>ordine,</strong></span> <span class='ocrx_word' id='word_1_326' title='bbox 528 1850 561 1870; x_wconf 90' lang='lat' dir='ltr'><strong>ea</strong></span> <span class='ocrx_word' id='word_1_327' title='bbox 583 1847 809 1878; x_wconf 82' lang='lat' dir='ltr'><strong>argumentorum</strong></span> <span class='ocrx_word' id='word_1_328' title='bbox 823 1841 974 1869; x_wconf 85' lang='lat' dir='ltr'><strong>subtilitate</strong></span> <span class='ocrx_word' id='word_1_329' title='bbox 991 1846 1018 1869; x_wconf 91' lang='lat' dir='ltr'><strong>et</strong></span> <span class='ocrx_word' id='word_1_330' title='bbox 1033 1842 1234 1869; x_wconf 85' lang='lat' dir='ltr'><strong>sententiarum</strong></span> <span class='ocrx_word' id='word_1_331' title='bbox 1252 1842 1383 1878; x_wconf 72' lang='lat' dir='ltr'><strong>gravitate</strong></span> <span class='ocrx_word' id='word_1_332' title='bbox 1398 1849 1429 1868; x_wconf 87' lang='lat' dir='ltr'><strong>ac</strong></span> <span class='ocrx_word' id='word_1_333' title='bbox 1445 1842 1523 1876; x_wconf 89' lang='lat' dir='ltr'><strong>copia</strong></span> <span class='ocrx_word' id='word_1_334' title='bbox 1540 1841 1674 1876; x_wconf 87' lang='lat' dir='ltr'><strong>scriptum</strong></span> <span class='ocrx_word' id='word_1_335' title='bbox 1695 1841 1798 1873; x_wconf 83' lang='lat' dir='ltr'><strong>inveni,</strong></span> <span class='ocrx_word' id='word_1_336' title='bbox 1817 1846 1847 1868; x_wconf 90' lang='lat' dir='ltr'><strong>ut</strong></span> 
     </span>
    </p>
   </div>
   <div class='ocr_carea' id='block_1_31' title="bbox 203 1887 1845 1925">
    <p class='ocr_par' dir='ltr' id='par_1_31' title="bbox 203 1887 1845 1925">
     <span class='ocr_line' id='line_1_31' title="bbox 203 1887 1845 1925; baseline -0.001 -8"><span class='ocrx_word' id='word_1_337' title='bbox 203 1891 264 1925; x_wconf 84' lang='lat' dir='ltr'><strong>ejus</strong></span> <span class='ocrx_word' id='word_1_338' title='bbox 284 1889 413 1922; x_wconf 85' lang='lat' dir='ltr'><strong>lectione,</strong></span> <span class='ocrx_word' id='word_1_339' title='bbox 435 1889 479 1916; x_wconf 91' lang='lat' dir='ltr'><strong>his</strong></span> <span class='ocrx_word' id='word_1_340' title='bbox 499 1888 652 1923; x_wconf 65' lang='lat' dir='ltr'><strong>praesertim</strong></span> <span class='ocrx_word' id='word_1_341' title='bbox 676 1888 856 1923; x_wconf 83' lang='lat' dir='ltr'><strong>temporibus,</strong></span> <span class='ocrx_word' id='word_1_342' title='bbox 871 1887 1088 1915; x_wconf 88' lang='lat' dir='ltr'><strong>Christianarum</strong></span> <span class='ocrx_word' id='word_1_343' title='bbox 1111 1888 1266 1915; x_wconf 90' lang='lat' dir='ltr'><strong>litterarum</strong></span> <span class='ocrx_word' id='word_1_344' title='bbox 1289 1893 1426 1915; x_wconf 85' lang='lat' dir='ltr'><strong>amatores</strong></span> <span class='ocrx_word' id='word_1_345' title='bbox 1441 1887 1568 1916; x_wconf 87' lang='lat' dir='ltr'><strong>fraudare</strong></span> <span class='ocrx_word' id='word_1_346' title='bbox 1583 1888 1660 1916; x_wconf 82' lang='lat' dir='ltr'><strong>nefas</strong></span> <span class='ocrx_word' id='word_1_347' title='bbox 1673 1889 1845 1923; x_wconf 79' lang='lat' dir='ltr'><strong>putaverim,</strong></span> 
     </span>
    </p>
   </div>
   <div class='ocr_carea' id='block_1_32' title="bbox 203 1933 1847 1969">
    <p class='ocr_par' dir='ltr' id='par_1_32' title="bbox 203 1933 1847 1969">
     <span class='ocr_line' id='line_1_32' title="bbox 203 1933 1847 1969; baseline -0.001 -6"><span class='ocrx_word' id='word_1_348' title='bbox 203 1936 256 1963; x_wconf 86' lang='lat' dir='ltr'><strong>etsi</strong></span> <span class='ocrx_word' id='word_1_349' title='bbox 274 1935 387 1962; x_wconf 87' lang='lat' dir='ltr'><strong>unicum</strong></span> <span class='ocrx_word' id='word_1_350' title='bbox 404 1939 509 1961; x_wconf 89' lang='lat' dir='ltr'><strong>tantum</strong></span> <span class='ocrx_word' id='word_1_351' title='bbox 525 1938 646 1961; x_wconf 87' lang='lat' dir='ltr'><strong>exstaret</strong></span> <span class='ocrx_word' id='word_1_352' title='bbox 667 1934 818 1968; x_wconf 82' lang='lat' dir='ltr'><strong>exemplar,</strong></span> <span class='ocrx_word' id='word_1_353' title='bbox 843 1933 925 1968; x_wconf 82' lang='lat' dir='ltr'><strong>idque</strong></span> <span class='ocrx_word' id='word_1_354' title='bbox 948 1942 962 1960; x_wconf 88' lang='lat' dir='ltr'><strong>a</strong></span> <span class='ocrx_word' id='word_1_355' title='bbox 981 1935 1035 1961; x_wconf 83' lang='lat' dir='ltr'><strong>situ</strong></span> <span class='ocrx_word' id='word_1_356' title='bbox 1050 1938 1079 1961; x_wconf 88' lang='lat' dir='ltr'><strong>et</strong></span> <span class='ocrx_word' id='word_1_357' title='bbox 1094 1934 1257 1969; x_wconf 87' lang='lat' dir='ltr'><strong>antiquitate</strong></span> <span class='ocrx_word' id='word_1_358' title='bbox 1274 1934 1342 1961; x_wconf 88' lang='lat' dir='ltr'><strong>adeo</strong></span> <span class='ocrx_word' id='word_1_359' title='bbox 1359 1934 1524 1967; x_wconf 87' lang='lat' dir='ltr'><strong>confectum,</strong></span> <span class='ocrx_word' id='word_1_360' title='bbox 1542 1938 1571 1961; x_wconf 90' lang='lat' dir='ltr'><strong>ut</strong></span> <span class='ocrx_word' id='word_1_361' title='bbox 1586 1934 1711 1969; x_wconf 88' lang='lat' dir='ltr'><strong>plurimis</strong></span> <span class='ocrx_word' id='word_1_362' title='bbox 1735 1935 1762 1961; x_wconf 92' lang='lat' dir='ltr'><strong>in</strong></span> <span class='ocrx_word' id='word_1_363' title='bbox 1778 1935 1847 1962; x_wconf 87' lang='lat' dir='ltr'><strong>locis</strong></span> 
     </span>
    </p>
   </div>
   <div class='ocr_carea' id='block_1_33' title="bbox 203 1979 1845 2017">
    <p class='ocr_par' dir='ltr' id='par_1_33' title="bbox 203 1979 1845 2017">
     <span class='ocr_line' id='line_1_33' title="bbox 203 1979 1845 2017; baseline -0.001 -8"><span class='ocrx_word' id='word_1_364' title='bbox 203 1983 258 2017; x_wconf 79' lang='lat' dir='ltr'><strong>legi</strong></span> <span class='ocrx_word' id='word_1_365' title='bbox 271 1982 315 2008; x_wconf 78' lang='lat' dir='ltr'><strong>vix</strong></span> <span class='ocrx_word' id='word_1_366' title='bbox 330 1985 433 2016; x_wconf 84' lang='lat' dir='ltr'><strong>posset.</strong></span> <span class='ocrx_word' id='word_1_367' title='bbox 451 1980 575 2015; x_wconf 88' lang='lat' dir='ltr'><strong>Cumque</strong></span> <span class='ocrx_word' id='word_1_368' title='bbox 590 1988 633 2007; x_wconf 91' lang='lat' dir='ltr'><strong>me</strong></span> <span class='ocrx_word' id='word_1_369' title='bbox 645 1980 828 2015; x_wconf 86' lang='lat' dir='ltr'><strong>accingerem,</strong></span> <span class='ocrx_word' id='word_1_370' title='bbox 847 1983 878 2006; x_wconf 88' lang='lat' dir='ltr'><strong>ut</strong></span> <span class='ocrx_word' id='word_1_371' title='bbox 894 1980 1097 2015; x_wconf 88' lang='lat' dir='ltr'><strong>quamprimum</strong></span> <span class='ocrx_word' id='word_1_372' title='bbox 1110 1987 1192 2014; x_wconf 89' lang='lat' dir='ltr'><strong>quam</strong></span> <span class='ocrx_word' id='word_1_373' title='bbox 1208 1979 1401 2015; x_wconf 79' lang='lat' dir='ltr'><strong>integerrimus</strong></span> <span class='ocrx_word' id='word_1_374' title='bbox 1417 1980 1439 2007; x_wconf 89' lang='lat' dir='ltr'><strong>is</strong></span> <span class='ocrx_word' id='word_1_375' title='bbox 1451 1984 1547 2008; x_wconf 90' lang='lat' dir='ltr'><strong>auctor</strong></span> <span class='ocrx_word' id='word_1_376' title='bbox 1559 1980 1586 2006; x_wconf 90' lang='lat' dir='ltr'><strong>iu</strong></span> <span class='ocrx_word' id='word_1_377' title='bbox 1606 1980 1694 2007; x_wconf 89' lang='lat' dir='ltr'><strong>lucem</strong></span> <span class='ocrx_word' id='word_1_378' title='bbox 1710 1981 1845 2016; x_wconf 84' lang='lat' dir='ltr'><strong>prodiret,</strong></span> 
     </span>
    </p>
   </div>
   <div class='ocr_carea' id='block_1_34' title="bbox 204 2027 1845 2063">
    <p class='ocr_par' dir='ltr' id='par_1_34' title="bbox 204 2027 1845 2063">
     <span class='ocr_line' id='line_1_34' title="bbox 204 2027 1845 2063; baseline 0.001 -8"><span class='ocrx_word' id='word_1_379' title='bbox 204 2029 233 2056; x_wconf 88' lang='lat' dir='ltr'><strong>id</strong></span> <span class='ocrx_word' id='word_1_380' title='bbox 247 2029 329 2056; x_wconf 88' lang='lat' dir='ltr'><strong>etiam</strong></span> <span class='ocrx_word' id='word_1_381' title='bbox 346 2028 451 2060; x_wconf 86' lang='lat' dir='ltr'><strong>curavi,</strong></span> <span class='ocrx_word' id='word_1_382' title='bbox 470 2033 501 2056; x_wconf 90' lang='lat' dir='ltr'><strong>ut</strong></span> <span class='ocrx_word' id='word_1_383' title='bbox 518 2029 570 2056; x_wconf 88' lang='lat' dir='ltr'><strong>sub</strong></span> <span class='ocrx_word' id='word_1_384' title='bbox 588 2033 634 2055; x_wconf 92' lang='lat' dir='ltr'><strong>tuo</strong></span> <span class='ocrx_word' id='word_1_385' title='bbox 649 2028 761 2057; x_wconf 90' lang='lat' dir='ltr'><strong>nomine</strong></span> <span class='ocrx_word' id='word_1_386' title='bbox 778 2027 917 2061; x_wconf 85' lang='lat' dir='ltr'><strong>ederetur,</strong></span> <span class='ocrx_word' id='word_1_387' title='bbox 936 2028 983 2062; x_wconf 88' lang='lat' dir='ltr'><strong>qui</strong></span> <span class='ocrx_word' id='word_1_388' title='bbox 1004 2032 1032 2058; x_wconf 76' lang='lat' dir='ltr'><strong>et</strong></span> <span class='ocrx_word' id='word_1_389' title='bbox 1049 2028 1204 2055; x_wconf 88' lang='lat' dir='ltr'><strong>litterarum</strong></span> <span class='ocrx_word' id='word_1_390' title='bbox 1220 2028 1344 2061; x_wconf 88' lang='lat' dir='ltr'><strong>scientia,</strong></span> <span class='ocrx_word' id='word_1_391' title='bbox 1359 2033 1387 2055; x_wconf 90' lang='lat' dir='ltr'><strong>et</strong></span> <span class='ocrx_word' id='word_1_392' title='bbox 1400 2028 1502 2063; x_wconf 88' lang='lat' dir='ltr'><strong>pietate</strong></span> <span class='ocrx_word' id='word_1_393' title='bbox 1515 2028 1684 2063; x_wconf 84' lang='lat' dir='ltr'><strong>reliquisque</strong></span> <span class='ocrx_word' id='word_1_394' title='bbox 1696 2028 1845 2057; x_wconf 82' lang='lat' dir='ltr'><strong>virtutibus</strong></span> 
     </span>
    </p>
   </div>
   <div class='ocr_carea' id='block_1_35' title="bbox 203 2065 1845 2112">
    <p class='ocr_par' dir='ltr' id='par_1_35' title="bbox 203 2065 1845 2112">
     <span class='ocr_line' id='line_1_35' title="bbox 203 2065 1845 2112; baseline 0.001 -10"><span class='ocrx_word' id='word_1_395' title='bbox 203 2079 361 2112; x_wconf 64' lang='lat' dir='ltr'><strong>praestares.</strong></span> <span class='ocrx_word' id='word_1_396' title='bbox 375 2075 436 2102; x_wconf 84' lang='lat' dir='ltr'><strong>Huc</strong></span> <span class='ocrx_word' id='word_1_397' title='bbox 448 2075 554 2102; x_wconf 87' lang='lat' dir='ltr'><strong>accedit</strong></span> <span class='ocrx_word' id='word_1_398' title='bbox 567 2079 677 2102; x_wconf 90' lang='lat' dir='ltr'><strong>tuorum</strong></span> <span class='ocrx_word' id='word_1_399' title='bbox 689 2083 753 2111; x_wconf 78' lang='lat' dir='ltr'><strong>erga</strong></span> <span class='ocrx_word' id='word_1_400' title='bbox 768 2083 810 2102; x_wconf 90' lang='lat' dir='ltr'><strong>me</strong></span> <span class='ocrx_word' id='word_1_401' title='bbox 827 2065 991 2102; x_wconf 78' lang='lat' dir='ltr'><strong>meritoruni</strong></span> <span class='ocrx_word' id='word_1_402' title='bbox 1005 2074 1173 2109; x_wconf 78' lang='lat' dir='ltr'><strong>magnitudo,</strong></span> <span class='ocrx_word' id='word_1_403' title='bbox 1191 2074 1238 2109; x_wconf 90' lang='lat' dir='ltr'><strong>qui</strong></span> <span class='ocrx_word' id='word_1_404' title='bbox 1255 2083 1303 2110; x_wconf 89' lang='lat' dir='ltr'><strong>per</strong></span> <span class='ocrx_word' id='word_1_405' title='bbox 1318 2075 1416 2110; x_wconf 83' lang='lat' dir='ltr'><strong>viginti</strong></span> <span class='ocrx_word' id='word_1_406' title='bbox 1430 2075 1487 2102; x_wconf 86' lang='lat' dir='ltr'><strong>fere</strong></span> <span class='ocrx_word' id='word_1_407' title='bbox 1501 2083 1589 2102; x_wconf 87' lang='lat' dir='ltr'><strong>annos</strong></span> <span class='ocrx_word' id='word_1_408' title='bbox 1606 2074 1734 2102; x_wconf 88' lang='lat' dir='ltr'><strong>omnibus</strong></span> <span class='ocrx_word' id='word_1_409' title='bbox 1750 2075 1845 2103; x_wconf 81' lang='lat' dir='ltr'><strong>oﬂiciis</strong></span> 
     </span>
    </p>
   </div>
   <div class='ocr_carea' id='block_1_36' title="bbox 203 2122 1571 2158">
    <p class='ocr_par' dir='ltr' id='par_1_36' title="bbox 203 2122 1571 2158">
     <span class='ocr_line' id='line_1_36' title="bbox 203 2122 1571 2158; baseline -0.001 -7"><span class='ocrx_word' id='word_1_410' title='bbox 203 2131 251 2151; x_wconf 84' lang='lat' dir='ltr'><strong>me</strong></span> <span class='ocrx_word' id='word_1_411' title='bbox 267 2131 376 2156; x_wconf 82' lang='lat' dir='ltr'><strong>ornare,</strong></span> <span class='ocrx_word' id='word_1_412' title='bbox 392 2123 467 2149; x_wconf 92' lang='lat' dir='ltr'><strong>omni</strong></span> <span class='ocrx_word' id='word_1_413' title='bbox 494 2123 664 2150; x_wconf 80' lang='lat' dir='ltr'><strong>humanitate</strong></span> <span class='ocrx_word' id='word_1_414' title='bbox 681 2123 826 2158; x_wconf 87' lang='lat' dir='ltr'><strong>complecti</strong></span> <span class='ocrx_word' id='word_1_415' title='bbox 844 2131 897 2150; x_wconf 88' lang='lat' dir='ltr'><strong>non</strong></span> <span class='ocrx_word' id='word_1_416' title='bbox 913 2122 1054 2150; x_wconf 88' lang='lat' dir='ltr'><strong>destitisti.</strong></span> <span class='ocrx_word' id='word_1_417' title='bbox 1071 2123 1164 2150; x_wconf 69' lang='lat' dir='ltr'><strong>Romae</strong></span> <span class='ocrx_word' id='word_1_418' title='bbox 1177 2122 1305 2155; x_wconf 78' lang='lat' dir='ltr'><strong>MDXLV,</strong></span> <span class='ocrx_word' id='word_1_419' title='bbox 1323 2131 1357 2150; x_wconf 70' lang='lat' dir='ltr'><strong>xv</strong></span> <span class='ocrx_word' id='word_1_420' title='bbox 1369 2123 1481 2151; x_wconf 76' lang='lat' dir='ltr'><strong>Kalend.</strong></span> <span class='ocrx_word' id='word_1_421' title='bbox 1496 2123 1571 2151; x_wconf 83' lang='lat' dir='ltr'><strong>Julii.</strong></span> 
     </span>
    </p>
   </div>
   <div class='ocr_carea' id='block_1_37' title="bbox 403 2189 1648 2228">
    <p class='ocr_par' dir='ltr' id='par_1_37' title="bbox 403 2189 1648 2228">
     <span class='ocr_line' id='line_1_37' title="bbox 403 2189 1648 2228; baseline 0.001 -9"><span class='ocrx_word' id='word_1_422' title='bbox 403 2191 534 2228; x_wconf 76' lang='lat' dir='ltr'><strong>Rodulplii</strong></span> <span class='ocrx_word' id='word_1_423' title='bbox 552 2191 674 2220; x_wconf 83' lang='lat' dir='ltr'><strong>Cualteri</strong></span> <span class='ocrx_word' id='word_1_424' title='bbox 687 2198 839 2218; x_wconf 70' lang='lat' dir='ltr'><strong>sermonum</strong></span> <span class='ocrx_word' id='word_1_425' title='bbox 855 2190 885 2216; x_wconf 81' lang='lat' dir='ltr'><strong>de</strong></span> <span class='ocrx_word' id='word_1_426' title='bbox 900 2189 1070 2217; x_wconf 80' lang='lat' dir='ltr'><strong>Providentia</strong></span> <span class='ocrx_word' id='word_1_427' title='bbox 1086 2190 1248 2225; x_wconf 72' lang='lat' dir='ltr'><strong>interpretis,</strong></span> <span class='ocrx_word' id='word_1_428' title='bbox 1267 2191 1301 2217; x_wconf 82' lang='lat' dir='ltr'><strong>ad</strong></span> <span class='ocrx_word' id='word_1_429' title='bbox 1318 2191 1474 2218; x_wconf 78' lang='lat' dir='ltr'><strong>Joacliinum</strong></span> <span class='ocrx_word' id='word_1_430' title='bbox 1491 2192 1648 2220; x_wconf 76' lang='lat' dir='ltr'><strong>Vadiamtm.</strong></span> 
     </span>
    </p>
   </div>
   <div class='ocr_carea' id='block_1_38' title="bbox 242 2259 1843 2294">
    <p class='ocr_par' dir='ltr' id='par_1_38' title="bbox 242 2259 1843 2294">
     <span class='ocr_line' id='line_1_38' title="bbox 242 2259 1843 2294; baseline 0.002 -5"><span class='ocrx_word' id='word_1_431' title='bbox 242 2262 409 2289; x_wconf 84' lang='lat' dir='ltr'><strong>Theodoreti</strong></span> <span class='ocrx_word' id='word_1_432' title='bbox 425 2262 563 2289; x_wconf 89' lang='lat' dir='ltr'><strong>orationes</strong></span> <span class='ocrx_word' id='word_1_433' title='bbox 578 2261 615 2288; x_wconf 90' lang='lat' dir='ltr'><strong>De</strong></span> <span class='ocrx_word' id='word_1_434' title='bbox 629 2260 804 2288; x_wconf 86' lang='lat' dir='ltr'><strong>Providentia</strong></span> <span class='ocrx_word' id='word_1_435' title='bbox 818 2260 966 2287; x_wconf 86' lang='lat' dir='ltr'><strong>Latinitate</strong></span> <span class='ocrx_word' id='word_1_436' title='bbox 982 2267 1031 2294; x_wconf 86' lang='lat' dir='ltr'><strong>per</strong></span> <span class='ocrx_word' id='word_1_437' title='bbox 1043 2267 1094 2287; x_wconf 88' lang='lat' dir='ltr'><strong>nos</strong></span> <span class='ocrx_word' id='word_1_438' title='bbox 1108 2259 1232 2292; x_wconf 84' lang='lat' dir='ltr'><strong>donatas,</strong></span> <span class='ocrx_word' id='word_1_439' title='bbox 1250 2263 1297 2286; x_wconf 90' lang='lat' dir='ltr'><strong>tuo</strong></span> <span class='ocrx_word' id='word_1_440' title='bbox 1308 2259 1481 2294; x_wconf 90' lang='lat' dir='ltr'><strong>potissimum</strong></span> <span class='ocrx_word' id='word_1_441' title='bbox 1495 2262 1599 2289; x_wconf 91' lang='lat' dir='ltr'><strong>nomini</strong></span> <span class='ocrx_word' id='word_1_442' title='bbox 1614 2263 1741 2290; x_wconf 87' lang='lat' dir='ltr'><strong>dedicare</strong></span> <span class='ocrx_word' id='word_1_443' title='bbox 1754 2264 1843 2292; x_wconf 82' lang='lat' dir='ltr'><strong>visum</strong></span> 
     </span>
    </p>
   </div>
   <div class='ocr_carea' id='block_1_39' title="bbox 159 2302 1843 2341">
    <p class='ocr_par' dir='ltr' id='par_1_39' title="bbox 159 2302 1843 2341">
     <span class='ocr_line' id='line_1_39' title="bbox 159 2302 1843 2341; baseline 0.002 -8"><span class='ocrx_word' id='word_1_444' title='bbox 159 2302 164 2306; x_wconf 83' lang='grc'><strong>’</strong></span> <span class='ocrx_word' id='word_1_445' title='bbox 203 2311 264 2339; x_wconf 87' lang='lat' dir='ltr'><strong>est,</strong></span> <span class='ocrx_word' id='word_1_446' title='bbox 289 2310 320 2333; x_wconf 91' lang='lat' dir='ltr'><strong>ut</strong></span> <span class='ocrx_word' id='word_1_447' title='bbox 341 2306 375 2333; x_wconf 87' lang='lat' dir='ltr'><strong>ad</strong></span> <span class='ocrx_word' id='word_1_448' title='bbox 396 2311 423 2334; x_wconf 85' lang='lat' dir='ltr'><strong>te</strong></span> <span class='ocrx_word' id='word_1_449' title='bbox 438 2307 541 2334; x_wconf 89' lang='lat' dir='ltr'><strong>rediret</strong></span> <span class='ocrx_word' id='word_1_450' title='bbox 553 2306 627 2341; x_wconf 90' lang='lat' dir='ltr'><strong>quod</strong></span> <span class='ocrx_word' id='word_1_451' title='bbox 642 2306 690 2333; x_wconf 87' lang='lat' dir='ltr'><strong>abs</strong></span> <span class='ocrx_word' id='word_1_452' title='bbox 706 2310 732 2333; x_wconf 86' lang='lat' dir='ltr'><strong>te</strong></span> <span class='ocrx_word' id='word_1_453' title='bbox 744 2305 900 2340; x_wconf 86' lang='lat' dir='ltr'><strong>profectum</strong></span> <span class='ocrx_word' id='word_1_454' title='bbox 920 2310 972 2332; x_wconf 89' lang='lat' dir='ltr'><strong>est.</strong></span> <span class='ocrx_word' id='word_1_455' title='bbox 986 2305 1026 2332; x_wconf 89' lang='lat' dir='ltr'><strong>Tu</strong></span> <span class='ocrx_word' id='word_1_456' title='bbox 1049 2305 1124 2332; x_wconf 90' lang='lat' dir='ltr'><strong>enim</strong></span> <span class='ocrx_word' id='word_1_457' title='bbox 1145 2313 1287 2339; x_wconf 88' lang='lat' dir='ltr'><strong>nunquam</strong></span> <span class='ocrx_word' id='word_1_458' title='bbox 1303 2306 1420 2333; x_wconf 86' lang='lat' dir='ltr'><strong>antehac</strong></span> <span class='ocrx_word' id='word_1_459' title='bbox 1434 2307 1515 2334; x_wconf 86' lang='lat' dir='ltr'><strong>nobis</strong></span> <span class='ocrx_word' id='word_1_460' title='bbox 1530 2308 1614 2339; x_wconf 85' lang='lat' dir='ltr'><strong>visas,</strong></span> <span class='ocrx_word' id='word_1_461' title='bbox 1636 2315 1699 2335; x_wconf 92' lang='lat' dir='ltr'><strong>cum</strong></span> <span class='ocrx_word' id='word_1_462' title='bbox 1719 2316 1753 2335; x_wconf 85' lang='lat' dir='ltr'><strong>ex</strong></span> <span class='ocrx_word' id='word_1_463' title='bbox 1766 2309 1843 2336; x_wconf 85' lang='lat' dir='ltr'><strong>Italia</strong></span> 
     </span>
    </p>
   </div>
   <div class='ocr_carea' id='block_1_40' title="bbox 203 2351 1844 2390">
    <p class='ocr_par' dir='ltr' id='par_1_40' title="bbox 203 2351 1844 2390">
     <span class='ocr_line' id='line_1_40' title="bbox 203 2351 1844 2390; baseline 0.003 -11"><span class='ocrx_word' id='word_1_464' title='bbox 203 2351 299 2379; x_wconf 62' lang='lat' dir='ltr'><strong>Romae</strong></span> <span class='ocrx_word' id='word_1_465' title='bbox 315 2359 406 2387; x_wconf 89' lang='lat' dir='ltr'><strong>nuper</strong></span> <span class='ocrx_word' id='word_1_466' title='bbox 422 2352 571 2387; x_wconf 87' lang='lat' dir='ltr'><strong>impressas</strong></span> <span class='ocrx_word' id='word_1_467' title='bbox 592 2351 756 2386; x_wconf 86' lang='lat' dir='ltr'><strong>accepisses,</strong></span> <span class='ocrx_word' id='word_1_468' title='bbox 780 2351 940 2386; x_wconf 74' lang='lat' dir='ltr'><strong>przeceptori</strong></span> <span class='ocrx_word' id='word_1_469' title='bbox 958 2356 1054 2378; x_wconf 89' lang='lat' dir='ltr'><strong>nostro</strong></span> <span class='ocrx_word' id='word_1_470' title='bbox 1076 2351 1252 2379; x_wconf 87' lang='lat' dir='ltr'><strong>transmisisti</strong></span> <span class='ocrx_word' id='word_1_471' title='bbox 1269 2361 1275 2378; x_wconf 91' lang='lat'><strong>:</strong></span> <span class='ocrx_word' id='word_1_472' title='bbox 1291 2352 1338 2387; x_wconf 91' lang='lat' dir='ltr'><strong>qui</strong></span> <span class='ocrx_word' id='word_1_473' title='bbox 1352 2352 1462 2380; x_wconf 87' lang='lat' dir='ltr'><strong>easdem</strong></span> <span class='ocrx_word' id='word_1_474' title='bbox 1486 2353 1552 2380; x_wconf 90' lang='lat' dir='ltr'><strong>mihi</strong></span> <span class='ocrx_word' id='word_1_475' title='bbox 1574 2355 1684 2387; x_wconf 86' lang='lat' dir='ltr'><strong>obtulit,</strong></span> <span class='ocrx_word' id='word_1_476' title='bbox 1703 2360 1799 2390; x_wconf 85' lang='lat' dir='ltr'><strong>petens</strong></span> <span class='ocrx_word' id='word_1_477' title='bbox 1813 2361 1844 2383; x_wconf 86' lang='lat' dir='ltr'><strong>ut</strong></span> 
     </span>
    </p>
   </div>
   <div class='ocr_carea' id='block_1_41' title="bbox 203 2397 1843 2436">
    <p class='ocr_par' dir='ltr' id='par_1_41' title="bbox 203 2397 1843 2436">
     <span class='ocr_line' id='line_1_41' title="bbox 203 2397 1843 2436; baseline 0.004 -13"><span class='ocrx_word' id='word_1_478' title='bbox 203 2404 255 2431; x_wconf 84' lang='lat' dir='ltr'><strong>per</strong></span> <span class='ocrx_word' id='word_1_479' title='bbox 267 2404 312 2424; x_wconf 86' lang='lat' dir='ltr'><strong>me</strong></span> <span class='ocrx_word' id='word_1_480' title='bbox 325 2397 422 2425; x_wconf 86' lang='lat' dir='ltr'><strong>Latine</strong></span> <span class='ocrx_word' id='word_1_481' title='bbox 437 2398 511 2433; x_wconf 85' lang='lat' dir='ltr'><strong>loqui</strong></span> <span class='ocrx_word' id='word_1_482' title='bbox 525 2398 674 2431; x_wconf 85' lang='lat' dir='ltr'><strong>discerent,</strong></span> <span class='ocrx_word' id='word_1_483' title='bbox 688 2406 749 2434; x_wconf 63' lang='lat' dir='ltr'><strong>quae</strong></span> <span class='ocrx_word' id='word_1_484' title='bbox 766 2399 900 2427; x_wconf 85' lang='lat' dir='ltr'><strong>hactenus</strong></span> <span class='ocrx_word' id='word_1_485' title='bbox 913 2398 1015 2426; x_wconf 71' lang='lat' dir='ltr'><strong>Graecis</strong></span> <span class='ocrx_word' id='word_1_486' title='bbox 1029 2401 1135 2426; x_wconf 87' lang='lat' dir='ltr'><strong>tantum</strong></span> <span class='ocrx_word' id='word_1_487' title='bbox 1151 2399 1265 2426; x_wconf 86' lang='lat' dir='ltr'><strong>auribus</strong></span> <span class='ocrx_word' id='word_1_488' title='bbox 1278 2399 1424 2427; x_wconf 71' lang='lat' dir='ltr'><strong>intellecta:</strong></span> <span class='ocrx_word' id='word_1_489' title='bbox 1441 2400 1557 2427; x_wconf 84' lang='lat' dir='ltr'><strong>fuerant.</strong></span> <span class='ocrx_word' id='word_1_490' title='bbox 1576 2401 1664 2436; x_wconf 81' lang='lat' dir='ltr'><strong>Atque</strong></span> <span class='ocrx_word' id='word_1_491' title='bbox 1678 2402 1781 2430; x_wconf 87' lang='lat' dir='ltr'><strong>utinam</strong></span> <span class='ocrx_word' id='word_1_492' title='bbox 1797 2403 1843 2430; x_wconf 92' lang='lat' dir='ltr'><strong>hic</strong></span> 
     </span>
    </p>
   </div>
   <div class='ocr_carea' id='block_1_42' title="bbox 203 2443 1842 2480">
    <p class='ocr_par' dir='ltr' id='par_1_42' title="bbox 203 2443 1842 2480">
     <span class='ocr_line' id='line_1_42' title="bbox 203 2443 1842 2480; baseline 0.004 -12"><span class='ocrx_word' id='word_1_493' title='bbox 203 2443 274 2469; x_wconf 89' lang='lat' dir='ltr'><strong>mihi</strong></span> <span class='ocrx_word' id='word_1_494' title='bbox 290 2450 322 2470; x_wconf 87' lang='lat' dir='ltr'><strong>ea</strong></span> <span class='ocrx_word' id='word_1_495' title='bbox 339 2443 472 2471; x_wconf 81' lang='lat' dir='ltr'><strong>adfuisset</strong></span> <span class='ocrx_word' id='word_1_496' title='bbox 487 2444 635 2471; x_wconf 86' lang='lat' dir='ltr'><strong>verborum</strong></span> <span class='ocrx_word' id='word_1_497' title='bbox 656 2444 708 2477; x_wconf 85' lang='lat' dir='ltr'><strong>vis,</strong></span> <span class='ocrx_word' id='word_1_498' title='bbox 724 2452 784 2479; x_wconf 76' lang='lat' dir='ltr'><strong>qua:</strong></span> <span class='ocrx_word' id='word_1_499' title='bbox 800 2443 991 2472; x_wconf 82' lang='lat' dir='ltr'><strong>fecundissimi</strong></span> <span class='ocrx_word' id='word_1_500' title='bbox 1012 2444 1155 2479; x_wconf 89' lang='lat' dir='ltr'><strong>scriptoris</strong></span> <span class='ocrx_word' id='word_1_501' title='bbox 1177 2444 1361 2480; x_wconf 86' lang='lat' dir='ltr'><strong>eloquentiam</strong></span> <span class='ocrx_word' id='word_1_502' title='bbox 1381 2445 1534 2480; x_wconf 81' lang='lat' dir='ltr'><strong>exprimere</strong></span> <span class='ocrx_word' id='word_1_503' title='bbox 1552 2446 1700 2480; x_wconf 77' lang='lat' dir='ltr'><strong>potuisset!</strong></span> <span class='ocrx_word' id='word_1_504' title='bbox 1716 2447 1770 2474; x_wconf 87' lang='lat' dir='ltr'><strong>Has</strong></span> <span class='ocrx_word' id='word_1_505' title='bbox 1788 2452 1842 2474; x_wconf 89' lang='lat' dir='ltr'><strong>tam</strong></span> 
     </span>
    </p>
   </div>
   <div class='ocr_carea' id='block_1_43' title="bbox 203 2488 1841 2526">
    <p class='ocr_par' dir='ltr' id='par_1_43' title="bbox 203 2488 1841 2526">
     <span class='ocr_line' id='line_1_43' title="bbox 203 2488 1841 2526; baseline 0.004 -12"><span class='ocrx_word' id='word_1_506' title='bbox 203 2488 252 2515; x_wconf 86' lang='lat' dir='ltr'><strong>diu</strong></span> <span class='ocrx_word' id='word_1_507' title='bbox 270 2490 395 2522; x_wconf 84' lang='lat' dir='ltr'><strong>amissas,</strong></span> <span class='ocrx_word' id='word_1_508' title='bbox 409 2497 528 2525; x_wconf 87' lang='lat' dir='ltr'><strong>cumque</strong></span> <span class='ocrx_word' id='word_1_509' title='bbox 542 2490 624 2518; x_wconf 85' lang='lat' dir='ltr'><strong>tineis</strong></span> <span class='ocrx_word' id='word_1_510' title='bbox 637 2495 665 2518; x_wconf 90' lang='lat' dir='ltr'><strong>et</strong></span> <span class='ocrx_word' id='word_1_511' title='bbox 678 2490 773 2517; x_wconf 87' lang='lat' dir='ltr'><strong>blattis</strong></span> <span class='ocrx_word' id='word_1_512' title='bbox 787 2490 890 2518; x_wconf 88' lang='lat' dir='ltr'><strong>bellum</strong></span> <span class='ocrx_word' id='word_1_513' title='bbox 913 2494 1050 2526; x_wconf 77' lang='lat' dir='ltr'><strong>gerentes,</strong></span> <span class='ocrx_word' id='word_1_514' title='bbox 1066 2490 1114 2517; x_wconf 89' lang='lat' dir='ltr'><strong>Dei</strong></span> <span class='ocrx_word' id='word_1_515' title='bbox 1136 2491 1307 2525; x_wconf 84' lang='lat' dir='ltr'><strong>providentia</strong></span> <span class='ocrx_word' id='word_1_516' title='bbox 1334 2496 1387 2518; x_wconf 91' lang='lat' dir='ltr'><strong>tam</strong></span> <span class='ocrx_word' id='word_1_517' title='bbox 1407 2492 1452 2526; x_wconf 90' lang='lat' dir='ltr'><strong>pie</strong></span> <span class='ocrx_word' id='word_1_518' title='bbox 1468 2492 1502 2519; x_wconf 90' lang='lat' dir='ltr'><strong>ab</strong></span> <span class='ocrx_word' id='word_1_519' title='bbox 1518 2492 1564 2519; x_wconf 93' lang='lat' dir='ltr'><strong>illo</strong></span> <span class='ocrx_word' id='word_1_520' title='bbox 1580 2496 1683 2520; x_wconf 89' lang='lat' dir='ltr'><strong>asserta</strong></span> <span class='ocrx_word' id='word_1_521' title='bbox 1706 2494 1841 2526; x_wconf 83' lang='lat' dir='ltr'><strong>inventas,</strong></span> 
     </span>
    </p>
   </div>
   <div class='ocr_carea' id='block_1_44' title="bbox 204 2530 1838 2575">
    <p class='ocr_par' dir='ltr' id='par_1_44' title="bbox 204 2530 1838 2575">
     <span class='ocr_line' id='line_1_44' title="bbox 204 2530 1838 2575; baseline 0.004 -15"><span class='ocrx_word' id='word_1_522' title='bbox 204 2533 359 2563; x_wconf 85' lang='lat' dir='ltr'><strong>doctissimi</strong></span> <span class='ocrx_word' id='word_1_523' title='bbox 371 2535 423 2562; x_wconf 85' lang='lat' dir='ltr'><strong>viri</strong></span> <span class='ocrx_word' id='word_1_524' title='bbox 437 2535 541 2562; x_wconf 82' lang='lat' dir='ltr'><strong>Nicolai</strong></span> <span class='ocrx_word' id='word_1_525' title='bbox 558 2535 687 2570; x_wconf 81' lang='lat' dir='ltr'><strong>Majorani</strong></span> <span class='ocrx_word' id='word_1_526' title='bbox 697 2555 704 2566; x_wconf 91' lang='lat'><strong>,</strong></span> <span class='ocrx_word' id='word_1_527' title='bbox 718 2535 854 2563; x_wconf 58' lang='lat' dir='ltr'><strong>Vaticana;</strong></span> <span class='ocrx_word' id='word_1_528' title='bbox 865 2535 908 2563; x_wconf 85' lang='lat' dir='ltr'><strong>vel</strong></span> <span class='ocrx_word' id='word_1_529' title='bbox 922 2535 1072 2562; x_wconf 84' lang='lat' dir='ltr'><strong>Pontiﬁciae</strong></span> <span class='ocrx_word' id='word_1_530' title='bbox 1087 2534 1260 2564; x_wconf 61' lang='lat' dir='ltr'><strong>bibliotheca</strong></span> <span class='ocrx_word' id='word_1_531' title='bbox 1274 2537 1411 2571; x_wconf 69' lang='lat' dir='ltr'><strong>praefecti,</strong></span> <span class='ocrx_word' id='word_1_532' title='bbox 1429 2530 1563 2564; x_wconf 83' lang='lat' dir='ltr'><strong>beneficio</strong></span> <span class='ocrx_word' id='word_1_533' title='bbox 1585 2538 1714 2568; x_wconf 77' lang='lat' dir='ltr'><strong>reddidit.</strong></span> <span class='ocrx_word' id='word_1_534' title='bbox 1732 2539 1838 2575; x_wconf 78' lang='lat' dir='ltr'><strong>Tiguri,</strong></span> 
     </span>
    </p>
   </div>
   <div class='ocr_carea' id='block_1_45' title="bbox 204 2581 742 2615">
    <p class='ocr_par' dir='ltr' id='par_1_45' title="bbox 204 2581 742 2615">
     <span class='ocr_line' id='line_1_45' title="bbox 204 2581 742 2615; baseline 0 -7"><span class='ocrx_word' id='word_1_535' title='bbox 204 2589 251 2609; x_wconf 80' lang='lat' dir='ltr'><strong>\‘lll</strong></span> <span class='ocrx_word' id='word_1_536' title='bbox 264 2581 329 2609; x_wconf 90' lang='lat' dir='ltr'><strong>ldus</strong></span> <span class='ocrx_word' id='word_1_537' title='bbox 344 2581 498 2615; x_wconf 85' lang='lat' dir='ltr'><strong>Februarii,</strong></span> <span class='ocrx_word' id='word_1_538' title='bbox 514 2589 586 2609; x_wconf 88' lang='lat' dir='ltr'><strong>anno</strong></span> <span class='ocrx_word' id='word_1_539' title='bbox 599 2581 742 2609; x_wconf 79' lang='lat' dir='ltr'><strong>MDXLVI.</strong></span> 
     </span>
    </p>
   </div>
   <div class='ocr_carea' id='block_1_46' title="bbox 204 2655 1839 2696">
    <p class='ocr_par' dir='ltr' id='par_1_46' title="bbox 204 2655 1839 2696">
     <span class='ocr_line' id='line_1_46' title="bbox 204 2655 1839 2696; baseline 0.002 -12"><span class='ocrx_word' id='word_1_540' title='bbox 204 2656 249 2684; x_wconf 65' lang='lat' dir='ltr'><strong>Et</strong></span> <span class='ocrx_word' id='word_1_541' title='bbox 262 2655 312 2682; x_wconf 80' lang='lat' dir='ltr'><strong>Fr.</strong></span> <span class='ocrx_word' id='word_1_542' title='bbox 329 2655 437 2684; x_wconf 79' lang='lat' dir='ltr'><strong>Zenobii</strong></span> <span class='ocrx_word' id='word_1_543' title='bbox 451 2656 568 2684; x_wconf 75' lang='lat' dir='ltr'><strong>Acciaoli</strong></span> <span class='ocrx_word' id='word_1_544' title='bbox 588 2656 696 2696; x_wconf 51' lang='lat' dir='ltr'><strong>prologo</strong></span> <span class='ocrx_word' id='word_1_545' title='bbox 715 2656 751 2696; x_wconf 67' lang='lat' dir='ltr'><strong>nd</strong></span> <span class='ocrx_word' id='word_1_546' title='bbox 760 2656 878 2696; x_wconf 44' lang='lat' dir='ltr'><strong>Leonem</strong></span> <span class='ocrx_word' id='word_1_547' title='bbox 898 2655 921 2683; x_wconf 82' lang='lat' dir='ltr'><strong><em>X</em></strong></span> <span class='ocrx_word' id='word_1_548' title='bbox 936 2655 1085 2696; x_wconf 58' lang='lat' dir='ltr'><strong>pontiﬁcem</strong></span> <span class='ocrx_word' id='word_1_549' title='bbox 1109 2656 1265 2696; x_wconf 64' lang='lat' dir='ltr'><strong>maximum.</strong></span> <span class='ocrx_word' id='word_1_550' title='bbox 1285 2657 1312 2683; x_wconf 86' lang='lat' dir='ltr'><strong>in</strong></span> <span class='ocrx_word' id='word_1_551' title='bbox 1330 2656 1410 2683; x_wconf 85' lang='lat' dir='ltr'><strong>libros</strong></span> <span class='ocrx_word' id='word_1_552' title='bbox 1426 2657 1590 2693; x_wconf 83' lang='lat' dir='ltr'><strong>Theodoreti,</strong></span> <span class='ocrx_word' id='word_1_553' title='bbox 1608 2668 1721 2696; x_wconf 82' lang='lat' dir='ltr'><strong>quorum</strong></span> <span class='ocrx_word' id='word_1_554' title='bbox 1735 2659 1839 2693; x_wconf 75' lang='lat' dir='ltr'><strong>titulus,</strong></span> 
     </span>
    </p>
   </div>
   <div class='ocr_carea' id='block_1_47' title="bbox 626 2691 1449 2726">
    <p class='ocr_par' dir='ltr' id='par_1_47' title="bbox 626 2691 1449 2726">
     <span class='ocr_line' id='line_1_47' title="bbox 626 2691 1449 2726; baseline 0.001 -7"><span class='ocrx_word' id='word_1_555' title='bbox 626 2692 737 2719; x_wconf 83' lang='lat' dir='ltr'><strong>Curatio</strong></span> <span class='ocrx_word' id='word_1_556' title='bbox 755 2691 909 2720; x_wconf 66' lang='lat' dir='ltr'><strong>Graecarum</strong></span> <span class='ocrx_word' id='word_1_557' title='bbox 925 2692 1103 2726; x_wconf 71' lang='lat' dir='ltr'><strong>affectionum,</strong></span> <span class='ocrx_word' id='word_1_558' title='bbox 1117 2691 1146 2718; x_wconf 86' lang='lat' dir='ltr'><strong>in</strong></span> <span class='ocrx_word' id='word_1_559' title='bbox 1161 2691 1286 2719; x_wconf 82' lang='lat' dir='ltr'><strong>Latinum</strong></span> <span class='ocrx_word' id='word_1_560' title='bbox 1302 2700 1449 2720; x_wconf 72' lang='lat' dir='ltr'><strong>conversos.</strong></span> 
     </span>
    </p>
   </div>
   <div class='ocr_carea' id='block_1_48' title="bbox 241 2759 1836 2801">
    <p class='ocr_par' dir='ltr' id='par_1_48' title="bbox 241 2759 1836 2801">
     <span class='ocr_line' id='line_1_48' title="bbox 241 2759 1836 2801; baseline 0.004 -15"><span class='ocrx_word' id='word_1_561' title='bbox 241 2759 305 2787; x_wconf 76' lang='lat' dir='ltr'><strong>Post</strong></span> <span class='ocrx_word' id='word_1_562' title='bbox 318 2760 383 2787; x_wconf 78' lang='lat' dir='ltr'><strong>alia.</strong></span> <span class='ocrx_word' id='word_1_563' title='bbox 397 2760 505 2787; x_wconf 88' lang='lat' dir='ltr'><strong>-—-Cum</strong></span> <span class='ocrx_word' id='word_1_564' title='bbox 519 2761 611 2796; x_wconf 88' lang='lat' dir='ltr'><strong>itaque</strong></span> <span class='ocrx_word' id='word_1_565' title='bbox 625 2761 660 2790; x_wconf 89' lang='lat' dir='ltr'><strong>ob</strong></span> <span class='ocrx_word' id='word_1_566' title='bbox 674 2761 796 2797; x_wconf 86' lang='lat' dir='ltr'><strong>ingentia</strong></span> <span class='ocrx_word' id='word_1_567' title='bbox 810 2766 856 2788; x_wconf 90' lang='lat' dir='ltr'><strong>tua</strong></span> <span class='ocrx_word' id='word_1_568' title='bbox 872 2761 900 2789; x_wconf 92' lang='lat' dir='ltr'><strong>in</strong></span> <span class='ocrx_word' id='word_1_569' title='bbox 913 2769 956 2789; x_wconf 91' lang='lat' dir='ltr'><strong>me</strong></span> <span class='ocrx_word' id='word_1_570' title='bbox 969 2761 1114 2795; x_wconf 75' lang='lat' dir='ltr'><strong>beneficia,</strong></span> <span class='ocrx_word' id='word_1_571' title='bbox 1134 2761 1289 2790; x_wconf 88' lang='lat' dir='ltr'><strong>redundare</strong></span> <span class='ocrx_word' id='word_1_572' title='bbox 1300 2762 1327 2788; x_wconf 94' lang='lat' dir='ltr'><strong>in</strong></span> <span class='ocrx_word' id='word_1_573' title='bbox 1344 2766 1369 2790; x_wconf 90' lang='lat' dir='ltr'><strong>te</strong></span> <span class='ocrx_word' id='word_1_574' title='bbox 1384 2763 1484 2791; x_wconf 84' lang='lat' dir='ltr'><strong>debeat</strong></span> <span class='ocrx_word' id='word_1_575' title='bbox 1497 2765 1628 2800; x_wconf 87' lang='lat' dir='ltr'><strong>quidquid</strong></span> <span class='ocrx_word' id='word_1_576' title='bbox 1642 2773 1656 2792; x_wconf 93' lang='lat' dir='ltr'><strong>a</strong></span> <span class='ocrx_word' id='word_1_577' title='bbox 1668 2773 1712 2793; x_wconf 91' lang='lat' dir='ltr'><strong>me</strong></span> <span class='ocrx_word' id='word_1_578' title='bbox 1723 2774 1772 2801; x_wconf 88' lang='lat' dir='ltr'><strong>per</strong></span> <span class='ocrx_word' id='word_1_579' title='bbox 1783 2766 1836 2792; x_wconf 79' lang='lat' dir='ltr'><strong>hoc</strong></span> 
     </span>
    </p>
   </div>
   <div class='ocr_carea' id='block_1_49' title="bbox 208 2806 1840 2849">
    <p class='ocr_par' dir='ltr' id='par_1_49' title="bbox 208 2806 1840 2849">
     <span class='ocr_line' id='line_1_49' title="bbox 208 2806 1840 2849; baseline 0.003 -16"><span class='ocrx_word' id='word_1_580' title='bbox 208 2806 257 2834; x_wconf 79' lang='lat' dir='ltr'><strong>abs</strong></span> <span class='ocrx_word' id='word_1_581' title='bbox 271 2812 295 2834; x_wconf 84' lang='lat' dir='ltr'><strong>te</strong></span> <span class='ocrx_word' id='word_1_582' title='bbox 314 2806 382 2833; x_wconf 87' lang='lat' dir='ltr'><strong>mihi</strong></span> <span class='ocrx_word' id='word_1_583' title='bbox 401 2814 562 2835; x_wconf 82' lang='lat' dir='ltr'><strong>concessum</strong></span> <span class='ocrx_word' id='word_1_584' title='bbox 580 2807 667 2835; x_wconf 83' lang='lat' dir='ltr'><strong>otium</strong></span> <span class='ocrx_word' id='word_1_585' title='bbox 685 2807 848 2841; x_wconf 64' lang='lat' dir='ltr'><strong>excutiatur,</strong></span> <span class='ocrx_word' id='word_1_586' title='bbox 862 2807 1032 2837; x_wconf 81' lang='lat' dir='ltr'><strong>dedicandos</strong></span> <span class='ocrx_word' id='word_1_587' title='bbox 1045 2807 1092 2835; x_wconf 85' lang='lat' dir='ltr'><strong>tibi</strong></span> <span class='ocrx_word' id='word_1_588' title='bbox 1105 2807 1198 2843; x_wconf 86' lang='lat' dir='ltr'><strong>putavi</strong></span> <span class='ocrx_word' id='word_1_589' title='bbox 1211 2815 1385 2849; x_wconf 30' lang='lat' dir='ltr'><strong>qllos‘nuper</strong></span> <span class='ocrx_word' id='word_1_590' title='bbox 1398 2808 1562 2844; x_wconf 75' lang='lat' dir='ltr'><strong>Theodoreti</strong></span> <span class='ocrx_word' id='word_1_591' title='bbox 1573 2810 1701 2847; x_wconf 80' lang='lat' dir='ltr'><strong>Cyrensis</strong></span> <span class='ocrx_word' id='word_1_592' title='bbox 1715 2811 1840 2846; x_wconf 77' lang='lat' dir='ltr'><strong>episcopi</strong></span> 
     </span>
    </p>
   </div>
  </div>
