1953 3055
135 193 182 224 29-
730 192 952 223 EMNISTES.
973 206 1006 211 —
1018 194 1223 227 nummo.
1368 182 1372 187 ’
1738 198 1774 231 εθ

132 248 188 279 τῆς
205 247 350 282 Παρθένου
364 247 409 274 τδν
422 247 488 274 Θεὸν
500 247 587 281 Δὸγον
604 247 707 280 λαϐεῖν,
724 249 757 274 ἐκ
770 249 820 284 τῆς
832 249 932 275 Βαλεν-

986 257 1052 277 vero
1068 258 1101 277 ex
1118 251 1230 287 Virgine
1253 251 1424 279 nativitatem
1447 251 1630 280 confiteantur
1649 256 1771 288 quidem,

131 296 223 331 τινρυ,
242 295 291 320 καὶ
306 293 545 332 Βαρδησάνοιρηβ),
563 293 609 319 καὶ
626 293 678 320 τῶν
690 294 795 326 τούτοις
820 287 933 330 ἀγχιθᾶἔ

136 349 195 375 ρων
208 339 401 375 τερατολογίας
416 338 562 374 ἐσύλησαν.
591 339 629 366 Τὸ
645 339 673 366 δέ
698 348 730 375 γε
759 340 822 375 μίαν
852 341 935 375 φύσιν

135 385 288 411 ἀποκαλεῖν
302 385 352 420 τὴν
366 384 481 419 θεότητα
501 384 549 410 τοῦ
577 385 714 412 Δεσπότου
741 386 858 420 Χριστοῦ
887 387 933 413 καὶ

134 430 187 464 τὴν
205 430 413 466 ἀνθρωπὼητα,
441 431 473 457 ὲκ
495 430 548 457 τῶν
571 431 759 467 ’Λπολιναρίου
786 432 932 467 φληνάφων

137 476 289 510 ὑφείλοντο.
316 476 402 503 Πάλιν
423 476 445 502 δ’
464 474 508 508 αὖ,
524 476 556 502 τὺ
571 478 604 512 τῇ
625 477 732 512 θεότητι
751 477 798 505 τοῦ
814 479 932 514 Χριστοῦ

137 523 310 557 προσάπτειν
333 522 364 549 τὸ
391 522 487 555 πάθος,
503 523 536 549 ἐκ
548 523 598 558 τῆς
620 523 726 559 Ἀρειον
739 526 786 551 καὶ
799 525 932 563 Εὐνομίαν

139 568 316 603 βλασφημίας
337 568 500 603 κεκλόφασιν
513 578 520 584 ·
537 570 575 602 ὼς
587 571 706 598 ἐοικέναι
721 571 798 607 τήνδε
813 571 862 607 τὴν
884 573 932 608 ἀρ-

138 614 190 648 χὴν
202 613 241 648 (ι)
252 614 373 648 ἀτεχνῶς
384 615 440 646 τοῖς
454 615 507 642 ὑπὸ
519 615 574 642 τῶν
584 616 741 652 προσαιτῶν
751 617 783 643 ὲκ
798 617 933 653 διαφόρων

138 659 245 695 ῥακίων
254 660 468 696 συναπτομένοις
474 661 636 696 έσθήμασιν.
645 659 682 689 OB
689 662 720 698 δὴ
729 663 820 698 χάριν,
829 663 934 697 W-

137 704 252 740 ajzr,ﬂ
260 706 469 742 Πολριέορςεον,
477 706 537 733 τόδε
549 707 746 743 προσαγορεύω
753 708 783 734 τὸ
794 708 934 744 σύγγραμ-

139 759 189 785 μα.
207 751 377 786 Διαλογικῶς
391 753 429 788 (5)
445 753 537 789 μέντοι
550 755 565 781 ὸ
581 754 659 789 λόγος
671 755 848 790 προϐήσεται,
863 757 933 791 ὲρω-

137 797 234 831 τήσεις
243 797 312 832 ἔχων
318 798 367 825 καὶ
376 799 599 835 ἀποκρίσεις,καὶ
607 801 764 836 προτάσεις,
774 801 820 828 καὶ
831 801 932 836 λύσεις,

139 842 189 869 καὶ
207 843 372 876 ἀντιθέσεις,
391 845 439 872 καὶ
451 846 485 873 τὰ
498 846 567 873 ἀλλα
579 847 631 873 ὅσα
648 847 696 873 τοῦ
708 847 864 882 διαλογικοῦ
879 847 932 875 ίδια

139 890 328 926 χαρακτῆρος.
344 892 385 918 Τὰ
399 892 427 919 δέ
443 901 474 927 γε
490 893 546 920 τῶν
561 893 726 929 ἐρωτώντων
750 895 798 921 καὶ
819 895 935 932 ἀποκρι-

139 937 262 972 νομένων
276 938 410 973 ὀνόματα,
423 939 453 965 οὐ
466 939 505 974 τῷ
521 939 628 975 σώματι
642 940 690 967 τοῦ
703 941 783 975 λόγου
800 941 934 974 συντάξω,

138 982 269 1018 καθάπερ
282 983 307 1009 οἱ
326 984 410 1010 πάλαι
425 984 480 1011 τῶν
500 984 636 1021 Ἐλλήνων
653 986 740 1022 σοφοὶ,
766 987 824 1014 ἀλλ’
835 987 934 1020 ἔξωθεν

139 1028 319 1065 mpetpr
344 1030 405 1061 ταῖς
428 1030 482 1057 τῶν
508 1031 607 1066 στίχων
623 1032 731 1067 ἀρχαῖς.
753 1033 867 1060 Ἐκεῖνοι
885 1034 935 1068 μὲν

139 1075 197 1110 γὰρ
212 1075 269 1106 τοῖς
282 1075 327 1102 διὰ
342 1075 517 1111 παντοδαπῆς
531 1077 665 1112 ἠγμένοις
677 1077 814 1109 παιδείας,
835 1078 881 1106 καὶ
894 1077 936 1111 οἷς

141 1120 200 1156 βίος
211 1122 226 1147 ὁ
240 1120 330 1155 λόγος,
345 1121 516 1158 προσέφερον
533 1122 569 1149 τὰ
591 1123 808 1158 συγγράμματα’
829 1123 885 1157 ἐγὼ
906 1124 935 1151 δὲ

139 1168 189 1193 καὶ
201 1168 260 1198 τοῖς
274 1167 363 1201 λόγων
380 1168 514 1203 ἀμυήτοις
528 1167 694 1195 εὐσύνοπτον
717 1167 787 1195 εἶναι
805 1169 935 1205 βούλομαι

139 1214 191 1250 τὴν
204 1213 370 1248 ἀνάγνωσιν,
385 1214 433 1240 καὶ
445 1213 494 1249 τῆς
506 1213 640 1249 ὠφελείας
654 1214 702 1250 τὴν
714 1214 935 1250 εὖρεσιν.Ἔσται

139 1260 169 1286 δὲ
186 1259 276 1291 τοῦτο,
292 1260 382 1296 δήλων
395 1260 548 1295 γινομένων
561 1260 616 1287 τῶν
634 1259 835 1296 διαλεγομένων
850 1270 935 1297 προσ-

140 1306 224 1332 ώπων
239 1307 271 1333 ἐκ
285 1306 341 1333 τῶν
357 1306 636 1342 παραγεγραμμένων
659 1306 759 1339 ἔξωθεν
782 1307 934 1341 ὀνομάτων.

139 1353 197 1378 Καὶ
219 1352 258 1386 τῷ
282 1352 333 1387 μὲν
350 1352 420 1388 ὑπὲρ
448 1352 502 1379 τῶν
527 1351 713 1388 (imm
742 1352 935 1388 ἀγωνιζομένῳ

138 1399 296 1433 δογμάτων,
315 1398 487 1432 Ὀρθόδοξος
500 1399 597 1434 δνομα·
612 1399 626 1425 ὁ
649 1398 679 1425 δὲ
692 1398 797 1435 ἕτερος,
821 1399 936 1433 Ἐρανι-

140 1445 220 1478 στής
242 1444 415 1480 ὀνομάζεται.
433 1444 539 1479 Ὠσπερ
566 1444 621 1480 γὰρ
651 1443 697 1470 τὸν
726 1444 802 1480 παρὰ
830 1445 935 1471 πολλῶν

139 1491 210 1526 ἐλέῳ
220 1490 392 1526 τρεφόμενον
405 1489 556 1526 προσαίτην
568 1489 713 1524 ὀνομάζειν
727 1489 873 1524 εἰώθαμεν,
888 1489 936 1517 καὶ

138 1536 334 1573 χρηματιστὴν
360 1535 407 1562 τδν
433 1535 572 1569 συλλέγειν
599 1530 780 1569 ἐπιστάμενον
793 1535 933 1570 χρήματα·

985 295 1033 322 sed
1047 303 1107 323 eam
1125 297 1298 331 trajectitiam
1313 297 1397 324 fuisse
1416 297 1519 329 dicant,
1533 306 1584 325 nec
1602 299 1687 326 Deum
1707 299 1774 326 Vcr-

984 339 1050 367 bum
1066 338 1216 375 quidquam
1232 350 1267 369 ex
1281 342 1391 377 Virgine
1405 343 1566 377 sumpsisse,
1587 351 1621 370 ex
1635 343 1772 370 Valentini

984 390 1012 414 et
1022 386 1196 420 Bardesauis,
1208 392 1236 415 et
1248 387 1291 415 his
1302 388 1502 415 adhterentium
1517 387 1681 423 prodigiosis
1692 389 1774 416 dictis

983 432 1146 460 hauserunt.
1163 433 1241 466 Quod
1257 438 1347 461 autem
1361 433 1462 461 Christi
1478 434 1585 461 Domini
1600 434 1773 462 divinitatem

983 483 1012 506 et
1028 478 1228 506 humanitatem
1251 487 1334 506 unam
1350 483 1476 506 naturam
1498 485 1607 511 vocent,
1621 488 1655 507 ex
1670 480 1774 515 Apolli-

983 525 1055 552 τιοτίὶ
1069 525 1150 560 nugis
1165 525 1246 552 furati
1263 528 1338 553 sunt.
1354 525 1433 558 Quod
1452 525 1571 560 denique
1587 525 1689 553 Christi
1704 526 1775 553 divi-

984 570 1064 597 nitati
1079 570 1234 605 passionem
1250 571 1384 604 tribuant,
1395 579 1429 598 ex
1442 571 1500 598 Arii
1513 577 1541 599 et
1564 572 1692 599 Eunomii
1713 572 1773 599 bla-

984 616 1110 651 sphemia
1127 616 1323 651 compilarunt,
1351 621 1382 644 ut
1390 618 1453 652 jure
1471 618 1597 644 videatur
1614 618 1666 645 hoc
1676 626 1773 645 eorum

984 661 1126 689 inventum
1148 662 1339 690 meudicorum
1359 663 1493 696 vestibus,
1515 671 1584 698 quas
1605 671 1638 690 ex
1658 664 1775 691 diversis

984 707 1083 742 pannis
1098 711 1246 740 consuunt,
1261 715 1318 735 non
1335 708 1479 736 dissimile.
1491 708 1550 742 Qua
1564 709 1598 736 de
1612 716 1693 736 causa
1706 709 1777 736 Era-

985 753 1080 785 nisten,
1096 757 1125 779 ut
1138 753 1204 786 dixi,
1218 761 1266 781 seu
1283 753 1503 790 Polymorplmm,
1517 754 1592 782 hunc
1610 755 1711 782 librum
1728 763 1777 790 ap-

983 799 1066 834 pello.
1079 799 1155 826 More
1178 803 1271 826 autem
1293 799 1394 835 dialogi
1411 801 1543 835 procedet
1556 801 1656 833 oratio,
1668 805 1698 828 ut
1715 809 1776 836 qua:

984 845 1214 880 interrogationes
1240 850 1268 873 et
1291 847 1501 881 responsiones,
1525 847 1729 882 propositiones
1748 852 1777 874 et

985 890 1148 924 solutiones,
1178 891 1404 927 objectionesque
1430 895 1458 919 et
1481 895 1580 919 caetera
1606 891 1776 926 dialogorum

985 936 1081 964 formae
1090 937 1201 972 propria
1208 937 1359 964 contineat.
1369 937 1600 972 lnterrogantium
1608 944 1676 964 vero
1691 940 1719 964 ct
1733 944 1776 964 re-

985 982 1179 1017 spondentium
1196 983 1308 1010 nomina
1322 982 1431 1017 corpori
1447 983 1619 1018 dialogorum
1633 990 1687 1009 non
1704 983 1778 1010 insc-

985 1036 1056 1061 ram,
1068 1029 1139 1056 sicut
1149 1032 1257 1056 veteres
1265 1028 1422 1056 Graecorum
1432 1029 1571 1064 sapientes
1578 1029 1704 1056 fecerunt
1714 1028 1776 1056 :sed

984 1083 1117 1103 versuum
1138 1075 1226 1103 initiis
1247 1075 1396 1102 ascribam.
1419 1074 1461 1102 llli
1480 1075 1554 1102 enim
1576 1075 1651 1102 omni
1674 1082 1777 1110 genere

986 1123 1118 1150 doctrinae
1142 1122 1270 1154 excultis,
1289 1126 1318 1149 et
1341 1116 1461 1157 quorum
1483 1122 1540 1149 vita
1567 1121 1595 1149 in
1624 1121 1777 1149 litterarum

985 1169 1086 1196 studiis
1101 1168 1325 1200 consumebatur,
1343 1175 1392 1195 sua
1414 1168 1517 1204 scripta
1536 1168 1699 1196 oll‘erebant.
1722 1168 1778 1203 Ego

985 1222 1052 1242 vero
1064 1215 1146 1242 etiam
1161 1215 1195 1242 iis
1205 1215 1252 1250 qui
1264 1214 1401 1242 bonarum
1413 1215 1514 1242 artium
1526 1214 1665 1250 mysteriis
1678 1214 1778 1241 initiati

985 1269 1040 1288 non
1068 1265 1142 1294 sunt,
1160 1261 1269 1289 facilem
1291 1265 1320 1289 et
1343 1261 1498 1296 expeditam
1521 1268 1581 1288 esse
1602 1261 1666 1287 volo
1683 1260 1780 1287 lectio.

985 1315 1060 1339 nem,
1078 1311 1106 1334 et
1125 1307 1254 1334 utilitatis
1278 1307 1475 1334 inventionem.
1492 1306 1603 1333 Planior
1623 1311 1716 1334 autem
1735 1313 1781 1334 res

985 1353 1049 1385 erit,
1066 1353 1089 1380 si
1109 1360 1235 1388 personae
1249 1353 1444 1380 disserentium
1463 1360 1496 1379 ex
1516 1352 1644 1386 ascriptis
1660 1352 1687 1378 in
1708 1360 1781 1379 mar-

986 1399 1049 1435 gine
1068 1399 1228 1426 nominibus
1241 1398 1394 1426 manifestae
1407 1398 1480 1425 ﬁant.
1500 1399 1588 1432 Atque
1603 1397 1640 1424 illi
1655 1397 1778 1432 quidem,

986 1445 1033 1480 qui
1043 1453 1094 1480 pro
1103 1444 1264 1480 apostolicis
1274 1443 1448 1480 dogmatibus
1456 1443 1588 1475 decertat,
1603 1443 1746 1470 Orthodoxi
1753 1443 1780 1478 ἀ.

985 1499 1087 1518 nomen
1094 1495 1135 1518 est
1143 1499 1149 1517 :
1157 1490 1225 1517 alter
1230 1489 1367 1517 Eranlxtes
1374 1488 1780 1524 appellatnr.Qucmadmodum

986 1536 1061 1564 enim
1072 1543 1136 1564 eum
1150 1536 1160 1545 '
1178 1535 1225 1570 qui
1242 1542 1258 1562 a
1272 1534 1367 1562 multis
1384 1541 1433 1569 per
1447 1533 1666 1560 misericordiam
1685 1533 1779 1566 alitur,

138 1584 212 1610 οὕτω
226 1582 258 1617 δὴ
278 1582 327 1609 καὶ
351 1581 446 1609 τούτου
473 1582 551 1617 τήνδε
578 1582 628 1617 τὴν
657 1581 815 1616 ἐπωνυμίαν
832 1582 865 1608 ὲκ
881 1582 934 1608 τῶν

989 1581 1127 1616 appellare
1143 1581 1299 1608 mendicum
1318 1580 1448 1611 solemus,
1462 1583 1490 1606 et
1504 1579 1701 1615 negotiatorem
1716 1587 1781 1607 eum

138 1628 369 1664 ἐπιτηδευμάτων
384 1628 556 1663 τεθεικαμεν.
574 1627 655 1661 ’Δξιῶ
669 1628 698 1655 δὲ
723 1627 787 1659 τοὺς
812 1627 935 1659 ἐντευξο-

140 1674 252 1708 μένους,
286 1673 380 1709 πάσης
405 1673 566 1709 προλήψεως
597 1673 660 1710 δίχα
693 1672 858 1709 ποιήσασθαι
884 1673 935 1708 τῆς

138 1720 273 1755 ἀληθείας
302 1720 353 1756 τὴν
380 1719 506 1755 βάσανον.
535 1719 590 1746 Καὶ
615 1720 669 1755 γὰρ
691 1719 772 1754 ἡμεῖς
788 1719 936 1754 σαφηνείας

139 1767 344 1804 φροντίζοντες,
360 1768 400 1799 εἰς
414 1768 489 1802 τρεῖς
504 1766 645 1801 διαλόγους
666 1765 806 1801 διελοῠμεν
820 1766 850 1792 τὸ
869 1765 935 1800 σύγ-

138 1822 269 1849 γραμμα.
286 1813 342 1840 Καὶ
356 1813 370 1840 ὁ
388 1813 437 1848 μὲν
453 1813 562 1849 πρῶτος
577 1812 640 1849 περὶ
653 1811 700 1839 τοῦ
717 1812 852 1848 ἄτρεπτον
865 1810 935 1838 εῖναι

138 1860 189 1888 τοῦ
206 1859 369 1896 μονογενοῦς
382 1860 449 1886 Υίοῠ
463 1859 513 1895 τὴν
526 1859 642 1894 θεότητα
656 1859 762 1892 δέξεται
774 1859 818 1885 τὸν
829 1858 935 1893 ἀγῶναν

137 1907 154 1934 ὁ
166 1906 196 1933 δὲ
213 1906 344 1941 δεύτερος
360 1906 524 1942 ἀσύγχυτον,
540 1906 588 1932 σὺν
600 1905 660 1941 Θεῷ
672 1905 765 1940 φάναι,
788 1904 870 1937 δείξει
886 1914 934 1940 γε-

138 1952 298 1988 γενημένην
311 1952 360 1987 τὴν
374 1952 471 1979 ἕνωσιν
496 1952 545 1988 τῆς
572 1951 620 1978 τοῦ
649 1952 786 1978 Δεσπότου
816 1951 934 1987 Χριστοῦ

140 1997 272 2033 θεὰτητός
286 2006 317 2024 τε
331 1997 379 2024 καὶ
393 1997 613 2032 ἀνθρωπότητος.
629 1997 659 2024 ’0
676 1997 703 2024 δέ
720 2005 751 2032 γε
765 1998 857 2033 τρίτος
871 1998 936 2033 περὶ

140 2044 192 2079 τῆς
210 2043 347 2075 ἀπαθείας
362 2043 412 2080 τῆς
438 2043 484 2071 τοῦ
512 2044 639 2080 Σωτῆρος
668 2044 746 2079 ἡμῶν
776 2044 936 2078 ἀγωνιεῖται

141 2089 281 2125 θεότητος.
306 2090 384 2117 Μετά
416 2090 508 2126 μέντοι
536 2090 600 2122 τοὺς
626 2089 701 2125 τρεῖς
729 2090 849 2124 ἀγῶνας,
879 2087 936 2117 οἷον

140 2136 378 2171 ὲπαγωνίσματα,
407 2136 463 2163 ἀλλ’
497 2136 566 2163 ἄττα
593 2136 795 2172 προσθήσομεν,
828 2137 938 2173 ἑκάστῳ

143 2181 286 2216 κεφαλαίῳ
299 2181 479 2217 συλλογισμὸν
491 2181 740 2217 προσαρμόςοντες.
756 2182 803 2209 καὶ
816 2181 937 2210 δεικνύν-

143 2235 188 2257 τες
199 2226 332 2261 ἄντικρυς
345 2227 409 2262 παρ’
421 2227 487 2262 ἡμῖν
499 2226 699 2263 φυλαττόμενον
712 2227 766 2255 τῶν
779 2227 937 2255 ἀποστόλων

143 2272 174 2298 τὸ
187 2272 222 2307 κή
228 2280 331 2308 ρυγμα.

180 2349 220 2419 ἕδζ
236 2349 288 2377 Ed.
312 2350 392 2378 Rom.
409 2354 437 2377 et
455 2350 531 2386 Lips.
551 2351 728 2386 Βαρδισάνου.

191 2385 208 2412 5
235 2385 333 2419 ἀρχήν.
359 2385 491 2419 Suspecta
510 2387 621 2419 quidem
646 2390 689 2414 est
708 2388 728 2414 h:

191 2385 219 2418 ι)
235 2385 337 2421 ἀρχήν,
359 2385 497 2420 Suspecta
510 2385 621 2421 quidem
646 2390 689 2414 est
708 2388 766 2415 haec
785 2387 878 2420 lectio,
891 2393 941 2414 ex-

137 2424 200 2448 stat
218 2424 310 2449 tamen
330 2420 359 2448 in
378 2425 493 2456 utraque
507 2420 575 2450 edit.
591 2421 685 2450 Graeca
698 2421 759 2458 iam
772 2429 942 2451 commemo-

987 1627 1034 1661 qui
1051 1626 1103 1654 scit
1118 1626 1250 1661 pecunias
1270 1625 1400 1660 colligere
1415 1634 1422 1652 :
1441 1625 1478 1652 ita
1494 1624 1576 1652 etiam
1593 1624 1659 1652 huic
1671 1632 1704 1651 ex
1720 1625 1787 1660 ejus.

987 1673 1086 1701 studiis
1096 1677 1124 1700 et
1136 1672 1263 1700 instituto
1276 1680 1377 1699 nomen
1390 1671 1582 1706 imposuimus.
1597 1671 1673 1706 Rogo
1688 1675 1781 1698 autem

986 1719 1114 1751 lectores,
1133 1721 1164 1746 ut
1188 1718 1247 1746 sine
1269 1722 1460 1753 praeoccupate
1484 1717 1615 1752 opinione
1634 1716 1780 1744 veritatem

986 1765 1154 1792 examinent.
1173 1763 1229 1791 Nos
1253 1764 1327 1791 enim
1350 1763 1555 1798 perspicuitatis
1578 1771 1659 1790 causa
1678 1763 1780 1790 librum

986 1812 1015 1839 in
1030 1815 1087 1839 tres
1103 1811 1226 1846 dialogos
1242 1810 1409 1837 dividemus.
1427 1810 1462 1837 Et
1475 1810 1582 1845 primus
1596 1809 1707 1845 quidem
1727 1809 1781 1837 im-

985 1856 1148 1884 mutabilem
1162 1862 1223 1883 esse
1243 1854 1378 1889 unigeniti
1394 1854 1457 1881 Filii
1474 1854 1648 1882 divinitatem
1665 1858 1781 1882 conten-

986 1902 1047 1936 det;
1073 1901 1213 1930 secundus
1235 1904 1329 1928 autem
1355 1900 1540 1933 inconfusam,
1557 1901 1614 1928 Deo
1641 1900 1712 1928 bene
1735 1901 1781 1937 ju-

985 1952 1079 1980 vante,
1099 1947 1202 1975 Christi
1230 1946 1339 1974 Domini
1367 1945 1521 1973 divinitatis
1548 1950 1581 1973 ct‘
1601 1946 1782 1974 humanitatis

987 1995 1118 2022 unionem
1137 1993 1221 2021 fuisse
1242 1992 1392 2020 ostendet:
1408 1992 1507 2020 tertius
1527 1992 1647 2027 denique
1670 1993 1781 2028 impati—

986 2041 1070 2069 bilem
1090 2040 1176 2068 fuisse
1198 2039 1348 2067 Salvatoris
1366 2039 1453 2066 nostri
1473 2039 1647 2066 divinitatem
1665 2040 1781 2066 dcmon-

987 2087 1097 2116 strabit.
1121 2086 1170 2114 llis
1186 2085 1276 2113 tribus
1291 2085 1489 2123 certaminibus
1501 2086 1626 2120 quaedam
1640 2086 1693 2113 alia
1707 2085 1783 2113 velut

987 2133 1169 2162 certaminum
1204 2132 1391 2160 additamenta
1425 2131 1606 2167 adjiciemus,
1631 2132 1782 2167 unicuique

988 2179 1071 2215 capiti
1100 2179 1213 2206 brevem
1240 2185 1375 2206 summam
1405 2177 1606 2213 adjungentes,
1633 2183 1662 2206 et
1689 2183 1782 2214 aperte

988 2226 1166 2254 ostendentes
1186 2225 1213 2253 id
1230 2233 1246 2253 a
1265 2224 1347 2253 nobis
1368 2224 1482 2258 servari,
1499 2225 1573 2260 quod
1598 2225 1632 2252 ab
1652 2224 1782 2261 apostolis

949 2259 976 2289 θ
989 2272 1169 2308 praedicatum
1186 2275 1238 2299 cst.

990 2354 1150 2422 ’Ἵέὶειαλ
1167 2385 1229 2422 _Ed.
1249 2384 1326 2420 prior
1336 2383 1461 2413 habebat
1476 2382 1640 2418 διαλογικός,
