1953 3055
203 130 236 158 5|
703 133 949 164 THEODORETI
967 133 1138 164 EPISCOPI
1160 134 1342 164 CYRENSIS

762 241 1315 355 ΑΤΡΕΠΤΟΣ.

846 406 1122 452 ΔΙΑΛΟΓΟΣ
1150 403 1212 452 Αὐ

702 496 953 525 01⁵00ΔοΞοῖ
979 498 1055 526 ΚΑΙ
1086 498 1343 528 ΕΡΑΝΙΣΤΗΣ.

787 607 1284 710 lMlllUTABlLIS.

839 770 1139 816 DIALOGUS
1168 772 1208 815 Ι.

672 866 985 899 ORTHO'DOXUS
1019 866 1073 897 ET
1093 865 1381 896 'ERANISTES.

242 1029 269 1067 5
281 1029 523 1058 ORTHODOXUS.
544 1030 642 1059 Melius
656 1031 767 1066 quidem
781 1036 854 1059 esset
866 1039 918 1060 nos
928 1039 995 1059 eon-

1082 1031 1288 1058 οΡΘΟΔΟΞΟΣ.
1312 1030 1440 1066 ΙἌμεινον
1459 1029 1508 1065 μὲν
1521 1026 1555 1065 ἦν
1575 1030 1728 1065 συμφωνεῖν
1752 1029 1827 1065 ἡμᾶς

205 1076 319 1108 sentire,
336 1079 364 1102 et
377 1075 530 1102 doctrinam
544 1076 721 1110 apostolicam
736 1076 868 1112 integram
885 1084 996 1105 conscr-

205 1128 281 1149 vare.
305 1121 359 1149 Sed
384 1121 459 1156 quia,
479 1121 573 1148 nescio
594 1129 676 1156 quam
700 1122 736 1149 ob
760 1129 881 1154 causam,
907 1122 995 1149 soluta

206 1166 363 1198 concordia,
386 1167 464 1193 nobis
490 1174 561 1193 nova
585 1165 716 1202 dogmata.
734 1174 809 1194 nunc
830 1167 994 1202 proponitis,

205 1211 310 1246 absque
328 1212 393 1244 ulla,
406 1211 429 1238 si
449 1211 549 1245 placet,
562 1212 738 1239 contentione
757 1211 902 1240 veritatem
919 1220 995 1240 com-

206 1257 283 1284 muni
301 1263 385 1291 opera
400 1263 564 1290 quaeramus.

242 1302 346 1329 ERAN.
365 1302 421 1329 Nos
435 1302 614 1336 inquisitione
630 1309 686 1330 non
700 1310 812 1338 egemus
828 1312 835 1330 :
852 1303 996 1332 veritatem

206 1347 279 1374 enim
292 1347 432 1382 explorate
446 1350 604 1381 perceptam
620 1350 757 1375 tenemus.

242 1392 347 1420 ORTH.
368 1392 426 1420 Hoc
443 1392 565 1419 haeretici
581 1399 678 1419 omnes
696 1393 748 1419 sibi
767 1401 930 1428 persuasum
949 1395 998 1422 ha-

207 1437 274 1465 bent
289 1446 296 1464 :
312 1437 463 1472 quinetiam
485 1437 571 1465 Judaei
588 1441 616 1464 et
630 1436 718 1464 Graeci
739 1446 868 1466 verorum
884 1439 996 1474 dogma-

206 1487 267 1509 tum
293 1486 513 1517 propugnatores
534 1489 563 1508 se
586 1485 683 1516 putant
704 1491 710 1508 :
729 1489 780 1509 nec
806 1482 826 1508 ii
849 1482 931 1510 modo
950 1482 997 1517 qui

207 1528 329 1558 Platonis
341 1530 349 1538 '
364 1531 393 1555 et
407 1528 567 1563 Pythagorae
582 1527 682 1562 placita
694 1532 858 1562 sequuntur,
872 1528 920 1555 sed
934 1528 998 1563 Epi-

206 1575 267 1602 curi
280 1582 390 1609 quoque
405 1573 544 1608 discipuli,
559 1578 586 1601 et
601 1574 649 1608 qui
663 1573 738 1601 athei
752 1577 816 1601 sunt
830 1581 952 1608 prorsus,
970 1578 999 1601 et

207 1619 279 1648 nihil
295 1620 449 1655 opinantes.
464 1619 525 1646 Non
543 1619 674 1647 convenit
692 1624 785 1647 autem
801 1624 998 1655 praeoccupatae

207 1665 332 1702 opinioni
354 1665 471 1698 servire,
493 1665 541 1693 sed
562 1665 591 1692 in
616 1672 710 1692 veram
732 1664 885 1692 doctrinam
905 1665 997 1700 inqui-

207 1718 280 1738 rere.

244 1756 349 1785 ERAN.
369 1756 557 1784 Admonitioni
583 1760 636 1784 tuae
661 1764 755 1791 pareo,
777 1761 804 1784 et
831 1756 860 1785 in
885 1757 998 1785 monitis

209 1803 365 1837 acquiesco.

244 1848 349 1876 ORTH.
371 1848 505 1881 Quoniam
528 1848 612 1883 igitur
633 1847 753 1884 priorem
777 1849 998 1877 adhortationem

157 1899 166 1912 ⁷
208 1894 288 1922 facile
310 1894 458 1926 admisisti,
479 1902 546 1930 rogo
568 1894 663 1926 etiam,
684 1897 715 1921 ut
736 1893 865 1922 humanis
883 1895 998 1922 rationi—

209 1939 262 1968 bus
286 1941 412 1969 veritatis
433 1941 462 1976 θ
484 1941 690 1975 inquisitionem
712 1949 769 1968 non
791 1941 932 1977 subjicias,
950 1942 998 1969 sed

209 1987 396 2022 apostolorum
409 1991 438 2014 et
451 1987 660 2022 prophetarum,
672 1990 700 2014 et
714 1991 872 2014 sanctorum
885 1988 933 2022 qui
948 1987 999 2015 hos

209 2033 296 2060 secuti
310 2037 385 2066 sunt,
403 2032 518 2068 vestigia
536 2040 652 2067 quaeras.
671 2033 729 2060 Hoc
740 2033 814 2060 enim
830 2033 921 2061 facere
939 2033 998 2061 via-

209 2084 285 2107 tores
304 2079 403 2111 solent,
420 2083 451 2106 ut
464 2086 527 2106 cum
540 2086 556 2106 a
571 2079 615 2106 via
634 2079 709 2114 regia
725 2078 898 2112 deﬂexerint,
914 2080 998 2108 semi-

209 2127 253 2153 tas
273 2124 459 2157 considerent,
475 2124 498 2152 si
515 2124 697 2160 quorumdam
713 2124 875 2153 abeuntium
890 2129 938 2153 aut
953 2133 1001 2153 ve-

209 2169 346 2198 nientium
364 2170 478 2205 vestigia
499 2169 601 2202 adsint,
616 2170 661 2198 vel
679 2170 834 2204 hominum,
851 2171 894 2199 vel
912 2179 999 2206 equo-

210 2223 289 2248 rum,
312 2216 356 2242 vel
382 2215 539 2248 asinorum,
562 2215 606 2243 vel
628 2215 765 2243 mulorum
781 2225 786 2243 :
801 2221 830 2244 et
853 2221 999 2252 postquam

211 2261 384 2294 invenerint,
412 2268 511 2288 canum
535 2268 612 2288 more
638 2260 684 2288 illa
709 2265 922 2296 persequuntur,
948 2269 1001 2290 nec

211 2310 276 2335 ante
290 2306 437 2339 desistunt,
451 2314 533 2342 quam
549 2307 576 2334 in
592 2311 696 2335 rectam
711 2307 783 2334 viam
802 2307 945 2335 redierint.

1046 1075 1095 1103 καὶ
1110 1076 1159 1111 τὴν
1174 1075 1357 1111 ἀποστολικὴν
1371 1075 1545 1101 διδασκαλίαν
1565 1074 1709 1109 φυλάττειν
1732 1075 1843 1110 ἀκήρα-

1046 1130 1103 1148 τον.
1121 1121 1231 1157 Ἐπειδὴ
1247 1121 1275 1147 δὲ
1286 1120 1336 1148 οὐκ
1348 1117 1396 1147 οἷδ’
1406 1120 1464 1147 ἀνθ’
1477 1120 1538 1147 ὅτου
1554 1120 1603 1155 τὴν
1629 1120 1754 1155 ὁμόνοιαν
1780 1120 1842 1146 δια-

1046 1167 1187 1199 λύσαντες,
1200 1166 1282 1194 καινὰ
1295 1165 1342 1192 νῦν
1353 1167 1421 1201 ἡμῖν
1436 1165 1621 1201 προϐάλλεσθε
1632 1165 1766 1200 δόγματα,
1777 1164 1841 1199 δίχα

1046 1213 1120 1245 τινὸς
1149 1212 1247 1249 ἔριδος,
1276 1213 1299 1239 εί
1315 1212 1399 1245 δοκεῖ,
1428 1212 1507 1247 κοινῇ
1525 1211 1689 1246 ζητήσωμεν
1704 1210 1754 1245 τὴν
1770 1210 1840 1246 ἀλή-

1048 1259 1135 1286 θειαν.

1064 1296 1187 1333 ἘΡΔΝ.
1212 1305 1309 1340 Ἡμεῖς
1338 1304 1478 1340 ζητήσεως
1513 1303 1543 1330 οὺ
1575 1303 1702 1339 δεόμεθα·
1716 1303 1840 1339 ἀκριϐῶς

1047 1350 1103 1386 γὰρ
1122 1350 1173 1385 τῆς
1187 1349 1318 1385 ἀληθείας
1331 1349 1461 1384 ἐχόμεθα.

1084 1397 1160 1424 ΟΡΘ.
1178 1395 1264 1422 Τοῦτο
1275 1395 1386 1422 καὶτῶν
1397 1395 1541 1432 αἱρετικῶν
1553 1395 1700 1430 ὑπείληφεν
1711 1394 1837 1426 ἕκαστος·

1049 1441 1096 1468 καὶ
1113 1441 1206 1475 μέντοι
1232 1439 1280 1466 καὶ
1308 1439 1439 1476 ’ίομδαῖομ
1471 1439 1520 1465 καὶ
1539 1438 1679 1474 Ἕλληνες,
1706 1438 1761 1464 τῶν
1789 1438 1838 1472 τῆς

1049 1486 1179 1521 ἀληθείας
1190 1485 1333 1520 δογμάτων
1351 1484 1546 1520 προστατεύειν
1557 1484 1725 1520 νομίζουσιν’
1741 1484 1787 1510 καὶ
1805 1484 1836 1511 οὺ

1051 1533 1127 1569 μόνοι
1141 1541 1174 1566 γε
1189 1532 1214 1559 οἱ
1226 1531 1262 1558 τὰ
1273 1531 1416 1562 Πλάτωνος
1427 1530 1475 1557 καὶ
1495 1529 1655 1566 Πυθαγόρου
1672 1529 1837 1565 θρησκεύον-

1048 1585 1104 1610 τες,
1116 1576 1184 1604 ἀλλὰ
1197 1576 1244 1603 καὶ
1255 1576 1281 1602 οἱ
1294 1575 1343 1610 τῆς
1366 1574 1527 1611 Ἐπικούρου
1548 1574 1713 1610 συμμορίας,
1739 1574 1786 1601 καὶ
1812 1575 1836 1600 οί

1049 1623 1167 1658 πάμπαν
1179 1622 1253 1649 ἄθεοι
1268 1621 1316 1648 καὶ
1328 1619 1480 1652 ἀδόξαστοι.
1509 1621 1646 1656 Προσήκει
1660 1620 1689 1647 δὲ
1706 1619 1743 1654 μὴ
1769 1627 1836 1654 προ-

1049 1669 1131 1705 λήψει
1154 1667 1300 1700 δουλεύειν,
1328 1666 1396 1694 ἀλλὰ
1415 1667 1466 1702 τὴν
1492 1667 1580 1703 ἀληθῆ
1608 1666 1710 1701 γνῶσιν
1740 1665 1835 1702 ἐπιζη-

1011 1706 1033 1734 Β
1047 1715 1114 1742 τεῖν.

1085 1759 1188 1788 ΕΡΑΝ.
1210 1758 1343 1793 Πείθομαι
1360 1758 1394 1793 τῇ
1406 1756 1577 1793 παραινέσει,
1592 1756 1639 1782 καὶ
1655 1755 1767 1792 δέχομαι
1788 1756 1835 1792 τὴν

1050 1807 1203 1842 εἰσήγησιν.
1534 1799 1542 1806 ί

1087 1852 1163 1879 ΟΡΘ.
1196 1850 1305 1885 Ἐπειδὴ
1337 1849 1427 1876 τοίνυν
1460 1848 1510 1883 τὴν
1539 1847 1675 1884 προτέραν
1706 1847 1833 1878 εὐπειθῶς

1050 1897 1132 1930 ἐδέξω
1159 1895 1342 1932 παράκλησιν,
1369 1894 1438 1928 ἀξιῶ
1466 1902 1496 1920 σε
1521 1893 1613 1927 πάλιν,
1637 1893 1675 1928 μὴ
1700 1892 1835 1928 λογισμοῖς

1050 1942 1232 1978 ἀνθρωπίνοις
1260 1939 1407 1975 ἐπιτρέψαι
1432 1938 1481 1974 τῆς
1506 1937 1635 1974 ἀληθείας
1651 1937 1699 1973 τὴν
1715 1937 1833 1973 ἔρευναν,

1050 1988 1118 2016 ἀλλὰ
1136 1987 1190 2014 τῶν
1205 1986 1374 2018 ἀποστόλων,
1405 1985 1450 2012 καὶ
1471 1984 1630 2020 προφητῶν,
1648 1983 1762 2009 καὶτῶν
1779 1983 1833 2018 μετ’

1051 2035 1173 2066 ἐκείνους
1199 2033 1285 2068 ἁγίων
1310 2031 1473 2067 ἐπιζητῆσαι
1485 2030 1519 2057 τὰ
1534 2031 1604 2065 ίχνη.
1623 2029 1708 2056 Τοῦτο
1723 2029 1776 2065 γὰρ
1790 2030 1833 2056 καὶ

1050 2081 1107 2112 τοῖς
1119 2078 1270 2114 ὁδοιπόροις
1298 2076 1375 2111 φίλον
1396 2077 1495 2108 ποιεῖν,
1520 2076 1583 2102 ὅταν
1608 2074 1766 2110 ἔκτραπῶσι
1788 2074 1832 2109 τῆς

1050 2125 1199 2160 λεωφόρου,
1230 2122 1342 2154 καὶτὰς
1360 2121 1499 2157 ἀτραποὺς
1524 2119 1689 2152 διασκοπεῖν,
1713 2120 1739 2146 εῐ
1759 2128 1832 2146 τινων

1050 2171 1185 2199 ἀπιόντων
1199 2169 1216 2205 ἢ
1228 2167 1384 2204 ἐρχομένων
1411 2166 1502 2201 ἔχουσι
1523 2165 1625 2196 τύπους
1650 2164 1749 2197 ποδῶν,
1765 2165 1780 2200 ἢ
1793 2164 1832 2190 ἀν-

1051 2216 1179 2252 θρώπων,
1199 2214 1331 2250 ἧῑππων,
1362 2212 1379 2247 ἢ
1410 2211 1489 2243 ὄνων,
1564 2211 1692 2246 ἡμιόνων·
1709 2210 1755 2237 καὶ
1776 2211 1832 2236 ὅταν

1051 2262 1164 2298 εὕρωσι,
1180 2259 1251 2288 κατὰ
1265 2259 1328 2291 τοὺς
1343 2257 1427 2290 κύνας
1446 2255 1628 2292 ίχνηλατοῦσι,
1648 2257 1697 2283 καὶ
1719 2257 1749 2283 οὐ
1774 2257 1831 2292 πρὸ·

1050 2316 1129 2345 τερον
1158 2306 1281 2342 ἀφιᾶσιν,
1307 2305 1361 2336 ἕως
1391 2304 1424 2331 ἂν
1456 2303 1506 2339 τὴν
1528 2302 1636 2330 εὐθεῖαν
1663 2302 1722 2329 ὁδὸν
1738 2302 1830 2329 ἀπολά-

1051 2353 1145 2381 δωσιν.

246 2397 350 2425 ERAN.
371 2397 417 2426 Sic
428 2397 571 2425 faciamus.
583 2397 624 2425 To
639 2397 732 2432 itaque
745 2397 822 2432 praei,
835 2401 866 2424 ut
878 2397 926 2432 qui
938 2404 996 2425 scr-

1084 2398 1188 2426 EPAN.
1209 2397 1288 2424 οὕτω
1301 2395 1433 2431 ποιῶμεν.
1456 2393 1538 2428 Ἐγοῦ
1563 2393 1652 2420 τοίνυν
1675 2393 1766 2426 αὐτὸς,
1787 2393 1828 2420 ἅτε

210 2451 320 2472 monem
338 2443 484 2471 inchoasti.

245 2488 351 2517 ORTH.
372 2489 410 2516 De
433 2488 535 2516 divinis
556 2495 622 2523 ergo
643 2487 812 2520 nominibus,
835 2487 998 2519 substantia,

212 2533 334 2569 inquam,
351 2538 380 2561 et
391 2534 595 2570 hypostasibus,
609 2533 789 2568 personisque
805 2537 834 2560 et
844 2533 1000 2568 proprieta-

211 2578 404 2613 tibus,-priore
419 2579 480 2608 loco
495 2578 674 2609 disseramus,
690 2581 718 2605 et
731 2577 870 2612 quomodo
883 2577 956 2604 inter
970 2584 1001 2605 se

212 2625 341 2653 dill'erant
365 2632 563 2660 cognoscamus
579 2628 608 2653 et
624 2624 788 2652 deﬁniamus
805 2633 812 2651 :
828 2628 886 2651 tum
901 2626 998 2650 extera

211 2669 343 2705 deinceps
356 2670 555 2705 aggrediamur.

247 2716 352 2744 ERAN.
368 2716 588 2744 Pulcherrimum
600 2721 628 2744 et
641 2715 930 2744 convenientissimum
944 2722 1002 2743 ser-

213 2762 289 2789 moni
305 2765 399 2789 nostro
414 2761 557 2789 exordium
575 2762 685 2790 dedisti.
704 2762 751 2790 His
768 2762 841 2790 enim
858 2761 1003 2797 perspicue

214 2807 367 2842 explicatis,
383 2807 491 2835 facilius
506 2808 638 2843 procedet
655 2813 748 2836 nostra
765 2807 924 2843 disputatio.

200 2892 207 2898 ⁸
253 2853 358 2882 ORTlI.
385 2853 518 2887 Quoniam
545 2853 627 2885 igitur
654 2854 712 2882 haec
735 2854 772 2883 ita
796 2855 855 2883 ﬁeri
876 2857 1003 2890 oportere

1048 2443 1081 2480 δὴ
1096 2443 1181 2479 ἄρξας
1192 2443 1239 2469 τοῦ
1253 2441 1344 2476 λόγου.

1086 2488 1163 2516 ΟΡΘ.
1183 2487 1287 2514 Οὐκοῦν
1299 2486 1363 2521 περὶ
1385 2484 1439 2511 τῶν
1464 2483 1544 2510 θείων
1569 2482 1720 2518 ὀνομάτων,
1746 2484 1828 2516 οὐσίας

1051 2534 1134 2570 φημὶ,
1146 2533 1191 2561 καὶ
1201 2532 1387 2562 ὑποστάσεων,
1400 2529 1447 2556 καὶ
1457 2529 1622 2564 προσώπων,
1632 2529 1679 2556 καὶ
1689 2529 1827 2564 ίδιοτήτων,

1051 2577 1305 2616 διευκρινησώμεθα
1330 2575 1474 2611 πρότερον,
1489 2574 1536 2601 καὶ
1550 2574 1660 2609 γνῶμεν
1677 2575 1724 2601 καὶ
1739 2574 1827 2610 ὁρισώ-

1054 2626 1125 2662 μεθα
1155 2625 1214 2652 τίνα
1243 2624 1299 2659 ἔχει
1327 2622 1395 2658 πρὸς
1416 2621 1517 2656 ἄλληλα
1545 2620 1688 2655 διαφοράν·
1705 2618 1827 2647 είθόΰτω

1052 2671 1144 2699 λοιπὸν
1157 2669 1289 2705 ἁψώμεθα
1304 2667 1357 2694 τῶν
1371 2667 1446 2702 ἑξῆς.

1086 2715 1189 2744 ΕΡΔΝ.
1209 2714 1359 2742 Κάλλιστον
1385 2713 1432 2739 καὶ
1457 2711 1671 2746 ἀναγκαιότατον
1686 2712 1784 2744 ἔδωκας
1796 2712 1826 2746 τῷ

1051 2763 1122 2798 λόγῳ
1134 2762 1164 2789 τὸ
1175 2761 1328 2796 προοίμιον.
1339 2758 1449 2786 Τούτων
1462 2757 1516 2793 γὰρ
1528 2758 1661 2794 εὐκρινῶν
1675 2758 1825 2793 γενομένων.

1054 2809 1117 2844 ῥᾷον
1132 2806 1300 2842 προϐήσεται
1315 2805 1332 2840 ἡ
1345 2803 1470 2836 διάλεξις.

1089 2850 1164 2879 ΟΡΘ.
1191 2848 1298 2883 Ἐπειδὴ
1323 2847 1412 2875 τοίνυν
1439 2846 1492 2882 ἄρα
1522 2846 1567 2873 καὶ
1597 2846 1822 2883 συνεψηφισάμοι
