1953 3055
108 131 144 164 33
647 132 838 162 DIALOGUS
858 133 884 162 I.
903 145 939 150 —
957 133 1220 173 IMMUTABILIS.
1711 139 1752 172 34

109 190 272 218 ταῦθόὖτω
291 189 392 225 χρῆναι
402 188 538 223 γενέσθαι.
562 188 719 225 ἀπόκριναι,
742 185 764 215 ὦ
780 189 902 223 φιλότης.

963 190 1124 222 :ensuimus,
1142 192 1288 226 responde,
1304 199 1321 220 ο
1338 192 1436 221 amice.
1454 193 1503 222 Dei
1521 195 1620 228 Patris,
1635 200 1664 224 et
1683 197 1748 225 uni-

110 236 165 263 Τοῦ
179 236 259 268 Θεοῦ,
273 236 320 261 καὶ
333 235 450 270 Πατρὸς,
465 235 512 261 καὶ
526 234 572 261 τοῦ
586 234 747 269 μονογενοῦς
765 234 842 267 Υίοῦ,
861 235 906 261 καὶ

111 282 158 309 τοῦ
178 281 315 315 παναγ-ίου
336 281 504 315 Πιιεύματος,
524 279 588 314 μίαν
620 280 714 307 οὐσίαν
742 281 843 315 φαμὲν,
869 279 907 312 ὡς

111 328 191 364 παρὰ
206 327 257 361 τῆς
269 327 345 358 θείας
361 326 471 361 Γραφῆς
487 326 666 361 ἐδιδάχθημεν
685 326 803 358 παλαιᾶς
815 334 845 353 τε
860 326 907 353 καὶΙ

111 373 189 404 νέας,
206 373 254 398 καὶ
270 372 325 398 τῶν
340 373 369 398 ἐν
391 372 494 407 Νικαὶᾳ
521 371 738 407 συνεληλυθότων
766 373 906 408 Πατέρων,

113 417 130 452 ἢ
146 419 208 448 ταῖς
227 417 333 451 Ἀρείου
345 416 532 451 βλασφημίαις
546 417 749 452 ἀκολουθοῦμεν
764 417 817 452 (6);

148 464 253 490 EPAN.
279 463 353 490 Μίαν
386 463 569 498 ὁμολογοῦμεν
599 464 649 499 τῆς
682 464 762 498 ἁγίας
793 464 907 500 Τριάδος

110 511 142 537 οὺ
149 510 220 536 τίαν.

147 556 227 582 ΟΡΘ.
251 555 305 591 Τὴν
316 555 345 581 δὲ
359 555 516 587 ὑπόστατιν,
531 555 595 581 ἄλλο
611 564 638 581 τι
656 555 730 591 παρὰ
745 555 795 591 τὴν
812 556 907 582 οὐσίαν

112 601 262 636 σημαίνειν
277 601 434 636 νομίζομεν,
452 600 468 635 ἢ
493 601 543 636 τῆς
561 600 656 632 οὐσίας
682 601 775 637 ἕτερον
796 602 908 638 ὑπειλή-

111 656 151 681 φα
154 655 206 682 μεν
219 647 305 682 δνομα
317 655 325 679 ;

148 694 255 720 ΕΡΔΝ.
276 694 351 728 Ἔχει
376 693 436 720 τινὰ
458 693 590 728 διαφορὰν
616 694 632 728 ἡ
665 694 743 721 οὐσία
766 694 835 729 πρὸς
858 694 908 730 τὴν

111 739 268 765 ὑπόστασιν
277 747 284 771 ;

149 784 227 812 οΡΘ.
242 784 322 811 Κατὰ
343 784 392 819 μὲν
407 784 454 820 τὴν
469 783 587 819 θύραθεν
601 785 708 819 σοφίαν,
721 786 770 812 οὐκ
784 785 852 821 ἔχει.
871 785 907 812 Ἥ

109 839 140 857 τε
153 831 211 865 γὰρ
228 830 320 857 οὐσία
331 830 363 856 τὸ
375 830 405 856 ὃν
420 830 559 864 σημαίνει,
573 831 660 856 καὶτὸ
671 831 785 865 ὺιρεστὸς
805 833 821 867 ὴ
834 832 903 859 ὑπό-

109 884 236 908 στασις.
258 876 338 902 Κατὰ
351 876 379 902 δέ
395 884 427 909 γε
449 876 499 911 τὴν
511 875 564 901 τῶν
578 876 709 911 Πατέρων
720 876 905 909 διδασκαλίαν,
923 866 944 893 Β

109 923 145 957 ἢν
159 922 218 956 ἔχει
229 922 363 956 διαφορὰν
374 921 404 948 τὸ
416 921 505 948 κοινὸν
527 922 596 956 ὑπὲρ
617 922 648 948 τὸ
664 922 767 957 ἴδιον,ἢ
784 921 814 948 τὸ
830 922 908 956 γένος

111 969 185 1003 ὑπὲρ
195 968 226 994 τὸ
242 965 313 1000 εἶδος
327 968 344 1002 ἢ
363 967 393 994 τὸ
410 967 521 1002 ἄτομον,
534 966 638 1003 ταύτην
654 968 670 1003 ἡ
685 967 764 994 οὐσία
778 967 846 1002 πρὸς
858 968 908 1003 τὴν

110 1014 269 1050 ὑπόστασιν.
285 1013 352 1049 ἔχει.

145 1103 252 1130 ΕΡΑΝ.
274 1103 444 1138 Σαφέστερον
471 1103 505 1130 τὰ
523 1104 588 1139 περὶ
613 1103 658 1130 τοῦ
678 1103 773 1138 γένους
799 1104 845 1130 καὶ
869 1103 908 1130 ετ-

110 1149 174 1181 δους
195 1150 234 1185 (7)
252 1150 298 1176 καὶ
312 1149 360 1176 τοῦ
377 1150 478 1185 ἀτόμου
493 1151 566 1176 εἰπέ.

147 1195 227 1222 ΟΡΘ.
251 1195 272 1220 Γ
274 1195 335 1226 ἐνος
359 1194 496 1230 καλοῦμεν
521 1196 552 1222 τὺ
573 1195 660 1228 ζῶον·
679 1195 765 1222 πολλὰ
786 1195 840 1230 γὰρ
857 1204 906 1230 ση-

112 1241 205 1276 μαίνει
224 1240 297 1267 κατὰ
321 1241 431 1268 ταύτόν.
450 1241 531 1280 Δελοῖ
547 1240 600 1276 γὰρ
617 1241 665 1268 καὶ
682 1241 711 1268 τὸ
726 1241 845 1275 λογικὸν,
862 1242 908 1268 καὶ

111 1286 142 1313 τὸ
153 1286 255 1319 ἄλογον
267 1294 273 1300 ·
289 1286 337 1312 καὶ
351 1284 384 1313 αὖ
410 1286 489 1313 πάλιν
503 1286 558 1312 τῶν
572 1286 677 1320 ἀλόγων
692 1287 749 1322 εἴδη
767 1287 862 1316 πολλὰ.
875 1287 909 1314 τὰ

114 1332 164 1367 μὲν
181 1331 282 1366 πτηνὰ,
301 1331 335 1358 τὰ
350 1332 378 1358 δὲ
387 1331 519 1367 ἀμφίϐια,
533 1331 568 1358 τὰ
581 1331 609 1358 δὲ
623 1332 704 1364 πεζὰ,
715 1333 750 1358 τὰ
763 1332 792 1359 δὲ
805 1333 904 1368 νηκτὰ.

112 1378 169 1404 Καὶ
193 1377 297 1404 τούτων
322 1377 351 1403 δὲ
375 1378 490 1404 ἕκαστον
511 1379 551 1410 εις
569 1378 654 1404 πολλὰ
677 1378 831 1414 διαιρεῖται.
848 1379 908 1406 Τῶν

112 1423 168 1458 γὰρ
185 1422 278 1455 πεζῶν
297 1423 362 1449 ἄλλο
389 1424 438 1458 μὲν
457 1424 514 1450 ἔστι
531 1424 610 1456 λέων,
627 1423 692 1450 ἄλλο
712 1424 740 1450 δὲ
763 1424 907 1459 πάρδαλις,

111 1469 178 1496 ἄλλο
203 1469 234 1495 δὲ
254 1467 366 1502 ταῦρος,
381 1469 428 1495 καὶ
453 1469 537 1504 μυρία.
563 1469 653 1503 ἔτερα.
681 1469 760 1495 Οὕτω
782 1470 829 1495 καὶ
853 1469 908 1495 τῶν

113 1514 237 1550 πτηνῶν,
257 1515 305 1540 καὶ
320 1513 374 1540 τῶν
387 1514 474 1541 ἄλλων
489 1514 547 1548 εἴδη
561 1514 648 1542 πολλά
659 1524 665 1530 ·
679 1515 738 1541 ἀλλ’
755 1516 829 1550 ὅμως
848 1516 909 1542 τοὺ·
922 1533 943 1562 c

111 1569 166 1586 των
181 1561 312 1587 ἁπάντων
329 1561 406 1594 γένος
426 1560 483 1586 ἐστὶ
498 1560 528 1586 τὸ
542 1560 622 1592 ζῶον,
635 1560 693 1596 εἴδη
713 1561 741 1587 δὲ
763 1561 798 1587 τὰ
812 1562 909 1597 προλε-

111 1605 245 1641 λεγμένα.
262 1606 342 1632 Οὕτω
367 1606 398 1632 τὸ
408 1605 548 1640 ἄνθρωπος
561 1605 647 1640 ὄνομα
668 1606 756 1632 κοινόν
771 1607 830 1633 ἐστι
844 1606 909 1634 ταύ-

111 1653 177 1686 τησὶ
200 1652 252 1686 τῆς
280 1651 390 1685 φύσεως
416 1650 510 1686 ὄνομα.
524 1651 719 1686 Σημαινειγὰρ
729 1651 828 1678 καὶτὸν
843 1651 908 1678 Ῥω-

113 1699 206 1732 μαῖον,
229 1697 275 1724 καὶ
295 1697 341 1724 τὸν
359 1696 513 1732 ’Δθηναϊον,
531 1697 579 1722 καὶ
595 1696 640 1722 τὸν
655 1696 775 1732 Πέρσην,
790 1697 838 1723 καὶ
863 1697 908 1723 τὸν

111 1743 309 1778 Σαυρομάτην,
327 1743 373 1770 καὶ
391 1742 435 1768 τὸν
455 1741 614 1776 Αἰγύπτιον,
637 1742 683 1767 καὶ
706 1741 856 1777 συλλήϐδην
869 1742 909 1768 ει-

113 1792 186 1821 πεῖν,
203 1791 329 1820 ἅπαντας
345 1789 403 1815 ὅσοι
422 1788 524 1824 ταύτης
546 1787 706 1814 κοινωνοῦσι
721 1788 770 1823 τῆς
788 1787 906 1822 φύσεως.

112 1837 149 1862 Τὸ
164 1836 194 1862 δέ
209 1844 242 1869 γε
260 1835 366 1866 Παῦλος
388 1834 405 1869 ἢ
428 1835 530 1869 Πέτρος
547 1833 633 1869 ὄνομα
653 1834 746 1860 οὐκέτι
765 1834 795 1860 τδ
818 1834 907 1861 κοινὸν

114 1883 245 1918 σημαίνει
263 1883 314 1917 τῆς
333 1881 453 1916 φύσεως,
472 1881 540 1908 ἀλλὰ
558 1881 604 1907 τόν
625 1889 685 1906 τινα
701 1880 739 1915 (8)
752 1880 907 1914 ἄνθρωπον.

113 1930 210 1961 υὺδεῑς
225 1929 281 1964 γὰρ
296 1928 342 1954 τὸν
356 1927 462 1954 Παῦλον
475 1927 606 1959 ἀκούσας,
623 1927 664 1958 εις
675 1926 720 1953 τὸν
747 1926 843 1962 Ἀδὰμ.
861 1927 908 1954 καὶ

113 1976 160 2003 τὸν
182 1974 322 2010 ’Δϐραὰμ,
342 1974 449 2001 καὶτὸν
468 1973 563 2000 Ίακὼε
579 1974 713 2010 ἀνέδραμε
721 1973 761 2009 τῷ
774 1973 906 2010 λογισμῷ,

114 2022 184 2049 ἀλλὰ
209 2021 307 2048 τοῦτον
332 2020 413 2055 μόνον
434 2020 554 2055 ἐνόησεν,
575 2018 606 2048 οὗ
627 2020 674 2047 καὶ
695 2020 747 2055 τῆς
769 2029 908 2056 προσηγο-

115 2068 179 2102 ρίας
194 2067 363 2101 κατήκουσε.
382 2065 433 2092 Τὺν
451 2065 542 2100 μέντοι
554 2064 697 2100 ἄνθρωπον
712 2065 807 2097 ἁπλῶς
823 2065 908 2093 ἀκού-

117 2121 178 2144 σας,
202 2113 254 2138 οὐκ
269 2112 309 2142 εις
330 2111 361 2137 τὸ
385 2111 486 2146 ἄτομον
505 2110 644 2146 ἀπερείδει
670 2111 716 2137 τὸν
740 2111 812 2142 νοῦν¹
840 2112 908 2139 ἀλλὰ

115 2159 163 2185 καὶ
181 2158 230 2184 τὸν
253 2157 345 2189 Ἰνδὸν,
368 2157 415 2183 καὶ
434 2156 479 2182 τὸν
497 2155 616 2191 Σκύθην,
632 2155 679 2182 καὶ
698 2156 744 2183 τὸν
758 2157 908 2192 Μασσαγέ-

958 235 1129 270 εοιιίιὶλῖίιὶί,
1141 242 1169 263 et
1182 237 1347 265 sanctissimi
1361 238 1492 274 Spiritus,
1507 248 1573 267 num
1588 249 1669 268 unam
1685 242 1751 269 sub-

958 282 1088 310 stantiam
1107 282 1235 315 dicimus,
1251 284 1322 311 sicut
1343 292 1358 312 a
1380 285 1474 312 divina
1494 286 1636 322 Scriptur.
1655 293 1749 315 Wtere

958 330 986 355 et
1007 335 1089 360 nova,
1110 333 1138 355 et
1156 337 1172 355 a
1191 329 1318 357 Patribus
1342 330 1441 358 Nicmae
1463 337 1634 368 congregatis
1656 333 1749 361 edocti

957 380 1064 407 sumus,
1082 382 1116 402 an
1129 375 1187 402 Arii
1203 376 1400 410 blasphemiam
1414 377 1573 412 sequimur?

993 460 1098 488 ERAN-
1118 461 1204 489 Unam
1222 462 1386 490 conﬁtemur
1403 468 1503 492 sanctae
1520 464 1663 494 Trinitatis
1682 467 1747 494 sub-

959 507 1098 536 stantiam.

994 551 1098 579 ORTH.
1119 552 1282 588 Hypostasin
1303 559 1407 587 autem,
1428 563 1461 583 an
1484 558 1558 585 aliud
1580 567 1661 593 quam
1681 559 1749 586 sub—

959 597 1088 623 stantiam
1108 598 1265 633 signiﬁcare
1287 605 1425 634 putamus,
1444 610 1477 628 an
1497 603 1656 632 substantia:
1675 606 1749 632 aliud

958 650 1019 669 esse
1038 651 1139 671 nomen
1155 645 1363 674 existimamus?

975 729 978 732 ψ
995 689 1020 723 7
1039 690 1143 718 ERAN.
1161 691 1245 720 Estne
1257 693 1350 728 aliqua
1363 693 1520 723 diﬁ‘erentia
1534 695 1606 723 inter
1620 697 1750 725 substan—

959 734 1024 761 tiam
1039 740 1066 762 et
1082 736 1257 772 hypostasin?

995 780 1099 808 ORTll.
1129 783 1286 812 Secundum
1313 789 1471 814 exterorum
1498 788 1609 822 quidem
1640 789 1750 823 sapien-

960 826 1025 854 tiam
1048 828 1124 861 nulla
1144 833 1186 856 est
1204 838 1210 856 :
1226 838 1290 857 nam
1314 832 1461 860 substantia
1487 834 1544 868 (seu
1571 835 1694 869 εεεεηιία)
1722 835 1749 863 id

959 873 1032 907 quod
1047 878 1089 900 est
1101 874 1246 909 signiﬁcat,
1259 880 1286 903 et
1303 876 1330 903 id
1345 878 1417 912 quod
1432 879 1558 906 subsistit
1570 884 1612 907 est
1624 881 1750 915 Itypasta-

957 919 1003 945 εἰς.
1021 919 1056 946 At
1075 921 1226 948 secundum
1247 922 1359 950 Patrum
1377 923 1544 956 doctrinam,
1564 926 1656 952 sicut‘
1671 926 1750 954 ditl‘e-

959 969 1024 991 runt
1043 973 1189 994 commune
1211 972 1239 994 et
1255 968 1410 1006 proprium,
1429 970 1472 997 vel
1495 978 1581 1005 genus
1598 975 1627 998 et
1644 972 1750 1006 species

958 1017 991 1037 ac
1013 1011 1197 1045 individuum,
1219 1014 1257 1040 ita
1279 1014 1412 1042 (liﬁ‘erunt
1434 1016 1588 1044 substantia
1609 1021 1637 1044 et
1662 1017 1749 1053 hypo-

958 1057 1048 1084 stasis.

993 1101 1097 1130 EliAN.
1122 1104 1171 1131 Dic
1192 1104 1275 1139 paulo
1294 1105 1396 1132 clarius
1417 1106 1451 1133 de
1468 1115 1579 1142 genere,
1602 1109 1703 1143 specie,
1723 1113 1751 1138 et

959 1149 1114 1176 individuo.

994 1194 1099 1221 οιιτιι.
1119 1194 1213 1221 Genus
1235 1194 1405 1229 appellamus
1429 1195 1552 1222 animal:
1569 1197 1655 1224 multa
1675 1198 1750 1225 enim

959 1241 1039 1268 simul
1052 1240 1196 1276 signiﬁcat.
1209 1240 1276 1267 Nam
1288 1245 1315 1267 et
1326 1241 1432 1268 ratione
1442 1241 1586 1276 praeditum
1598 1247 1626 1270 et
1637 1244 1751 1272 rationis

951 1295 1058 1322 expers
1077 1286 1269 1321 complectitur
1282 1295 1287 1312 :
1300 1291 1329 1314 et
1349 1287 1463 1314 rationis
1479 1288 1631 1322 expertium
1654 1297 1751 1317 rursus

960 1333 1052 1359 multae
1071 1336 1135 1358 sunt
1154 1331 1270 1366 species.
1289 1332 1348 1358 Alia
1369 1332 1442 1358 enim
1464 1336 1528 1359 sunt
1549 1333 1680 1366 volatilia,
1697 1335 1751 1362 alia

959 1377 1099 1412 amphibia
1113 1385 1119 1402 :
1131 1377 1254 1411 quaedam
1269 1377 1386 1411 pedibus
1395 1377 1567 1412 gradiuntur,
1579 1379 1631 1405 alia
1644 1382 1749 1406 natant.

959 1422 1179 1457 Unumquodque
1203 1429 1285 1457 porro
1307 1423 1422 1449 istorum
1444 1423 1472 1449 in
1498 1423 1583 1450 multa
1605 1424 1749 1451 dividitur.

959 1469 1131 1496 Pedestrium
1145 1468 1246 1503 quippe
1258 1468 1331 1495 aliud
1345 1473 1386 1495 est
1398 1468 1451 1500 leo,
1464 1469 1538 1498 aliud
1552 1469 1663 1504 pardus,
1674 1470 1750 1497 aliud

960 1519 1065 1546 taurus,
1077 1518 1105 1541 ct
1119 1514 1192 1541 mille
1204 1514 1267 1540 alia.
1284 1514 1329 1541 Sic
1344 1514 1426 1541 etiam
1439 1519 1466 1541 et
1477 1515 1631 1547 volucrum,
1644 1520 1672 1543 et
1687 1516 1751 1543 reli-

959 1568 1077 1595 quorum
1092 1561 1185 1588 multa:
1200 1565 1265 1587 sunt
1282 1561 1403 1595 species;
1419 1560 1466 1588 sed
1479 1561 1578 1588 horum
1591 1566 1681 1590 tamen
1692 1571 1751 1591 om-

959 1607 1034 1634 nium
1043 1614 1129 1641 genus
1137 1611 1179 1634 est
1187 1606 1298 1638 animal,
1307 1606 1414 1641 species
1425 1611 1526 1638 autem,
1536 1615 1604 1641 quas
1613 1609 1749 1636 rccensui.

959 1651 1005 1679 Sic
1020 1652 1142 1679 hominis
1155 1651 1304 1686 appellatio
1320 1655 1424 1679 natura:
1440 1652 1523 1687 hujus
1537 1659 1683 1681 commune
1702 1662 1751 1682 no-

958 1705 1022 1724 men
1036 1701 1087 1724 est.
1105 1697 1246 1732 Signiﬁcat
1258 1697 1332 1723 enim
1346 1702 1374 1724 et
1387 1697 1550 1729 Romanum,
1561 1702 1589 1725 et
1602 1699 1751 1727 Athenien-

958 1749 1061 1775 sem,et
1071 1744 1193 1775 Persam,
1204 1748 1232 1770 et
1246 1743 1446 1775 Sauromatam,
1459 1749 1486 1771 ct
1495 1743 1662 1780 (Egyptium,
1671 1750 1709 1779 et,
1721 1750 1751 1774 ut

959 1789 1042 1816 semel
1053 1789 1154 1821 dicam,
1163 1793 1298 1824 quotquot
1309 1794 1374 1816 sunt
1386 1789 1468 1824 hujus
1477 1794 1581 1818 natura:
1591 1792 1749 1826 participes.

959 1835 1036 1863 Pauli
1049 1843 1116 1862 vero
1127 1840 1154 1862 et
1166 1835 1241 1862 Petri
1254 1843 1354 1862 nomen
1368 1843 1423 1862 non
1436 1843 1609 1864 communem
1623 1843 1750 1866 naturam

959 1880 1101 1916 designat,
1127 1881 1176 1908 sed
1203 1881 1362 1916 quempiam
1388 1881 1537 1909 hominem.
1563 1882 1650 1910 Nemo
1675 1885 1752 1912 enim

958 1927 1073 1954 Paulum
1090 1927 1216 1959 audiens,
1232 1925 1267 1953 ad
1283 1926 1429 1958 Adamum,
1441 1926 1484 1953 vel
1497 1926 1694 1960 Abrahamum,
1707 1929 1750 1957 vel

958 1973 1092 2001 Iacobum
1119 1973 1314 2008 cogitationem
1340 1972 1486 2004 convertit,
1504 1972 1552 2000 sed
1575 1980 1638 2000 eum
1661 1975 1751 2002 solum

959 2018 1071 2054 cogitat,
1087 2018 1167 2053 cujus
1187 2017 1400 2052 appellationem
1421 2016 1536 2043 audivit.
1557 2016 1602 2049 At,
1615 2017 1638 2044 si
1659 2017 1751 2045 homi-

959 2071 1023 2091 nem
1037 2063 1202 2098 simpliciter
1216 2062 1331 2094 audivit,
1342 2069 1397 2089 non
1413 2062 1440 2089 in
1453 2061 1565 2096 aliquod
1577 2062 1751 2090 individuum

959 2108 1152 2144 cogitationem
1172 2107 1276 2142 deﬁgit,
1298 2107 1346 2135 sed
1373 2112 1401 2135 et
1430 2107 1538 2141 Indum,
1563 2112 1591 2135 et
1611 2108 1750 2144 Scytham,

958 2153 987 2188 8
1003 2157 1032 2180 et
1061 2152 1258 2188 Massagetam,
1276 2155 1304 2179 et
1323 2152 1484 2179 universum
1498 2152 1648 2181 humanum
1665 2161 1752 2189 genus

115 2211 177 2237 την,
190 2201 238 2228 καὶ
251 2200 420 2233 ἁπαξαπλῶς
435 2201 490 2226 πᾶν
503 2199 580 2234 γένος
590 2199 742 2236 ἀνθρώπων
756 2200 905 2234 λογίζεται.

963 2197 1051 2224 animo
1075 2196 1293 2232 comprehendit.
1316 2196 1373 2224 Hoc
1395 2204 1478 2231 porro
1500 2205 1552 2225 nos
1573 2206 1628 2225 non
1652 2203 1752 2227 natura

116 2247 173 2273 Καὶ
188 2246 268 2273 τοῦτο
279 2246 354 2281 ἡμᾶς
370 2245 418 2280 οὺχ
435 2246 452 2280 ἡ
466 2245 547 2280 φύσις
566 2245 656 2280 μόνον,
667 2245 736 2272 ἀλλὰ
752 2246 800 2272 καὶ
815 2247 831 2282 ή
846 2246 906 2274 Θεία

116 2292 238 2318 διδάσκει
259 2291 367 2326 Γραφῇ.
390 2289 459 2316 Eine
483 2290 536 2325 γὰρ
556 2291 571 2316 ὁ
589 2289 666 2322 Θεὸς,
684 2290 778 2325 φησιν,
812 2300 822 2316 ε
841 2291 907 2319 Ἀπο

115 2337 220 2371 metu
237 2336 283 2363 τὸν
292 2336 433 2372 ἄνθρωπον
453 2336 481 2362 ὃν
503 2335 608 2362 ἔπλασα
623 2335 676 2362 ἀπὸ
693 2335 839 2371 προσώπου
858 2337 908 2372 τῆς

115 2383 180 2417 γῆς.
195 2392 204 2408 ι
222 2381 309 2409 Τοῦτο
326 2382 354 2408 δὲ
372 2381 438 2416 περὶ
454 2381 622 2416 παμπόλλων
639 2381 734 2417 εἴρηκε
755 2381 905 2417 μυριάδων.

115 2428 252 2454 Πλειόνων
267 2427 317 2462 (8⁸)
338 2426 424 2462 γὰρῆ
447 2425 583 2461 δισχιλίων
607 2426 654 2452 καὶ
675 2426 820 2453 διακοσίων
839 2426 908 2461 μετὰ

114 2473 161 2499 τὸν
189 2472 277 2507 ’Δδὰμ
288 2468 482 2506 διεληλυθότών
498 2471 576 2502 ἑτῶν.
587 2471 636 2507 τὴν
650 2471 694 2498 διὰ
710 2471 757 2498 τοῦ
774 2471 909 2498 κατακλυ-

115 2518 187 2554 σμοῦ
203 2517 394 2552 πανωλεθρίαν
410 2518 466 2548 τοῖς
484 2517 639 2552 ἀνθρώποις
655 2517 817 2554 ἐπήνεγκεν.
830 2516 908 2544 Οὕτω

115 2566 164 2591 καί
183 2566 197 2592 ὁ
212 2564 347 2600 μακάριος
375 2563 448 2597 λέγει
474 2563 557 2590 Δαὸίδ
568 2571 575 2578 ·
593 2572 602 2588 ι
617 2562 778 2598 Ἀνθρωπος
794 2564 823 2590 ὲν
840 2564 906 2598 τιμῇ

114 2610 153 2638 ἂν
169 2611 200 2638 οὐ
221 2610 349 2645 συνῆκεν,
362 2618 371 2635 ι
390 2609 420 2636 οὺ
439 2608 486 2635 τοῦ
512 2608 609 2641 δεῖνος,
631 2608 649 2644 ἢ
665 2607 712 2636 τοῦ
725 2609 821 2642 δεῖνος,
838 2608 906 2636 ἀλλὰ

150 2701 162 2718 ³
178 2701 249 2729 Gen.
262 2709 300 2733 VI,
315 2701 341 2727 7.
379 2700 390 2716 ⁵
405 2699 477 2727 Psal.
497 2707 587 2732 tum,
597 2699 644 2741 21ἶ

163 2779 190 2814 6)
215 2779 266 2806 Ed.
287 2779 368 2805 Rom.
387 2783 421 2814 et
431 2777 506 2814 Lips.
523 2775 744 2814 «ixolquﬁoﬁvrac.

163 2811 190 2848 7)
215 2824 241 2840 κ.
257 2813 307 2840 εἶδ.
325 2814 363 2840 Ex
379 2813 446 2840 edit.
464 2811 543 2848 Rom.
559 2811 674 2848 et_Lips.
692 2811 839 2848 insertum-

149 2846 188 2883 (8)
210 2849 282 2875 τινα.
299 2849 338 2875 lla
356 2848 434 2875 Rom.
448 2851 477 2874 et
492 2847 565 2882 Lips.
580 2846 686 2874 Mallem
698 2846 781 2873 δεῖνα.

959 2243 1059 2275 solum,
1074 2242 1122 2270 sed
1133 2242 1226 2269 divina
1239 2242 1322 2270 etiam
1336 2242 1476 2277 Scriptura
1489 2243 1578 2271 docet.
1591 2244 1665 2271 Dixit
1677 2245 1751 2272 enim

959 2289 1043 2321 Deus,
1065 2288 1177 2323 inquit:
1196 2297 1205 2313 ‹
1223 2287 1326 2315 Delebo
1350 2287 1505 2321 hominem,
1531 2296 1612 2323 quem
1636 2289 1750 2317 formavi

959 2342 975 2361 a
994 2334 1063 2361 facie
1081 2338 1160 2360 terrae
1170 2333 1191 2360 ³.
1210 2343 1218 2358 ι
1237 2333 1294 2360 Hoc
1312 2340 1377 2360 vero
1391 2333 1460 2361 dixit
1476 2334 1510 2362 de
1527 2334 1686 2362 hominibus
1700 2343 1752 2363 nu-

959 2387 1036 2407 mero
1053 2378 1177 2406 inﬁnitis.
1194 2378 1263 2406 Cum
1278 2379 1352 2406 enim
1368 2380 1430 2406 anni
1446 2384 1507 2414 post
1524 2380 1658 2407 Adamum
1679 2388 1750 2415 pra:-

961 2425 1099 2454 tcriissent
1114 2425 1206 2460 plures
1226 2432 1307 2459 quam
1324 2424 1367 2452 bis
1382 2425 1457 2452 mille
1475 2433 1507 2453 ac
1520 2425 1643 2458 ducenti,
1659 2425 1750 2453 homi-

958 2471 1041 2503 nibus
1056 2479 1106 2505 pcr
1124 2469 1332 2497 inundationem
1349 2471 1463 2498 exitium
1476 2471 1576 2498 attulit.
1592 2471 1751 2507 Eodemque

957 2517 1040 2544 modo
1056 2517 1155 2544 beatus
1175 2516 1261 2543 David
1284 2516 1424 2551 loquitur:
1444 2526 1452 2542 ι
1471 2516 1558 2543 Homo
1573 2524 1635 2544 cum
1650 2516 1678 2544 in
1698 2517 1749 2544 bo-

956 2571 1024 2590 nore
1043 2567 1127 2594 esset,
1142 2570 1197 2590 non
1221 2562 1357 2589 intellexit
1369 2562 1389 2595 δ,
1406 2572 1415 2588 ι
1436 2570 1491 2589 ηοη
1509 2562 1583 2590 hunc
1599 2563 1641 2590 vel
1659 2563 1748 2595 illum,

955 2608 1004 2636 sed
1020 2607 1147 2635 universe
1166 2614 1263 2635 omnes
1282 2607 1409 2635 homines
1427 2615 1570 2635 accusans.
1591 2607 1666 2636 Talia
1685 2609 1749 2644 qui-

992 2775 1042 2810 (8')
1058 2774 1188 2801 πλειόνων
1198 2775 1401 2809 -ὲπὴνεγκεν,
1417 2776 1455 2803 lta
1471 2775 1527 2804 fere
1544 2776 1679 2804 calculum
1695 2775 1748 2801 du-

956 2809 994 2837 cit
1006 2810 1224 2846 Nosterkquzest.
1245 2809 1278 2836 47
1297 2811 1324 2837 in
1344 2811 1408 2838 Gen.
1424 2811 1485 2839 Vid.
1502 2816 1522 2839 t.
1539 2812 1560 2844 Ι,
1581 2819 1608 2846 p.
1631 2811 1674 2838 60.
1694 2809 1747 2838 Sed

957 2849 1091 2880 repugnat
1104 2843 1282 2880 Chronologin
1306 2854 1396 2873 sacra.
