1953 3055
211 125 247 158 35
700 122 947 154 THEODORETI
966 122 1135 152 EPlSCOPl
1155 123 1339 154 CYRENSIS
1811 126 1848 157 36

213 183 276 211 dem
293 180 503 209 innumerabilia
519 185 593 213 sunt,
611 180 658 207 sed
678 180 830 215 producere
845 187 1002 208 sermonem

1063 180 1132 215 ιοινῇ
1163 179 1273 206 πάντων
1299 179 1452 215 ἀνθρώπων
1478 179 1651 217 κατηγορῶν.
1677 182 1732 210 Καὶ
1761 184 1850 219 μυρία

213 228 282 256 nihil
295 233 338 255 est
353 235 433 262 opus.

249 272 353 300 ERAN.
377 271 538 300 Communis
561 275 589 298 et
608 271 713 306 proprii
738 271 887 298 discrimen
909 274 1004 305 aperte

213 323 355 346 ostensum
378 323 421 346 est
437 327 447 354 εγ
461 318 509 345 sed
531 318 566 345 ad
589 317 772 345 substantiam
793 322 822 345 et
845 317 1004 354 hypostasin

213 365 371 393 redeamus.

248 410 353 438 ORTH.
381 411 460 438 Sicut
480 418 545 445 ergo
565 418 667 437 nomen
689 409 774 437 Homo
794 416 940 436 commune
962 413 1004 436 est

214 457 263 484 toti
286 457 350 483 huic
372 461 478 483 naturae
501 464 508 482 :
532 455 569 482 ita
593 455 693 482 divinas
717 455 878 482 substantia:
902 462 1003 482 nomen

213 506 336 529 sanctam
354 502 518 528 Trinitatem
536 501 690 536 signiﬁcare
711 501 876 536 accepimus,
892 501 900 511 “
916 501 1003 537 hypo-

213 548 302 575 stasin
326 555 392 574 vero
416 555 561 582 personam
587 547 705 582 aliquam
731 547 887 582 designare,
904 555 1004 582 nempe

211 592 256 620 vel
274 593 375 623 Patris.
387 592 430 619 vel
447 592 520 624 Filii,
533 592 575 619 vel
591 591 709 627 Spiritus
723 593 819 620 sancti.
836 591 902 618 Nam
920 591 1004 627 hypo-

212 638 309 670 stasin,
322 642 350 664 et
371 645 527 672 personam,
545 641 573 664 et
588 635 783 672 proprietatem
804 637 876 664 idem
897 636 1004 672 signill-

211 690 276 710 care
303 683 439 716 dicimus,
465 686 623 710 sanctorum
649 683 762 711 Patrum
783 682 937 710 doctrinam
961 690 1004 710 se-

212 735 339 763 quentes.

247 774 350 802 ERAN.
370 774 432 802 Haec
447 775 484 802 ita
499 782 528 802 se
541 774 643 802 habere
658 774 830 802 conﬁtemur.

247 820 352 848 ORTII.
370 821 546 856 Quaecunque
558 829 623 856 ergo
636 820 670 848 de
686 824 784 848 natura
799 821 892 848 divina
906 820 1003 848 dicun-

212 872 267 900 tur,
282 867 438 895 communia
448 871 513 894 sunt
523 867 612 894 Patris
622 871 650 894 et
660 867 720 894 Filii
731 871 758 894 et
771 867 890 902 Spiritus
903 866 1000 899 sancti,

212 916 243 938 ut
262 912 343 941 Deus.
361 911 504 944 Dominus,
527 911 664 944 conditor,
687 912 872 947 omnipotens,
893 915 921 940 et
943 920 1004 948 qua

211 958 255 985 his
271 957 381 985 similia.

244 1057 272 1092 9
280 1057 383 1084 ERAN.
393 1057 456 1084 Haec
464 1056 534 1084 citra
544 1057 763 1084 controversiam
775 1057 919 1085 Trinitatis
935 1062 1001 1085 sunt

209 1102 376 1130 communia.

245 1148 349 1176 ΟΠΤΠ.
376 1148 442 1181 Quae
468 1152 561 1175 autem
600 1148 763 1183 hypostases
788 1156 837 1175 seu
869 1156 1002 1184 personas

210 1193 365 1229 designant,
378 1201 409 1220 ea
420 1198 521 1220 sancire
537 1193 665 1221 Trinitati
680 1193 838 1221 communia
858 1202 913 1221 non
927 1199 1001 1227 sunt,

209 1240 257 1268 sed
275 1239 347 1266 illius
366 1243 431 1266 sunt
449 1247 584 1274 pet-soure.
615 1240 695 1274 cujus
717 1244 783 1267 sunt
801 1239 914 1275 propria
939 1248 945 1266 :
972 1244 1003 1267 ut

209 1294 311 1313 nomen
335 1286 426 1317 Pater,
452 1290 479 1313 ct
505 1285 656 1320 lngenitus,
673 1286 784 1320 propria
798 1289 863 1313 sunt
885 1286 976 1313 Patris
994 1295 1000 1313 :

209 1339 310 1359 nomen
324 1339 434 1366 quoque
447 1330 543 1362 Filius,
556 1335 583 1358 et
597 1330 772 1366 Unigcnitus,
789 1335 817 1358 et
834 1331 908 1359 Deus
934 1331 1003 1358 Ver-

208 1377 286 1409 bum,
302 1385 357 1403 non
383 1377 491 1403 Patrem
510 1376 680 1410 signiﬁcant,
700 1384 751 1403 nec
777 1375 911 1411 Spiritum
937 1384 1001 1403 san-

209 1427 296 1454 ctum,
315 1423 362 1450 sed
392 1423 504 1450 Filium.
534 1422 652 1457 Spiritus
676 1431 743 1450 vero
767 1428 889 1457 sanctus,
903 1427 932 1451 et
951 1423 1002 1451 Pa-

209 1470 338 1500 racletus,
351 1469 470 1503 Spiritus
484 1475 630 1503 personam
647 1468 803 1503 designant.

244 1556 348 1584 ERAN.
363 1555 404 1582 An
418 1563 475 1582 non
487 1554 571 1590 igitur
581 1554 713 1589 Spiritum
726 1558 807 1582 vocat
819 1562 896 1582 sacra
923 1555 1000 1582 Scri-

209 1606 290 1637 plura
304 1600 386 1627 etiam
398 1601 507 1627 Patrem
524 1604 551 1626 et
568 1599 685 1626 Filium?

243 1647 349 1674 ORTll.
365 1646 499 1680 Spiritum
515 1645 623 1672 vocavit
635 1649 663 1672 et
677 1645 786 1672 Patrem
799 1649 827 1672 et
839 1645 938 1673 Filium
949 1666 956 1679 ,
970 1650 1001 1673 ut

210 1692 347 1727 significet
364 1691 486 1718 divinam
511 1694 637 1717 naturam
664 1698 724 1718 esse
750 1691 949 1726 incorpoream,
973 1696 1002 1718 et

209 1737 401 1766 circumscribi
412 1745 467 1764 non
483 1744 563 1771 posse
580 1745 586 1763 :
605 1736 740 1771 Spiritum
760 1741 853 1764 autem
870 1740 999 1764 sanctum

210 1784 295 1812 solam
306 1783 426 1817 Spiritus
441 1788 585 1816 personam
607 1781 735 1816 appellat.

245 1826 349 1853 ERAN.
364 1826 422 1852 Hoc
435 1833 546 1860 quoque
561 1830 638 1852 extra
658 1826 878 1854 controversiam
891 1831 931 1854 est
950 1835 1001 1862 po-

210 1873 304 1900 situm.

186 1919 192 1925 '
243 1916 347 1944 ORTH.
361 1916 495 1949 Quoniam
509 1924 576 1952 ergo
590 1917 682 1952 aliqua
698 1917 819 1946 diximus
830 1926 890 1946 esse
901 1923 1002 1947 sanctas

210 1962 353 1990 Trinitatis
366 1962 535 1994 communia.
549 1963 640 1997 aliqua
666 1971 733 1990 vero
756 1964 891 1999 cujusque
913 1965 1002 2000 hypo-

208 2013 314 2036 Ilaseos
341 2008 463 2042 propria,
487 2014 588 2035 nomen
611 2007 783 2036 immutabile
804 2009 1001 2037 substantiaane

210 2063 356 2082 commune
370 2055 489 2082 dicimus
498 2061 571 2088 esse,
589 2062 624 2082 an
648 2055 765 2091 alicujus
784 2063 909 2090 persona:
934 2064 1001 2092 pro-

211 2100 321 2135 prium?

245 2144 349 2172 ERAN.
364 2145 515 2173 Commune
525 2148 568 2172 est
581 2144 728 2172 Trinitatis
742 2145 925 2174 immutabile.
944 2147 1001 2175 Nec

211 2190 284 2218 enim
300 2190 360 2218 ﬁeri
374 2194 476 2225 potest,
489 2190 690 2218 utsubstantiaa
714 2191 790 2218 aliud
805 2191 842 2219 sit
855 2193 999 2225 mutabile,
1018 2207 1039 2234 ι)

1032 2263 1034 2265 _
1054 2234 1084 2260 τὸ
1099 2234 1128 2261 δὲ
1142 2234 1287 2270 ἄτρεπτον.

211 2236 286 2263 aliud
301 2236 483 2263 immutabile.

244 2291 349 2320 ORTll.
380 2292 513 2320 Praeclare
539 2292 643 2320 dixisti.
680 2292 759 2320 Sicut
780 2295 855 2322 enim
887 2296 1002 2324 mortale

211 2345 356 2364 commune
367 2341 409 2364 est
425 2337 580 2369 hominum,
594 2337 630 2364 ita
646 2341 747 2365 sanctze
758 2337 903 2366 Trinitatis
926 2347 1002 2366 eom-

212 2391 295 2410 mune
312 2387 354 2410 est
371 2383 550 2414 immutabile,
568 2385 596 2409 et
614 2382 786 2410 alterationis
810 2391 919 2419 expers.
947 2385 1002 2412 Im-

213 2428 353 2455 mutabilis
372 2428 456 2463 igitur
476 2427 561 2454 etiam
590 2427 749 2462 unigenitus
775 2428 871 2461 Filius,
891 2429 1003 2456 sicutct

212 2472 293 2501 Pater
309 2474 357 2508 qui
370 2474 458 2508 ipsum
472 2473 577 2510 genuit.
594 2476 621 2500 et
638 2472 756 2507 Spiritus
769 2478 892 2502 sanctus.

248 2519 352 2546 EBAN.
366 2519 563 2547 lmmutabilis.

194 2603 198 2614 |
251 2576 302 2610 ιο
315 2574 419 2603 ORTH.
441 2575 584 2609 Quomodo
605 2577 690 2613 igitur
717 2577 906 2613 evangelicum
934 2577 1004 2606 illud

213 2621 317 2649 dictum
338 2631 346 2646 ι
365 2621 486 2649 Verbum
499 2630 564 2649 caro
580 2623 683 2651 factum
701 2628 744 2651 est
757 2624 766 2639 ⁸
782 2633 791 2649 ι
821 2623 1004 2659 proferentes,

214 2664 393 2692 mutationem
412 2665 575 2693 immutabili
591 2671 698 2694 natura:
712 2667 851 2695 tribuitis?

250 2743 261 2759 ⁵
281 2742 358 2770 Joan.
376 2750 395 2775 ι,
412 2743 454 2769 Η.

252 2821 290 2856 (9)
307 2821 402 2856 1:9.Ex
422 2821 466 2849 ed.
484 2821 562 2848 Rom.
577 2825 604 2848 et
621 2821 692 2856 Lips.
708 2821 849 2850 insertum.

1055 224 1167 251 τοιαῦτα
1181 224 1255 251 ἐστιν
1271 225 1372 260 εὑρεῖν,
1387 225 1446 251 ἀλλ’
1457 225 1488 252 οὑ
1501 226 1554 261 χρὴ
1568 226 1711 261 μηκύνειν.

1091 269 1194 297 ΕΡΔΝ.
1214 270 1353 297 Δέδεικται
1380 271 1474 305 σαφῶς
1499 272 1516 307 ἡ
1542 271 1659 308 διαφορὰ
1679 273 1727 299 τοῦ
1752 274 1848 301 κοινοῦ

1055 315 1123 352 πρὸς
1142 316 1173 342 τὸ
1191 316 1255 343 ἴδιον
1265 324 1272 331 ·
1286 316 1346 343 ἀλλ’
1361 318 1402 349 εις
1414 317 1461 343 τὸν
1476 318 1541 353 περὶ
1556 318 1605 353 τῆς
1617 319 1712 351 οὐσίας
1729 320 1777 346 καὶ
1794 321 1849 356 τῆς

1055 361 1231 394 ὑποστάσεως
1243 362 1437 398 ἐπανέλθωμεν
1455 364 1544 398 λόγον.
1847 377 1855 380 ·

1090 407 1166 434 ΟΡΘ.
1183 408 1289 443 Ὥσπερ
1309 408 1400 436 τοίνυν
1421 409 1452 436 τὸ
1474 409 1630 444 ἅνθρωπος
1651 411 1737 446 ὄνομα
1755 411 1847 438 κοινόν

1054 453 1113 480 ἐστι
1129 453 1233 489 ταύτης
1251 454 1303 489 τῆς
1323 453 1430 488 φύσεως
1446 456 1545 491 δνομα,
1561 456 1633 483 οὑτω
1647 457 1697 492 τὴν
1711 457 1786 485 θείαν
1799 458 1847 484 οὑ·

1055 499 1115 526 σίαν
1132 499 1181 535 τὴν
1198 500 1280 534 ἁγίαν
1292 500 1396 536 Τριάδα
1411 502 1554 537 σημαίνειν
1569 503 1737 539 εἰλήφαμεν
1752 503 1802 538 τὴν
1816 504 1847 531 δέ

1053 554 1086 580 γε
1101 546 1259 579 ὑπόστασιν,
1273 548 1420 584 προσώπου
1431 548 1505 580 τινος
1519 547 1588 576 εἶναι
1599 549 1760 585 δηλωτικὴν,
1776 547 1846 582 οἷον,

1054 592 1071 627 ἢ
1085 593 1132 619 τοῦ
1149 593 1265 628 Πατρδς,
1284 593 1300 628 ἢ
1317 593 1363 620 τοῦ
1381 593 1457 625 Υίοῦ,
1473 593 1489 629 ἢ
1505 593 1553 621 τοῦ
1573 594 1651 628 ἁγίου
1672 594 1845 630 Πνεὺματος.

1055 638 1111 674 Τὴν
1126 638 1181 674 γὰρ
1195 639 1354 671 ὑπόστασιν,
1373 640 1419 667 καὶ
1430 640 1461 666 τὸ
1476 640 1631 675 πρόσωπον,
1649 641 1697 667 καὶ
1712 641 1763 676 τὴν
1776 641 1846 667 16:6-

1054 692 1134 720 τητα,
1144 685 1244 711 ταύτὸν
1259 686 1403 720 σημαίνειν
1415 686 1504 720 φαμὲν
1515 687 1572 718 τοῖς
1590 687 1643 713 τῶν
1657 687 1743 721 ἁγίων
1757 686 1846 714 Πατέ-

1055 739 1112 766 ρων
1125 731 1198 766 ὅροις
1212 731 1434 764 ἀκολουθοῦντες.

1090 777 1193 804 ΕΡΑΝ.
1211 777 1451 813 Συνομολογοῦμεν
1469 777 1542 804 οὕτω
1554 777 1631 804 ταῦτ’
1649 777 1730 813 ἔχειν.

1093 823 1169 850 ΟΡΘ.
1179 823 1249 850 Ὅσα
1261 823 1352 851 τοίνυν
1367 823 1431 858 περὶ
1446 823 1496 858 τῆς
1512 823 1588 855 θείας
1603 823 1713 858 λέγεται
1725 824 1845 859 φύσεως,

1055 870 1132 897 κοινὰ
1152 869 1240 896 ταῦτά
1261 870 1319 896 ἐστι
1338 868 1386 896 τοῦ
1406 869 1513 905 Πατρδς
1532 869 1579 896 καὶ
1592 869 1640 896 τοῦ
1653 870 1717 897 Υἱοῦ
1736 870 1846 898 καὶτοῦ

1054 915 1132 950 ἁγίου
1153 915 1322 950 Πνεύματος,
1341 911 1408 946 οἷον,
1426 914 1458 941 τδ
1475 915 1554 946 Θεὸς,
1574 914 1605 941 τὸ
1621 914 1733 950 Κύριος,
1751 915 1781 942 τὸ
1799 916 1848 951 δη-

1056 961 1197 998 μιουργὸς,
1217 961 1247 988 τὸ
1272 961 1482 996 παντοκράτωρ,
1505 961 1551 988 καὶ
1575 961 1626 988 ὅσα
1651 961 1758 994 τούτοις
1785 962 1846 989 ὲστὶ

1054 1008 1242 1043 παραπλήσια.

1089 1053 1191 1081 EPAN.
1209 1053 1472 1089 ’Δναμφισὸητήτως
1481 1053 1560 1080 κοινὰ
1573 1053 1623 1089 τῆς
1633 1054 1747 1089 Τριάδος
1758 1055 1842 1082 ἐστίν.

1088 1141 1166 1168 οΡΘ.
1181 1141 1253 1166 ’Ὁσα
1266 1139 1289 1166 δ’
1302 1136 1336 1166 αὖ
1351 1139 1405 1165 τῶν
1425 1139 1601 1166 ὑποστάσεων
1623 1140 1742 1176 ὑπάρχει
1757 1141 1846 1176 δηλω-

1052 1186 1127 1219 τικὰ,
1144 1186 1238 1213 οὐκέτι
1258 1185 1346 1212 ταῦτα
1369 1185 1418 1221 τῆς
1439 1185 1520 1219 ἁγίας
1544 1186 1659 1221 Τριάδος
1682 1186 1771 1219 κοινὰ,
1784 1187 1844 1214 ἀλλ’

1053 1233 1162 1268 ἐκείνης
1176 1232 1234 1259 ἐστὶ
1245 1232 1295 1267 τῆς
1308 1231 1496 1263 ὑποστάσεως,
1515 1229 1549 1267 ἧς
1561 1232 1635 1259 ἐστιν
1648 1232 1724 1259 ῑδιον.
1739 1231 1802 1260 Οἷον
1813 1234 1845 1260 τὸ

1053 1279 1148 1314 Πατήρ
1166 1278 1262 1313 ὄνομα,
1280 1277 1328 1308 καὶ
1347 1277 1378 1303 τὸ
1395 1277 1568 1311 Ἀγέννητος,
1584 1277 1632 1304 τοῦ
1646 1278 1753 1313 Πατρός
1770 1281 1844 1306 ἐστιν

1054 1325 1117 1357 ῐδια,
1134 1325 1182 1351 καὶ
1191 1322 1225 1351 αὖ
1238 1323 1329 1357 πάλιν,
1343 1322 1373 1349 τὸ
1386 1322 1450 1355 Υἱός
1459 1323 1556 1358 ὄνομα,
1567 1323 1614 1350 καὶ
1629 1323 1660 1350 τὸ
1674 1324 1843 1361 Μονογενής,

1053 1371 1102 1397 καὶ
1112 1370 1144 1396 τὸ
1159 1369 1228 1401 Θεὸς
1242 1369 1340 1403 Λόγος,
1360 1368 1390 1395 οὺ
1415 1367 1460 1395 τὸν
1485 1368 1595 1404 Πατέρα
1619 1369 1704 1404 δηλοῖ,
1733 1370 1793 1396 οὑδὲ
1813 1370 1844 1397 τὸ

1054 1417 1166 1453 Πνεῦμα
1179 1417 1209 1444 τὸ
1223 1417 1312 1451 ἇγιον,
1329 1416 1397 1443 ἀλλὰ
1411 1416 1456 1442 τὸν
1474 1415 1547 1442 Υίόν.
1565 1416 1621 1443 Καὶ
1635 1416 1666 1444 τὸ
1685 1417 1796 1452 Πνεῦμα
1815 1418 1844 1444 δὲ

1054 1465 1083 1490 τὸ
1108 1463 1197 1498 ἅγιον,
1221 1465 1268 1490 καὶ
1287 1463 1302 1489 ὁ
1322 1462 1511 1497 Παράκλητος,
1536 1464 1585 1498 τῆς
1608 1463 1655 1489 τοῦ
1682 1463 1842 1499 Πνεύματος

1055 1509 1230 1540 ὑποστάσεως
1251 1509 1369 1544 ὑπάρχει
1386 1507 1533 1543 δηλωτικὰ.

1070 1583 1076 1590 _
1089 1555 1190 1582 EPAN.
1207 1554 1245 1581 Οὑ
1261 1553 1340 1581 καλεῖ
1351 1554 1440 1580 τοίνυν
1452 1553 1469 1588 ὴ
1483 1553 1543 1580 θεία
1555 1554 1650 1590 Γραφὴ
1668 1554 1781 1590 Πνεῦμα
1795 1556 1842 1582 καὶ

1052 1600 1098 1627 τὸν
1109 1600 1220 1636 Πατέρα
1239 1600 1286 1627 καὶ
1299 1600 1344 1626 τδν
1357 1600 1436 1633 Υἱόν;

1087 1646 1164 1673 ΟΡΘ.
1183 1646 1296 1682 Πνεῦμα
1319 1646 1438 1681 κέκληκε
1467 1647 1514 1674 καὶ
1536 1647 1582 1673 τὸν
1603 1647 1714 1683 Πατέρα
1734 1648 1780 1674 καὶ
1797 1648 1842 1675 τὸν

1052 1692 1127 1724 Υίδν,
1143 1691 1173 1718 τὸ
1187 1691 1334 1727 ἀσώματον
1357 1692 1404 1718 καὶ
1422 1693 1613 1728 ἀπερίγραφον
1633 1693 1682 1727 τῆς
1704 1694 1779 1726 Θείας
1794 1695 1843 1728 φύ⁸

1053 1746 1121 1769 σεως
1131 1737 1174 1764 διὰ
1189 1737 1283 1764 τούτου
1296 1738 1482 1773 σημαίνουσαι
1496 1738 1608 1773 Πνεῦμα
1622 1739 1650 1765 δὲ
1665 1738 1743 1773 ἅγιον
1758 1739 1842 1775 μόνην

1051 1782 1097 1810 τοῦ
1111 1782 1269 1818 Πνεύματος
1282 1783 1332 1818 τὴν
1349 1783 1496 1811 ὑπόστασιν
1509 1783 1644 1819 ὀνομάζει.

1087 1829 1188 1855 EPAN.
1208 1828 1422 1864 ’Δναμφίλεκτόν
1442 1829 1560 1856 ἐστικαὶ
1574 1829 1663 1856 τοῦτο.

1088 1917 1164 1943 ΟΡΘ.
1185 1917 1294 1953 Ἐπειδὴ
1319 1918 1411 1944 τοίνυν
1431 1918 1494 1945 τινὰ
1511 1919 1561 1953 μὲν
1575 1918 1679 1954 ἔφαμεν
1697 1919 1746 1953 τῆς
1763 1919 1841 1952 ἁγίας

1052 1961 1166 1997 Τριὰδος
1192 1963 1280 1994 κοινὰ,
1296 1963 1357 1990 τινὰ
1378 1963 1405 1990 δὲ
1424 1963 1544 1999 ἑκάστης
1568 1965 1746 1997 ὑποστάσεως
1773 1966 1839 1998 ἴδια,

1052 2007 1083 2034 τὸ
1101 2008 1237 2044 ἄτρεπτον
1258 2009 1344 2044 ὃνομα
1364 2010 1453 2037 κοινὸν
1471 2007 1541 2037 εἶναι
1560 2011 1611 2044 τῆς
1627 2011 1723 2042 οὐσίας
1739 2012 1839 2047 φαμὲν,

1052 2054 1069 2088 ἡ
1081 2062 1154 2086 τινος
1168 2055 1346 2086 ὑποστάσεως
1360 2055 1444 2090 ίδιον;

1086 2141 1189 2169 ΕΡΔΝ.
1218 2131 1315 2169 Κοινόν
1335 2145 1394 2170 ἐστι
1419 2143 1469 2178 τῆς
1494 2144 1607 2179 Τριάδος
1632 2143 1665 2170 τὸ
1694 2144 1839 2182 ἄτρεπτον.

1053 2188 1121 2215 Οὐδὲ
1135 2189 1190 2224 γὰρ
1203 2187 1260 2216 οἷόν
1274 2198 1313 2222 τε,
1328 2190 1358 2216 τὸ
1381 2190 1430 2225 μὲν
1448 2187 1518 2216 εἶναι
1536 2191 1584 2225 τῆς
1603 2191 1697 2223 οὐσίας
1714 2193 1839 2227 τρεπτὸν,

1090 2291 1165 2319 οΡΘ.
1186 2292 1302 2328 Ἀρίστα
1319 2294 1444 2329 εἴρηκας.
1464 2294 1569 2330 Ὥσπερ
1594 2294 1648 2330 γὰρ
1668 2293 1721 2323 τῶν
1737 2294 1839 2330 ἀνθρώ-

1055 2347 1114 2365 πων
1129 2338 1217 2365 κοινόν
1233 2339 1291 2365 ἐστι
1310 2339 1341 2365 τὺ
1363 2340 1469 2375 θνητὸν,
1483 2340 1554 2367 οὕτω
1567 2340 1616 2375 τῆς
1638 2341 1718 2375 ἁγίας
1730 2341 1840 2376 Τριάδος

1055 2383 1144 2409 κοινὸν
1160 2382 1190 2409 τδ
1210 2383 1345 2418 ἄτρεπτόν
1368 2392 1397 2410 τε
1419 2384 1466 2411 καὶ
1485 2385 1674 2412 ἀναλλοίωτον.
1691 2386 1839 2421 ’Λτρεπτος

1054 2426 1199 2461 τοιγαροῦν
1214 2426 1261 2453 καὶ
1279 2427 1293 2453 ὀ
1310 2428 1459 2463 μονογενὴς
1476 2428 1549 2461 Υἱὸς,
1568 2428 1639 2455 καθὰ
1656 2430 1703 2455 καὶ
1718 2431 1732 2455 ὁ
1745 2431 1840 2466 γεννή-

1057 2480 1105 2504 σας
1120 2473 1202 2499 αὑτὸν
1215 2473 1318 2509 Πατὴρ,
1333 2474 1381 2501 καὶ
1397 2474 1427 2500 τὸ
1445 2474 1522 2508 ἅγιον
1539 2474 1660 2509 Πνεῦμα.

1090 2519 1191 2545 ΕΡΑΝ.
1215 2519 1378 2554 ¹Ἀτρείιττος.

1090 2574 1165 2601 ΟΡΘ.
1179 2575 1241 2607 Πῶς
1261 2575 1351 2602 τοίνυν
1380 2575 1411 2601 τὸ
1440 2576 1620 2610 εὑαγγελικὸν
1647 2579 1734 2605 ἐκεῖνο
1763 2578 1840 2614 ῥητὸν

1055 2621 1234 2656 παράγοντες,
1245 2621 1285 2653 τὸ,
1298 2630 1307 2646 ι
1318 2621 1347 2647 '0
1355 2621 1440 2656 Λόγος
1448 2622 1517 2657 σὰρξ
1532 2623 1650 2657 ἐγένετο,
1665 2634 1673 2650 ι
1690 2624 1794 2660 τροπὴν
1803 2625 1839 2659 (9)

1055 2668 1086 2702 τῇ
1107 2666 1234 2702 ἀτρέπτῳ
1251 2667 1421 2702 προσάπτετε
1434 2667 1532 2701 φύσεις
