1953 3055
144 163 182 194 37
685 152 873 184 DIALOGUS
893 151 918 182 Ι.
938 163 957 169 -

1021 149 1256 180 HIMUTABIIIS.
1747 146 1781 178 38

185 215 289 243 ΕΡᾹΝ.
305 215 342 242 Οὐ
368 213 437 240 κατὰ
457 211 561 247 τροπὴν
585 210 665 236 αὐτὶν
695 209 812 243 λὲγομεν
832 205 946 241 γεγενῆ-

1030 204 1133 231 ΕΒΑΝ.
1160 203 1218 230 Non
1251 210 1301 237 per
1326 202 1504 229 mutationem
1538 201 1647 236 ipsum'
1670 208 1781 228 carnem

147 263 213 289 σθαι
234 263 334 297 σάρκα,
348 261 405 287 ἀλλ’
418 259 455 291 ὼς
471 257 542 284 οἶδεν
556 257 646 287 αὑτός.

187 309 265 335 0P8.
281 309 312 334 El
337 307 374 343 μὴ
405 306 495 340 σάρκα
522 303 613 330 λαϐὼν
643 302 753 336 λέγεται
781 299 946 334 γεγενῆσθαι

149 355 232 390 σὰρξ,
251 355 323 381 δυοῖν
337 353 450 387 θάτερον
462 350 570 384 ἀνάγκη
595 348 696 382 λέγειν,
711 347 727 382 ἢ
742 346 791 382 τὴν
804 347 844 378 εἰς
858 345 947 381 σάρκα

147 401 258 436 τροπὴν
279 400 360 426 αὑτὸν
384 393 671 432 ὑπομεμενηκέναι,ἥ
694 393 804 428 δοκήσει
827 390 947 417 τοιοῦτον

150 434 283 481 eseam,
305 444 378 471 κατὰ
403 443 431 470 δὲ
458 443 505 469 τὸν
529 441 618 477 ἀληθῆ
644 440 723 474 λόγον
740 439 861 472 ἄσαρκον
876 434 946 464 εἶναι

150 492 232 519 Θεόν.

189 535 294 563 EPAN.
319 534 530 561 Βαλεντινιανῶν
547 532 628 567 αὕτη,
645 531 693 558 καὶ
717 528 946 565 Μαρκίωνιστῶν,

152 583 204 610 καὶ
225 582 384 616 Μανιχάῑων
410 581 426 615 ἡ
451 580 524 611 δόξα.
545 579 642 614 Ἦμεῖς
665 577 694 603 δὲ
725 574 949 611 ὁμολογουμένως

151 627 337 663 ιδιδάχθημεν
351 625 524 661 σαρκωθῆναι
537 625 582 651 τὸν
598 623 664 650 Θεὸν
676 621 772 655 Λόγον.

191 716 270 743 ΟΡΘ.
285 716 322 742 Τὸ
336 715 512 751 σαρκωθῆναι
526 713 551 740 τί
559 712 695 745 νοοῦντεςς
707 712 738 738 τὸ
746 711 835 747 σάρκα
845 710 948 743 λαϐεῖν,

152 761 173 797 ἢ
188 761 221 787 τὸ
236 761 276 791 εἰς
293 759 384 794 σάρκα
393 759 548 794 τραπῆναι;

193 848 298 874 EPAN.
317 848 350 874 Ἀ
362 849 443 883 ἡμεῖς
454 847 614 882 ἀκηκόαμεν
631 846 678 873 τοῦ
697 843 891 880 εὐαγγελιστοῦ
906 843 949 870 λέ-

154 902 264 929 γοντος·
283 903 293 919 ι
309 894 338 920 '0
348 894 432 927 Λόγος
448 893 517 927 σὰρξ
529 892 646 926 ἐγένετο.
661 901 671 917 ι

195 940 272 967 οΡθ.
289 940 326 966 Τὸ
338 939 367 966 δὲ
388 939 519 973 Ἐγένετο
536 939 594 970 πῶς
610 939 715 970 vosite;

199 1027 301 1054 EPAN.
323 1027 352 1054 '0
369 1027 419 1061 τὴν
433 1027 473 1058 εἰς
488 1027 578 1062 σάρκα
593 1026 701 1062 τροπὴν
719 1025 870 1059 ὑπομείνας
889 1023 952 1058 ἐγέ-

159 1083 226 1101 νετο
238 1074 316 1109 σὰρξ,
340 1074 388 1100 καὶ
404 1073 455 1108 ήδη
467 1073 546 1108 ἔφην,
562 1072 599 1104 ὡς
622 1070 702 1098 οἶδεν,
718 1071 813 1105 Ἡμεῖς
828 1071 856 1097 δὲ
873 1070 952 1104 ἴσμεν

159 1121 204 1147 ὅτι
221 1120 329 1146 ἅπαντα
348 1119 423 1153 αὐτῷ
435 1119 547 1145 δυνατά.
564 1118 619 1145 Καὶ
637 1118 691 1152 γάρ
705 1117 736 1143 τὸ
746 1116 866 1151 Νειλῷον
879 1115 951 1150 ὕδωρ

159 1167 203 1196 εἰς
219 1162 289 1200 αἷμά
311 1164 452 1199 μετέϐαλε,
471 1165 518 1191 καὶ
540 1164 590 1198 τὴν
609 1163 716 1198 ἡμέραν
734 1164 775 1191 εις
796 1163 891 1194 νύκτα,
907 1161 954 1188 καὶ

160 1212 213 1247 τὴν
226 1212 361 1238 Θάλατταν
372 1211 486 1246 ἡτιειρον
508 1210 603 1241 ἔδειξε,
620 1209 668 1236 καὶ
693 1208 744 1244 τὴν
758 1208 871 1244 ἄνυδρον
887 1207 954 1242 ἐρη-

161 1266 216 1292 μον
233 1257 336 1284 ὑδάτων
349 1257 520 1291 ἐπλήρωσεν.
538 1255 686 1290 Ἀκούομεμ
707 1254 736 1281 δὲ
752 1253 800 1280 καὶ
817 1252 866 1279 τοῦ
885 1254 957 1289 Προ-

164 1305 251 1339 φήτου
276 1303 413 1336 λέγοντος·
445 1302 559 1328 «Πάντα.
591 1301 639 1327 ὅσα
675 1298 804 1334 ἠθέλησεν
819 1299 833 1325 ό
854 1298 956 1334 Κύριος

163 1350 296 1383 ἐποίησεν
308 1350 335 1375 ἐν
348 1348 388 1384 τῷ
407 1347 512 1383 οὐρανῷ
528 1348 574 1374 καὶ
589 1349 617 1373 ὲν
631 1348 663 1381 τῇ
678 1347 726 1382 γῇ.
750 1356 759 1371 ι

201 1395 280 1422 ΟΡΘ.
299 1395 355 1430 Τὴν
375 1395 463 1420 κτίσιν
483 1394 497 1419 ὁ
513 1393 632 1428 Ποιητὴς
655 1393 692 1424 ὡς
715 1392 746 1418 ἂν
778 1391 856 1426 ἐθέλῃ
880 1399 958 1425 μετα-

165 1440 300 1471 σκευάζει
312 1448 318 1454 ·
334 1440 437 1474 τρεπτὴ
448 1440 502 1473 γάρ
520 1440 588 1470 ἐστι,
602 1437 649 1464 καὶ
663 1438 719 1468 τοῖς
731 1436 778 1462 τοῦ
788 1436 957 1470 δημιουργή-

166 1494 266 1516 σαντος
282 1485 424 1511 ἀκολουθεί
437 1485 580 1519 νεύμασιν.
600 1483 686 1514 Αὐτὸς
705 1483 734 1509 δὲ
754 1483 887 1517 ἄτρεπτον
902 1481 958 1515 ἔχει

165 1532 217 1566 τὴν
234 1531 316 1565 φύσιν
347 1531 396 1557 καὶ
415 1530 604 1556 ἀναλλοίωτον.
623 1529 724 1555 Τούτου
745 1528 777 1562 δὴ
792 1528 880 1562 χάριν,
895 1528 959 1562 περὶ

994 250 1097 277 factum
1111 257 1171 276 esse
1186 249 1314 280 dicimus,
1328 248 1375 275 sed
1387 248 1525 282 quomodo
1541 248 1598 282 ipse
1607 247 1693 273 novit.

1030 293 1133 322 ORTH.
1146 293 1173 320 Si
1186 301 1239 319 non
1249 301 1330 320 carne
1342 298 1481 327 assumpta
1494 301 1558 320 caro
1571 292 1659 320 factus
1670 291 1783 323 dicitur.

996 339 1114 366 duorum
1133 339 1251 366 alterum
1273 338 1401 365 ailirmari
1428 346 1542 365 necesse
1559 342 1611 370 cst,
1631 339 1672 365 vel
1694 339 1782 373 ipsum

997 385 1157 412 in'earnem
1174 388 1310 411 mutatum
1324 392 1395 416 esse,
1414 384 1457 411 vel
1475 383 1605 418 opinione
1618 388 1722 411 tantum
1744 387 1785 411 ta-

995 433 1050 460 lem
1067 433 1157 459 visum
1166 439 1239 464 esse,
1256 438 1352 458 revera
1361 434 1453 457 autem
1467 429 1559 456 carnis
1573 433 1711 463 expertem
1724 436 1785 456 esse

996 479 1094 506 Deum.

1034 524 1137 552 ERAN.
1148 524 1210 552 Haec
1222 522 1488 552 Valentinianorum,
1501 524 1529 547 et
1538 519 1774 546 Marcionistarum

997 578 1026 601 et
1040 572 1251 600 Manichrcorum
1277 573 1319 596 est
1347 567 1451 603 opinio.
1482 567 1537 593 Nos
1554 573 1620 592 vero
1646 565 1705 592 sine
1723 571 1788 591 con-

999 617 1320 646 troversiaincarnatum
1335 621 1395 642 esse
1423 613 1510 640 Deum
1537 611 1660 639 Verbum
1687 609 1788 637 didici-

999 670 1070 689 mus.

1036 706 1140 735 ORTil.
1167 705 1341 732 lncarnatum
1366 711 1428 730 esse
1453 701 1591 737 quomodo
1617 698 1790 734 intclligitis?

1000 759 1148 781 carnemne
1166 751 1359 785 assumpsisse,
1376 758 1410 776 an
1431 749 1460 776 in
1483 755 1595 775 carnem
1622 752 1789 773 COHVCI'SIHH

1000 807 1061 827 esse
1073 799 1085 825 ?

1036 845 1138 872 ERAN.
1157 844 1222 877 Qum
1237 851 1287 870 nos
1308 841 1503 875 evangelistam
1523 839 1661 866 dicentem
1680 836 1789 864 audivi—

968 886 989 913 Β
1005 898 1075 922 mus,
1093 899 1102 915 ‹
1122 889 1241 917 Verbum
1254 896 1320 915 caro
1332 887 1436 914 factum
1453 889 1494 912 est
1510 885 1530 911 ⁸.
1548 894 1557 910 ι

1040 935 1145 963 ORTH.
1165 934 1279 961 Factum
1306 937 1343 960 est
1377 936 1468 959 autem
1491 929 1629 965 quomodo
1661 928 1791 964 intelligi—

1006 983 1041 1009 tis
1049 982 1060 1008 ?

1043 1027 1145 1055 ERAN.
1168 1026 1220 1060 Qui
1251 1027 1431 1053 mutationem
1463 1023 1491 1049 in
1515 1029 1625 1049 carnem
1651 1018 1792 1050 sustinuit,

1006 1081 1071 1101 caro
1082 1073 1170 1100 factus
1186 1076 1238 1103 est,
1255 1076 1283 1098 et
1297 1071 1353 1106 jam
1377 1069 1445 1101 dixi,
1464 1067 1602 1103 quomodo
1621 1065 1680 1101 ipse
1705 1064 1793 1091 novit.

1006 1120 1060 1147 Nos
1076 1124 1167 1146 autem
1182 1118 1284 1145 scimus
1299 1116 1391 1143 omnia
1410 1115 1462 1150 ipsi
1485 1113 1625 1149 possibilia
1639 1119 1709 1139 esse.
1727 1110 1795 1137 Nam

1007 1169 1035 1192 et
1051 1165 1107 1192 Nili
1123 1172 1222 1199 aquam
1241 1163 1269 1190 in
1299 1162 1458 1197 sanguinem
1468 1159 1621 1190 convertit,
1635 1161 1662 1185 et
1676 1157 1748 1184 diem
1768 1155 1797 1182 in

1007 1213 1167 1241 noctem,et
1195 1216 1270 1235 mare
1297 1212 1397 1234 terram
1427 1205 1614 1233 continentem
1642 1201 1744 1231 eﬂ'ecit.
1768 1203 1798 1227 et

1008 1256 1185 1284 solitudinem
1201 1255 1280 1288 aquis
1297 1257 1436 1280 carentem
1453 1251 1532 1286 aquis
1563 1249 1688 1284 replevit.
1711 1247 1797 1275 Audi-

1009 1310 1071 1328 mus
1079 1301 1162 1328 etiam
1172 1300 1337 1334 Prophetam
1351 1298 1486 1325 dicentem
1505 1306 1511 1323 :
1533 1306 1542 1321 ‹
1556 1295 1654 1322 Omnia
1666 1301 1797 1329 qumcun-

1010 1354 1062 1381 que
1079 1346 1167 1372 voluit
1184 1344 1316 1372 Dominus
1337 1343 1402 1370 fecit
1419 1343 1445 1368 in
1474 1342 1544 1368 coelo
1558 1344 1585 1367 et
1606 1340 1634 1366 in
1653 1344 1726 1366 terra
1748 1339 1769 1364 ".
1785 1347 1794 1362 ι

1045 1390 1150 1418 ORTH.
1164 1390 1323 1417 Creaturam
1337 1387 1471 1415 Conditor
1482 1385 1660 1412 transformat
1672 1388 1702 1410 ut
1714 1383 1773 1410 vult
1788 1391 1794 1408 :

1011 1441 1053 1464 est
1066 1437 1140 1464 enim
1153 1435 1302 1465 mutabilis,
1318 1438 1346 1460 et
1363 1432 1538 1460 fabricatoris
1550 1435 1646 1458 nutum
1663 1429 1797 1464 sequitur.

1012 1483 1071 1517 Ipse
1087 1486 1178 1508 autem
1204 1485 1330 1508 naturam
1353 1477 1554 1505 immutabilem
1574 1480 1602 1503 et
1629 1473 1799 1502 alterationis

1012 1532 1153 1563 expertem
1170 1527 1260 1553 habet.
1277 1526 1342 1552 ideo
1367 1525 1416 1559 11
1438 1524 1473 1551 de
1491 1526 1616 1550 creatura
1640 1521 1708 1548 dicit
1734 1528 1800 1555 pro-

167 1578 219 1612 μὲν
235 1577 283 1610 τῆς
293 1576 428 1607 κτίσεωςὸ
438 1576 579 1610 προφήτης
593 1575 684 1609 φησιν·
705 1583 713 1600 ι
730 1575 759 1599 'U
772 1561 857 1599 noui»;
870 1561 957 1599 »κάνεα

1021 1561 1116 1600 ‘iheta:
1136 1583 1145 1598 ‹
1162 1572 1214 1605 Qui
1239 1571 1304 1598 facit
1326 1570 1428 1601 omnia,
1443 1573 1471 1596 et
1492 1568 1668 1595 transformat
1683 1566 1711 1599 ‘;
1733 1575 1741 1591 ι
1766 1564 1800 1592 de

166 1623 216 1649 καὶ
233 1621 460 1657 μετασκευάζων·
473 1631 482 1647 ι
501 1622 564 1657 περὶ
582 1621 611 1647 δὲ
630 1620 677 1646 τοῦ
691 1619 759 1646 Θεοῦ
777 1619 863 1652 Λόγου
883 1620 897 1644 ὁ
915 1619 961 1653 μέ-

167 1676 222 1701 γας
233 1667 307 1700 λέγει
319 1667 413 1694 Δαὸίδ·
436 1676 445 1692 ι
461 1666 498 1693 Σὺ
515 1667 543 1692 δὲ
558 1667 572 1691 ὁ
586 1665 666 1696 αὐτὸς
683 1663 718 1696 εἴ,
731 1665 777 1690 καὶ
790 1664 836 1698 ἐτη
849 1672 894 1689 σου
912 1664 962 1690 οὐκ

1013 1620 1069 1646 Deo
1089 1623 1181 1645 autem
1196 1617 1285 1644 Verho
1296 1616 1362 1643 dicit
1375 1622 1490 1649 magnus
1501 1612 1585 1641 David
1600 1621 1605 1638 :
1625 1621 1634 1637 ι
1654 1611 1694 1638 Tn
1708 1614 1799 1637 autem

1013 1666 1086 1693 idem
1114 1666 1171 1699 ipse
1189 1672 1229 1694 es,
1255 1666 1283 1689 et
1311 1661 1374 1688 anni
1404 1661 1443 1687 lui
1461 1667 1515 1686 non
1542 1657 1701 1685 deiicient'.
1730 1666 1739 1680 ι
1769 1655 1802 1681 Et

169 1712 340 1747 ὲκλείψουσι.
354 1721 362 1737 ι
390 1711 445 1737 Καὶ
467 1711 548 1737 πάλιν
561 1712 575 1737 ὁ
589 1711 668 1741 αὐτὸς
684 1710 752 1742 Θεὸς
770 1710 834 1744 περὶ
853 1708 957 1735 ἑαυτοῦ

1021 1720 1110 1739 'ursus
1131 1711 1204 1737 Deus
1223 1709 1281 1743 ipse
1308 1707 1341 1733 de
1357 1706 1448 1740 seipse
1467 1713 1473 1731 :
1491 1714 1500 1730 ‹
1526 1704 1583 1739 Ego
1599 1710 1671 1734 sum,
1696 1704 1724 1727 et
1746 1708 1801 1727 non

172 1767 184 1785 ι
207 1757 279 1792 Ἐγώ
293 1759 362 1793 εἰμι,
377 1758 424 1784 καὶ
438 1758 486 1783 οὐκ
499 1757 657 1791 ὴλλοίωμαι.
670 1766 678 1781 ι

207 1804 311 1831 EPAN.
324 1804 364 1830 Τὰ
379 1804 557 1838 κεκρυμμένα.
570 1803 600 1829 οὺ
612 1803 652 1828 δεῖ
665 1802 767 1837 ζητεῖν.

208 1849 287 1877 υΡΘ.
305 1850 372 1876 οὐδὲ
384 1849 419 1876 τά
435 1849 606 1884 δεδηλωμένα
618 1849 758 1880 παντελῶς
775 1849 892 1882 ἀγνοεῖν.

209 1896 313 1922 ΕΡΑΝ.
336 1895 404 1930 Ἐμὲ
423 1894 548 1922 λανθάνει
563 1895 578 1921 ό
594 1895 644 1929 τῆς
661 1894 825 1930 σαρκώσεως
846 1893 962 1929 τρόπος·

170 1942 279 1977 ἥκουσα
289 1941 318 1967 δὲ
330 1941 370 1967 ὅτι
383 1941 398 1966 6
412 1940 498 1974 Λόγος
513 1939 582 1975 σὰρξ
597 1939 716 1974 ἐγένετο.

210 1987 288 2013 ΟΡΘ.
314 1988 346 2013 Et
370 1987 485 2022 τραπεὶς
513 1984 620 2020 ἐγενετο
650 1985 727 2021 σὰρξ.
753 1985 782 2012 οὐ
811 1985 966 2021 μεμένηκεν

172 2033 245 2067 ὅπερ
262 2033 396 2067 πρότερον
412 2030 462 2067 ἦν·
480 2032 526 2058 καὶ
535 2030 615 2058 τοῦτο
625 2031 657 2057 ὲκ
669 2031 774 2057 πολλῶν
793 2032 905 2058 εἰκόνων
917 2040 967 2058 κα.-

173 2078 310 2113 ταμαθεῖν
332 2078 457 2109 εὐπετές.
481 2078 535 2104 Καὶ
554 2077 609 2113 γάρ
626 2078 642 2112 ἡ
661 2077 749 2104 τοιάδε
767 2077 858 2112 ἄμμος
884 2086 964 2112 προσ-

174 2123 309 2158 ομιλοῦσα
326 2124 403 2157 πυρὶ,
418 2122 526 2157 πρῶτον
545 2122 593 2156 μὲν
612 2121 713 2157 ῥοώδης
724 2121 837 2155 γίνεται,
853 2120 913 2148 εἶτα
928 2122 967 2152 εἰς

176 2169 258 2196 ὕαλον
274 2169 490 2204 μεταπήγνυται,
507 2168 554 2194 καὶ
573 2168 631 2202 ἅμα
648 2169 680 2203 τῇ
699 2170 787 2203 τροπῇ
811 2169 861 2204 τὴν
885 2177 968 2203 προσ-

1014 1762 1106 1785 mutor
1123 1757 1154 1782 ιθ.
1174 1765 1183 1780 ι

1045 1802 1149 1830 ERAN.
1161 1801 1226 1834 Quae
1241 1799 1333 1826 abdita
1351 1801 1415 1825 sunt
1430 1795 1537 1830 exquiri
1551 1802 1605 1822 non
1618 1793 1730 1821 debent.

1039 1847 1153 1879 ωιτη.
1176 1845 1232 1872 Nec
1249 1853 1310 1879 quae
1327 1843 1461 1878 patefacta
1474 1841 1584 1876 penitus
1600 1837 1732 1874 ignorari.

1051 1892 1154 1920 ERAN.
1172 1890 1372 1918 lncarnationis
1389 1888 1500 1915 modum
1514 1887 1611 1921 ignoro
1626 1883 1735 1912 :audivi
1753 1890 1804 1910 au-

1017 1944 1071 1966 tem
1084 1937 1158 1972 quod
1169 1937 1290 1964 Verbum
1307 1942 1371 1962 caro
1389 1934 1491 1960 factum
1509 1931 1554 1958 sit.

1051 1982 1156 2011 OBTH.
1169 1981 1197 2009 Si
1213 1980 1363 2008 mutatione
1375 1986 1438 2006 caro
1454 1977 1556 2004 factum
1571 1979 1630 2007 est,
1643 1982 1699 2002 non
1724 1981 1806 2000 man-

1017 2029 1053 2057 sit
1070 2028 1143 2063 quod
1155 2028 1232 2062 prius
1244 2030 1303 2053 erat
1317 2034 1323 2052 :
1336 2024 1411 2060 quod
1424 2022 1535 2058 quidem
1553 2029 1587 2048 ex
1603 2020 1698 2047 multis
1725 2018 1804 2045 simi-

1017 2073 1182 2102 litudinibus
1196 2072 1312 2106 intelligi
1329 2070 1408 2097 facile
1419 2072 1520 2104 potest.
1538 2067 1605 2093 Nam
1622 2072 1705 2092 arena
1733 2071 1807 2098 quaa-

1019 2120 1082 2147 datn
1101 2119 1157 2154 igni
1181 2118 1290 2145 admota
1307 2117 1426 2152 primum
1454 2113 1538 2141 ﬂuida
1550 2111 1676 2142 efﬁcitur.
1708 2109 1806 2137 deinde

1019 2169 1049 2195 in
1064 2168 1168 2194 vitrum
1181 2165 1343 2196 concrescit,
1361 2167 1390 2190 et
1399 2170 1453 2202 una
1469 2168 1532 2188 cum
1542 2158 1694 2186 mutatione
1706 2165 1807 2184 nomen

176 2203 294 2250 ηγορίᾴν
302 2215 425 2249 ἀμείϐει,
435 2214 490 2241 Οὐκ
497 2214 553 2249 (10)
567 2214 608 2240 ἐτι
618 2213 674 2249 γὰρ
684 2214 807 2249 ψάμμος,
816 2203 873 2240 ἀλλ’
889 2213 957 2241 ὕαλοη

1021 2216 1189 2241 commutat:
1219 2218 1275 2237 non
1295 2210 1369 2236 enim
1395 2208 1512 2242 amplius
1529 2212 1622 2237 arena,
1643 2203 1691 2231 sed
1705 2203 1807 2229 vitrum

178 2261 352 2295 ὀνομάζεται.
381 2258 385 2265 ¹

215 2305 316 2331 ΕΡΑΝ.
333 2304 428 2336 Οὕτως
440 2304 505 2340 ἔχει.

216 2351 292 2377 ΟΡΘ.
309 2351 362 2377 Καὶ
377 2351 427 2384 τῆς
441 2350 567 2385 ἀμπέλου
580 2349 626 2377 τὸν
640 2349 747 2385 καρπὸν
761 2349 898 2385 σταφυλὴν
909 2349 969 2376 ὀνο-

182 2396 325 2432 μὰζοντες,
354 2396 420 2422 ὃταν
444 2396 649 2431 ἀποθλίψωμεν,
677 2395 707 2422 οὑ
730 2395 880 2431 σταφυλὴν,
901 2394 970 2422 ἀλλὰ

180 2440 250 2469 οἶνον
266 2441 518 2477 προσαγορεύομεν.

168 2518 173 2522 ,
216 2488 320 2516 ΕΡΑΝ.
336 2488 456 2521 Πάνυγε.

217 2534 293 2560 ΟΡΘ.
317 2533 404 2559 Αὐτὸν
425 2533 454 2559 δὲ
476 2533 522 2560 τὸν
537 2530 621 2563 οἶνον,
643 2531 791 2566 ὲκτροπῑαν
814 2533 969 2568 γενόμενον,

181 2579 274 2606 οὐκέτι
285 2576 367 2610 οἶνον,
381 2579 439 2604 ἀλλ’
456 2578 515 2610 ὅξος
528 2578 672 2613 ὀνομάζειν
684 2577 830 2612 εἰώθαμεν.

217 2670 321 2696 EPAN.
343 2669 465 2703 mnos;

219 2715 297 2741 0P6.
313 2714 392 2741 Οὕτω
412 2714 458 2740 τὸν
478 2712 551 2739 λίθον
564 2711 676 2746 ἕψοντες
690 2719 720 2737 τε
740 2710 788 2738 καὶ
808 2709 972 2743 διαλύοντες,

1021 2260 1190 2287 nominatur.

1055 2307 1065 2315 ⁴
1082 2304 1186 2332 ERAN.
1199 2305 1237 2331 lta
1259 2307 1310 2330 est.
1721 2320 1723 2322 .

1057 2349 1162 2378 ORTH.
1179 2349 1249 2376 Vitis
1261 2354 1369 2382 quoque
1380 2346 1502 2372 fructum
1517 2350 1579 2370 cum
1591 2348 1671 2369 uvam
1687 2338 1809 2374 appelle~

1022 2404 1094 2428 mus,
1107 2400 1250 2430 postquam
1263 2399 1389 2428 expressa
1401 2396 1452 2423 est,
1470 2398 1525 2418 non
1536 2395 1626 2420 uvam,
1643 2386 1692 2413 sed
1714 2385 1809 2411 vinum

1022 2442 1151 2469 dicimus.

1055 2486 1161 2514 ERAN.
1174 2485 1303 2513 Omnino.

1058 2532 1163 2560 ORTH.
1181 2532 1272 2566 ipsum
1286 2538 1352 2558 vero
1367 2531 1472 2559 vinum.
1487 2536 1548 2555 cum
1567 2530 1701 2554 mutatum
1718 2524 1810 2556 fuerit,

1023 2586 1078 2606 non
1095 2578 1212 2612 amplius
1235 2577 1340 2608 vinum,
1365 2576 1412 2602 sed
1440 2579 1547 2601 acetum
1573 2572 1692 2599 solemus
1716 2571 1811 2604 appel-

1024 2623 1092 2650 lare.

1064 2667 1168 2695 ERAN.
1185 2667 1286 2694 Verum
1298 2670 1348 2692 est.

1064 2712 1168 2740 ΟῐὶΤΗ.
1189 2711 1233 2739 Sic
1256 2710 1373 2746 lapidem
1407 2715 1515 2737 coctum
1534 2714 1562 2737 et
1579 2707 1741 2737 resolutum,
1758 2711 1808 2732 non

219 2791 318 2818 'Joan.
335 2797 354 2816 ι.
369 2789 410 2816 Η.
447 2790 457 2804 ⁷
471 2789 542 2816 Psal.
554 2797 659 2822 cxxxrv,
678 2787 703 2816 6.
742 2788 752 2803 "
763 2788 864 2816 Jerem.
880 2795 908 2820 ι,
925 2787 956 2814 16

1031 2788 1104 2815 Psal.
1121 2796 1156 2816 et.
1171 2788 1214 2814 28.
1252 2789 1273 2804 ¹⁰
1290 2787 1402 2815 Malach.
1427 2795 1466 2819 ιιι,
1488 2787 1513 2814 ϐ.

221 2857 277 2892 (l0)
296 2857 347 2884 ἔτι.
363 2855 442 2884 nom.
463 2862 488 2883 et
502 2855 576 2891 Lips.
592 2855 658 2883 ἔστι.
