  <div class='ocr_page' id='page_1' title='image "/cluster/home/n/w/nwhite01/storage/ocr_20150623/83/njp.32101007877440/025.png"; bbox 0 0 1953 3055; ppageno 0'>
   <div class='ocr_carea' id='block_1_1' title="bbox 169 126 964 160">
    <p class='ocr_par' dir='ltr' id='par_1_1' title="bbox 169 126 964 160">
     <span class='ocr_line' id='line_1_1' title="bbox 169 126 964 160; baseline 0.001 -5"><span class='ocrx_word' id='word_1_1' title='bbox 169 129 202 160; x_wconf 66' lang='grc'><strong>89</strong></span> <span class='ocrx_word' id='word_1_2' title='bbox 659 126 908 156; x_wconf 73' lang='grc' dir='ltr'><strong>ΤΗΕΟΒΟΒΈῪΙ</strong></span> <span class='ocrx_word' id='word_1_3' title='bbox 927 126 964 156; x_wconf 82' lang='lat' dir='ltr'><strong>El</strong></span> 
     </span>
    </p>
   </div>
   <div class='ocr_carea' id='block_1_2' title="bbox 1025 126 1802 160">
    <p class='ocr_par' dir='ltr' id='par_1_2' title="bbox 1025 127 1802 160">
     <span class='ocr_line' id='line_1_2' title="bbox 1025 127 1802 160; baseline 0.004 -3"><span class='ocrx_word' id='word_1_4' title='bbox 1025 127 1098 157; x_wconf 74' lang='grc' dir='ltr'><strong>ΖΟΡΙ</strong></span> <span class='ocrx_word' id='word_1_5' title='bbox 1113 127 1301 159; x_wconf 71' lang='lat' dir='ltr'><strong>CYRENSIS</strong></span> <span class='ocrx_word' id='word_1_6' title='bbox 1765 128 1802 160; x_wconf 66' lang='grc' dir='ltr'>ιθ</span> 
     </span>
    </p>
   </div>
   <div class='ocr_carea' id='block_1_3' title="bbox 165 181 964 218">
    <p class='ocr_par' dir='ltr' id='par_1_3' title="bbox 165 181 957 218">
     <span class='ocr_line' id='line_1_3' title="bbox 165 181 957 218; baseline -0.005 -7"><span class='ocrx_word' id='word_1_7' title='bbox 165 182 284 218; x_wconf 76' lang='lat' dir='ltr'><strong>amplius</strong></span> <span class='ocrx_word' id='word_1_8' title='bbox 295 181 426 218; x_wconf 84' lang='lat' dir='ltr'><strong>lapidem,</strong></span> <span class='ocrx_word' id='word_1_9' title='bbox 440 181 488 208; x_wconf 84' lang='lat' dir='ltr'><strong>sed</strong></span> <span class='ocrx_word' id='word_1_10' title='bbox 494 181 794 216; x_wconf 67' lang='lat' dir='ltr'><strong>caicemappellamus.</strong></span> <span class='ocrx_word' id='word_1_11' title='bbox 810 181 957 207; x_wconf 86' lang='lat' dir='ltr'><strong>lnnumera</strong></span> 
     </span>
    </p>
   </div>
   <div class='ocr_carea' id='block_1_4' title="bbox 1025 181 1803 218">
    <p class='ocr_par' dir='ltr' id='par_1_4' title="bbox 1026 181 1803 218">
     <span class='ocr_line' id='line_1_4' title="bbox 1026 181 1803 218; baseline 0.001 -10"><span class='ocrx_word' id='word_1_12' title='bbox 1026 182 1102 208; x_wconf 77' lang='grc' dir='ltr'>ὑκέτι</span> <span class='ocrx_word' id='word_1_13' title='bbox 1114 182 1199 214; x_wconf 82' lang='grc' dir='ltr'><strong>λίθον,</strong></span> <span class='ocrx_word' id='word_1_14' title='bbox 1211 182 1271 209; x_wconf 80' lang='grc' dir='ltr'>ἀλλ’</span> <span class='ocrx_word' id='word_1_15' title='bbox 1287 181 1420 210; x_wconf 76' lang='grc' dir='ltr'>ᾰσῦεστον</span> <span class='ocrx_word' id='word_1_16' title='bbox 1432 182 1449 218; x_wconf 78' lang='grc' dir='ltr'>ἢ</span> <span class='ocrx_word' id='word_1_17' title='bbox 1463 182 1570 210; x_wconf 80' lang='grc' dir='ltr'>τίτανον</span> <span class='ocrx_word' id='word_1_18' title='bbox 1586 181 1724 218; x_wconf 87' lang='grc' dir='ltr'>καλοῦμεν</span> <span class='ocrx_word' id='word_1_19' title='bbox 1735 189 1742 197; x_wconf 85' lang='grc'><strong>·</strong></span> <span class='ocrx_word' id='word_1_20' title='bbox 1754 183 1803 209; x_wconf 77' lang='grc' dir='ltr'>καὶ</span> 
     </span>
    </p>
   </div>
   <div class='ocr_carea' id='block_1_5' title="bbox 165 226 957 263">
    <p class='ocr_par' dir='ltr' id='par_1_5' title="bbox 165 226 957 263">
     <span class='ocr_line' id='line_1_5' title="bbox 165 226 957 263; baseline -0.004 -8"><span class='ocrx_word' id='word_1_21' title='bbox 165 236 275 263; x_wconf 88' lang='lat' dir='ltr'><strong>quoque</strong></span> <span class='ocrx_word' id='word_1_22' title='bbox 287 228 348 263; x_wconf 84' lang='lat' dir='ltr'><strong>ejus</strong></span> <span class='ocrx_word' id='word_1_23' title='bbox 365 227 474 262; x_wconf 78' lang='lat' dir='ltr'><strong>generis</strong></span> <span class='ocrx_word' id='word_1_24' title='bbox 491 226 614 261; x_wconf 89' lang='lat' dir='ltr'><strong>reperire</strong></span> <span class='ocrx_word' id='word_1_25' title='bbox 636 226 712 258; x_wconf 83' lang='lat' dir='ltr'><strong>licet,</strong></span> <span class='ocrx_word' id='word_1_26' title='bbox 741 233 803 260; x_wconf 71' lang='lat' dir='ltr'><strong>qua:</strong></span> <span class='ocrx_word' id='word_1_27' title='bbox 820 233 874 253; x_wconf 84' lang='lat' dir='ltr'><strong>una</strong></span> <span class='ocrx_word' id='word_1_28' title='bbox 894 233 957 253; x_wconf 89' lang='lat' dir='ltr'><strong>cum</strong></span> 
     </span>
    </p>
   </div>
   <div class='ocr_carea' id='block_1_6' title="bbox 166 273 626 301">
    <p class='ocr_par' dir='ltr' id='par_1_6' title="bbox 166 273 626 301">
     <span class='ocr_line' id='line_1_6' title="bbox 166 273 626 301; baseline -0.007 0"><span class='ocrx_word' id='word_1_29' title='bbox 166 273 319 301; x_wconf 87' lang='lat' dir='ltr'><strong>mutatione</strong></span> <span class='ocrx_word' id='word_1_30' title='bbox 330 280 429 300; x_wconf 88' lang='lat' dir='ltr'><strong>nomen</strong></span> <span class='ocrx_word' id='word_1_31' title='bbox 443 276 626 299; x_wconf 90' lang='lat' dir='ltr'><strong>commutant.</strong></span> 
     </span>
    </p>
   </div>
   <div class='ocr_carea' id='block_1_7' title="bbox 203 319 565 347">
    <p class='ocr_par' dir='ltr' id='par_1_7' title="bbox 203 319 565 347">
     <span class='ocr_line' id='line_1_7' title="bbox 203 319 565 347; baseline -0.006 0"><span class='ocrx_word' id='word_1_32' title='bbox 203 320 307 347; x_wconf 75' lang='lat' dir='ltr'><strong>ERAN.</strong></span> <span class='ocrx_word' id='word_1_33' title='bbox 326 320 355 346; x_wconf 92' lang='lat' dir='ltr'><strong>ln</strong></span> <span class='ocrx_word' id='word_1_34' title='bbox 366 319 494 346; x_wconf 81' lang='lat' dir='ltr'><strong>confesso</strong></span> <span class='ocrx_word' id='word_1_35' title='bbox 511 322 565 346; x_wconf 89' lang='lat' dir='ltr'><strong>est.</strong></span> 
     </span>
    </p>
   </div>
   <div class='ocr_carea' id='block_1_8' title="bbox 201 363 960 400">
    <p class='ocr_par' dir='ltr' id='par_1_8' title="bbox 201 363 960 400">
     <span class='ocr_line' id='line_1_8' title="bbox 201 363 960 400; baseline -0.001 -8"><span class='ocrx_word' id='word_1_36' title='bbox 201 365 313 393; x_wconf 64' lang='lat' dir='ltr'><strong>ORTH-</strong></span> <span class='ocrx_word' id='word_1_37' title='bbox 323 365 350 392; x_wconf 93' lang='lat' dir='ltr'><strong>Si</strong></span> <span class='ocrx_word' id='word_1_38' title='bbox 363 372 429 400; x_wconf 82' lang='lat' dir='ltr'><strong>ergo</strong></span> <span class='ocrx_word' id='word_1_39' title='bbox 443 365 530 392; x_wconf 81' lang='lat' dir='ltr'><strong>Deum</strong></span> <span class='ocrx_word' id='word_1_40' title='bbox 543 364 665 392; x_wconf 83' lang='lat' dir='ltr'><strong>Verbum</strong></span> <span class='ocrx_word' id='word_1_41' title='bbox 680 363 708 392; x_wconf 90' lang='lat' dir='ltr'><strong>in</strong></span> <span class='ocrx_word' id='word_1_42' title='bbox 725 371 839 392; x_wconf 79' lang='lat' dir='ltr'><strong>carnem</strong></span> <span class='ocrx_word' id='word_1_43' title='bbox 868 367 960 392; x_wconf 78' lang='lat' dir='ltr'><strong>muta-</strong></span> 
     </span>
    </p>
   </div>
   <div class='ocr_carea' id='block_1_9' title="bbox 167 410 960 446">
    <p class='ocr_par' dir='ltr' id='par_1_9' title="bbox 167 410 960 446">
     <span class='ocr_line' id='line_1_9' title="bbox 167 410 960 446; baseline -0.001 -7"><span class='ocrx_word' id='word_1_44' title='bbox 167 415 225 438; x_wconf 89' lang='lat' dir='ltr'><strong>tum</strong></span> <span class='ocrx_word' id='word_1_45' title='bbox 238 411 346 444; x_wconf 83' lang='lat' dir='ltr'><strong>dicitis,</strong></span> <span class='ocrx_word' id='word_1_46' title='bbox 369 411 419 445; x_wconf 75' lang='lat'><strong>12</strong></span> <span class='ocrx_word' id='word_1_47' title='bbox 436 418 486 438; x_wconf 91' lang='lat' dir='ltr'><strong>cur</strong></span> <span class='ocrx_word' id='word_1_48' title='bbox 503 411 590 437; x_wconf 88' lang='lat' dir='ltr'><strong>Deum</strong></span> <span class='ocrx_word' id='word_1_49' title='bbox 610 415 639 438; x_wconf 85' lang='lat' dir='ltr'><strong>et</strong></span> <span class='ocrx_word' id='word_1_50' title='bbox 655 418 710 438; x_wconf 95' lang='lat' dir='ltr'><strong>non</strong></span> <span class='ocrx_word' id='word_1_51' title='bbox 723 418 834 438; x_wconf 90' lang='lat' dir='ltr'><strong>carnem</strong></span> <span class='ocrx_word' id='word_1_52' title='bbox 866 410 960 446; x_wconf 78' lang='lat' dir='ltr'><strong>potius</strong></span> 
     </span>
    </p>
   </div>
   <div class='ocr_carea' id='block_1_10' title="bbox 166 456 960 492">
    <p class='ocr_par' dir='ltr' id='par_1_10' title="bbox 166 456 960 492">
     <span class='ocr_line' id='line_1_10' title="bbox 166 456 960 492; baseline 0 -8"><span class='ocrx_word' id='word_1_53' title='bbox 166 457 256 492; x_wconf 91' lang='lat' dir='ltr'><strong>ipsum</strong></span> <span class='ocrx_word' id='word_1_54' title='bbox 271 456 433 492; x_wconf 79' lang='lat' dir='ltr'><strong>appellatis?</strong></span> <span class='ocrx_word' id='word_1_55' title='bbox 449 456 583 492; x_wconf 82' lang='lat' dir='ltr'><strong>Congruit</strong></span> <span class='ocrx_word' id='word_1_56' title='bbox 602 457 675 484; x_wconf 89' lang='lat' dir='ltr'><strong>enim</strong></span> <span class='ocrx_word' id='word_1_57' title='bbox 690 463 796 484; x_wconf 60' lang='lat' dir='ltr'><strong>natura;</strong></span> <span class='ocrx_word' id='word_1_58' title='bbox 815 457 960 484; x_wconf 82' lang='lat' dir='ltr'><strong>mutationi</strong></span> 
     </span>
    </p>
   </div>
   <div class='ocr_carea' id='block_1_11' title="bbox 165 503 961 538">
    <p class='ocr_par' dir='ltr' id='par_1_11' title="bbox 165 503 961 538">
     <span class='ocr_line' id='line_1_11' title="bbox 165 503 961 538; baseline -0.001 -8"><span class='ocrx_word' id='word_1_59' title='bbox 165 503 287 530; x_wconf 86' lang='lat' dir='ltr'><strong>nominis</strong></span> <span class='ocrx_word' id='word_1_60' title='bbox 308 503 434 530; x_wconf 92' lang='lat' dir='ltr'><strong>mutatio.</strong></span> <span class='ocrx_word' id='word_1_61' title='bbox 462 503 530 530; x_wconf 87' lang='lat' dir='ltr'><strong>Nam</strong></span> <span class='ocrx_word' id='word_1_62' title='bbox 549 503 585 536; x_wconf 86' lang='lat' dir='ltr'><strong>si,</strong></span> <span class='ocrx_word' id='word_1_63' title='bbox 611 503 658 530; x_wconf 91' lang='lat' dir='ltr'><strong>ubi</strong></span> <span class='ocrx_word' id='word_1_64' title='bbox 683 511 715 530; x_wconf 90' lang='lat' dir='ltr'><strong>ea</strong></span> <span class='ocrx_word' id='word_1_65' title='bbox 733 511 794 538; x_wconf 62' lang='lat' dir='ltr'><strong>quae</strong></span> <span class='ocrx_word' id='word_1_66' title='bbox 818 507 961 530; x_wconf 76' lang='lat' dir='ltr'><strong>mutantur</strong></span> 
     </span>
    </p>
   </div>
   <div class='ocr_carea' id='block_1_12' title="bbox 166 547 961 584">
    <p class='ocr_par' dir='ltr' id='par_1_12' title="bbox 166 547 961 584">
     <span class='ocr_line' id='line_1_12' title="bbox 166 547 961 584; baseline -0.001 -8"><span class='ocrx_word' id='word_1_67' title='bbox 166 550 288 584; x_wconf 79' lang='lat' dir='ltr'><strong>aliquam</strong></span> <span class='ocrx_word' id='word_1_68' title='bbox 301 549 422 576; x_wconf 85' lang='lat' dir='ltr'><strong>retinent</strong></span> <span class='ocrx_word' id='word_1_69' title='bbox 434 556 497 575; x_wconf 87' lang='lat' dir='ltr'><strong>cum</strong></span> <span class='ocrx_word' id='word_1_70' title='bbox 514 548 549 575; x_wconf 84' lang='lat' dir='ltr'><strong>iis</strong></span> <span class='ocrx_word' id='word_1_71' title='bbox 562 555 624 582; x_wconf 63' lang='lat' dir='ltr'><strong>quae</strong></span> <span class='ocrx_word' id='word_1_72' title='bbox 641 548 720 583; x_wconf 82' lang='lat' dir='ltr'><strong>prius</strong></span> <span class='ocrx_word' id='word_1_73' title='bbox 731 552 812 575; x_wconf 90' lang='lat' dir='ltr'><strong>erant</strong></span> <span class='ocrx_word' id='word_1_74' title='bbox 820 547 961 583; x_wconf 76' lang='lat' dir='ltr'><strong>cognatio-</strong></span> 
     </span>
    </p>
   </div>
   <div class='ocr_carea' id='block_1_13' title="bbox 166 594 961 629">
    <p class='ocr_par' dir='ltr' id='par_1_13' title="bbox 166 594 961 629">
     <span class='ocr_line' id='line_1_13' title="bbox 166 594 961 629; baseline -0.001 -7"><span class='ocrx_word' id='word_1_75' title='bbox 166 603 229 622; x_wconf 86' lang='lat' dir='ltr'><strong>nem</strong></span> <span class='ocrx_word' id='word_1_76' title='bbox 258 595 353 629; x_wconf 83' lang='lat' dir='ltr'><strong>(habet</strong></span> <span class='ocrx_word' id='word_1_77' title='bbox 370 595 444 621; x_wconf 85' lang='lat' dir='ltr'><strong>enim</strong></span> <span class='ocrx_word' id='word_1_78' title='bbox 465 598 578 621; x_wconf 85' lang='lat' dir='ltr'><strong>acetum</strong></span> <span class='ocrx_word' id='word_1_79' title='bbox 589 601 655 621; x_wconf 89' lang='lat' dir='ltr'><strong>cum</strong></span> <span class='ocrx_word' id='word_1_80' title='bbox 672 594 737 621; x_wconf 87' lang='lat' dir='ltr'><strong>vino</strong></span> <span class='ocrx_word' id='word_1_81' title='bbox 749 594 873 629; x_wconf 77' lang='lat' dir='ltr'><strong>aliquam</strong></span> <span class='ocrx_word' id='word_1_82' title='bbox 896 601 961 628; x_wconf 92' lang='lat' dir='ltr'><strong>pro-</strong></span> 
     </span>
    </p>
   </div>
   <div class='ocr_carea' id='block_1_14' title="bbox 166 640 960 678">
    <p class='ocr_par' dir='ltr' id='par_1_14' title="bbox 166 640 960 678">
     <span class='ocr_line' id='line_1_14' title="bbox 166 640 960 678; baseline -0.003 -9"><span class='ocrx_word' id='word_1_83' title='bbox 166 642 360 678; x_wconf 85' lang='lat' dir='ltr'><strong>pinquitatem,</strong></span> <span class='ocrx_word' id='word_1_84' title='bbox 380 645 408 668; x_wconf 89' lang='lat' dir='ltr'><strong>et</strong></span> <span class='ocrx_word' id='word_1_85' title='bbox 422 642 517 668; x_wconf 89' lang='lat' dir='ltr'><strong>vinum</strong></span> <span class='ocrx_word' id='word_1_86' title='bbox 535 648 597 667; x_wconf 89' lang='lat' dir='ltr'><strong>cum</strong></span> <span class='ocrx_word' id='word_1_87' title='bbox 615 640 706 667; x_wconf 80' lang='lat' dir='ltr'><strong>fructu</strong></span> <span class='ocrx_word' id='word_1_88' title='bbox 732 640 807 672; x_wconf 84' lang='lat' dir='ltr'><strong>vitis,</strong></span> <span class='ocrx_word' id='word_1_89' title='bbox 821 644 849 668; x_wconf 90' lang='lat' dir='ltr'><strong>et</strong></span> <span class='ocrx_word' id='word_1_90' title='bbox 859 640 960 668; x_wconf 80' lang='lat' dir='ltr'><strong>vitrum</strong></span> 
     </span>
    </p>
   </div>
   <div class='ocr_carea' id='block_1_15' title="bbox 167 685 962 721">
    <p class='ocr_par' dir='ltr' id='par_1_15' title="bbox 167 685 962 721">
     <span class='ocr_line' id='line_1_15' title="bbox 167 685 962 721; baseline -0.001 -7"><span class='ocrx_word' id='word_1_91' title='bbox 167 695 231 715; x_wconf 87' lang='lat' dir='ltr'><strong>eum</strong></span> <span class='ocrx_word' id='word_1_92' title='bbox 247 686 355 721; x_wconf 85' lang='lat' dir='ltr'><strong>arena),</strong></span> <span class='ocrx_word' id='word_1_93' title='bbox 374 691 436 721; x_wconf 87' lang='lat' dir='ltr'><strong>post</strong></span> <span class='ocrx_word' id='word_1_94' title='bbox 451 686 631 713; x_wconf 85' lang='lat' dir='ltr'><strong>mutationem</strong></span> <span class='ocrx_word' id='word_1_95' title='bbox 648 685 702 713; x_wconf 85' lang='lat' dir='ltr'><strong>alia</strong></span> <span class='ocrx_word' id='word_1_96' title='bbox 715 686 826 714; x_wconf 87' lang='lat' dir='ltr'><strong>nomina</strong></span> <span class='ocrx_word' id='word_1_97' title='bbox 838 686 962 714; x_wconf 84' lang='lat' dir='ltr'><strong>sortiun-</strong></span> 
     </span>
    </p>
   </div>
   <div class='ocr_carea' id='block_1_16' title="bbox 169 731 962 768">
    <p class='ocr_par' dir='ltr' id='par_1_16' title="bbox 169 731 962 768">
     <span class='ocr_line' id='line_1_16' title="bbox 169 731 962 768; baseline 0.001 -9"><span class='ocrx_word' id='word_1_98' title='bbox 169 737 214 759; x_wconf 89' lang='lat' dir='ltr'><strong>tur</strong></span> <span class='ocrx_word' id='word_1_99' title='bbox 230 741 235 758; x_wconf 95' lang='lat'><strong>:</strong></span> <span class='ocrx_word' id='word_1_100' title='bbox 251 733 296 759; x_wconf 91' lang='lat' dir='ltr'><strong>ubi</strong></span> <span class='ocrx_word' id='word_1_101' title='bbox 312 732 419 759; x_wconf 80' lang='lat' dir='ltr'><strong>inllnita</strong></span> <span class='ocrx_word' id='word_1_102' title='bbox 442 736 485 760; x_wconf 86' lang='lat' dir='ltr'><strong>est</strong></span> <span class='ocrx_word' id='word_1_103' title='bbox 503 731 670 764; x_wconf 67' lang='lat' dir='ltr'><strong>differentia,</strong></span> <span class='ocrx_word' id='word_1_104' title='bbox 701 735 730 759; x_wconf 82' lang='lat' dir='ltr'><strong>et</strong></span> <span class='ocrx_word' id='word_1_105' title='bbox 752 736 838 764; x_wconf 84' lang='lat' dir='ltr'><strong>tanta,</strong></span> <span class='ocrx_word' id='word_1_106' title='bbox 858 737 962 768; x_wconf 88' lang='lat' dir='ltr'><strong>quanta</strong></span> 
     </span>
    </p>
   </div>
   <div class='ocr_carea' id='block_1_17' title="bbox 167 777 962 809">
    <p class='ocr_par' dir='ltr' id='par_1_17' title="bbox 167 777 962 809">
     <span class='ocr_line' id='line_1_17' title="bbox 167 777 962 809; baseline 0 -4"><span class='ocrx_word' id='word_1_107' title='bbox 167 778 263 806; x_wconf 84' lang='lat' dir='ltr'><strong>culicis</strong></span> <span class='ocrx_word' id='word_1_108' title='bbox 280 778 315 805; x_wconf 87' lang='lat' dir='ltr'><strong>ad</strong></span> <span class='ocrx_word' id='word_1_109' title='bbox 330 778 488 804; x_wconf 78' lang='lat' dir='ltr'><strong>universam</strong></span> <span class='ocrx_word' id='word_1_110' title='bbox 502 780 669 809; x_wconf 81' lang='lat' dir='ltr'><strong>creaturam,</strong></span> <span class='ocrx_word' id='word_1_111' title='bbox 686 777 826 804; x_wconf 82' lang='lat' dir='ltr'><strong>visibilem</strong></span> <span class='ocrx_word' id='word_1_112' title='bbox 846 782 874 805; x_wconf 90' lang='lat' dir='ltr'><strong>et</strong></span> <span class='ocrx_word' id='word_1_113' title='bbox 889 777 962 805; x_wconf 89' lang='lat' dir='ltr'><strong>iuvi—</strong></span> 
     </span>
    </p>
   </div>
   <div class='ocr_carea' id='block_1_18' title="bbox 167 822 962 858">
    <p class='ocr_par' dir='ltr' id='par_1_18' title="bbox 167 822 962 858">
     <span class='ocr_line' id='line_1_18' title="bbox 167 822 962 858; baseline -0.001 -7"><span class='ocrx_word' id='word_1_114' title='bbox 167 824 276 851; x_wconf 82' lang='lat' dir='ltr'><strong>sibilem</strong></span> <span class='ocrx_word' id='word_1_115' title='bbox 292 825 408 855; x_wconf 85' lang='lat' dir='ltr'><strong>(tantum</strong></span> <span class='ocrx_word' id='word_1_116' title='bbox 437 822 511 849; x_wconf 91' lang='lat' dir='ltr'><strong>enim</strong></span> <span class='ocrx_word' id='word_1_117' title='bbox 529 826 573 849; x_wconf 88' lang='lat' dir='ltr'><strong>est</strong></span> <span class='ocrx_word' id='word_1_118' title='bbox 590 829 621 849; x_wconf 80' lang='lat' dir='ltr'><strong>ac</strong></span> <span class='ocrx_word' id='word_1_119' title='bbox 651 822 731 857; x_wconf 82' lang='lat' dir='ltr'><strong>longe</strong></span> <span class='ocrx_word' id='word_1_120' title='bbox 749 823 839 858; x_wconf 81' lang='lat' dir='ltr'><strong>majus</strong></span> <span class='ocrx_word' id='word_1_121' title='bbox 862 822 962 850; x_wconf 86' lang='lat' dir='ltr'><strong>discri-</strong></span> 
     </span>
    </p>
   </div>
   <div class='ocr_carea' id='block_1_19' title="bbox 168 859 999 903">
    <p class='ocr_par' dir='ltr' id='par_1_19' title="bbox 168 859 999 903">
     <span class='ocr_line' id='line_1_19' title="bbox 168 859 999 903; baseline 0 -8"><span class='ocrx_word' id='word_1_122' title='bbox 168 877 230 895; x_wconf 87' lang='lat' dir='ltr'><strong>men</strong></span> <span class='ocrx_word' id='word_1_123' title='bbox 247 868 320 895; x_wconf 90' lang='lat' dir='ltr'><strong>inter</strong></span> <span class='ocrx_word' id='word_1_124' title='bbox 337 873 463 894; x_wconf 76' lang='lat' dir='ltr'><strong>naturam</strong></span> <span class='ocrx_word' id='word_1_125' title='bbox 479 866 572 894; x_wconf 81' lang='lat' dir='ltr'><strong>carnis</strong></span> <span class='ocrx_word' id='word_1_126' title='bbox 587 870 615 893; x_wconf 90' lang='lat' dir='ltr'><strong>et</strong></span> <span class='ocrx_word' id='word_1_127' title='bbox 629 866 806 903; x_wconf 79' lang='lat' dir='ltr'><strong>divinitatis),</strong></span> <span class='ocrx_word' id='word_1_128' title='bbox 821 867 961 902; x_wconf 83' lang='lat' dir='ltr'><strong>quomodo</strong></span> <span class='ocrx_word' id='word_1_129' title='bbox 978 859 999 886; x_wconf 74' lang='grc' dir='ltr'><strong><em>Β</em></strong></span> 
     </span>
    </p>
   </div>
   <div class='ocr_carea' id='block_1_20' title="bbox 167 912 962 948">
    <p class='ocr_par' dir='ltr' id='par_1_20' title="bbox 167 912 962 948">
     <span class='ocr_line' id='line_1_20' title="bbox 167 912 962 948; baseline -0.003 -6"><span class='ocrx_word' id='word_1_130' title='bbox 167 914 228 942; x_wconf 80' lang='lat' dir='ltr'><strong>ﬁeri</strong></span> <span class='ocrx_word' id='word_1_131' title='bbox 247 918 339 948; x_wconf 82' lang='lat' dir='ltr'><strong>potest</strong></span> <span class='ocrx_word' id='word_1_132' title='bbox 351 918 383 941; x_wconf 88' lang='lat' dir='ltr'><strong>ut</strong></span> <span class='ocrx_word' id='word_1_133' title='bbox 403 917 464 948; x_wconf 81' lang='lat' dir='ltr'><strong>post</strong></span> <span class='ocrx_word' id='word_1_134' title='bbox 480 912 660 940; x_wconf 79' lang='lat' dir='ltr'><strong>mutationem</strong></span> <span class='ocrx_word' id='word_1_135' title='bbox 677 913 754 948; x_wconf 85' lang='lat' dir='ltr'><strong>prior</strong></span> <span class='ocrx_word' id='word_1_136' title='bbox 771 917 881 941; x_wconf 78' lang='lat' dir='ltr'><strong>maneat</strong></span> <span class='ocrx_word' id='word_1_137' title='bbox 909 921 962 948; x_wconf 83' lang='lat' dir='ltr'><strong>ap-</strong></span> 
     </span>
    </p>
   </div>
   <div class='ocr_carea' id='block_1_21' title="bbox 168 961 298 995">
    <p class='ocr_par' dir='ltr' id='par_1_21' title="bbox 168 961 298 995">
     <span class='ocr_line' id='line_1_21' title="bbox 168 961 298 995; baseline 0 -8"><span class='ocrx_word' id='word_1_138' title='bbox 168 961 298 995; x_wconf 80' lang='lat' dir='ltr'><strong>pellatio?</strong></span> 
     </span>
    </p>
   </div>
   <div class='ocr_carea' id='block_1_22' title="bbox 205 1006 961 1042">
    <p class='ocr_par' dir='ltr' id='par_1_22' title="bbox 205 1006 961 1042">
     <span class='ocr_line' id='line_1_22' title="bbox 205 1006 961 1042; baseline -0.003 -8"><span class='ocrx_word' id='word_1_139' title='bbox 205 1006 308 1034; x_wconf 77' lang='lat' dir='ltr'><strong>ERAN.</strong></span> <span class='ocrx_word' id='word_1_140' title='bbox 336 1007 414 1041; x_wconf 83' lang='lat' dir='ltr'><strong>Saepe</strong></span> <span class='ocrx_word' id='word_1_141' title='bbox 440 1007 498 1034; x_wconf 79' lang='lat' dir='ltr'><strong>dixi</strong></span> <span class='ocrx_word' id='word_1_142' title='bbox 522 1008 596 1042; x_wconf 89' lang='lat' dir='ltr'><strong>quod</strong></span> <span class='ocrx_word' id='word_1_143' title='bbox 617 1015 673 1035; x_wconf 89' lang='lat' dir='ltr'><strong>non</strong></span> <span class='ocrx_word' id='word_1_144' title='bbox 709 1014 758 1042; x_wconf 85' lang='lat' dir='ltr'><strong>per</strong></span> <span class='ocrx_word' id='word_1_145' title='bbox 778 1006 961 1034; x_wconf 81' lang='lat' dir='ltr'><strong>mutationem</strong></span> 
     </span>
    </p>
   </div>
   <div class='ocr_carea' id='block_1_23' title="bbox 170 1051 962 1087">
    <p class='ocr_par' dir='ltr' id='par_1_23' title="bbox 170 1051 962 1087">
     <span class='ocr_line' id='line_1_23' title="bbox 170 1051 962 1087; baseline -0.001 -8"><span class='ocrx_word' id='word_1_146' title='bbox 170 1051 314 1087; x_wconf 79' lang='lat' dir='ltr'><strong>(Verbum)</strong></span> <span class='ocrx_word' id='word_1_147' title='bbox 326 1052 431 1079; x_wconf 74' lang='lat' dir='ltr'><strong>factum</strong></span> <span class='ocrx_word' id='word_1_148' title='bbox 448 1052 485 1079; x_wconf 81' lang='lat' dir='ltr'><strong>sit</strong></span> <span class='ocrx_word' id='word_1_149' title='bbox 501 1060 566 1080; x_wconf 86' lang='lat' dir='ltr'><strong>caro</strong></span> <span class='ocrx_word' id='word_1_150' title='bbox 580 1062 586 1080; x_wconf 87' lang='lat'><strong>:</strong></span> <span class='ocrx_word' id='word_1_151' title='bbox 602 1052 650 1080; x_wconf 84' lang='lat' dir='ltr'><strong>sed</strong></span> <span class='ocrx_word' id='word_1_152' title='bbox 673 1060 788 1080; x_wconf 83' lang='lat' dir='ltr'><strong>manens</strong></span> <span class='ocrx_word' id='word_1_153' title='bbox 807 1051 884 1087; x_wconf 81' lang='lat' dir='ltr'><strong>quod</strong></span> <span class='ocrx_word' id='word_1_154' title='bbox 902 1055 962 1079; x_wconf 79' lang='lat' dir='ltr'><strong>erat</strong></span> 
     </span>
    </p>
   </div>
   <div class='ocr_carea' id='block_1_24' title="bbox 170 1098 570 1133">
    <p class='ocr_par' dir='ltr' id='par_1_24' title="bbox 170 1098 570 1133">
     <span class='ocr_line' id='line_1_24' title="bbox 170 1098 570 1133; baseline 0.005 -9"><span class='ocrx_word' id='word_1_155' title='bbox 170 1098 274 1125; x_wconf 80' lang='lat' dir='ltr'><strong>factum</strong></span> <span class='ocrx_word' id='word_1_156' title='bbox 294 1098 413 1133; x_wconf 78' lang='lat' dir='ltr'><strong>sitquod</strong></span> <span class='ocrx_word' id='word_1_157' title='bbox 426 1106 481 1125; x_wconf 90' lang='lat' dir='ltr'><strong>non</strong></span> <span class='ocrx_word' id='word_1_158' title='bbox 500 1103 570 1126; x_wconf 88' lang='lat' dir='ltr'><strong>erat.</strong></span> 
     </span>
    </p>
   </div>
   <div class='ocr_carea' id='block_1_25' title="bbox 205 1144 963 1179">
    <p class='ocr_par' dir='ltr' id='par_1_25' title="bbox 205 1144 963 1179">
     <span class='ocr_line' id='line_1_25' title="bbox 205 1144 963 1179; baseline 0 -7"><span class='ocrx_word' id='word_1_159' title='bbox 205 1144 309 1172; x_wconf 72' lang='lat' dir='ltr'><strong>OllTll.</strong></span> <span class='ocrx_word' id='word_1_160' title='bbox 324 1144 377 1171; x_wconf 82' lang='lat' dir='ltr'><strong>Sed</strong></span> <span class='ocrx_word' id='word_1_161' title='bbox 392 1144 459 1171; x_wconf 88' lang='lat' dir='ltr'><strong>illud</strong></span> <span class='ocrx_word' id='word_1_162' title='bbox 477 1144 578 1179; x_wconf 80' lang='lat' dir='ltr'><strong>factum</strong></span> <span class='ocrx_word' id='word_1_163' title='bbox 593 1150 642 1177; x_wconf 70' lang='lat' dir='ltr'><strong>est,</strong></span> <span class='ocrx_word' id='word_1_164' title='bbox 654 1145 707 1172; x_wconf 90' lang='lat' dir='ltr'><strong>nisi</strong></span> <span class='ocrx_word' id='word_1_165' title='bbox 721 1145 890 1177; x_wconf 82' lang='lat' dir='ltr'><strong>declaretur,</strong></span> <span class='ocrx_word' id='word_1_166' title='bbox 903 1153 963 1172; x_wconf 89' lang='lat' dir='ltr'><strong>mu-</strong></span> 
     </span>
    </p>
   </div>
   <div class='ocr_carea' id='block_1_26' title="bbox 170 1190 963 1218">
    <p class='ocr_par' dir='ltr' id='par_1_26' title="bbox 170 1190 963 1218">
     <span class='ocr_line' id='line_1_26' title="bbox 170 1190 963 1218; baseline 0.001 -2"><span class='ocrx_word' id='word_1_167' title='bbox 170 1190 302 1217; x_wconf 76' lang='lat' dir='ltr'><strong>tationem</strong></span> <span class='ocrx_word' id='word_1_168' title='bbox 329 1190 421 1217; x_wconf 86' lang='lat' dir='ltr'><strong>innuit</strong></span> <span class='ocrx_word' id='word_1_169' title='bbox 438 1195 467 1217; x_wconf 90' lang='lat' dir='ltr'><strong>et</strong></span> <span class='ocrx_word' id='word_1_170' title='bbox 483 1190 684 1218; x_wconf 75' lang='lat' dir='ltr'><strong>alteratidnem.</strong></span> <span class='ocrx_word' id='word_1_171' title='bbox 707 1190 765 1218; x_wconf 83' lang='lat' dir='ltr'><strong>Nisi</strong></span> <span class='ocrx_word' id='word_1_172' title='bbox 783 1190 856 1218; x_wconf 90' lang='lat' dir='ltr'><strong>enim</strong></span> <span class='ocrx_word' id='word_1_173' title='bbox 877 1198 963 1218; x_wconf 85' lang='lat' dir='ltr'><strong>carne</strong></span> 
     </span>
    </p>
   </div>
   <div class='ocr_carea' id='block_1_27' title="bbox 169 1235 963 1270">
    <p class='ocr_par' dir='ltr' id='par_1_27' title="bbox 169 1235 963 1270">
     <span class='ocr_line' id='line_1_27' title="bbox 169 1235 963 1270; baseline 0.001 -8"><span class='ocrx_word' id='word_1_174' title='bbox 169 1241 310 1270; x_wconf 76' lang='lat' dir='ltr'><strong>assumpta</strong></span> <span class='ocrx_word' id='word_1_175' title='bbox 335 1243 400 1263; x_wconf 86' lang='lat' dir='ltr'><strong>caro</strong></span> <span class='ocrx_word' id='word_1_176' title='bbox 413 1235 517 1263; x_wconf 82' lang='lat' dir='ltr'><strong>factum</strong></span> <span class='ocrx_word' id='word_1_177' title='bbox 541 1241 594 1269; x_wconf 88' lang='lat' dir='ltr'><strong>est,</strong></span> <span class='ocrx_word' id='word_1_178' title='bbox 619 1236 800 1264; x_wconf 77' lang='lat' dir='ltr'><strong>mulationem</strong></span> <span class='ocrx_word' id='word_1_179' title='bbox 818 1235 963 1264; x_wconf 87' lang='lat' dir='ltr'><strong>subeundo</strong></span> 
     </span>
    </p>
   </div>
   <div class='ocr_carea' id='block_1_28' title="bbox 170 1282 417 1309">
    <p class='ocr_par' dir='ltr' id='par_1_28' title="bbox 170 1282 417 1309">
     <span class='ocr_line' id='line_1_28' title="bbox 170 1282 417 1309; baseline 0 -1"><span class='ocrx_word' id='word_1_180' title='bbox 170 1282 271 1309; x_wconf 75' lang='lat' dir='ltr'><strong>factum</strong></span> <span class='ocrx_word' id='word_1_181' title='bbox 286 1286 328 1309; x_wconf 83' lang='lat' dir='ltr'><strong>est</strong></span> <span class='ocrx_word' id='word_1_182' title='bbox 344 1289 417 1309; x_wconf 81' lang='lat' dir='ltr'><strong>caro.</strong></span> 
     </span>
    </p>
   </div>
   <div class='ocr_carea' id='block_1_29' title="bbox 208 1326 963 1354">
    <p class='ocr_par' dir='ltr' id='par_1_29' title="bbox 208 1326 963 1354">
     <span class='ocr_line' id='line_1_29' title="bbox 208 1326 963 1354; baseline 0.001 -1"><span class='ocrx_word' id='word_1_183' title='bbox 208 1327 312 1354; x_wconf 76' lang='lat' dir='ltr'><strong>ERAN.</strong></span> <span class='ocrx_word' id='word_1_184' title='bbox 339 1326 480 1354; x_wconf 75' lang='lat' dir='ltr'><strong>Auumere</strong></span> <span class='ocrx_word' id='word_1_185' title='bbox 506 1326 580 1354; x_wconf 81' lang='lat' dir='ltr'><strong>istud</strong></span> <span class='ocrx_word' id='word_1_186' title='bbox 602 1326 745 1354; x_wconf 87' lang='lat' dir='ltr'><strong>inventum</strong></span> <span class='ocrx_word' id='word_1_187' title='bbox 770 1331 894 1354; x_wconf 88' lang='lat' dir='ltr'><strong>vestrum</strong></span> <span class='ocrx_word' id='word_1_188' title='bbox 910 1331 963 1354; x_wconf 77' lang='lat' dir='ltr'><strong>est.</strong></span> 
     </span>
    </p>
   </div>
   <div class='ocr_carea' id='block_1_30' title="bbox 171 1371 965 1408">
    <p class='ocr_par' dir='ltr' id='par_1_30' title="bbox 171 1371 965 1408">
     <span class='ocr_line' id='line_1_30' title="bbox 171 1371 965 1408; baseline -0.001 -8"><span class='ocrx_word' id='word_1_189' title='bbox 171 1373 347 1408; x_wconf 79' lang='lat' dir='ltr'><strong>Evangelista</strong></span> <span class='ocrx_word' id='word_1_190' title='bbox 377 1373 451 1400; x_wconf 87' lang='lat' dir='ltr'><strong>enim</strong></span> <span class='ocrx_word' id='word_1_191' title='bbox 473 1372 541 1399; x_wconf 88' lang='lat' dir='ltr'><strong>dicit</strong></span> <span class='ocrx_word' id='word_1_192' title='bbox 567 1381 601 1399; x_wconf 76' lang='grc' dir='ltr'><strong>ε(</strong></span> <span class='ocrx_word' id='word_1_193' title='bbox 620 1372 743 1400; x_wconf 79' lang='lat' dir='ltr'><strong>Verbum</strong></span> <span class='ocrx_word' id='word_1_194' title='bbox 768 1379 833 1399; x_wconf 84' lang='lat' dir='ltr'><strong>caro</strong></span> <span class='ocrx_word' id='word_1_195' title='bbox 861 1371 965 1399; x_wconf 83' lang='lat' dir='ltr'><strong>factum</strong></span> 
     </span>
    </p>
   </div>
   <div class='ocr_carea' id='block_1_31' title="bbox 170 1420 290 1446">
    <p class='ocr_par' dir='ltr' id='par_1_31' title="bbox 170 1420 290 1446">
     <span class='ocr_line' id='line_1_31' title="bbox 170 1420 290 1446; baseline -0.017 0"><span class='ocrx_word' id='word_1_196' title='bbox 170 1423 213 1446; x_wconf 89' lang='lat' dir='ltr'><strong>est</strong></span> <span class='ocrx_word' id='word_1_197' title='bbox 237 1420 290 1445; x_wconf 72' lang='lat' dir='ltr'><strong>&quot;.l</strong></span> 
     </span>
    </p>
   </div>
   <div class='ocr_carea' id='block_1_32' title="bbox 201 1461 964 1497">
    <p class='ocr_par' dir='ltr' id='par_1_32' title="bbox 201 1461 964 1497">
     <span class='ocr_line' id='line_1_32' title="bbox 201 1461 964 1497; baseline -0.003 -6"><span class='ocrx_word' id='word_1_198' title='bbox 201 1463 306 1491; x_wconf 74' lang='lat' dir='ltr'><strong>OllTH.</strong></span> <span class='ocrx_word' id='word_1_199' title='bbox 321 1463 430 1491; x_wconf 87' lang='lat' dir='ltr'><strong>Videris</strong></span> <span class='ocrx_word' id='word_1_200' title='bbox 439 1467 487 1490; x_wconf 87' lang='lat' dir='ltr'><strong>aut</strong></span> <span class='ocrx_word' id='word_1_201' title='bbox 502 1462 624 1489; x_wconf 83' lang='lat' dir='ltr'><strong>divinam</strong></span> <span class='ocrx_word' id='word_1_202' title='bbox 634 1462 809 1497; x_wconf 81' lang='lat' dir='ltr'><strong>Scripturam</strong></span> <span class='ocrx_word' id='word_1_203' title='bbox 823 1461 964 1497; x_wconf 83' lang='lat' dir='ltr'><strong>ignorare,</strong></span> 
     </span>
    </p>
   </div>
   <div class='ocr_carea' id='block_1_33' title="bbox 1013 227 1804 264">
    <p class='ocr_par' dir='ltr' id='par_1_33' title="bbox 1013 227 1804 264">
     <span class='ocr_line' id='line_1_33' title="bbox 1013 227 1804 264; baseline 0.001 -11"><span class='ocrx_word' id='word_1_204' title='bbox 1013 227 1097 263; x_wconf 81' lang='grc' dir='ltr'>μυρία</span> <span class='ocrx_word' id='word_1_205' title='bbox 1113 227 1142 254; x_wconf 84' lang='grc' dir='ltr'>δὲ</span> <span class='ocrx_word' id='word_1_206' title='bbox 1157 228 1274 255; x_wconf 82' lang='grc' dir='ltr'>τοιαῦτα</span> <span class='ocrx_word' id='word_1_207' title='bbox 1290 227 1364 255; x_wconf 71' lang='grc' dir='ltr'>ἐστιν</span> <span class='ocrx_word' id='word_1_208' title='bbox 1387 228 1488 263; x_wconf 75' lang='grc' dir='ltr'>εὑρεῖν,</span> <span class='ocrx_word' id='word_1_209' title='bbox 1503 228 1522 255; x_wconf 78' lang='grc' dir='ltr'><strong>ἀ</strong></span> <span class='ocrx_word' id='word_1_210' title='bbox 1537 227 1585 254; x_wconf 81' lang='grc' dir='ltr'>σὺν</span> <span class='ocrx_word' id='word_1_211' title='bbox 1602 230 1636 264; x_wconf 82' lang='grc' dir='ltr'><strong>τῇ</strong></span> <span class='ocrx_word' id='word_1_212' title='bbox 1650 229 1740 264; x_wconf 80' lang='grc' dir='ltr'><strong>τροπῇ</strong></span> <span class='ocrx_word' id='word_1_213' title='bbox 1756 236 1804 263; x_wconf 73' lang='grc' dir='ltr'>με·</span> 
     </span>
    </p>
   </div>
   <div class='ocr_carea' id='block_1_34' title="bbox 1010 273 1329 309">
    <p class='ocr_par' dir='ltr' id='par_1_34' title="bbox 1010 273 1329 309">
     <span class='ocr_line' id='line_1_34' title="bbox 1010 273 1329 309; baseline 0.003 -10"><span class='ocrx_word' id='word_1_214' title='bbox 1010 273 1141 300; x_wconf 77' lang='grc' dir='ltr'>ταὸἀλλει</span> <span class='ocrx_word' id='word_1_215' title='bbox 1157 273 1207 309; x_wconf 77' lang='grc' dir='ltr'><strong>τὴν</strong></span> <span class='ocrx_word' id='word_1_216' title='bbox 1220 273 1329 309; x_wconf 84' lang='grc' dir='ltr'><strong>κλῆσιν.</strong></span> 
     </span>
    </p>
   </div>
   <div class='ocr_carea' id='block_1_35' title="bbox 1044 319 1398 355">
    <p class='ocr_par' dir='ltr' id='par_1_35' title="bbox 1044 319 1398 355">
     <span class='ocr_line' id='line_1_35' title="bbox 1044 319 1398 355; baseline 0 -9"><span class='ocrx_word' id='word_1_217' title='bbox 1044 319 1148 346; x_wconf 80' lang='grc' dir='ltr'>ΕΡΔΝ,</span> <span class='ocrx_word' id='word_1_218' title='bbox 1161 319 1398 355; x_wconf 87' lang='grc' dir='ltr'>Συνωμολόγηται.</span> 
     </span>
    </p>
   </div>
   <div class='ocr_carea' id='block_1_36' title="bbox 1046 363 1803 401">
    <p class='ocr_par' dir='ltr' id='par_1_36' title="bbox 1046 363 1803 401">
     <span class='ocr_line' id='line_1_36' title="bbox 1046 363 1803 401; baseline 0.001 -11"><span class='ocrx_word' id='word_1_219' title='bbox 1046 363 1124 391; x_wconf 79' lang='grc' dir='ltr'><strong>ΟΡΘ.</strong></span> <span class='ocrx_word' id='word_1_220' title='bbox 1140 364 1172 390; x_wconf 74' lang='lat' dir='ltr'><strong>Et</strong></span> <span class='ocrx_word' id='word_1_221' title='bbox 1195 364 1286 391; x_wconf 80' lang='grc' dir='ltr'>τοίνυν</span> <span class='ocrx_word' id='word_1_222' title='bbox 1300 363 1350 399; x_wconf 74' lang='grc' dir='ltr'>τὴν</span> <span class='ocrx_word' id='word_1_223' title='bbox 1370 365 1410 396; x_wconf 80' lang='grc' dir='ltr'>εἰς</span> <span class='ocrx_word' id='word_1_224' title='bbox 1428 365 1517 400; x_wconf 85' lang='grc' dir='ltr'>σάρκα</span> <span class='ocrx_word' id='word_1_225' title='bbox 1539 365 1642 401; x_wconf 76' lang='grc' dir='ltr'>τροπὴν</span> <span class='ocrx_word' id='word_1_226' title='bbox 1671 365 1717 392; x_wconf 68' lang='grc' dir='ltr'><strong>τὸν</strong></span> <span class='ocrx_word' id='word_1_227' title='bbox 1736 364 1803 391; x_wconf 75' lang='grc' dir='ltr'>Θεὸν</span> 
     </span>
    </p>
   </div>
   <div class='ocr_carea' id='block_1_37' title="bbox 1010 408 1804 445">
    <p class='ocr_par' dir='ltr' id='par_1_37' title="bbox 1010 408 1804 445">
     <span class='ocr_line' id='line_1_37' title="bbox 1010 408 1804 445; baseline 0.001 -10"><span class='ocrx_word' id='word_1_228' title='bbox 1010 408 1098 443; x_wconf 84' lang='grc' dir='ltr'>Λόγον</span> <span class='ocrx_word' id='word_1_229' title='bbox 1114 409 1358 445; x_wconf 72' lang='grc' dir='ltr'><strong>ὑπομεμενηκέναι</strong></span> <span class='ocrx_word' id='word_1_230' title='bbox 1378 409 1459 444; x_wconf 78' lang='grc' dir='ltr'>φατὲ,</span> <span class='ocrx_word' id='word_1_231' title='bbox 1471 410 1498 437; x_wconf 84' lang='grc' dir='ltr'><strong>τί</strong></span> <span class='ocrx_word' id='word_1_232' title='bbox 1519 410 1620 445; x_wconf 81' lang='grc' dir='ltr'>δήποτε</span> <span class='ocrx_word' id='word_1_233' title='bbox 1636 410 1703 437; x_wconf 77' lang='grc' dir='ltr'>Θεὸν</span> <span class='ocrx_word' id='word_1_234' title='bbox 1723 410 1804 437; x_wconf 66' lang='grc' dir='ltr'>αὐτὸν</span> 
     </span>
    </p>
   </div>
   <div class='ocr_carea' id='block_1_38' title="bbox 1011 454 1802 494">
    <p class='ocr_par' dir='ltr' id='par_1_38' title="bbox 1011 454 1802 494">
     <span class='ocr_line' id='line_1_38' title="bbox 1011 454 1802 494; baseline 0.001 -12"><span class='ocrx_word' id='word_1_235' title='bbox 1011 454 1080 482; x_wconf 82' lang='grc' dir='ltr'>ἀλλὰ</span> <span class='ocrx_word' id='word_1_236' title='bbox 1101 455 1140 491; x_wconf 83' lang='grc' dir='ltr'>μὴ</span> <span class='ocrx_word' id='word_1_237' title='bbox 1156 455 1245 492; x_wconf 82' lang='grc' dir='ltr'>σάρκα</span> <span class='ocrx_word' id='word_1_238' title='bbox 1263 456 1504 491; x_wconf 84' lang='grc' dir='ltr'>προσαγορεύετε;</span> <span class='ocrx_word' id='word_1_239' title='bbox 1524 456 1669 494; x_wconf 79' lang='grc' dir='ltr'>’Δρμόττει</span> <span class='ocrx_word' id='word_1_240' title='bbox 1694 456 1749 492; x_wconf 84' lang='grc' dir='ltr'><strong>γὰρ</strong></span> <span class='ocrx_word' id='word_1_241' title='bbox 1768 457 1802 492; x_wconf 75' lang='grc' dir='ltr'>τῇ</span> 
     </span>
    </p>
   </div>
   <div class='ocr_carea' id='block_1_39' title="bbox 1010 501 1802 538">
    <p class='ocr_par' dir='ltr' id='par_1_39' title="bbox 1010 501 1802 538">
     <span class='ocr_line' id='line_1_39' title="bbox 1010 501 1802 538; baseline 0.001 -10"><span class='ocrx_word' id='word_1_242' title='bbox 1010 501 1152 528; x_wconf 80' lang='grc' dir='ltr'><strong>ἀλλοιώσει</strong></span> <span class='ocrx_word' id='word_1_243' title='bbox 1167 502 1217 537; x_wconf 81' lang='grc' dir='ltr'><strong>τῆς</strong></span> <span class='ocrx_word' id='word_1_244' title='bbox 1235 501 1343 536; x_wconf 84' lang='grc' dir='ltr'>φύσεως</span> <span class='ocrx_word' id='word_1_245' title='bbox 1360 502 1376 537; x_wconf 72' lang='grc' dir='ltr'>ἡ</span> <span class='ocrx_word' id='word_1_246' title='bbox 1388 501 1439 537; x_wconf 84' lang='grc' dir='ltr'><strong>τῆς</strong></span> <span class='ocrx_word' id='word_1_247' title='bbox 1451 502 1641 538; x_wconf 80' lang='grc' dir='ltr'><strong>προσηγορίας</strong></span> <span class='ocrx_word' id='word_1_248' title='bbox 1654 502 1802 538; x_wconf 78' lang='grc' dir='ltr'>ὲναλλαγή.</span> 
     </span>
    </p>
   </div>
   <div class='ocr_carea' id='block_1_40' title="bbox 1011 547 1804 584">
    <p class='ocr_par' dir='ltr' id='par_1_40' title="bbox 1011 547 1804 584">
     <span class='ocr_line' id='line_1_40' title="bbox 1011 547 1804 584; baseline 0.001 -10"><span class='ocrx_word' id='word_1_249' title='bbox 1011 548 1044 574; x_wconf 85' lang='lat' dir='ltr'><strong>Et</strong></span> <span class='ocrx_word' id='word_1_250' title='bbox 1059 547 1114 583; x_wconf 86' lang='grc' dir='ltr'><strong>γὰρ</strong></span> <span class='ocrx_word' id='word_1_251' title='bbox 1122 547 1191 574; x_wconf 69' lang='grc' dir='ltr'>ἐνθα</span> <span class='ocrx_word' id='word_1_252' title='bbox 1201 547 1237 574; x_wconf 84' lang='grc' dir='ltr'>τὰ</span> <span class='ocrx_word' id='word_1_253' title='bbox 1251 547 1474 583; x_wconf 73' lang='grc' dir='ltr'>μεταϐαλλόμενα</span> <span class='ocrx_word' id='word_1_254' title='bbox 1485 547 1541 584; x_wconf 70' lang='grc' dir='ltr'>ἔχει</span> <span class='ocrx_word' id='word_1_255' title='bbox 1551 548 1612 576; x_wconf 80' lang='grc' dir='ltr'>τινὰ</span> <span class='ocrx_word' id='word_1_256' title='bbox 1624 548 1693 584; x_wconf 78' lang='grc' dir='ltr'>πρὸς</span> <span class='ocrx_word' id='word_1_257' title='bbox 1705 547 1724 575; x_wconf 75' lang='grc' dir='ltr'><strong>ἀ</strong></span> <span class='ocrx_word' id='word_1_258' title='bbox 1736 548 1804 583; x_wconf 79' lang='grc' dir='ltr'>πρό-</span> 
     </span>
    </p>
   </div>
   <div class='ocr_carea' id='block_1_41' title="bbox 1009 590 1804 629">
    <p class='ocr_par' dir='ltr' id='par_1_41' title="bbox 1009 590 1804 629">
     <span class='ocr_line' id='line_1_41' title="bbox 1009 590 1804 629; baseline 0.001 -10"><span class='ocrx_word' id='word_1_259' title='bbox 1009 601 1089 628; x_wconf 84' lang='grc' dir='ltr'>τερον</span> <span class='ocrx_word' id='word_1_260' title='bbox 1106 590 1140 628; x_wconf 81' lang='grc' dir='ltr'>ἦν</span> <span class='ocrx_word' id='word_1_261' title='bbox 1160 593 1322 628; x_wconf 77' lang='grc' dir='ltr'>συγγένειαν</span> <span class='ocrx_word' id='word_1_262' title='bbox 1349 593 1474 629; x_wconf 75' lang='grc' dir='ltr'>(πελάζει</span> <span class='ocrx_word' id='word_1_263' title='bbox 1490 593 1546 629; x_wconf 88' lang='grc' dir='ltr'><strong>γάρ</strong></span> <span class='ocrx_word' id='word_1_264' title='bbox 1566 603 1625 626; x_wconf 82' lang='grc' dir='ltr'>πως</span> <span class='ocrx_word' id='word_1_265' title='bbox 1636 595 1685 620; x_wconf 74' lang='grc' dir='ltr'>καὶ</span> <span class='ocrx_word' id='word_1_266' title='bbox 1697 593 1727 620; x_wconf 79' lang='grc' dir='ltr'>τὸ</span> <span class='ocrx_word' id='word_1_267' title='bbox 1740 593 1804 626; x_wconf 55' lang='grc' dir='ltr'>’ὅξος</span> 
     </span>
    </p>
   </div>
   <div class='ocr_carea' id='block_1_42' title="bbox 1010 636 1803 676">
    <p class='ocr_par' dir='ltr' id='par_1_42' title="bbox 1010 636 1803 676">
     <span class='ocr_line' id='line_1_42' title="bbox 1010 636 1803 676; baseline 0.003 -11"><span class='ocrx_word' id='word_1_268' title='bbox 1010 639 1049 674; x_wconf 83' lang='grc' dir='ltr'>τῷ</span> <span class='ocrx_word' id='word_1_269' title='bbox 1069 638 1144 674; x_wconf 79' lang='grc' dir='ltr'>οἴνῳ,</span> <span class='ocrx_word' id='word_1_270' title='bbox 1156 639 1204 666; x_wconf 79' lang='grc' dir='ltr'>καὶ</span> <span class='ocrx_word' id='word_1_271' title='bbox 1217 639 1231 666; x_wconf 83' lang='grc' dir='ltr'><strong>ό</strong></span> <span class='ocrx_word' id='word_1_272' title='bbox 1244 636 1316 671; x_wconf 77' lang='grc' dir='ltr'>οἶνος</span> <span class='ocrx_word' id='word_1_273' title='bbox 1328 638 1367 674; x_wconf 84' lang='grc' dir='ltr'><strong>τῷ</strong></span> <span class='ocrx_word' id='word_1_274' title='bbox 1382 639 1433 674; x_wconf 82' lang='grc' dir='ltr'><strong>τῆς</strong></span> <span class='ocrx_word' id='word_1_275' title='bbox 1443 639 1568 675; x_wconf 79' lang='grc' dir='ltr'><strong>ἀμπέλου</strong></span> <span class='ocrx_word' id='word_1_276' title='bbox 1579 639 1691 676; x_wconf 86' lang='grc' dir='ltr'>καρπῷ,</span> <span class='ocrx_word' id='word_1_277' title='bbox 1706 640 1755 667; x_wconf 72' lang='grc' dir='ltr'><strong>καὶ</strong></span> <span class='ocrx_word' id='word_1_278' title='bbox 1769 641 1803 676; x_wconf 82' lang='grc' dir='ltr'><strong>τῇ</strong></span> 
     </span>
    </p>
   </div>
   <div class='ocr_carea' id='block_1_43' title="bbox 1010 684 1805 722">
    <p class='ocr_par' dir='ltr' id='par_1_43' title="bbox 1010 684 1805 722">
     <span class='ocr_line' id='line_1_43' title="bbox 1010 684 1805 722; baseline 0.003 -11"><span class='ocrx_word' id='word_1_279' title='bbox 1010 684 1119 720; x_wconf 79' lang='grc' dir='ltr'>ψάμμῳ</span> <span class='ocrx_word' id='word_1_280' title='bbox 1137 685 1154 720; x_wconf 79' lang='grc' dir='ltr'><strong>ἡ</strong></span> <span class='ocrx_word' id='word_1_281' title='bbox 1177 684 1282 721; x_wconf 74' lang='grc' dir='ltr'>ὕαλος),</span> <span class='ocrx_word' id='word_1_282' title='bbox 1294 685 1394 720; x_wconf 76' lang='grc' dir='ltr'>ἑτέρας</span> <span class='ocrx_word' id='word_1_283' title='bbox 1415 685 1502 712; x_wconf 76' lang='grc' dir='ltr'>ταῦτα</span> <span class='ocrx_word' id='word_1_284' title='bbox 1517 687 1586 721; x_wconf 76' lang='grc' dir='ltr'>μετὰ</span> <span class='ocrx_word' id='word_1_285' title='bbox 1601 686 1651 722; x_wconf 77' lang='grc' dir='ltr'>τὴν</span> <span class='ocrx_word' id='word_1_286' title='bbox 1661 686 1805 713; x_wconf 79' lang='grc' dir='ltr'>ἀλλοίωσιν</span> 
     </span>
    </p>
   </div>
   <div class='ocr_carea' id='block_1_44' title="bbox 1013 730 1806 767">
    <p class='ocr_par' dir='ltr' id='par_1_44' title="bbox 1013 730 1806 767">
     <span class='ocr_line' id='line_1_44' title="bbox 1013 730 1806 767; baseline 0.003 -11"><span class='ocrx_word' id='word_1_287' title='bbox 1013 730 1213 766; x_wconf 83' lang='grc' dir='ltr'>μεταλαγχάνει</span> <span class='ocrx_word' id='word_1_288' title='bbox 1235 731 1424 766; x_wconf 79' lang='grc' dir='ltr'>προσηγορίας</span> <span class='ocrx_word' id='word_1_289' title='bbox 1436 739 1444 747; x_wconf 74' lang='grc' dir='ltr'><strong>ο</strong></span> <span class='ocrx_word' id='word_1_290' title='bbox 1462 733 1530 760; x_wconf 69' lang='grc' dir='ltr'>ὅπου</span> <span class='ocrx_word' id='word_1_291' title='bbox 1541 732 1572 759; x_wconf 84' lang='grc' dir='ltr'>τὸ</span> <span class='ocrx_word' id='word_1_292' title='bbox 1582 732 1711 767; x_wconf 82' lang='grc' dir='ltr'>διάφορον</span> <span class='ocrx_word' id='word_1_293' title='bbox 1727 732 1806 759; x_wconf 75' lang='grc' dir='ltr'>ἀπει-</span> 
     </span>
    </p>
   </div>
   <div class='ocr_carea' id='block_1_45' title="bbox 1013 776 1805 813">
    <p class='ocr_par' dir='ltr' id='par_1_45' title="bbox 1013 776 1805 813">
     <span class='ocr_line' id='line_1_45' title="bbox 1013 776 1805 813; baseline 0.003 -11"><span class='ocrx_word' id='word_1_294' title='bbox 1013 784 1070 811; x_wconf 89' lang='grc' dir='ltr'>ρον,</span> <span class='ocrx_word' id='word_1_295' title='bbox 1085 776 1134 802; x_wconf 69' lang='grc' dir='ltr'><strong>καὶ</strong></span> <span class='ocrx_word' id='word_1_296' title='bbox 1160 776 1289 803; x_wconf 85' lang='grc' dir='ltr'>τοσοῦτον</span> <span class='ocrx_word' id='word_1_297' title='bbox 1307 776 1370 803; x_wconf 82' lang='grc' dir='ltr'>ὅσον</span> <span class='ocrx_word' id='word_1_298' title='bbox 1399 777 1511 812; x_wconf 78' lang='grc' dir='ltr'>ἐμπίδος</span> <span class='ocrx_word' id='word_1_299' title='bbox 1540 777 1609 813; x_wconf 76' lang='grc' dir='ltr'>πρὸς</span> <span class='ocrx_word' id='word_1_300' title='bbox 1636 777 1687 812; x_wconf 83' lang='grc' dir='ltr'>τὴν</span> <span class='ocrx_word' id='word_1_301' title='bbox 1714 776 1805 804; x_wconf 85' lang='grc' dir='ltr'>κτίσιν</span> 
     </span>
    </p>
   </div>
   <div class='ocr_carea' id='block_1_46' title="bbox 1012 821 1804 859">
    <p class='ocr_par' dir='ltr' id='par_1_46' title="bbox 1012 821 1804 859">
     <span class='ocr_line' id='line_1_46' title="bbox 1012 821 1804 859; baseline 0 -10"><span class='ocrx_word' id='word_1_302' title='bbox 1012 821 1122 849; x_wconf 74' lang='grc' dir='ltr'>ἃπασαν</span> <span class='ocrx_word' id='word_1_303' title='bbox 1144 821 1194 857; x_wconf 84' lang='grc' dir='ltr'>τὴν</span> <span class='ocrx_word' id='word_1_304' title='bbox 1215 821 1317 858; x_wconf 74' lang='grc' dir='ltr'>δρατὴν</span> <span class='ocrx_word' id='word_1_305' title='bbox 1358 822 1406 850; x_wconf 76' lang='grc' dir='ltr'>καὶ</span> <span class='ocrx_word' id='word_1_306' title='bbox 1424 823 1541 859; x_wconf 84' lang='grc' dir='ltr'>ἀόρατον</span> <span class='ocrx_word' id='word_1_307' title='bbox 1567 822 1708 858; x_wconf 77' lang='grc' dir='ltr'>(τοσοῦτον</span> <span class='ocrx_word' id='word_1_308' title='bbox 1736 821 1804 857; x_wconf 79' lang='grc' dir='ltr'>γὰρ,</span> 
     </span>
    </p>
   </div>
   <div class='ocr_carea' id='block_1_47' title="bbox 1015 867 1806 904">
    <p class='ocr_par' dir='ltr' id='par_1_47' title="bbox 1015 867 1806 904">
     <span class='ocr_line' id='line_1_47' title="bbox 1015 867 1806 904; baseline 0.001 -10"><span class='ocrx_word' id='word_1_309' title='bbox 1015 867 1116 902; x_wconf 78' lang='grc' dir='ltr'>μᾶλλον</span> <span class='ocrx_word' id='word_1_310' title='bbox 1134 867 1164 894; x_wconf 73' lang='grc' dir='ltr'>δὲ</span> <span class='ocrx_word' id='word_1_311' title='bbox 1185 869 1233 895; x_wconf 77' lang='grc' dir='ltr'>καὶ</span> <span class='ocrx_word' id='word_1_312' title='bbox 1256 868 1348 903; x_wconf 87' lang='grc' dir='ltr'>πολλῷ</span> <span class='ocrx_word' id='word_1_313' title='bbox 1366 869 1458 900; x_wconf 87' lang='grc' dir='ltr'>πλέον,</span> <span class='ocrx_word' id='word_1_314' title='bbox 1473 869 1505 896; x_wconf 76' lang='grc' dir='ltr'>τὸ</span> <span class='ocrx_word' id='word_1_315' title='bbox 1522 868 1605 904; x_wconf 79' lang='grc' dir='ltr'>μέσον</span> <span class='ocrx_word' id='word_1_316' title='bbox 1617 868 1725 904; x_wconf 76' lang='grc' dir='ltr'>φύσεως</span> <span class='ocrx_word' id='word_1_317' title='bbox 1740 877 1806 904; x_wconf 75' lang='grc' dir='ltr'>σαρ-</span> 
     </span>
    </p>
   </div>
   <div class='ocr_carea' id='block_1_48' title="bbox 1013 911 1804 950">
    <p class='ocr_par' dir='ltr' id='par_1_48' title="bbox 1013 911 1804 950">
     <span class='ocr_line' id='line_1_48' title="bbox 1013 911 1804 950; baseline 0.001 -11"><span class='ocrx_word' id='word_1_318' title='bbox 1013 912 1061 944; x_wconf 84' lang='grc' dir='ltr'>κδς</span> <span class='ocrx_word' id='word_1_319' title='bbox 1082 913 1131 939; x_wconf 64' lang='grc' dir='ltr'>καὶ.</span> <span class='ocrx_word' id='word_1_320' title='bbox 1152 913 1311 949; x_wconf 57' lang='grc' dir='ltr'>θεότητος).</span> <span class='ocrx_word' id='word_1_321' title='bbox 1341 914 1401 946; x_wconf 84' lang='grc' dir='ltr'>πῶς</span> <span class='ocrx_word' id='word_1_322' title='bbox 1421 911 1478 941; x_wconf 78' lang='grc' dir='ltr'>οἷόν</span> <span class='ocrx_word' id='word_1_323' title='bbox 1497 923 1528 941; x_wconf 87' lang='grc' dir='ltr'><strong>τε</strong></span> <span class='ocrx_word' id='word_1_324' title='bbox 1548 914 1618 950; x_wconf 78' lang='grc' dir='ltr'>μετὰ</span> <span class='ocrx_word' id='word_1_325' title='bbox 1634 913 1685 950; x_wconf 74' lang='grc' dir='ltr'>τὴν</span> <span class='ocrx_word' id='word_1_326' title='bbox 1700 914 1804 950; x_wconf 80' lang='grc' dir='ltr'>τροπὴν</span> 
     </span>
    </p>
   </div>
   <div class='ocr_carea' id='block_1_49' title="bbox 1012 957 1546 995">
    <p class='ocr_par' dir='ltr' id='par_1_49' title="bbox 1012 957 1546 995">
     <span class='ocr_line' id='line_1_49' title="bbox 1012 957 1546 995; baseline 0.006 -12"><span class='ocrx_word' id='word_1_327' title='bbox 1012 957 1062 992; x_wconf 79' lang='grc' dir='ltr'>τὴν</span> <span class='ocrx_word' id='word_1_328' title='bbox 1080 957 1218 994; x_wconf 82' lang='grc' dir='ltr'>προτέραν</span> <span class='ocrx_word' id='word_1_329' title='bbox 1238 959 1328 993; x_wconf 84' lang='grc' dir='ltr'>μεῖναι</span> <span class='ocrx_word' id='word_1_330' title='bbox 1342 958 1546 995; x_wconf 74' lang='grc' dir='ltr'>προσηγορίανς</span> 
     </span>
    </p>
   </div>
   <div class='ocr_carea' id='block_1_50' title="bbox 1049 1001 1804 1040">
    <p class='ocr_par' dir='ltr' id='par_1_50' title="bbox 1049 1001 1804 1040">
     <span class='ocr_line' id='line_1_50' title="bbox 1049 1001 1804 1040; baseline 0.003 -12"><span class='ocrx_word' id='word_1_331' title='bbox 1049 1001 1150 1029; x_wconf 83' lang='grc' dir='ltr'><strong>ΕΡΔΝ.</strong></span> <span class='ocrx_word' id='word_1_332' title='bbox 1175 1001 1309 1035; x_wconf 76' lang='grc' dir='ltr'>Πολλάκις</span> <span class='ocrx_word' id='word_1_333' title='bbox 1322 1002 1402 1039; x_wconf 79' lang='grc' dir='ltr'>ἔφην,</span> <span class='ocrx_word' id='word_1_334' title='bbox 1422 1004 1464 1030; x_wconf 76' lang='grc' dir='ltr'>ὅτι</span> <span class='ocrx_word' id='word_1_335' title='bbox 1480 1004 1511 1031; x_wconf 81' lang='grc' dir='ltr'>οὐ</span> <span class='ocrx_word' id='word_1_336' title='bbox 1527 1004 1598 1031; x_wconf 84' lang='grc' dir='ltr'><strong>κατά</strong></span> <span class='ocrx_word' id='word_1_337' title='bbox 1620 1004 1725 1040; x_wconf 80' lang='grc' dir='ltr'>τροπὴν</span> <span class='ocrx_word' id='word_1_338' title='bbox 1742 1002 1804 1038; x_wconf 56' lang='lat' dir='ltr'><strong>tr!-</strong></span> 
     </span>
    </p>
   </div>
   <div class='ocr_carea' id='block_1_51' title="bbox 1013 1047 1716 1086">
    <p class='ocr_par' dir='ltr' id='par_1_51' title="bbox 1013 1047 1716 1086">
     <span class='ocr_line' id='line_1_51' title="bbox 1013 1047 1716 1086; baseline 0.006 -12"><span class='ocrx_word' id='word_1_339' title='bbox 1013 1056 1075 1075; x_wconf 85' lang='grc' dir='ltr'>νετο</span> <span class='ocrx_word' id='word_1_340' title='bbox 1089 1048 1169 1084; x_wconf 66' lang='grc' dir='ltr'>σὰρξ,</span> <span class='ocrx_word' id='word_1_341' title='bbox 1188 1048 1257 1076; x_wconf 85' lang='grc' dir='ltr'><strong>ἀλλά</strong></span> <span class='ocrx_word' id='word_1_342' title='bbox 1276 1049 1366 1085; x_wconf 85' lang='grc' dir='ltr'>μένων</span> <span class='ocrx_word' id='word_1_343' title='bbox 1379 1050 1393 1077; x_wconf 75' lang='grc' dir='ltr'><strong>δ</strong></span> <span class='ocrx_word' id='word_1_344' title='bbox 1407 1047 1453 1086; x_wconf 81' lang='grc' dir='ltr'>ἦν,</span> <span class='ocrx_word' id='word_1_345' title='bbox 1464 1050 1576 1086; x_wconf 77' lang='grc' dir='ltr'>γέγονεν</span> <span class='ocrx_word' id='word_1_346' title='bbox 1585 1051 1600 1078; x_wconf 77' lang='grc' dir='ltr'>ὃ</span> <span class='ocrx_word' id='word_1_347' title='bbox 1611 1051 1661 1078; x_wconf 80' lang='grc' dir='ltr'><strong>οὐκ</strong></span> <span class='ocrx_word' id='word_1_348' title='bbox 1672 1049 1716 1086; x_wconf 78' lang='grc' dir='ltr'><strong>ἦν.</strong></span> 
     </span>
    </p>
   </div>
   <div class='ocr_carea' id='block_1_52' title="bbox 1048 1136 1805 1175">
    <p class='ocr_par' dir='ltr' id='par_1_52' title="bbox 1048 1136 1805 1175">
     <span class='ocr_line' id='line_1_52' title="bbox 1048 1136 1805 1175; baseline 0.005 -12"><span class='ocrx_word' id='word_1_349' title='bbox 1048 1136 1125 1164; x_wconf 84' lang='grc' dir='ltr'><strong>ΟΡΘ.</strong></span> <span class='ocrx_word' id='word_1_350' title='bbox 1145 1137 1226 1165; x_wconf 82' lang='grc' dir='ltr'>Ἀλλὰ</span> <span class='ocrx_word' id='word_1_351' title='bbox 1245 1137 1324 1165; x_wconf 88' lang='grc' dir='ltr'>τοῦτο</span> <span class='ocrx_word' id='word_1_352' title='bbox 1346 1138 1378 1165; x_wconf 85' lang='grc' dir='ltr'><strong>τδ</strong></span> <span class='ocrx_word' id='word_1_353' title='bbox 1398 1138 1535 1174; x_wconf 74' lang='grc' dir='ltr'>γέγονεν,</span> <span class='ocrx_word' id='word_1_354' title='bbox 1552 1139 1577 1166; x_wconf 80' lang='grc' dir='ltr'>εἰ</span> <span class='ocrx_word' id='word_1_355' title='bbox 1593 1139 1630 1175; x_wconf 83' lang='grc' dir='ltr'>μὴ</span> <span class='ocrx_word' id='word_1_356' title='bbox 1653 1139 1739 1175; x_wconf 72' lang='grc' dir='ltr'>σαφὲς</span> <span class='ocrx_word' id='word_1_357' title='bbox 1757 1140 1805 1174; x_wconf 71' lang='grc' dir='ltr'><strong>γέ-</strong></span> 
     </span>
    </p>
   </div>
   <div class='ocr_carea' id='block_1_53' title="bbox 1015 1183 1804 1222">
    <p class='ocr_par' dir='ltr' id='par_1_53' title="bbox 1015 1183 1804 1222">
     <span class='ocr_line' id='line_1_53' title="bbox 1015 1183 1804 1222; baseline 0.005 -14"><span class='ocrx_word' id='word_1_358' title='bbox 1015 1191 1098 1216; x_wconf 88' lang='grc' dir='ltr'>νοιτο,</span> <span class='ocrx_word' id='word_1_359' title='bbox 1120 1183 1226 1218; x_wconf 84' lang='grc' dir='ltr'>τροπὴν</span> <span class='ocrx_word' id='word_1_360' title='bbox 1250 1183 1400 1211; x_wconf 73' lang='grc' dir='ltr'>αἰνίττεται</span> <span class='ocrx_word' id='word_1_361' title='bbox 1419 1184 1466 1211; x_wconf 75' lang='grc' dir='ltr'>καὶ</span> <span class='ocrx_word' id='word_1_362' title='bbox 1483 1184 1636 1212; x_wconf 84' lang='grc' dir='ltr'>ἀλλοίωσιν.</span> <span class='ocrx_word' id='word_1_363' title='bbox 1649 1185 1681 1212; x_wconf 82' lang='lat' dir='ltr'><strong>Et</strong></span> <span class='ocrx_word' id='word_1_364' title='bbox 1696 1185 1733 1221; x_wconf 81' lang='grc' dir='ltr'>μὴ</span> <span class='ocrx_word' id='word_1_365' title='bbox 1749 1186 1804 1222; x_wconf 69' lang='grc' dir='ltr'><strong>γὰρ</strong></span> 
     </span>
    </p>
   </div>
   <div class='ocr_carea' id='block_1_54' title="bbox 1016 1228 1768 1267">
    <p class='ocr_par' dir='ltr' id='par_1_54' title="bbox 1016 1228 1768 1267">
     <span class='ocr_line' id='line_1_54' title="bbox 1016 1228 1768 1267; baseline 0.005 -12"><span class='ocrx_word' id='word_1_366' title='bbox 1016 1228 1106 1263; x_wconf 83' lang='grc' dir='ltr'>σάρκα</span> <span class='ocrx_word' id='word_1_367' title='bbox 1117 1228 1209 1256; x_wconf 78' lang='grc' dir='ltr'>λαϐὼν</span> <span class='ocrx_word' id='word_1_368' title='bbox 1220 1230 1327 1263; x_wconf 75' lang='grc' dir='ltr'>ἐγένετο</span> <span class='ocrx_word' id='word_1_369' title='bbox 1340 1229 1419 1266; x_wconf 77' lang='grc' dir='ltr'>σὰρξ,</span> <span class='ocrx_word' id='word_1_370' title='bbox 1434 1230 1551 1266; x_wconf 77' lang='grc' dir='ltr'>τραπεὶς</span> <span class='ocrx_word' id='word_1_371' title='bbox 1565 1230 1675 1264; x_wconf 70' lang='grc' dir='ltr'>ἐγένετο</span> <span class='ocrx_word' id='word_1_372' title='bbox 1688 1231 1768 1267; x_wconf 80' lang='grc' dir='ltr'>σάρξ.</span> 
     </span>
    </p>
   </div>
   <div class='ocr_carea' id='block_1_55' title="bbox 1051 1315 1803 1355">
    <p class='ocr_par' dir='ltr' id='par_1_55' title="bbox 1051 1315 1803 1355">
     <span class='ocr_line' id='line_1_55' title="bbox 1051 1315 1803 1355; baseline 0.005 -13"><span class='ocrx_word' id='word_1_373' title='bbox 1051 1315 1154 1344; x_wconf 80' lang='grc' dir='ltr'>ΕΡΔΝ,</span> <span class='ocrx_word' id='word_1_374' title='bbox 1170 1316 1255 1343; x_wconf 82' lang='grc' dir='ltr'>Τοῦτο</span> <span class='ocrx_word' id='word_1_375' title='bbox 1265 1316 1296 1343; x_wconf 83' lang='grc' dir='ltr'><strong>τὺ</strong></span> <span class='ocrx_word' id='word_1_376' title='bbox 1311 1317 1438 1344; x_wconf 72' lang='grc' dir='ltr'>Ἔλαϐεν</span> <span class='ocrx_word' id='word_1_377' title='bbox 1451 1317 1584 1353; x_wconf 75' lang='grc' dir='ltr'>ὑμέτερόν</span> <span class='ocrx_word' id='word_1_378' title='bbox 1594 1318 1669 1344; x_wconf 74' lang='grc' dir='ltr'>ἐστιν</span> <span class='ocrx_word' id='word_1_379' title='bbox 1680 1318 1803 1355; x_wconf 63' lang='grc' dir='ltr'>εὕρημαη</span> 
     </span>
    </p>
   </div>
   <div class='ocr_carea' id='block_1_56' title="bbox 1022 1362 1802 1399">
    <p class='ocr_par' dir='ltr' id='par_1_56' title="bbox 1022 1362 1802 1399">
     <span class='ocr_line' id='line_1_56' title="bbox 1022 1362 1802 1399; baseline 0.004 -10"><span class='ocrx_word' id='word_1_380' title='bbox 1022 1362 1053 1389; x_wconf 81' lang='grc' dir='ltr'>Ὁ</span> <span class='ocrx_word' id='word_1_381' title='bbox 1066 1362 1120 1398; x_wconf 85' lang='grc' dir='ltr'><strong>γὰρ</strong></span> <span class='ocrx_word' id='word_1_382' title='bbox 1142 1362 1351 1399; x_wconf 75' lang='grc' dir='ltr'>εὐαγγελιστὴς,</span> <span class='ocrx_word' id='word_1_383' title='bbox 1370 1372 1379 1389; x_wconf 78' lang='grc' dir='ltr'><strong>ι</strong></span> <span class='ocrx_word' id='word_1_384' title='bbox 1397 1363 1427 1390; x_wconf 91' lang='lat'><strong>&#39;0</strong></span> <span class='ocrx_word' id='word_1_385' title='bbox 1452 1363 1540 1398; x_wconf 80' lang='grc' dir='ltr'>Λόγος</span> <span class='ocrx_word' id='word_1_386' title='bbox 1562 1363 1630 1399; x_wconf 74' lang='grc' dir='ltr'>σὰρξ</span> <span class='ocrx_word' id='word_1_387' title='bbox 1656 1364 1776 1398; x_wconf 72' lang='grc' dir='ltr'>ἐγένετο,</span> <span class='ocrx_word' id='word_1_388' title='bbox 1792 1374 1802 1392; x_wconf 75' lang='grc' dir='ltr'><strong>ι</strong></span> 
     </span>
    </p>
   </div>
   <div class='ocr_carea' id='block_1_57' title="bbox 1016 1407 1101 1442">
    <p class='ocr_par' dir='ltr' id='par_1_57' title="bbox 1016 1407 1101 1442">
     <span class='ocr_line' id='line_1_57' title="bbox 1016 1407 1101 1442; baseline 0.012 -8"><span class='ocrx_word' id='word_1_389' title='bbox 1016 1407 1101 1442; x_wconf 78' lang='grc' dir='ltr'>λέγει.</span> 
     </span>
    </p>
   </div>
   <div class='ocr_carea' id='block_1_58' title="bbox 1053 1454 1806 1492">
    <p class='ocr_par' dir='ltr' id='par_1_58' title="bbox 1053 1454 1806 1492">
     <span class='ocr_line' id='line_1_58' title="bbox 1053 1454 1806 1492; baseline 0.003 -11"><span class='ocrx_word' id='word_1_390' title='bbox 1053 1455 1131 1482; x_wconf 81' lang='grc' dir='ltr'><strong>ΟΡΘ.</strong></span> <span class='ocrx_word' id='word_1_391' title='bbox 1148 1455 1261 1487; x_wconf 77' lang='grc' dir='ltr'>Ἔοικας</span> <span class='ocrx_word' id='word_1_392' title='bbox 1270 1455 1288 1490; x_wconf 78' lang='grc' dir='ltr'><strong>ἢ</strong></span> <span class='ocrx_word' id='word_1_393' title='bbox 1304 1454 1353 1490; x_wconf 79' lang='grc' dir='ltr'><strong>τὴν</strong></span> <span class='ocrx_word' id='word_1_394' title='bbox 1364 1454 1442 1482; x_wconf 79' lang='grc' dir='ltr'>θείαν</span> <span class='ocrx_word' id='word_1_395' title='bbox 1453 1455 1566 1492; x_wconf 78' lang='grc' dir='ltr'>Γραφὴν</span> <span class='ocrx_word' id='word_1_396' title='bbox 1578 1455 1696 1490; x_wconf 78' lang='grc' dir='ltr'>ἀγνοεῖν,</span> <span class='ocrx_word' id='word_1_397' title='bbox 1712 1456 1729 1492; x_wconf 82' lang='grc' dir='ltr'>ἢ</span> <span class='ocrx_word' id='word_1_398' title='bbox 1746 1456 1806 1484; x_wconf 72' lang='grc' dir='ltr'>ἑπι-</span> 
     </span>
    </p>
   </div>
   <div class='ocr_carea' id='block_1_59' title="bbox 171 1499 964 1555">
    <p class='ocr_par' dir='ltr' id='par_1_59' title="bbox 171 1508 964 1544">
     <span class='ocr_line' id='line_1_59' title="bbox 171 1508 964 1544; baseline -0.005 -6"><span class='ocrx_word' id='word_1_399' title='bbox 171 1515 218 1538; x_wconf 84' lang='lat' dir='ltr'><strong>aut</strong></span> <span class='ocrx_word' id='word_1_400' title='bbox 237 1510 326 1538; x_wconf 74' lang='lat' dir='ltr'><strong>sciens</strong></span> <span class='ocrx_word' id='word_1_401' title='bbox 341 1509 464 1544; x_wconf 87' lang='lat' dir='ltr'><strong>improbe</strong></span> <span class='ocrx_word' id='word_1_402' title='bbox 482 1516 571 1544; x_wconf 85' lang='lat' dir='ltr'><strong>agere.</strong></span> <span class='ocrx_word' id='word_1_403' title='bbox 586 1509 642 1544; x_wconf 82' lang='lat' dir='ltr'><strong>Ego</strong></span> <span class='ocrx_word' id='word_1_404' title='bbox 653 1515 719 1535; x_wconf 85' lang='lat' dir='ltr'><strong>vero</strong></span> <span class='ocrx_word' id='word_1_405' title='bbox 736 1513 763 1536; x_wconf 91' lang='lat' dir='ltr'><strong>te</strong></span> <span class='ocrx_word' id='word_1_406' title='bbox 780 1508 824 1535; x_wconf 89' lang='lat' dir='ltr'><strong>vel</strong></span> <span class='ocrx_word' id='word_1_407' title='bbox 841 1508 964 1543; x_wconf 90' lang='lat' dir='ltr'><strong>ignarum</strong></span> 
     </span>
    </p>
   </div>
   <div class='ocr_carea' id='block_1_60' title="bbox 1025 1499 1807 1555">
    <p class='ocr_par' dir='ltr' id='par_1_60' title="bbox 1025 1499 1807 1537">
     <span class='ocr_line' id='line_1_60' title="bbox 1025 1499 1807 1537; baseline 0.004 -11"><span class='ocrx_word' id='word_1_408' title='bbox 1025 1499 1152 1534; x_wconf 63' lang='grc' dir='ltr'>πτάμενος</span> <span class='ocrx_word' id='word_1_409' title='bbox 1175 1501 1348 1535; x_wconf 80' lang='grc' dir='ltr'>κακουργεῖν.</span> <span class='ocrx_word' id='word_1_410' title='bbox 1374 1500 1445 1534; x_wconf 83' lang='grc' dir='ltr'>Ἐγὼ</span> <span class='ocrx_word' id='word_1_411' title='bbox 1459 1500 1489 1527; x_wconf 79' lang='grc' dir='ltr'>δέ</span> <span class='ocrx_word' id='word_1_412' title='bbox 1509 1501 1580 1537; x_wconf 78' lang='grc' dir='ltr'>σε,ῆ</span> <span class='ocrx_word' id='word_1_413' title='bbox 1603 1501 1755 1536; x_wconf 81' lang='grc' dir='ltr'>ἀγνοοῦντα</span> <span class='ocrx_word' id='word_1_414' title='bbox 1767 1501 1807 1529; x_wconf 67' lang='grc' dir='ltr'>δι-</span> 
     </span>
    </p>
   </div>
   <div class='ocr_carea' id='block_1_61' title="bbox 171 1554 966 1590">
    <p class='ocr_par' dir='ltr' id='par_1_61' title="bbox 171 1554 966 1590">
     <span class='ocr_line' id='line_1_61' title="bbox 171 1554 966 1590; baseline 0 -8"><span class='ocrx_word' id='word_1_415' title='bbox 171 1556 286 1588; x_wconf 74' lang='lat' dir='ltr'><strong>docebo,</strong></span> <span class='ocrx_word' id='word_1_416' title='bbox 305 1555 348 1582; x_wconf 86' lang='lat' dir='ltr'><strong>vel</strong></span> <span class='ocrx_word' id='word_1_417' title='bbox 364 1555 519 1590; x_wconf 90' lang='lat' dir='ltr'><strong>improbum</strong></span> <span class='ocrx_word' id='word_1_418' title='bbox 539 1554 711 1582; x_wconf 80' lang='lat' dir='ltr'><strong>convincam.</strong></span> <span class='ocrx_word' id='word_1_419' title='bbox 730 1554 877 1589; x_wconf 82' lang='lat' dir='ltr'><strong>Responde</strong></span> <span class='ocrx_word' id='word_1_420' title='bbox 888 1561 966 1590; x_wconf 78' lang='lat' dir='ltr'><strong>ergo,</strong></span> 
     </span>
    </p>
   </div>
   <div class='ocr_carea' id='block_1_62' title="bbox 143 1598 867 1634">
    <p class='ocr_par' dir='ltr' id='par_1_62' title="bbox 143 1598 867 1634">
     <span class='ocr_line' id='line_1_62' title="bbox 143 1598 867 1634; baseline -0.001 -7"><span class='ocrx_word' id='word_1_421' title='bbox 143 1628 146 1631; x_wconf 94' lang='lat'><em>_</em></span> <span class='ocrx_word' id='word_1_422' title='bbox 172 1599 259 1627; x_wconf 89' lang='lat' dir='ltr'><strong>divini</strong></span> <span class='ocrx_word' id='word_1_423' title='bbox 277 1599 354 1627; x_wconf 83' lang='lat' dir='ltr'><strong>Pauli</strong></span> <span class='ocrx_word' id='word_1_424' title='bbox 368 1599 521 1626; x_wconf 86' lang='lat' dir='ltr'><strong>doctrinam</strong></span> <span class='ocrx_word' id='word_1_425' title='bbox 533 1598 664 1627; x_wconf 79' lang='lat' dir='ltr'><strong>faterisne</strong></span> <span class='ocrx_word' id='word_1_426' title='bbox 676 1598 867 1634; x_wconf 83' lang='lat' dir='ltr'><strong>spiritualem?</strong></span> 
     </span>
    </p>
   </div>
   <div class='ocr_carea' id='block_1_63' title="bbox 203 1689 962 1722">
    <p class='ocr_par' dir='ltr' id='par_1_63' title="bbox 203 1689 962 1722">
     <span class='ocr_line' id='line_1_63' title="bbox 203 1689 962 1722; baseline 0 -6"><span class='ocrx_word' id='word_1_427' title='bbox 203 1689 308 1717; x_wconf 74' lang='lat' dir='ltr'><strong>ERAN.</strong></span> <span class='ocrx_word' id='word_1_428' title='bbox 328 1689 458 1716; x_wconf 91' lang='lat' dir='ltr'><strong>Omnino.</strong></span> <span class='ocrx_word' id='word_1_429' title='bbox 948 1710 962 1722; x_wconf 83' lang='grc'><strong>,</strong></span> 
     </span>
    </p>
   </div>
   <div class='ocr_carea' id='block_1_64' title="bbox 208 1734 970 1771">
    <p class='ocr_par' dir='ltr' id='par_1_64' title="bbox 208 1734 970 1771">
     <span class='ocr_line' id='line_1_64' title="bbox 208 1734 970 1771; baseline 0.001 -8"><span class='ocrx_word' id='word_1_430' title='bbox 208 1735 314 1763; x_wconf 70' lang='lat' dir='ltr'><strong>OltTH.</strong></span> <span class='ocrx_word' id='word_1_431' title='bbox 341 1735 476 1762; x_wconf 86' lang='lat' dir='ltr'><strong>Eumdem</strong></span> <span class='ocrx_word' id='word_1_432' title='bbox 509 1734 644 1770; x_wconf 89' lang='lat' dir='ltr'><strong>Spiritum</strong></span> <span class='ocrx_word' id='word_1_433' title='bbox 676 1743 726 1771; x_wconf 88' lang='lat' dir='ltr'><strong>per</strong></span> <span class='ocrx_word' id='word_1_434' title='bbox 741 1734 923 1771; x_wconf 78' lang='lat' dir='ltr'><strong>evangelistas</strong></span> <span class='ocrx_word' id='word_1_435' title='bbox 940 1741 970 1764; x_wconf 86' lang='lat' dir='ltr'><strong>et</strong></span> 
     </span>
    </p>
   </div>
   <div class='ocr_carea' id='block_1_65' title="bbox 173 1781 660 1817">
    <p class='ocr_par' dir='ltr' id='par_1_65' title="bbox 173 1781 660 1817">
     <span class='ocr_line' id='line_1_65' title="bbox 173 1781 660 1817; baseline 0 -9"><span class='ocrx_word' id='word_1_436' title='bbox 173 1782 313 1817; x_wconf 87' lang='lat' dir='ltr'><strong>apostolos</strong></span> <span class='ocrx_word' id='word_1_437' title='bbox 324 1785 468 1816; x_wconf 87' lang='lat' dir='ltr'><strong>operatum</strong></span> <span class='ocrx_word' id='word_1_438' title='bbox 484 1789 545 1809; x_wconf 86' lang='lat' dir='ltr'><strong>esse</strong></span> <span class='ocrx_word' id='word_1_439' title='bbox 564 1782 634 1809; x_wconf 88' lang='lat' dir='ltr'><strong>dicis</strong></span> <span class='ocrx_word' id='word_1_440' title='bbox 641 1781 660 1816; x_wconf 62' lang='lat' dir='ltr'><strong>?l</strong></span> 
     </span>
    </p>
   </div>
   <div class='ocr_carea' id='block_1_66' title="bbox 209 1827 970 1865">
    <p class='ocr_par' dir='ltr' id='par_1_66' title="bbox 209 1827 970 1865">
     <span class='ocr_line' id='line_1_66' title="bbox 209 1827 970 1865; baseline 0.004 -11"><span class='ocrx_word' id='word_1_441' title='bbox 209 1827 312 1855; x_wconf 72' lang='lat' dir='ltr'><strong>ERAN.</strong></span> <span class='ocrx_word' id='word_1_442' title='bbox 331 1828 377 1854; x_wconf 87' lang='lat' dir='ltr'><strong>Sic</strong></span> <span class='ocrx_word' id='word_1_443' title='bbox 387 1828 526 1855; x_wconf 73' lang='lat' dir='ltr'><strong>existimo.</strong></span> <span class='ocrx_word' id='word_1_444' title='bbox 541 1828 580 1856; x_wconf 91' lang='lat' dir='ltr'><strong>lta</strong></span> <span class='ocrx_word' id='word_1_445' title='bbox 591 1828 666 1855; x_wconf 89' lang='lat' dir='ltr'><strong>enim</strong></span> <span class='ocrx_word' id='word_1_446' title='bbox 678 1836 722 1856; x_wconf 88' lang='lat' dir='ltr'><strong>me</strong></span> <span class='ocrx_word' id='word_1_447' title='bbox 737 1828 833 1856; x_wconf 87' lang='lat' dir='ltr'><strong>docuit</strong></span> <span class='ocrx_word' id='word_1_448' title='bbox 848 1829 970 1865; x_wconf 81' lang='lat' dir='ltr'><strong>Scriptu-</strong></span> 
     </span>
    </p>
   </div>
   <div class='ocr_carea' id='block_1_67' title="bbox 175 1872 969 1907">
    <p class='ocr_par' dir='ltr' id='par_1_67' title="bbox 175 1872 969 1907">
     <span class='ocr_line' id='line_1_67' title="bbox 175 1872 969 1907; baseline 0.003 -8"><span class='ocrx_word' id='word_1_449' title='bbox 175 1880 205 1899; x_wconf 89' lang='lat' dir='ltr'><strong>ra</strong></span> <span class='ocrx_word' id='word_1_450' title='bbox 221 1872 370 1906; x_wconf 84' lang='lat' dir='ltr'><strong>apostolica</strong></span> <span class='ocrx_word' id='word_1_451' title='bbox 384 1881 392 1899; x_wconf 85' lang='lat'><strong>:</strong></span> <span class='ocrx_word' id='word_1_452' title='bbox 412 1882 422 1898; x_wconf 80' lang='grc' dir='ltr'><strong>ι</strong></span> <span class='ocrx_word' id='word_1_453' title='bbox 437 1872 590 1900; x_wconf 83' lang='lat' dir='ltr'><strong>Divisiones</strong></span> <span class='ocrx_word' id='word_1_454' title='bbox 602 1872 688 1905; x_wconf 84' lang='lat' dir='ltr'><strong>enim,</strong></span> <span class='ocrx_word' id='word_1_455' title='bbox 719 1873 819 1907; x_wconf 88' lang='lat' dir='ltr'><strong>inquit,</strong></span> <span class='ocrx_word' id='word_1_456' title='bbox 833 1874 969 1901; x_wconf 92' lang='lat' dir='ltr'><strong>donorum</strong></span> 
     </span>
    </p>
   </div>
   <div class='ocr_carea' id='block_1_68' title="bbox 180 1917 969 1952">
    <p class='ocr_par' dir='ltr' id='par_1_68' title="bbox 180 1917 969 1952">
     <span class='ocr_line' id='line_1_68' title="bbox 180 1917 969 1952; baseline 0.004 -9"><span class='ocrx_word' id='word_1_457' title='bbox 180 1917 276 1952; x_wconf 66' lang='lat' dir='ltr'><strong>gratiae</strong></span> <span class='ocrx_word' id='word_1_458' title='bbox 290 1917 340 1951; x_wconf 74' lang='lat'><strong>13</strong></span> <span class='ocrx_word' id='word_1_459' title='bbox 355 1921 430 1949; x_wconf 91' lang='lat' dir='ltr'><strong>sunt,</strong></span> <span class='ocrx_word' id='word_1_460' title='bbox 449 1917 522 1945; x_wconf 89' lang='lat' dir='ltr'><strong>idem</strong></span> <span class='ocrx_word' id='word_1_461' title='bbox 533 1921 626 1944; x_wconf 89' lang='lat' dir='ltr'><strong>autem</strong></span> <span class='ocrx_word' id='word_1_462' title='bbox 642 1917 762 1952; x_wconf 85' lang='lat' dir='ltr'><strong>Spiritus</strong></span> <span class='ocrx_word' id='word_1_463' title='bbox 779 1918 811 1944; x_wconf 86' lang='lat'><strong>&quot;.</strong></span> <span class='ocrx_word' id='word_1_464' title='bbox 827 1928 835 1944; x_wconf 76' lang='grc' dir='ltr'><strong>ι</strong></span> <span class='ocrx_word' id='word_1_465' title='bbox 856 1918 891 1946; x_wconf 88' lang='lat' dir='ltr'><strong>Et</strong></span> <span class='ocrx_word' id='word_1_466' title='bbox 905 1927 969 1946; x_wconf 85' lang='lat' dir='ltr'><strong>rur-</strong></span> 
     </span>
    </p>
   </div>
   <div class='ocr_carea' id='block_1_69' title="bbox 175 1963 969 1999">
    <p class='ocr_par' dir='ltr' id='par_1_69' title="bbox 175 1963 969 1999">
     <span class='ocr_line' id='line_1_69' title="bbox 175 1963 969 1999; baseline 0.001 -9"><span class='ocrx_word' id='word_1_467' title='bbox 175 1971 223 1990; x_wconf 85' lang='lat' dir='ltr'><strong>sus</strong></span> <span class='ocrx_word' id='word_1_468' title='bbox 239 1965 264 1990; x_wconf 86' lang='lat'><strong>:&#39;</strong></span> <span class='ocrx_word' id='word_1_469' title='bbox 283 1973 293 1988; x_wconf 78' lang='grc'><strong>(</strong></span> <span class='ocrx_word' id='word_1_470' title='bbox 308 1963 371 1991; x_wconf 65' lang='lat' dir='ltr'><strong>Haec</strong></span> <span class='ocrx_word' id='word_1_471' title='bbox 396 1968 489 1991; x_wconf 83' lang='lat' dir='ltr'><strong>autem</strong></span> <span class='ocrx_word' id='word_1_472' title='bbox 512 1963 605 1990; x_wconf 91' lang='lat' dir='ltr'><strong>omnia</strong></span> <span class='ocrx_word' id='word_1_473' title='bbox 630 1967 762 1998; x_wconf 84' lang='lat' dir='ltr'><strong>operatur</strong></span> <span class='ocrx_word' id='word_1_474' title='bbox 782 1971 854 1991; x_wconf 90' lang='lat' dir='ltr'><strong>unus</strong></span> <span class='ocrx_word' id='word_1_475' title='bbox 886 1969 969 1999; x_wconf 76' lang='lat' dir='ltr'><strong>atque</strong></span> 
     </span>
    </p>
   </div>
   <div class='ocr_carea' id='block_1_70' title="bbox 175 2008 970 2044">
    <p class='ocr_par' dir='ltr' id='par_1_70' title="bbox 175 2008 970 2044">
     <span class='ocr_line' id='line_1_70' title="bbox 175 2008 970 2044; baseline 0.003 -9"><span class='ocrx_word' id='word_1_476' title='bbox 175 2008 249 2036; x_wconf 88' lang='lat' dir='ltr'><strong>idem</strong></span> <span class='ocrx_word' id='word_1_477' title='bbox 267 2008 397 2043; x_wconf 86' lang='lat' dir='ltr'><strong>Spiritus,</strong></span> <span class='ocrx_word' id='word_1_478' title='bbox 415 2008 542 2036; x_wconf 88' lang='lat' dir='ltr'><strong>dividens</strong></span> <span class='ocrx_word' id='word_1_479' title='bbox 566 2008 697 2043; x_wconf 82' lang='lat' dir='ltr'><strong>privatim</strong></span> <span class='ocrx_word' id='word_1_480' title='bbox 726 2009 878 2044; x_wconf 84' lang='lat' dir='ltr'><strong>unicuique</strong></span> <span class='ocrx_word' id='word_1_481' title='bbox 896 2010 970 2037; x_wconf 86' lang='lat' dir='ltr'><strong>sicut</strong></span> 
     </span>
    </p>
   </div>
   <div class='ocr_carea' id='block_1_71' title="bbox 176 2053 969 2083">
    <p class='ocr_par' dir='ltr' id='par_1_71' title="bbox 176 2053 969 2083">
     <span class='ocr_line' id='line_1_71' title="bbox 176 2053 969 2083; baseline 0.003 -2"><span class='ocrx_word' id='word_1_482' title='bbox 176 2055 235 2081; x_wconf 92' lang='lat' dir='ltr'><strong>vult</strong></span> <span class='ocrx_word' id='word_1_483' title='bbox 251 2054 282 2080; x_wconf 86' lang='lat'><strong>&quot;.</strong></span> <span class='ocrx_word' id='word_1_484' title='bbox 304 2064 312 2080; x_wconf 71' lang='grc' dir='ltr'><strong>ι</strong></span> <span class='ocrx_word' id='word_1_485' title='bbox 330 2054 363 2081; x_wconf 86' lang='lat' dir='ltr'><strong>Et</strong></span> <span class='ocrx_word' id='word_1_486' title='bbox 381 2062 477 2081; x_wconf 88' lang='lat' dir='ltr'><strong>rursus</strong></span> <span class='ocrx_word' id='word_1_487' title='bbox 494 2063 501 2080; x_wconf 90' lang='lat'>:</span> <span class='ocrx_word' id='word_1_488' title='bbox 518 2063 527 2080; x_wconf 79' lang='grc' dir='ltr'><strong>ι</strong></span> <span class='ocrx_word' id='word_1_489' title='bbox 559 2053 700 2081; x_wconf 84' lang='lat' dir='ltr'><strong>Habentes</strong></span> <span class='ocrx_word' id='word_1_490' title='bbox 724 2057 817 2082; x_wconf 88' lang='lat' dir='ltr'><strong>autem</strong></span> <span class='ocrx_word' id='word_1_491' title='bbox 840 2055 969 2083; x_wconf 82' lang='lat' dir='ltr'><strong>eumdem</strong></span> 
     </span>
    </p>
   </div>
   <div class='ocr_carea' id='block_1_72' title="bbox 176 2099 462 2134">
    <p class='ocr_par' dir='ltr' id='par_1_72' title="bbox 176 2099 462 2134">
     <span class='ocr_line' id='line_1_72' title="bbox 176 2099 462 2134; baseline -0.007 -8"><span class='ocrx_word' id='word_1_492' title='bbox 176 2099 309 2134; x_wconf 89' lang='lat' dir='ltr'><strong>Spiritum</strong></span> <span class='ocrx_word' id='word_1_493' title='bbox 324 2099 387 2127; x_wconf 81' lang='lat' dir='ltr'><strong>ﬁdei</strong></span> <span class='ocrx_word' id='word_1_494' title='bbox 403 2100 435 2126; x_wconf 75' lang='lat'><strong>“.</strong></span> <span class='ocrx_word' id='word_1_495' title='bbox 452 2108 462 2124; x_wconf 72' lang='grc' dir='ltr'><strong>ι</strong></span> 
     </span>
    </p>
   </div>
   <div class='ocr_carea' id='block_1_73' title="bbox 211 2144 965 2180">
    <p class='ocr_par' dir='ltr' id='par_1_73' title="bbox 211 2144 965 2180">
     <span class='ocr_line' id='line_1_73' title="bbox 211 2144 965 2180; baseline 0.001 -9"><span class='ocrx_word' id='word_1_496' title='bbox 211 2144 314 2172; x_wconf 79' lang='grc' dir='ltr'>οιιΤιι.</span> <span class='ocrx_word' id='word_1_497' title='bbox 329 2144 489 2180; x_wconf 87' lang='lat' dir='ltr'><strong>Opportune</strong></span> <span class='ocrx_word' id='word_1_498' title='bbox 506 2144 653 2180; x_wconf 85' lang='lat' dir='ltr'><strong>apostolica</strong></span> <span class='ocrx_word' id='word_1_499' title='bbox 679 2144 769 2173; x_wconf 87' lang='lat' dir='ltr'><strong>citasti</strong></span> <span class='ocrx_word' id='word_1_500' title='bbox 802 2145 965 2175; x_wconf 82' lang='lat' dir='ltr'><strong>testimonia.</strong></span> 
     </span>
    </p>
   </div>
   <div class='ocr_carea' id='block_1_74' title="bbox 1018 1544 1806 1582">
    <p class='ocr_par' dir='ltr' id='par_1_74' title="bbox 1018 1544 1806 1582">
     <span class='ocr_line' id='line_1_74' title="bbox 1018 1544 1806 1582; baseline 0.004 -11"><span class='ocrx_word' id='word_1_501' title='bbox 1018 1544 1101 1577; x_wconf 79' lang='grc' dir='ltr'>δάξω,</span> <span class='ocrx_word' id='word_1_502' title='bbox 1118 1544 1135 1579; x_wconf 83' lang='grc' dir='ltr'><strong>ἢ</strong></span> <span class='ocrx_word' id='word_1_503' title='bbox 1159 1545 1366 1581; x_wconf 85' lang='grc' dir='ltr'>κακουργοῦντα</span> <span class='ocrx_word' id='word_1_504' title='bbox 1388 1545 1501 1580; x_wconf 66' lang='grc' dir='ltr'>ἐλέγξω.</span> <span class='ocrx_word' id='word_1_505' title='bbox 1524 1546 1684 1582; x_wconf 76' lang='grc' dir='ltr'>’Λπόκριναι</span> <span class='ocrx_word' id='word_1_506' title='bbox 1706 1547 1806 1578; x_wconf 74' lang='grc' dir='ltr'>τοίνυν,</span> 
     </span>
    </p>
   </div>
   <div class='ocr_carea' id='block_1_75' title="bbox 1017 1590 1806 1629">
    <p class='ocr_par' dir='ltr' id='par_1_75' title="bbox 1017 1590 1806 1629">
     <span class='ocr_line' id='line_1_75' title="bbox 1017 1590 1806 1629; baseline 0.004 -12"><span class='ocrx_word' id='word_1_507' title='bbox 1017 1590 1066 1617; x_wconf 83' lang='grc' dir='ltr'><strong>τοῦ</strong></span> <span class='ocrx_word' id='word_1_508' title='bbox 1079 1590 1152 1617; x_wconf 83' lang='grc' dir='ltr'>θείου</span> <span class='ocrx_word' id='word_1_509' title='bbox 1168 1591 1275 1618; x_wconf 83' lang='grc' dir='ltr'>Παύλου</span> <span class='ocrx_word' id='word_1_510' title='bbox 1287 1591 1475 1628; x_wconf 74' lang='grc' dir='ltr'>πνευματικὴν</span> <span class='ocrx_word' id='word_1_511' title='bbox 1487 1592 1536 1628; x_wconf 75' lang='grc' dir='ltr'>τὴν</span> <span class='ocrx_word' id='word_1_512' title='bbox 1546 1592 1723 1620; x_wconf 71' lang='grc' dir='ltr'>διδασκαλίαν</span> <span class='ocrx_word' id='word_1_513' title='bbox 1740 1594 1806 1629; x_wconf 80' lang='grc' dir='ltr'>ὁμο-</span> 
     </span>
    </p>
   </div>
   <div class='ocr_carea' id='block_1_76' title="bbox 1018 1637 1127 1671">
    <p class='ocr_par' dir='ltr' id='par_1_76' title="bbox 1018 1637 1127 1671">
     <span class='ocr_line' id='line_1_76' title="bbox 1018 1637 1127 1671; baseline 0 -8"><span class='ocrx_word' id='word_1_514' title='bbox 1018 1637 1109 1671; x_wconf 81' lang='grc' dir='ltr'>λογεῖς</span> <span class='ocrx_word' id='word_1_515' title='bbox 1120 1646 1127 1671; x_wconf 87' lang='lat'><strong>;</strong></span> 
     </span>
    </p>
   </div>
   <div class='ocr_carea' id='block_1_77' title="bbox 1055 1683 1295 1719">
    <p class='ocr_par' dir='ltr' id='par_1_77' title="bbox 1055 1683 1295 1719">
     <span class='ocr_line' id='line_1_77' title="bbox 1055 1683 1295 1719; baseline 0 -7"><span class='ocrx_word' id='word_1_516' title='bbox 1055 1683 1160 1712; x_wconf 80' lang='lat' dir='ltr'><strong>EPAN.</strong></span> <span class='ocrx_word' id='word_1_517' title='bbox 1175 1683 1295 1719; x_wconf 81' lang='grc' dir='ltr'>Πάνυγι.</span> 
     </span>
    </p>
   </div>
   <div class='ocr_carea' id='block_1_78' title="bbox 1055 1729 1808 1766">
    <p class='ocr_par' dir='ltr' id='par_1_78' title="bbox 1055 1729 1808 1766">
     <span class='ocr_line' id='line_1_78' title="bbox 1055 1729 1808 1766; baseline 0.003 -10"><span class='ocrx_word' id='word_1_518' title='bbox 1055 1729 1132 1757; x_wconf 85' lang='grc' dir='ltr'><strong>ΟΡΘ.</strong></span> <span class='ocrx_word' id='word_1_519' title='bbox 1149 1729 1205 1757; x_wconf 79' lang='grc' dir='ltr'><strong>Καὶ</strong></span> <span class='ocrx_word' id='word_1_520' title='bbox 1217 1729 1249 1756; x_wconf 84' lang='grc' dir='ltr'><strong>τδ</strong></span> <span class='ocrx_word' id='word_1_521' title='bbox 1263 1730 1331 1757; x_wconf 69' lang='grc' dir='ltr'>αὐτὸ</span> <span class='ocrx_word' id='word_1_522' title='bbox 1347 1729 1470 1766; x_wconf 76' lang='grc' dir='ltr'>Πνεῦμα,</span> <span class='ocrx_word' id='word_1_523' title='bbox 1481 1730 1526 1758; x_wconf 76' lang='grc' dir='ltr'><strong>διά</strong></span> <span class='ocrx_word' id='word_1_524' title='bbox 1549 1739 1579 1757; x_wconf 86' lang='grc' dir='ltr'><strong>τε</strong></span> <span class='ocrx_word' id='word_1_525' title='bbox 1596 1731 1651 1758; x_wconf 82' lang='grc' dir='ltr'><strong>τῶν</strong></span> <span class='ocrx_word' id='word_1_526' title='bbox 1665 1730 1808 1766; x_wconf 71' lang='grc' dir='ltr'>εὐαγγελι-</span> 
     </span>
    </p>
   </div>
   <div class='ocr_carea' id='block_1_79' title="bbox 1020 1775 1728 1812">
    <p class='ocr_par' dir='ltr' id='par_1_79' title="bbox 1020 1775 1728 1812">
     <span class='ocr_line' id='line_1_79' title="bbox 1020 1775 1728 1812; baseline 0.003 -10"><span class='ocrx_word' id='word_1_527' title='bbox 1020 1775 1102 1809; x_wconf 86' lang='grc' dir='ltr'>στῶν,</span> <span class='ocrx_word' id='word_1_528' title='bbox 1116 1775 1161 1803; x_wconf 80' lang='grc' dir='ltr'><strong>διά</strong></span> <span class='ocrx_word' id='word_1_529' title='bbox 1174 1784 1204 1802; x_wconf 83' lang='grc' dir='ltr'><strong>τε</strong></span> <span class='ocrx_word' id='word_1_530' title='bbox 1218 1775 1274 1803; x_wconf 86' lang='grc' dir='ltr'><strong>τῶν</strong></span> <span class='ocrx_word' id='word_1_531' title='bbox 1284 1775 1444 1803; x_wconf 80' lang='grc' dir='ltr'>ἀποστόλων</span> <span class='ocrx_word' id='word_1_532' title='bbox 1459 1776 1606 1812; x_wconf 73' lang='grc' dir='ltr'>ἐνεργῆσαι</span> <span class='ocrx_word' id='word_1_533' title='bbox 1619 1777 1709 1812; x_wconf 83' lang='grc' dir='ltr'>λέγεις</span> <span class='ocrx_word' id='word_1_534' title='bbox 1721 1786 1728 1810; x_wconf 89' lang='grc'><strong>;</strong></span> 
     </span>
    </p>
   </div>
   <div class='ocr_carea' id='block_1_80' title="bbox 1055 1820 1809 1858">
    <p class='ocr_par' dir='ltr' id='par_1_80' title="bbox 1055 1820 1809 1858">
     <span class='ocr_line' id='line_1_80' title="bbox 1055 1820 1809 1858; baseline 0.004 -10"><span class='ocrx_word' id='word_1_535' title='bbox 1055 1820 1155 1849; x_wconf 79' lang='lat' dir='ltr'><strong>EPAN.</strong></span> <span class='ocrx_word' id='word_1_536' title='bbox 1174 1821 1254 1848; x_wconf 78' lang='grc' dir='ltr'>Οὕτω</span> <span class='ocrx_word' id='word_1_537' title='bbox 1267 1821 1354 1857; x_wconf 86' lang='grc' dir='ltr'>φημί·</span> <span class='ocrx_word' id='word_1_538' title='bbox 1366 1821 1438 1849; x_wconf 80' lang='grc' dir='ltr'>οὕτω</span> <span class='ocrx_word' id='word_1_539' title='bbox 1456 1822 1512 1858; x_wconf 84' lang='grc' dir='ltr'><strong>γὰρ</strong></span> <span class='ocrx_word' id='word_1_540' title='bbox 1529 1822 1605 1858; x_wconf 87' lang='grc' dir='ltr'><strong>παρά</strong></span> <span class='ocrx_word' id='word_1_541' title='bbox 1626 1823 1676 1858; x_wconf 86' lang='grc' dir='ltr'><strong>τῆς</strong></span> <span class='ocrx_word' id='word_1_542' title='bbox 1692 1824 1809 1851; x_wconf 84' lang='grc' dir='ltr'>ἀποστο-</span> 
     </span>
    </p>
   </div>
   <div class='ocr_carea' id='block_1_81' title="bbox 1019 1866 1807 1905">
    <p class='ocr_par' dir='ltr' id='par_1_81' title="bbox 1019 1866 1807 1905">
     <span class='ocr_line' id='line_1_81' title="bbox 1019 1866 1807 1905; baseline 0.004 -12"><span class='ocrx_word' id='word_1_543' title='bbox 1019 1866 1100 1902; x_wconf 81' lang='grc' dir='ltr'>λικῆς</span> <span class='ocrx_word' id='word_1_544' title='bbox 1114 1866 1258 1902; x_wconf 76' lang='grc' dir='ltr'><strong>ἐδιδάχθην</strong></span> <span class='ocrx_word' id='word_1_545' title='bbox 1281 1867 1409 1903; x_wconf 76' lang='grc' dir='ltr'>Γραφῆς·</span> <span class='ocrx_word' id='word_1_546' title='bbox 1444 1876 1454 1893; x_wconf 77' lang='grc' dir='ltr'><strong>ι</strong></span> <span class='ocrx_word' id='word_1_547' title='bbox 1468 1868 1621 1903; x_wconf 84' lang='grc' dir='ltr'>Διαιρέσεις</span> <span class='ocrx_word' id='word_1_548' title='bbox 1644 1868 1709 1905; x_wconf 78' lang='grc' dir='ltr'>γὰρ,</span> <span class='ocrx_word' id='word_1_549' title='bbox 1730 1870 1807 1905; x_wconf 66' lang='grc' dir='ltr'>φησι,</span> 
     </span>
    </p>
   </div>
   <div class='ocr_carea' id='block_1_82' title="bbox 1019 1912 1807 1949">
    <p class='ocr_par' dir='ltr' id='par_1_82' title="bbox 1019 1912 1807 1949">
     <span class='ocr_line' id='line_1_82' title="bbox 1019 1912 1807 1949; baseline 0.005 -11"><span class='ocrx_word' id='word_1_550' title='bbox 1019 1912 1198 1948; x_wconf 85' lang='grc' dir='ltr'>χαρισμάτων</span> <span class='ocrx_word' id='word_1_551' title='bbox 1223 1912 1288 1945; x_wconf 78' lang='grc' dir='ltr'>εἰσὶ,</span> <span class='ocrx_word' id='word_1_552' title='bbox 1303 1912 1333 1939; x_wconf 81' lang='grc' dir='ltr'>τὸ</span> <span class='ocrx_word' id='word_1_553' title='bbox 1346 1913 1375 1939; x_wconf 77' lang='grc' dir='ltr'>δὲ</span> <span class='ocrx_word' id='word_1_554' title='bbox 1395 1913 1461 1939; x_wconf 77' lang='grc' dir='ltr'>αὐτὸ</span> <span class='ocrx_word' id='word_1_555' title='bbox 1478 1913 1603 1949; x_wconf 80' lang='grc' dir='ltr'>Πνεῦμα.</span> <span class='ocrx_word' id='word_1_556' title='bbox 1615 1923 1625 1940; x_wconf 76' lang='grc' dir='ltr'><strong>ι</strong></span> <span class='ocrx_word' id='word_1_557' title='bbox 1644 1914 1700 1941; x_wconf 76' lang='grc' dir='ltr'><strong>Καὶ</strong></span> <span class='ocrx_word' id='word_1_558' title='bbox 1716 1915 1807 1942; x_wconf 81' lang='grc' dir='ltr'>πάλιν·</span> 
     </span>
    </p>
   </div>
   <div class='ocr_carea' id='block_1_83' title="bbox 1023 1958 1808 1996">
    <p class='ocr_par' dir='ltr' id='par_1_83' title="bbox 1023 1958 1808 1996">
     <span class='ocr_line' id='line_1_83' title="bbox 1023 1958 1808 1996; baseline 0.005 -12"><span class='ocrx_word' id='word_1_559' title='bbox 1023 1967 1032 1984; x_wconf 86' lang='grc' dir='ltr'><strong>ι</strong></span> <span class='ocrx_word' id='word_1_560' title='bbox 1043 1958 1137 1985; x_wconf 83' lang='grc' dir='ltr'>Ταῦτα</span> <span class='ocrx_word' id='word_1_561' title='bbox 1150 1958 1180 1985; x_wconf 79' lang='grc' dir='ltr'>δὲ</span> <span class='ocrx_word' id='word_1_562' title='bbox 1194 1958 1284 1985; x_wconf 80' lang='grc' dir='ltr'>πάντα</span> <span class='ocrx_word' id='word_1_563' title='bbox 1301 1959 1408 1994; x_wconf 76' lang='grc' dir='ltr'>ἔνεργεί</span> <span class='ocrx_word' id='word_1_564' title='bbox 1417 1959 1448 1985; x_wconf 76' lang='grc' dir='ltr'>τὸ</span> <span class='ocrx_word' id='word_1_565' title='bbox 1462 1959 1490 1985; x_wconf 78' lang='grc' dir='ltr'>ἓν</span> <span class='ocrx_word' id='word_1_566' title='bbox 1502 1959 1550 1986; x_wconf 80' lang='grc' dir='ltr'>καὶ</span> <span class='ocrx_word' id='word_1_567' title='bbox 1563 1960 1593 1987; x_wconf 77' lang='grc' dir='ltr'>τὸ</span> <span class='ocrx_word' id='word_1_568' title='bbox 1605 1961 1671 1987; x_wconf 77' lang='grc' dir='ltr'>αὐτὸ</span> <span class='ocrx_word' id='word_1_569' title='bbox 1685 1960 1808 1996; x_wconf 79' lang='grc' dir='ltr'>Πνεῦμα,</span> 
     </span>
    </p>
   </div>
   <div class='ocr_carea' id='block_1_84' title="bbox 1019 2003 1808 2040">
    <p class='ocr_par' dir='ltr' id='par_1_84' title="bbox 1019 2003 1808 2040">
     <span class='ocr_line' id='line_1_84' title="bbox 1019 2003 1808 2040; baseline 0.006 -10"><span class='ocrx_word' id='word_1_570' title='bbox 1019 2003 1141 2039; x_wconf 78' lang='grc' dir='ltr'>διαιροῦν</span> <span class='ocrx_word' id='word_1_571' title='bbox 1158 2004 1211 2040; x_wconf 82' lang='grc' dir='ltr'>ίδίᾳ</span> <span class='ocrx_word' id='word_1_572' title='bbox 1235 2004 1344 2040; x_wconf 80' lang='grc' dir='ltr'>ἑκάστῳ</span> <span class='ocrx_word' id='word_1_573' title='bbox 1361 2004 1452 2036; x_wconf 86' lang='grc' dir='ltr'>καθὼς</span> <span class='ocrx_word' id='word_1_574' title='bbox 1470 2005 1606 2040; x_wconf 83' lang='grc' dir='ltr'>βούλεται.</span> <span class='ocrx_word' id='word_1_575' title='bbox 1621 2016 1631 2032; x_wconf 74' lang='grc' dir='ltr'><strong>ι</strong></span> <span class='ocrx_word' id='word_1_576' title='bbox 1651 2007 1706 2034; x_wconf 79' lang='grc' dir='ltr'><strong>Καὶ</strong></span> <span class='ocrx_word' id='word_1_577' title='bbox 1720 2006 1808 2039; x_wconf 70' lang='grc' dir='ltr'>αὖθιςο</span> 
     </span>
    </p>
   </div>
   <div class='ocr_carea' id='block_1_85' title="bbox 1022 2049 1700 2086">
    <p class='ocr_par' dir='ltr' id='par_1_85' title="bbox 1022 2049 1700 2086">
     <span class='ocr_line' id='line_1_85' title="bbox 1022 2049 1700 2086; baseline 0.003 -10"><span class='ocrx_word' id='word_1_578' title='bbox 1022 2058 1032 2075; x_wconf 77' lang='grc' dir='ltr'><strong>ι</strong></span> <span class='ocrx_word' id='word_1_579' title='bbox 1050 2050 1179 2084; x_wconf 82' lang='grc' dir='ltr'>Ἔχοντες</span> <span class='ocrx_word' id='word_1_580' title='bbox 1193 2049 1222 2076; x_wconf 78' lang='grc' dir='ltr'>δὲ</span> <span class='ocrx_word' id='word_1_581' title='bbox 1233 2049 1263 2076; x_wconf 81' lang='grc' dir='ltr'>τὸ</span> <span class='ocrx_word' id='word_1_582' title='bbox 1279 2050 1346 2077; x_wconf 72' lang='grc' dir='ltr'>αὐτὸ</span> <span class='ocrx_word' id='word_1_583' title='bbox 1355 2050 1470 2085; x_wconf 82' lang='grc' dir='ltr'>Πνεῦμα</span> <span class='ocrx_word' id='word_1_584' title='bbox 1479 2051 1530 2086; x_wconf 78' lang='grc' dir='ltr'><strong>τῆς</strong></span> <span class='ocrx_word' id='word_1_585' title='bbox 1543 2051 1672 2083; x_wconf 82' lang='grc' dir='ltr'>πίστεως.</span> <span class='ocrx_word' id='word_1_586' title='bbox 1689 2061 1700 2078; x_wconf 70' lang='grc' dir='ltr'><strong>ι</strong></span> 
     </span>
    </p>
   </div>
   <div class='ocr_carea' id='block_1_86' title="bbox 1055 2136 1810 2175">
    <p class='ocr_par' dir='ltr' id='par_1_86' title="bbox 1055 2136 1810 2175">
     <span class='ocr_line' id='line_1_86' title="bbox 1055 2136 1810 2175; baseline 0.004 -12"><span class='ocrx_word' id='word_1_587' title='bbox 1055 2136 1130 2164; x_wconf 90' lang='grc' dir='ltr'><strong>ΟΡΘ.</strong></span> <span class='ocrx_word' id='word_1_588' title='bbox 1161 2137 1210 2168; x_wconf 70' lang='lat' dir='ltr'><strong>Et;</strong></span> <span class='ocrx_word' id='word_1_589' title='bbox 1240 2137 1336 2173; x_wconf 83' lang='grc' dir='ltr'>καιρὸν</span> <span class='ocrx_word' id='word_1_590' title='bbox 1358 2137 1408 2169; x_wconf 81' lang='grc' dir='ltr'><strong>τὰς</strong></span> <span class='ocrx_word' id='word_1_591' title='bbox 1431 2137 1615 2169; x_wconf 58' lang='lat' dir='ltr'><strong>asumma;</strong></span> <span class='ocrx_word' id='word_1_592' title='bbox 1648 2139 1810 2175; x_wconf 79' lang='grc' dir='ltr'>παρήγαγες</span> 
     </span>
    </p>
   </div>
   <div class='ocr_carea' id='block_1_87' title="bbox 177 2182 964 2226">
    <p class='ocr_par' dir='ltr' id='par_1_87' title="bbox 177 2191 964 2226">
     <span class='ocr_line' id='line_1_87' title="bbox 177 2191 964 2226; baseline 0 -8"><span class='ocrx_word' id='word_1_593' title='bbox 177 2191 206 2219; x_wconf 88' lang='lat' dir='ltr'><strong>Si</strong></span> <span class='ocrx_word' id='word_1_594' title='bbox 219 2199 285 2226; x_wconf 90' lang='lat' dir='ltr'><strong>ergo</strong></span> <span class='ocrx_word' id='word_1_595' title='bbox 295 2191 419 2226; x_wconf 88' lang='lat' dir='ltr'><strong>ejusdem</strong></span> <span class='ocrx_word' id='word_1_596' title='bbox 442 2191 563 2226; x_wconf 90' lang='lat' dir='ltr'><strong>Spiritus</strong></span> <span class='ocrx_word' id='word_1_597' title='bbox 577 2199 638 2219; x_wconf 84' lang='lat' dir='ltr'><strong>esse</strong></span> <span class='ocrx_word' id='word_1_598' title='bbox 656 2191 775 2222; x_wconf 86' lang='lat' dir='ltr'><strong>dicimus</strong></span> <span class='ocrx_word' id='word_1_599' title='bbox 791 2191 964 2226; x_wconf 80' lang='lat' dir='ltr'><strong>evangelista-</strong></span> 
     </span>
    </p>
   </div>
   <div class='ocr_carea' id='block_1_88' title="bbox 1025 2182 1810 2226">
    <p class='ocr_par' dir='ltr' id='par_1_88' title="bbox 1025 2182 1810 2219">
     <span class='ocr_line' id='line_1_88' title="bbox 1025 2182 1810 2219; baseline 0.003 -10"><span class='ocrx_word' id='word_1_600' title='bbox 1025 2182 1188 2219; x_wconf 85' lang='grc' dir='ltr'>μαρτυρίας.</span> <span class='ocrx_word' id='word_1_601' title='bbox 1210 2183 1243 2210; x_wconf 76' lang='lat' dir='ltr'><strong>Et</strong></span> <span class='ocrx_word' id='word_1_602' title='bbox 1267 2183 1357 2210; x_wconf 84' lang='grc' dir='ltr'>τοίνυν</span> <span class='ocrx_word' id='word_1_603' title='bbox 1379 2183 1425 2210; x_wconf 80' lang='grc' dir='ltr'><strong>τοῦ</strong></span> <span class='ocrx_word' id='word_1_604' title='bbox 1444 2183 1527 2210; x_wconf 80' lang='grc' dir='ltr'>αὐτοῦ</span> <span class='ocrx_word' id='word_1_605' title='bbox 1556 2184 1715 2219; x_wconf 76' lang='grc' dir='ltr'>Πνεύματος</span> <span class='ocrx_word' id='word_1_606' title='bbox 1739 2182 1810 2211; x_wconf 78' lang='grc' dir='ltr'>εἷναί</span> 
     </span>
    </p>
   </div>
   <div class='ocr_carea' id='block_1_89' title="bbox 178 2236 967 2272">
    <p class='ocr_par' dir='ltr' id='par_1_89' title="bbox 178 2236 967 2272">
     <span class='ocr_line' id='line_1_89' title="bbox 178 2236 967 2272; baseline 0 -8"><span class='ocrx_word' id='word_1_607' title='bbox 178 2244 239 2264; x_wconf 91' lang='lat' dir='ltr'><strong>rum</strong></span> <span class='ocrx_word' id='word_1_608' title='bbox 253 2241 282 2264; x_wconf 93' lang='lat' dir='ltr'><strong>et</strong></span> <span class='ocrx_word' id='word_1_609' title='bbox 297 2237 485 2271; x_wconf 89' lang='lat' dir='ltr'><strong>apostolorum</strong></span> <span class='ocrx_word' id='word_1_610' title='bbox 520 2237 685 2270; x_wconf 87' lang='lat' dir='ltr'><strong>doctrinam,</strong></span> <span class='ocrx_word' id='word_1_611' title='bbox 715 2236 781 2264; x_wconf 88' lang='lat' dir='ltr'><strong>audi</strong></span> <span class='ocrx_word' id='word_1_612' title='bbox 806 2236 967 2272; x_wconf 83' lang='lat' dir='ltr'><strong>Apostolum</strong></span> 
     </span>
    </p>
   </div>
   <div class='ocr_carea' id='block_1_90' title="bbox 178 2280 969 2317">
    <p class='ocr_par' dir='ltr' id='par_1_90' title="bbox 178 2280 969 2317">
     <span class='ocr_line' id='line_1_90' title="bbox 178 2280 969 2317; baseline 0 -7"><span class='ocrx_word' id='word_1_613' title='bbox 178 2282 321 2317; x_wconf 74' lang='lat' dir='ltr'><strong>Evangelii</strong></span> <span class='ocrx_word' id='word_1_614' title='bbox 334 2282 417 2310; x_wconf 87' lang='lat' dir='ltr'><strong>verba</strong></span> <span class='ocrx_word' id='word_1_615' title='bbox 431 2282 670 2317; x_wconf 85' lang='lat' dir='ltr'><strong>interpretantem.</strong></span> <span class='ocrx_word' id='word_1_616' title='bbox 697 2282 766 2309; x_wconf 85' lang='lat' dir='ltr'><strong>Nam</strong></span> <span class='ocrx_word' id='word_1_617' title='bbox 784 2280 816 2308; x_wconf 88' lang='lat' dir='ltr'><strong>ad</strong></span> <span class='ocrx_word' id='word_1_618' title='bbox 839 2281 969 2310; x_wconf 57' lang='lat' dir='ltr'><strong>Hebraeos</strong></span> 
     </span>
    </p>
   </div>
   <div class='ocr_carea' id='block_1_91' title="bbox 179 2327 969 2363">
    <p class='ocr_par' dir='ltr' id='par_1_91' title="bbox 179 2327 969 2363">
     <span class='ocr_line' id='line_1_91' title="bbox 179 2327 969 2363; baseline -0.003 -7"><span class='ocrx_word' id='word_1_619' title='bbox 179 2328 302 2356; x_wconf 84' lang='lat' dir='ltr'><strong>scribens</strong></span> <span class='ocrx_word' id='word_1_620' title='bbox 313 2328 354 2355; x_wconf 93' lang='lat' dir='ltr'><strong>sic</strong></span> <span class='ocrx_word' id='word_1_621' title='bbox 368 2328 406 2356; x_wconf 89' lang='lat' dir='ltr'><strong>ait</strong></span> <span class='ocrx_word' id='word_1_622' title='bbox 421 2337 428 2355; x_wconf 91' lang='lat'>:</span> <span class='ocrx_word' id='word_1_623' title='bbox 450 2337 460 2353; x_wconf 79' lang='grc' dir='ltr'><strong>ι</strong></span> <span class='ocrx_word' id='word_1_624' title='bbox 479 2328 538 2355; x_wconf 86' lang='grc' dir='ltr'><strong>Νοη</strong></span> <span class='ocrx_word' id='word_1_625' title='bbox 553 2328 628 2355; x_wconf 83' lang='lat' dir='ltr'><strong>enim</strong></span> <span class='ocrx_word' id='word_1_626' title='bbox 643 2328 756 2363; x_wconf 79' lang='lat' dir='ltr'><strong>angelos</strong></span> <span class='ocrx_word' id='word_1_627' title='bbox 770 2327 897 2360; x_wconf 84' lang='lat' dir='ltr'><strong>assumit,</strong></span> <span class='ocrx_word' id='word_1_628' title='bbox 919 2327 969 2355; x_wconf 86' lang='lat' dir='ltr'><strong>sed</strong></span> 
     </span>
    </p>
   </div>
   <div class='ocr_carea' id='block_1_92' title="bbox 179 2372 969 2408">
    <p class='ocr_par' dir='ltr' id='par_1_92' title="bbox 179 2372 969 2408">
     <span class='ocr_line' id='line_1_92' title="bbox 179 2372 969 2408; baseline -0.001 -7"><span class='ocrx_word' id='word_1_629' title='bbox 179 2381 273 2401; x_wconf 89' lang='lat' dir='ltr'><strong>semen</strong></span> <span class='ocrx_word' id='word_1_630' title='bbox 289 2374 405 2401; x_wconf 78' lang='lat' dir='ltr'><strong>Abraha:</strong></span> <span class='ocrx_word' id='word_1_631' title='bbox 416 2374 531 2401; x_wconf 83' lang='lat' dir='ltr'><strong>assumit</strong></span> <span class='ocrx_word' id='word_1_632' title='bbox 540 2374 572 2400; x_wconf 84' lang='grc'><strong>¹⁵.</strong></span> <span class='ocrx_word' id='word_1_633' title='bbox 587 2383 596 2399; x_wconf 77' lang='grc' dir='ltr'><strong>ι</strong></span> <span class='ocrx_word' id='word_1_634' title='bbox 615 2373 665 2401; x_wconf 88' lang='lat' dir='ltr'><strong>Dic</strong></span> <span class='ocrx_word' id='word_1_635' title='bbox 675 2373 769 2408; x_wconf 82' lang='lat' dir='ltr'><strong>igitur,</strong></span> <span class='ocrx_word' id='word_1_636' title='bbox 783 2372 850 2408; x_wconf 88' lang='lat' dir='ltr'><strong>quid</strong></span> <span class='ocrx_word' id='word_1_637' title='bbox 864 2373 969 2400; x_wconf 86' lang='lat' dir='ltr'><strong>intelli-</strong></span> 
     </span>
    </p>
   </div>
   <div class='ocr_carea' id='block_1_93' title="bbox 180 2417 971 2454">
    <p class='ocr_par' dir='ltr' id='par_1_93' title="bbox 180 2417 971 2454">
     <span class='ocr_line' id='line_1_93' title="bbox 180 2417 971 2454; baseline -0.001 -8"><span class='ocrx_word' id='word_1_638' title='bbox 180 2419 222 2454; x_wconf 81' lang='lat' dir='ltr'><strong>gis</strong></span> <span class='ocrx_word' id='word_1_639' title='bbox 247 2427 296 2454; x_wconf 86' lang='lat' dir='ltr'><strong>per</strong></span> <span class='ocrx_word' id='word_1_640' title='bbox 312 2427 402 2446; x_wconf 67' lang='lat' dir='ltr'><strong>semen</strong></span> <span class='ocrx_word' id='word_1_641' title='bbox 423 2419 535 2446; x_wconf 75' lang='lat' dir='ltr'><strong>Abraha:</strong></span> <span class='ocrx_word' id='word_1_642' title='bbox 550 2419 563 2446; x_wconf 67' lang='grc'><em>1</em></span> <span class='ocrx_word' id='word_1_643' title='bbox 586 2419 628 2446; x_wconf 74' lang='lat' dir='ltr'><strong>An</strong></span> <span class='ocrx_word' id='word_1_644' title='bbox 650 2426 706 2445; x_wconf 93' lang='lat' dir='ltr'><strong>non</strong></span> <span class='ocrx_word' id='word_1_645' title='bbox 732 2418 759 2445; x_wconf 93' lang='lat' dir='ltr'><strong>id</strong></span> <span class='ocrx_word' id='word_1_646' title='bbox 781 2417 854 2453; x_wconf 91' lang='lat' dir='ltr'><strong>quod</strong></span> <span class='ocrx_word' id='word_1_647' title='bbox 871 2418 971 2446; x_wconf 84' lang='lat' dir='ltr'><strong>habuit</strong></span> 
     </span>
    </p>
   </div>
   <div class='ocr_carea' id='block_1_94' title="bbox 180 2463 969 2497">
    <p class='ocr_par' dir='ltr' id='par_1_94' title="bbox 180 2463 969 2497">
     <span class='ocr_line' id='line_1_94' title="bbox 180 2463 969 2497; baseline -0.003 -5"><span class='ocrx_word' id='word_1_648' title='bbox 180 2465 316 2492; x_wconf 82' lang='lat' dir='ltr'><strong>Abraham</strong></span> <span class='ocrx_word' id='word_1_649' title='bbox 333 2465 483 2493; x_wconf 87' lang='lat' dir='ltr'><strong>secundum</strong></span> <span class='ocrx_word' id='word_1_650' title='bbox 495 2468 633 2497; x_wconf 84' lang='lat' dir='ltr'><strong>naturam,</strong></span> <span class='ocrx_word' id='word_1_651' title='bbox 647 2464 746 2492; x_wconf 87' lang='lat' dir='ltr'><strong>habuit</strong></span> <span class='ocrx_word' id='word_1_652' title='bbox 765 2463 851 2491; x_wconf 86' lang='lat' dir='ltr'><strong>etiam</strong></span> <span class='ocrx_word' id='word_1_653' title='bbox 873 2471 969 2491; x_wconf 85' lang='lat' dir='ltr'><strong>semen</strong></span> 
     </span>
    </p>
   </div>
   <div class='ocr_carea' id='block_1_95' title="bbox 180 2511 323 2538">
    <p class='ocr_par' dir='ltr' id='par_1_95' title="bbox 180 2511 323 2538">
     <span class='ocr_line' id='line_1_95' title="bbox 180 2511 323 2538; baseline -0.007 0"><span class='ocrx_word' id='word_1_654' title='bbox 180 2511 297 2538; x_wconf 69' lang='lat' dir='ltr'><strong>Abrahae</strong></span> <span class='ocrx_word' id='word_1_655' title='bbox 311 2511 323 2537; x_wconf 89' lang='lat'><strong>?</strong></span> 
     </span>
    </p>
   </div>
   <div class='ocr_carea' id='block_1_96' title="bbox 182 2599 969 2671">
    <p class='ocr_par' dir='ltr' id='par_1_96' title="bbox 182 2599 969 2671">
     <span class='ocr_line' id='line_1_96' title="bbox 182 2599 969 2671; baseline -0.003 -45"><span class='ocrx_word' id='word_1_656' title='bbox 182 2642 196 2671; x_wconf 50' lang='grc' dir='ltr'><strong><em>ἶ</em></strong></span> <span class='ocrx_word' id='word_1_657' title='bbox 217 2599 320 2627; x_wconf 84' lang='lat' dir='ltr'><strong>ERAN.</strong></span> <span class='ocrx_word' id='word_1_658' title='bbox 337 2600 396 2627; x_wconf 83' lang='lat' dir='ltr'><strong>Non</strong></span> <span class='ocrx_word' id='word_1_659' title='bbox 409 2600 510 2628; x_wconf 88' lang='lat' dir='ltr'><strong>omnia.</strong></span> <span class='ocrx_word' id='word_1_660' title='bbox 523 2599 651 2628; x_wconf 89' lang='lat' dir='ltr'><strong>Christus</strong></span> <span class='ocrx_word' id='word_1_661' title='bbox 665 2600 739 2627; x_wconf 88' lang='lat' dir='ltr'><strong>enim</strong></span> <span class='ocrx_word' id='word_1_662' title='bbox 754 2602 897 2634; x_wconf 84' lang='lat' dir='ltr'><strong>peccatum</strong></span> <span class='ocrx_word' id='word_1_663' title='bbox 913 2605 969 2625; x_wconf 93' lang='lat' dir='ltr'><strong>non</strong></span> 
     </span>
     <span class='ocr_line' id='line_1_97' title="bbox 193 2643 257 2671; baseline 0 0"><span class='ocrx_word' id='word_1_664' title='bbox 193 2643 257 2671; x_wconf 87' lang='lat' dir='ltr'><strong>ecit.</strong></span> 
     </span>
    </p>
   </div>
   <div class='ocr_carea' id='block_1_97' title="bbox 193 2643 257 2672">
    <p class='ocr_par' dir='ltr' id='par_1_97' title="bbox 193 2643 257 2672">
     <span class='ocr_line' id='line_1_98' title="bbox 193 2643 257 2672; baseline -0.016 0"><span class='ocrx_word' id='word_1_665' title='bbox 193 2643 257 2672; x_wconf 87' lang='lat' dir='ltr'><strong>&#39;ecit.</strong></span> 
     </span>
    </p>
   </div>
   <div class='ocr_carea' id='block_1_98' title="bbox 213 2688 971 2723">
    <p class='ocr_par' dir='ltr' id='par_1_98' title="bbox 213 2688 971 2723">
     <span class='ocr_line' id='line_1_99' title="bbox 213 2688 971 2723; baseline -0.004 -5"><span class='ocrx_word' id='word_1_666' title='bbox 213 2688 320 2718; x_wconf 80' lang='lat' dir='ltr'><strong>ORTH.</strong></span> <span class='ocrx_word' id='word_1_667' title='bbox 335 2690 481 2718; x_wconf 81' lang='lat' dir='ltr'><strong>Peccatum</strong></span> <span class='ocrx_word' id='word_1_668' title='bbox 496 2699 551 2719; x_wconf 91' lang='lat' dir='ltr'><strong>non</strong></span> <span class='ocrx_word' id='word_1_669' title='bbox 565 2695 608 2718; x_wconf 91' lang='lat' dir='ltr'><strong>est</strong></span> <span class='ocrx_word' id='word_1_670' title='bbox 624 2694 740 2723; x_wconf 59' lang='lat' dir='ltr'><strong>natura,</strong></span> <span class='ocrx_word' id='word_1_671' title='bbox 754 2689 801 2717; x_wconf 87' lang='lat' dir='ltr'><strong>sed</strong></span> <span class='ocrx_word' id='word_1_672' title='bbox 818 2689 895 2717; x_wconf 77' lang='lat' dir='ltr'><strong>mala:</strong></span> <span class='ocrx_word' id='word_1_673' title='bbox 922 2695 971 2715; x_wconf 83' lang='lat' dir='ltr'><strong>vo-</strong></span> 
     </span>
    </p>
   </div>
   <div class='ocr_carea' id='block_1_99' title="bbox 180 2733 970 2769">
    <p class='ocr_par' dir='ltr' id='par_1_99' title="bbox 180 2733 970 2769">
     <span class='ocr_line' id='line_1_100' title="bbox 180 2733 970 2769; baseline -0.003 -7"><span class='ocrx_word' id='word_1_674' title='bbox 180 2733 304 2762; x_wconf 84' lang='lat' dir='ltr'><strong>luntatis.</strong></span> <span class='ocrx_word' id='word_1_675' title='bbox 327 2735 392 2763; x_wconf 88' lang='lat' dir='ltr'><strong>Ideo</strong></span> <span class='ocrx_word' id='word_1_676' title='bbox 413 2743 469 2762; x_wconf 89' lang='lat' dir='ltr'><strong>non</strong></span> <span class='ocrx_word' id='word_1_677' title='bbox 486 2735 628 2763; x_wconf 81' lang='lat' dir='ltr'><strong>indeﬁnite</strong></span> <span class='ocrx_word' id='word_1_678' title='bbox 644 2735 701 2762; x_wconf 81' lang='lat' dir='ltr'><strong>dixi</strong></span> <span class='ocrx_word' id='word_1_679' title='bbox 732 2744 738 2762; x_wconf 91' lang='lat'>:</span> <span class='ocrx_word' id='word_1_680' title='bbox 768 2734 842 2769; x_wconf 91' lang='lat' dir='ltr'><strong>quod</strong></span> <span class='ocrx_word' id='word_1_681' title='bbox 869 2733 970 2760; x_wconf 86' lang='lat' dir='ltr'><strong>habuit</strong></span> 
     </span>
    </p>
   </div>
   <div class='ocr_carea' id='block_1_100' title="bbox 215 2821 1176 2863">
    <p class='ocr_par' dir='ltr' id='par_1_100' title="bbox 215 2821 1176 2863">
     <span class='ocr_line' id='line_1_101' title="bbox 215 2821 1176 2863; baseline -0.002 -13"><span class='ocrx_word' id='word_1_682' title='bbox 215 2822 235 2839; x_wconf 89' lang='lat'>“</span> <span class='ocrx_word' id='word_1_683' title='bbox 250 2823 327 2851; x_wconf 76' lang='lat' dir='ltr'><strong>Joan.</strong></span> <span class='ocrx_word' id='word_1_684' title='bbox 345 2822 410 2856; x_wconf 70' lang='lat'><strong>1,“</strong></span> <span class='ocrx_word' id='word_1_685' title='bbox 459 2823 480 2839; x_wconf 86' lang='lat'>&quot;</span> <span class='ocrx_word' id='word_1_686' title='bbox 495 2822 568 2850; x_wconf 87' lang='lat' dir='ltr'><strong>ICor</strong></span> <span class='ocrx_word' id='word_1_687' title='bbox 597 2830 643 2855; x_wconf 75' lang='lat' dir='ltr'><strong>xtl,</strong></span> <span class='ocrx_word' id='word_1_688' title='bbox 661 2823 686 2850; x_wconf 76' lang='grc' dir='ltr'>ι.</span> <span class='ocrx_word' id='word_1_689' title='bbox 727 2823 748 2863; x_wconf 58' lang='grc' dir='ltr'><strong>ξ³</strong></span> <span class='ocrx_word' id='word_1_690' title='bbox 764 2822 831 2849; x_wconf 85' lang='lat' dir='ltr'><strong>Ibid.</strong></span> <span class='ocrx_word' id='word_1_691' title='bbox 848 2823 892 2849; x_wconf 83' lang='lat' dir='ltr'><strong>li.</strong></span> <span class='ocrx_word' id='word_1_692' title='bbox 930 2822 949 2837; x_wconf 57' lang='lat'>&quot;&#39;</span> <span class='ocrx_word' id='word_1_693' title='bbox 967 2821 988 2849; x_wconf 94' lang='lat' dir='ltr'><strong>ll</strong></span> <span class='ocrx_word' id='word_1_694' title='bbox 1005 2821 1068 2849; x_wconf 87' lang='lat' dir='ltr'><strong>Cor.</strong></span> <span class='ocrx_word' id='word_1_695' title='bbox 1083 2830 1118 2855; x_wconf 74' lang='lat' dir='ltr'><strong>tv,</strong></span> <span class='ocrx_word' id='word_1_696' title='bbox 1135 2821 1176 2848; x_wconf 78' lang='lat' dir='ltr'><strong>l5.</strong></span> 
     </span>
    </p>
   </div>
   <div class='ocr_carea' id='block_1_101' title="bbox 1021 2228 1811 2264">
    <p class='ocr_par' dir='ltr' id='par_1_101' title="bbox 1021 2228 1811 2264">
     <span class='ocr_line' id='line_1_102' title="bbox 1021 2228 1811 2264; baseline 0.001 -9"><span class='ocrx_word' id='word_1_697' title='bbox 1021 2237 1112 2264; x_wconf 83' lang='grc' dir='ltr'>φαμεν</span> <span class='ocrx_word' id='word_1_698' title='bbox 1125 2229 1160 2256; x_wconf 82' lang='grc' dir='ltr'><strong>τά</strong></span> <span class='ocrx_word' id='word_1_699' title='bbox 1174 2237 1204 2256; x_wconf 79' lang='grc' dir='ltr'><strong>τε</strong></span> <span class='ocrx_word' id='word_1_700' title='bbox 1220 2228 1275 2255; x_wconf 84' lang='grc' dir='ltr'><strong>τῶν</strong></span> <span class='ocrx_word' id='word_1_701' title='bbox 1290 2228 1504 2263; x_wconf 78' lang='grc' dir='ltr'>ιΰαγγελιστῶν,</span> <span class='ocrx_word' id='word_1_702' title='bbox 1521 2229 1556 2256; x_wconf 81' lang='grc' dir='ltr'><strong>τά</strong></span> <span class='ocrx_word' id='word_1_703' title='bbox 1574 2237 1605 2256; x_wconf 82' lang='grc' dir='ltr'><strong>τε</strong></span> <span class='ocrx_word' id='word_1_704' title='bbox 1628 2229 1681 2256; x_wconf 79' lang='grc' dir='ltr'>τῶν</span> <span class='ocrx_word' id='word_1_705' title='bbox 1694 2229 1811 2256; x_wconf 80' lang='grc' dir='ltr'>ἀποστό-</span> 
     </span>
    </p>
   </div>
   <div class='ocr_carea' id='block_1_102' title="bbox 1020 2274 1810 2310">
    <p class='ocr_par' dir='ltr' id='par_1_102' title="bbox 1020 2274 1810 2310">
     <span class='ocr_line' id='line_1_103' title="bbox 1020 2274 1810 2310; baseline 0.004 -10"><span class='ocrx_word' id='word_1_706' title='bbox 1020 2274 1075 2301; x_wconf 88' lang='grc' dir='ltr'><strong>λων</strong></span> <span class='ocrx_word' id='word_1_707' title='bbox 1089 2274 1273 2309; x_wconf 84' lang='grc' dir='ltr'>παιδεύματα,</span> <span class='ocrx_word' id='word_1_708' title='bbox 1287 2275 1403 2302; x_wconf 79' lang='grc' dir='ltr'>ἄκουσον</span> <span class='ocrx_word' id='word_1_709' title='bbox 1425 2274 1473 2302; x_wconf 84' lang='grc' dir='ltr'><strong>τοῦ</strong></span> <span class='ocrx_word' id='word_1_710' title='bbox 1492 2275 1655 2302; x_wconf 80' lang='grc' dir='ltr'>’Δποστόλου</span> <span class='ocrx_word' id='word_1_711' title='bbox 1677 2275 1709 2302; x_wconf 79' lang='grc' dir='ltr'><strong>τὸ</strong></span> <span class='ocrx_word' id='word_1_712' title='bbox 1728 2276 1810 2310; x_wconf 78' lang='grc' dir='ltr'>εὒαγο</span> 
     </span>
    </p>
   </div>
   <div class='ocr_carea' id='block_1_103' title="bbox 1020 2320 1807 2357">
    <p class='ocr_par' dir='ltr' id='par_1_103' title="bbox 1020 2320 1807 2357">
     <span class='ocr_line' id='line_1_104' title="bbox 1020 2320 1807 2357; baseline 0.001 -10"><span class='ocrx_word' id='word_1_713' title='bbox 1020 2321 1128 2356; x_wconf 82' lang='grc' dir='ltr'>γελικδν</span> <span class='ocrx_word' id='word_1_714' title='bbox 1138 2320 1219 2357; x_wconf 76' lang='grc' dir='ltr'>ῥητὸν</span> <span class='ocrx_word' id='word_1_715' title='bbox 1232 2321 1440 2356; x_wconf 76' lang='grc' dir='ltr'>ἑρμηνεύοντος.</span> <span class='ocrx_word' id='word_1_716' title='bbox 1463 2320 1601 2357; x_wconf 71' lang='grc' dir='ltr'>Ἑϐραίοις</span> <span class='ocrx_word' id='word_1_717' title='bbox 1615 2320 1671 2357; x_wconf 85' lang='grc' dir='ltr'><strong>γὰρ</strong></span> <span class='ocrx_word' id='word_1_718' title='bbox 1683 2321 1807 2348; x_wconf 70' lang='grc' dir='ltr'>ἐπιστέλ-</span> 
     </span>
    </p>
   </div>
   <div class='ocr_carea' id='block_1_104' title="bbox 1021 2365 1807 2403">
    <p class='ocr_par' dir='ltr' id='par_1_104' title="bbox 1021 2365 1807 2403">
     <span class='ocr_line' id='line_1_105' title="bbox 1021 2365 1807 2403; baseline 0.001 -11"><span class='ocrx_word' id='word_1_719' title='bbox 1021 2366 1075 2393; x_wconf 83' lang='grc' dir='ltr'><strong>λων</strong></span> <span class='ocrx_word' id='word_1_720' title='bbox 1087 2365 1175 2397; x_wconf 78' lang='grc' dir='ltr'>οὕτως</span> <span class='ocrx_word' id='word_1_721' title='bbox 1193 2365 1261 2400; x_wconf 73' lang='grc' dir='ltr'>ἔφη·</span> <span class='ocrx_word' id='word_1_722' title='bbox 1278 2376 1287 2392; x_wconf 80' lang='grc' dir='ltr'><strong>ι</strong></span> <span class='ocrx_word' id='word_1_723' title='bbox 1298 2366 1334 2393; x_wconf 85' lang='grc' dir='ltr'><strong>υὺ</strong></span> <span class='ocrx_word' id='word_1_724' title='bbox 1348 2366 1403 2403; x_wconf 90' lang='grc' dir='ltr'><strong>γάρ</strong></span> <span class='ocrx_word' id='word_1_725' title='bbox 1415 2367 1501 2402; x_wconf 78' lang='grc' dir='ltr'>δήπου</span> <span class='ocrx_word' id='word_1_726' title='bbox 1514 2366 1638 2401; x_wconf 76' lang='grc' dir='ltr'>ἀγγέλων</span> <span class='ocrx_word' id='word_1_727' title='bbox 1652 2366 1807 2401; x_wconf 76' lang='grc' dir='ltr'>ἐπιλαμϐά-</span> 
     </span>
    </p>
   </div>
   <div class='ocr_carea' id='block_1_105' title="bbox 1021 2411 1806 2448">
    <p class='ocr_par' dir='ltr' id='par_1_105' title="bbox 1021 2411 1806 2448">
     <span class='ocr_line' id='line_1_106' title="bbox 1021 2411 1806 2448; baseline 0 -9"><span class='ocrx_word' id='word_1_728' title='bbox 1021 2421 1106 2443; x_wconf 77' lang='grc' dir='ltr'>νεται,</span> <span class='ocrx_word' id='word_1_729' title='bbox 1132 2411 1202 2439; x_wconf 89' lang='grc' dir='ltr'><strong>ἀλλά</strong></span> <span class='ocrx_word' id='word_1_730' title='bbox 1219 2411 1375 2448; x_wconf 75' lang='grc' dir='ltr'>σπέρματος</span> <span class='ocrx_word' id='word_1_731' title='bbox 1403 2412 1529 2448; x_wconf 79' lang='grc' dir='ltr'>’Δϐραάμ</span> <span class='ocrx_word' id='word_1_732' title='bbox 1557 2411 1806 2446; x_wconf 72' lang='grc' dir='ltr'>ἐπιλαμϐάνεται.»</span> 
     </span>
    </p>
   </div>
   <div class='ocr_carea' id='block_1_106' title="bbox 1026 2457 1810 2493">
    <p class='ocr_par' dir='ltr' id='par_1_106' title="bbox 1026 2457 1810 2493">
     <span class='ocr_line' id='line_1_107' title="bbox 1026 2457 1810 2493; baseline -0.001 -8"><span class='ocrx_word' id='word_1_733' title='bbox 1026 2459 1185 2493; x_wconf 79' lang='grc' dir='ltr'>’Λπόκριναι</span> <span class='ocrx_word' id='word_1_734' title='bbox 1195 2458 1295 2492; x_wconf 81' lang='grc' dir='ltr'>τοίνυν,</span> <span class='ocrx_word' id='word_1_735' title='bbox 1304 2459 1330 2485; x_wconf 80' lang='grc' dir='ltr'>τε</span> <span class='ocrx_word' id='word_1_736' title='bbox 1340 2459 1410 2490; x_wconf 80' lang='grc' dir='ltr'>νοεῖς</span> <span class='ocrx_word' id='word_1_737' title='bbox 1423 2458 1454 2485; x_wconf 75' lang='grc' dir='ltr'><strong>τὸ</strong></span> <span class='ocrx_word' id='word_1_738' title='bbox 1471 2457 1591 2492; x_wconf 79' lang='grc' dir='ltr'>σπέρμα</span> <span class='ocrx_word' id='word_1_739' title='bbox 1604 2457 1658 2485; x_wconf 76' lang='grc' dir='ltr'>τοῦ</span> <span class='ocrx_word' id='word_1_740' title='bbox 1673 2458 1810 2493; x_wconf 51' lang='grc' dir='ltr'>Ἀϐραάμ</span> 
     </span>
    </p>
   </div>
   <div class='ocr_carea' id='block_1_107' title="bbox 1022 2501 1810 2539">
    <p class='ocr_par' dir='ltr' id='par_1_107' title="bbox 1022 2501 1810 2539">
     <span class='ocr_line' id='line_1_108' title="bbox 1022 2501 1810 2539; baseline 0.003 -9"><span class='ocrx_word' id='word_1_741' title='bbox 1022 2503 1120 2530; x_wconf 77' lang='grc' dir='ltr'>οὐκοῦν</span> <span class='ocrx_word' id='word_1_742' title='bbox 1134 2504 1202 2539; x_wconf 85' lang='grc' dir='ltr'>ὅπερ</span> <span class='ocrx_word' id='word_1_743' title='bbox 1220 2501 1278 2539; x_wconf 77' lang='grc' dir='ltr'>εἶχε</span> <span class='ocrx_word' id='word_1_744' title='bbox 1298 2504 1369 2531; x_wconf 81' lang='grc' dir='ltr'>κατὰ</span> <span class='ocrx_word' id='word_1_745' title='bbox 1387 2503 1468 2538; x_wconf 74' lang='grc' dir='ltr'>φύσιν</span> <span class='ocrx_word' id='word_1_746' title='bbox 1491 2503 1628 2539; x_wconf 76' lang='grc' dir='ltr'>Ἀδραὰμ,</span> <span class='ocrx_word' id='word_1_747' title='bbox 1641 2501 1699 2539; x_wconf 79' lang='grc' dir='ltr'>εἶχε</span> <span class='ocrx_word' id='word_1_748' title='bbox 1719 2504 1766 2531; x_wconf 76' lang='grc' dir='ltr'>καὶ</span> <span class='ocrx_word' id='word_1_749' title='bbox 1780 2505 1810 2532; x_wconf 68' lang='grc' dir='ltr'>τὶ</span> 
     </span>
    </p>
   </div>
   <div class='ocr_carea' id='block_1_108' title="bbox 1022 2549 1354 2585">
    <p class='ocr_par' dir='ltr' id='par_1_108' title="bbox 1022 2549 1354 2585">
     <span class='ocr_line' id='line_1_109' title="bbox 1022 2549 1354 2585; baseline 0.003 -9"><span class='ocrx_word' id='word_1_750' title='bbox 1022 2549 1133 2585; x_wconf 79' lang='grc' dir='ltr'>σπέρμα</span> <span class='ocrx_word' id='word_1_751' title='bbox 1149 2550 1196 2577; x_wconf 86' lang='grc' dir='ltr'><strong>τοῦ</strong></span> <span class='ocrx_word' id='word_1_752' title='bbox 1215 2550 1354 2585; x_wconf 73' lang='grc' dir='ltr'>⁸Δ6ραάμ;</span> 
     </span>
    </p>
   </div>
   <div class='ocr_carea' id='block_1_109' title="bbox 1056 2594 1812 2631">
    <p class='ocr_par' dir='ltr' id='par_1_109' title="bbox 1056 2594 1812 2631">
     <span class='ocr_line' id='line_1_110' title="bbox 1056 2594 1812 2631; baseline 0.003 -11"><span class='ocrx_word' id='word_1_753' title='bbox 1056 2594 1158 2621; x_wconf 81' lang='grc' dir='ltr'><strong>ΕΡΛΝ.</strong></span> <span class='ocrx_word' id='word_1_754' title='bbox 1185 2594 1223 2621; x_wconf 78' lang='grc' dir='ltr'><strong>Οὐ</strong></span> <span class='ocrx_word' id='word_1_755' title='bbox 1239 2595 1337 2622; x_wconf 81' lang='grc' dir='ltr'>πάντα.</span> <span class='ocrx_word' id='word_1_756' title='bbox 1363 2594 1514 2630; x_wconf 77' lang='grc' dir='ltr'>’Δμαρτίαν</span> <span class='ocrx_word' id='word_1_757' title='bbox 1532 2595 1588 2631; x_wconf 79' lang='grc' dir='ltr'><strong>γὰρ</strong></span> <span class='ocrx_word' id='word_1_758' title='bbox 1602 2595 1617 2622; x_wconf 82' lang='grc' dir='ltr'><strong>ὀ</strong></span> <span class='ocrx_word' id='word_1_759' title='bbox 1629 2594 1746 2630; x_wconf 75' lang='grc' dir='ltr'>Χριστὸς</span> <span class='ocrx_word' id='word_1_760' title='bbox 1761 2595 1812 2622; x_wconf 76' lang='grc' dir='ltr'>οὐκ</span> 
     </span>
    </p>
   </div>
   <div class='ocr_carea' id='block_1_110' title="bbox 1022 2639 1158 2675">
    <p class='ocr_par' dir='ltr' id='par_1_110' title="bbox 1022 2639 1158 2675">
     <span class='ocr_line' id='line_1_111' title="bbox 1022 2639 1158 2675; baseline 0.007 -9"><span class='ocrx_word' id='word_1_761' title='bbox 1022 2639 1158 2675; x_wconf 76' lang='grc' dir='ltr'>ἐποίησεν.</span> 
     </span>
    </p>
   </div>
   <div class='ocr_carea' id='block_1_111' title="bbox 1059 2685 1812 2723">
    <p class='ocr_par' dir='ltr' id='par_1_111' title="bbox 1059 2685 1812 2723">
     <span class='ocr_line' id='line_1_112' title="bbox 1059 2685 1812 2723; baseline 0.003 -11"><span class='ocrx_word' id='word_1_762' title='bbox 1059 2685 1136 2714; x_wconf 79' lang='grc' dir='ltr'><strong>οΡθ.</strong></span> <span class='ocrx_word' id='word_1_763' title='bbox 1158 2685 1189 2712; x_wconf 91' lang='lat' dir='ltr'><strong>&#39;ll</strong></span> <span class='ocrx_word' id='word_1_764' title='bbox 1207 2685 1330 2721; x_wconf 83' lang='grc' dir='ltr'>ἁμαρτία</span> <span class='ocrx_word' id='word_1_765' title='bbox 1340 2686 1390 2712; x_wconf 71' lang='grc' dir='ltr'>οὐκ</span> <span class='ocrx_word' id='word_1_766' title='bbox 1404 2685 1466 2713; x_wconf 74' lang='grc' dir='ltr'>ἐστι</span> <span class='ocrx_word' id='word_1_767' title='bbox 1482 2686 1533 2721; x_wconf 83' lang='grc' dir='ltr'><strong>τῆς</strong></span> <span class='ocrx_word' id='word_1_768' title='bbox 1547 2686 1666 2721; x_wconf 77' lang='grc' dir='ltr'>φύσεως,</span> <span class='ocrx_word' id='word_1_769' title='bbox 1681 2686 1749 2714; x_wconf 85' lang='grc' dir='ltr'><strong>ἀλλά</strong></span> <span class='ocrx_word' id='word_1_770' title='bbox 1763 2687 1812 2723; x_wconf 75' lang='grc' dir='ltr'><strong>τῆς</strong></span> 
     </span>
    </p>
   </div>
   <div class='ocr_carea' id='block_1_112' title="bbox 1025 2731 1811 2768">
    <p class='ocr_par' dir='ltr' id='par_1_112' title="bbox 1025 2731 1811 2768">
     <span class='ocr_line' id='line_1_113' title="bbox 1025 2731 1811 2768; baseline 0.004 -11"><span class='ocrx_word' id='word_1_771' title='bbox 1025 2731 1113 2766; x_wconf 77' lang='grc' dir='ltr'>κακῆς</span> <span class='ocrx_word' id='word_1_772' title='bbox 1133 2731 1329 2766; x_wconf 77' lang='grc' dir='ltr'>προαιρέσεως.</span> <span class='ocrx_word' id='word_1_773' title='bbox 1344 2731 1445 2758; x_wconf 81' lang='grc' dir='ltr'>Τούτου</span> <span class='ocrx_word' id='word_1_774' title='bbox 1458 2731 1491 2767; x_wconf 75' lang='grc' dir='ltr'>δὴ</span> <span class='ocrx_word' id='word_1_775' title='bbox 1506 2732 1597 2767; x_wconf 84' lang='grc' dir='ltr'>χάριν,</span> <span class='ocrx_word' id='word_1_776' title='bbox 1612 2731 1662 2759; x_wconf 80' lang='grc' dir='ltr'>οὐκ</span> <span class='ocrx_word' id='word_1_777' title='bbox 1679 2732 1811 2768; x_wconf 73' lang='grc' dir='ltr'>ἀορίστως</span> 
     </span>
    </p>
   </div>
   <div class='ocr_carea' id='block_1_113' title="bbox 1219 2820 1438 2854">
    <p class='ocr_par' dir='ltr' id='par_1_113' title="bbox 1219 2820 1438 2854">
     <span class='ocr_line' id='line_1_114' title="bbox 1219 2820 1438 2854; baseline 0.005 -7"><span class='ocrx_word' id='word_1_778' title='bbox 1219 2821 1239 2837; x_wconf 87' lang='lat'><strong>&quot;</strong></span> <span class='ocrx_word' id='word_1_779' title='bbox 1252 2820 1333 2848; x_wconf 83' lang='lat' dir='ltr'><strong>Hebr.</strong></span> <span class='ocrx_word' id='word_1_780' title='bbox 1352 2829 1379 2854; x_wconf 87' lang='lat' dir='ltr'><strong>ll,</strong></span> <span class='ocrx_word' id='word_1_781' title='bbox 1395 2821 1438 2848; x_wconf 85' lang='lat' dir='ltr'><strong>l6.</strong></span> 
     </span>
    </p>
   </div>
  </div>
