1953 3055
142 106 176 138 43
633 98 876 130 THEODORETI
896 98 1064 129 EPISCOPI
1084 99 1266 130 CYRENSIS
1729 96 1763 128 Η

143 157 291 186 ostendens
311 156 509 183 humanitatem
524 153 625 182 Christi
641 161 673 182 ex
689 151 793 180 semine
814 150 930 178 Abrahae

995 152 1166 187 ναργέστατα
1184 153 1290 184 δεικνὺς
1303 152 1352 187 τήν
1367 151 1562 187 ἀνθρωπότητα
1577 149 1623 176 τοῦ
1647 150 1763 186 Χριστοῦ

144 203 320 238 germinasse,
335 206 361 228 et
375 200 488 228 Abrahae
501 199 598 227 factam
611 197 821 234 promissionem
836 196 930 230 imple-

144 257 224 277 VlSSe.

179 338 283 366 ERAN.
299 337 377 364 Dicta
392 338 457 362 sunt
469 334 527 361 haac
541 333 576 360 ab
590 331 730 367 Apostolo.

180 382 284 411 ORTH.
300 382 429 409 Poterant
441 379 498 406 hanc
511 376 622 413 quidem
636 376 701 403 satis
714 382 773 402 esse
786 374 818 401 ad
835 373 932 401 tollen-

146 429 208 457 dam
222 434 329 456 omnem
345 424 559 454 controversiam
575 430 635 458 quae
650 423 702 449 hac
714 421 748 448 de
761 428 790 448 re
803 419 929 455 agitatur.

145 474 202 510 Ego
214 478 305 502 tamen
318 472 397 500 aliam
414 477 524 506 quoque
539 468 743 505 praedictionem
760 466 810 493 tibi
830 465 859 492 in
873 471 932 491 me-

145 509 260 546 moriam
276 517 421 545 revocabo.
438 514 522 543 Jacob
537 512 692 548 patriarcha
712 509 932 537 benedictionem

145 564 217 592 hanc
232 563 284 591 sibi
299 567 326 590 et
343 561 413 597 patri
427 565 456 588 et
477 567 528 587 avo
543 559 633 586 datam
650 556 699 584 soli
714 555 790 584 Iudas
812 554 868 582 ﬁlio
883 553 932 581 de-

146 609 196 642 dit,
213 608 307 636 dicens
319 616 325 634 :
344 617 353 632 ι
370 607 430 634 Non
443 604 552 633 dellciet
567 603 694 638 princeps
704 601 737 628 de
748 600 828 632 Iuda,
841 604 868 627 et
878 599 932 626 dux

147 654 181 683 de
195 654 345 683 femoribus
358 653 427 688 ejus,
442 651 530 679 donec
543 650 635 677 veniat
654 648 698 675 cui
716 647 866 682 repositum
880 649 931 677 est.

147 705 175 729 et
188 701 246 736 ipse
263 700 312 727 erit
329 697 496 733 exspectatio
511 695 633 731 gentium
647 694 679 720 ".
698 702 706 718 ι
721 693 762 720 An
779 691 932 727 praedictio-

147 753 210 774 nem
223 744 304 773 istam
320 751 377 771 non
391 741 513 770 admittis
528 745 656 774 tanquam
671 738 704 765 de
716 737 827 765 Christo
840 736 932 763 Salva-

149 798 208 819 tore
220 788 447 826 praenuntiatam?

981 199 1012 224 ἐκ
1027 198 1182 235 σπέρματος
1204 199 1391 234 βλαστήσασαν
1413 196 1547 233 Ἀϐραὰμ,
1568 197 1615 222 καὶ
1626 195 1674 230 τὴν
1697 197 1764 229 πρὸς

981 245 1026 270 τὸν
1064 244 1190 280 ’Δῦραὰμ
1214 244 1401 278 γεγενημένην
1431 241 1599 276 ἐπαγγελίαν
1621 240 1765 276 πληρώσα-

983 299 1042 318 σαν.

1018 336 1120 363 EPAN.
1136 336 1250 372 Εἴρηται
1268 335 1354 362 ταῦτα
1369 334 1407 369 τῷ
1428 326 1590 369 Ἀποσὶόλῳ

1018 382 1093 409 υΡΘ.
1119 382 1209 409 Ἱκανὰ
1226 381 1275 416 μὲν
1289 381 1336 408 καὶ
1350 379 1436 407 ταῦτα
1449 381 1538 406 πᾶσαν
1551 378 1600 414 τήν
1622 378 1685 413 περὶ
1701 378 1765 405 τού-

982 436 1030 455 του
1046 428 1207 464 κινουμένην
1227 426 1432 463 ἀμφισϐήτησιν
1457 425 1545 451 λῦσαι.
1567 423 1637 458 Ἐγὼ
1650 424 1679 450 δὲ
1692 423 1767 459 ὅμως

983 475 1031 501 καὶ
1051 473 1147 510 ἑτέρας
1174 481 1202 500 σε
1233 473 1411 508 προρρήσεως
1438 470 1597 505 ἀναμνήσω.
1634 468 1730 496 Ἰακὼϐ
1752 470 1765 494 ἑ

984 520 1156 555 πατριάρχης
1168 518 1245 554 τήνδε
1257 519 1306 553 τὴν
1328 516 1453 550 εὐλογίαν
1468 515 1542 550 αὐτῷ
1556 515 1603 542 καὶ
1620 513 1658 548 τῷ
1671 523 1700 541 τε
1715 522 1765 540 παι

983 567 1029 601 τρὶ
1042 566 1089 592 καὶ
1103 565 1142 600 τῷ
1155 566 1261 599 πάππῳ
1277 563 1410 594 δοθεῖσαν,
1433 562 1517 597 Ἰούδᾳ
1527 560 1566 595 τῷ
1582 560 1657 587 παιδὶ
1667 559 1766 586 δέδωκε

986 612 1069 646 μόνῳ.
1093 611 1164 645 Ἔφη
1182 610 1210 636 δὲ
1230 609 1326 641 οὕτως·
1351 618 1360 634 ι
1395 608 1452 634 Οὐκ
1477 605 1597 640 ἐκλείψει
1619 605 1711 640 ἄρχων
1737 603 1768 635 ἐξ

991 657 1084 689 Ἰούδα,
1100 656 1148 683 καὶ
1163 655 1313 690 ἡγούμενος
1333 655 1365 685 ἐκ
1378 653 1433 681 τῶν
1449 651 1542 688 μηρῶν
1560 650 1653 682 αὐτοῦ,
1668 650 1718 681 ἕως
1735 649 1768 675 ἃν

985 701 1049 737 ἔλθῃ
1069 698 1091 735 ᾧ
1106 701 1261 732 ἀπόκειται,
1283 700 1330 726 καὶ
1341 699 1422 728 αὐτὸς
1445 696 1594 733 προσδοκία
1608 695 1718 722 ἐθνῶν.»
1733 694 1768 720 Ἢ

984 748 1014 774 οὐ
1030 747 1094 782 δέχῃ
1110 746 1189 782 τήνδε
1204 746 1255 781 τὴν
1274 745 1437 780 πρόρρησιν,
1451 744 1487 774 ὡς
1502 742 1566 778 περὶ
1579 741 1625 768 τοῦ
1642 740 1769 775 Σωτῆρος

985 793 1133 829 εἰρημένην
1146 792 1264 827 Χριστοῦ
1278 801 1285 824 ;

183 835 286 864 ERAN.
305 832 392 862 Judaei
410 833 478 860 tales
498 830 656 867 prophetias
680 836 823 865 perperam
848 828 934 854 inter-

1152 837 1272 865 Ἰουδαῖοι
1303 837 1351 868 τὰς
1374 835 1499 867 τοιαύτας
1530 832 1770 869 παρερμηνεύουσι

148 883 306 916 pretantur;
322 887 371 914 ego
388 886 454 906 vero
467 877 639 905 Christianus
668 882 740 907 sum,
756 873 856 901 divinis
873 879 933 899 cre-

143 928 217 955 dens
232 925 391 960 Scripturis,
407 928 435 951 et
452 921 600 959 (probatas)
620 921 653 949 de
677 920 816 948 Salvatore
840 922 934 945 nostro

149 971 307 1008 prophetias
320 970 378 997 sine
397 968 451 996 ulla
465 966 634 995 dubitatione
648 965 760 1000 recipio.

181 1015 284 1045 ORTH.
293 1014 427 1048 Quoniam
435 1020 500 1048 ergo
508 1012 602 1039 fateris
614 1015 639 1038 te
651 1010 763 1038 credere
771 1008 933 1043 prophetiis,

151 1067 179 1090 et
205 1069 266 1097 quze
292 1059 423 1096 praedicta
450 1058 502 1093 ιθ
527 1061 591 1084 sunt
617 1056 650 1083 de
675 1055 814 1083 Salvatore
840 1057 935 1080 nostro

149 1107 222 1135 edita
238 1113 299 1134 esse
321 1105 408 1136 dicis,
432 1103 497 1130 hinc
519 1102 667 1130 verborum
686 1098 809 1135 Apostoli
822 1105 935 1134 scopum

150 1153 304 1181 considera.
320 1149 487 1179 Patriarchis
503 1148 576 1176 enim
595 1147 679 1174 factas
695 1143 890 1180 promissiones
902 1143 935 1170 ad

150 1199 252 1227 exitum
277 1197 424 1233 perductas
445 1195 527 1222 fuisse
558 1192 721 1222 ostendens,
747 1189 935 1217 admirabilem

150 1245 222 1271 illam
237 1249 331 1270 vocem
344 1241 436 1269 emisit
452 1249 458 1266 :
477 1249 486 1265 ι
501 1239 560 1266 Non
573 1237 646 1265 enim
662 1236 772 1271 angelos
788 1234 882 1269 utique
895 1241 937 1260 as-

141 1287 313 1316 ‘sumit‘m‘.
329 1296 337 1312 ›
356 1285 438 1318 Quasi
448 1284 567 1312 diceret:
577 1282 646 1309 Vera
657 1284 698 1308 est
713 1279 868 1315 promissio,
884 1278 936 1305 im-

150 1332 242 1369 posuit
261 1331 393 1359 Dominus
415 1327 645 1365 promissionibus
665 1326 757 1356 ﬁnem,
772 1328 882 1359 apertus
895 1327 937 1350 est

149 1378 278 1414 gentibus
300 1375 499 1403 benedictionis
521 1373 598 1404 fons,
620 1372 691 1398 Deus
707 1377 799 1397 semen
822 1369 937 1396 Abrahae

150 1421 307 1456 assumpsit,
319 1427 368 1455 per
382 1419 435 1445 hoc
447 1417 608 1453 promissam
624 1415 738 1442 salutem
755 1418 873 1448 praestat.
889 1421 937 1447 per

151 1468 204 1495 hoc
214 1466 334 1502 gentium
347 1461 578 1497 exspectationem
593 1459 746 1486 conﬁrmat.

188 1608 291 1637 ERAN.
307 1607 439 1637 Praeclare
454 1613 516 1633 cum
530 1603 688 1640 apostolicis
702 1602 860 1638 prophetica
874 1609 939 1628 con-

152 1662 221 1683 nexa
236 1657 310 1682 sunt.

186 1699 291 1728 ORTH.
310 1699 384 1726 Idem
400 1705 496 1725 rursus
507 1696 617 1724 divinus
639 1695 794 1730 Apostolus,
813 1693 846 1721 de
862 1693 939 1721 Judrc

152 1743 343 1773 benedictione
356 1749 407 1769 nos
419 1741 570 1768 admonens
591 1744 620 1766 et
629 1739 694 1766 huic
704 1745 813 1774 quoque
825 1745 938 1773 respon-

153 1791 227 1818 disse
245 1793 374 1817 eventum
390 1786 546 1818 ostendens,
563 1785 696 1812 exclamat
716 1793 723 1811 ε
740 1794 748 1810 ι
766 1783 938 1811 Manifestum

153 1840 196 1864 est
209 1834 294 1867 enim,
309 1841 341 1861 ex
363 1832 432 1860 Juda
453 1837 542 1859 ortum
564 1838 624 1858 esse
644 1829 790 1858 Dominum
804 1830 838 1856 ".
858 1839 867 1854 ι
883 1829 940 1856 Hoc

154 1882 244 1917 ipsum
253 1883 281 1908 et
291 1878 425 1914 propheta
433 1877 569 1909 Michazas,
582 1880 610 1903 et
621 1876 763 1903 Mattheus
773 1875 939 1910 evangelista

153 1926 287 1955 fecerunt.
300 1924 347 1951 Ille
359 1923 431 1951 enim
443 1921 602 1950 vaticinium
614 1920 710 1952 edidit.
723 1920 768 1947 hic
778 1927 843 1947 vero
854 1920 939 1946 histo-

153 1971 201 1999 riae
213 1969 404 2006 propheticum
416 1968 601 1996 testimonium
615 1966 749 2002 adiunxit.
763 1967 797 1993 Et
807 1966 880 2000 quod
893 1966 940 1992 ad-

153 2016 299 2043 miratione
322 2014 433 2049 dignum
458 2016 516 2045 cst,
534 2011 693 2039 manifestos
711 2011 834 2038 veritatis
848 2011 940 2038 hostes

153 2060 254 2089 Herodi
268 2063 361 2095 aperte
374 2059 475 2086 dixisse
490 2058 537 2090 ait,
554 2057 612 2084 fore
627 2061 657 2084 ut
670 2056 796 2084 Christus
815 2057 842 2083 in
856 2056 938 2083 Beth-

153 2106 223 2134 leem
240 2109 410 2133 nasceretur.
430 2114 439 2130 ι
458 2104 597 2138 Scriptum
613 2103 686 2130 enim
701 2107 752 2135 est,
768 2103 856 2138 inquit
879 2112 884 2129 :
906 2103 939 2130 Et

986 877 1154 921 προφητείας
1167 892 1173 899 ·
1202 883 1257 918 ἐγὼ
1276 883 1304 909 δὲ
1324 881 1486 918 Χριστιανός
1516 882 1585 916 ειμι,
1611 881 1667 911 τοῖς
1687 878 1770 910 θείοις

987 930 1121 957 πιστεύων
1143 929 1242 963 λόγοις,
1264 930 1311 955 καὶ
1332 929 1382 960 τὰς
1404 927 1468 962 περὶ
1486 927 1533 953 τοῦ
1552 925 1677 961 Σωτῆρος
1692 924 1771 960 ήμῶν

987 975 1155 1012 προφητείας
1168 974 1362 1005 ἁνενδοιάστως
1377 973 1502 1007 δέχομαι.

1022 1021 1098 1048 ΟΡΘ.
1120 1020 1227 1055 Ἐπειδὴ
1238 1019 1329 1046 τοίνυν
1351 1017 1490 1045 πιστεύειν
1511 1017 1571 1048 ταῖς
1591 1015 1771 1051 προφητείαις

986 1066 1136 1102 ὁμολογεῖς,
1162 1063 1258 1092 καὶτὰ
1282 1063 1472 1099 προρρηθέντα
1497 1063 1560 1097 περὶ
1583 1061 1629 1088 τοῦ
1646 1060 1772 1094 Σωτῆρος

987 1110 1064 1146 ήμῶν
1079 1109 1255 1137 τεθεσπίσθαι
1269 1109 1369 1142 λέγεις,
1390 1109 1486 1142 νόησον
1505 1106 1561 1142 (Η)
1575 1105 1700 1133 ἐντεῦθεν
1716 1104 1771 1130 τῶν

987 1154 1171 1182 ἁποστολικῶν
1189 1154 1280 1189 ῥητῶν
1294 1154 1340 1181 τὸν
1356 1153 1466 1180 σκοπόν.
1483 1153 1540 1184 Τὰς
1558 1151 1611 1187 γὰρ
1625 1150 1693 1185 πρδς
1707 1149 1772 1180 τοὺς

987 1200 1159 1235 πατριάρχας
1175 1199 1363 1234 γεγενημένας
1376 1197 1542 1232 ἐπαγγελίας
1563 1194 1772 1231 πεπερασμένας

987 1246 1159 1277 ἐπιδεικνὺς,
1179 1245 1228 1280 τὴν
1248 1244 1402 1279 θαυμασίαν
1428 1243 1535 1277 ἐκείνην
1552 1241 1641 1276 ἀφῆκε
1666 1240 1773 1275 φωνήν-

990 1301 999 1317 ι
1026 1291 1062 1317 Οὐ
1080 1291 1135 1326 γὰρ
1151 1291 1236 1325 δήπου
1262 1290 1385 1324 ἀγγέλων
1400 1288 1629 1324 ὲπιλαμὸάνεται¹
1650 1296 1659 1312 ι
1680 1293 1774 1321 μονον-

987 1337 1048 1372 ουχὶ
1066 1335 1170 1370 λέγων,
1201 1335 1331 1369 Ἀψευδὴς
1352 1336 1368 1369 ή
1395 1333 1556 1367 ὑπόσχεσις.
1575 1331 1692 1365 ἐπέθηκε
1713 1331 1773 1361 ταῖς

988 1381 1166 1416 ἐπαγγελίαις
1180 1383 1194 1408 ὁ
1215 1381 1353 1415 Δεσπότης
1368 1380 1471 1414 πέρας,
1491 1377 1603 1412 ἀνεῴγει
1622 1377 1678 1408 τοῖς
1698 1375 1773 1401 ἔθνε-

990 1436 1031 1453 σιν
1051 1428 1068 1462 ἡ
1084 1429 1133 1462 τῆς
1159 1426 1283 1460 εὐλογίας
1305 1426 1391 1460 πηγὴ.
1416 1425 1462 1451 τοῦ
1483 1422 1660 1459 ’Δὸραμιαίου
1687 1421 1773 1455 σπέρ-

952 1489 973 1517 C
993 1481 1077 1507 ματος
1100 1473 1114 1499 ὁ
1136 1472 1201 1504 Θεὸς
1221 1471 1393 1506 ἐπείληπται,
1412 1470 1456 1496 διὰ
1480 1469 1574 1495 τούτου
1597 1468 1647 1502 τὴν
1671 1467 1775 1494 ἄνωοεν

991 1517 1200 1553 ἐπηγγελμένην
1213 1516 1436 1552 πραγματεύεται
1453 1515 1599 1549 σωτηρίαν,
1619 1513 1663 1540 διὰ
1680 1512 1773 1539 τούτου

990 1563 1039 1598 τὴν
1055 1563 1109 1589 τῶν
1127 1562 1211 1589 ἐθνῶν
1225 1562 1337 1596 ἐμπεδοί
1354 1561 1526 1597 προσδοκίαν.

1024 1609 1126 1636 EPAN.
1145 1609 1261 1644 ’Δριστα
1276 1608 1331 1639 τοῖς
1353 1606 1540 1638 ἁποςτολικοῐς
1564 1605 1597 1632 τὰ
1619 1604 1782 1640 προφητικὰν

991 1653 1176 1690 συνηρμόσθη.

1025 1699 1102 1726 υΡΘ.
1119 1698 1197 1725 οὕτω
1222 1698 1303 1724 πάλιν
1323 1697 1337 1724 ὸ
1362 1697 1432 1728 θεῖος
1463 1695 1624 1727 ’Λπὸστολος
1653 1695 1702 1730 τῆς
1728 1693 1777 1720 τοῦ

997 1744 1081 1771 ’ἰούδα
1100 1745 1173 1779 ἡμᾶς
1185 1743 1400 1778 ἀναμιμνήσκων
1414 1741 1585 1776 εὐεργεσίας,
1603 1740 1649 1766 καὶ
1669 1738 1777 1769 δεικνὺς

990 1791 1036 1817 καὶ
1062 1789 1164 1825 ταύτην
1189 1788 1339 1824 δεξαμένην
1363 1788 1394 1813 τὸ
1415 1787 1511 1822 πέρας,
1543 1785 1601 1822 βοᾷ·
1618 1795 1625 1810 ι
1642 1784 1777 1820 Πρόδηλον

990 1836 1053 1871 γὰρ.
1071 1836 1111 1862 ὅτι
1133 1835 1163 1867 ἐξ
1189 1833 1274 1861 Ἰούδα
1293 1833 1474 1860 ἀνατέταλκεν
1490 1833 1504 1859 δ
1526 1831 1637 1867 Κύριος.
1660 1840 1670 1855 ι
1689 1830 1777 1856 ἰἀὐτδ

990 1881 1017 1907 δὲ
1034 1879 1112 1906 τοτε-ιο
1127 1879 1174 1906 καὶ
1193 1880 1208 1905 δ
1222 1879 1364 1914 προφήτης
1379 1877 1508 1913 Μιχαίας,
1529 1877 1576 1904 καὶ
1595 1878 1609 1903 ὁ
1636 1874 1777 1909 εὐαγγελι-

992 1925 1056 1961 στὴς
1086 1924 1225 1955 Ματθαῖος
1251 1923 1415 1959 πεποίηκεν.
1433 1923 1462 1950 '0
1488 1923 1538 1958 μὲν
1560 1922 1613 1957 γὰρ
1637 1921 1700 1948 εἷπε
1727 1920 1777 1955 τήν

991 1971 1154 2007 πρόρρησιν,
1166 1972 1180 1997 ὁ
1196 1970 1225 1997 δὲ
1241 1971 1274 2005 τῇ
1290 1970 1395 2005 ἱστορίᾳ.
1412 1969 1461 2004 τὴν
1473 1970 1626 2004 μαρτυρίαν
1639 1965 1776 1998 συνέταξε.

990 2016 1046 2044 Καὶ
1062 2017 1093 2043 τὸ
1107 2016 1269 2051 παράδοξον,
1286 2016 1326 2042 ὅτι
1345 2016 1408 2047 τοὺς
1420 2014 1635 2051 προδηλοτάτους
1648 2013 1696 2049 τῆς
1711 2013 1777 2046 ἀληι

990 2062 1065 2094 Θείας
1077 2061 1190 2096 ἐχθροὺς
1207 2062 1260 2096 ἔφη
1276 2061 1315 2096 τῷ
1340 2060 1447 2096 Ἡρώδῃ
1463 2060 1557 2094 σαφῶς
1577 2060 1674 2090 εἰπεῖν,
1692 2059 1732 2089 ὡς
1749 2059 1778 2084 ἐν

990 2109 1023 2143 τῇ
1041 2107 1165 2142 Βηθλεὲμ
1181 2108 1196 2134 ό
1213 2106 1332 2141 Χριστὸς
1354 2107 1492 2141 γεννᾶται.
1513 2114 1522 2130 ι
1540 2105 1695 2139 Γέγραπται
1710 2102 1776 2138 γὰρ,

153 2156 194 2184 tu,
210 2151 350 2179 Bethleem
364 2154 438 2177 terra
453 2149 539 2181 Judte,
554 2156 725 2183 nequaquam
737 2149 848 2175 minima
864 2156 894 2175 es
912 2149 936 2175 in

993 2153 1068 2188 φησὶ,
1090 2152 1146 2180 Καὶ
1162 2153 1207 2184 σὺ,
1226 2152 1361 2188 Βηθλεὲμ,
1379 2152 1415 2186 γῆ
1446 2151 1544 2182 Ἰούδα,
1566 2149 1693 2184 οὐδαμῶς
1716 2148 1778 2175 ἑλα·

149 2198 325 2234 principibus
339 2196 425 2224 Iudae.
448 2196 487 2223 Ex
510 2200 535 2222 te
556 2195 629 2222 enim
653 2195 719 2222 mihi
738 2195 857 2229 prodibit
873 2194 937 2226 dux,

152 2244 199 2281 qui
213 2248 288 2279 reget
300 2242 431 2278 populum
447 2248 537 2268 meum
554 2241 636 2268 Israel
648 2241 680 2268 ‘°.
700 2250 708 2266 ι
724 2240 779 2268 Nos
798 2244 890 2268 autem
912 2241 939 2267 id

152 2298 262 2325 quoque
287 2289 465 2325 adjungamus
487 2287 560 2322 quod
582 2286 668 2314 Judaei
691 2286 809 2321 maligne
837 2286 939 2313 omise-

152 2341 227 2369 runt,
238 2336 304 2363 dum
315 2334 503 2370 imperfectum
513 2332 653 2367 proferunt
663 2332 858 2359 testimonium.
870 2331 938 2359 Cum

152 2383 224 2410 enim
248 2382 359 2409 dixisset
379 2381 511 2416 propheta
536 2388 542 2406 ε
560 2389 569 2405 ι
594 2379 633 2406 Ex
650 2383 676 2406 te
692 2379 848 2414 egredietur
870 2380 938 2406 mihi

153 2428 217 2460 dux,
243 2438 251 2454 ι
266 2427 365 2462 adjecit
379 2436 385 2453 :
403 2437 411 2451 ι
428 2426 461 2453 Ει
475 2432 600 2460 egressus
616 2424 675 2458 ejus
689 2424 723 2450 ab
738 2424 827 2456 initio,
849 2431 863 2450 ιι
879 2424 939 2451 die-

153 2474 205 2502 bus
220 2473 390 2500 aeternitatis.
407 2481 416 2497 ι

190 2518 240 2553 17
255 2517 358 2544 ERA‘N.
376 2516 484 2551 Optime
505 2515 593 2542 fecisti
612 2518 699 2542 totum
716 2515 855 2549 prophetae
874 2523 939 2550 pro-

153 2564 244 2591 ferens
258 2562 461 2595 testimonium;
477 2560 596 2588 ostendit
611 2560 686 2587 enim
703 2560 788 2587 Deum
809 2569 879 2594 esse,
892 2561 939 2596 qui

152 2610 180 2636 in
194 2608 331 2636 Bethleem
346 2611 426 2634 natus
438 2611 489 2634 est.

186 2653 290 2681 OBTll.
303 2652 362 2680 Non
377 2653 461 2680 Deum
476 2651 568 2684 modo,
580 2658 675 2678 verum
690 2651 772 2678 etiam
788 2650 938 2679 hominem.

992 2199 1072 2233 χίστη
1084 2196 1109 2225 εἷ
1124 2199 1153 2225 ὲν
1174 2200 1230 2230 τοῖς
1250 2199 1381 2234 ἡγεμόσιν
1414 2197 1508 2224 Ἰούδα·
1533 2197 1565 2223 ὲκ
1589 2195 1636 2223 σοῦ
1658 2195 1711 2230 γάρ
1734 2203 1778 2230 μοι

992 2243 1162 2276 ἐξελεύσεται
1183 2244 1344 2279 ἡγούμενος,
1360 2245 1433 2275 ὅστις
1450 2244 1576 2278 ποιμανεί
1590 2241 1636 2268 τὸν
1648 2241 1711 2267 λαόν
1728 2249 1777 2276 μου

992 2290 1038 2316 τὸν
1057 2290 1175 2325 Ἰσραήλ.
1194 2299 1203 2315 ι
1227 2290 1427 2324 Ἐπαγάγωμεν
1444 2289 1470 2315 δὲ
1491 2289 1538 2315 καὶ
1554 2289 1634 2323 ἡμεῖς
1650 2288 1695 2315 καὶ
1711 2288 1779 2322 ὓπερ

999 2335 1118 2361 Ἰουδαῖοι
1139 2335 1281 2370 κακοήθως
1301 2335 1459 2371 παρέλιπον,
1477 2334 1558 2370 ἀτελῆ
1582 2333 1779 2369 προσενεγκόν-

993 2389 1038 2412 τες
1053 2380 1100 2414 τὴν
1118 2381 1279 2416 μαρτυρίαν.
1299 2380 1423 2417 Εἰρηκὼς
1436 2380 1491 2416 γὰρ
1510 2381 1524 2406 ὁ
1540 2380 1691 2414 προφήτης,
1705 2388 1714 2404 ι
1733 2378 1780 2404 Ἐκ

995 2425 1040 2452 σοῦ
1056 2426 1225 2457 ἐξελεύσεταί
1253 2435 1297 2462 μοι
1319 2427 1481 2462 ἡγούμενος,
1499 2436 1508 2451 ι
1530 2426 1653 2460 ἐπήγαγε
1666 2431 1672 2438 “
1699 2434 1708 2450 ι
1725 2424 1780 2450 Καὶ

993 2472 1020 2498 αἱ
1038 2471 1121 2504 ἔξοδοι
1144 2472 1224 2499 αὐτοῦ
1241 2473 1288 2499 ἀπ’
1303 2473 1391 2508 ἀρχῆς
1414 2471 1583 2507 ἀφ’ήμερῶν
1602 2470 1724 2502 αἰῶνος.)

1028 2518 1130 2545 EPAN.
1150 2519 1266 2554 Ἀριστα
1291 2519 1455 2553 πεποίηκας,
1477 2518 1565 2544 πᾶσαν
1584 2515 1713 2548 τεθεικὼς
1734 2514 1780 2542 τοῦ

992 2565 1132 2598 προφήτου
1149 2564 1197 2600 τὴν
1219 2564 1381 2600 μαρτυρίαν.
1402 2563 1526 2589 Δείκνυσι
1551 2562 1605 2597 γὰρ
1618 2562 1664 2589 τὸν
1684 2563 1711 2588 ἐν
1729 2562 1766 2594 Bt;

992 2609 1075 2644 θλεὲμ
1089 2610 1218 2645 τεχθέντα
1232 2610 1307 2637 Θεὸν,

1028 2653 1102 2681 ΟΡΘ.
1130 2656 1166 2681 Οὐ
1191 2656 1256 2683 Θεὸν
1282 2656 1372 2691 μόνον,
1395 2654 1461 2682 ἀλλὰ
1484 2654 1531 2682 καὶ
1547 2653 1699 2689 ἄνθρωπον,
1719 2651 1781 2677 ’Λν-

186 2732 208 2748 ¹¹
233 2732 300 2759 Gen.
317 2739 386 2763 xux,
403 2730 444 2758 l0.
483 2730 542 2746 "-”
556 2729 638 2758 Hebr.
653 2739 682 2764 ιι,
699 2731 741 2758 16.
781 2732 810 2767 ’⁵η
825 2731 908 2760 Hebr.
921 2740 936 2759 ν

993 2733 1028 2760 [ὦ.
1062 2733 1089 2770 ρι’
1105 2734 1198 2763 Matth.
1217 2743 1246 2767 ιι,
1262 2735 1288 2768 5,
1305 2735 1338 2768 6;
1353 2734 1414 2761 coll.
1428 2733 1508 2761 Mirh.
1534 2741 1560 2765 ν,
1575 2733 1603 2760 2.

189 2800 245 2836 (il)
264 2801 313 2828 Ed.
336 2801 414 2828 llom.
439 2805 466 2828 ct
486 2801 560 2836 Lips.
581 2801 686 2837 νόησαι.
