1953 3055
151 81 185 114 41
642 72 884 105 THEODORETI
905 70 1075 101 EPISCOPI
1095 72 1278 103 CYRENSIS
1747 75 1782 106 4.3

151 135 283 161 humanas
297 132 453 161 adduxeris.
471 132 528 167 Ego
542 131 616 159 enim
639 130 667 157 in
682 129 739 157 sola
753 128 846 156 divina
863 127 937 154 Scri-

997 126 1179 162 ivawalvou;
1190 128 1387 164 προσενέγκῃς.
1409 128 1480 164 Ἐγὼ
1502 129 1555 166 γὰρ
1570 130 1639 166 μόνῃ
1654 130 1782 166 πείθομαι

150 183 229 214 ptura
247 179 402 214 acquiesco.

187 223 240 258 19
260 213 366 251 ERAN.
383 222 491 249 Nullam
509 219 642 247 rationem
667 216 805 248 admittes,
821 222 882 250 quae
897 213 940 240 di-

149 268 219 296 vina:
231 269 380 303 Scriptum
392 266 548 294 testimonio
560 272 615 292 non
626 262 816 291 conﬁrmetur.
832 261 859 287 Si
872 259 940 286 mihi

149 323 182 342 cx
197 315 289 343 divina
310 314 451 348 Scriptura
466 310 647 339 dubitationis
660 308 825 337 solutionem
840 307 941 334 anule.

148 361 196 394 ris,
211 360 354 388 admittam
367 362 394 386 et
408 358 520 385 minime
533 356 730 394 contradicam.

183 399 288 436 ORTH.
302 407 362 435 Scis
371 405 444 441 quod
460 404 542 440 paulo
558 393 622 431 ante
637 403 741 430 dictum
752 400 940 437 evangelicum

147 462 197 489 per
209 452 333 488 Apostoli
349 451 537 480 testimonium
551 449 791 481 declaraverimus,
805 447 941 482 nobisque

147 499 274 534 exposuit
288 498 398 526 divinus
412 497 561 532 Apostolus
577 496 716 532 quomodo
729 495 851 522 Verbum
875 501 940 520 caro

145 536 248 572 factum
263 545 309 577 sit,
325 544 428 571 diserte
441 543 535 571 dicens
548 551 556 570 :
573 552 582 568 ι
596 542 656 570 Νοιι
668 542 742 570 enim
759 541 870 575 angelos
883 540 938 567 uti-

146 598 199 625 que
212 590 337 623 assumit,
352 590 400 617 sed
417 597 511 617 semen
528 588 644 616 Abrahae
656 587 771 615 assumit
785 587 817 613 ³¹.
837 597 846 612 ι
864 586 938 614 ldem

147 636 230 671 igitur
243 640 271 663 et
285 643 359 663 nunc
373 635 482 662 docebit
497 641 548 662 nos
564 634 695 669 magister
715 632 854 668 quomodo
867 633 940 659 Deus

147 683 267 710 Verbum
284 683 310 709 in
334 686 406 709 terra
425 682 500 709 visus
522 681 557 709 sit
573 684 600 708 et
616 687 679 707 cum
696 679 855 707 hominibus
872 686 939 706 con-

146 733 282 757 versatus.

182 775 286 803 ERAN.
302 775 359 811 Ego
380 780 409 803 et
426 773 584 810 apostolicis
606 778 635 801 et
657 771 827 809 prepheticis
842 779 936 798 asseu-

147 821 201 848 tior
222 821 406 849 sermonibus.
423 820 519 848 Profer
543 819 626 855 igitur
644 827 725 854 quam
747 818 885 853 pollicitus
908 824 938 843 es

146 867 297 903 prophetiae
318 866 584 902 interpretationem.

181 912 286 941 ORTH.
304 912 345 940 Ad
361 912 537 940 Timotheum
553 911 677 939 scribens
695 910 805 938 divinus
822 910 939 945 Aposto-

146 960 190 986 lus
204 959 263 986 hazc
275 958 358 986 etiam
373 958 472 994 adjecit
485 967 491 984 :
510 968 519 984 ι
537 958 679 985 Manifeste
691 964 819 993 magnum
831 961 873 983 est
883 956 942 991 pie-

147 1005 211 1032 tatis
230 1004 407 1040 mysterium;
428 1004 501 1031 Deus
523 999 713 1030 manifestatus
730 1007 772 1030 est
793 1002 821 1029 in
841 1009 938 1034 carne,

144 1050 310 1085 iustiﬁcatus
320 1050 348 1077 in
363 1049 473 1085 spiritu,
485 1049 561 1077 visus
575 1048 688 1083 angelis,
699 1047 864 1083 praedicatus
875 1055 941 1082 gen-

147 1096 231 1129 tibus,
246 1096 369 1123 creditus
380 1099 422 1123 est
435 1095 463 1122 in
478 1095 592 1127 mundo,
609 1099 765 1129 assumptus
778 1098 821 1120 est
837 1094 864 1120 in
881 1094 939 1129 glo-

147 1142 187 1170 ria
194 1142 242 1169 ³³.»
254 1142 425 1169 Manifestum
437 1146 479 1169 est
493 1149 568 1176 ergo,
584 1140 657 1175 quod
671 1140 818 1167 invisibilis
829 1139 940 1174 quidem

147 1187 183 1214 sit
195 1187 287 1214 divina
300 1191 408 1219 natura,
424 1186 541 1214 visibilis
556 1189 648 1213 autem
666 1193 740 1218 caro,
755 1190 783 1212 et
800 1185 873 1220 quod
891 1193 941 1220 per

146 1233 218 1261 hanc
228 1233 365 1260 visibilem
381 1232 527 1260 invisibilis
541 1232 586 1259 illa
601 1235 747 1266 conspecta
762 1231 807 1263 sit,
821 1238 870 1266 per
880 1239 940 1258 eam

146 1278 232 1306 edens
256 1277 388 1305 miracula
403 1282 431 1304 et
452 1285 529 1304 suam
545 1277 669 1303 revolans
690 1276 850 1310 potentiam.
873 1275 940 1302 Nam

146 1323 289 1351 oculorum
306 1331 416 1351 sensum
430 1331 512 1350 manu
530 1322 685 1355 fabricavit,
698 1327 727 1349 et
740 1330 841 1349 caecum
859 1329 874 1349 a
893 1330 939 1349 na-

147 1368 252 1396 tivitate
272 1369 388 1401 sanavit,
403 1373 431 1396 et
448 1369 533 1396 surdo
553 1368 678 1395 auditum
698 1368 830 1400 restituit,
845 1373 873 1395 et
886 1369 940 1395 lin-

145 1421 225 1447 gnam
241 1414 295 1449 2ο
311 1414 430 1441 vinctam
452 1414 543 1445 solvit,
565 1413 714 1449 digitorum
732 1418 813 1441 utens
835 1414 940 1441 instru—

147 1463 248 1491 mento,
264 1463 292 1485 et
314 1462 442 1494 tanquam
463 1459 583 1489 salutare
599 1457 736 1493 quoddam
756 1458 933 1492 pharmacum
952 1477 973 1506 C

146 1504 279 1531 adhibens
294 1508 414 1539 sputum.
430 1504 468 1531 ita
484 1512 580 1532 rursus
600 1504 627 1530 in
646 1503 715 1531 mari
733 1503 877 1531 ambulans
893 1503 936 1530 di-

145 1549 268 1577 vinitatis
279 1549 504 1585 omnipotentiam
516 1549 654 1585 patefecit.
669 1549 738 1584 Apte
749 1557 814 1585 ergo
826 1549 938 1576 divinus

146 1594 214 1621 dixit
225 1593 391 1629 Apostolus:
409 1604 417 1619 l
432 1594 504 1621 Deus
515 1594 705 1622 manifestatns
720 1599 762 1622 est
776 1595 803 1621 in
816 1602 908 1622 carne.
925 1605 933 1620 ι

146 1639 287 1676 Siquidem
302 1647 352 1675 per
367 1640 438 1667 hanc
451 1640 578 1675 apparuit
592 1643 701 1673 natura,
716 1648 777 1675 quae
790 1641 865 1667 cerni
881 1649 937 1667 non

146 1690 253 1720 poterat
266 1694 272 1712 :
286 1691 338 1720 per
347 1686 417 1713 hanc
431 1686 504 1713 illam
515 1694 625 1721 quoque
638 1686 767 1714 viderunt
777 1687 936 1722 angelorum

145 1738 243 1759 turum
258 1741 264 1759 :
282 1742 291 1757 ι
313 1732 393 1759 Visus
408 1736 451 1759 est
465 1732 550 1764 enim,
566 1732 665 1768 inquit,
679 1733 792 1768 angelis.
811 1743 819 1758 ι
836 1733 936 1760 Nobis-

145 1785 208 1805 cum
224 1778 308 1813 igitur
324 1778 406 1814 hujus
425 1778 489 1805 doni
507 1778 643 1814 particeps
656 1779 726 1806 facta
740 1783 782 1806 est
795 1779 877 1806 etiam
897 1780 938 1806 in-

133 1832 277 1859 .i-urporea
293 1828 400 1852 natura.

176 1896 284 1924 ERAN.
313 1897 407 1933 Angeli
434 1905 500 1933 ergo
523 1903 586 1925 ante
611 1895 935 1927 Salvatoris'adventum

146 1943 232 1970 Deum
248 1950 303 1970 non
318 1943 467 1970 videbant?
792 1948 802 1955 '

179 1987 284 2015 OBTH.
310 1988 457 2023 Apostolus
483 1989 565 2022 dixit,
591 1990 665 2024 quod
694 1991 884 2019 manifestatus
908 1992 937 2020 in

145 2041 227 2061 carne
239 2034 342 2069 angelis
356 2035 433 2062 visus
446 2035 490 2061 sit.

179 2080 283 2107 ERAN.
306 2080 388 2115 Atqui
410 2081 542 2108 Dominus
555 2082 623 2109 dixit
643 2091 650 2109 :
669 2092 677 2108 ι
695 2083 801 2115 Videte,
817 2091 852 2111 ne
870 2092 936 2111 con-

145 2125 273 2153 temnatis
298 2133 384 2152 unum
399 2134 432 2153 ex
449 2126 492 2153 his
508 2127 613 2162 pusillis
627 2128 748 2156 minimis
766 2139 771 2155 :
787 2129 849 2157 dico
861 2130 935 2157 enim

997 2140 1142 2176 ρρονήσητε
1159 2141 1218 2173 ἐνὸς
1233 2141 1288 2169 τῶν
1309 2125 1416 2179 ιλικρῶν
1431 2125 1537 2173 Ιτούτων

145 2171 233 2204 vobis,
246 2171 326 2206 quod
349 2172 438 2207 angeli
461 2180 556 2200 eorum
573 2181 682 2209 semper
704 2175 815 2202 videant
838 2176 936 2204 faciem

144 2216 232 2244 Patris
244 2216 331 2243 nostri
343 2217 389 2251 qui
406 2217 433 2244 in
449 2217 526 2244 cmlis
539 2223 580 2245 est
594 2219 626 2245 ³⁵.
643 2228 652 2243 ι

455 2275 463 2289 ,η

177 2312 282 2340 ORTH.
300 2312 354 2340 Sed
374 2313 506 2340 Dominus
529 2321 625 2342 rursus
646 2315 714 2343 dixit
737 2325 743 2342 :
761 2326 769 2342 ‹
786 2317 846 2344 Non
862 2319 935 2353 quod

144 2358 252 2386 Patrem
266 2359 328 2394 quis
340 2359 450 2391 viderit,
468 2360 520 2386 nisi
537 2360 559 2387 is
573 2360 619 2395 qui
634 2366 675 2388 est
689 2369 703 2388 a
718 2362 784 2394 Deo,
802 2363 848 2390 hic
865 2364 934 2391 vidit

144 2405 252 2433 Patrem
264 2406 296 2432 ".
315 2415 324 2432 ι
337 2405 403 2433 Ideo
419 2406 501 2434 etiam
515 2407 687 2442 Evangelista
699 2413 792 2443 aperte
804 2410 904 2437 clamat
924 2419 932 2438 :

147 2461 156 2476 α
175 2452 261 2479 Deum
276 2460 359 2480 nemo
374 2452 443 2480 vidit
462 2461 593 2488 unquam,
611 2463 620 2478 ι
633 2458 661 2481 et
673 2454 816 2482 confirmat
829 2457 900 2491 quod
917 2465 932 2484 a

143 2495 258 2524 Domino
272 2496 376 2524 dictum
391 2501 450 2524 est:
466 2507 474 2524 ι
489 2497 651 2533 Unigenitus
669 2499 754 2533 enim,
776 2500 875 2535 inquit,
888 2502 931 2529 Fi-

993 173 1025 208 τῇ
1041 172 1100 208 θείᾳ
1119 173 1225 209 Γραφῇ.

1028 218 1128 245 EPAN.
1144 219 1256 254 Μηδένα
1266 219 1330 255 δέξῃ
1339 220 1417 255 λόγον
1428 221 1494 255 (14),
1507 221 1608 257 ἥκιστα
1622 221 1784 257 βεϐαιούμε-

992 271 1037 290 νον
1050 263 1180 300 Γραφικῇ
1202 266 1352 302 μαρτυρίᾳ.
1384 266 1447 293 Ἐάν
1475 275 1520 302 μοι
1542 266 1592 302 τῆς
1617 267 1784 301 ἀμφιϐολίας

991 309 1040 345 τὴν
1056 309 1132 337 λύσιν
1153 311 1185 337 ἐκ
1200 311 1251 346 τῆς
1267 312 1341 344 θείας
1362 313 1552 349 προσενέγκῃς
1566 313 1690 349 Γραφῆς,
1710 313 1785 346 δέξαι

993 363 1042 389 μαι
1057 357 1104 382 καὶ
1116 356 1165 383 οὐκ
1184 357 1411 393 ἀντιφθέγξομαι.

1027 402 1103 428 ΟΡΘ.
1130 400 1205 429 Οῐσθ¹
1220 403 1260 430 ὅτι
1278 404 1325 431 καὶ
1342 405 1395 440 πρὸ
1423 405 1539 442 βραχέος
1564 408 1613 443 τὴν
1640 409 1784 443 εὐαγγελι-

991 445 1042 482 κὴν
1060 447 1139 482 ῥῆσιν
1158 447 1201 475 διὰ
1221 448 1270 484 τῆς
1284 449 1466 486 ἀποστολικῆς
1481 452 1633 487 μαρτυρίας
1649 453 1722 488 σαφῆ
1735 462 1785 480 πε-

991 492 1157 528 ποιήκαμεν,
1181 494 1228 521 καὶ
1247 495 1400 531 δεδήλωκεν
1427 497 1492 532 ἡμῖν
1508 497 1563 533 (15)
1577 498 1591 524 6
1611 498 1682 531 θεῖος
1703 499 1783 526 Ἀπό-

992 538 1094 571 στολος,
1109 540 1167 572 πῶς
1185 541 1199 566 ὁ
1213 541 1299 574 Λόγος
1310 542 1379 578 σὰρξ
1393 543 1512 576 ἐγένετο,
1525 543 1673 580 διαρρήδην
1687 545 1783 577 εἰπὼν,

995 593 1003 609 ι
1023 584 1060 611 Οὐ
1075 585 1128 620 γὰρ
1140 585 1227 621 δήπου
1240 586 1365 620 ἀγγέλων
1378 587 1607 623 ἐπιλαμϐάνεται,
1618 590 1687 617 ἀλλὰ
1700 591 1784 626 σπέρ-

993 637 1076 664 ματος
1100 630 1226 666 Ἀϐραὰμ
1236 632 1462 667 ἐπιλαμϐάνεται.
1471 643 1480 659 ›
1497 634 1526 660 ’0
1537 635 1618 666 αὐτὸς
1636 636 1726 663 τοίνυν
1737 637 1784 663 καὶ

990 674 1038 700 νῦν
1051 675 1104 711 (l6)
1116 676 1188 711 ἡμᾶς
1201 677 1300 711 διδάξει
1318 678 1476 712 διδάσκαλος
1496 680 1555 712 πῶς
1583 683 1598 708 ό
1615 681 1680 714 Θεὸς
1697 683 1785 716 Λόγος

991 721 1037 746 ἐπὶ
1044 721 1094 756 τῆς
1104 722 1154 757 γῆς
1166 721 1256 758 ὤφθη.
1268 724 1314 750 καὶ
1329 727 1385 756 τοῖς
1397 725 1552 761 ἀνθρώποις
1565 728 1782 764 συνανεστράφη.

1028 766 1129 794 ΕΡΑΝ.
1150 767 1221 803 Ἐγὼ
1236 769 1282 795 καὶ
1297 772 1353 802 τοῖς
1365 771 1556 804 ἀποστολικοῖς
1575 773 1621 800 καὶ
1643 775 1700 805 τοῖς
1715 783 1782 809 προ-

992 814 1116 846 φητικοῖς
1142 814 1270 850 πείθομαι
1291 816 1391 850 λόγοις.
1411 817 1503 851 Δεῖξον
1528 819 1628 852 τοίνυν,
1650 820 1720 847 κατὰ
1733 821 1784 855 τὴν

991 857 1149 893 ὑπόσχεσιν,
1163 860 1212 895 τῆς
1230 862 1400 897 προφητείας
1414 863 1462 899 τὴν
1478 865 1637 900 ἑρμηνείαν.

1026 904 1101 931 ΟΡΘ.
1130 905 1257 942 Τιμοθέῳ
1279 907 1393 942 γράφων
1413 909 1427 935 6
1451 909 1521 941 θεῖος
1552 910 1712 944 Ἀπόστολος
1736 913 1785 939 καὶ

990 949 1075 976 ταῦτα
1092 950 1212 978 τέθεικεν
1225 959 1231 966 ’
1251 962 1260 979 ι
1287 953 1525 990 Ὀμολογουμένως
1538 957 1610 990 μέγα
1623 957 1683 984 ἐστὶ
1694 958 1723 985 τὸ
1734 959 1783 993 τῆς

991 995 1131 1029 εὐσεϐείας
1157 999 1317 1034 μυστήριον·
1348 1000 1415 1032 Θεὸς
1441 1002 1604 1038 ἐφανερώθη
1630 1004 1660 1030 ὲν
1688 1006 1783 1040 σαρκὶ,

990 1041 1136 1088 ἐδικαιώθη
1155 1043 1183 1069 ἐν
1201 1044 1359 1080 πνεύματι,
1384 1045 1464 1083 ὤφθη
1489 1048 1625 1083 ἀγγέλοις,
1642 1051 1783 1088 ὲκηρῦχθη

991 1086 1019 1112 ἐν
1035 1086 1149 1118 ἔθνεσιν,
1168 1088 1314 1126 ἐπιστεύθη
1329 1091 1357 1117 ἐν
1368 1091 1474 1127 κόσμῳ,
1491 1093 1627 1131 ἀνελήφθη
1641 1096 1670 1123 ἐν
1681 1086 1755 1133 δόξη.

991 1133 1076 1179 ᾼῆλον
1096 1134 1196 1167 τοίνυν,
1212 1135 1249 1165 ὡς
1261 1136 1377 1172 ἀόρατος
1398 1138 1448 1173 μὲν
1469 1140 1486 1174 ἡ
1507 1139 1567 1167 θεία
1583 1141 1676 1175 φύσις,
1697 1143 1785 1179 ὁρατὴ

990 1178 1018 1205 δὲ
1034 1179 1049 1214 ή
1068 1179 1146 1215 σὰρξ,
1162 1180 1209 1206 καὶ
1226 1181 1269 1207 διὰ
1287 1182 1336 1216 τῆς
1352 1184 1453 1218 ὁρατῆς
1474 1185 1490 1220 ὴ
1509 1186 1625 1220 ἀόρατος
1643 1187 1732 1224 ὥῳθη,
1749 1178 1785 1216 διὖ

991 1225 1075 1260 αὐτῆς
1110 1226 1282 1262 ὲνεργήσασα
1310 1228 1344 1255 τὰ
1369 1228 1513 1264 θαύματα,
1540 1233 1587 1259 καὶ
1608 1233 1657 1268 τὴν
1681 1235 1785 1262 οἰκείαν

990 1270 1192 1316 ἀποκαλύψασα
1206 1272 1332 1308 δύναμιν.
1352 1275 1391 1310 Τῇ
1413 1275 1463 1310 μὲν
1484 1277 1538 1312 γὰρ
1557 1279 1692 1316 χειρὶητὴν
1706 1281 1783 1308 ὀπτι-

991 1315 1042 1351 κὴν
1066 1317 1283 1353 ἐδημιούργησεν
1315 1320 1442 1355 αἴσθησιν
1471 1322 1518 1349 καὶ
1545 1324 1591 1350 τὸν
1611 1326 1643 1352 ἐκ
1667 1327 1780 1362 γενετῆς

991 1362 1091 1397 τυφλὸν
1106 1362 1284 1399 ἐθεράπευσε.
1309 1366 1364 1392 Καὶ
1387 1364 1420 1393 αὖ
1440 1367 1531 1400 πάλιν,
1551 1369 1601 1404 τὴν
1618 1371 1782 1407 ἁκουστικὴν

991 1407 1133 1454 ενέργειαν
1155 1409 1279 1437 ἀπέδωκε
1294 1411 1333 1446 τῷ
1349 1413 1444 1448 κωφῷ,
1458 1415 1504 1441 xui.
1521 1415 1570 1448 τὴν
1590 1417 1783 1454 πεπεδημένην

991 1452 1069 1479 ἔλυσε
1095 1454 1229 1488 γλῶτταν,
1261 1457 1321 1483 ἀντὶ
1346 1458 1395 1492 μὲν
1411 1459 1527 1494 ὀργάνου
1553 1463 1609 1493 τοῖς
1638 1452 1779 1496 δακτύλοις

990 1498 1175 1534 χρησάμενος,
1202 1498 1258 1527 οἷον
1285 1501 1315 1528 δέ
1344 1511 1369 1529 τι
1397 1503 1542 1539 φάρμακον
1565 1506 1726 1539 ἀλεξίκακον
1750 1510 1783 1536 ab

989 1543 1103 1579 πτύσμα
1131 1546 1333 1581 προσενεγκὼν.
1361 1549 1439 1576 Οὕτω
1468 1551 1550 1577 πάλιν
1578 1553 1625 1578 ἐπὶ
1645 1553 1781 1590 θαλάττης

989 1586 1109 1621 βαδίσας,
1135 1589 1165 1614 τὺ
1193 1589 1241 1625 τῆς
1264 1590 1392 1627 θεότητος
1420 1594 1542 1630 ὑπέφηνε
1566 1586 1778 1633 παντοδύναμον.

994 1633 1145 1668 ’Δρμοδίως
1162 1635 1252 1662 τοίνυν
1275 1638 1289 1663 6
1318 1637 1388 1671 θεῖος
1408 1639 1566 1673 Ἀπόστολος
1588 1640 1665 1675 εἷπε,
1685 1653 1694 1669 ι
1714 1645 1781 1677 Θεὸς-

988 1679 1146 1716 ἐφανερώθη
1167 1682 1196 1707 ὲν
1220 1683 1311 1718 σαρκί.
1337 1693 1346 1710 ›
1374 1685 1414 1711 Δι’
1432 1685 1539 1722 ἐκείνης
1562 1688 1616 1724 γὰρ
1633 1690 1648 1724 ή
1667 1690 1780 1722 ἀθέατος

988 1726 1110 1762 ἐπεφάνη
1131 1727 1222 1761 φύσις,
1238 1728 1271 1755 δι’
1283 1730 1391 1766 ἐκείνης
1406 1732 1491 1766 αὐτὴν
1505 1730 1576 1760 εἶδον
1592 1734 1639 1761 καὶ
1659 1735 1714 1762 τῶν
1729 1737 1780 1770 ἁγ-

987 1772 1073 1806 γέλων
1095 1774 1119 1799 οι
1134 1773 1214 1809 δῆμοι
1229 1783 1235 1789 ’
1253 1784 1261 1801 ι
1285 1776 1373 1812 Ὠφθη
1401 1777 1466 1813 γὰρ,
1481 1779 1573 1813 φησὶν,
1605 1781 1740 1815 ἀγγέλοις,
1768 1793 1777 1808 ι

987 1818 1055 1844 Μεθ’
1076 1819 1154 1854 ἡμῶν
1176 1818 1222 1847 οὖν
1249 1821 1302 1857 ἄρα
1327 1823 1376 1858 τῆς
1397 1823 1501 1859 δωρεᾶς
1523 1825 1625 1861 ταύτης
1654 1829 1701 1855 καὶ
1726 1830 1781 1856 τῶν

987 1863 1140 1898 ἀσωμάτων
1158 1867 1174 1900 ἡ
1193 1866 1272 1900 φύσις
1287 1867 1448 1896 ἀπέλαυσεν.

1024 1910 1126 1957 ΕΡΑΝ.
1152 1912 1257 1957 Ογὺκοῧν
1274 1914 1320 1940 καὶ
1339 1914 1393 1950 πρὸ
1414 1915 1466 1950 τῆς
1480 1917 1527 1943 τοῦ
1543 1919 1668 1957 Σωτῆρος
1682 1922 1780 1957 ἐπιφα-

987 1955 1071 1988 νείας,
1085 1956 1134 1992 οὐχ
1146 1956 1239 1993 ἐώρων
1252 1959 1275 1984 ot
1295 1959 1406 1993 ἄγγελοι
1422 1961 1467 1987 τὸν
1482 1962 1566 1998 Θεὸν;

1024 2002 1101 2030 υΡΘ.
1119 2002 1150 2030 ’0
1180 2003 1342 2037 ’Δπόστολος
1371 2004 1460 2040 εἶπεν,
1490 2008 1531 2036 ὅτι
1559 2014 1727 2048 φανερωθεὶς
1751 2015 1780 2040 ὲν

989 2048 1072 2083 σαρκὶ
1089 2048 1168 2085 ὤφθη
1184 2050 1321 2084 ἀγγέλοις.

1022 2094 1124 2122 EPAN.
1146 2095 1216 2122 Ἀλλ’
1232 2097 1245 2123 6
1270 2097 1371 2133 Κύριος
1385 2099 1454 2135 ἔφη·
1478 2109 1489 2126 ί
1509 2101 1616 2137 Ὁρᾶτε,
1639 2104 1676 2139 μὴ
1697 2113 1780 2132 κατοι-

1551 2148 1605 2174 τῶν
1619 2149 1777 2184 ἐλαχίστων.

994 2183 1080 2227 Ἀμὴν
1101 2185 1155 2220 γὰρ
1171 2185 1244 2220 λέγω
1274 2187 1338 2221 ὑμῖν
1358 2189 1399 2215 ὅτι
1423 2191 1447 2216 οι
1471 2191 1581 2225 ἄγγελοι
1609 2183 1700 2221 αὐτῶν
1717 2196 1779 2222 καθ’

987 2228 1093 2276 ἡμέραν
1118 2230 1203 2264 ὁρῶσι
1231 2231 1261 2258 τδ
1289 2233 1435 2269 πρόσωπον
1447 2236 1494 2263 τοῦ
1512 2238 1619 2274 Πατρδς
1633 2239 1710 2275 ἡμῶν
1722 2241 1778 2276 (17)

987 2273 1033 2300 τοῦ
1049 2275 1078 2301 ὲν
1084 2275 1221 2311 οὐρανοῖς.
1234 2287 1243 2303 ι

1022 2323 1098 2369 υΙξΘ.
1120 2324 1191 2351 Ἀλλ’
1209 2325 1223 2351 6
1240 2326 1343 2362 Κύριος
1365 2329 1447 2356 πάλιν
1463 2330 1552 2363 εἶπεν,
1573 2341 1584 2358 ‹
1608 2333 1664 2369 Οὐχ
1678 2335 1718 2361 ὃτι
1733 2335 1779 2362 τὸν

988 2366 1098 2412 [iu-cepa
1121 2377 1164 2401 τις
1190 2369 1324 2406 ἑώρακεν,
1348 2373 1373 2400 ει
1389 2374 1426 2410 μὴ
1442 2375 1456 2401 6
1481 2375 1521 2402 ὢν
1539 2377 1615 2412 παρὰ
1630 2366 1678 2404 τοῦ
1697 2379 1777 2412 Θεοῦ,

988 2409 1065 2444 οὗτος
1079 2413 1185 2449 ἑώρακε
1208 2416 1254 2443 τὸν
1271 2418 1397 2454 «Πατέρα.
1417 2429 1426 2445 ›
1451 2422 1501 2448 Διά
1526 2431 1567 2448 τοι
1591 2423 1670 2451 τοῦτο
1693 2426 1740 2452 καὶ
1764 2427 1779 2452 6

987 2457 1191 2496 Εὑαγγελιστὴς
1202 2462 1332 2499 ἄντικρυς
1340 2465 1400 2500 βοᾷ,
1410 2474 1420 2491 ι
1431 2466 1498 2493 Θεὸν
1508 2468 1595 2500 οὐδεὶς
1604 2468 1710 2505 ἑώρακε
1719 2472 1777 2498 πώ-

986 2512 1061 2537 ποτε,
1080 2515 1089 2531 ι
1107 2507 1154 2534 καὶ
1170 2507 1275 2543 βεϐαιοῖ
1288 2510 1334 2537 τοῦ
1355 2511 1460 2547 Κυρίου
1471 2513 1517 2540 τὸν
1531 2514 1619 2549 λόγον·
1632 2526 1641 2542 ι
1652 2517 1681 2544 '0
1697 2526 1776 2553 μονο-

175 2584 196 2600 ³¹
221 2583 304 2612 Hebr.
323 2593 352 2619 ιι,
369 2587 411 2614 16.
450 2587 472 2602 ³³
489 2587 499 2613 l
517 2587 588 2614 Tim.
608 2595 646 2619 ιιι,
667 2588 710 2617 16.
751 2590 774 2605 ³⁸
788 2589 884 2618 Matth.
908 2600 937 2618 xv

1003 2594 1046 2621 10.
1087 2596 1109 2612 ³⁵
1123 2597 1201 2626 Joan.
1217 2608 1254 2631 vr,
1267 2601 1312 2629 46.

177 2665 233 2705 (ιι)
251 2665 371 2705 Utraque
392 2667 435 2694 ed.
459 2668 548 2705 habet
566 2660 630 2705 δόξῄ
646 2669 742 2704 λόγων.
758 2665 864 2699 Mallem
879 2681 928 2700 au-

141 2705 196 2728 tem
205 2701 305 2743 degere
323 2702 555 2743 δέξομαι-λέγον..
565 2701 647 2743 quam
670 2701 814 2743 lectionem
837 2708 928 2742 prodit

137 2736 231 2798 ἔὲςὲο
259 2736 317 2764 Lat.
349 2745 363 2764 a
393 2737 520 2773 Strigelio
543 2736 630 2774 Lips,
652 2748 715 2768 ann.
740 2741 818 2776 1591,
837 2736 927 2771 lin-8

134 2790 136 2794 ι
177 2780 182 2798 l
216 2790 223 2799 .

1048 2715 1074 2749 6)
1096 2715 1151 2741 νῦν.
1174 2716 1212 2743 Ex
1233 2715 1350 2749 utraque
1367 2715 1434 2747 edit.
1449 2721 1593 2749 insertum.

1036 2678 1065 2705 l5
1097 2679 1147 2706 Ed.
1165 2681 1242 2708 Rom.
1263 2687 1290 2710 et
1302 2683 1375 2718 Lips.
1399 2685 1473 2719 ὑμῖν.

1096 2715 1151 2741 νὺν.
1174 2716 1212 2743 Ex
1233 2722 1356 2761 utraque_
1367 2720 1434 2747 edit.
1449 2721 1473 2748 in

1033 2748 1060 2776 1ι
1089 2750 1221 2784 ὴμ.›1η1“ι-;ι
1238 2753 1289 2784 leg.
1301 2763 1386 2784 υμων.
1404 2755 1473 2783 υιηιη

1033 2748 1074 2784 l7)
1089 2750 1221 2785 ﬁanfra
1238 2753 1289 2788 leg.
1301 2748 1386 2789 ὗμῶν.
1404 2755 1524 2791 Utraque
1540 2748 1624 2786 lectio
1638 2759 1771 2789 insolens.
