1953 3055
144 189 183 223 ἐξ)
683 192 871 222 DIALOGUS
892 193 915 221 Ι.
935 207 943 211 -

1008 195 1064 224 MM
1069 196 1254 227 UTABILIS.
1746 201 1780 231 50

146 245 231 280 γενὴς
257 244 321 280 γὰρ,
347 245 439 279 φησὶν,
459 244 533 276 Υἱὸς,
562 245 576 270 ὁ
596 243 633 270 ὢν
656 245 696 276 et;
712 245 757 270 τὸν
774 244 875 271 κόλπον
891 244 937 271 τοῦ

1011 254 1052 278 us,
1067 249 1115 282 qui
1137 255 1179 276 est
1208 250 1235 277 in
1260 250 1321 277 sinu
1343 251 1433 279 Patris
1449 251 1507 286 ipse
1528 252 1687 280 narravit“.
1705 263 1714 279 ι
1748 255 1781 282 Et

146 290 267 325 Πατρὸς,
288 291 391 321 ἐκεῖνος
408 289 571 326 ἐξηγήσατο.
588 299 598 316 ›
615 290 669 316 Kal
684 289 805 324 Μωῡσῆς
817 290 831 316 ὁ
844 289 940 325 μέγας,

146 336 274 370 ποθήσας
298 335 362 362 ἰδεῖν
386 335 435 370 τὴν
461 335 577 371 ἀόρατον
605 335 696 370 φύσιν,
723 335 839 370 ήκουσεν
859 335 942 361 αὑτοῦ

145 381 277 414 λέγοντος
306 381 354 407 τοῦ
377 380 511 407 Δεσπότου
540 380 625 413 Θεοῦ,
649 389 658 406 ι
680 380 774 412 Οὐδεὶς
790 380 885 415 ὄψεται
913 380 943 406 τὸ

146 427 297 462 πρόσωπόν
314 435 375 461 μου,
391 427 438 453 καὶ
453 426 576 461 ζήσεται.
595 436 604 452 ι

184 473 288 500 ΕΡΑΝ.
311 472 373 504 Πῶς
398 471 444 499 οὖν
468 473 608 507 νοήσωμεν
628 471 683 506 (18)
699 472 740 498 ὅτι
760 481 769 497 ι
782 472 812 498 Οἱ
833 470 942 505 ἄγγελοι

146 517 242 545 αὐτῶν
257 518 319 544 καθ’
340 517 447 553 ἡμέραν
462 516 547 552 ὁρῶσι
561 516 592 543 τὸ
606 517 751 550 πρόσωπον
770 516 817 543 τοῦ
834 515 941 551 Πατρὸς

147 564 228 599 ὗμῶν
241 573 264 596 ;ι

184 609 263 636 ΟΡΘ.
288 609 331 640 Ὠς
347 609 417 635 νοεῖν
433 608 569 643 εἰώθαμεν
587 608 621 634 τὰ
638 608 702 644 περὶ
719 607 773 634 τῶν
791 608 941 644 ἑωρακέναι

146 655 196 681 τὸν
211 654 277 681 Θεὸν
291 654 470 690 νομισθέντων
487 653 649 689 ἀνθρώπων.

185 742 290 769 ΕΡΑΝ.
305 743 372 768 Εἰπὲ
388 742 564 777 σαφέστερον·
578 743 609 768 οὐ
624 742 740 778 νενόηκα
753 742 818 777 γάρ,
829 742 874 778 Μὴ
885 742 940 778 (l9)

147 789 197 814 καὶ
215 789 270 819 τοῖς
288 787 442 823 ἀνθρώποις
456 788 554 823 ὁρατὸς
569 789 584 814 ὸ
597 788 679 820 Θεόςς

185 833 264 859 0P8.
280 833 422 867 Οὐδαμῶς.

185 878 289 906 EPAN.
317 879 387 905 Ἀλλ’
406 879 481 914 ὅμως
504 879 639 914 ἀκούομεν
654 880 704 914 τῆς
729 879 804 911 θείας
830 880 942 915 Γραφῆς

146 922 293 958 λεγούσης⁹
313 933 321 948 ι
344 922 433 958 Ὠφθη
448 923 463 949 ὸ
476 923 542 954 Θεὸς
555 923 594 958 τῷ
613 922 739 958 Ἀϐραὰμ
753 924 821 959 πρὸς
833 925 866 959 τῇ
883 924 943 959 δρυῒ

146 970 182 1003 τῇ
201 968 335 1003 Μαμὸρῇ·
357 977 366 994 ι
388 969 435 994 καὶ
457 968 568 995 Ἡσαΐου
591 969 715 1003 λέγοντος
730 977 738 986 ι
768 979 776 995 ι
796 968 874 996 Εἶδον
897 970 943 996 τὸν

148 1013 254 1049 Κύριον
276 1014 430 1049 καθήμενον
453 1015 498 1040 ἐπὶ
523 1014 617 1049 θρόνου
641 1014 743 1050 ὑψηλοῦ
760 1016 807 1041 καὶ
821 1016 944 1051 ἐπηρμέ-

146 1068 207 1086 νου.
225 1068 235 1085 ι
257 1059 312 1086 Καὶ
331 1060 345 1086 ὀ
371 1059 491 1094 Μιχαίας
513 1060 540 1086 δὲ
555 1060 637 1086 ταύτὸ
653 1060 731 1087 τοῦτο
756 1061 840 1095 λέγει,
860 1061 906 1088 καὶ
929 1062 943 1087 ὁ

148 1104 268 1140 Δανιὴλ,
291 1106 338 1132 καὶ
357 1107 371 1131 ὁ
403 1106 542 1142 Ἰεζεκιήλ.
561 1106 629 1140 Περὶ
653 1107 681 1133 δὲ
698 1106 744 1133 τοῦ
760 1106 882 1138 Μωσέως
895 1106 943 1134 τοῦ

148 1150 300 1185 νομοθέτου
321 1151 403 1186 φησὶν
419 1152 436 1186 ἡ
456 1151 571 1186 ἱστορία,
587 1152 628 1178 ὅτι
651 1152 767 1187 ὲλάλησε
778 1152 881 1187 Κύριος
904 1153 943 1188 τῷ

146 1196 267 1230 Μωῡσῇ,
292 1195 407 1227 ὲνώπιος
432 1196 559 1231 ὲνωπίῳ,
581 1196 618 1228 ὡς
635 1196 662 1223 εῐ
683 1205 724 1228 τις
745 1196 855 1232 λαλήσει
876 1197 944 1232 πρὸς

149 1241 228 1274 φίλον
257 1240 352 1268 αὑτοῦ.
369 1241 424 1267 Καὶ
448 1241 529 1273 αὐτὸς
549 1242 576 1268 δὲ
599 1243 613 1268 ὀ
629 1242 684 1268 τῶν
701 1242 769 1269 ὅλων
787 1242 838 1278 ἔφη
857 1243 942 1276 Θεὸς,

150 1287 195 1313 ὅτι
216 1295 225 1311 ι
251 1287 342 1322 Στόμα
359 1286 430 1313 κατὰ
462 1287 550 1322 στόμα
575 1287 686 1322 λαλήσω
703 1287 787 1323 αὐτῷ,
811 1288 840 1313 ὲν
861 1287 942 1319 εῖδει,

149 1332 198 1358 καὶ
216 1332 246 1358 οὐ
263 1332 296 1358 δι’
314 1332 494 1367 αἰνιγμάτων.
516 1341 525 1357 ι
545 1332 577 1359 Τί
604 1331 651 1360 οὖν
677 1332 810 1368 spot-195v;
829 1333 870 1359 δτι
893 1333 944 1367 τὴν

149 1376 227 1402 θεὶαν
241 1376 390 1403 ἐθεάσαντο
405 1376 485 1410 φύσιν
496 1385 503 1409 ;

186 1423 265 1450 0P9.
280 1423 422 1458 Οὐδαμῶς.
438 1423 525 1454 Αὐτὸς
546 1423 601 1458 γὰρ
616 1424 631 1450 ὁ
649 1423 716 1454 Θεὸς
732 1423 801 1458 ἔφη*
821 1432 831 1449 t
851 1423 945 1454 Οὐδεὶς

148 1469 247 1504 δψεται
260 1469 291 1495 τὸ
306 1468 451 1503 πρόσωπόν
466 1476 528 1503 μου,
546 1468 594 1495 καὶ
611 1467 733 1504 ζήσεται.
753 1478 762 1494 ι

189 1513 290 1539 EPAN.
311 1513 462 1540 Ψεύδονται
477 1513 567 1540 τοίνυν
589 1514 613 1539 οἱ
634 1512 680 1539 τὸν
704 1512 771 1539 Θεὸν
792 1513 943 1548 ἑωρακέναι

149 1561 289 1595 φήσαντες
300 1569 308 1591 ς

993 300 1106 328 magnus
1117 294 1215 328 Moses,
1226 296 1340 330 cupiens
1354 296 1520 324 invisibilem
1534 302 1660 326 naturam
1675 299 1780 333 videre,

992 339 1097 366 audivit
1118 340 1207 374 ipsum
1229 341 1375 369 Dominum
1395 343 1481 370 Deum
1507 343 1645 371 dicentem
1669 353 1676 371 :
1693 354 1702 369 ι
1721 344 1781 372 Non

992 385 1098 412 videbit
1112 385 1209 413 faciem
1226 395 1313 414 meam
1330 388 1423 420 homo,
1437 393 1466 416 et
1479 389 1598 416 vivet".
1615 398 1624 415 ι

1030 473 1133 501 ERAN.
1151 474 1293 507 Quomodo
1318 483 1382 510 ergo
1405 476 1588 512 intelligemus
1609 478 1685 510 illud.
1704 487 1713 503 ι
1728 479 1782 505 An-

994 519 1046 554 geli
1061 527 1157 547 eorum
1180 528 1288 556 semper
1309 522 1403 549 vident
1424 522 1520 549 faciem
1544 523 1631 551 Patris
1648 525 1752 551 vestri?
1768 534 1777 550 ι

1030 609 1081 644 21
1100 609 1204 637 ORTH.
1223 611 1299 638 Sicut
1315 619 1346 638 ea
1365 611 1514 647 intelligere
1530 613 1650 641 solemus
1673 621 1733 647 quae
1747 614 1781 641 de

993 653 1153 683 hominibus
1176 655 1315 689 dicuntur,
1337 657 1384 692 qui
1405 657 1491 684 Deum
1513 657 1615 685 vidisse
1635 659 1781 686 existimati

993 704 1067 727 sunt.

1029 745 1132 773 ERAN.
1148 746 1196 774 Dic
1211 747 1321 779 clarius.
1334 756 1388 775 non
1401 748 1474 775 enim
1492 749 1623 777 intellexi.
1644 749 1685 777 An
1700 751 1782 777 etiam

993 791 1028 818 ab
1043 791 1202 819 hominibus
1214 794 1290 820 cerni
1306 797 1397 828 potest
1411 794 1500 821 Deus?
1549 815 1555 820 .

1029 835 1135 864 ORTH.
1155 837 1343 873 Nequaquam.

1029 882 1131 909 ERAN.
1147 882 1274 910 Attamen
1287 883 1408 911 divinam
1418 884 1586 919 Scripturam
1601 885 1728 912 audimus
1743 885 1785 912 di-

995 930 1103 954 centem
1113 935 1144 956 :1
1160 928 1294 963 Apparuit
1303 929 1376 956 Deus
1387 929 1503 956 Abrahae
1513 930 1546 956 ad
1556 938 1688 964 quercum
1702 930 1784 957 Mam—

995 972 1051 999 brae
1067 973 1103 1005 '5;
1120 982 1129 998 ›
1143 977 1171 1000 et
1185 973 1280 1000 Isaiam
1296 974 1432 1002 dicentem
1450 984 1456 1001 :
1476 984 1484 1000 ι
1503 975 1564 1003 Vidi
1580 975 1723 1002 Dominum
1741 984 1783 1002 ξος

994 1018 1105 1045 dentem
1121 1027 1203 1054 super
1219 1020 1348 1047 thronum
1363 1021 1502 1048 excelsum
1523 1025 1550 1048 et
1564 1022 1698 1049 elevatum
1712 1022 1743 1048 “.
1771 1031 1778 1046 ι

994 1065 1152 1099 Eodemque
1169 1065 1250 1092 modo
1272 1066 1423 1100 loquuntur
1436 1066 1578 1099 Michwas,
1593 1071 1621 1094 et
1636 1067 1740 1100 Daniel,
1755 1072 1784 1095 et

994 1108 1130 1136 Ezechiel.
1143 1109 1180 1137 De
1192 1110 1265 1137 Mose
1276 1118 1341 1138 vero
1352 1111 1506 1146 legislatore
1518 1117 1612 1139 narrat
1623 1103 1738 1139 historia
1750 1112 1782 1144 ⁸ο,

994 1155 1067 1190 quod
1080 1155 1188 1182 locutus
1201 1156 1236 1183 sit
1250 1156 1382 1183 Dominus
1395 1164 1457 1183 cum
1471 1156 1543 1184 Mose
1558 1156 1592 1184 de
1609 1156 1679 1184 facie
1695 1157 1728 1184 ad
1746 1157 1785 1183 fa-

994 1200 1074 1232 ciem,
1089 1200 1159 1228 sicut
1179 1201 1248 1228 solet
1263 1201 1338 1236 loqui
1357 1201 1440 1228 homo
1455 1201 1489 1228 ad
1508 1201 1626 1229 amicum
1640 1210 1730 1230 suum.
1751 1203 1786 1229 Et

994 1246 1052 1280 ipse
1069 1253 1178 1280 quoque
1193 1246 1386 1273 universorum
1408 1247 1480 1274 Deus
1496 1246 1562 1274 dicit
1577 1255 1583 1274 :
1600 1257 1609 1272 ί
1628 1246 1681 1274 Ore
1700 1247 1733 1274 ad
1754 1255 1786 1275 os

994 1292 1091 1327 loquar
1100 1292 1125 1319 ei
1137 1292 1227 1327 palam
1240 1297 1268 1319 et
1287 1300 1342 1319 non
1353 1299 1402 1326 per
1412 1291 1555 1326 aenigmata
1567 1292 1598 1318 ".
1616 1301 1624 1317 ι
1639 1291 1709 1324 Quid
1720 1300 1785 1327 ergo

994 1337 1136 1365 dicemus?
1150 1337 1223 1372 quod
1237 1337 1359 1364 divinam
1376 1337 1552 1372 contemplati
1569 1337 1625 1364 sint
1642 1339 1786 1364 naturam?

1029 1429 1133 1457 ORTll.
1157 1429 1276 1456 Minime.
1293 1429 1353 1464 lpsc
1374 1429 1447 1456 enim
1464 1429 1535 1456 Deus
1556 1429 1624 1457 dixit
1643 1438 1648 1455 :
1666 1438 1675 1455 ‹
1699 1428 1784 1457 Nemo

995 1475 1098 1502 videbit
1112 1475 1210 1503 faciem
1223 1482 1322 1507 meam,
1339 1479 1366 1502 et
1380 1476 1461 1502 vivet.
1480 1484 1489 1500 ›

1031 1521 1134 1547 ERAN.
1159 1520 1328 1547 Mentiuntur
1355 1528 1421 1555 ergo
1444 1520 1491 1555 qui
1517 1528 1546 1547 se
1575 1520 1660 1547 Deum
1684 1520 1784 1548 vidisse

996 1565 1144 1593 dixerunt?

187 1606 265 1633 0P6.
285 1606 331 1642 Μὴ
345 1606 469 1641 γένοιτοι
495 1604 570 1632 Ετδον
594 1605 649 1641 γὰρ
671 1605 743 1640 ἅπερ
763 1605 825 1632 ἰδεῖν
845 1605 943 1637 αὐτοὺς

1031 1611 1135 1639 ORTH.
1150 1611 1246 1638 Absit!
1261 1611 1394 1638 Viderunt
1406 1611 1479 1638 enim
1501 1619 1561 1646 quae
1576 1611 1650 1646 ipsos
1670 1619 1785 1639 cernere

149 1650 208 1679 οἷόν
222 1661 252 1678 τε
266 1650 311 1687 ἦν.
334 1652 339 1657 ’

187 1699 292 1725 ΕΡΑΝ.
309 1699 348 1734 Τῇ
363 1698 477 1733 δυνάμει
492 1698 546 1732 ἄρα
561 1697 616 1724 τῶν
630 1696 754 1733 ὁρώντων
764 1697 778 1722 ὀ
793 1695 942 1732 φιλάνθρω‹

150 1753 204 1777 πος
222 1744 360 1778 Δεσπότης
375 1743 425 1774 τὰς
444 1742 629 1778 ἀποκαλύψεις
644 1743 756 1777 μετρεί;

187 1791 265 1817 ΟΡΘ.
284 1790 359 1817 Πάνυ
372 1798 414 1824 γε.
428 1790 482 1816 Καὶ
498 1788 578 1815 τοῦτο
592 1788 648 1824 ('20)
660 1788 740 1823 δῆλον
753 1787 797 1815 διὰ
810 1787 857 1814 τοῦ
876 1796 944 1823 προ-

151 1839 240 1871 φήτου
261 1836 423 1871 πεποίηκεν.
443 1845 451 1861 ι
476 1835 548 1869 Ἐγὼ
565 1834 630 1869 γὰρ,
647 1834 711 1869 ἔφη,
734 1834 845 1869 ὁράσεις
862 1833 945 1870 ἐπλή-

151 1883 233 1912 ϐυνα,
245 1883 293 1908 καὶ
310 1882 339 1908 ἐν
351 1882 429 1917 χερσὶ
440 1879 588 1916 προφητῶν
597 1879 768 1915 ὡμοιώθην.ι
785 1880 842 1906 Οὐκ
855 1877 943 1912 εἶπεν,

153 1926 272 1961 Ὠιρθην,
292 1926 360 1958 ἀλλ’,
380 1935 389 1951 ι
416 1925 575 1960 Ὠμοιώθην.
602 1933 612 1951 ι
635 1925 668 1951 Ἦ
697 1924 726 1951 δὲ
745 1925 873 1960 ὁμοίωσις
894 1925 944 1951 οὐκ

150 1973 239 2007 αὐτὴν
251 1973 327 2005 δηλοῖ
339 1972 387 1999 τοῦ
400 1972 538 2007 ὁρωμένου
552 1971 602 2006 τὴν
617 1970 707 2005 φύσιν.
718 1970 785 1997 Οὐδὲ
798 1970 852 2006 γὰρ
866 1971 882 2006 ή
897 1970 943 1997 τοῦ

152 2018 287 2054 βασιλέως
311 2017 395 2044 εἰκὼν
416 2017 498 2044 αὑτοῦ
524 2017 643 2044 δείκνυσι
668 2016 715 2043 τοῦ
741 2016 873 2051 βασιλέως
894 2017 944 2052 τὴν

152 2065 248 2099 φύσιν,
265 2064 316 2091 κᾶν
332 2064 458 2098 ἐναργεῖς
473 2062 593 2099 διασώζῃ
606 2062 653 2090 τοῦ
671 2062 802 2098 βασιλέως
817 2064 879 2095 τοὺς
896 2072 944 2099 χα-

154 2110 307 2146 ρςικτῆρας.

188 2155 291 2182 EPAN.
314 2154 428 2189 ’Δδηλόν
445 2155 502 2181 ἐστι
521 2153 602 2181 τοῦτό
630 2162 662 2187 γε
693 2154 741 2180 καὶ
759 2154 872 2188 ἀσαφές.
893 2155 944 2182 οὺ-

152 2200 220 2228 κοῦν
234 2200 293 2236 (21)
309 2200 370 2227 οὐδὲ
381 2200 428 2227 τοῦ
444 2200 512 2227 Θεοῦ
526 2200 576 2235 τὴν
587 2199 679 2226 οὐσίαν
695 2197 764 2226 εἶδον
775 2201 800 2226 οι
815 2199 864 2232 τὰς
880 2202 946 2228 ἀπο-

154 2246 286 2281 καλύψεις
303 2246 411 2277 ὲκείνας
424 2245 588 2280 θεασάμενοι
601 2255 609 2278 ;

189 2293 266 2321 οΡΘ.
287 2293 336 2325 Τίς
351 2292 407 2328 γὰρ
428 2291 500 2319 οὕτω
524 2292 645 2328 μέμηνεν
664 2291 734 2319 ὥστε
760 2291 840 2319 τοῦτο
859 2293 944 2327 φάναι

153 2339 291 2373 τολμῆσαι
303 2348 311 2372 ;

189 2384 294 2411 ΕΡΔΝ.
314 2384 428 2419 Εἴρηται
441 2383 469 2410 δὲ
484 2383 558 2418 ὅμως
571 2383 608 2416 ὡς
623 2384 787 2420 ἑωράκασιν.

191 2428 269 2455 ΟΡΘ.
276 2428 400 2464 Εἴρηται.
409 2428 504 2463 Ἡμεῖς
510 2428 538 2454 δὲ
549 2428 594 2454 καὶ
601 2428 740 2464 λογισμοῖς
749 2431 873 2460 εὐσεϐέσι
881 2442 947 2469 χρη-

156 2474 282 2508 σάμενοι,
294 2473 342 2499 καὶ
352 2474 411 2505 ταῖς
422 2472 576 2506 ἀποφάσεσι
588 2474 648 2504 ταῖς
660 2473 747 2505 θείαις
763 2477 945 2512 πιστεύοντες,

156 2519 186 2545 αἶ
200 2518 283 2553 βοῶσι
293 2519 452 2555 διαρρήδην,
464 2528 474 2545 ι
488 2518 554 2545 Θεὸν
567 2518 654 2551 οὐδεὶς
674 2519 778 2556 ἑώρακε
794 2521 914 2557 πώποτε,
935 2534 944 2550 ι

994 1657 1035 1684 fas
1047 1662 1114 1684 erat.
1691 1662 1696 1666 ‘

1030 1702 1134 1729 ERAN.
1148 1702 1187 1730 Ad
1199 1703 1381 1737 spectantium
1392 1710 1457 1738 ergo
1466 1707 1574 1737 captum
1586 1702 1721 1738 benignus
1730 1702 1784 1730 Do-

995 1748 1086 1775 minus
1099 1748 1282 1775 revelationes
1296 1749 1477 1783 attemperat?

1031 1791 1136 1819 ORTH.
1157 1792 1284 1819 Omnino.
1301 1792 1335 1819 Et
1355 1793 1413 1819 haec
1428 1793 1464 1819 ita
1486 1799 1515 1819 se
1537 1792 1638 1819 habere
1658 1800 1706 1827 per
1723 1801 1786 1827 pro-

995 1838 1105 1872 phetam
1122 1842 1248 1865 testatur.
1266 1847 1275 1862 ι
1290 1838 1358 1872 Ego,
1373 1839 1381 1848 ‘
1401 1837 1500 1872 inquit,
1516 1838 1636 1864 visiones
1652 1838 1783 1872 multipli-

995 1885 1070 1916 cavi,
1090 1889 1118 1912 et
1138 1884 1165 1911 in
1181 1884 1378 1919 prophetarum
1401 1884 1454 1918 22
1471 1884 1598 1911 manibus
1618 1883 1802 1911 assimilatus,

995 1938 1056 1958 sum
1071 1930 1140 1957 "-".
1155 1940 1163 1955 ι
1181 1930 1240 1957 Non
1266 1930 1314 1961 ait,
1333 1930 1414 1957 Visus
1431 1937 1502 1961 sum,
1515 1929 1562 1956 sed
1572 1949 1579 1961 ,
1593 1939 1602 1954 ι
1612 1928 1786 1958 Assimilatus

996 1983 1084 2002 sum.»
1097 1975 1254 2003 Similitudo
1267 1978 1358 2002 autem
1371 1983 1426 2002 non
1437 1974 1523 2009 ipsum
1536 1974 1657 2001 ostendit
1670 1975 1708 2001 rei
1721 1982 1785 2009 qua

995 2021 1118 2049 cernitur
1138 2025 1274 2048 naturam.
1291 2020 1384 2055 Neque
1404 2019 1478 2048 enim
1501 2020 1572 2055 regis
1595 2020 1683 2055 imago
1699 2019 1786 2054 ipsius

995 2066 1068 2102 regis
1084 2066 1256 2094 demonstrat
1269 2069 1405 2098 naturam,
1418 2065 1525 2092 etiamsi
1536 2064 1663 2097 distincte
1674 2071 1786 2100 expres-

995 2121 1053 2141 sam
1067 2112 1169 2140 referat
1184 2111 1256 2147 regis
1270 2111 1395 2146 clligiem.

1031 2157 1135 2186 ERAN.
1154 2157 1212 2184 Hoc
1223 2157 1372 2184 obscurum
1392 2160 1443 2188 est,
1464 2159 1492 2183 et
1512 2164 1567 2183 non
1589 2156 1655 2184 satis
1668 2155 1786 2190 explica-

997 2208 1065 2231 tum.
1077 2203 1148 2238 Ergo
1159 2209 1211 2229 nec
1223 2201 1270 2229 Dei
1282 2201 1429 2228 essentiam
1440 2201 1570 2233 viderunt
1582 2201 1629 2237 qui
1644 2201 1786 2229 revelatio-

962 2263 984 2289 ι)
998 2257 1048 2277 nes
1063 2249 1123 2276 illas
1136 2247 1313 2282 contemplati
1327 2247 1407 2274 sunt?

1034 2293 1139 2322 ORTH.
1155 2293 1221 2326 Quis
1237 2292 1306 2320 adeo
1320 2296 1412 2320 mente
1427 2297 1523 2328 captus
1538 2297 1589 2325 est,
1605 2297 1634 2320 ut
1651 2292 1705 2319 hoc
1715 2291 1786 2318 allir-

1000 2348 1076 2369 mare
1093 2339 1212 2367 audeat?

1037 2386 1140 2414 ERAN.
1155 2385 1190 2413 Et
1205 2388 1296 2412 tamen
1310 2384 1413 2412 dictum
1425 2388 1467 2412 est
1480 2384 1553 2418 quod
1568 2383 1698 2410 viderint.

1035 2431 1139 2460 ORTH.
1154 2431 1262 2458 Dictum
1278 2434 1329 2458 est.
1346 2429 1401 2456 Nos
1417 2437 1492 2460 vero,
1505 2432 1532 2455 et
1550 2427 1603 2462 piis
1615 2426 1789 2462 cogitationh

999 2478 1052 2506 bus
1071 2481 1188 2508 utentes,
1207 2480 1236 2503 et
1248 2475 1349 2505 divinis
1368 2473 1614 2502 asseverationibus
1630 2473 1785 2504 credentes.

1000 2531 1061 2560 quae
1072 2523 1173 2551 diserte
1187 2521 1321 2550 afﬁrmant
1345 2520 1418 2555 quod
1432 2520 1517 2547 Deum
1529 2527 1610 2547 nemo
1625 2519 1724 2546 viderit
1736 2527 1787 2546 un-

193 2591 217 2607 “
225 2591 312 2628 {eam
326 2599 345 2622 ι,
368 2591 411 2618 18.
439 2591 472 2628 ,ξ’
484 2589 573 2618 Exod.
588 2597 682 2624 xum,
695 2591 741 2620 20.
778 2593 801 2609 "
814 2592 883 2622 Gen.
896 2603 943 2623 xvt‘

1008 2616 1010 2623 .
1053 2595 1075 2612 ⁸³
1088 2595 1139 2623 lsa.
1153 2603 1189 2628 Vl,
1206 2594 1230 2622 ί.
1271 2592 1292 2608 ⁵⁸
1308 2590 1394 2619 Exod.
1407 2599 1500 2623 xxxm,
1519 2590 1560 2618 ll.
1601 2590 1622 2606 δ’
1636 2590 1718 2622 Num.
1735 2598 1784 2622 ιιι,

157 2625 186 2654 3.
223 2626 284 2642 “-“
295 2625 359 2654 Ose.
373 2634 420 2658 ιιι,
435 2626 479 2654 10.

195 2686 252 2722 (18)
266 2687 343 2722 νοήσ.
360 2687 399 2714 Ita
414 2687 458 2715 ed.
471 2688 551 2715 Rom.
568 2691 596 2714 et
608 2686 683 2722 Lips.
696 2689 848 2724 νοήσωμεν.
864 2688 946 2717 Sirm.

157 2724 303 2757 νοὴσομεν.

197 2757 352 2795 (l91M_i1—_~
366 2757 471 2795 ό-Θεός.
483 2757 555 2795 Haac_
563 2758 591 2786 in
604 2759 648 2787 ed.
668 2760 747 2786 Rom.
757 2763 789 2795 _et
803 2759 879 2795 Lips.
897 2768 949 2788 ηοω

159 2801 223 2820 men
238 2792 389 2820 Orthodoxi
410 2800 466 2827 pne
492 2800 521 2819 se
544 2793 644 2821 ferunt.
658 2793 789 2828 Οὐδαμῶς
815 2792 950 2822 Ei-anista:

159 2828 303 2864 tribuitur.
336 2828 435 2864 Sicque
458 2831 563 2855 mutato
588 2829 685 2857 ordine
715 2829 802 2856 oratio
826 2830 950 2864 procedit

159 2870 248 2900 usque
264 2862 298 2889 ad
313 2863 386 2890 Πάνυ
402 2871 458 2900 γε.»
473 2864 669 2900 pestatem).
693 2866 793 2900 μετρεῖ.
816 2862 950 2893 Eumdem

158 2898 287 2925 ordinem
299 2902 373 2926 tenet
389 2897 482 2926 versio’
494 2897 622 2934 Strigelii.

1037 2690 1092 2727 (εει)
1111 2691 1166 2727 Kal.
1177 2689 1265 2727 τοῇτο,
1280 2697 1346 2727 κῖιτ.
1357 2689 1381 2727 λ’.
1399 2688 1439 2715 Ab
1453 2685 1601 2715 his.verhis
1618 2686 1716 2727 incipit-
1724 2693 1785 2713 ser-

1001 2722 1046 2754 mo
1064 2722 1214 2753 orthodoxi
1231 2724 1259 2751 in
1277 2724 1354 2751 editt.
1366 2724 1421 2758 jam
1435 2722 1664 2758 commemoratis.

1038 2761 1092 2797 (21)
1106 2759 1209 2797 Ουκορν
1219 2774 1254 2780 -
1262 2755 1437 2797 θεασάμζενοιι
1446 2758 1508 2785 Haec
1517 2757 1546 2797 ll:
1560 2764 1600 2784 cc.
1616 2755 1784 2797 Drthgdoxo,

1002 2790 1050 2827 Ἕίὲ
1061 2790 1096 2816 -—'
1104 2794 1237 2829 τολμῆσαι
1253 2798 1343 2821 autem
1351 2790 1490 2821 'Eranista:
1502 2793 1672 2820 tribuuntur.
1689 2790 1784 2829 ξιοκί-

1002 2811 1048 2858 tu:
1537 2811 1655 2862 sequens
1679 2825 1787 2861 εἴρηται

1003 2865 1135 2893 Ετιιιιιςιιε
1149 2869 1199 2893 est.
1217 2864 1331 2899 Reliqua
1343 2863 1527 2892 consentiunt.
1749 2866 1753 2871 '
