1953 3055
140 172 176 203 5⁸1
675 173 863 204 DIALOGUS
882 174 907 204 Ι.

985 174 1236 206 IMMUTABILIS
1241 194 1247 200 -
1741 179 1777 210 58

179 227 258 255 οΡθ.
280 227 358 254 Κατὰ
374 227 424 262 τὴν
437 229 598 265 παροιμίαν,
618 229 656 261 ὡς
669 229 767 262 ἔοικεν,
783 231 822 262 εἰς
839 237 921 264 τετρη

1024 230 1128 258 ORTH.
1141 231 1171 258 In
1189 236 1343 266 pertusum,
1359 231 1433 266 quod
1450 231 1537 264 aiunt,
1555 231 1671 263 dolium,
1687 238 1716 260 ut
1730 241 1778 268 ap-

143 274 228 308 μένον
242 272 320 300 πίθον
334 274 492 310 ἀπλοῦμεν-
506 275 574 310 μετὰ
585 275 641 311 γὰρ
650 275 757 308 ὲκείνας
769 277 877 308 ἁπάσας
889 276 938 307 τὰς

141 320 308 354 ἀποδείξεις,
324 320 371 346 καὶ
383 320 433 352 τὰς
447 321 501 347 τῶν
513 320 677 348 ἀντιθέσεων
691 321 793 355 λύσεις,
809 322 874 355 τοὺς
890 323 939 350 αὺο

141 367 208 397 τοὺς
220 366 317 399 λόγους
330 367 504 399 ἀνακυκλεῖς.

181 411 286 438 ΕΡΔΝ.
306 412 363 438 οὐκ
380 411 500 448 ἐμαυτοῦ
518 421 560 440 σοι
584 413 681 449 λόγους
694 435 702 447 ,
717 414 775 441 ἀλλ’
793 414 938 449 εὐαγγελιο

142 455 211 487 κοίις
225 456 383 492 προσφέρω.

179 502 258 529 οΡθ.
286 501 358 536 Ἐγὼ
375 502 404 529 δὲ
425 502 479 529 τῶν
502 503 690 538 εὐαγγελικῶν
713 505 762 540 τὴν
788 505 937 540 ἑρμηνείαν

139 549 194 575 οὐκ
209 550 243 574 ἑκ
258 548 438 584 προφητικῶν
463 558 505 577 σοι
526 553 574 578 καὶ
597 551 785 578 ἀποπολικῶν
804 552 937 587 προσενή-

138 603 210 629 νοχα
223 595 310 629 λόγων
321 605 328 629 ;

177 641 281 668 ΕΡΑΝ.
311 642 369 670 Οὐκ
393 643 551 679 ἀποχρῶσιν
581 644 680 670 ἐκεῖνοι
706 644 736 670 τὸ
771 643 936 679 ζητούμενον

136 685 172 712 λῦ
179 696 234 713 ται.

175 733 255 759 ΟΡΘ.
275 733 329 760 Καὶ
344 735 397 770 μὴν
412 734 553 770 ἐδείξαμεν
565 735 604 767 ὡς
616 754 624 766 ,
637 735 752 770 ἀόρατος
774 735 822 766 ὢν,
843 735 937 769 ἐφανε-

139 786 158 813 ρ
168 778 220 813 ὺθη
234 778 279 805 διὰ
297 780 409 814 σαρκός.
423 781 477 807 Καὶ
493 781 578 816 αὐτῆς
596 781 650 816 ('27)
662 780 690 806 δὲ
707 781 756 815 τῆς
772 780 872 815 σαρκὸς
886 779 934 816 τὴν

136 825 304 858 συγγένειαν
330 827 406 862 παρὰ
429 827 482 853 τῶν
509 827 589 853 θείων
616 827 723 862 ἀνδρῶν
743 827 933 862 ἐδιδάχθημεν.

138 879 148 895 ι
164 870 330 907 Σπέρματος
345 874 399 908 γὰρ
430 873 555 908 Ἀϐραὰμ
568 872 794 907 ἐπιλαμϐάνεται.
813 882 822 898 ι
850 872 905 899 Καὶ
919 873 933 899 ὁ

134 918 281 953 Δεσπότης
297 919 363 950 Θεὸς
380 919 448 954 πρὸς
464 919 509 946 τὸν
523 918 698 954 πατριάρχην
717 919 785 953 ἔφη·
805 927 814 944 ι
837 919 882 945 Ὲν
895 919 934 954 τῷ

134 964 280 999 σπέρματὶ
293 973 340 991 σου
350 965 562 1001 εὐλογηθήσεται
577 966 666 992 πάντα
677 965 712 992 τὰ
720 965 783 999 έθνη
795 965 844 1000 τῆς
853 965 929 1000 γῆς’»

133 1009 184 1035 καὶ
210 1011 225 1036 ό
245 1009 424 1042 Ἀπόστολος’
451 1019 459 1035 ι
478 1009 616 1046 Πρόδηλον
642 1009 710 1045 γὰρ,
731 1010 772 1036 ὅτι
795 1009 824 1041 ὲξ
847 1009 932 1036 Ἰούδα

133 1054 322 1081 ἀνατέταλκεν
334 1056 348 1082 ό
361 1055 472 1091 Κύριος,
489 1065 498 1081 ι
515 1056 571 1082 Καὶ
582 1055 678 1090 ἐτέρας
693 1055 721 1082 δὲ
735 1055 836 1087 πολλὰς
845 1054 932 1082 τοιαύ-

133 1109 186 1132 τας
202 1101 404 1136 παρηγάγομεν
421 1102 587 1137 μαρτυρίας.
608 1101 718 1136 Ἐπειδὴ
731 1101 759 1127 δὲ
772 1102 818 1127 καὶ
830 1101 932 1136 ἑτέρων

134 1147 255 1174 ἀκοῦσαι
281 1147 374 1179 ποθεῖς
384 1167 391 1178 ,
408 1147 525 1182 ἄκουσον
540 1146 587 1173 τοῦ
608 1146 772 1173 ’Δποστόλου
789 1146 913 1180 λέγοντος
923 1154 930 1161 ·

136 1202 147 1219 ε
165 1194 224 1224 Πᾶς
240 1194 295 1229 γὰρ
313 1194 474 1229 ἀρχιερεὺς,
493 1193 524 1225 ἐξ
538 1192 690 1229 ἀνθρώπων
706 1192 930 1228 λαμῦανόμενος,

133 1240 176 1269 εἰς
198 1239 230 1265 τὸ
247 1239 414 1276 προσφέρειν
438 1239 511 1275 δῶρα
537 1239 584 1266 καὶ
609 1239 705 1270 θυσίας
726 1239 901 1267 καθίσταται.
918 1248 927 1265 ι

134 1284 220 1311 Ὅθεν
235 1286 387 1319 ἀναγκαῖον
402 1285 474 1321 ἔχειν
490 1294 515 1312 τι
531 1285 579 1312 καὶ
594 1285 686 1312 τοῦτον
705 1285 720 1312 ὃ
735 1286 917 1321 προσενέγκῃ.

171 1331 275 1358 EPAN.
295 1331 387 1364 Δεῖξον
408 1332 498 1358 τοίνυν
516 1331 556 1358 ὅτι
575 1330 655 1367 σῶμα
674 1330 765 1357 λαϐὼν
778 1332 930 1367 προσήνεγ-

134 1386 165 1405 κε
169 1385 194 1405 ν.

169 1424 247 1451 οΡΘ.
267 1424 355 1456 Αὐτὸς
369 1426 383 1450 ὁ
404 1424 476 1456 θεῖος
506 1424 667 1456 Ἀπόστολος
691 1425 720 1451 ἐν
747 1424 821 1460 αὐτῷ
839 1432 872 1458 γε
890 1424 930 1459 τῷ

131 1470 229 1507 χωρίῳ
244 1470 362 1497 διδάσκει
388 1470 490 1505 σαφῶς.
511 1471 578 1497 Μετ’
592 1471 669 1505 ὀλίγα
685 1470 740 1506 γὰρ
759 1470 830 1496 οὕτω
849 1470 927 1505 φησί·

134 1526 145 1543 ο
165 1517 212 1543 Διὸ
226 1517 417 1552 εἰσερχόμενος
430 1518 470 1548 είς
485 1517 531 1543 τὸν
545 1517 648 1552 κόσμον
663 1516 748 1551 λέγει·
765 1516 866 1543 Θυσίαν
880 1516 928 1543 καὶ

130 1563 293 1599 προσφορὰν
302 1563 352 1590 οὐκ
364 1563 512 1598 ἠθέλησας,
530 1564 609 1598 σῶμα
623 1563 651 1590 δὲ
664 1563 823 1598 κατηρτίσω
842 1571 897 1596 μοι.
915 1572 924 1587 ν
940 1575 961 1602 C

130 1610 190 1636 Οὐκ
207 1607 294 1642 εἶπεν,
315 1610 362 1642 Εἰς
379 1610 458 1645 σῶμα
476 1610 693 1645 μεταῦἐὸληκας,
718 1609 795 1639 ἀλλὰ,
814 1617 823 1634 ι
842 1607 925 1643 Σῶμα

128 1655 291 1691 κατηρτίσω
308 1665 363 1691 μοι.
384 1667 393 1682 ι
418 1656 499 1691 Δηλοί
521 1657 549 1683 δὲ
566 1657 616 1692 τὴν
635 1656 688 1683 ὑπὸ
702 1655 749 1682 τοῦ
767 1655 926 1690 Πνεύματος

128 1702 179 1729 τοῦ
199 1702 326 1738 σώματος
343 1703 531 1738 γεγενημένην
554 1702 709 1734 διάπλασιν,
724 1702 796 1729 κατὰ
812 1701 861 1734 τὴν
877 1701 925 1727 τοῦ

129 1748 301 1782 Εὐαγγελίου
316 1748 420 1783 φωνήν⁸
439 1758 448 1774 ι
521 1747 643 1783 φοϐηθῇς
656 1747 720 1783 γὰρ,
742 1747 820 1782 φησὶ,
836 1755 926 1782 παρα-

126 1793 224 1820 λαϐεῖν
240 1793 358 1829 Μαριὰμ.
379 1794 429 1828 τὴν
455 1793 576 1828 γυναῖκά
600 1801 656 1819 σου·
674 1793 706 1820 τδ
727 1793 782 1828 γὰρ
805 1792 834 1818 ὲν
855 1793 924 1828 αὐτῇ

126 1839 262 1874 γεννηθὲν
278 1840 311 1866 ὲκ
325 1839 485 1874 Πνεύματός
499 1840 574 1866 ἐστιν
589 1839 680 1869 ἁγίου.
699 1848 709 1864 ι

164 1885 269 1912 EPAN.
290 1884 375 1920 Σῶμα
388 1885 478 1912 τοίνυν
492 1885 509 1920 ὴ
524 1884 660 1919 Παρθένος
674 1883 755 1919 μόνον
768 1883 922 1918 ἐγέννησεν.

165 1931 244 1959 οΡΘ.
263 1931 330 1958 Οὐδὲ
344 1931 440 1967 αὐτὴν,
457 1931 496 1962 ὡς
512 1931 595 1963 ἔοικε,
613 1930 781 1966 κατενόησας
794 1930 849 1956 τῶν
862 1930 924 1956 συλ-

126 1978 220 2005 λαϐῶν
237 1978 288 2012 τὴν
301 1977 448 2013 συνθήκην,
463 1977 532 2012 ἦπου
549 1985 581 2011 γε
597 1977 646 2011 τὴν
657 1976 787 2003 διάνοιαν.
805 1976 857 2003 Τὸν
870 1977 924 2012 γὰρ

125 2025 178 2059 τῆς
192 2023 361 2058 συλλήψεως,
374 2023 404 2049 οὐ
422 2022 468 2050 τὸν
483 2022 535 2058 τῆς
555 2023 709 2058 γεννήσεως
724 2022 836 2058 τρόπον,
851 2022 924 2050 διδά-

127 2079 190 2097 σκει
203 2069 249 2096 τὸν
268 2069 379 2104 Ἰωσήφ.
392 2069 429 2095 Οὐ
441 2069 497 2104 γὰρ
511 2066 581 2095 εἷπε·
597 2068 633 2094 Τὸ
646 2068 676 2100 ἐξ
686 2068 770 2103 αὐτῆς
782 2068 921 2104 γεννηθὲν,

125 2117 200 2143 τοῦτ’
220 2116 281 2142 ἔστι
299 2115 421 2151 ποιηθὲν,
437 2115 454 2151 ἢ
471 2115 600 2146 πλασθὲν,
620 2115 653 2141 ὲκ
671 2114 830 2149 Πνεῦματός
848 2115 923 2141 ἐστιν

125 2164 216 2198 ἁγίου.
239 2162 350 2198 Ἐπειδὴ
363 2162 418 2197 γὰρ
432 2163 447 2189 ὁ
463 2162 574 2197 Ἰωσὴφ.
595 2161 699 2196 ἀγνοῶν
713 2161 744 2187 τὸ
760 2161 920 2196 μυστήριον,

128 2209 254 2245 μοιχείαν
271 2208 462 2240 ὑπώπτευσεν,
478 2207 606 2243 ἐδιδάχθη
623 2207 717 2241 and»;
733 2207 781 2234 τοῦ
795 2207 922 2242 Πνεύμα-

989 281 1076 311 paret,
1096 277 1275 305 intendimus.
1298 277 1365 305 Nam
1386 282 1448 313 post
1469 286 1566 306 omnes
1588 279 1649 306 illas
1662 279 1778 306 demon-

988 323 1145 356 strationes,
1166 327 1194 350 et
1220 323 1406 358 objectionum
1428 323 1591 357 solutiones,
1609 324 1706 352 eodem
1731 332 1777 352 ι’θ-

987 368 1117 395 volveris.

1024 413 1128 440 ERAN.
1144 413 1205 440 Non
1233 421 1284 449 ego
1309 413 1358 441 tibi
1375 414 1458 441 verba
1471 422 1542 447 mea,
1558 415 1606 442 sed
1620 415 1777 450 evangelica

988 459 1108 494 profero.

1022 505 1127 533 ORTH.
1145 505 1201 540 Ego
1214 513 1280 532 vero
1292 513 1384 533 nonne
1395 507 1615 541 evangelieorum
1637 507 1775 535 dictorum

987 551 1242 586 interpretationem
1256 552 1305 578 tibi
1330 560 1363 579 ex
1387 553 1557 588 propheticis
1576 558 1604 581 et
1619 554 1777 589 apostolicis

987 598 1080 625 verbis
1096 598 1195 625 attuli?

1024 643 1129 671 ERAN.
1149 644 1209 672 Non
1222 644 1362 672 sutliciunt
1376 645 1422 672 illa
1445 645 1478 672 ad
1505 645 1687 673 dirimendam
1702 655 1777 681 quas-

986 690 1114 717 stionem.

1023 736 1032 745 ⁶
1043 734 1149 762 ORTH.
1164 735 1246 770 Atqui
1265 737 1448 768 ostendimus,
1459 736 1533 771 quod
1551 744 1612 763 cum
1631 736 1777 764 invisibilis

986 785 1068 812 esset,
1077 781 1266 809 manifestatus
1276 783 1312 809 sit
1320 790 1369 817 per
1377 791 1497 810 carnem.
1510 783 1598 817 Ipsius
1609 791 1673 810 vero
1685 783 1778 811 carnis

986 828 1176 862 cognationem
1190 836 1205 855 a
1220 828 1321 855 divinis
1332 828 1563 855 virisdidicimus.
1586 828 1642 862 28
1653 839 1662 853 ι
1676 828 1774 856 Semen

985 874 1059 901 enim
1068 874 1184 901 Abrahae
1196 874 1310 901 assumit
1321 874 1354 900 ³⁸.
1370 885 1378 899 ι
1389 874 1422 901 Et
1438 875 1569 901 Dominus
1578 875 1649 901 Deus
1659 875 1776 908 patriar-

985 919 1044 946 chae
1066 918 1154 946 dixit:
1173 928 1181 944 ι
1201 919 1230 946 In
1252 919 1357 946 semine
1383 923 1430 946 tuo
1458 919 1658 946 benedicentur
1680 927 1776 946 omnes

984 968 1079 1000 gentes
1090 957 1175 992 terra:
1185 965 1224 997 ";
1245 974 1254 990 ι
1271 969 1299 992 et
1313 965 1461 1000 Apostolus
1479 974 1484 990 :
1506 975 1514 989 ι
1534 962 1707 991 Manifestum
1732 969 1775 992 est

983 1011 1067 1042 enim,
1088 1010 1163 1044 quod
1177 1017 1210 1037 ex
1226 1010 1296 1037 Juda
1311 1015 1390 1037 ortus
1405 1011 1441 1037 sit
1460 1010 1633 1037 Dominus”.
1653 1019 1662 1035 ›
1676 1010 1710 1037 Ει
1721 1009 1774 1037 alia

983 1057 1068 1083 multa
1094 1056 1230 1091 ejusmodi
1253 1056 1419 1083 adduximus
1450 1055 1617 1082 testimonia.
1637 1054 1772 1087 Quoniam

982 1106 1074 1130 autem
1101 1103 1154 1130 alia
1182 1103 1265 1130 etiam
1294 1102 1391 1129 audire
1419 1101 1508 1136 cupis,
1526 1100 1591 1127 audi
1612 1100 1773 1134 Apostolum

982 1148 1119 1176 dicentem
1135 1157 1142 1175 :
1171 1158 1180 1174 ι
1198 1148 1294 1176 Omnis
1322 1148 1396 1175 enim
1412 1147 1535 1182 pontifex
1563 1155 1597 1174 ex
1615 1146 1774 1174 hominibus

981 1199 1139 1230 assumptus
1165 1194 1357 1227 constituitur,
1373 1198 1405 1221 ut
1430 1193 1529 1220 otTerat
1543 1193 1616 1220 dona
1634 1197 1662 1219 et
1690 1191 1774 1219 sacri-

982 1240 1084 1268 ﬁcia“.
1104 1251 1112 1266 ι
1124 1240 1202 1268 Unde
1219 1241 1302 1267 etiam
1316 1247 1429 1267 necesse
1447 1243 1490 1266 est
1512 1239 1587 1266 hunc
1603 1246 1712 1273 quoque
1723 1237 1773 1264 ha-

980 1285 1046 1313 bere
1064 1286 1166 1321 aliquid
1182 1286 1255 1320 quod
1271 1289 1403 1312 assumat.

1017 1332 1120 1359 ERAN.
1149 1331 1270 1359 Ostende
1298 1339 1374 1366 ergo,
1398 1330 1472 1365 quod
1499 1334 1639 1364 assumpto
1657 1337 1772 1364 corpore

980 1379 1123 1406 obtulerit.

1015 1423 1120 1452 ORTH.
1131 1424 1187 1451 Hoc
1200 1423 1258 1458 ipse
1271 1424 1382 1451 divinus
1397 1423 1544 1458 Apostolus
1559 1423 1586 1450 in
1598 1423 1696 1451 eodem
1709 1423 1771 1450 loco

979 1475 1074 1506 aperte
1088 1471 1176 1498 docet.
1193 1471 1277 1498 Paulo
1293 1474 1353 1505 post.
1370 1470 1444 1497 enim
1460 1470 1500 1497 sic
1512 1469 1593 1497 dicit:
1612 1479 1621 1494 ι
1638 1469 1702 1496 Ideo
1726 1469 1769 1495 in-

980 1516 1108 1551 gredicns
1123 1516 1150 1543 in
1169 1516 1302 1543 mundum
1315 1515 1400 1542 dicit:
1419 1515 1540 1542 Hostiam
1555 1519 1582 1542 et
1602 1515 1769 1542 oblationem

980 1561 1102 1591 noluisti.
1130 1569 1232 1596 corpus
1265 1566 1357 1588 autem
1385 1561 1518 1596 adaptasti
1544 1561 1656 1588 mihi".
1681 1570 1689 1586 ι
1709 1561 1769 1588 Νοη

979 1607 1059 1638 dixit,
1075 1607 1105 1634 In
1119 1614 1220 1641 corpus
1236 1606 1408 1638 convcrtisti,
1423 1606 1483 1638 sed,
1497 1606 1620 1640 «Corpus
1634 1605 1769 1640 adaptasti

979 1652 1057 1680 mihi.
1076 1662 1084 1677 ι
1102 1651 1244 1686 Signiﬁcat
1263 1655 1355 1678 autem
1374 1659 1388 1678 a
1412 1650 1517 1686 Spiritu
1534 1650 1685 1686 profectam
1708 1657 1769 1677 cor-

978 1698 1053 1734 poris
1076 1698 1279 1728 formatiouem,
1295 1702 1325 1724 ut
1339 1702 1380 1725 est
1403 1697 1430 1724 in
1454 1697 1621 1732 Evangelia:
1647 1706 1655 1721 ι
1677 1696 1717 1723 Ne
1732 1696 1767 1723 ti-

977 1751 1054 1772 meas
1079 1751 1220 1771 assumere
1251 1743 1361 1770 Mariam
1393 1743 1536 1778 conjugem
1572 1747 1656 1769 tuam.
1689 1741 1768 1774 Quod

977 1789 1051 1816 enim
1066 1789 1094 1816 in
1113 1797 1145 1816 ea
1162 1793 1256 1816 natum
1269 1793 1321 1821 est,
1335 1789 1369 1816 de
1384 1788 1487 1824 Spiritu
1501 1793 1596 1816 sancto
1608 1792 1651 1816 est
1660 1787 1709 1813 ⁸⁸³.»

1014 1879 1117 1906 EHAN.
1133 1878 1226 1905 Solum
1239 1886 1304 1913 ergo
1319 1886 1419 1913 corpus
1427 1878 1509 1913 Virgo
1523 1877 1628 1913 genuit.

1011 1924 1117 1952 OHTH.
1135 1924 1191 1951 Nec
1210 1924 1292 1958 ipsas,
1318 1927 1348 1950 ut
1371 1927 1494 1958 apparet,
1519 1923 1667 1950 verborum
1687 1923 1766 1958 sylla-

975 1971 1035 2003 bas,
1049 1971 1150 1999 nedum
1163 1970 1339 2002 sententiam,
1356 1973 1500 1996 assecutus
1516 1977 1556 1996 es.
1571 1969 1680 1996 Modum
1691 1969 1765 1996 enim

975 2016 1176 2052 conceptionis,
1205 2024 1259 2043 non
1286 2016 1474 2051 generationis
1498 2015 1647 2050 Josephum
1673 2015 1764 2043 docet.

974 2064 1034 2091 Non
1047 2064 1121 2090 enim
1134 2062 1214 2094 dixit,
1231 2062 1308 2095 Quod
1324 2070 1356 2089 ex
1372 2070 1404 2089 ea
1416 2066 1521 2093 natum,
1537 2061 1589 2088 hoc
1606 2065 1647 2088 est
1663 2061 1764 2088 factum

975 2111 1017 2138 vel
1034 2111 1192 2142 formatum,
1208 2106 1240 2136 ex
1252 2109 1357 2144 Spiritu
1374 2113 1468 2135 sancto
1480 2113 1531 2135 cst.
1546 2107 1615 2141 Quia
1629 2107 1702 2134 enim
1716 2108 1764 2135 Jo-

974 2157 1052 2192 seph,
1075 2156 1186 2191 ignarus
1208 2156 1342 2192 mysterii,
1368 2154 1534 2182 adulterium
1560 2154 1763 2188 suspicabatur,

974 2203 1007 2230 de
1022 2201 1323 2236 formationeaSpiritu
1345 2204 1439 2228 sancto
1451 2199 1521 2227 facta
1538 2200 1682 2234 perspicue
1699 2199 1766 2226 edo-

124 2244 236 2291 :9;ri:'i}v
250 2254 405 2281 διάπλασιν.
417 2254 511 2280 Ταῦτα.
523 2254 568 2280 διὰ
580 2253 627 2280 τοῦ
639 2253 783 2289 Προφήτου
799 2253 918 2289 μηνύων,

985 2253 1035 2276 rtus
1046 2253 1097 2276 est.
1108 2248 1171 2275 Haec
1186 2247 1241 2282 29
1256 2254 1303 2282 per
1316 2246 1479 2281 Prophetam
1494 2245 1662 2280 signiﬁcans,
1676 2244 1764 2275 dixit,

123 2302 232 2336 simxs'
253 2310 263 2327 ι
283 2300 366 2336 Σῶμα
383 2300 412 2327 δὲ
431 2299 590 2335 κατηρτίσω
617 2308 673 2335 μοι.
696 2309 705 2325 ι
733 2299 922 2334 Πνευματικὸς

123 2349 152 2375 δέ
166 2357 199 2382 γε
213 2347 264 2379 ῶν,
283 2348 298 2374 ὁ
313 2346 384 2379 θεῖος
406 2346 569 2378 Ἀπόστολος
596 2347 753 2381 ἡρμήνευσε
770 2346 819 2381 τὴν
835 2346 920 2381 πρόρ-

124 2396 216 2428 ῥηςιν.
237 2393 269 2419 Εἰ
291 2392 382 2420 τοίνυν
397 2393 462 2419 [διον
483 2392 580 2428 ἱερέων
603 2392 634 2418 τὺ
651 2392 725 2427 δῶρα
742 2391 919 2427 προσφέρειν,

123 2440 217 2475 ίερεὺς
232 2439 259 2465 δὲ
272 2440 285 2465 ό
301 2439 417 2475 Χριστὸς
429 2439 500 2465 κατὰ
512 2438 542 2465 τὺ
554 2437 724 2474 ἀνθρώπινον
738 2438 917 2473 ἐχρημάτισε,

124 2486 310 2520 προσενήνοχε
323 2484 351 2511 δὲ
364 2485 414 2511 οὒκ
427 2484 511 2520 ἄλλην
524 2484 585 2510 τινὰ
594 2484 701 2516 θυσίαν,
717 2483 785 2510 ἀλλὰ
797 2483 826 2509 τὸ
839 2483 919 2518 σῶμα

122 2531 154 2557 τὸ
170 2530 280 2563 ἑαυτοῦ,
301 2530 380 2565 σῶμα
396 2530 449 2566 ἄρα
466 2528 564 2566 εἶχενό
583 2530 722 2566 Δεσπότης
739 2529 866 2566 Χριστός.

159 2619 264 2646 ΕΡΑΝ.
289 2619 423 2652 Πολλάκις
439 2619 536 2653 εἰπὼν,
561 2620 600 2652 ὡς
616 2620 677 2647 οὐδὲ
697 2619 754 2654 ἐγὼ
770 2619 918 2655 ἀσώματον

121 2665 243 2699 φανῆναι
264 2664 311 2691 τὸν
338 2664 405 2692 Θεδν
431 2665 518 2700 Λόγον
543 2665 634 2701 φημί·
659 2665 689 2692 οὐ
709 2665 762 2701 μὴν
784 2665 812 2692 δὲ
835 2665 917 2692 αὐτὸν

123 2709 206 2744 σῶμα
225 2709 410 2745 ἀνειληφέναι,
428 2709 497 2737 ἀλλὰ
513 2710 603 2745 σάρκα
615 2709 742 2744 γενέσθαι
762 2709 843 2744 λέγω.

122 2833 126 2836 .
159 2808 182 2823 ⁵·
203 2807 287 2834 Hebr.
305 2817 332 2838 ιι,
358 2809 398 2836 i6.
436 2809 539 2837 "Gen.
557 2817 621 2841 ml,
642 2809 682 2836 l8.
720 2810 740 2825 °°
759 2808 840 2837 Hebr.
858 2816 903 2842 ut,
923 2810 926 2835 ἑ

1005 2808 1024 2823 ⁸⁷
1043 2807 1129 2835 Hebr.
1145 2816 1169 2840 ι’,
1194 2807 1215 2834 l,
1257 2807 1278 2822 "
1296 2806 1379 2834 Hebr.
1395 2814 1421 2839 κ,
1436 2806 1461 2833 5.

121 2844 145 2860 (λ
169 2843 241 2870 I'sal.
258 2851 301 2874 XL,
313 2844 339 2869 7.

160 2899 218 2934 (Ξῖ)
236 2898 289 2926 Ed.
305 2898 384 2926 Rom.
400 2903 426 2927 et
448 2899 521 2934 Lips.
539 2899 634 2935 αὐτὴν.

977 2305 986 2320 ι
997 2294 1105 2328 Corpus
1122 2298 1213 2321 autem
1227 2291 1362 2326 adaptasti
1378 2291 1446 2318 mihi
1458 2291 1491 2317 θλ.
1509 2300 1518 2316 ι
1533 2290 1647 2317 Divinus
1671 2294 1763 2316 autem

972 2339 1132 2374 Apostolus,
1144 2338 1248 2374 Spiritu
1262 2338 1371 2373 plenus,
1391 2336 1598 2372 prtedictionem
1625 2335 1762 2369 interpre-

973 2390 1046 2413 tatus
1058 2389 1110 2413 est.
1125 2385 1153 2413 Si
1165 2392 1232 2420 ergo
1245 2384 1419 2412 sacerdotum
1440 2383 1583 2418 proprium
1604 2384 1647 2408 est
1662 2379 1763 2407 otl‘erre

972 2439 1098 2464 munera,
1122 2430 1251 2458 Christus
1275 2433 1366 2456 autem
1386 2427 1539 2455 secundum
1562 2423 1762 2453 humanitatem

970 2476 1098 2503 sacerdos
1113 2475 1267 2510 appellatus
1279 2478 1331 2503 est.
1343 2473 1461 2500 hostiam
1476 2479 1559 2506 porro
1574 2470 1667 2501 aliam,
1679 2476 1762 2504 quam

970 2530 1072 2557 corpus
1085 2529 1177 2553 suum,
1202 2528 1258 2548 non
1281 2519 1391 2551 obtulit,
1409 2517 1534 2553 sequitur
1550 2516 1691 2544 Christum
1710 2515 1763 2541 Do-

973 2567 1076 2594 minum
1089 2574 1191 2601 corpus
1208 2565 1349 2593 habuisse.

1006 2613 1110 2640 ERAN.
1127 2612 1204 2646 Quod
1222 2619 1292 2646 saepe
1311 2612 1366 2646 jam
1386 2609 1453 2641 dixi,
1480 2617 1569 2644 neque
1589 2616 1640 2644 ego
1668 2607 1754 2634 incor~

971 2667 1085 2695 pureum
1114 2658 1274 2694 apparuisse
1300 2657 1385 2684 Deum
1411 2655 1532 2683 Verbum
1562 2655 1640 2682 dico:
1671 2653 1760 2688 ipsum

971 2710 1061 2733 tamen
1077 2712 1132 2731 non
1145 2711 1247 2738 corpus
1257 2702 1449 2737 assumpsisse,
1465 2700 1512 2728 sed
1532 2708 1644 2728 carnem
1659 2699 1760 2726 factum

968 2759 1029 2779 esse
1049 2750 1164 2778 aHirmo.

1520 2805 1542 2821 "
1562 2803 1654 2832 Matth
1678 2811 1696 2836 I,
1710 2803 1757 2831 9.0.
