1953 3055
169 151 204 182 63
660 148 901 180 THEODORETI
921 146 1088 176 EPISCOPI
1109 146 1287 176 CYRENSIS
1753 142 1791 173 Μ

170 206 302 234 Dominus
317 210 407 233 autem
420 206 501 237 Deus,
519 212 574 231 non
595 204 683 231 solum
695 203 805 231 Davidis
817 210 911 230 semen
927 201 955 227 in

1023 199 1035 225 δ
1054 199 1141 235 πέρας
1155 199 1272 233 ἐδέξατο.
1291 200 1320 225 '0
1335 198 1362 226 δὲ
1378 199 1515 233 Δεσπότης
1530 198 1611 231 Θεὸς,
1623 197 1652 223 οὐ
1673 198 1752 232 μόνον
1761 199 1793 224 τὸ
1841 221 1844 225 .

170 256 302 279 aeternum
318 255 499 282 servaturum,
513 250 559 277 sed
573 249 631 284 ejus
652 249 735 276 etiam
759 255 872 282 regnum
893 247 952 274 sine

172 296 226 323 ﬁne
253 299 476 323 conservaturum
504 293 639 329 promisit.
670 303 679 318 ι
698 291 848 319 (Ediﬁcabo
868 290 952 322 enim,

171 341 270 376 inquit,
298 342 325 367 in
353 339 556 375 generationem
583 343 610 366 et
633 337 838 374 generationem
861 335 954 362 sedem

173 391 246 413 tuam
260 386 291 412 ⁷⁸.
313 395 320 410 ι
342 385 471 412 Videmus
484 388 574 411 autem
596 387 623 410 et
642 390 728 417 genus
747 383 806 416 ejus
828 380 954 416 periisse,

172 437 200 460 et
216 440 327 468 regnum
343 432 423 458 ﬁnem
435 431 550 465 cepisse.
565 430 653 464 Atque
668 429 726 455 haec
738 431 882 455 cernentes
900 426 956 453 sci-

173 485 234 504 mus
251 483 341 504 tamen
355 477 544 503 universorum
556 475 642 501 Deum
654 481 778 501 veracem
797 480 866 500 €550.

209 523 311 549 ΕιιΑΝ.
327 522 440 549 Constat
453 522 537 548 Deum
552 520 664 547 minime
677 519 798 547 mentiri.

208 568 260 602 33
289 567 392 594 OllTll.
420 566 448 593 Si
471 574 535 601 ergo
559 566 630 592 Deus
647 572 728 592 verax
755 568 808 596 est,
824 567 854 590 ul.
869 563 957 597 reipsa

173 620 256 640 verax
281 616 332 643 est,
348 611 443 638 Davidi
457 615 547 637 autem
565 609 700 644 promisit,
717 609 773 635 fore
785 612 815 635 ut
831 611 859 635 et
873 615 959 643 genus

174 656 261 691 ipsius
285 660 312 682 et
339 663 452 690 regnum
476 655 504 682 in
531 659 694 689 perpetuum
720 657 850 685 servaret,
870 660 959 687 neque

174 705 266 729 tamen
290 705 336 728 aut
360 709 446 736 genus
471 705 517 728 aut
538 708 650 735 regnum
663 699 787 726 videmus
801 700 960 735 (utrumque

175 748 248 775 enim
261 746 398 781 cessavit),
411 746 548 781 quomodo
560 745 724 773 adversariis
736 745 822 772 Deum
835 752 960 772 veracem

175 801 236 820 esse
250 792 474 827 persuadebimus
486 792 497 818 ?

212 838 313 864 ERAN.
338 838 456 865 Dubium
481 837 572 872 itaque
595 845 650 864 non
666 841 718 870 est,
738 836 805 872 quin
825 837 882 864 haec
896 843 960 871 pro-

177 883 269 919 phetia
281 883 418 911 Christum
432 884 566 918 designet.

211 929 315 957 Olt'l‘ll.
329 930 461 963 Quoniam
474 930 556 964 igitur
567 930 619 957 hoc
628 929 764 962 concedis,
774 937 834 965 age,
845 928 962 955 mediam

176 983 286 1010 quoque
309 975 403 1010 psalmi
417 979 521 1010 partem
535 983 588 1002 una
603 976 807 1003 consideremus
820 984 827 1001 :
842 974 963 1010 prophe~

179 1022 223 1047 tia:
239 1021 312 1047 enim
326 1021 488 1048 sententiam
502 1020 608 1048 facilius
620 1029 807 1056 assequemur.

212 1065 315 1093 ERAN.
330 1066 399 1093 νηοί
416 1065 582 1101 indagationi
598 1075 604 1092 :
620 1073 670 1101 ego
683 1066 758 1093 enim
772 1065 895 1101 vestigiis
910 1065 964 1094 tuis

178 1110 301 1139 insistam
306 1131 312 1137 .

214 1156 317 1184 ORTH.
335 1156 403 1184 Cum
427 1157 511 1184 multa
525 1157 558 1184 de
574 1157 627 1184 hoc
641 1156 697 1184 ﬁlio
715 1155 845 1192 (Davidis)
859 1154 964 1190 promi-

179 1201 260 1229 sisset
274 1202 355 1233 Deus,
369 1201 443 1236 quod
457 1206 485 1229 et
500 1206 578 1229 terra:
595 1206 623 1229 et
637 1202 707 1229 mari
717 1202 907 1229 dominaturus
918 1201 964 1233 sit,

179 1246 348 1274 etexcelsior
357 1246 466 1273 futurus
475 1247 585 1281 regibus
595 1251 683 1278 terras,
693 1252 720 1274 et
730 1246 904 1282 primogeniti
914 1246 964 1272 Dei

178 1298 280 1318 nomen
310 1290 465 1322 habiturus,
494 1292 634 1326 Deumque
660 1299 722 1319 cum
739 1292 837 1319 liducia
858 1292 965 1319 Patrem

178 1340 338 1368 vocaturus,
355 1337 413 1364 haec
426 1345 535 1372 quoque
550 1337 650 1373 adjecit
667 1346 673 1364 :
695 1347 704 1363 ι
721 1337 750 1364 In
760 1341 894 1364 aeternum
910 1344 967 1364 ser-

179 1382 250 1409 vabo
277 1382 316 1409 illi
346 1382 565 1410 misericordiam
590 1391 688 1415 meam,
703 1387 731 1410 et
745 1385 753 1393 ·
769 1383 858 1410 foedus
874 1390 965 1410 meum

181 1426 260 1455 ﬁdele
278 1428 330 1455 erit
347 1427 398 1462 ipsi
412 1437 418 1454 :
430 1432 457 1454 et
470 1436 568 1462 ponam
581 1429 608 1454 in
623 1429 753 1455 saeculum
768 1428 860 1456 saeculi
873 1436 967 1456 semen

180 1473 250 1507 ejus,
263 1479 290 1500 et
303 1473 432 1500 thronum
445 1475 505 1509 ejus
515 1474 587 1502 sicut
597 1473 655 1501 dies
671 1473 736 1502 εωὶὶ
748 1474 781 1501 ⁷⁵.
797 1484 805 1500 ι

217 1563 320 1590 ERAN.
331 1564 449 1599 Superat
457 1570 582 1592 naturam
593 1565 739 1593 humanam
748 1566 805 1594 haec
812 1567 966 1602 promissio.

181 1609 417 1636 Immortalitatem
437 1610 510 1637 enim
537 1615 565 1638 et
588 1611 770 1639 aeternitatem
794 1612 886 1644 habet,
911 1616 968 1639 tum

182 1654 248 1686 vita,
265 1659 322 1682 tum
335 1655 420 1689 gloria
435 1664 441 1681 :
455 1655 579 1683 homines
599 1664 664 1684 vero
678 1657 767 1692 exigui
784 1662 848 1685 sunt
862 1661 969 1693 tempo-

182 1700 231 1727 ris.
246 1701 313 1727 Nam
326 1705 352 1728 et
363 1706 459 1728 natura
469 1701 560 1729 brevis
575 1707 617 1729 est
629 1702 702 1735 vita,
716 1707 743 1731 et
753 1705 969 1739 regnum,etiam

183 1745 213 1773 in
232 1746 299 1779 vita,
328 1747 495 1782 multiplices
520 1751 548 1774 et
573 1748 663 1775 varias
685 1748 768 1776 habet
792 1749 967 1777 mutationes.

182 1791 273 1824 Quare
299 1792 350 1819 soli
370 1792 481 1820 Christo
499 1792 633 1820 Salvatori
647 1794 774 1830 congruit
797 1795 879 1830 hujus
904 1803 970 1830 pro-

183 1837 260 1864 missi
273 1838 441 1873 magnitudo.

219 1883 323 1910 OllTH.
340 1884 424 1919 Perge
439 1883 531 1918 itaque
547 1885 628 1912 etiam
641 1885 674 1912 ad
692 1885 808 1920 reliqua,
821 1894 882 1921 qua:
900 1886 971 1914 hanc

185 1929 234 1956 tibi
252 1929 410 1963 opinionem
423 1928 477 1964 34
489 1930 575 1964 magis
587 1929 798 1958 conﬁrmabunt.
813 1931 884 1958 Dicit
895 1931 970 1958 enim

184 1981 282 2002 rursus
300 1975 490 2002 universorum
513 1975 604 2002 Deos:
624 1985 632 2000 ι
649 1975 738 2003 Semel
761 1976 851 2012 juravi
876 1982 971 2004 sancto

184 2028 256 2053 meo,
273 2020 296 2047 si
319 2020 414 2047 Davidi
430 2021 556 2048 mentiar.
584 2020 682 2048 Semen
707 2022 766 2057 ejus
789 2023 816 2050 in
838 2027 971 2050 aeternum

184 2066 316 2097 manebit,
331 2070 359 2093 et
371 2066 486 2093 thronus
497 2067 556 2101 ejus
570 2067 641 2094 sicut
650 2067 689 2094 sol
700 2068 728 2094 in
740 2072 887 2103 conspectu
898 2077 970 2102 meo,

184 2113 214 2136 et
222 2109 293 2136 sicut
305 2109 368 2136 luna
382 2110 502 2144 perlecta
517 2110 544 2137 in
558 2115 700 2139 aeternum.
717 2121 726 2138 ι
742 2112 776 2139 Et
787 2117 818 2139 ut
827 2113 971 2141 veritatem

186 2154 377 2189 promissionis
395 2155 562 2188 ostenderet,
589 2157 728 2192 subjecit:
757 2167 766 2184 ι
783 2158 818 2185 Et
844 2160 921 2187 testis
943 2160 971 2187 in

185 2199 256 2226 caelo
273 2198 361 2227 fidelis
381 2200 414 2227 ⁷⁸.
430 2210 439 2226 ι

220 2293 324 2320 ΕΒΑΝ.
345 2293 459 2329 Oportet
484 2295 517 2323 iis
542 2303 603 2330 qua:
626 2303 641 2322 a
660 2295 732 2323 ﬁdeli
757 2301 824 2325 teste
839 2299 972 2332 promissa

185 2338 321 2366 suntsine
339 2339 511 2367 dubitatione
537 2341 658 2369 credere.
679 2342 746 2369 Nam
766 2342 788 2369 si
814 2343 973 2371 hominibus

186 2385 232 2419 qui
245 2385 359 2419 polliciti
373 2389 437 2412 sunt
451 2393 480 2413 se
491 2394 557 2414 vera
569 2387 691 2415 dicturos
710 2396 780 2420 esse,
793 2388 899 2416 etiamsi
916 2397 972 2416 non

186 2430 287 2457 addant
311 2431 404 2458 verbis
432 2432 489 2459 suis
511 2433 709 2467 juramentum.
738 2433 819 2461 ﬁdem
842 2435 973 2462 adhibere

186 2476 317 2507 solemus,
327 2477 390 2510 quis
405 2481 446 2504 est
458 2478 527 2505 adeo
536 2486 632 2505 vecors
646 2482 674 2505 et
682 2479 826 2511 attonitus,
838 2483 868 2507 ut
879 2488 972 2507 rerum

186 2521 310 2547 omnium
326 2521 468 2549 Conditori
481 2523 670 2558 juramentum
693 2524 879 2559 interponenti
891 2525 971 2553 ﬁdem

186 2574 242 2593 non
255 2566 375 2594 habeat?
391 2568 442 2601 Qui
454 2569 527 2596 enim
543 2569 612 2597 alios
621 2571 715 2604 jurare
726 2573 810 2602 vetat,
824 2571 972 2599 uteonsilii

187 2611 230 2638 sui
262 2612 479 2641 immobilitatem
508 2614 676 2646 ostenderet,
702 2614 773 2641 sicut
798 2615 880 2642 etiam
905 2615 974 2642 dicit

187 2657 346 2692 Apostolus,
366 2659 558 2694 jusjurandum
574 2660 754 2694 interposuit,
768 2670 777 2685 ‹
789 2660 824 2688 Ut
840 2668 890 2696 per
905 2661 974 2689 duas

189 2710 232 2730 res
245 2703 408 2736 inmobiles,
420 2705 520 2739 quibus
532 2705 700 2740 impossibile
710 2711 751 2734 est
759 2706 867 2734 mentiri
877 2707 973 2740 Deum,

225 2782 331 2809 “Ps-al.
359 2783 527 2814 extumus.
568 2783 764 2811 7"‘lhi(l.2{)-50.

227 2859 282 2894 (51)
303 2859 353 2886 κει.
379 2859 456 2887 llolu.
480 2866 505 2888 cl
521 2859 592 2895 Lips.
613 2861 674 2888 ἴσθι.

1004 245 1114 281 σπέρμα
1125 245 1172 272 τοῦ
1188 245 1271 272 Δαϐὶδ
1286 246 1325 276 είς
1337 244 1383 271 τὸν
1401 244 1490 271 αίῶνα
1504 245 1647 280 τηρήσειν,
1663 243 1730 271 ἀλλὰ
1743 243 1796 271 xui:

1002 293 1051 325 τὴν
1067 292 1203 327 βασιλείαν
1217 292 1383 319 ἀκατάλυτον
1393 291 1521 326 φυλάξειν
1536 291 1679 326 ὑπέσχετο.
1691 300 1701 317 ι
1712 291 1794 318 Obto-

1003 337 1111 373 δομήσω
1130 338 1194 374 γὰρ,
1213 338 1264 373 ἔφη
1278 358 1284 370 ,
1300 339 1339 368 είς
1352 338 1450 372 γενεὰν
1465 338 1513 364 καὶ
1529 337 1628 371 γενεὰν
1639 337 1684 363 τὺν
1699 336 1795 372 θρόνον

1005 391 1060 410 σου.
1079 392 1089 409 ›
1111 383 1232 419 Ὀρῶμεν
1254 383 1282 409 δὲ
1297 383 1381 410 αὐτοῦ
1401 383 1448 410 καὶ
1468 382 1587 417 τὸγένος
1603 381 1728 418 φροῦδον,
1745 382 1795 409 καὶ

1005 429 1053 464 τὴν
1073 429 1212 464 βασιλείαν
1235 429 1391 464 δεξαμένην
1409 429 1440 455 τὸ
1465 429 1563 463 πέρας.
1587 429 1642 455 Καὶ
1660 427 1747 455 ταῦτα
1765 427 1795 453 δὲ

1005 474 1132 510 ὁρῶντες,
1149 474 1227 509 ἴσμεν
1243 473 1290 500 τοῦ
1307 473 1375 500 Θεοῦ
1390 473 1444 500 τῶν
1460 473 1529 500 ὅλων
1538 473 1569 500 τὺ
1580 472 1704 508 ἀψευδές.

1041 520 1142 546 ΕΡΛΝ.
1158 520 1242 555 Δῆλον
1257 520 1296 551 ὡς
1313 519 1436 554 ἀψευδὴς
1454 520 1468 546 ὁ
1488 519 1568 550 Θεός.

1043 565 1118 592 ΟΡΘ.
1132 565 1164 592 Et
1179 565 1268 591 τοίνυν
1283 564 1386 600 ἀληθὴς
1397 565 1411 591 ὀ
1428 565 1505 597 θεὸς,
1521 563 1615 599 ὥσπερ
1624 561 1671 591 οὖν
1681 562 1794 599 ἀληθὴς.

1009 611 1141 645 ὑπέσχετο
1155 610 1183 637 δὲ
1198 610 1237 645 τῷ
1248 609 1330 637 Δασὶδ
1341 610 1391 636 καὶ
1405 610 1435 636 τὸ
1445 610 1523 644 γένος
1536 611 1575 642 εἰς
1587 610 1633 636 τὸν
1647 609 1733 636 αίῶνα
1744 617 1796 643 φυ-

1008 656 1110 688 λάξειν,
1128 655 1174 682 καὶ
1185 655 1235 689 τὴν
1259 654 1399 690 βασιλείαν
1419 655 1558 690 ἀδιάδοχον
1571 655 1701 690 τηρήσειν
1712 674 1719 687 ,
1734 652 1798 680 οὔτε

1009 700 1037 727 δὲ
1051 700 1081 726 τὸ
1098 701 1170 734 γένος
1183 699 1301 735 ὁρῶμεν,
1322 700 1385 726 οὔτε
1409 700 1459 735 τὴν
1478 699 1617 734 βασιλείαν
1631 707 1638 714 ·
1655 698 1798 734 ἀμφότερα

1010 745 1064 781 γὰρ
1081 745 1236 772 ἐπαύσατο·
1249 745 1308 777 πῶς
1324 745 1455 780 πείσομεν
1469 746 1532 776 τοὺς
1548 744 1738 779 ἀντιλέγοντας
1758 743 1799 775 ὡς

1011 790 1129 826 ἀψευδὴς
1142 791 1156 817 ό
1166 790 1251 824 Θεός;

1048 836 1149 862 EPAN.
1182 837 1253 872 Ἀρα
1274 836 1358 868 ὅντως
1380 837 1396 872 ἡ
1418 836 1572 871 προφητεία
1590 835 1636 862 τὸν
1661 834 1800 870 Δεσπότην

1012 881 1142 917 κηρύττει
1161 882 1293 918 Χριστόν.

1048 928 1123 954 ΟΡΘ.
1145 927 1222 955 Ἐπεὶ
1237 927 1326 954 τοίνυν
1343 927 1587 962 συνωμολόγησας,
1604 927 1685 962 δεῦρο
1704 926 1735 961 δὴ
1752 926 1804 953 καῖ

1013 973 1050 1000 τὰ
1064 973 1134 1008 μέσα
1145 972 1192 999 τοῦ
1206 972 1315 1009 ψαλμοῦ
1326 974 1401 1008 κοινῇ
1414 973 1642 1008 διασκοπήσωμεν
1652 980 1659 987 ·
1673 971 1801 1009 εἰσόμεθα

1013 1019 1067 1054 γὰρ
1085 1018 1252 1055 σαφέστερον
1266 1020 1318 1054 τῆς
1337 1019 1505 1054 προφητείας
1519 1019 1564 1044 τὸν
1577 1018 1650 1045 νοῦν.

1049 1065 1150 1092 ΕΡΛΝ.
1169 1065 1250 1099 Ἦγοῦ
1266 1065 1315 1100 τῆς
1330 1065 1445 1100 ἐρεύνης
1455 1073 1462 1080 ·
1475 1064 1575 1099 ἕψομαι
1589 1064 1642 1100 γὰρ
1655 1063 1800 1100 ίχνηλατή-

1016 1118 1070 1136 σων
1081 1109 1167 1144 κάγώ.

1051 1157 1125 1183 ΟΡΘ.
1137 1156 1223 1183 Πολλὰ
1233 1165 1265 1183 πε
1270 1156 1296 1191 pi
1306 1155 1383 1182 τοῦδε
1393 1155 1440 1183 τοῦ
1449 1156 1605 1191 σπέρματος
1617 1155 1802 1190 ὑποσχόμενος

1014 1203 1029 1229 ὸ
1042 1202 1118 1234 Θεὸς,
1138 1202 1176 1233 ὡς
1190 1201 1237 1228 καὶ
1254 1201 1328 1228 κατὰ
1339 1201 1473 1228 θάλατταν
1487 1201 1534 1227 καὶ
1547 1201 1617 1227 κατὰ
1634 1200 1687 1235 γῆν
1697 1200 1801 1234 κρατή-

1017 1255 1065 1279 σει,
1084 1247 1132 1273 καὶ
1145 1247 1198 1274 τῶν
1212 1247 1258 1273 ἐπὶ
1272 1247 1325 1281 γῆς
1336 1246 1532 1280 βασιλευόντων
1546 1246 1698 1280 ὑπέρτερος
1712 1245 1800 1276 ἔσται,

1016 1293 1063 1320 καὶ
1092 1293 1263 1328 πρωτότοκος
1302 1293 1349 1319 τοῦ
1373 1291 1440 1318 Θεοῦ
1465 1292 1649 1327 κληθήσεται,
1683 1291 1730 1318 καὶ
1755 1291 1802 1317 τὸν

1015 1338 1081 1365 Θεὸν
1104 1338 1152 1364 σὺν
1178 1338 1320 1374 παρρησίᾳ
1351 1338 1460 1365 καλεσει
1490 1338 1618 1372 Πατέρα,
1645 1338 1692 1364 καὶ
1715 1336 1802 1364 ταῦτα

1017 1383 1228 1419 προστέθεικεν·
1253 1393 1263 1409 ι
1292 1384 1340 1415 Εἰς
1363 1384 1408 1410 τὸν
1435 1383 1521 1410 αἰῶνα
1550 1383 1660 1418 φυλάξω
1675 1384 1749 1418 αὐτῷ
1771 1383 1802 1409 τδ

1016 1428 1091 1460 ἔλεός
1113 1437 1163 1464 μου
1183 1429 1230 1455 καὶ
1253 1429 1269 1464 ἠ
1288 1429 1404 1464 διαθήκη
1421 1438 1471 1464 μου
1487 1429 1570 1464 πιστὴ
1584 1429 1676 1465 αὐτῷ·
1691 1430 1738 1456 καὶ
1755 1430 1803 1464 θή-

1018 1482 1100 1510 σομαι
1119 1474 1158 1507 είς
1175 1474 1221 1501 τὸν
1238 1473 1325 1502 αὶῶνα
1346 1474 1393 1500 τοῦ
1411 1474 1508 1506 αἰῶνος
1526 1475 1558 1501 τὺ
1579 1475 1689 1510 σπέρμα
1704 1475 1803 1507 αὑτοῦ,

981 1532 1003 1561 c
1019 1521 1065 1547 καὶ
1078 1520 1123 1546 τὸν
1141 1520 1234 1554 θρόνον
1248 1519 1342 1552 αὑτοῦ,
1355 1519 1393 1552 ὡς
1403 1519 1452 1553 τὰς
1463 1520 1568 1556 ἡμέρας
1585 1521 1631 1547 τοῦ
1646 1521 1771 1556 οὐρανοῦ.
1791 1530 1800 1546 ι

1053 1567 1154 1592 ΕΡΛΝ.
1176 1564 1262 1599 ’Υπὲρ
1277 1565 1357 1599 φύσιν
1372 1565 1544 1600 ἀνθρωπείαν
1562 1566 1578 1600 ὴ
1594 1565 1752 1600 ἐπαγγελία.
1766 1565 1802 1592 Τὸ

1019 1610 1170 1647 ἀνώλεθρον
1189 1610 1243 1646 γὰρ
1269 1610 1317 1636 καὶ
1337 1610 1447 1637 αἰώνιον
1462 1610 1518 1646 ἔχει
1534 1611 1582 1638 καὶ
1603 1612 1619 1646 ἡ
1639 1611 1695 1645 ζωὴ
1713 1612 1760 1638 καὶ
1785 1613 1802 1646 ἡ

1018 1657 1084 1692 τιμή
1095 1665 1102 1672 ”
1119 1657 1143 1683 οι
1157 1656 1186 1683 δὲ.
1203 1656 1341 1691 ἄνθρωποι
1356 1657 1532 1692 πρόσκαιροί.
1553 1657 1590 1683 ’Ἡ
1603 1666 1632 1684 τε
1656 1657 1710 1693 γὰρ
1724 1657 1805 1692 φύσις

1019 1701 1170 1735 ὀλιγόὸιος,
1195 1702 1242 1729 καὶ
1266 1701 1400 1736 βασιλεία,
1416 1703 1468 1729 κάν
1483 1703 1516 1737 τῇ
1535 1702 1608 1738 ζωῇ,
1628 1702 1728 1734 πολλὰς
1748 1702 1804 1737 ἔχει

1020 1748 1066 1775 καὶ
1074 1748 1274 1783 ἀγχιστρόφους
1292 1748 1453 1783 μεταὸολάς.
1467 1748 1613 1783 Τοιγάρτοι
1632 1748 1706 1783 μόνῳ
1720 1748 1804 1784 προσ-

1020 1795 1080 1828 ήκει
1102 1793 1141 1829 τῷ
1172 1794 1279 1829 Σωτῆρι
1303 1793 1413 1829 Χριστῷ
1436 1794 1484 1829 τῆς
1507 1794 1673 1828 ἐπαγγελίας
1703 1794 1733 1821 τὸ
1759 1795 1805 1830 μέ-

1020 1841 1109 1874 γεθος.

1056 1886 1131 1914 ΟΡΘ.
1152 1886 1204 1913 Ἴθι
1220 1886 1276 1922 (51)
1291 1886 1436 1922 τοιγαροῦν
1451 1886 1499 1913 καὶ
1517 1885 1585 1922 πρὸς
1599 1885 1632 1912 τὰ
1648 1885 1739 1912 λοιπὰ.
1758 1886 1806 1912 Βε-

1021 1931 1151 1967 ϐαιοτέρα
1167 1932 1221 1967 γάρ
1241 1940 1282 1958 σοι
1300 1931 1410 1963 πάντως
1424 1932 1439 1966 ἡ
1452 1932 1516 1967 περὶ
1531 1931 1626 1957 τούτου
1645 1931 1709 1963 δόξα
1725 1931 1805 1965 γενή-

1022 1986 1108 2005 σεται.
1125 1978 1208 2012 Λέγει
1230 1977 1285 2013 γὰρ
1309 1977 1391 2004 πάλιν
1410 1978 1425 2004 ό
1443 1978 1497 2004 τῶν
1511 1977 1578 2004 ὅλων
1590 1976 1655 2009 Θεός
1667 1985 1674 1992 ·
1689 1986 1698 2003 ι
1717 1977 1806 2009 Ἀπαε

1021 2024 1117 2058 ὤμοσα
1134 2025 1163 2050 ὲν
1180 2024 1219 2060 τῷ
1235 2025 1305 2059 ἁγίῳ
1326 2032 1390 2058 μου,
1406 2024 1431 2049 εἰ
1444 2023 1483 2058 τῷ
1502 2023 1583 2050 Δασιδ
1601 2022 1748 2058 ψεύσομαι.
1770 2023 1807 2049 Τὸ

1023 2070 1134 2105 σπέρμα
1150 2069 1232 2096 αὐτοῦ
1252 2070 1292 2101 είς
1317 2069 1362 2096 τὸν
1390 2068 1476 2096 αἰῶνα
1503 2069 1593 2104 μενεῖ,
1615 2068 1663 2096 καὶ
1680 2070 1694 2095 ὁ
1714 2068 1807 2103 θρόνος

1022 2116 1105 2143 αὑτοῦ
1129 2117 1167 2148 ὡς
1191 2117 1205 2143 ό
1219 2116 1294 2151 ἥλιος
1315 2115 1436 2142 ἐναντίον
1455 2124 1524 2150 μου,
1544 2116 1590 2142 καὶ
1611 2115 1649 2147 ὼς
1670 2116 1687 2151 ή
1709 2115 1805 2150 σελήνη

1023 2162 1230 2199 κατηρτισμένη
1249 2163 1289 2194 είς
1306 2161 1351 2188 τὸν
1371 2161 1466 2189 αἰῶνα.
1492 2171 1501 2187 )
1524 2161 1578 2188 Καὶ
1598 2161 1629 2187 τὸ
1644 2160 1743 2196 ἀληθὲς
1758 2160 1807 2195 τῆς

989 2197 1011 2224 D
1023 2207 1189 2241 ἐπαγγελίας
1201 2197 1307 2239 δεικνὺς
1324 2207 1449 2243 ἐπήγαγε
1459 2215 1465 2222 ’
1485 2216 1494 2233 ι
1509 2205 1563 2234 Καὶ
1576 2207 1590 2233 ό
1610 2207 1714 2242 μάρτυς
1727 2207 1755 2234 ὲν
1764 2206 1808 2234 οὗ·

1026 2253 1098 2288 ρανῷ
1115 2253 1219 2284 πιστός.
1237 2263 1246 2279 ι

1060 2299 1161 2325 ΕΡΛΝ.
1189 2298 1251 2333 Χρὴ
1278 2299 1335 2330 τοῖς
1366 2299 1444 2334 παρὰ
1465 2299 1512 2326 τοῦ
1540 2299 1637 2326 πιστοῦ
1671 2299 1807 2334 μάρτυρος

1023 2344 1238 2380 ἓπηγγελμένοις
1260 2344 1456 2377 ἁνενδοιάστως
1479 2345 1627 2372 πιστεύειν.
1645 2346 1676 2371 Et
1695 2345 1749 2380 γὰρ
1763 2345 1808 2371 ἀν-

1025 2390 1146 2426 θρώποις
1160 2390 1301 2426 ἀληθεύειν
1313 2388 1539 2426 ἐπηγγελμένας,
1552 2390 1603 2417 κᾶν
1613 2391 1650 2426 μὴ
1665 2390 1808 2426 βεϐαιῶσιν

1023 2435 1097 2470 ὅρκῳ
1117 2435 1182 2466 τοὺς
1200 2434 1297 2469 λόγους
1309 2457 1317 2469 ,
1341 2436 1480 2463 πιστεύειν
1497 2435 1644 2471 είώθαμεν,
1667 2436 1709 2468 τίς
1723 2436 1808 2468 οὕτως

1025 2480 1218 2516 ὲμϐρόντητος,
1232 2481 1270 2512 ὡς
1292 2482 1441 2516 ἀπιστῆσαι
1460 2481 1498 2516 τῷ
1512 2482 1613 2516 Ποιητῇ
1628 2481 1674 2508 τοῦ
1693 2481 1807 2513 παντὸς,

1024 2525 1105 2560 ὅρκον
1132 2525 1279 2552 ἐπιτιθέντι
1301 2527 1358 2556 τοῖς
1382 2526 1491 2559 λόγοις;
1514 2526 1543 2552 '0
1561 2526 1616 2561 γὰρ
1643 2526 1701 2558 τοῖς
1721 2526 1808 2553 ἄλλοις

1024 2571 1205 2607 ἀπαγορεύων
1231 2571 1364 2606 ὀμνύναι,
1394 2571 1425 2598 τὸ
1446 2571 1615 2606 ἀμετάθετον
1636 2572 1685 2606 τῆς
1713 2571 1808 2606 βουλῆς

1026 2617 1126 2650 αὑτοῦ,
1147 2616 1220 2644 καθά
1241 2625 1308 2652 φησι
1331 2617 1379 2644 καὶ
1400 2618 1414 2643 ὁ
1441 2617 1613 2650 Ἀπόστολος,
1636 2617 1808 2652 ἐμεσίτευσεν

1026 2663 1117 2698 ὅρκῳ,
1139 2671 1149 2688 ι
1180 2663 1237 2690 Ἵνα
1258 2662 1303 2689 διὰ
1319 2662 1366 2689 δύο
1390 2663 1561 2698 πραγμάτων
1581 2662 1758 2698 ἀμεταθέτων
1782 2662 1809 2688 ιν

1027 2705 1067 2739 οἷς
1090 2707 1219 2736 ἀδύνατον
1241 2707 1393 2743 ψεύσασθαι
1405 2707 1487 2743 Θεὸνι,
1511 2708 1624 2743 ἰσχυρὰν
1641 2706 1810 2743 παράκλησιν

811 2784 834 2800 τί
849 2784 915 2812 Ibid.
934 2785 1030 2813 56-38.

1343 2844 1353 2858 1
