1953 3055
152 117 191 148 f5
687 115 876 146 DIALOGUS
895 113 921 147 Ῑ.
939 125 953 132 ··

1012 112 1256 143 MMUTABILIS.
1752 113 1788 145 66

152 171 265 206 ἔχωμεν
279 168 305 195 οί
319 168 523 203 καταφυγόντες
540 168 677 204 κρατῆσαι
695 169 744 204 τῆς
764 167 949 203 προκειμένης

1012 166 1118 193 'alidam
1131 165 1348 193 consolationem
1366 165 1528 199 habeamus,
1546 167 1593 202 qui
1613 167 1788 204 confugimus

147 214 277 244 ἐλπίδος.
297 223 307 239 ι

193 258 269 285 0P8.
280 257 312 284 El
323 257 414 284 τοίνυν
422 257 633 293 ἀναμφιλέκτως
644 256 747 292 ἀληθὴς
762 257 778 292 ὴ
791 256 948 291 ὑπόσχεσις,

152 305 207 341 οὐχ
221 303 331 340 ὁρῶμεν
343 303 373 330 δὲ
392 305 469 339 παρὰ
486 303 638 335 Ἰουδαίοις,
656 302 717 329 οὔτε
735 302 765 328 τὸ
777 302 856 336 γένος
869 322 876 332 ,
887 300 949 327 οὔτε

154 350 208 386 τὴν
230 349 372 384 βασιλείαν
393 348 439 375 τοῦ
466 350 608 384 προφήτου
630 348 731 380 Δαδὶδ,
758 347 949 382 πιστεύσωμεν

154 394 294 431 ὰριδήλως
304 395 351 421 τὸν
363 394 467 430 Κύριον
486 395 565 429 ἡμῶν
588 394 692 429 Ἰησοῦν
703 393 821 428 Χριστὸν
838 394 950 428 σπέρμα

155 440 205 467 τοῦ
222 440 303 466 Δαΰιδ
318 440 389 467 κατά
407 440 439 466 τὸ
460 440 630 475 ἀνθρώπινον
651 440 842 474 ὀνομάζεσθαι.
864 439 950 470 Αὐτὸς

155 486 214 522 γὰρ
231 486 289 521 ἔχει
303 487 351 512 καὶ
365 485 414 521 τὴν
426 485 499 522 ζωὴν
514 486 563 512 καὶ
575 486 624 521 τὴν
637 485 779 521 βασιλείαν
793 485 912 511 αἰώνιον.

195 534 300 561 ΕΡΑΝ.
327 533 385 560 Οὐκ
405 533 590 568 ἐνδοιάςομεν,
615 533 673 560 ἀλλ’
689 532 761 559 οὕτω
779 531 857 558 ταῦτ’
876 531 949 566 ἔχειν

152 579 356 616 ὁμολογοῦμαι.

192 626 270 653 ΟΡΘ.
293 625 413 662 ’Δπόχρη
435 626 485 661 μὲν
503 625 549 653 οὖν
573 626 621 652 καὶ
646 625 733 652 ταῦτα
752 625 837 657 δεῖξαι
857 623 950 659 σαφῶς

154 671 203 698 τοῦ
217 672 285 698 Θεοῦ
302 672 349 698 καὶ
362 672 488 706 Σωτῆρος
505 671 594 706 ήμῶν,
610 671 645 706 ἢν
661 671 807 706 ἀνείληφεν
819 671 852 697 ἐκ
867 670 951 704 σπέρ-

156 726 245 753 ματος
277 717 360 744 Δαὸὶδ
370 737 377 749 ,
395 717 604 752 ἁνθρωπότητα.
629 716 686 742 Ἰνα
701 715 730 741 δὲ
742 717 775 750 τῇ
793 715 847 742 τῶν
862 714 951 741 πλειό-

153 772 211 790 νων
228 763 367 799 μαρτυρίᾳ
382 763 471 789 πᾶσαν
483 762 616 798 διχόνοιαν
629 762 814 796 ὲξελάσωμεν,
826 761 950 788 ἀκούσω-

155 817 210 844 μεν
233 809 281 835 τοῦ
303 808 372 835 Θεοῦ
397 808 441 835 διὰ
459 808 509 843 τῆς
526 807 572 834 τοῦ
603 807 720 834 Ἡσαΐου
738 806 785 834 τοῦ
811 807 950 842 προφήτου

999 212 1032 239 ad
1048 212 1192 238 tenendam
1204 212 1372 247 propositam
1386 221 1462 248 spem
1477 213 1512 240 ⁷⁷.
1529 223 1538 239 ι

1034 257 1139 284 OR'I‘II.
1167 257 1194 284 Si
1221 265 1286 292 ergo
1303 258 1361 285 sine
1377 258 1565 286 controversia
1585 267 1650 287 vera
1664 265 1707 287 est
1721 268 1788 295 pro-

1000 303 1104 335 missio,
1127 307 1155 330 et
1180 304 1252 338 apud
1275 304 1384 332 Judzeos
1408 313 1460 332 nec
1482 313 1579 340 genus,
1607 313 1658 333 nec
1673 314 1788 341 regnum

999 349 1109 376 Davidis
1125 350 1266 384 prophetae
1282 350 1433 382 cernimus,
1449 351 1594 378 credamus
1607 351 1680 378 haud
1693 352 1788 382 dubie.

1000 396 1145 423 Dominum
1159 401 1282 424 nostrum
1300 397 1393 424 .Iesum
1407 397 1547 424 Christum
1565 406 1658 425 semen
1678 398 1790 424 Davidis

1000 441 1152 468 secundum
1167 441 1315 469 humanam
1333 447 1460 469 naturam
1481 443 1623 477 appellari.
1640 444 1699 478 Ipse
1715 444 1790 471 enim

1000 490 1028 513 et
1038 486 1122 512 vitam
1138 490 1166 513 et
1181 494 1295 522 regnum
1311 487 1394 514 habet
1405 492 1547 515 :eternum.

1037 531 1140 559 ERAN.
1155 532 1214 559 Non
1227 532 1396 565 dubitamus,
1422 533 1469 560 sed
1493 534 1551 561 lucc
1575 535 1612 562 ita
1635 542 1664 562 se
1687 535 1790 563 habere

1000 577 1143 604 conﬁteor.

1036 623 1140 651 OltTII.
1151 623 1327 652 Suﬂiciebant
1340 625 1424 660 igitur
1436 625 1494 652 hinc
1507 625 1617 660 quidem
1633 625 1667 652 ad
1678 625 1791 653 demon-

1001 669 1139 696 strandam
1151 671 1199 697 Dei
1213 674 1241 697 et
1253 670 1402 698 Salvatoris
1414 672 1512 703 nostri,
1529 679 1611 706 quam
1633 679 1666 699 ex
1687 672 1792 700 semine

1001 715 1111 743 Davidis
1122 716 1280 751 assumpsit,
1295 717 1505 744 humanitatem.
1518 718 1622 745 Tamen
1632 721 1661 744 ut
1671 718 1792 753 plurium

1002 761 1159 788 testimonio
1181 770 1289 789 omnem
1315 762 1514 790 dubitationem
1543 764 1680 796 tollamus,
1707 764 1792 790 Deum

1002 805 1156 838 audiamus,
1182 806 1247 833 dum
1273 807 1325 842 35
1348 807 1424 835 Isaia:
1445 808 1587 843 prophetae
1602 816 1669 836 voce
1685 809 1692 818 '
1708 808 1794 835 factas

152 841 250 890 φωνῆς
263 855 318 881 τῶν
337 854 406 890 πρὸς
418 855 464 881 τὸν
479 841 561 880 Ᾰασὶδ
573 854 747 889 ὑποσχέσεων
767 853 951 888 μνημονεύον-

1012 852 1099 878 )avidi
1114 841 1328 887 pollicitationes
1340 841 1546 881 eommeinoiat.
1562 864 1571 880 ι
1585 855 1691 882 Feriam
1708 855 1792 886 enim,

153 909 212 932 τος.
233 910 242 926 ι
258 900 385 935 Διαθήσω
394 900 458 935 γὰρ,
474 900 568 935 φησὶν,
581 899 646 934 ὑμῖν
657 899 789 935 διαθήκην
801 898 919 925 αἰώνιον.
939 907 949 924 ι

148 947 214 973 Καὶ
227 946 335 977 δεικνὺς
347 945 393 972 τὸν
405 945 553 980 νομοθέτην
567 946 690 980 ἐπήγαγε
704 952 711 960 ·
729 954 738 970 ι
764 944 807 970 Τὰ
822 944 883 970 ὅσια
899 944 952 969 Δα-

152 992 203 1019 ειδ
225 992 259 1018 τὰ
278 992 373 1018 πιστά.
395 1001 404 1017 ι
440 991 551 1026 Ἐπειδὴ
567 991 621 1026 γὰρ
636 990 724 1016 ταῦτα
741 990 780 1024 τῷ
800 989 882 1016 Δαῦὶδ
900 990 953 1016 ὐπ-

153 1037 264 1071 έσχετο,
279 1037 326 1063 καὶ
343 1036 388 1063 διὰ
400 1035 447 1063 τοῦ
467 1036 580 1063 Ἡσαΐου
593 1035 743 1070 ἐφθέγξατο
753 1056 760 1068 ,
777 1035 824 1062 καὶ
842 1035 955 1071 περανεῖ

154 1082 209 1118 τὴν
228 1083 383 1118 ὑπόσχεσιν.
400 1083 454 1109 Καὶ
466 1082 501 1108 τὰ
517 1082 582 1117 ἑξῆς
600 1081 628 1108 δὲ
643 1082 693 1116 τῆς
709 1081 879 1116 προφητείας
891 1080 952 1106 τού-

153 1137 216 1160 ¹τοις
233 1129 292 1154 ἐστὶ
309 1128 424 1163 συνῳδὰ.
444 1128 526 1162 Λέγει
544 1128 599 1164 γάρ
610 1136 616 1143 ’
636 1137 645 1153 ι
675 1127 741 1153 Ὶδοξρ
757 1126 909 1162 μαρτύριον
924 1127 953 1153 ὲν

155 1173 250 1200 ἔθνεσι
269 1173 375 1200 δέδωκα
393 1173 484 1204 αὑτὸν,
503 1173 623 1208 ἄρχοντα
639 1173 686 1199 καὶ
702 1172 908 1207 προστάσσοντα
925 1172 953 1198 ἐν

155 1220 275 1246 ἔθνεσιν.
294 1219 360 1246 Ἰδοὺ
383 1219 476 1254 ἔθνηᾶ
495 1219 546 1245 οὐκ
572 1218 661 1245 οἴδασί
683 1227 713 1244 σε
743 1217 954 1245 ὲπικαλέσονταί

157 1275 200 1299 σε,
218 1267 266 1293 καὶ
281 1265 342 1292 λαοὶ
363 1265 388 1292 οῖ
404 1266 454 1292 οὐκ
470 1264 632 1292 ἐπίστανταί
655 1273 685 1291 σε
708 1265 754 1291 ὲπὶ
772 1264 801 1290 σὲ
816 1263 955 1299 καταφεύο

157 1312 262 1345 ξοντιι.
285 1321 294 1338 ι
314 1311 408 1338 Ταῦτα
430 1311 459 1338 δὲ
480 1311 569 1338 οὐδενὶ
589 1311 644 1337 τῶν
661 1312 692 1337 ἐκ
706 1311 790 1337 Δαῆὶδ
807 1311 952 1346 ἁρμόττει,

157 1358 208 1388 Τίς
225 1357 280 1392 γὰρ
298 1356 354 1383 τῶν
376 1357 408 1382 ὲκ
435 1355 528 1387 Δασὶδ,
548 1355 618 1382 κατὰ
637 1355 682 1381 τὸν
712 1355 839 1386 Ἡσαΐαν,
860 1354 952 1389 ἄρχων

157 1402 247 1429 ὶθνῶν
271 1401 413 1437 ἀνεδείχθη
428 1410 435 1434 ;
455 1402 524 1428 Ποῖα
541 1401 570 1427 δὲ
589 1400 654 1436 Εϐνη
669 1400 731 1426 τινὰ
746 1399 800 1426 τῶν
823 1400 854 1425 ἐκ
871 1399 954 1426 Δαὸὶδ

156 1447 204 1476 οἵα
219 1448 252 1485 δὴ
267 1448 334 1475 Θεδν
349 1447 552 1474 ἐπεκαλέσαντο
567 1446 778 1482 προσευχόμενα
791 1454 799 1478 ;

195 1494 299 1522 ΕΡΔΝ.
327 1493 396 1528 Περὶ
419 1493 474 1519 τῶν
500 1492 626 1528 ἐναργῶν
655 1492 686 1517 οὐ
714 1491 848 1526 προσήκει
865 1489 954 1525 μηκύ-

155 1549 218 1568 new
231 1548 237 1554 ·
256 1539 303 1567 καὶ
318 1539 406 1566 ταῦτα
422 1539 476 1573 γὰρ
493 1538 602 1573 ἀληθῶς
618 1536 657 1572 τῷ
681 1537 807 1572 Δεσπότῃ
830 1536 952 1572 προσῆκε

159 1587 283 1623 Χριστῷ.

196 1635 274 1661 ΟΡΘ.
296 1632 402 1660 Οὐκοῦν
417 1633 456 1664 εἰς
474 1632 571 1667 ἑτέραν
597 1630 761 1666 μεταϐῶμεν
780 1629 955 1665 προφητικὴν

160 1681 332 1717 μαρτυρίαν,
355 1679 466 1706 καὶτοῦ
485 1676 569 1704 αὐτοῦ
584 1677 726 1713 προφήτου
751 1676 880 1710 λέγοντος
904 1675 955 1701 ὲπ-

157 1726 342 1761 ακούοωμεν·
371 1734 381 1751 α
419 1723 605 1757 Ἐξελεύσεται
631 1722 730 1758 ῥάϐδος
757 1723 789 1748 ὲκ
810 1722 860 1757 τῆς
877 1720 956 1757 ῥίζης

165 1773 271 1800 Ἰεσσαὶ
286 1771 354 1808 (52),
371 1771 419 1798 καὶ
434 1770 514 1802 ἄνθος
528 1770 561 1796 ἐκ
578 1769 627 1804 τῆς
643 1768 722 1803 ῥίζης
741 1766 922 1802 ἀναϐήσεται-
945 1774 954 1792 ι

198 1818 302 1846 EPAN.
314 1816 423 1852 Ταύτην
433 1814 509 1851 οἶμαι
520 1815 569 1850 τὴν
586 1813 756 1850 προφητείαν
766 1812 831 1848 περὶ
845 1811 894 1838 τοῦ
908 1812 957 1838 Ζο-

152 1863 283 1901 ροϐάϐελ
299 1861 477 1898 γεγενῆσθαι.

198 1911 277 1939 οΡΘ.
297 1911 361 1937 Ἐὰν
373 1910 429 1946 (55)
445 1908 557 1936 καὶτῶν
575 1908 638 1943 ἑξῆς
653 1906 822 1942 ἐπακούσῃς,
837 1905 889 1932 οὐκ
907 1905 957 1939 ἑμ-

163 1959 259 1995 μενεῖς
276 1965 324 1984 σου
343 1957 376 1992 τῇ
394 1955 468 1991 δόξῃ.
485 1954 564 1982 Οὓτω
585 1954 639 1989 γὰρ
655 1952 718 1980 οὔτε
741 1953 862 1979 Ἰουδαῖοι
877 1950 957 1986 τήνδε

161 2005 215 2040 τὴν
228 2003 383 2039 πρόρρησιν
394 2002 564 2036 νενοήκασιν.
574 2000 688 2034 Ἐπάγει
700 2000 755 2035 γὰρ
769 1999 783 2025 ό
797 1998 940 2034 προφήτης
949 2004 956 2012 ·

160 2059 176 2076 4
197 2050 256 2076 Καὶ
286 2047 511 2075 ὲπαναπαύσεται
544 2046 587 2072 ἐπ’
615 2046 699 2072 αὑτὸν
724 2044 838 2079 Πνεῦμα
869 2043 958 2076 Θεοῦ,

163 2094 281 2130 πνεῦμα
298 2093 396 2128 σοφίας
415 2093 463 2119 καὶ
494 2092 639 2123 συνέσεως,
662 2090 773 2125 πνεῦμα
788 2089 885 2126 βουλῆς
912 2089 960 2116 καὶ

168 2140 273 2176 ἰσχύος,
298 2138 406 2174 πνεῦμα
434 2137 562 2172 γνώσεως
589 2137 636 2163 καὶ
661 2135 820 2167 εὐσεϐείας,
848 2134 960 2170 πνεῦμα

1003 897 1112 932 inquit,
1139 899 1281 926 vobiscum
1309 903 1420 934 pactum
1450 901 1650 935 sempiternum
1671 900 1704 927 ⁷⁸.
1725 910 1734 926 ›
1759 901 1794 927 Et

1003 944 1152 971 ostendens
1167 945 1361 980 Iegislatorem,
1371 945 1457 978 addit,
1472 956 1480 971 ε
1491 946 1589 974 Sancta
1604 947 1714 974 Davidis
1725 948 1794 976 lide-

1003 988 1040 1015 lia
1049 989 1091 1016 ⁷³³,
1103 999 1113 1014 ι
1127 989 1195 1022 Quia
1210 993 1267 1017 haec
1280 990 1375 1017 Davidi
1389 991 1526 1025 promisit,
1539 996 1566 1018 et
1581 1000 1629 1027 per
1643 993 1739 1019 Isaiam
1751 993 1793 1020 lo-

1004 1038 1084 1061 cutus
1094 1039 1145 1067 est,
1159 1036 1369 1070 promissionem
1383 1036 1472 1071 reipsa
1486 1037 1619 1072 perﬁciet.
1630 1037 1682 1065 Sed
1698 1043 1795 1074 etquae

1003 1079 1136 1116 deinceps
1158 1082 1185 1109 in
1208 1083 1353 1117 prophetia
1379 1088 1534 1118 sequuntur
1560 1084 1603 1111 his
1626 1091 1793 1120 congruunt.

1004 1127 1076 1154 Dicit
1090 1128 1164 1155 enim
1178 1137 1184 1155 :
1204 1139 1213 1154 ι
1227 1129 1297 1156 Ecce
1311 1130 1500 1157 testimonium
1515 1131 1587 1157 inter
1599 1131 1715 1166 populos
1727 1139 1795 1158 con-

1004 1173 1081 1200 stitui
1100 1182 1174 1206 eum,
1193 1175 1291 1202 ducem
1312 1183 1344 1204 ac
1361 1181 1558 1211 praeceptorem
1572 1177 1710 1212 gentibus.
1725 1177 1796 1205 Ecce

1003 1224 1098 1255 gentes
1109 1229 1170 1255 quae
1187 1229 1242 1248 non
1257 1226 1395 1248 noverunt
1411 1225 1436 1249 te
1453 1222 1620 1249 invocabunt
1636 1226 1661 1249 te
1673 1242 1681 1254 ,
1705 1227 1733 1250 et
1747 1230 1796 1257 p0-

1003 1265 1061 1299 puli
1077 1265 1124 1300 qui
1138 1270 1163 1293 te
1180 1266 1308 1293 nesciunt
1325 1266 1358 1293 ad
1374 1271 1399 1293 te
1419 1266 1578 1301 confugient
1590 1267 1623 1293 ⁷⁵³.
1641 1276 1650 1292 ι
1669 1267 1731 1294 Ηίεε
1745 1275 1796 1294 au-

1005 1313 1059 1336 tem
1075 1311 1142 1338 nulli
1153 1319 1186 1338 ex
1201 1312 1320 1346 posteris
1331 1311 1442 1339 Davidis
1453 1312 1630 1339 conveniunt.
1643 1311 1709 1345 Quis
1722 1313 1796 1339 enim

1004 1363 1036 1382 ex
1056 1357 1182 1391 prosapia
1201 1357 1312 1384 Davidis
1326 1357 1381 1384 dux
1393 1358 1527 1393 gentium,
1545 1362 1575 1385 ut
1589 1358 1685 1385 scribit
1701 1358 1796 1390 Isaias,

1005 1401 1172 1428 constitutus
1183 1406 1225 1428 est
1237 1402 1248 1428 ?
1265 1410 1326 1437 quae
1336 1410 1420 1437 porro
1431 1407 1527 1438 gentes
1537 1403 1656 1437 aliquem
1668 1411 1683 1430 a
1694 1393 1797 1431 Davide

1004 1447 1154 1474 oriundum
1169 1447 1275 1474 orando
1292 1451 1421 1482 tanquam
1437 1448 1522 1475 Deum
1543 1447 1729 1476 invocarunt?

1040 1494 1144 1521 ERAN.
1161 1494 1198 1521 De
1216 1494 1300 1521 rebus
1317 1493 1469 1521 manifestis
1480 1502 1534 1521 non
1551 1499 1593 1521 est
1605 1495 1730 1529 pluribus
1743 1494 1799 1522 dis—

1005 1540 1168 1573 serendum;
1200 1539 1258 1567 haec
1283 1540 1357 1567 enim
1381 1540 1525 1567 verissime
1547 1540 1657 1568 Christo
1683 1541 1799 1569 Domino

1006 1590 1170 1620 congruunt.

1042 1631 1146 1659 ΟΚΊἨ.
1169 1632 1209 1659 Ad
1231 1631 1305 1659 aliud
1320 1639 1386 1668 ergo
1403 1633 1595 1668 propheticum
1610 1632 1799 1660 testimonium

1007 1682 1191 1709 transeamus,
1206 1678 1391 1712 eumdemque
1411 1678 1574 1713 prophetam
1590 1678 1729 1705 (licentem
1747 1685 1799 1705 au-

1007 1722 1116 1750 diamus
1133 1731 1140 1749 :
1163 1732 1171 1748 ι
1188 1722 1352 1757 Egredietur
1365 1722 1442 1757 virga
1459 1729 1474 1749 ο
1497 1722 1590 1750 radice
1605 1722 1682 1750 Iesse
1707 1726 1735 1749 et
1750 1721 1801 1749 ﬂos

1008 1775 1023 1795 e
1037 1767 1128 1794 radice
1140 1767 1285 1803 proveniet
1296 1766 1329 1794 ⁸ο.
1351 1776 1360 1792 ι

1045 1813 1148 1840 ERAN.
1167 1813 1242 1840 Hanc
1255 1820 1306 1848 ego
1323 1813 1496 1847 prophetiam
1512 1812 1546 1840 de
1561 1811 1728 1839 Zorobabele
1739 1811 1802 1838 edi-

1010 1863 1063 1885 tam
1079 1866 1139 1886 esse
1156 1858 1287 1886 arbitror.

1045 1904 1150 1932 OR'I‘II.
1175 1904 1202 1932 Si
1227 1905 1310 1932 etiam
1332 1903 1475 1939 sequentia
1498 1903 1649 1936 audiveris,
1666 1911 1720 1930 non
1737 1911 1802 1938 per-

1010 1950 1134 1978 manebis
1151 1951 1179 1977 in
1197 1955 1243 1978 tua
1262 1950 1402 1985 opinione.
1424 1950 1470 1978 Sic
1490 1950 1564 1976 enim
1578 1957 1630 1977 nec
1649 1950 1700 1984 ipsi
1715 1949 1802 1977 Judaei

1010 1997 1082 2025 hanc
1106 1997 1313 2032 prazdiotionem
1341 1997 1511 2025 intellexere.
1541 1996 1626 2023 Addit
1646 1996 1720 2023 enim
1739 2004 1804 2031 pro-

1010 2044 1093 2079 pheta
1108 2052 1115 2070 :
1132 2053 1141 2069 α
1159 2044 1194 2071 Ει
1205 2043 1360 2078 requiescet
1369 2050 1453 2078 super
1464 2049 1528 2069 eum
1544 2041 1664 2076 Spiritus
1681 2042 1801 2072 Domini.

1011 2089 1125 2125 spiritus
1149 2089 1290 2124 sapientia:
1308 2093 1336 2116 et
1359 2088 1526 2119 intellectus.
1557 2088 1669 2122 spiritus
1693 2087 1803 2115 consilii

1010 2141 1039 2163 et
1064 2135 1246 2167 fortitudinis,
1269 2135 1384 2170 spiritus
1411 2134 1534 2162 scientia:
1562 2138 1590 2161 et
1609 2134 1663 2169 36
1682 2134 1803 2169 pictatis,

167 2186 254 2221 φόὸου
267 2185 337 2211 Θεοῦ
351 2183 488 2219 ἐμπλήσει
511 2183 602 2209 αὐτόν.
622 2191 631 2208 ι
648 2181 740 2208 Ταῦτα
758 2182 786 2208 δὲ
798 2181 848 2208 οὐκ
868 2181 902 2208 ἄν
917 2188 953 2212 τις

1012 2185 1040 2208 et
1066 2180 1184 2216 replebit
1208 2188 1273 2207 eum
1288 2180 1403 2215 spiritus
1416 2179 1524 2207 timoris
1539 2179 1646 2207 Domini
1664 2180 1695 2206 θ’.
1713 2190 1723 2206 ι
1742 2180 1804 2207 Hace

167 2231 307 2267 ἀνθρώπῳ
331 2229 401 2265 ψιλῷ
422 2228 638 2264 προσαρμόσειε·
660 2227 708 2254 καὶ
727 2227 782 2262 γὰρ
805 2228 861 2258 τοῖς
891 2226 960 2260 ἄγαν

167 2277 260 2311 ἁγίοις
285 2277 357 2302 κατὰ
380 2275 511 2310 διαίρεσιν
538 2274 638 2301 δίδοται
666 2274 714 2300 τοῦ
738 2273 897 2308 [Ινεύματος
928 2272 962 2298 τὰ

168 2323 340 2358 χαρίσματα.
352 2321 408 2347 Καὶ
429 2321 534 2356 μάρτυς
549 2322 562 2346 ὁ
579 2319 650 2350 θεῖος
673 2319 835 2350 Ἀπόστολος
851 2318 939 2352 λέγων
951 2325 958 2332 ·

173 2377 183 2393 ι
202 2365 240 2402 ’ῼ
255 2367 305 2402 μὲν
323 2366 378 2401 γὰρ
396 2365 498 2392 δίδοται
512 2363 557 2391 διὰ
581 2363 628 2390 τοῦ
645 2363 806 2398 Πνεύματος
823 2363 901 2397 λόγος
919 2371 962 2389 σο-

169 2415 248 2450 φίας,
259 2413 332 2449 ἄλλῳ
341 2413 369 2439 δὲ
383 2412 460 2446 λόγος
474 2411 600 2446 γνώσεως
610 2411 681 2438 κατὰ
691 2410 721 2437 τὸ
736 2410 802 2437 αὐτὸ
812 2410 935 2445 Πνεῦμα,
947 2419 956 2434 ι

168 2461 220 2489 καὶ
233 2461 269 2487 τὰ
284 2460 358 2495 ἑξῆς.
379 2458 511 2485 Ἐνταῦθα
529 2457 556 2484 δὲ
577 2458 592 2484 ὁ
615 2457 761 2492 προφήτης
774 2457 820 2482 τὸν
837 2457 869 2482 ὲκ
883 2456 962 2491 ῥίζης

175 2506 279 2534 Ἰεσσαὶ
301 2505 494 2540 βλαστήσαντα
512 2504 602 2534 πάσας
618 2503 731 2538 εἴρηκεν
750 2502 823 2537 ἔχειν
847 2502 896 2533 τὰς
919 2503 962 2528 ὲν-

168 2552 283 2588 εργεία;
294 2550 342 2577 τοῦ
353 2549 522 2585 Πνεύματος.

206 2596 308 2625 ΕΡΔΝ.
330 2595 441 2627 Τούτοις
455 2595 614 2621 ἀντιτείνειν
631 2594 713 2630 μανία
728 2594 826 2629 σαφής.

207 2644 286 2670 ΟΡΘ.
311 2642 417 2669 Οὐκοῦν
434 2643 550 2670 ἄκουσον
568 2642 616 2668 καὶ
640 2641 695 2668 τῶν
721 2641 801 2676 ἑξῆς·
822 2639 883 2674 ὄψει
909 2638 964 2674 γὰρ

207 2723 229 2739 ’⁷
250 2722 335 2749 Hebr.
357 2730 396 2755 νι,
418 2721 511 2748 H-IS.
549 2720 572 2736 ⁷⁸
586 2720 694 2752 Isa.Lv,
714 2719 741 2746 5.
778 2718 809 2734 ¹¹⁸¹
827 2717 896 2745 Ibid.

220 2793 267 2828 32)
291 2793 391 2819 Ἰεσσαὶ
407 2807 440 2812 —-—
452 2793 540 2828 ῥίζης.
563 2792 625 2818 Des.
641 2791 669 2818 in
689 2791 734 2819 ed.
748 2790 828 2817 Rom.
847 2793 874 2816 et
888 2788 962 2824 Lips.

169 2837 237 2864 qua:
257 2827 364 2856 eorum:
387 2827 422 2855 ad
443 2827 541 2863 ῥάϐδος
562 2831 682 2861 ponunt.

935 2717 957 2733 7’
971 2716 1041 2744 Ibid.
1059 2718 1084 2749 4,
1098 2717 1123 2745 Ei.

1010 2235 1076 2255 vero
1100 2234 1181 2254 nemo
1198 2234 1318 2262 unquam
1344 2226 1419 2253 nudo
1440 2226 1543 2253 homini
1568 2226 1697 2254 tribuerit
1716 2235 1722 2253 ε
1741 2233 1804 2253 nam

1009 2274 1093 2302 etiam
1112 2273 1192 2300 valde
1219 2272 1322 2300 sanctis
1348 2280 1396 2308 per
1424 2272 1589 2300 divisionem
1610 2271 1710 2299 dantur
1732 2271 1805 2298 dona

1011 2320 1141 2356 Spiritus,
1170 2324 1200 2346 ut
1229 2323 1346 2347 testatur
1373 2318 1485 2346 divinus
1507 2318 1665 2353 Apostolus,
1685 2317 1804 2344 dicens:

1015 2376 1024 2392 ι
1042 2366 1152 2393 Etenim
1167 2366 1213 2393 alii
1236 2366 1318 2393 datur
1342 2373 1392 2401 per
1408 2365 1542 2400 Spiritum
1557 2372 1648 2392 sermo
1665 2364 1806 2398 sapientiae

1014 2413 1060 2440 alii
1090 2418 1182 2440 autem
1214 2420 1304 2439 sermo
1339 2412 1462 2439 scientiae
1493 2410 1646 2438 secundum
1677 2409 1805 2437 eumdem

1016 2459 1147 2494 Spiritum
1155 2459 1204 2490 ”¹,›
1219 2463 1247 2486 et
1258 2463 1368 2485 caetera.
1378 2457 1428 2485 Hic
1438 2464 1504 2485 vero
1516 2456 1649 2491 propheta
1660 2463 1722 2483 eum
1731 2455 1778 2490 qui
1790 2463 1806 2482 ο

1016 2503 1108 2530 radice
1122 2503 1197 2531 Jesse
1209 2503 1383 2538 germinavit,
1392 2510 1487 2531 omnes
1503 2501 1621 2536 Spiritus
1632 2500 1807 2536 operationes

1017 2549 1120 2576 habere
1135 2549 1261 2576 allirmat.

1052 2593 1155 2621 ERAN.
1173 2593 1221 2621 llis
1233 2593 1373 2620 adversari
1387 2595 1481 2627 aperta
1495 2595 1538 2619 est
1550 2590 1666 2618 insania.

1053 2640 1158 2668 Olt'I'II.
1175 2640 1245 2667 Audi
1258 2647 1324 2675 ergo
1339 2640 1421 2666 etiam
1436 2638 1588 2673 sequentia.
1605 2637 1718 2666 Videbis
1732 2638 1807 2665 enim

1162 2717 1184 2733 ⁸⁸
1203 2717 1254 2744 Isn.
1271 2724 1299 2746 η.
1317 2716 1341 2744 I.
1380 2715 1401 2732 '”
1414 2716 1554 2744 Ibid.2-5.
1576 2716 1599 2733 "'
1614 2717 1698 2746 ICor.
1721 2725 1767 2750 ιιι,
1780 2720 1806 2744 δ.
1826 2718 1831 2722 ”

1055 2788 1111 2824 (35)
1131 2787 1240 2818 ’Ea‘w,x.
1258 2795 1282 2813 τ.
1299 2786 1323 2813 λ.
1338 2786 1415 2814 Conl.
1435 2793 1499 2815 tom.
1513 2787 1545 2820 ll,
1562 2795 1588 2820 ρ.
1609 2787 1661 2815 255
1679 2795 1736 2822 seq.
