1953 3055
171 101 202 131 6¹ί

170 159 199 184 in
222 156 265 183 his
276 155 399 190 quadarn
418 155 566 182 humanam
582 157 705 180 naturam
723 153 894 180 excedentia.
914 152 959 180 Sic
975 156 995 183 Α

170 207 262 229 autem
275 201 341 228 dicit
354 210 359 226 :
378 211 386 226 ι
403 201 461 227 Non
471 199 621 227 secundum
629 198 787 232 opinionem
799 198 958 233 ‘judicabit,

172 254 261 281 neque
278 246 429 273 secundum
448 246 546 272 famam
561 249 658 279 arguet
673 254 678 270 :
695 244 742 270 sed
759 244 786 271 in
797 244 903 279 justitia
915 244 960 279 jus
977 246 986 263 θ

171 292 246 320 dicet
261 292 368 324 humili,
384 296 412 318 et
425 296 521 326 arguet
536 291 563 317 in
576 290 739 318 rectitudine
750 290 856 317 nobiles
868 294 958 322 terrm,

172 343 200 366 et
218 338 350 373 percutiet
369 342 466 364 terram
482 345 609 364 sermone
624 337 681 363 oris
697 336 750 368 sui,
766 341 793 363 et
805 336 903 370 spiritu
919 336 960 362 la-

172 381 280 408 biorum
309 389 421 407 suorum
447 381 594 407 iutcrliciet
622 380 734 415 impium
764 380 796 406 ⁸³.
818 391 826 405 ι
858 380 959 407 liarum

172 427 380 461 praedictionum
395 431 486 461 partes
501 426 624 461 qumdam
637 426 762 453 humanm.
771 430 835 452 sunt
845 431 958 456 naturae,

172 474 295 506 quamam
312 472 411 499 divin-.0
427 481 433 498 :
449 472 555 507 justitia
574 472 658 503 enim,
673 477 701 499 et
719 472 819 498 veritas
833 476 860 498 et
876 471 960 498 recti—

173 518 250 549 tudo,
265 523 293 545 et
308 519 418 545 immota
435 519 461 545 in
482 518 632 553 judicando
644 517 798 544 constantia
812 518 960 544 humanam

171 564 301 591 virtutem
315 564 464 590 declarant.

208 610 312 636 ERAN.
336 610 375 636 Ex
400 610 443 637 his
459 613 552 644 aperte
575 609 732 640 didicimus,
757 608 830 644 quod
857 608 960 635 Christi

173 655 322 682 Salvatoris
335 656 421 682 nostri
437 655 584 682 adventum
596 655 728 690 propheta
742 654 907 689 prtedixerit.

208 754 313 781 ORTH.
335 753 399 787 Qua:
422 754 874 788 subsequunturinterpretationis
887 754 961 782 veri-

173 803 257 826 tatem
269 800 424 827 evidentius
438 805 463 827 te
482 799 629 826 docebunt.
644 799 726 826 Addit
740 801 812 827 enim
827 809 833 827 ε
859 810 867 826 ι
885 801 961 828 Tunc

174 843 254 870 simul
272 849 400 878 paseetur
427 845 509 878 lupus
533 851 595 870 cum
625 852 694 879 agno
704 844 737 877 υ,
758 854 767 870 ι
783 849 810 872 et
829 853 891 880 qua:
915 853 960 873 se-

172 893 314 923 quuntur;
328 889 429 924 quibus
445 890 524 916 docet
538 895 595 917 tum
613 898 719 917 morum
736 891 959 926 discrepantiam,

174 938 231 960 tum
255 933 317 961 ﬁdei
337 934 523 961 concordiam.
536 934 575 961 Ac
594 937 692 961 testem
708 935 895 970 pratdictionis
912 937 961 963 ha-

173 978 270 1005 bemus
283 987 377 1006 rerum
392 981 601 1014 experientiam.
613 982 679 1008 Nam
694 985 722 1008 ct
735 989 782 1008 eos
797 982 843 1016 qui
858 982 962 1010 divitiis

172 1025 298 1056 afﬂuunt,
317 1030 345 1052 et
361 1033 408 1053 eos
423 1027 469 1060 qui
487 1035 548 1054 cum
564 1032 724 1062 paupertate
738 1028 790 1062 37
804 1028 963 1056 conﬂictan-

175 1074 228 1102 tur,
254 1078 348 1098 servos
374 1079 405 1099 ac
432 1072 568 1105 dominos,
594 1074 770 1108 magistratus
782 1077 810 1100 et
827 1074 961 1107 subditos,

174 1115 275 1143 milites
301 1121 328 1143 et
345 1117 475 1151 privatos,
501 1122 528 1144 et
539 1126 586 1145 eos
607 1119 652 1153 qui
666 1118 742 1145 orbis
755 1123 890 1146 terrarum
902 1127 963 1147 sce-

173 1166 233 1196 ptra
258 1166 360 1194 tenent,
388 1171 472 1190 unum
487 1163 588 1198 exeipit
603 1165 753 1197 lavacrum,
768 1172 821 1191 una
835 1165 964 1194 omnibus

174 1208 289 1235 oll'ertur
311 1208 445 1241 doctrina,
464 1217 518 1236 una
538 1210 667 1237 omnibus
683 1211 795 1245 mystica
811 1219 904 1238 mensa
920 1211 963 1238 in-

174 1253 301 1286 struitur,
317 1258 346 1281 et
365 1254 482 1288 quilibet
500 1255 671 1282 credentium
687 1256 786 1292 aequali
804 1260 881 1291 parte
899 1256 964 1283 frui-

175 1301 230 1324 tur.

210 1344 314 1371 ERAN.
340 1344 393 1371 Sed
419 1345 477 1372 hinc
495 1345 581 1372 Deum
598 1353 669 1379 esse,
691 1345 725 1374 de
752 1354 807 1382 quo
828 1347 963 1382 propheta

174 1389 307 1424 loquitur,
324 1389 484 1417 ostendunt.

209 1434 385 1462 OBTH.Non
403 1435 491 1462 solum
507 1435 602 1467 Deum,
630 1435 678 1462 sed
702 1435 785 1463 etiam
813 1436 961 1464 hominem.

175 1479 239 1506 Ideo
248 1480 339 1506 statim
348 1480 382 1506 ab
400 1480 479 1506 initio
491 1481 573 1516 hujus
588 1481 738 1516 prophetiae
752 1482 855 1517 virgam
871 1491 904 1510 cx
921 1491 963 1510 ra-
977 1499 998 1527 Ο

175 1525 237 1552 dice
252 1525 328 1552 Jesse
346 1526 557 1560 germinaturam
573 1526 641 1553 dixit
661 1527 693 1559 ⁸⁸,
713 1531 741 1555 et
758 1528 963 1562 praedictionem

175 1571 305 1598 claudens
316 1572 460 1599 exordium
474 1572 593 1606 repetiit.
610 1572 655 1600 Sic
673 1574 745 1600 enim
757 1574 796 1601 ait
810 1583 817 1600 :
839 1584 848 1600 ι
865 1575 898 1601 Ει
910 1575 964 1602 erit

175 1617 252 1645 radix
265 1618 352 1649 Jesse,
369 1621 398 1645 et
411 1625 560 1653 exsurgens
575 1618 607 1645 ad
621 1618 811 1653 imperandum
824 1620 962 1655 gentibus.

175 1662 205 1689 In
229 1670 262 1689 eo
285 1669 380 1697 gentes
403 1663 563 1697 sperabunt,
588 1667 614 1690 et
639 1664 692 1690 erit
711 1665 820 1698 requies
841 1665 900 1700 ejus
913 1665 963 1692 ho-

176 1715 227 1734 nor
243 1708 277 1734 ".
299 1718 308 1734 υ
328 1708 404 1735 Jesse
427 1713 519 1735 autem
541 1709 594 1736 l'uit
619 1713 696 1744 pater
723 1710 852 1742 Davidis;
867 1711 963 1738 Davidi

175 1760 241 1780 vero
255 1753 324 1780 facta
334 1758 377 1780 est
388 1762 450 1780 cum
462 1754 643 1789 jurejurando
655 1755 810 1789 promissio.
827 1756 882 1783 Nec
899 1765 964 1783 vero

175 1798 279 1833 virgam
295 1799 495 1834 germinantem
508 1807 541 1827 ex
554 1800 630 1827 Jcsse
645 1801 809 1835 appellasset
823 1801 964 1828 Christum

175 1844 334 1875 Dominum.
355 1845 377 1871 si
398 1845 483 1872 Deum
510 1850 615 1872 tantum
643 1846 808 1881 agnovisset.
836 1847 965 1874 Praediin

175 1894 267 1916 autem
283 1891 427 1925 prophetia
442 1891 524 1918 etiam
536 1892 612 1918 orbis
626 1895 761 1919 terrarum
772 1894 962 1921 mutationem.

179 1945 189 1960 ι
202 1936 316 1970 lmplcta
339 1937 413 1963 enim
438 1941 490 1967 est.
514 1937 613 1971 inquit,
633 1937 760 1965 universa
777 1943 850 1966 terra
868 1941 964 1975 cogni-

176 1981 250 2009 tione
263 1982 380 2015 Domini,
394 1987 422 2009 et
433 1983 510 2017 quasi
523 1990 593 2017 aqua
606 1983 692 2010 multa
702 1985 791 2018 operit
805 1985 890 2012 maria
901 1985 934 2013 ⁸⁷,
951 1995 960 2012 ι

980 830 998 856 Β

211 2070 314 2098 ERAN.
330 2070 430 2098 Audivi
447 2071 606 2106 prophetica
617 2072 757 2099 vaticinia.
773 2073 875 2101 Vellem
890 2082 965 2102 nunc

177 2116 305 2144 distincte
334 2117 416 2150 scire,
445 2125 479 2144 an
505 2117 616 2145 divinus
643 2126 752 2153 quoque
778 2120 964 2154 apostolorum

663 96 905 127 TlIEODORETI
925 97 1093 126 EPISCOPI
1113 74 1295 127 CYhENSIS

1010 153 1099 179 αὐτῶν
1115 153 1172 179 ἔνια
1187 154 1233 179 καὶ
1247 153 1296 188 τὴν
1309 153 1481 188 ἀνθρωπείαν
1495 155 1692 190 ὑπερϐαίνοντα
1704 158 1816 192 φύσιν.

1010 199 1091 232 Λέγει
1105 198 1133 225 δὲ
1149 199 1252 230 οὕτως’
1273 209 1282 224 ‹
1309 199 1345 225 Οὐ
1364 199 1433 226 κατὰ
1448 201 1498 234 τὴν
1514 201 1594 234 ὃὸξαν
1615 205 1712 238 κρινεῖ,
1738 205 1818 232 οὐδὲ

1010 243 1081 272 κατὰ
1092 244 1139 279 τὴν
1155 244 1248 271 λαλιὰν
1265 245 1383 279 ἐλέγξει·
1397 245 1466 271 ἀλλὰ
1481 248 1570 281 κρινεῖ
1585 248 1623 283 μὲν
1638 248 1818 285 δικαιοσύνῃ

1010 291 1130 325 ταπεινῷ
1156 291 1247 326 κρίσιν
1261 312 1268 324 ,
1287 291 1334 318 καὶ
1359 291 1463 324 ἐλέγξει
1486 293 1514 318 ἐν
1530 293 1657 327 εὐθύτητι
1682 295 1746 326 τοὺς
1762 296 1818 321 sv-

1010 337 1102 369 δόξους
1117 338 1165 372 τῆς
1183 337 1234 371 γῆς
1248 357 1255 368 ,
1274 338 1320 363 καὶ
1343 338 1457 370 κατάξει
1483 339 1532 373 τὴν
1548 339 1601 373 γῆν
1616 340 1654 374 τῷ
1665 340 1736 375 λόγῳ
1754 341 1814 368 τοῦ

1012 383 1145 417 στόματος
1158 383 1251 413 αὑτοῦ,
1264 384 1310 409 καὶ
1322 383 1361 418 τῷ
1375 383 1510 419 πνεύματι
1531 384 1575 411 διὰ
1586 385 1699 419 χειλέων
1708 387 1817 413 ἀνελεῖ

1011 428 1057 454 τὸν
1074 428 1170 462 ἀσεϐῆ.
1197 438 1206 453 ›
1228 427 1337 454 Τούτων
1354 429 1381 454 δὲ
1404 429 1457 455 τῶν
1479 431 1674 465 προρρήσεων,
1698 431 1734 457 τὰ
1753 432 1816 466 μὲν

1011 473 1084 498 ἔστιν
1099 472 1265 507 ἀνθρώπεια,
1286 475 1319 499 τά
1331 474 1356 499 δὲ
1373 473 1447 499 θεῖα·
1460 475 1475 507 ἡ
1496 474 1545 508 μὲν
1562 475 1616 508 γάρ
1631 474 1814 511 δικαιοσύνη,

1012 519 1087 553 καὶὴ
1104 518 1230 553 ἀλήθεια,
1251 519 1297 545 xu".
1323 519 1353 545 τὸ
1373 519 1452 550 εὐθές
1471 527 1500 545 τε
1522 520 1568 546 καὶ
1587 521 1695 551 ἁκλινὲς
1710 523 1740 548 ὲν
1764 521 1814 556 τῷ

1012 564 1115 600 κρίνειν
1139 564 1215 597 δηλοῖ
1233 564 1283 598 τὴν
1300 564 1372 591 κατὰ
1385 565 1415 590 τὸ
1428 564 1599 600 ἀνθρώπινον
1616 567 1727 601 ἀρετήν.

1048 610 1148 636 EPAN.
1169 610 1340 645 Σαφέστερον
1355 610 1399 636 διὰ
1412 611 1515 636 τούτων
1539 611 1689 646 ἐμάθομεν,
1702 612 1741 643 ὡς
1754 613 1812 639 τοῦ

1012 656 1138 689 Σωτῆρος
1152 655 1230 690 ἡμῶν
1250 655 1367 691 Χριστοῦ
1384 655 1434 690 τὴν
1455 656 1608 690 παρουσίαν
1629 657 1643 682 ὁ
1655 657 1813 692 προφήτης

1013 702 1167 728 ἐθέσπισεν.

1048 749 1123 775 ΟΡΘ.
1147 748 1359 783 Ἐναρτὲστερόν
1382 756 1412 774 σε
1426 748 1528 780 διδάξει
1553 748 1589 775 τὰ
1608 749 1711 776 τούτων
1735 749 1811 775 ἀκό-

1012 794 1094 820 λουθα
1108 794 1158 828 τὴν
1184 795 1232 829 τῆς
1257 794 1406 829 ἑρμηνείας
1433 794 1572 829 ἀλήθειαν.
1602 795 1715 829 Ἐπάγει
1733 795 1810 830 γάρ’

1016 851 1025 867 ι
1044 841 1109 867 Τότε
1126 841 1383 876 συμϐοηκηθήσεται
1398 842 1478 874 λύκος
1492 843 1560 877 μετὰ
1573 843 1666 877 άρνοῦ,
1683 853 1692 869 ι
1710 845 1758 870 xu".
1773 844 1812 870 τὰ

1013 886 1076 920 ἑξῆς
1087 894 1094 901 ⁴
1113 886 1145 912 δι’
1160 883 1198 913 ὧν
1217 886 1335 913 διδάσκει
1350 887 1396 914 καὶ
1411 887 1464 913 τῶν
1476 887 1550 922 ἠθῶν
1562 888 1593 914 τδ
1604 888 1743 923 διάφορον,
1757 889 1812 914 καὶ

1012 931 1043 958 τὸ
1059 932 1109 966 τῆς
1124 933 1243 965 πίστεως
1256 933 1412 968 σύμφωνον.
1432 933 1487 960 Καὶ
1508 935 1635 969 μάρτυρα
1652 935 1701 969 τῆς
1719 936 1811 970 προρ-

1014 978 1119 1013 ρήσεως
1132 978 1229 1013 ἔχομεν
1239 979 1293 1005 τῶν
1307 979 1477 1014 πραγμάτων
1489 979 1539 1015 τὴν
1553 981 1663 1014 πεῖραν.
1680 980 1733 1006 Καὶ
1749 979 1810 1015 γὰρ

1013 1024 1076 1055 τοὺς
1090 1024 1199 1060 πλούτῳ
1222 1024 1376 1059 κομῶντας,
1405 1025 1452 1050 καὶ
1467 1025 1530 1056 τοὺς
1552 1025 1631 1060 πενίᾳ
1647 1025 1807 1057 συζῶντας,

1013 1069 1122 1101 οἰκέτας
1134 1079 1163 1096 τε
1180 1071 1226 1096 καὶ
1241 1070 1389 1101 δεσπότας,
1403 1071 1450 1097 καὶ
1464 1070 1633 1105 ἀρχομένους
1649 1071 1693 1097 καὶ
1705 1071 1808 1105 ἄρχον-

1013 1123 1073 1146 τας,
1089 1115 1136 1140 καὶ
1157 1114 1327 1150 στρατιώτας
1340 1114 1387 1141 καὶ
1404 1115 1521 1146 ἰδιώτας,
1536 1115 1583 1141 καὶ
1601 1115 1662 1146 τοὺς
1682 1114 1715 1140 τὰ
1734 1115 1807 1149 σκῆ-

1016 1169 1089 1195 πτρα
1109 1161 1158 1194 τῆς
1171 1160 1341 1195 ,οἰκουμένης
1365 1160 1541 1194 κατέχοντας,
1570 1160 1619 1195 μία
1641 1160 1806 1196 ὑποδέχεται

1015 1204 1204 1240 κολυμϐήθρα,
1222 1204 1271 1239 μία
1286 1205 1351 1231 πᾶσι
1361 1205 1518 1231 διδασκαλία
1533 1205 1735 1240 προσφέρεται,
1753 1205 1806 1237 μία

1018 1251 1085 1277 πᾶσι
1119 1250 1240 1285 μυστικὴ
1275 1250 1432 1286 προτίθεται
1457 1250 1582 1285 τράπεζα
1603 1250 1650 1276 καὶ
1670 1249 1724 1276 τῶν
1755 1259 1805 1276 πι-

1017 1296 1167 1323 στευόντων
1180 1296 1294 1327 ἕκαστος
1311 1296 1371 1331 ἴσης
1390 1295 1522 1322 ἀπολαύει
1540 1296 1659 1330 μερίδος.

1051 1340 1152 1367 EPAN.
1186 1339 1266 1366 Ἀλλὰ.
1290 1339 1376 1366 ταῦτα
1405 1340 1470 1366 Θεὸν
1492 1340 1537 1366 τὸν
1564 1340 1806 1375 προφητευὸμενον

1015 1386 1162 1413 δείκνυσιν.

1051 1431 1127 1457 ΟΡΘ.
1146 1431 1183 1457 Οὐ
1199 1431 1264 1457 Θεὸν
1278 1431 1367 1465 μόνον,
1387 1431 1454 1457 ἀλλὰ
1471 1431 1518 1458 καὶ
1531 1431 1684 1466 ἄνθρωπον.
1701 1430 1803 1457 Τούτου

1015 1477 1047 1512 δὴ
1068 1477 1159 1512 χάριν,
1179 1477 1228 1503 καὶ
1243 1477 1324 1508 εὐθὺς
1340 1477 1421 1511 τῆσδε
1439 1478 1488 1511 τῆς
1505 1477 1672 1512 προφητείας
1685 1476 1804 1512 ἀρξάμε-

1016 1531 1070 1554 νος,
1088 1523 1186 1557 ῥάϐδον
1206 1522 1367 1557 βλαστήσειν
1389 1523 1420 1548 ἐκ
1442 1523 1491 1557 τῆς
1510 1522 1588 1557 ῥίζης
1608 1523 1719 1558 εἴρηκεν
1737 1523 1802 1548 Ἰεσ-

1015 1569 1079 1596 σαί”
1101 1569 1149 1595 καὶ
1169 1568 1219 1604 τὴν
1246 1568 1400 1604 πρόρρησιν
1425 1569 1613 1604 συμπεράνας,
1637 1567 1751 1594 ἀνέλαϐε
1772 1568 1802 1594 sb

1015 1615 1170 1651 προοίμιον.
1182 1615 1254 1650 Ἔφη
1264 1616 1334 1650 γάρ·
1350 1624 1359 1640 ι
1370 1615 1424 1641 Καὶ
1439 1614 1515 1641 ἔσται
1525 1615 1541 1648 ἡ
1554 1614 1617 1650 ῥίζα
1626 1614 1673 1640 τοῦ
1692 1615 1801 1646 Ἰεσσαὶ,

1015 1661 1062 1688 καὶ
1081 1662 1094 1687 ὁ
1117 1660 1296 1695 ἀνιστάμενος
1322 1661 1415 1695 ἄρχειν
1440 1660 1541 1687 ἐθνῶν·
1569 1661 1612 1686 ἐπ’
1637 1661 1711 1695 αὐτῷ
1739 1660 1801 1695 ἔθνη

1016 1706 1151 1737 ὲλπιοῦσι,
1167 1706 1214 1732 καὶ
1231 1705 1308 1732 ἔσται
1323 1707 1338 1741 ἡ
1353 1706 1506 1737 ἀνάπαυσις
1518 1705 1599 1732 αὐτοῦ
1613 1706 1688 1740 τιμή.
1706 1715 1715 1731 ι
1738 1706 1802 1731 Ἰεσ-

1017 1753 1062 1778 σαὶ
1075 1752 1103 1778 δὲ
1119 1753 1132 1778 ὁ
1146 1751 1236 1786 πατὴρ
1248 1751 1295 1778 τοῦ
1306 1751 1399 1782 Δαὸὶδ,
1416 1751 1483 1786 πρὸς
1499 1752 1527 1778 δὲ
1541 1751 1586 1777 τὸν
1600 1751 1682 1777 Δαϐὶδ
1692 1751 1801 1785 γέγονεν

1016 1799 1032 1833 ἡ
1054 1798 1112 1833 μεθ’
1127 1798 1216 1833 ὅρκων
1240 1798 1397 1832 ὑπόσχεσις.
1415 1797 1473 1824 Οὐκ
1484 1797 1517 1824 ἂν
1529 1797 1556 1823 δὲ
1572 1797 1670 1832 ῥάϐδον
1689 1797 1801 1831 βλαστή-

1017 1853 1116 1871 σουσαν
1131 1844 1161 1875 ἐξ
1186 1843 1285 1870 Ἰεσσαὶ
1305 1843 1510 1878 προσηγόρευσε
1524 1843 1568 1869 τὸν
1584 1843 1722 1876 Δεσπότην
1737 1843 1800 1878 Χρι-

1017 1889 1089 1920 στὸν,
1103 1890 1127 1915 εἱ
1148 1888 1228 1924 μόνον
1241 1888 1299 1923 ᾔδει
1320 1888 1397 1916 Θεόν.
1415 1888 1566 1924 Προείρηκε
1579 1889 1607 1915 δὲ
1623 1889 1638 1922 ἡ
1653 1889 1800 1923 πρόρρησις

1016 1937 1063 1963 καὶ
1077 1938 1126 1972 τὴν
1146 1937 1195 1972 τῆς
1215 1936 1380 1971 οἰκουμένης
1404 1937 1568 1972 μεταϐολήν.
1595 1946 1604 1962 ι
1635 1935 1798 1970 Ἐνεπλήσθη

1015 1983 1079 2018 γὰρ,
1098 1983 1189 2018 φησὶν,
1212 1984 1228 2018 ή
1251 1983 1383 2018 σύμπασα
1397 1984 1432 2018 γῆ
1446 1983 1491 2009 τοῦ
1507 1983 1608 2017 γνῶναι
1625 1982 1670 2008 τὸν
1690 1981 1797 2017 Κύριον,

1016 2029 1054 2060 ὡς
1073 2029 1145 2063 ὕδωρ
1158 2029 1225 2055 πολὺ
1237 2028 1427 2063 κατακειλύψαι
1443 2029 1591 2060 θαλάσσας.
1609 2038 1618 2054 ›

1052 2075 1154 2100 ΕΡΛΝ.
1176 2074 1236 2100 Τῶν
1250 2075 1298 2109 μὲν
1312 2075 1489 2110 προφητικῶν
1504 2075 1646 2109 ἐπήκουσα
1654 2073 1798 2108 θεσπισμά-

1019 2129 1082 2146 των.
1099 2120 1266 2156 Ἐϐουλόμην
1281 2121 1309 2147 δὲ
1325 2121 1426 2155 γνῶναι
1444 2120 1548 2154 σαφῶς,
1567 2121 1591 2146 εἰ
1607 2121 1652 2146 καὶ
1668 2119 1721 2146 τῶν
1736 2121 1798 2146 ἁπο-

176 2163 278 2190 chorus
297 2162 437 2190 Christum
451 2163 596 2190 Dominum
611 2172 644 2191 ex
661 2165 765 2192 semine
780 2165 890 2192 Davidis
903 2173 960 2201 ger-

1021 2166 1123 2192 στόλων
1136 2166 1149 2192 ὁ
1170 2166 1241 2196 θεῖος
1252 2167 1332 2202 χορὸς
1348 2168 1379 2193 ὲκ
1395 2167 1552 2202 σπέρματος
1565 2166 1648 2192 Δαόὶδ
1662 2165 1797 2200 βεϐλάστη-

176 2208 296 2236 minasse
308 2208 381 2235 dicat
392 2208 543 2235 secundum
562 2217 682 2237 carnem.

211 2254 220 2264 ‘
241 2253 346 2281 ORTH.
377 2254 444 2281 Rem
472 2254 615 2289 postulasti
644 2255 757 2283 minime
771 2256 895 2289 arduam,
915 2256 963 2284 sed

176 2299 256 2327 valde
281 2300 388 2327 facilem
403 2304 431 2327 et
446 2301 612 2335 expeditam.
636 2301 706 2328 Audi
724 2310 789 2337 ergo
809 2302 962 2337 principem

175 2346 362 2382 apostolorum
375 2347 539 2374 clamantem
555 2356 561 2373 :
582 2357 590 2372 ι
607 2348 742 2382 Propheta
756 2356 817 2375 euut
830 2353 900 2375 esset
910 2349 965 2375 Da-

176 2392 233 2425 vid,
251 2397 278 2419 et
291 2393 374 2420 sciret
387 2393 568 2428 jurejurando
587 2393 694 2428 jurassc
713 2393 751 2420 illi
770 2394 866 2425 Deum,
889 2394 964 2421 futu-

177 2446 239 2466 rum
249 2443 280 2465 ut
294 2438 328 2465 de
344 2438 434 2466 fructu
449 2438 534 2465 lumbi
548 2439 607 2473 ejus
618 2438 672 2473 38
688 2439 839 2466 secundum
853 2447 963 2466 carnem

175 2485 330 2512 exoriretur
351 2485 478 2513 Christus
500 2486 546 2520 qui
561 2485 670 2512 sederet
683 2492 766 2520 super
783 2484 876 2511 sedem
892 2484 962 2519 ejus,

177 2530 325 2565 providens
350 2531 459 2559 locutus
474 2535 515 2558 est
531 2531 564 2558 dc
583 2531 786 2558 resurrectione
802 2531 873 2566 ejus,
891 2530 964 2564 quod

178 2583 267 2610 neque
282 2576 412 2604 derelicta
424 2577 508 2604 estin
533 2577 639 2604 inferno
664 2577 754 2603 anima
778 2576 849 2611 ejus,
875 2583 965 2610 neque

177 2629 242 2649 caro
256 2622 314 2657 ejus
326 2622 394 2649 vidit
408 2623 610 2657 corruptionem
620 2623 667 2649 “.1
677 2622 717 2649 Ex
730 2621 772 2649 his
786 2622 865 2648 facile
883 2621 965 2649 intel—

176 2665 262 2700 ligere
279 2670 366 2699 potes,
382 2673 415 2693 ex
436 2666 540 2694 semine
565 2666 676 2694 Davidis
701 2666 785 2694 etiam
812 2666 963 2694 secundum

1019 2211 1096 2238 κέναι
1117 2211 1186 2238 κατὰ
1202 2213 1290 2248 σάρκα
1309 2212 1361 2246 ἔφη
1377 2212 1422 2238 τὸν
1435 2212 1573 2246 Δεσπότην
1588 2211 1716 2247 Χριστόν.

1056 2257 1132 2284 ΟΡΘ.
1155 2258 1237 2284 Οὐδὲν
1260 2258 1427 2292 ἐπήγγειλας
1442 2257 1582 2293 δυσχερὲς,
1597 2257 1665 2284 ἀλλά
1683 2257 1729 2283 καὶ
1743 2257 1796 2283 λίαν

1019 2303 1132 2334 εὐπετές
1147 2311 1177 2329 τε
1198 2303 1245 2330 καὶ
1261 2304 1362 2339 ῥᾴδιον.
1383 2304 1516 2330 Ἄκουσον
1531 2303 1619 2329 τοίνυν
1632 2302 1678 2328 τοῦ
1694 2301 1795 2337 πρώτου

1018 2347 1073 2374 τῶν
1085 2347 1242 2374 ἀποστόλων
1254 2348 1381 2382 βοῶντος,
1395 2349 1436 2374 ὃτι
1453 2357 1461 2372 ι
1476 2348 1622 2382 Προφήτης
1633 2347 1671 2373 ὢν
1685 2347 1700 2372 ὸ
1711 2345 1794 2377 Δαϐιδ,

1020 2394 1065 2420 καὶ
1079 2393 1158 2425 εἰδὼς
1173 2394 1213 2420 ὅτι
1234 2394 1308 2430 ὅρκῳ
1321 2393 1429 2429 ὤμοσεν
1441 2393 1515 2428 αὑτῷ
1528 2394 1542 2419 ὁ
1552 2392 1628 2425 Θεὸς,
1652 2393 1683 2418 ἐκ
1697 2391 1793 2427 καρποῦ

1017 2439 1067 2474 τῆς
1089 2438 1188 2473 ὀσφύος
1209 2439 1291 2465 αὑτοῦ
1317 2439 1481 2473 ἀναστήσειν
1497 2438 1528 2464 τὸ
1548 2437 1619 2464 κατὰ
1644 2437 1733 2472 σάρκα
1754 2437 1794 2463 τὸν

1017 2485 1144 2520 Χριστὸν,
1158 2485 1268 2511 καθίσαι
1284 2486 1343 2520 (54)
1357 2485 1402 2511 ἐπὶ
1415 2484 1462 2510 τοῦ
1477 2484 1572 2519 θρόνου
1581 2483 1675 2515 αὑτοῦ,
1687 2482 1794 2519 προϊδὼν

1020 2529 1135 2564 ὲλάλησε
1153 2530 1216 2565 περὶ
1233 2531 1280 2564 τῆς
1304 2530 1479 2560 ἀναστάσεως
1502 2528 1597 2560 αὑτοῦ,
1616 2530 1657 2555 ὅτι
1680 2529 1741 2555 οὕτε
1758 2530 1794 2563 ἑγ-

1020 2575 1183 2609 κατελείςρθη
1199 2576 1237 2606 εἰς
1247 2575 1310 2610 ᾂόου
1324 2576 1340 2608 ἡ
1351 2574 1424 2610 ψυχὴ
1434 2575 1528 2607 αὑτοῦ,
1540 2574 1623 2610 οὕθ“ή
1639 2574 1707 2609 σάρξ
1721 2574 1792 2600 αὐτοῦ

1019 2617 1072 2646 εἶδε
1089 2620 1248 2655 διαῳθοράν.
1268 2630 1276 2645 ι
1297 2620 1344 2646 Ἐκ
1355 2619 1457 2646 τούτων
1472 2620 1618 2654 διαγνῶναί
1633 2629 1674 2646 σοι
1682 2620 1791 2651 δυνατὸν,

1017 2666 1058 2692 ὅτι
1069 2666 1115 2691 καὶ
1129 2668 1160 2692 ὲκ
1171 2667 1325 2702 σπέρματος
1337 2665 1419 2693 Δαϐὶδ
1431 2666 1503 2693 κατὰ
1517 2667 1605 2701 σάρκα
1619 2666 1792 2702 βεϐλάστηκεν

212 2744 236 2760 ⁸³
250 2744 301 2772 lsa.
315 2753 342 2778 It,
359 2745 385 2777 5,
405 2745 431 2771 Δ.
453 2745 475 2760 ⁸³
488 2745 556 2772 Ibid.
572 2745 599 2772 6.
637 2745 661 2760 ⁸⁵
677 2745 726 2773 lsa.
742 2754 776 2776 χι,
793 2746 816 2772 l.
856 2745 878 2760 “
890 2745 958 2773 Ibid.

1055 2745 1076 2761 ⁸⁷
1092 2745 1158 2786 lbid.
1174 2745 1199 2772 0.
1239 2745 1260 2761 "
1274 2745 1333 2772 Act.
1347 2754 1378 2790 ιι,
1390 2745 1484 2778 30-51;
1523 2746 1617 2773 Matth.
1635 2755 1689 2778 xvr,
1708 2746 1748 2774 16.

214 2801 270 2835 154)
289 2801 350 2828 καθ.
364 2802 412 2828 Ed.
427 2802 503 2836 prior
520 2802 638 2829 habebat
651 2803 778 2837 καοῆυι.
