1953 3055
183 95 218 130 71
675 93 918 124 THEODORETI
937 92 1106 123 EPISCOPI
1126 93 1306 124 CYRENSIS
1776 97 1817 129 '12

184 159 248 179 rum
262 149 440 186 jurejurando
456 149 567 177 sancitac
583 149 789 184 promissioncs,
804 149 911 176 inutilis
924 156 974 175 au-

1035 148 1078 174 !th
1091 149 1159 176 ὅλων
1179 149 1238 183 μεθ’
1257 149 1346 183 ὅρκων
1361 147 1543 183 γεγενημέναι
1561 145 1703 183 συνθῆκαι,
1715 146 1815 183 ἀνόνη-

185 203 239 225 tem
251 197 305 232 40
317 196 395 224 Judaa
414 194 571 222 benedictio
585 215 592 227 ,
613 199 642 221 et
659 194 725 221 lalsa
744 202 804 228 quae
824 193 919 220 Davidi
934 194 973 220 fa-

185 247 228 269 cta
244 245 286 269 est
299 241 454 276 promissio.
475 239 681 274 Supervacanea
700 246 765 265 vero
775 238 858 265 etiam
876 238 970 273 Virgo,

186 296 245 322 qua:
258 287 313 314 Deo
340 287 480 313 incarnato
500 284 567 311 nihil
591 288 696 310 natura:
724 287 824 310 nostrae
844 283 970 309 contulit.

188 333 383 367 Prophetarum
402 339 511 366 quoque.
527 330 720 365 praedictiones
746 329 827 356 ﬁnem
855 337 909 355 non
928 329 974 356 ha-

186 379 261 406 bent.
286 379 375 411 Quare
399 377 487 404 inanis
504 383 613 411 quoque
632 380 673 402 est
697 375 853 410 praedicatio
869 380 972 407 nostra,

187 425 275 452 inanis
292 424 358 450 lides
379 426 483 453 nostra,
499 429 568 447 vana
586 428 695 455 quoque
714 427 777 454 spes
791 419 974 446 resurrectio—

186 471 240 498 nis.
264 470 394 496 Mentitur
417 468 501 500 enim,
520 467 677 499 utvidetur,
691 466 838 500 Apostolus
851 466 947 493 dicens
966 474 972 491 :

190 526 199 542 ι
223 517 280 544 Una
300 514 472 542 resuscitavit
482 518 510 540 et
523 513 619 539 sedere
633 520 682 538 nos
696 511 762 539 fecit
776 511 803 538 in
816 511 976 539 caelestibus

185 569 248 590 eum
277 561 388 588 Christo
413 560 478 587 Jesu
489 559 523 584 9".
545 568 554 584 ›
584 558 611 585 Si
636 558 709 584 enim
743 552 843 584 nostrae
870 561 976 584 natura;

185 607 313 635 Christus
327 605 460 632 Dominus
474 604 542 631 nihil
558 604 675 635 habuit,
692 603 760 630 l‘also
783 603 911 638 primitiae
927 610 976 629 no-

187 656 250 679 stra:
263 651 416 685 appellatus
435 653 477 676 est
492 657 499 675 :
515 648 638 683 corporis
649 655 731 682 porro
745 652 843 674 natura
855 655 889 674 ex
903 655 977 674 mor-

188 697 243 724 tuis
254 696 372 723 excitala
387 703 441 722 non
459 698 511 726 est,
526 702 615 728 neque
637 693 664 720 in
681 693 751 720 cmlo
768 693 860 720 sedem
880 701 895 720 a
907 693 975 720 dex-

188 743 254 769 teris
266 745 422 769 consecuta.
433 740 511 773 Quod
522 740 544 767 si
563 747 629 766 vcro
644 739 712 765 nihil
732 739 829 765 horum
844 738 974 770 obtinuit,

187 787 326 822 quomodo
341 794 390 813 nos
402 787 474 812 Deus
488 793 539 812 una
559 784 733 811 resuscitavit
747 788 775 810 et
792 792 854 811 cum
866 783 977 810 Christo

1026 203 1072 226 τος
1096 194 1125 221 δὲ
1141 194 1188 221 τοῦ
1216 195 1300 221 Ἰούδα
1321 195 1337 229 ἡ
1355 193 1475 227 εὐλογία,
1495 192 1596 228 ψευδὴς
1609 193 1637 219 δὲ
1651 194 1668 228 ἠ
1687 192 1754 230 πρὸς
1766 192 1817 220 τὸν

1026 239 1108 265 Δαϐὶδ
1123 240 1283 274 ἐπαγγελία,
1299 239 1415 275 περιττὴ
1429 239 1456 265 δὲ
1475 239 1522 264 καὶ
1538 239 1553 274 ἡ
1573 238 1722 273 Παρθένος,
1736 239 1817 265 οὐδὲν

1026 285 1076 319 τῆς
1089 285 1225 320 ἡμετερας
1237 285 1343 320 φύσεως
1355 285 1393 320 τῷ
1406 284 1574 319 σαρκωθέντι
1590 292 1704 319 προσενε
1713 285 1815 317 {mima

1027 330 1096 365 Θεῷ.
1114 331 1146 357 Αἱ
1158 330 1185 356 δὲ
1200 331 1254 357 τῶν
1270 329 1417 365 προφητῶν
1435 330 1601 364 προρρήσεις
1614 329 1644 355 τὸ
1663 329 1748 362 πέρας
1763 330 1817 355 οὐκ

1028 375 1127 410 ἔχουσι.
1144 376 1228 402 Κενδν
1240 374 1286 402 οὖν
1298 375 1352 411 ἄρα
1361 375 1391 401 τὸ
1400 375 1532 410 κήρυγμα
1545 374 1633 409 ἡμῶν.
1648 375 1712 409 κενὴ
1725 375 1752 401 δὲ
1767 378 1817 401 και

1028 421 1044 456 ὴ
1063 421 1154 452 πίστις
1178 421 1268 455 ἡμῶν,
1293 419 1395 455 ματαία
1421 420 1448 445 δὲ
1466 420 1512 445 καὶ
1534 419 1583 454 τῆς
1611 420 1786 451 ἀναστασέως
1800 421 1817 454 ἡ

1028 465 1119 497 ἐλπίς.
1141 465 1276 492 Ψεύδεται
1292 465 1355 499 γὰρ,
1372 464 1409 496 ὡς
1433 464 1532 494 ἔοικεν,
1559 465 1572 490 6
1595 464 1754 495 Ἀπόστολος
1771 465 1818 491 λέ-

1027 520 1103 546 γων·
1125 520 1134 536 ι
1156 511 1305 546 Συνήγειρε
1331 511 1378 537 καὶ
1407 510 1586 537 συνεκάθισεν
1608 511 1682 545 ἡμᾶς
1708 512 1737 537 ἐν
1758 513 1818 543 τοῖς

1028 555 1200 590 ἐπουρανίοις
1224 556 1251 582 ὲν
1269 554 1379 590 Χριστῷ
1401 554 1499 590 Ἰησοῦ.
1516 564 1525 580 ι
1543 555 1574 581 Εἰ
1588 556 1642 590 γὰρ
1669 556 1751 590 μηδὲν
1766 556 1818 589 τῆς

1028 600 1167 636 ἡμετέρας
1178 600 1286 634 φύσεως
1297 598 1370 635 εἶχεν
1384 601 1398 627 6
1414 601 1552 635 Δεσπότης
1563 601 1691 636 Χριστὸςι
1708 600 1818 634 ψευδῶς

1030 646 1081 679 μὲν
1094 645 1173 680 ἡμῶν
1187 645 1299 680 ἀπαρχὴ
1311 645 1544 680 προσηγόρευται·
1557 645 1682 680 σώματος
1696 645 1819 679 δὲφύσις

1029 690 1062 716 ὲκ
1081 690 1187 725 νεκρῶν
1203 690 1253 716 οὐκ
1270 690 1428 725 ἐγήγερται,
1444 689 1505 716 οὔτε
1528 690 1582 725 μὴν
1603 691 1631 716 ὲν
1643 690 1750 726 οὐρανῷ
1766 692 1818 726 τῆς

1030 735 1062 760 ὲκ
1076 733 1170 766 δεξιῶν
1186 733 1321 769 καθέδρας
1336 734 1495 769 τετύχηκεν.
1514 734 1544 761 Εἰ
1563 735 1591 761 δὲ
1611 735 1695 770 μηδὲν
1714 736 1819 764 τούτων

1029 778 1175 813 τετύχηκε.
1191 778 1249 810 πῶς
1268 780 1342 814 ἡμᾶς
1358 779 1372 805 6
1391 779 1457 811 Θεὸς
1475 780 1621 816 συνήγειρέ
1641 789 1670 807 τε
1691 782 1738 808 καὶ
1753 790 1819 808 συν-

189 833 285 860 sedere
297 832 372 863 fecit,
389 831 436 866 qui
461 830 529 858 nihil
551 830 585 857 ad
598 837 659 856 eum
675 829 826 856 secundum
849 833 976 855 naturam

1035 823 1139 851 εκάθισε
1159 824 1198 859 τῷ
1216 824 1337 859 Χριστῷ,
1354 825 1417 856 τοὺς
1442 826 1525 861 μηδὲν
1546 826 1620 861 αὐτῷ
1643 827 1714 853 κατὰ
1736 827 1820 862 φύσιν

188 878 359 905 attinemus?
377 877 430 904 Sed
446 876 559 910 impium
577 879 619 903 est
634 875 691 902 ham
704 875 808 902 dicere.
827 873 894 901 Nam
909 874 980 901 divi-

189 931 242 951 nus
261 923 418 958 Apostolus,
436 923 502 949 licet
522 921 644 948 nondum
667 921 736 948 facta
766 920 803 947 sit
824 919 979 947 communis

189 970 365 1002 resurrectio,
378 977 429 996 nec
442 976 556 1003 regnum
567 968 698 994 ccelorum
710 966 887 993 credentibus
903 965 980 992 exhi-

190 1015 289 1046 bitum,
308 1015 409 1041 clamat
435 1017 526 1039 tamen
551 1020 557 1038 :
577 1021 586 1036 ι
605 1011 663 1039 Una
683 1010 859 1038 resuscitavit
884 1014 912 1037 et
937 1017 980 1037 se-

189 1060 255 1087 dere
281 1067 331 1086 nos
347 1059 413 1085 fecit
428 1058 455 1084 in
481 1058 641 1085 coelestibus
659 1064 721 1084 cum
745 1056 853 1084 Christo
876 1055 951 1087 Jesu,
967 1064 976 1080 ι

190 1107 303 1137 docens.
321 1113 382 1132 cum
394 1104 524 1140 primitite
535 1108 637 1131 nostrae
655 1102 887 1131 resurrexerint'.
900 1105 928 1128 et
945 1101 979 1128 ad

191 1152 333 1179 dexteram
349 1149 537 1181 consederint,
556 1157 606 1176 nos
623 1155 733 1184 quoque
749 1147 980 1174 resurrectionem

191 1197 305 1224 omnino
324 1198 522 1222 consecuturos
535 1201 611 1226 esse;
632 1197 660 1220 et
683 1193 866 1228 primitiarum
888 1191 982 1226 glorias

191 1242 339 1278 participes
365 1248 426 1268 esse
450 1240 558 1266 futuros
580 1238 628 1273 qui
653 1243 779 1265 naturam
801 1237 980 1272 participant,

191 1288 329 1322 ﬁdemque
346 1289 537 1320 susceperunt.

229 1357 333 1386 ERAN.
350 1357 384 1384 Et
396 1355 483 1383 multa
496 1358 523 1382 et
539 1362 603 1381 vera
614 1354 745 1381 enarrasti
765 1362 772 1380 :
786 1353 833 1381 sed
848 1361 899 1389 ego
916 1353 982 1380 dicti

190 1403 342 1439 evangelici
358 1401 523 1430 sententiam
537 1400 607 1428 scire
620 1400 712 1426 velim.

1029 869 1236 903 προσήκονταςς
1257 869 1338 896 Ἀλλὰ
1363 869 1492 901 δυσσεὸὲς
1508 871 1538 897 τὸ
1554 870 1640 898 ταῦτα
1664 871 1764 905 λέγειν.
1787 873 1821 899 ὐ

1029 913 1083 947 γὰρ
1112 912 1184 943 θεῖος
1218 913 1390 946 ’Λπόστολος,
1416 914 1530 949 μηδέπω
1559 915 1626 950 μηδὲ
1651 915 1701 950 τῆς
1726 916 1820 951 κοινῆς

1028 959 1203 990 ἀναστάσεως
1218 959 1378 994 γενομένης,
1397 961 1466 995 μήτε
1482 960 1532 995 τῆς
1542 961 1596 987 τῶν
1606 961 1728 996 οὐρανῶν
1742 962 1820 996 βασι-

1029 1005 1103 1037 λείας
1120 1006 1177 1037 τοῖς
1191 1007 1385 1032 πεπιστευκόσι
1399 1006 1630 1042 παρασχεθείσης,
1648 1008 1712 1043 βοᾷ’
1726 1017 1736 1033 ι
1751 1009 1825 1034 Συν-

1029 1051 1124 1086 ήγειρε
1139 1051 1187 1077 καὶ
1204 1050 1382 1079 συνεκάθισεν
1394 1053 1467 1087 ἡμᾶς
1485 1054 1513 1079 ὲν
1526 1055 1582 1084 τοῖς
1600 1053 1772 1089 ἐπουρανίοις
1790 1055 1820 1080 ἐν

1030 1096 1142 1132 Χριστῷ
1162 1096 1262 1131 Ἰησοῦ,
1293 1106 1302 1123 ι
1327 1097 1463 1124 διδάσκων
1480 1098 1518 1130 ὡς
1543 1098 1593 1133 τῆς
1617 1100 1744 1134 άπαρχῆς
1769 1099 1820 1133 τῆς

1031 1143 1109 1179 ἡμῶν
1131 1143 1318 1175 ἀναστάσεως,
1344 1143 1392 1170 καὶ
1415 1144 1463 1179 τῆς
1489 1144 1521 1170 ἐκ
1544 1143 1638 1176 δεξιῶν
1669 1144 1821 1179 γενομένης

1031 1189 1175 1225 καθέδρας,
1200 1188 1354 1224 τευξόμεθα
1383 1189 1429 1216 καὶ
1454 1190 1534 1224 ἡμεῖς
1555 1189 1662 1221 πάντως
1682 1189 1731 1225 τῆς
1753 1190 1820 1215 ἁνα-

1033 1234 1166 1266 στάσεως,
1178 1233 1226 1260 καὶ
1240 1235 1273 1269 τῇ
1286 1234 1396 1269 ἀπαρχῇ
1409 1233 1568 1260 κοινωνοῦσι
1579 1235 1627 1269 τῆς
1634 1234 1712 1269 δόξης
1723 1235 1748 1260 οἱ
1761 1243 1820 1261 κοι-

1032 1279 1180 1311 νωνοῦντες
1188 1279 1238 1314 τῆς
1247 1279 1352 1314 φύσεως
1361 1279 1406 1305 καὶ
1420 1278 1614 1314 μετειληφότες
1627 1279 1676 1313 τῆς
1692 1279 1808 1310 πίστεως

1067 1336 1172 1362 ΕΡΔΝ.
1194 1336 1248 1362 Καὶ
1265 1335 1380 1367 πολλοὺς
1395 1336 1442 1362 καὶ
1455 1335 1564 1371 ἀληθεῖς
1577 1335 1765 1372 διεξελήλυθας
1776 1336 1822 1363 λό-

1032 1389 1098 1416 γους
1107 1389 1114 1396 ·
1128 1380 1186 1408 ἀλλ’
1199 1380 1351 1416 ἐϐουλόμην
1363 1381 1465 1415 γνῶναι
1481 1380 1528 1407 τοῦ
1543 1381 1721 1416 εὐαγγελικοῦ
1735 1381 1821 1418 ῥητοῦ

1033 1428 1082 1463 τὴν
1097 1427 1227 1454 διάνοιαν.

227 1469 332 1497 ORTH.
360 1466 592 1501 lnterpretatione
618 1465 762 1500 peregrina
795 1465 844 1492 tibi
871 1472 925 1492 non
939 1469 983 1493 est

193 1520 263 1547 opus
287 1521 293 1537 :
318 1497 490 1545 Evangelista
521 1509 594 1536 enim
618 1497 741 1544 seipsum
771 1509 979 1544 interpretatur.
995 1497 1016 1525 Ο

193 1557 261 1582 (ium
299 1554 374 1581 enim
408 1553 522 1580 dixisset
550 1562 556 1579 :
587 1563 596 1578 ι
633 1553 751 1580 Verbum
782 1561 848 1581 caro
878 1554 980 1582 factum

193 1604 246 1632 est,
265 1609 274 1625 ι
296 1599 458 1634 subjunxit:
478 1607 486 1623 ι
507 1598 541 1625 Et
568 1598 703 1625 habitavit
729 1598 757 1625 in
785 1599 865 1626 nobis
879 1600 955 1633 ⁹¹·⁹⁸;
970 1609 979 1625 ι

1070 1474 1147 1501 0P8.
1164 1473 1202 1500 Οὐ
1227 1473 1268 1500 δεῖ
1285 1481 1326 1500 σοι
1344 1473 1424 1508 ξένης
1449 1473 1613 1509 ἑρμηνείας·
1639 1474 1720 1505 αὐτὸς
1736 1475 1791 1511 γὰρ
1807 1476 1822 1503 6

1034 1525 1239 1560 Εὐαγγελιστὴς
1255 1524 1351 1551 ἑαυτὸν
1375 1524 1532 1560 ὲρμηνεύει.
1549 1524 1641 1552 Εἰπὼν
1662 1526 1716 1561 γὰρ
1729 1546 1737 1558 ,
1755 1536 1764 1552 ι
1791 1527 1822 1553 '0

1034 1576 1121 1610 Λόγος
1138 1575 1207 1612 σὰρξ
1224 1574 1344 1609 ἐγένετο,
1363 1584 1373 1600 ι
1391 1575 1516 1610 ἐπήγαγε
1528 1583 1534 1591 ·
1557 1584 1566 1601 ι
1594 1575 1823 1611 Καὶ-ἐσκήνωσεν

195 1645 248 1672 hoc
264 1648 316 1676 est.
334 1623 386 1679 ἀι
403 1643 458 1670 ﬁxo
480 1643 508 1669 in
540 1643 621 1670 nobis
643 1643 821 1671 tabernaculo
845 1623 980 1679 carneque

1035 1626 1065 1652 ἐν
1083 1626 1150 1661 ἡμῖν
1161 1633 1169 1641 ⁸
1191 1634 1199 1651 ι
1215 1625 1289 1652 τοῦτ’
1310 1625 1393 1657 ἔστιν,
1412 1625 1442 1651 ὲν
1454 1625 1519 1660 ἡμῖν
1534 1624 1688 1660 σκηνώσας,
1707 1626 1753 1652 καὶ
1767 1623 1822 1653 οἷόν

194 1697 230 1715 ex
246 1675 325 1715 nobis
345 1675 489 1722 assumpta
516 1687 594 1722 quasi
619 1688 722 1722 templo
746 1688 865 1722 quodam
892 1675 980 1721 utehs,

1035 1685 1088 1704 τινι
1107 1676 1164 1712 ναῷ
1180 1677 1352 1712 χρησάμενος
1371 1677 1405 1712 τῇ
1419 1676 1448 1709 ὲξ
1471 1675 1550 1711 ἡμῶν
1571 1676 1706 1713 ληφθείσῃ
1729 1678 1821 1713 σαρκὶ,

195 1742 259 1762 caro
282 1734 383 1761 factum
405 1733 517 1760 dicitur.
543 1733 576 1760 Et
598 1733 701 1761 docens
716 1741 780 1761 eum
810 1734 980 1762 immutabile

1039 1728 1149 1762 λέγεται
1172 1727 1340 1762 γεγενῆσθαι
1358 1727 1436 1763 σάρξ.
1460 1727 1514 1754 Καὶ
1534 1727 1667 1755 διδάσκων
1683 1728 1721 1759 ὡς
1741 1728 1822 1755 ἀναλ-

196 1780 330 1807 mansisse
353 1779 454 1814 adjecit
472 1788 479 1805 :
499 1789 508 1805 ι
525 1779 560 1806 Et
581 1779 700 1806 vidimus
712 1780 826 1815 gloriam
838 1781 908 1815 ejus,
924 1781 980 1816 glo~

1035 1777 1145 1809 λοίωτος
1154 1777 1269 1812 ἔμεινεν,
1279 1778 1413 1812 ἐπήγαγε·
1427 1788 1435 1803 ι
1449 1778 1503 1804 Καὶ
1510 1777 1681 1814 ἐθεασάμεθα
1690 1779 1738 1814 τὴν
1747 1779 1824 1812 δόξαν

197 1826 265 1853 riam
277 1825 355 1860 quasi
371 1824 510 1859 Unigcniti
524 1833 539 1851 a
560 1825 651 1857 Patre,
665 1825 777 1860 plenum
790 1825 883 1860 gratim
896 1829 924 1852 et
935 1833 980 1852 ve-

1037 1828 1133 1861 αὑτοῦ,
1149 1827 1228 1860 δόξαν
1251 1828 1287 1859 ὡς
1305 1828 1475 1862 Μονογενοῦς
1486 1829 1567 1864 ,παρὰ
1584 1829 1702 1864 Πατρὺς,
1720 1829 1824 1865 πλήρης

197 1871 326 1898 ritatis”.
347 1881 357 1896 ι
371 1870 478 1897 Etenim
505 1878 588 1897 carne
599 1870 716 1898 amictus
731 1875 873 1906 paternam
885 1871 980 1898 nobili-

1037 1873 1148 1909 χάριτος
1164 1872 1210 1898 καὶ
1225 1871 1365 1907 ἀληθείας.
1384 1882 1393 1898 ι
1418 1873 1473 1899 Καὶ
1489 1873 1578 1908 σάρκα
1593 1873 1648 1908 γὰρ
1665 1873 1825 1910 περιϐεὸλη-

198 1921 280 1943 tatem
298 1924 353 1951 pne
368 1924 397 1943 se
416 1916 532 1947 ferebat,
545 1916 753 1951 divinitatisque
765 1916 858 1944 radios
876 1924 980 1951 sparge-

1040 1918 1130 1954 μένος,
1148 1917 1253 1944 ἐδείκνυ
1274 1917 1323 1953 τὴν
1338 1913 1471 1953 πατρῴαν
1485 1919 1634 1952 εὐγένειαν,
1650 1919 1695 1945 καὶ
1707 1921 1756 1955 τῆς
1766 1919 1826 1946 θεό-

198 1963 264 1995 bat,
279 1967 308 1990 et
332 1962 481 1989 Dominica:
504 1962 649 1996 potestatis
674 1962 808 1997 fulgorem
831 1962 980 1995 evibrabat,

1038 1972 1119 1999 τητος
1141 1963 1192 1995 τὰς
1215 1964 1329 1994 ἀκτῖνας
1356 1963 1508 1997 ἐξέπεμπε,
1523 1963 1571 1990 καὶ
1595 1963 1645 1998 τῆς
1658 1965 1825 2000 Δεσποτικῆς

196 2007 327 2035 latentem
336 2011 463 2034 naturam
475 2005 616 2033 miraculis
630 2005 808 2040 patefaciens.
823 2006 871 2034 His
885 2006 980 2033 similia

1039 2008 1163 2041 ἔξουσίας
1189 2009 1266 2043 ἠφίει
1295 2008 1346 2044 τὴν
1367 2008 1485 2043 αἴγλην,
1510 2009 1568 2040 ταῖς
1594 2008 1826 2045 θαυματουργιαις

198 2057 262 2080 sunt
276 2061 336 2088 quae
351 2052 385 2079 ad
408 2052 598 2086 Philippenses
613 2051 725 2086 scripsit
745 2052 855 2079 divinus
873 2052 980 2087 Aposto-

1039 2054 1241 2081 ἀποκαλύπτων
1253 2053 1302 2087 τὴν
1316 2053 1501 2080 λανθάνουσαν
1511 2054 1601 2088 φύσιν.
1612 2054 1723 2087 Τούτοις
1739 2056 1825 2082 ἔοικεν

199 2099 242 2125 lus
254 2107 260 2124 :
274 2108 283 2122 ι
297 2098 353 2125 Hoc
371 2097 471 2124 sentite
486 2097 512 2124 in
522 2097 601 2124 vobis
612 2097 684 2131 quod
697 2102 725 2124 et
741 2098 768 2124 in
781 2098 890 2125 Christo
901 2098 966 2125 Jesu
978 2106 985 2124 :

199 2145 247 2179 qui
265 2152 326 2170 cum
345 2143 373 2169 in
390 2143 476 2169 forma
495 2143 542 2169 Dei
555 2142 638 2175 esset,
661 2151 716 2170 non
732 2143 855 2178 rapinam
868 2143 987 2170 arbitra-

200 2195 244 2217 tus
260 2193 301 2217 est
316 2197 376 2216 esse
390 2197 418 2216 se
431 2189 565 2223 aequalem
587 2189 653 2220 Deo,
676 2189 724 2216 sed
744 2189 922 2223 semetipsum
938 2197 987 2216 ex-

199 2236 325 2267 inanivit,
340 2235 453 2262 formam
471 2235 542 2261 servi
555 2242 708 2267 assumens,
725 2235 759 2261 ad
779 2235 988 2262 similitudinem

200 2281 342 2309 hominum
360 2281 458 2312 factus,
477 2285 504 2307 ct
519 2280 616 2307 habitu
639 2280 766 2307 inventus
779 2285 809 2307 ut
825 2281 916 2308 homo.
932 2281 989 2308 liu-

201 2328 318 2355 tniliavit
333 2327 512 2361 semetipsum
529 2326 617 2353 factus
629 2326 761 2353 obediens
770 2334 857 2361 usque
873 2327 906 2353 ad
913 2334 988 2353 mor-

201 2379 266 2405 tem,
283 2377 399 2400 mortem
416 2377 508 2399 autem
524 2372 656 2399 crucis".
674 2382 683 2397 ι
698 2371 766 2399 Vide
786 2372 989 2406 praedicationis

201 2418 418 2446 consonantiam.
442 2417 617 2452 Evangelista
630 2416 700 2444 dixit
720 2425 727 2443 :
752 2426 761 2442 ι
778 2417 899 2444 Verbum
925 2425 988 2445 caro

201 2465 304 2492 factum
329 2469 381 2496 est,
400 2468 428 2491 et
455 2462 591 2489 habitavit
614 2462 642 2489 in
668 2462 764 2494 nobis;
784 2471 793 2487 ι
820 2462 988 2496 Apostolus:

205 2520 214 2536 ί
232 2510 311 2538 Servi
333 2510 448 2536 formam
468 2508 616 2543 accipiens.
629 2517 637 2533 ι
659 2508 767 2534 Rursus
782 2507 851 2534 dixit
863 2507 989 2543 Evange-

201 2556 264 2583 lista
281 2564 288 2582 :
310 2565 319 2580 ι
337 2555 462 2582 Vidimus
475 2554 588 2590 gloriam
608 2554 684 2588 ejus,
700 2553 814 2588 gloriam
831 2553 908 2587 quasi
922 2553 989 2581 Uni-

202 2601 287 2637 geniti
308 2609 322 2628 a
346 2601 443 2633 Patre;
465 2610 474 2626 ι
503 2599 651 2634 Apostolus
669 2608 675 2625 :
693 2608 701 2623 ι
720 2598 772 2631 Qui
789 2605 852 2625 cum
865 2598 892 2624 in
904 2598 990 2626 forma

203 2647 251 2674 Dei
262 2650 345 2679 esset,
357 2654 413 2673 non
427 2646 551 2680 rapinam
562 2645 712 2672 arbitratus
724 2649 766 2671 est
779 2651 840 2671 csse
858 2652 887 2671 se
898 2652 991 2679 mqua-

202 2693 257 2720 lcm
271 2693 336 2719 Doo.
354 2702 362 2717 ι
382 2692 426 2724 Et,
440 2696 470 2718 ut
483 2691 578 2726 paucis
590 2691 691 2724 dicam,
702 2690 782 2717 ambo
794 2690 904 2724 docent,
916 2698 990 2724 cum,

238 2780 363 2816 "Ephes
389 2780 454 2811 ",6.
491 2780 550 2795 ηδε
565 2779 642 2807 Joan.
668 2787 685 2811 ι,
707 2779 747 2806 Η.
784 2780 805 2793 ’⁷
823 2779 891 2806 lbid.

1040 2098 1057 2125 ἃ
1072 2098 1264 2133 Φιλιππησίοις
1276 2098 1396 2134 ἔγραψεν
1411 2098 1503 2130 ὁθεϊος
1525 2099 1683 2131 Ἀπόστολος
1693 2108 1700 2114 ·
1719 2110 1728 2125 ι
1742 2100 1826 2127 Τοῦτο

1042 2144 1193 2180 φρονείσθω
1206 2145 1235 2170 ἐν
1255 2144 1330 2179 ὑμῖν,
1347 2144 1362 2170 ὃ
1377 2145 1424 2171 καὶ
1441 2145 1471 2171 ὲν
1492 2144 1603 2180 Χριστῷ
1629 2145 1714 2180 Ἰησοῦ
1725 2154 1732 2160 ·
1748 2145 1777 2176 ὃς
1797 2147 1826 2172 ἐν

1043 2186 1135 2226 μορφῇ
1153 2189 1221 2216 Θεοῦ
1246 2190 1386 2225 ὑπάρχων,
1414 2189 1464 2224 οὐχ
1484 2190 1629 2225 ἁρπαγμὸν
1650 2191 1773 2226 ἡγήσατο
1797 2191 1825 2218 τὸ

1042 2233 1111 2262 εἶναι
1133 2235 1176 2262 ῐσα
1190 2235 1264 2270 Θεῷ·
1281 2235 1338 2262 ἀλλ’
1356 2235 1452 2261 ἑαυτὸν
1467 2235 1597 2267 ἐκένωσε,
1614 2237 1720 2272 μορερὴν
1734 2237 1824 2264 δούλου

1042 2281 1143 2314 λαϐὼν,
1156 2282 1186 2308 ἐν
1198 2281 1353 2316 ὁμοιώματι
1365 2281 1515 2317 ἀνθρώπων
1529 2282 1684 2318 γενόμενος.
1705 2284 1752 2310 καὶ
1764 2285 1826 2319 σχή-

1045 2336 1110 2363 ματι
1130 2327 1251 2362 εὑρεθεὶς
1266 2327 1305 2359 ὡς
1327 2327 1479 2362 ἄνθρωπος.
1505 2328 1701 2356 Ἐταπείνωσεν
1721 2329 1824 2361 ἑαυτὸν,

1041 2373 1188 2408 γενόμενος
1199 2373 1319 2408 ὑπήκοος
1336 2373 1417 2408 μέχρι
1433 2373 1559 2405 θανάτου,
1576 2374 1691 2400 θανάτου
1706 2374 1734 2400 δὲ
1746 2383 1824 2401 σταυ-

1043 2418 1102 2454 ροῦ.
1126 2427 1135 2444 ι
1152 2417 1240 2444 Βλέπε
1255 2418 1305 2458 τὴν
1325 2419 1379 2445 τῶν
1402 2419 1588 2454 κηρυγμάτων
1610 2419 1781 2453 συγγένειαν.
1798 2421 1826 2447 '0

1043 2463 1247 2499 Εὑαγγελιστὴς
1265 2459 1355 2491 εἶπεν·
1378 2474 1387 2489 ι
1406 2464 1435 2491 '0
1449 2465 1534 2499 Λόγος
1551 2465 1618 2501 σὰρξ
1645 2467 1761 2500 ἐγένετο,
1783 2467 1826 2494 καὶ

1043 2509 1199 2544 ἐσκήνωσεν
1209 2510 1238 2535 ἐν
1251 2510 1317 2544 ἡμῖν
1327 2518 1334 2524 ·
1355 2518 1362 2534 t
1383 2510 1397 2536 6
1418 2510 1577 2542 Ἀπόστολος
1587 2519 1594 2526 ·
1616 2520 1623 2536 ι
1640 2512 1754 2547 Μορφὴν
1767 2512 1826 2538 δούς

1044 2554 1092 2580 λου
1105 2553 1206 2581 λαϐών.
1224 2563 1233 2579 ι
1256 2554 1285 2580 ὐ
1297 2554 1499 2589 Εὑαγγελιστὴς
1518 2555 1599 2581 πάλιν
1612 2555 1681 2590 ἔφη’
1705 2565 1714 2582 ι
1737 2555 1826 2583 Ἐθεα-

1046 2599 1157 2634 σάμεοα
1174 2599 1223 2633 τὴν
1241 2599 1320 2631 δόξαν
1330 2599 1425 2632 αὑτοῦ,
1437 2599 1515 2632 δόξαν
1526 2601 1563 2632 ὡς
1575 2602 1743 2635 Μονογενοῦς
1756 2602 1826 2638 παρὰ

1045 2645 1164 2680 Πατρός·
1179 2654 1188 2671 ι
1197 2646 1211 2672 6
1218 2645 1389 2677 Ἀπόστολος·
1403 2657 1412 2672 ι
1422 2647 1469 2678 ’ος
1478 2647 1506 2672 ὲν
1516 2648 1606 2682 μορφῇ
1615 2646 1682 2673 Θεοῦ
1689 2648 1826 2684 ὑπάρχων,

1045 2691 1095 2726 οὺχ
1116 2691 1264 2727 ἁρπαγμὸν
1290 2691 1413 2728 ἡγήσατο
1434 2691 1465 2718 τὸ
1482 2690 1552 2720 εἶναι
1569 2693 1614 2719 ῐσα
1638 2693 1709 2728 Θεῷ.
1727 2701 1736 2719 ι
1764 2693 1826 2727 Καὶ,

929 2779 950 2794 ’³
966 2779 1082 2814 Philipp.
1103 2787 1130 2809 tt.
1148 2779 1209 2807 5-8.
