1953 3055
113 69 147 98 Π

610 62 836 94 THEUDURET
842 63 853 91 Ι
874 61 1043 93 EPESCOPI
1063 62 1245 93 CYRENSIS

1715 64 1752 96 88

117 110 251 158 poterant,
268 126 328 151 erat
341 122 399 157 ipse
415 119 552 148 Salvator.
570 120 623 147 Per
635 119 707 146 hanc
719 119 793 146 enim
812 123 909 154 putre-

968 118 976 144 5
998 119 1103 154 Σωτήρ.
1130 117 1167 145 Τὸ
1190 118 1244 154 γὰρ
1266 117 1389 153 ἄσηπτον
1412 117 1495 145 αὑτοῦ
1513 118 1562 146 καὶ
1590 117 1752 156 ἀδιάφθορον

113 170 188 200 dinis
204 174 233 197 et
246 167 433 204 corruptionis
456 174 554 202 expers
569 166 629 201 ejus
645 165 854 193 tabernaculum
868 165 906 192 si-

117 215 305 252 gniﬁcabatur,
318 213 392 250 quod
415 213 519 240 nullam
535 211 640 247 peccati
658 210 834 245 putredinem
858 218 906 246 ge-

117 261 187 289 nuit.
221 260 289 289 Nam
321 259 368 295 qui
402 257 536 294 peccavit,
575 256 724 285 conﬁtetur
756 261 785 284 et
818 256 905 284 dicit:

119 317 132 333 ι-
147 307 318 334 Putruerunt
333 308 362 332 et
384 307 520 338 corrupta:
541 306 605 330 sunt
627 301 769 329 cicatrices
784 309 851 329 meae
872 301 907 328 ob

114 351 302 387 insipientiam
317 357 406 377 meam
419 348 453 376 ³⁸.
475 357 484 374 ›
504 347 638 375 Dominus
658 351 750 375 autem
762 355 778 374 a
794 351 908 382 peccato

118 397 222 425 alienus
250 400 319 429 erat,
345 399 373 423 et
391 403 425 423 ex
450 394 531 430 lignis
555 392 749 429 putrefactioni
774 401 830 420 non
856 393 907 420 οὶ)-

117 443 205 471 noxiis
221 441 372 470 secundum
385 440 536 473 hominem,
553 440 606 467 hoc
619 444 672 471 est,
694 447 728 468 ex
748 440 860 475 Virgine
880 444 909 467 et

117 488 169 524 55
182 487 286 523 Spiritu
313 491 419 520 saneto,
437 485 512 514 intus
533 489 562 514 ct
585 485 653 513 foris
668 489 798 520 tanquam
816 485 908 520 puris-

104 535 186 565 ,simo
197 533 282 563 Verbi
300 533 349 561 Dei
366 541 435 561 auro
449 533 657 560 circumtectus.
673 548 708 552 —
718 532 862 568 Ejusdem,
877 540 908 559 ea:

117 588 237 607 sermone
260 581 287 607 in
308 579 457 607 Helcanam
475 583 500 606 et
519 579 636 616 Annam.
657 579 716 606 Duc
735 579 813 611 mihi,
829 587 846 605 0
859 578 909 605 δο-

117 626 201 658 mucl,
215 626 243 653 in
258 626 399 654 Bethleem
421 626 578 662 juvencam,
594 629 624 653 ut
647 632 737 661 regem
756 632 790 652 ex
807 625 909 652 Davide

118 676 222 705 natum,
238 676 266 700 et
282 672 356 700 hunc
376 680 391 699 a
406 672 487 699 Patre
502 679 594 707 regem
608 676 636 698 et
666 670 838 699 sacerdotem
857 679 910 698 un-

117 722 192 745 ctum
207 717 345 746 ostendas.
367 733 403 737 —
417 717 556 752 Ejusdem,
570 724 602 744 ex
613 717 702 744 eodem
715 724 847 744 sermone.
861 717 910 744 Dic

118 764 196 798 mihi,
215 772 231 793 ο
249 764 330 792 beata
350 764 442 797 Maria,
459 764 526 800 quid
542 767 602 792 erat
621 771 637 791 a
654 768 684 796 te
707 764 735 791 in
749 767 829 792 utero
842 771 908 792 con-

961 165 1059 200 σκῆνος
1073 164 1159 200 ταύτῃ
1176 164 1393 199 κατηγγέλλετο,
1419 165 1449 191 τὺ
1471 165 1608 201 μηδεμίαν
1627 165 1755 200 ἁμαρτή-

961 220 1045 245 ματος
1060 211 1194 246 σηπεδόνα
1210 210 1308 245 φῦσαν.
1333 211 1361 237 '0
1378 211 1432 246 γὰρ
1445 211 1608 247 ἁμαρτήσας
1619 231 1626 244 ,
1645 210 1693 237 καὶ¹
1712 210 1755 243 ἑξ-

959 258 1175 294 ομολογούμενός
1186 266 1270 293 φησι·
1292 267 1301 283 ι
1317 258 1498 294 Προσώζεσαν
1513 257 1560 284 καὶ
1577 258 1721 293 ὲσάπησαν
1730 258 1754 284 οι

963 303 1098 339 μώλωπες
1114 312 1164 340 μου
1186 304 1241 331 ἀπὸ
1261 303 1409 339 προσώπου
1425 303 1475 338 τῆς
1491 303 1648 339 ἀφροσύνης
1664 312 1725 338 μου.
1743 312 1752 328 ι

965 351 995 377 '0
1015 351 1043 377 δὲ
1058 349 1160 386 Κύριος
1176 350 1368 386 ἀναμάρτητος
1386 347 1431 384 ἦν,
1449 351 1480 376 ἐκ
1496 349 1549 376 τῶν
1565 350 1697 385 ἁσήπτων
1712 349 1756 382 ξύ-

959 397 1014 424 λων
1029 396 1059 423 τὸ
1075 396 1146 424 κατά
1162 396 1316 432 ἄνθρωπον,
1336 396 1485 428 τουτέστιν,
1500 396 1531 422 ὲκ
1548 396 1596 431 τῆς
1615 396 1755 431 Παρθένου

960 443 1007 470 καὶ
1026 443 1073 470 τοῦ
1093 443 1172 478 ἁγίου
1188 443 1361 478 Πνεύματος,
1386 442 1487 469 ἔσωθεν
1515 442 1562 469 καὶ
1586 441 1686 475 ἔξωθεν
1707 443 1756 470 τοῦ

960 488 1047 523 Λόγου
1073 488 1119 515 τοῦ
1141 488 1209 515 Θεοῦ
1225 485 1269 515 οἷα
1285 488 1471 524 καθαρωτάτῳ
1488 488 1592 524 χρυσίῳ
1609 497 1757 524 περικεκα-

960 535 1108 570 λυμμὲνος.
1123 549 1158 554 -
1176 534 1234 562 Τοῦ
1245 535 1339 562 αὐτοῦ
1351 535 1385 562 ἐκ
1400 535 1453 562 τοῦ
1471 536 1565 570 λόγου
1580 535 1632 562 τοῦ
1648 536 1691 568 εἷς
1702 535 1756 562 τὸν

967 579 1118 607 Ἐλκανᾶν
1138 580 1186 607 καί
1208 580 1266 614 τὴν
1281 581 1406 607 Ἄνναν.
1433 581 1500 615 Ἀγε
1522 581 1554 616 δή
1584 589 1639 616 μοι,
1663 577 1685 606 ὦ
1706 581 1759 607 Σα-

963 625 1058 661 μουὴλ,
1076 627 1115 657 είς
1131 625 1253 661 Βηθλεὲμ
1269 625 1418 662 ἑλκομένην
1432 627 1482 662 τὴν
1496 626 1623 662 δάμαλιν,
1639 627 1682 653 ἴνα
1697 628 1758 653 ὲπι-

961 671 1052 708 δείξῃς
1066 672 1111 699 τὸν
1126 672 1158 698 ὲκ
1177 671 1259 699 Δαϐὶδ
1275 671 1386 707 βασιλέα
1406 672 1575 708 τικτόμενον,
1601 673 1649 700 καὶ
1665 671 1760 699 τοῦτον

962 718 1015 745 ὑπὸ
1039 717 1148 753 Πατρδς
1172 718 1285 753 βασιλέα
1304 719 1352 746 καὶ
1374 719 1450 755 ίερέα
1471 719 1626 755 χριόμενον.
1647 734 1683 740 --
1706 718 1760 746 Τοῦ

963 765 1057 792 αὐτοῦ
1072 764 1105 791 ὲκ
1120 764 1173 791 τοῦ
1191 764 1285 792 αὐτοῦ
1303 765 1408 800 λόγου.
1434 765 1502 792 Είπέ
1519 773 1576 800 μοι,
1593 763 1616 792 ὧ
1637 765 1761 800 μακαρία

118 815 239 846 ceptum,
256 815 284 838 et
296 811 362 846 quid
376 818 391 838 a
413 815 440 838 te
453 810 482 838 in
498 810 624 846 virginali
638 814 719 838 utero
733 809 911 846 gestabatur?

968 808 1067 844 Μαρία,
1081 808 1107 835 τί
1120 805 1153 844 ἦν
1166 809 1197 835 τὸ
1212 808 1265 835 ὑπὸ
1278 809 1325 835 σοῦ
1339 810 1367 836 ιν
1382 811 1414 845 τῇ
1430 809 1522 845 κοιλίᾳ.
1534 809 1759 845 συνειλημμένον,

119 857 239 884 Verbum
256 858 331 885 enim
346 861 406 885 erat
422 857 471 885 Dei
485 856 710 893 primogenitum,
729 856 763 884 de
780 857 857 885 caelis
876 857 910 885 ad

118 908 143 930 te
157 903 338 936 descendens,
357 908 385 931 et
407 903 492 931 homo
502 903 703 939 primogenitus
717 903 745 930 in
762 907 842 931 utero
853 903 910 930 ior-

119 954 218 983 matus,
234 955 265 978 ut
278 950 493 986 primogenitum
514 950 635 978 Verbum
659 950 709 978 Dei
732 949 838 978 homini
852 950 911 985 pri-

118 996 258 1031 mogenito
274 996 382 1023 unitum
394 996 598 1024 ostenderetur.
615 1012 650 1017 —
663 996 803 1032 Ejusdem,
823 1004 854 1023 ex
866 1004 911 1023 eo-

118 1042 177 1069 dem
192 1050 323 1069 sermone.
341 1042 496 1070 Secundam
512 1050 561 1077 per
573 1042 733 1078 prophetas,
752 1047 783 1070 ut
798 1050 847 1078 per
864 1041 912 1069 Sa-

119 1088 248 1121 muelem,
265 1096 398 1116 revocans
412 1093 440 1116 et
451 1089 573 1116 liberans
591 1089 723 1124 populum
739 1096 755 1115 a
779 1088 911 1115 servitute

119 1135 344 1170 alienigenarum.
366 1134 487 1162 Tertiam
502 1139 605 1167 autem,
620 1134 730 1170 quando
750 1134 912 1161 incarnatus

119 1180 213 1207 aderat
226 1180 338 1208 homine
353 1188 387 1208 ex
413 1180 526 1216 Virgine
542 1184 694 1215 assumpto,
712 1179 759 1215 qui
775 1183 805 1207 et
818 1179 912 1207 civita-

120 1230 175 1253 tem
190 1226 366 1261 conspicatus
382 1226 458 1253 ﬂevit
471 1233 555 1260 super
570 1226 668 1261 ipsam.
684 1225 866 1260 —Ejusdem,
880 1233 912 1252 ex

119 1280 241 1299 sermone
255 1272 284 1299 in
298 1272 457 1308 principium
471 1271 559 1299 Isaiw.
572 1271 689 1307 [Egypto
701 1271 814 1307 quidem
831 1279 911 1298 mun~

119 1317 185 1344 dum
212 1318 382 1352 comparavit
402 1318 435 1350 ι’,
454 1317 616 1345 manufactis
630 1325 696 1345 vero
715 1317 909 1349 idololatriam,

120 1367 201 1390 terrae
220 1362 310 1390 motui
325 1364 333 1372 '
344 1363 464 1398 denique
480 1363 622 1390 interitum
640 1367 668 1390 et
683 1362 855 1390 eversionem
871 1362 912 1398 ip-

120 1408 189 1435 sius.
206 1408 353 1435 Dominum
372 1415 465 1443 porro,
490 1408 611 1436 Verbum
629 1407 735 1444 (dicit):
750 1408 853 1436 nubem
872 1409 912 1436 le-

122 1461 193 1486 vem,
217 1454 398 1489 purissimum
413 1455 473 1490 ejus
492 1454 710 1486 tabernaculum,
735 1454 763 1481 in
783 1462 838 1489 quo
851 1462 913 1482 con-

122 1498 217 1525 sidens
230 1498 365 1526 Dominus
380 1502 476 1525 noster
490 1498 571 1526 Iesus
588 1497 716 1526 Christus
729 1498 755 1525 in
768 1499 854 1526 vitam
871 1498 914 1526 in-

121 1551 232 1580 gressus
248 1548 291 1572 est
307 1543 342 1572 ad
361 1543 572 1573 convellendum
585 1551 720 1572 errorem.

141 1689 235 1717 Sancti
252 1688 383 1717 Methodii
399 1689 513 1724 episcopi
528 1693 552 1715 et
572 1689 709 1724 martyris,
731 1695 763 1714 ex
779 1696 901 1715 sermone

412 1724 444 1751 de
456 1724 626 1760 martyribus.

159 1781 235 1809 Adeo
249 1781 324 1809 enim
343 1780 546 1814 admirandum,
562 1786 590 1808 et
601 1789 766 1817 magnopere
784 1784 918 1815 expeten-

120 1829 190 1856 dum
211 1833 253 1856 est
275 1828 450 1864 martyrium,
480 1832 511 1856 ut
538 1828 671 1856 Dominus
686 1828 740 1863 56
761 1828 818 1863 ipse
840 1828 920 1855 Iesus

123 1873 262 1908 Christus,
272 1875 359 1902 Filius
375 1875 434 1907 Dei,
448 1875 540 1910 ipsum
553 1874 694 1902 honorans
707 1878 823 1902 testatus
838 1873 874 1902 sit
885 1874 918 1906 ’°,

123 1927 153 1948 se
167 1927 223 1948 non
237 1921 362 1956 rapinam
375 1921 506 1948 arbitrari
521 1928 582 1948 esse
599 1921 732 1956 aequalem
747 1920 813 1953 Deo,
826 1924 857 1948 ut
867 1919 921 1947 hoc

123 1966 197 1994 dono
218 1966 301 1995 etiam
323 1966 465 1995 hominem
490 1967 525 1995 ad
549 1974 632 2002 quem
659 1966 840 1994 descenderat
874 1973 920 1993 co-

125 2017 248 2041 ronaret.

141 2068 234 2097 Sancti
251 2069 388 2097 Eustathii
402 2069 515 2104 episcopi
529 2068 683 2096 Antiorliem'
697 2072 721 2095 et
736 2068 900 2103 confessoris.

161 2160 203 2187 Ea:
217 2160 437 2195 interpretatione
447 2159 544 2195 psalmi
562 2167 605 2186 xv.
626 2157 709 2193 Atqui
730 2157 841 2193 (anima)
853 2157 919 2185 Iesu
935 2161 957 2188 D

127 2210 275 2241 utrumque
285 2210 399 2240 experta
415 2209 468 2233 est.
485 2205 548 2232 Fuit
561 2205 635 2232 enim
649 2209 677 2232 et
696 2204 724 2232 in
743 2204 804 2231 loco
819 2204 918 2232 huma-

125 2259 224 2280 narum
245 2251 412 2284 animarum,
423 2255 451 2279 et
463 2255 542 2279 extra
557 2257 668 2278 carnem
688 2250 837 2278 constituta
851 2250 920 2278 vivit

125 2302 153 2325 et
171 2301 312 2332 superstes
325 2301 376 2325 est.
389 2297 506 2325 Ratione
517 2297 600 2332 igitur
610 2301 654 2324 est
665 2296 790 2332 prmdila,
805 2300 833 2323 et
845 2297 919 2332 ejus-

126 2344 188 2372 dem
205 2351 269 2371 cum
283 2344 427 2372 animabus
441 2344 586 2373 hominum
612 2343 783 2375 substantiae,
805 2343 877 2371 sicut
892 2348 920 2370 et

125 2397 190 2417 caro
219 2390 463 2418 consubstantialis
496 2389 573 2417 carni
606 2389 761 2422 hominum,
794 2397 855 2423 quae
886 2397 920 2416 ex

126 2437 208 2464 Maria
225 2437 336 2472 prodiit.
353 2452 388 2457 —-
399 2436 538 2472 Ejusdem,
556 2444 587 2462 ca:
606 2435 671 2463 libro
682 2436 720 2463 De
735 2435 837 2462 anima.
848 2435 919 2468 Quid

126 2486 219 2510 autem
245 2482 349 2515 (licent,
375 2483 422 2518 qui
446 2482 478 2510 ad
506 2481 618 2509 infantis
649 2481 844 2508 educationem
874 2489 919 2510 re-

126 2529 276 2563 spexerint,
300 2529 342 2555 vel
352 2528 385 2555 ad
403 2528 493 2555 aetatis
514 2527 712 2557 accessionem,
726 2526 769 2553 vel
795 2526 828 2553 ad
854 2535 918 2561 pro-

127 2575 284 2602 ductionem
315 2578 480 2610 temporum,
496 2574 539 2601 vel
555 2573 588 2601 ad
617 2573 742 2607 corporis
766 2572 920 2600 incremen-

163 2653 185 2668 “
200 2652 271 2679 Psal.
286 2660 386 2684 xxxvii,
399 2653 425 2680 5.
464 2652 486 2668 "
503 2653 553 2680 lsa.
572 2660 625 2684 χιιι,
647 2652 669 2679 l.
709 2652 731 2668 '°
748 2653 866 2688 Philipp.
885 2660 912 2683 ιι.
930 2652 946 2679 6

165 2721 219 2761 (99)
234 2722 278 2749 τὸν
295 2723 359 2758 My.
372 2723 513 2752 Excidisse
530 2725 640 2752 videtur
656 2725 743 2761 λέγει,
762 2730 810 2753 aut
829 2725 917 2753 simile

128 2758 359 2840 est
391 2794 502 2823 unicum
529 2795 661 2824 Methodii
689 2795 873 2832 fragmentum
903 2803 917 2822 ιι

962 855 1008 882 καὶ
1027 856 1054 882 τί
1070 853 1104 892 ἦν
1121 855 1151 882 τὸ
1166 855 1219 882 ὐπὺ
1235 856 1282 882 σοῦ
1300 855 1329 882 ἐν
1346 856 1499 892 παρθενικῇ
1517 856 1610 893 μήτρᾳ
1627 856 1760 891 βασταζό-

964 911 1061 938 μενον;
1081 902 1168 936 Λόγος
1181 902 1236 938 γὰρ
1253 900 1286 938 ἦν
1297 902 1366 930 Θεοῦ
1382 903 1556 939 πρωτότοκος
1573 904 1620 930 ἀπ’
1634 904 1759 940 οὑρανιῖν

962 947 1008 974 ἐπὶ
1024 947 1054 974 σὲ
1076 947 1289 983 κατερχόμενος,
1306 947 1354 974 καὶ
1368 947 1514 983 ἄνθρωπος
1534 948 1708 984 πρωτότοκος
1731 949 1761 975 ὲν

963 992 1051 1028 κοιλίᾳ
1071 992 1272 1028 πλασσόμενος,
1291 993 1325 1019 iv‘
1347 994 1361 1019 ὁ
1385 994 1559 1029 πρωτότοκος
1582 994 1669 1028 Λόγος
1691 994 1759 1021 Θεοῦ

963 1038 1128 1074 πρωτοτόκῳ
1151 1038 1287 1074 ἀνθρώπῳ
1305 1039 1507 1074 συναπτόμενος
1519 1039 1624 1075 δειχθῇ.
1643 1055 1679 1059 -——
1705 1040 1760 1067 Τοῦ

962 1084 1056 1112 αὐτοῦ
1075 1085 1110 1112 ἐκ
1128 1084 1181 1112 τοῦ
1198 1084 1293 1111 αὑτοῦ
1308 1085 1413 1120 λόγου.
1429 1084 1485 1120 Τὴν
1503 1085 1535 1120 δὴ
1550 1084 1690 1121 δευτέραν,
1712 1085 1761 1121 τὴν

963 1129 1008 1156 διὰ
1027 1129 1082 1156 τῶν
1098 1130 1247 1165 προφητῶν
1266 1130 1303 1161 ὡς
1318 1130 1364 1157 διὰ.
1381 1128 1429 1156 τοῦ
1454 1130 1592 1165 Σαμουὴλ,
1616 1131 1761 1158 ἀνακαλῶν

963 1175 1012 1202 καὶ
1024 1175 1197 1211 ἐπιστρέφων
1208 1176 1252 1202 τὸν
1269 1176 1333 1203 λαὸν
1347 1176 1402 1203 ἀπὺ
1419 1176 1468 1212 τῆς
1483 1176 1606 1208 δουλείας
1616 1177 1671 1204 τῶν
1684 1178 1762 1204 ἀλλο-

964 1221 1065 1256 φύλων.
1087 1221 1143 1258 Τὴν
1157 1222 1185 1248 δὲ
1200 1222 1307 1258 τρίτην,
1325 1223 1353 1249 ἑν
1408 1221 1540 1258 ἔνσαρκος
1562 1223 1654 1259 παρῆν
1668 1223 1713 1251 τδν
1730 1225 1762 1250 ὲκ

963 1268 1013 1303 τῆς
1032 1268 1171 1304 Παρθένου
1191 1268 1334 1304 ἄνθρωπον
1349 1268 1504 1300 ἀναλαϐὼν,
1522 1268 1553 1300 ὃς
1570 1269 1618 1296 καὶ
1635 1269 1698 1296 ίδὼν
1712 1270 1761 1305 τὴν

963 1314 1051 1346 πόλιν,
1064 1315 1196 1342 ἔκλαυσεν
1210 1315 1253 1342 ἐπ’
1269 1315 1349 1350 αὐτῇ.
1363 1330 1396 1337 -
1416 1315 1471 1342 Τοῦ
1487 1315 1582 1342 αὺτοῦ
1594 1315 1628 1342 ἐκ
1642 1316 1696 1343 τοῦ
1711 1317 1763 1343 .ὶό‹

964 1370 1018 1396 του
1031 1360 1084 1388 τοῦ
1096 1362 1139 1394 είς
1155 1361 1213 1396 τὴν
1224 1361 1322 1396 ἀρχὴν
1333 1361 1386 1388 τοῦ
1406 1361 1544 1388 Ἡσαΐου.
1565 1361 1696 1396 Αἰγύπτῳ
1710 1361 1760 1396 μὲν

963 1407 1009 1435 τδν
1026 1407 1127 1443 κόσμον
1147 1407 1280 1435 ἀπείκασε
1292 1427 1299 1439 ,
1324 1409 1526 1443 χειροποιήτοις
1542 1408 1570 1434 δὲ
1590 1407 1639 1443 τὴν
1653 1408 1763 1434 εἰδωλο-

964 1453 1087 1489 λατρίαν,
1106 1454 1211 1489 σεισμῷ
1223 1454 1312 1489 δὲτὴν
1328 1453 1530 1489 μετανάστασιν
1546 1454 1593 1481 καὶ
1610 1454 1763 1481 κατάλυσιν

967 1499 1062 1534 αὐτῆς.
1078 1499 1180 1533 Κύριον
1192 1499 1221 1526 δὲ
1234 1499 1279 1526 τὸν
1293 1499 1375 1533 Λόγον
1389 1499 1456 1535 (99)·
1470 1499 1587 1535 νεφέλην
1600 1500 1628 1526 δὲ
1644 1499 1762 1535 κούφην,

967 1545 999 1572 τὸ
1015 1545 1208 1582 καθαρώτατον
1224 1546 1337 1581 σκῆνος,
1353 1546 1393 1577 είς
1412 1546 1426 1572 ὃ
1438 1545 1621 1581 ὲνθρονισθεὶς
1634 1546 1648 1572 ὀ
1661 1545 1765 1581 Κύριος

969 1591 1046 1628 ἡμῶν
1068 1592 1172 1628 Ἰησοῦς
1191 1591 1320 1628 Χριστὸς,
1336 1591 1462 1626 εἰσῆλθεν
1477 1593 1517 1623 είς
1537 1592 1583 1618 τὸν
1599 1591 1656 1627 βίον
1677 1593 1765 1618 σεῖσαι

968 1637 1018 1672 τὴν
1032 1637 1148 1673 πλάνην.
1373 1642 1376 1645 ί

972 1695 1027 1722 Τοῦ
1040 1695 1128 1730 ἁγίου
1148 1694 1293 1730 Medea/ou
1303 1694 1471 1722 ἐπισκόπου
1489 1695 1539 1722 καὶ
1555 1694 1717 1729 μάρτυρος,
1732 1692 1766 1720 ἐκ

1085 1730 1140 1757 τοῦ
1154 1730 1220 1764 περὶ
1237 1729 1297 1756 τῶν
1315 1730 1474 1764 μαρτύρων
1487 1730 1581 1764 λόγου
1597 1730 1646 1765 (1).

1006 1786 1085 1813 Οὕτω
1099 1786 1154 1822 γὰρ
1172 1786 1330 1821 θαυμαστὸν
1351 1786 1399 1813 καὶ
1413 1785 1648 1821 περισπούδαστόν
1665 1785 1723 1811 ἐστι
1737 1784 1768 1810 τὸ

972 1833 1131 1869 μαρτύριον,
1146 1833 1187 1859 ὅτι
1209 1832 1290 1864 αὐτὸς
1308 1833 1322 1859 ό
1346 1832 1450 1868 Κύριος
1476 1831 1580 1867 Ἰησοῦς
1605 1824 1769 1867 ligata-rogo

972 1879 1036 1911 Υἱὸς
1052 1879 1099 1906 τοῦ
1114 1878 1193 1911 Θεοῦ,
1204 1879 1293 1914 τιμῶν
1306 1877 1372 1906 αὐτὸ
1385 1877 1587 1914 ἐμαρτύρησεν,
1600 1877 1649 1912 οὐχ
1662 1877 1769 1912 ἁρπαγ-

972 1925 1022 1961 μὸν
1039 1926 1213 1962 ἡγησάμενος
1227 1925 1257 1951 τὸ
1272 1923 1342 1952 εἶναι
1360 1924 1406 1951 ἴσα
1417 1923 1486 1959 Θεῷ,
1500 1924 1543 1950 ἵνα
1554 1924 1601 1950 καὶ
1618 1922 1706 1959 τούτῳ
1722 1921 1769 1950 τὸν

971 1971 1115 2008 ἄνθρωπον
1126 1971 1165 2007 τῷ
1179 1970 1348 2007 χαρίσματι,
1367 1970 1406 2002 είς
1421 1970 1450 1997 ὃν
1465 1969 1582 2006 κατέϐη,
1598 1969 1696 2005 στέψῃ.

976 2071 1030 2101 Τοῦ
1045 2071 1132 2106 ἁγίου
1151 2071 1322 2099 Εὐσταθιόυ
1345 2071 1514 2098 ἐπισκόπου
1532 2068 1707 2103 Ἀντιοχέων
1721 2068 1770 2095 καί

1272 2106 1470 2141 ὀμολογητοῦ.

1014 2164 1061 2190 Ἐκ
1071 2163 1109 2199 (2)
1117 2163 1173 2197 τῆς
1187 2163 1345 2198 ἑρμηνείας
1357 2163 1411 2190 τοῦ
1427 2165 1459 2190 ιε’
1473 2161 1607 2196 ψαλμοῦ.
1624 2160 1704 2187 Ἀλλὰ
1717 2159 1771 2196 μὴν

974 2209 989 2243 ὴ
1006 2208 1052 2235 τοῦ
1073 2208 1160 2244 Ἰησοῦ
1177 2209 1317 2245 ἑκατέρων
1330 2209 1428 2244 πεῖραν
1440 2207 1514 2243 ἔσχε.
1537 2207 1637 2241 Γέγονε
1655 2206 1710 2242 γὰρ
1723 2205 1770 2233 καὶ

973 2254 1002 2280 ὲν
1016 2253 1055 2289 τῷ
1065 2254 1157 2289 χωρίῳ
1169 2253 1224 2280 τῶν
1238 2253 1418 2288 ἀνθρωπίνων
1429 2251 1533 2287 ψυχῶν,
1545 2253 1593 2279 καὶ
1607 2252 1656 2284 τῆς
1668 2250 1770 2286 σαρκὸς

974 2298 1053 2330 ἐκτὸς
1070 2298 1203 2333 γενομένη
1224 2297 1257 2333 ζῇ
1277 2298 1324 2324 καὶ
1346 2298 1494 2333 ὑφέστηκε.
1515 2296 1620 2332 Λογικὴ
1639 2297 1702 2332 ἄρα,
1723 2295 1770 2323 καὶ

973 2345 1032 2375 ταῖς
1046 2344 1144 2379 ψυχαῖς
1157 2344 1212 2371 τῶν
1231 2343 1385 2380 ἀνθρώπων
1401 2344 1557 2379 ὁμοούσιος,
1575 2343 1670 2377 ὥσπερ
1691 2341 1738 2368 καὶ
1752 2341 1769 2376 ἡ

976 2389 1044 2426 σὰρξ
1066 2390 1209 2426 ὁμοούσιος
1233 2392 1265 2426 τῇ
1282 2390 1337 2417 τῶν
1352 2390 1506 2426 ἀνθρώπων
1523 2389 1606 2425 σαρκὶ
1621 2388 1766 2423 τυγχάνει.

975 2436 1006 2460 ὲκ
1026 2435 1074 2469 τῆς
1096 2435 1205 2470 Μαρίας
1221 2435 1403 2471 προελθοῦσα.
1421 2450 1457 2455 -
1484 2435 1539 2462 Τοῦ
1556 2433 1649 2461 αὐτοῦ
1669 2433 1702 2460 ἐκ
1716 2432 1772 2460 τοῦ

974 2481 1042 2516 Περὶ
1065 2481 1157 2516 ψυχῆς
1180 2482 1284 2516 λόγου.
1307 2481 1340 2508 Τί
1358 2481 1381 2507 δ“
1404 2482 1437 2508 ἂν
1458 2481 1562 2508 εἴποιεν
1586 2481 1626 2511 είς
1647 2479 1696 2511 τὰς
1722 2479 1769 2505 τοῦ

975 2526 1091 2561 βρέφους
1107 2527 1308 2562 ἀναδλέψαντες
1321 2527 1488 2562 ἀνατροφὰς,
1503 2526 1581 2562 ἢτὴν
1596 2526 1646 2561 τῆς
1661 2524 1769 2561 ἡλικίας

973 2573 1110 2608 ἀνάδοσιν,
1127 2575 1143 2609 ἦ
1155 2574 1205 2612 τὴν
1219 2575 1344 2602 ἐπίτασιν
1356 2574 1410 2601 τῶν
1425 2575 1541 2610 χρόνων,
1555 2573 1572 2608 ἢ
1588 2572 1638 2607 τὴν
1651 2571 1698 2598 τοῦ
1714 2570 1768 2598 σώ-

973 2724 1076 2752 Tlieod.
1097 2728 1244 2751 servatum.

973 2758 1298 2822 in(§galpllcl)r:LE$lStalll'll
1314 2757 1443 2787 Antioch.
1477 2756 1630 2793 fragmenta
1657 2758 1770 2784 exstant
