1953 3055
139 121 177 154 97
678 122 866 153 DIALOGUS
887 122 912 152 Ι.
926 134 960 139 -·
980 122 1242 154 IMMUTABILIS.
1743 125 1777 158 98

139 177 192 212 έῧη
211 176 301 202 τοίνυν
324 176 380 212 (60)
406 177 435 203 οὺ
453 176 556 212 γυμνὸς
574 177 666 212 Λόγος,
675 177 731 213 (61)
743 198 750 210 ,
778 177 846 204 ἀλλὰ
865 177 933 213 σὰρξ

988 179 1089 206 nudum
1108 179 1163 216 64
1181 180 1313 212 Verbum,
1339 179 1387 207 sed
1415 187 1478 207 caro
1496 180 1599 208 factum
1619 191 1624 207 :
1641 188 1696 208 non
1729 182 1776 210 Dei

140 224 306 259 γενόμενος’
328 223 407 259 οὺχή
425 224 472 250 τοῦ
493 223 560 250 Θεοῦ
588 224 680 259 μορφὴ
696 224 762 259 (6'2),
781 224 838 250 ἀλλ’
857 224 934 259 ἢτοῦ

139 270 239 296 δούλου
257 270 348 306 μορφή
368 270 436 304 (65).
457 265 541 301 Οὗτος
553 267 601 296 οὖν
616 270 691 296 ἐστιν
709 271 722 296 ὁ
735 269 820 296 εἰπὼν
837 269 875 305 μὴ
889 270 934 296 δύ-

139 315 242 342 νασθαι
267 316 313 350 ἀφ’
330 315 442 350 ὲαυτοῦς
452 315 553 351 τι,(6«¹ι)
575 317 662 342 ποιεῖν
683 315 749 350 (65).
764 315 800 341 Τὸ
818 315 873 351 γὰρ
898 316 935 351 μὴ

138 361 275 388 δύνασθαι
296 361 439 393 ἀσθενείας
452 361 536 389 ἐστίν.
561 362 606 394 Ὠς
619 361 675 397 γὰρ
690 361 729 396 τῷ
743 363 813 396 φωτὶ
827 363 858 389 τὸ
872 362 935 389 σκό-

139 416 200 439 τος,
217 408 264 434 καὶ
281 408 295 433 ὁ
306 407 420 439 θάνατος
430 409 464 443 τῇ
481 407 549 442 ζωῇ,
562 407 633 433 οὕτω
646 409 678 443 τῇ
691 408 805 443 δυνάμει
818 408 937 435 ἀντιδια-

140 454 284 480 στέλλεται
303 455 320 489 ἡ
335 453 472 480 ἀσθένεια.
499 453 581 479 Ἀλλὰ
603 454 656 488 μὴν
682 454 800 489 Χριστὸς
821 454 936 489 δύναμις

138 499 212 526 Θεοῦ
232 499 300 534 (66).
323 500 379 526 Οὐκ
395 499 527 531 ἀδύνατος
542 498 597 534 (67)
615 498 724 531 πάντως
738 500 754 534 ἠ
768 499 893 534 δύναμις.
905 499 936 526 Εἰ

138 546 225 581 γὰρὴ
246 545 363 581 δύναμις
399 545 544 581 ἀσθενοίη,
561 546 587 572 τί
607 546 638 572 τὸ
659 546 826 581 δυνάμενον;
851 546 937 573 Ὅταν

139 591 190 620 οὖν
203 593 389 627 ἀποφαίνηται
402 593 416 618 ὁ
426 593 512 626 Λόγος
525 593 565 619 ὅτι
582 593 612 619 οὺ
622 592 733 619 δύναται
747 594 843 626 ποιεῖν,
858 593 937 628 δῆλον

139 638 184 664 ὃτι
207 638 269 672 οὐχ).
285 638 319 673 τῇ
340 637 447 673 θεότητι
469 636 517 664 τοῦ
530 637 706 671 Μονογενοῦς
719 638 768 673 τὴν
785 638 936 673 ἀδυναμίαν

140 683 323 718 προστίθησιν
344 683 424 719 (68),
449 683 518 710 ἀλλὰ
530 684 563 718 τῇ
580 683 708 719 ἀσθενείᾳ
729 683 779 718 τῆς
799 683 937 719 ἡμετέρας

142 729 256 764 φύσεως
281 731 490 765 προσμαρτυρεῖ
511 730 542 756 τὸ
558 729 697 757 ἀδύνατον.
723 730 853 765 ’Λσθενὴς
868 730 896 757 δὲ
919 731 936 765 ὴ

141 775 224 811 σὰρξ,
240 775 330 807 καθὼς
346 774 513 811 γέγραπται,
531 776 572 802 ὅτι
590 786 598 802 ι
620 776 657 803 Τὸ
670 776 782 811 πνεῦμα
801 776 856 812 (69)
871 777 938 812 πρό-

140 822 240 857 θυμον,
252 822 268 857 ἠ
279 821 307 848 δὲ
320 821 388 857 σὰρξ
399 822 524 857 ἀσθενής.
542 832 590 848 ›-
599 822 654 849 Τοῦ
668 823 761 850 αὐτοῦ
778 822 811 849 ἐκ
820 822 875 858 (70)
884 822 936 849 τοῦ

140 867 212 902 Περὶ
233 868 404 903 τελειότητος
423 867 492 902 βίου.
515 867 596 894 Ἀλλὰ
612 868 693 895 πάλιν
714 869 727 894 ὁ
745 868 872 902 ἀληθινὸς
891 878 935 895 νο-

142 913 273 949 μοθέτης,
297 911 328 941 οὗ
348 914 434 945 τύπος
450 912 484 949 ἦν
497 915 511 940 ὁ
526 914 657 949 Μωῦσῆς,
677 915 710 940 ὲκ
724 915 773 950 τῆς
789 915 840 949 γῆς
857 915 936 950 ἡμῶν

139 959 235 993 ἐαυτῷ
247 959 296 991 τὰς
317 959 368 994 τῆς
387 959 499 994 φύσεως
527 959 582 994 (71)
601 959 710 992 πλάκας
727 960 880 993 ἑλάξευςεν.
898 961 934 987 Οὺ

139 1006 197 1041 γὰρ
220 1006 309 1040 γάμος
332 1005 415 1032 αὑτοῦ
440 1005 497 1041 (72)
518 1005 566 1041 τὴν
589 1005 713 1041 οεοδόχον
733 1006 935 1042 ἐδημιούργησε

141 1052 244 1088 σάρκα,
261 1051 318 1078 ἀλλ’
332 1052 414 1083 αὐτὸς
427 1052 476 1087 τῆς
492 1052 560 1084 ιδίας
570 1053 672 1088 σαρκὸς
687 1053 791 1087 γίνεται
806 1053 933 1088 λατόμος,

139 1099 192 1133 τῆς
206 1098 246 1133 τῷ
263 1098 327 1133 θείῳ
345 1098 470 1133 δακτύλῳ
486 1099 721 1134 καταγραφείσης.
747 1099 859 1134 Πνεῦμα
881 1099 936 1135 γὰρ

140 1145 222 1179 ἅγιον
240 1143 322 1180 ἦλθεν
343 1145 389 1171 ἐπὶ
405 1145 454 1180 τὴν
470 1145 619 1180 Παρθένον,
640 1146 717 1181 καὶὴ
735 1146 784 1172 τοῦ
805 1147 934 1181 Ὑψίστου

140 1191 291 1217 ὲπεσκίασε
305 1190 430 1226 δύναμις.
453 1191 530 1217 Ἐπεὶ
546 1191 575 1218 δὲ
585 1191 665 1218 τοῦτο
682 1192 778 1226 γέγονε
795 1192 863 1228 (75),
882 1193 935 1219 πά-

141 1237 183 1263 λιν
191 1237 223 1264 τὸ
238 1237 420 1272 ἀπύντριπτον
434 1237 538 1273 ἐσχενὴ
550 1237 641 1272 φύσις,
654 1237 788 1270 ἀθάνατος
800 1238 933 1275 γενομένη

140 1285 197 1315 τοῖς
207 1283 254 1310 τοῦ
266 1283 399 1311 δακτύλου
412 1285 596 1321 χαράγμασιν.
610 1299 645 1305 -
661 1285 715 1313 Τοῦ
732 1286 824 1312 αὑτοῦ
835 1286 869 1313 ἐκ
882 1286 934 1314 τοῦ

141 1331 218 1357 κατὰ
235 1331 387 1365 Εὐνομίου
407 1331 510 1364 λόγου.
526 1331 618 1367 Φαμὲν
635 1331 743 1365 τοίνυν,
763 1333 805 1359 ὅτι
828 1333 857 1358 ὲν
877 1323 933 1369 (74)

142 1376 194 1411 μὲν
209 1379 265 1409 τοῖς
286 1377 339 1413 πρὸ
361 1377 457 1404 τούτου
472 1377 562 1412 λόγοις
579 1378 665 1405 εἰπὼν
686 1379 735 1414 τὴν
752 1379 849 1413 σοφίαν
861 1379 933 1414 ᾠκο-

139 1423 291 1458 δομηκέναι
315 1423 398 1459 ἑαυτῇ
422 1420 496 1450 οἶκον
519 1424 592 1458 (75),
619 1424 668 1460 τὴν
690 1425 740 1460 τῆς
763 1425 864 1461 σαρκὸς
887 1425 934 1451 τοῦ

140 1469 247 1503 Κυρίου
273 1469 447 1504 κατασκευὴν
466 1469 506 1504 τῷ
529 1470 602 1505 λόγῳ
628 1470 685 1505 (76)
710 1470 873 1498 αἰνίσσεται.
896 1471 933 1497 Οὺ

986 224 1085 258 forma,
1104 226 1152 252 sed
1166 226 1254 252 forma
1274 225 1356 253 servi.
1371 225 1420 253 llic
1435 226 1518 261 igitur
1537 232 1590 259 est,
1607 227 1652 261 qui
1670 227 1738 254 dixit
1755 228 1778 242 ³³

986 277 1016 296 se
1027 277 1082 296 non
1095 277 1175 304 posse
1187 278 1202 296 a
1215 270 1305 305 seipso
1324 270 1413 297 lacere
1424 271 1584 305 quidquam.
1608 272 1676 299 Nam
1690 270 1776 300 imbe~

987 314 1109 341 cillitatis
1125 320 1167 342 est
1182 324 1235 342 non
1250 324 1338 350 posse.
1351 317 1428 343 Sicut
1443 317 1516 343 enim
1535 317 1589 344 luci
1606 318 1737 350 tenebrae,
1750 323 1778 345 et

987 368 1061 388 mors
1079 361 1151 393 vitze,
1172 361 1209 388 sic
1229 363 1357 396 potentia:
1372 363 1521 397 opponitur
1538 363 1722 391 imbecillitas.
1742 365 1778 392 At

986 406 1112 434 Christus
1128 412 1170 434 est
1182 409 1304 442 potentia
1323 408 1382 435 Dei.
1403 409 1462 436 Non
1486 413 1528 436 est
1544 410 1628 444 igitur
1649 411 1778 445 potentiae

987 453 1137 488 quidquam
1151 453 1331 487 impossibile.
1348 453 1376 481 Si
1396 455 1467 481 enim
1483 455 1618 483 imbecilla
1629 460 1670 483 est
1683 462 1779 491 poten-

988 499 1035 531 tia,
1050 499 1115 534 quid
1132 504 1230 534 potens
1247 501 1305 527 est?
1322 500 1436 533 Quando
1450 501 1533 535 igitur
1548 502 1668 528 Verbum
1682 511 1710 529 se
1723 511 1778 530 non

987 553 1067 580 posse
1078 545 1168 572 facere
1180 546 1255 577 dicit,
1268 546 1443 580 perspicuum
1463 551 1505 574 est
1516 547 1588 582 quod
1606 555 1660 574 non
1676 548 1775 575 divini-

988 590 1036 616 tati
1052 590 1190 625 Unigeniti
1203 590 1390 625 impotentiam
1410 591 1521 623 tribuat,
1536 592 1583 619 sed
1597 592 1778 619 imbecillitati

988 640 1092 663 naturae
1114 641 1212 664 nostrae
1228 637 1476 672 impossibilitatem
1497 638 1625 664 ascribat.
1644 638 1691 665 Est
1704 638 1778 665 enim

988 689 1051 708 caro
1070 681 1188 713 infirma,
1205 682 1277 708 sicut
1303 682 1434 717 scriptum
1459 686 1501 709 est
1524 691 1530 708 :
1550 691 1558 706 ι
1580 682 1698 717 Spiritus
1716 683 1778 718 qui-

988 727 1050 754 dem
1082 731 1226 762 promptus
1245 732 1297 758 est,
1325 735 1389 754 caro
1419 733 1510 754 autem
1536 728 1641 755 inﬁrma
1661 729 1693 755 δι.
1722 739 1780 754 »-

989 772 1126 807 Ejusdem,
1142 781 1174 800 ex
1193 773 1258 800 libro
1279 774 1317 801 De
1329 774 1498 808 perfectione
1520 775 1592 802 vitze.
1614 775 1667 802 Sed
1683 783 1779 803 rursus

988 826 1071 846 verus
1084 819 1233 854 legislator.
1260 820 1338 854 cujus
1353 820 1438 854 ﬁgura
1454 824 1513 847 erat
1532 821 1630 853 Moses,
1647 829 1680 848 ex
1706 826 1779 848 terra

988 869 1083 892 nostra
1100 865 1152 892 sibi
1170 865 1221 900 ipsi
1236 871 1341 893 natum
1361 866 1467 893 tabulas
1495 866 1608 894 excidit.
1625 867 1685 895 Non
1705 868 1778 895 enim

987 911 1090 946 nuptias
1101 919 1210 939 carnem
1227 912 1274 939 Dei
1299 920 1426 947 capacem
1444 912 1615 940 fabricarum
1630 922 1636 940 :
1657 914 1704 941 sed
1721 914 1778 949 ipse

987 957 1105 992 propria:
1121 958 1211 985 carnis
1229 957 1265 991 ,ﬁt
1281 958 1397 992 lapicida
1413 959 1507 985 divino
1529 959 1613 994 digito
1628 960 1776 995 inscriptzc.

986 1004 1054 1031 Nam
1079 1004 1199 1039 Spiritus
1216 1009 1329 1032 sanctus
1343 1005 1418 1032 venit
1435 1006 1468 1032 ad
1481 1006 1631 1041 Virginem,
1645 1010 1673 1034 et
1691 1007 1779 1034 virtus

987 1049 1118 1077 Altissimi
1140 1049 1315 1077 obumbravit
1330 1058 1389 1077 eam
1409 1051 1441 1077 ".
1461 1051 1608 1086 Postquam
1621 1057 1711 1079 autem
1727 1052 1780 1079 hoc

986 1094 1087 1122 factum
1109 1100 1160 1128 est,
1180 1096 1346 1123 inviolabilis
1368 1105 1465 1124 rursus
1485 1097 1573 1124 evasit
1601 1102 1708 1130 natura,
1727 1098 1777 1125 im.

986 1142 1112 1168 mortalis
1141 1142 1227 1169 divini
1263 1142 1341 1177 digiti
1369 1143 1598 1178 impressionibus
1624 1143 1780 1171 cll'ecta.—-

986 1187 1132 1221 Ejusdem,
1157 1196 1188 1214 e1;
1217 1187 1282 1215 libro
1308 1189 1433 1215 adversus
1459 1188 1632 1216 Eunomium.
1658 1190 1779 1217 Dicimus

985 1232 1039 1268 65
1053 1241 1129 1268 ergo,
1144 1233 1218 1268 quod
1236 1241 1329 1268 supra,
1344 1242 1405 1261 cum
1422 1234 1584 1269 sapientiam
1600 1235 1653 1270 sibi
1666 1235 1778 1262 domum

986 1277 1134 1305 tedilieasse
1150 1278 1228 1310 dixit,
1243 1279 1334 1306 carnis
1351 1280 1458 1306 Domini
1471 1281 1703 1308 constructionem
1716 1289 1777 1308 vcr-

986 1323 1029 1350 bis
1042 1323 1095 1350 illis
1108 1323 1225 1351 obseure
1240 1324 1384 1359 signiﬁcet.
1395 1325 1454 1352 Non
1467 1326 1540 1352 enitn
1555 1326 1644 1353 aliena
1656 1327 1682 1352 in
1697 1326 1778 1353 domo

985 1378 1050 1398 vera
1061 1371 1196 1405 sapientia
1208 1371 1353 1403 habitavit,
1370 1372 1416 1399 sed
1433 1372 1602 1400 domicilium
1616 1374 1668 1401 sibi
1680 1382 1711 1400 ex
1725 1375 1779 1400 vir-

986 1417 1069 1451 ginali
1083 1425 1198 1452 corpore
1211 1417 1530 1453 instruxit.—Ejusdwt,
1545 1427 1576 1445 ex
1589 1419 1678 1446 eodem
1690 1428 1776 1454 opere.

985 1463 1106 1491 Verbum
1118 1467 1182 1490 ante
1198 1464 1296 1491 swcula
1312 1468 1381 1496 erat,
1396 1472 1459 1491 caro
1469 1469 1559 1491 autem
1577 1465 1603 1492 in
1623 1465 1779 1492 novissimis

138 1514 196 1550 γὰρ
213 1516 242 1540 ἐν
258 1515 390 1550 ἀλλοτρίῳ
397 1515 596 1551 οἰκοδομήματι
609 1516 626 1551 ἡ
642 1515 758 1552 ἀληθινὴ
771 1517 852 1551 σοφία
865 1525 931 1544 κατ-

988 1509 1157 1544 temporibus
1172 1509 1241 1537 facta
1255 1514 1312 1543 est;
1331 1518 1382 1537 nec
1398 1515 1492 1537 contra
1508 1511 1652 1546 quisquam
1667 1511 1777 1542 dixerit,

138 1561 262 1596 ᾠκησεν.
277 1561 335 1587 ἀλλ’
359 1562 442 1596 ἑαυτῇ
458 1561 488 1587 τὸ
510 1562 670 1597 οἰκητήριον
686 1562 718 1588 ὲκ
737 1561 785 1588 τοῦ
803 1562 934 1597 παρθενι-

139 1606 190 1633 κοῦ
217 1606 343 1641 σώματος
358 1606 510 1642 ἐδομὴπατο
525 1607 591 1642 (77).
604 1621 640 1627 --
658 1607 713 1634 Τοῦ
727 1608 821 1634 αὑτοῦ
834 1609 868 1635 ἐκ
882 1608 936 1642 τῆς

139 1652 239 1686 αὐτῆς
253 1653 467 1687 πραγματείας.
491 1653 519 1679 Ὀ
536 1653 622 1687 Λόγος
636 1654 689 1689 πρὸ
700 1653 754 1680 τῶν
768 1653 874 1680 αἰώνων
890 1652 934 1689 ἦν,

139 1698 157 1732 ἡ
178 1696 249 1732 σὰρξ
263 1696 290 1723 δὲ
307 1697 351 1723 ἐπ’
369 1697 493 1731 ἐσχάτων
507 1697 616 1731 ἐγένετο
626 1698 680 1724 τῶν
691 1698 805 1733 χρόνων,
825 1700 873 1726 καὶ
886 1700 936 1726 οὐκ

139 1743 175 1770 ἄν
190 1751 233 1774 τις
247 1743 421 1778 ἀναστρέψας
438 1743 521 1775 εἴποι,
537 1743 552 1778 ἢ
567 1744 668 1779 ταύτην
682 1743 934 1780 προαιὼνιονεῐναι,

139 1787 158 1823 ἦ
181 1789 212 1814 ὲν
233 1789 289 1819 τοῖς
304 1788 432 1823 ἐσχάτοις
446 1789 613 1824 γεγενῆσθαι
636 1790 682 1816 τὸν
700 1790 796 1825 Λόγον.
822 1806 857 1811 -
880 1791 936 1818 Τοῦ

139 1833 238 1861 αὑτοῦ
259 1834 294 1861 ἐκ
318 1833 373 1868 τῆς
395 1834 493 1869 αὐτῆς
514 1837 727 1871 πραγματείας.
754 1837 812 1864 Οὐκ
836 1838 869 1864 ἐκ
887 1837 935 1865 τοῦ

140 1878 218 1906 θείου
232 1887 262 1906 τε
273 1879 321 1906 καὶ
334 1880 475 1916 ἀκηράτου
493 1882 569 1908 ἐστὶν
591 1883 607 1918 ἡ
626 1881 673 1908 τοῦ
695 1882 751 1918 (78)
770 1882 875 1910 ἕκτισέ
895 1892 934 1918 με

140 1926 232 1960 φωνὴ,
248 1925 316 1953 ἀλλὰ
327 1926 420 1958 καθὼς
435 1928 554 1964 εἴρηται,
566 1929 598 1954 ὲκ
607 1929 655 1955 τοῦ
665 1929 867 1964 ἀναληφθέντος
878 1930 934 1965 (79)

140 1972 368 2008 κατόίκονομίαν
377 1973 431 2000 ἀπὸ
439 1974 488 2008 τῆς
500 1975 611 2010 κτιστῆς
626 1976 642 2010 ἡ
647 1975 704 2010 μῶν
714 1975 832 2010 φύσεως.
840 1976 935 2004 -Τοῦ

140 2018 236 2046 αὑτοῦ
251 2019 286 2046 ἐκ
300 2019 354 2047 τοῦ
363 2020 403 2051 εις
412 2021 473 2051 τοὺς
486 2021 687 2057 Μακαρισμοὺς
696 2023 791 2057 ,λόγου
805 2023 934 2057 πρώτου.

144 2073 154 2090 ι
180 2064 229 2095 ’ος
242 2065 272 2090 ὲν
290 2066 382 2101 μορφῇ
394 2065 462 2091 Θεοῦ
481 2065 622 2101 ὑπάρχων,
639 2067 689 2102 οὐχ
702 2068 849 2103 ἁρπαγμὸν
865 2069 935 2104 ήγὴ-

142 2117 209 2136 σατο
225 2110 255 2136 τὸ
267 2108 338 2137 εἶναι
356 2111 400 2138 ἴσα
413 2111 483 2147 Θεῷ,
503 2113 559 2139 ἀλλ’
576 2113 670 2140 ἑαυτὸν
690 2114 807 2141 ὲκένωσε
826 2115 933 2150 μορφὴν

987 1555 1029 1582 vel
1046 1555 1117 1582 hanc
1129 1560 1192 1582 ante
1204 1555 1302 1582 sarcula
1318 1555 1414 1587 fuisse,
1432 1555 1475 1582 vel
1489 1555 1515 1582 in
1536 1556 1693 1583 novissimis
1708 1560 1778 1583 tem-

987 1601 1102 1636 poribus
1115 1601 1216 1628 factum
1228 1609 1288 1629 esse
1302 1601 1432 1629 Verbum.
1442 1618 1477 1622 —
1491 1602 1629 1636 Ejusdem,
1646 1611 1678 1629 ea:
1689 1604 1778 1630 eodm:

987 1656 1073 1683 opere.
1094 1647 1151 1675 Non
1165 1648 1199 1674 de
1214 1647 1308 1674 divino
1319 1653 1346 1674 et
1361 1648 1395 1675 ab
1415 1649 1528 1676 interitu
1543 1649 1634 1676 alieno
1642 1650 1701 1677 haec
1715 1659 1777 1682 vox,

987 1693 1091 1722 Creavit
1100 1702 1141 1721 me
1154 1695 1199 1727 ⁸⁵⁸,
1212 1694 1387 1729 intelligenda
1399 1700 1450 1727 est,
1466 1695 1514 1722 sed
1528 1696 1562 1722 de
1575 1704 1619 1728 eo,
1633 1701 1663 1724 ut
1674 1696 1778 1725 dictum

987 1745 1039 1772 est,
1052 1741 1125 1776 quod
1138 1741 1289 1768 secundum
1304 1741 1536 1776 dispensationem
1550 1747 1721 1777 assumptum
1737 1748 1780 1771 est

986 1796 1020 1816 ex
1035 1792 1126 1815 creata
1138 1792 1230 1815 nostra
1245 1792 1354 1815 natura.
1365 1803 1400 1807 —
1415 1788 1542 1823 Ejusdem
1553 1810 1559 1820 ,
1571 1797 1602 1816 ea:
1614 1790 1700 1825 prima
1716 1799 1780 1818 ora—

987 1835 1057 1861 tione
1068 1833 1101 1861 de
1108 1833 1342 1861 Beatitudinibus.
1350 1833 1415 1866 iQui
1424 1841 1486 1861 cum
1499 1834 1526 1861 in
1538 1834 1626 1861 forma
1634 1835 1682 1862 Dei
1693 1839 1777 1868 esset,

986 1888 1041 1908 non
1055 1880 1177 1915 rapinam
1198 1880 1348 1907 arbitratus
1364 1884 1406 1908 est
1433 1887 1461 1907 se
1475 1887 1537 1908 esse
1553 1880 1685 1915 aequalem
1711 1881 1777 1914 Deo,

985 1927 1034 1954 sed
1047 1927 1169 1961 seipsum
1186 1926 1339 1953 exinanivit
1354 1926 1423 1953 servi
1433 1925 1548 1953 formam
1558 1927 1709 1961 ‘accipiens
1727 1927 1774 1954 “.-

985 1972 1058 2006 Quid
1073 1973 1186 2000 tenuius
1200 1972 1228 1999 in
1243 1972 1309 2004 Deo,
1323 1979 1406 2007 quam
1425 1972 1513 1999 forma
1530 1972 1621 2000 servi?
1644 1973 1710 2008 quid
1725 1974 1778 2000 hu-

986 2020 1078 2047 milius
1090 2019 1116 2046 in
1128 2026 1191 2054 rege
1205 2018 1410 2051 universorum,
1431 2026 1514 2053 quam
1533 2018 1561 2045 in
1580 2019 1714 2046 mendica:
1728 2027 1779 2046 na-

987 2071 1056 2095 tura;
1071 2070 1171 2094 nostra:
1185 2065 1407 2092 communionem
1421 2064 1535 2092 venire?
1549 2064 1603 2091 Sed
1618 2069 1710 2092 tamen
1730 2073 1780 2092 rex

988 2121 1083 2149 regum
1097 2117 1125 2140 et
1138 2112 1271 2140 Dominus
1295 2109 1496 2138 dominantium
1516 2111 1538 2126 "
1558 2110 1701 2137 servitutis
1721 2110 1779 2138 fer-

140 2156 236 2183 δούλου
252 2156 354 2184 λαϐὼν.
380 2167 390 2184 ›
415 2157 447 2184 Ti
469 2159 641 2196 πτωχότερον
658 2161 704 2187 ἐπὶ
727 2160 795 2188 Θεοῦ
819 2162 869 2196 τῆς
886 2162 932 2188 τοῦ

988 2167 1058 2188 mam
1077 2167 1126 2187 sua
1142 2162 1239 2194 sponte
1252 2157 1351 2184 induit.

142 2201 236 2228 δούλου
257 2203 384 2238 μορφῆς;
407 2203 433 2230 τί
455 2205 647 2241 ταπεινότερον
668 2207 714 2233 ἐπὶ
734 2207 780 2233 τοῦ
804 2207 936 2242 βασιλέως
955 2208 1010 2235 τῶν
1036 2206 1137 2236 ὅντων,
1156 2205 1171 2240 ἢ
1195 2203 1226 2230 τὸ
1258 2204 1297 2235 εἰς
1318 2203 1460 2230 κοινωνίαν
1479 2202 1529 2238 τῆς
1563 2204 1675 2239 πτωχῆς
1699 2205 1780 2238 ἡμῶν

141 2324 168 2344 ῃ
179 2282 296 2345 ’ἒὲῐοωμ
309 2291 336 2316 v,
350 2283 394 2311 I9.
431 2283 456 2299 “
473 2284 548 2312 Matt.
564 2292 636 2318 nm,
652 2285 698 2312 Il.
736 2286 758 2301 "’
771 2286 838 2313 Luc.
854 2295 873 2319 ι,
888 2287 932 2314 55.

172 2337 236 2350 ἐνι

141 2395 186 2433 III,
203 2396 256 2433 sub
268 2396 348 2433 titulo
367 2395 458 2433 ιγπερὶ
473 2396 601 2433 θεότητος
619 2395 683 2433 Υζοῦ
700 2397 747 2424 καὶ
762 2397 932 2432 Πνεὺματος,

140 2430 400 2467 καὶγξγκιὶξμιονῗείς
419 2430 465 2467 τὸν
478 2430 581 2460 δίκαιον
604 2432 738 2467 Ἀϐραάμ.

244 2466 427 2503 τοίνυιεζιοςο
443 2466 491 2503 cit.
503 2475 529 2502 p.
551 2468 614 2500 471,
633 2465 756 2502 sequitur
771 2467 817 2494 καὶ
833 2467 931 2503 ἐφάνη.

247 2501 312 2535 Δόγ.
329 2501 380 2528 Ed.
391 2501 478 2529 Paris.
492 2501 586 2537 prazm.
596 2504 619 2529 ὁ.

251 2537 354 2571 μορφή.
368 2536 408 2565 Ib.
427 2535 553 2573 sequ—itur
570 2537 630 2565 καθ’
646 2537 758 2573 ἑαυτήν.

189 2571 234 2607 65)
251 2573 267 2606 ἡ
279 2587 315 2591 --
328 2573 430 2607 μορφή.
446 2572 486 2599 Ib.
499 2573 550 2607 leg.
569 2574 597 2600 ὲν
607 2574 640 2607 τῇ
654 2573 701 2599 τοῦ
713 2571 806 2599 δούλου
828 2573 928 2607 μορφῇ.

188 2607 233 2643 64)
249 2615 285 2633 τι.
303 2607 343 2634 Ib.
359 2611 420 2643 post
436 2607 564 2634 δύνασθαι
583 2608 703 2643 ponitur.

177 2641 234 2678 (65)
255 2643 354 2668 ποιεῖν.
379 2642 419 2669 Ib.
440 2644 575 2678 sequitur,
583 2641 668 2678 ’δῆλον
684 2644 725 2669 ὅτι
744 2642 813 2669 καθὸ
832 2641 929 2676 γέγονε

141 2676 177 2704 σά
197 2677 221 2708 ξ.
463 2676 488 2695 θ
614 2676 620 2678 ⁷

188 2712 232 2746 66)
251 2712 292 2739 Ib.
311 2712 378 2739 Θεοῦ
398 2712 522 2748 δύναμις.
540 2713 673 2748 Sequitur
690 2713 738 2740 καὶ
752 2712 819 2739 Θεοῦ
836 2713 927 2747 σοφία.

188 2748 233 2781 67)
251 2747 292 2774 ἁδ.
307 2747 346 2775 Ib.
368 2748 494 2774 ἀδυνατεῖ
510 2747 566 2775 οὖν.

187 2782 222 2809 68
248 2782 298 2809 Ed.
312 2783 390 2810 Rom.
408 2788 436 2810 et
456 2783 530 2818 Lips.
549 2783 720 2819 προτίθησιν.

187 2786 233 2851 69)
246 2826 292 2844 πν.
305 2818 355 2845 Ed.
375 2819 460 2845 Paris.
474 2827 567 2853 prtem.
584 2819 644 2853 μέν.

188 2852 232 2888 70)
246 2853 323 2879 ὲκ-
334 2854 401 2888 βίου.
421 2854 451 2880 In
467 2854 533 2881 edit.
553 2854 639 2881 Paris.
653 2859 672 2881 t.
685 2853 706 2887 I,
724 2857 813 2882 exstat
830 2853 882 2881 sub
896 2853 927 2881 Li-

224 2466 234 2670 ἒ

225 2749 233 2781 )
251 2747 292 2774 ἁδ.
307 2747 346 2775 Ib.
368 2747 494 2774 ἀδυνατεῖ
510 2747 566 2775 οὖν.

187 2782 233 2819 68)
248 2782 390 2819 ΕᾱηΒοῐη.
408 2788 436 2810 et
456 2783 530 2818 Lips.
549 2783 720 2819 προτίθησιν.

187 2817 232 2853 69)
246 2826 292 2844 πν.
305 2818 355 2845 Ed.
375 2819 460 2845 Paris.
474 2817 644 2853 prtemfpév.

188 2852 232 2888 70)
246 2853 323 2879 ὲκ-
334 2854 401 2889 βίου.
421 2854 451 2880 In
467 2852 533 2881 edit.
553 2852 639 2881 Paris.
653 2859 672 2881 t.
685 2853 706 2887 I,
724 2857 813 2882 exstat
830 2853 882 2881 sub
896 2853 928 2881 Li-

986 2286 1016 2302 "‘
1029 2285 1110 2312 Prov.
1127 2291 1184 2315 vin,
1198 2282 1242 2309 22.
1294 2281 1317 2297 “
1338 2281 1456 2316 Philipp.
1471 2289 1499 2314 n,
1515 2281 1542 2314 6,
1561 2281 1587 2309 7.
1638 2282 1660 2298 "
1680 2282 1690 2309 I
1706 2282 1776 2310 Tim.

985 2396 1044 2424 tulo
1059 2404 1066 2423 :
1081 2395 1150 2430 Περὶ
1165 2395 1211 2422 τοῦ
1226 2395 1283 2430 βίου
1301 2394 1424 2425 Μωσέως
1436 2393 1483 2420 τοῦ
1499 2393 1658 2429 νομοθέτου,
1677 2393 1693 2428 ἢ
1713 2395 1777 2430 περὶ

983 2431 1035 2466 τῆς
1047 2433 1108 2458 κατ’
1124 2431 1225 2466 ἀρετὴν
1241 2431 1418 2464 τελειότητος.

1510 2463 1598 2505 ἡμῶν.

1032 2467 1076 2497 71)
1094 2464 1157 2500 (ptio.
1177 2464 1216 2493 Ib.
1241 2474 1266 2500 p.
1289 2465 1352 2494 254,
1370 2464 1495 2499 sequitur

1032 2467 1076 2497 71)
1094 2467 1157 2500 φύσ.
1177 2467 1216 2493 Ib.
1241 2474 1266 2500 p.
1289 2467 1352 2494 254,
1370 2467 1495 2499 sequitur
1510 2467 1598 2505 ἡμῶν.

1018 2467 1074 2537 (72)
1092 2501 1174 2528 αὐτοῦ
1185 2516 1221 2520 -
1233 2502 1332 2537 σάρκα.
1346 2500 1386 2527 Ib.
1401 2500 1453 2535 leg.
1469 2498 1543 2534 αὺτῳ
1559 2499 1609 2534 τὴν
1622 2499 1696 2526 θείαν
1715 2501 1776 2536 ἐδη-

983 2537 1044 2572 μιού
1050 2545 1133 2572 ργησε
1151 2537 1250 2571 σάρκα.

1022 2572 1077 2607 (75)
1094 2571 1154 2606 γέγ.
1174 2572 1214 2598 Ib.
1231 2571 1349 2604 ἐγένετο.

1025 2607 1080 2642 (74)
1099 2609 1138 2634 ‘sv.
1152 2608 1191 2634 Ex
1208 2607 1256 2633 Ed.
1270 2607 1348 2633 Rom.
1365 2611 1392 2642 et
1405 2606 1479 2640 Lips.
1493 2606 1658 2640 suppletum.
1679 2606 1774 2642 Exstat

985 2649 1096 2678 quoque
1113 2642 1141 2670 in
1158 2642 1224 2669 edit.
1251 2642 1338 2668 Paris.
1357 2641 1477 2676 Operum
1503 2642 1583 2676 Greg.
1600 2642 1679 2678 Nyss.
1700 2645 1718 2668 t.
1741 2641 1774 2670 II.

983 2684 1009 2711 p.
1023 2677 1084 2705 505.

1016 2713 1072 2746 (75)
1101 2712 1151 2740 Ed.
1170 2711 1256 2738 Paris.
1276 2712 1360 2746 ἑαυτῇ
1380 2709 1464 2746 ᾡκοδξ
1479 2711 1525 2738 τὸν
1536 2709 1621 2740 οἷκον.

1015 2747 1071 2780 (76)
1091 2757 1115 2774 τ.
1137 2747 1194 2779 λόγ,
1207 2747 1257 2773 Ed.
1271 2746 1357 2773 Paris.
1379 2746 1422 2773 διὰ
1436 2747 1481 2773 τοῦ
1499 2747 1590 2781 λόγου.

1027 2784 1069 2819 77)
1088 2783 1125 2819 ἐδ.
1142 2782 1192 2819 Ed.
1211 2782 1297 2819 Paris.
1319 2782 1525 2817 ᾠκοδομήσατο.

1027 2817 1070 2853 78)
1084 2818 1142 2844 τοῦ.
1161 2818 1222 2853 Des.
1242 2817 1260 2844 Ι.
1277 2826 1301 2844 c.

1014 2852 1069 2890 (79)
1083 2853 1160 2880 ἁναλ.
1173 2852 1224 2880 Ed.
1244 2853 1328 2881 Paris.
1342 2852 1554 2888 ἀνακραοέντος.
