1953 3055
159 130 211 162 ωε

648 121 893 154 THEODORETI
919 119 1090 150 El’leUI'l
1111 119 1296 151 CYRENSIS

1746 116 1801 149 1αᾷ

158 189 222 213 sunt
239 193 246 211 :
263 181 376 219 plurimi
393 180 477 210 etiam
498 178 622 214 martyrii
638 177 749 205 coronis
771 176 862 204 ornati
879 178 952 202 sunt.

1012 180 1062 198 510i.
1083 172 1141 205 τοῖς
1168 173 1214 200 τοῦ
1237 170 1387 209 μαρτυρίου
1412 171 1558 207 στεφάνοις
1586 171 1802 208 κατεκοσμήθη-

159 233 245 259 Fasne
258 238 325 265 ergo
340 229 390 257 tibi
400 227 510 255 videtur
522 225 710 260 blaspl.emam
723 227 818 251 contra
831 223 892 250 illos
902 221 954 248 lin-

158 285 239 314 gnam
253 274 383 304 movere?

195 322 298 350 ERAN.
315 320 449 355 Equidem
462 319 515 346 hoc
524 318 613 346 facere
624 317 790 352 pertimesco
803 324 810 342 :
823 318 952 342 caeterum

159 375 286 402 magnum
301 365 450 392 discrimen
466 372 521 391 non
535 363 631 398 probo.

195 424 248 458 7o
264 422 368 450 OltTll.
397 421 448 448 Sed
474 429 524 455 ego
541 419 591 447 tibi
606 427 703 446 rursus
718 419 890 453 inopinatum
905 425 953 452 ap-

159 469 267 504 plicabo
283 467 447 495 remedium.
468 467 558 494 Unum
575 465 648 494 enim
673 464 844 491 admirabilis
856 468 954 491 vestrae

159 516 297 542 haereseos
321 513 461 540 doctorem
483 512 670 546 Apollinarem
688 510 715 537 in
731 509 853 537 medium
865 508 953 536 addu—

159 570 230 593 cam,
252 565 280 588 et
300 568 354 587 non
375 559 456 586 aliter
472 566 503 585 ac
515 558 603 584 sancti
618 557 714 584 Patres
732 566 740 582 ε
751 555 872 583 Verbum
889 561 954 582 caro

159 608 261 634 factum
280 610 322 633 est
334 615 342 631 ι
361 604 529 632 intellexisse
545 603 702 630 ostendam.
722 602 794 630 Audi
808 609 873 637 ergo
888 601 954 636 quid

160 654 212 681 hac
225 653 259 680 de
275 660 304 679 re
319 651 463 686 scripserit
476 650 504 677 in
517 649 724 685 compendiario
739 656 789 676 suo
800 648 881 675 libro.

482 755 644 792 Apolinarii.

197 802 237 831 Ex
251 803 316 830 libro
330 802 536 838 compendiario.
551 802 579 829 Si
593 801 666 836 quod
678 800 794 828 assumit
804 799 954 835 quispiam,

1007 226 1066 244 σαν.
1084 217 1122 245 ἸΙ
1137 219 1225 246 τοίνυν
1252 219 1350 252 εὐαγές
1369 227 1410 245 σοι
1429 219 1505 246 δοκεῖ
1526 218 1575 245 καὶ
1599 218 1672 245 κατὰ
1695 217 1803 246 τούτων

1004 262 1054 298 τὴν
1070 263 1233 300 βλάσφημον
1251 265 1361 299 κινῆσαι
1379 264 1519 299 γλῶτταν;

1014 314 1021 323 '
1041 308 1145 337 EPAN.
1167 309 1252 336 Τοῦτο
1272 308 1322 343 μὲν
1341 309 1439 345 δράσαι
1455 309 1587 345 δειμαίνω
1598 329 1606 343 ,
1623 308 1673 345 τὴν
1689 309 1718 335 δὲ
1734 308 1804 337 πολ-

1004 354 1054 390 λὴν
1067 355 1201 391 διαίρεσιν
1218 357 1247 384 οὺ
1270 357 1428 392 προσίεμαι.

1041 411 1116 438 ΟΡΘ.
1142 413 1214 439 Ἀλλ’
1230 413 1286 447 ἐγώ
1303 421 1344 439 σοι
1365 413 1446 440 πάλιν
1470 413 1626 450 παράδοξον
1641 412 1804 450 μηχανήσο-

1007 465 1056 492 μαι
1074 457 1233 493 θεραπείαν.
1252 459 1320 486 Ἕνα
1338 459 1392 494 γὰρ
1408 459 1463 486 τῶν
1484 460 1534 495 τῆς
1553 460 1707 495 θαυμασίας
1722 460 1804 496 ὑμῶν

1005 502 1138 537 αἱρέσεως
1153 503 1315 532 διδάσκαλον
1338 506 1528 542 Ἀπολινάριον
1555 507 1595 538 είς
1619 506 1703 542 μέσον
1728 516 1804 543 παρ-

1006 549 1073 581 άξω,
1089 550 1137 576 καὶ
1151 549 1231 585 δείξω
1250 552 1305 583 τοῖς
1320 552 1409 586 ἁγίοις
1425 552 1550 588 Πατράσι
1564 552 1609 584 τὸ,
1630 562 1640 578 ‹
1666 553 1695 578 '0
1714 544 1806 587 Λόγος

1006 595 1075 630 σὰρξ
1089 594 1211 630 ἐγένετο,
1230 607 1240 624 ι
1261 598 1461 633 παραπλησίως
1488 599 1647 633 νενοηκότα.
1666 599 1804 625 Ἄκουσον

1003 641 1095 669 τοίνυν
1111 641 1140 669 ἐν
1165 643 1205 679 τῷ
1223 645 1294 672 κατὰ
1310 644 1458 679 κεφάλαιον
1477 644 1573 680 βιὸλίῳ
1592 641 1637 671 οἷα
1657 644 1722 680 περὶ
1737 643 1804 671 τού-

1005 696 1052 715 του
1073 687 1256 726 συνέγραψεν.

1297 747 1471 782 Ἀπολιναρί
1471 756 1507 774 ου
1512 768 1519 776 .

1050 790 1097 816 Ἐκ
1129 789 1187 826 (99)
1209 791 1264 819 τοῦ
1288 792 1363 819 κατὰ
1392 791 1558 826 κεφάλαιον
1579 791 1713 824 βιϐλίου.
1733 791 1764 818 Et
1791 789 1807 816 δ

162 850 190 877 in
216 849 242 876 id
265 857 320 876 non
343 849 532 880 convertitur,
558 848 707 883 assumpsit
725 850 817 874 autem
841 854 953 874 carnem

1012 835 1213 872 προσλαμϐάνει
1230 846 1272 870 τις
1285 838 1315 865 οὐ
1333 839 1464 873 τρέπεται
1485 839 1525 870 είς
1537 838 1626 871 τοῦτο,
1648 838 1804 872 προσέλαϐε

161 897 304 928 Christus,
320 904 376 923 non
400 895 494 930 utique
509 895 536 922 in
554 903 665 922 carnem
686 901 836 921 conversus
853 899 904 921 est.
919 893 954 921 Et

162 951 252 970 rursus
276 950 334 969 mox
359 942 519 977 subjungens
536 942 573 968 ait
588 949 596 968 .'
613 940 723 968 Etenim
738 940 859 975 seipsum
876 939 956 968 nobis

162 988 189 1014 in
199 987 389 1022 cognationem
399 995 448 1022 per
458 994 558 1021 corpus
567 987 690 1019 donavit,
702 991 733 1013 ut
742 986 856 1014 salutem
866 986 954 1014 daret.

163 1033 249 1060 Multo
262 1037 354 1060 autem
370 1032 546 1067 praestantius
557 1036 599 1059 est
613 1031 639 1059 id
653 1032 725 1067 quod
738 1036 829 1059 servat
840 1040 873 1060 eo
884 1031 957 1067 quod

163 1083 299 1105 servatur.
313 1077 405 1112 Longe
417 1076 501 1112 igitur
512 1077 686 1111 prznstantior
696 1080 738 1104 est
749 1077 777 1104 in
785 1076 866 1104 nobis
874 1076 957 1104 etiam

165 1125 193 1150 in
213 1123 338 1158 corporis
353 1122 539 1157 susceptione.
557 1122 617 1150 Non
635 1127 708 1151 esset
721 1128 812 1150 autem
825 1127 957 1158 prwstan-

164 1170 229 1202 tior,
245 1169 266 1197 si
286 1169 312 1196 in
329 1176 440 1196 carnem
460 1173 583 1196 mutatus
600 1173 683 1196 esset.
701 1168 736 1196 Et
750 1168 830 1204 paulo
849 1173 908 1204 post
920 1169 958 1196 ita

164 1215 227 1242 dicit
241 1223 249 1242 :
263 1214 340 1248 Quod
352 1214 469 1249 simplex
482 1219 534 1246 est,
547 1222 633 1242 unum
646 1218 688 1241 est
703 1223 708 1240 :
724 1214 797 1249 quod
808 1221 874 1241 vero
884 1221 960 1240 eom-

164 1258 284 1292 positum
308 1261 368 1290 est,
399 1265 455 1284 non
470 1262 560 1292 potest
574 1265 661 1285 unum
676 1265 746 1286 esse.
776 1257 957 1284 Mutationem

165 1299 249 1335 igitur
265 1299 382 1327 allirmat
399 1301 474 1328 unici
487 1302 599 1334 Verhi‘,
618 1303 664 1337 qui
680 1302 770 1337 ipsum
788 1308 900 1328 carnem
918 1301 960 1328 fa-

170 1346 243 1366 ctum
266 1349 326 1367 esse
346 1341 424 1367 dicit.
453 1343 480 1366 δι
496 1347 559 1366 vero
572 1342 654 1366 etiam
672 1341 854 1374 compositum
873 1349 974 1368 unum‘

169 1390 221 1418 est,
239 1385 311 1412 sicut
330 1385 427 1417 homo,
452 1385 602 1412 secundum
624 1383 851 1420 compositionem
872 1392 958 1414 unum

169 1431 249 1464 dicit,
265 1432 312 1467 qui
330 1437 445 1467 propter
456 1432 586 1459 unionem
602 1440 665 1459 cum
677 1440 760 1460 carne
771 1433 849 1466 dicit,
870 1434 958 1462 «Ver-

169 1477 235 1505 bum
253 1486 317 1505 caro
341 1478 442 1505 factum
462 1481 513 1504 est.
529 1487 537 1503 )
561 1478 596 1504 Et
611 1487 702 1505 rursus
715 1483 773 1513 post
798 1488 883 1514 pauca
905 1480 960 1507 Ιιαιε

1006 881 1034 908 δὲ
1063 881 1154 917 σάρκα
1168 882 1182 910 ό
1198 883 1332 919 Χριστὸς,
1353 883 1406 919 ἄρα
1433 883 1484 910 οὐκ
1511 883 1618 919 ἐτράπη
1640 885 1680 916 εἰς
1702 884 1803 920 σάρκα.

1006 928 1060 956 Καὶ
1084 927 1180 957 πόλιν
1201 929 1294 963 εὐθὺς
1317 929 1533 956 ὲπισυνάπτων
1554 930 1643 964 φησι·
1669 930 1724 957 Καὶ
1748 929 1805 966 γὰρ

1007 974 1103 1000 ἑαυτὸν
1122 975 1191 1010 ἡμῖν
1211 976 1250 1008 εις
1268 976 1430 1010 συγγένειαν
1454 975 1600 1011 ἐχαρίσατο
1615 975 1658 1002 διὰ
1679 976 1726 1002 τοῦ
1749 973 1805 1002 σώ-

1009 1029 1110 1056 ματος,
1140 1019 1186 1049 ἴνα
1215 1021 1298 1057 σώσῃ.
1331 1021 1439 1057 Μακρῷ
1474 1021 1503 1048 δὲ
1531 1021 1642 1048 κάλλιον
1671 1021 1718 1048 τοῦ
1749 1030 1798 1049 σω-

1008 1065 1122 1100 ζομένου
1144 1066 1176 1095 τὸ
1193 1066 1279 1099 σῶζον
1295 1075 1302 1082 '
1319 1067 1415 1102 μακρῷ
1430 1066 1483 1102 ἄρα
1500 1067 1607 1094 κάλλιον
1619 1067 1698 1103 ἡμῶν
1714 1068 1761 1094 καὶ
1775 1068 1805 1094 ὲν

1007 1112 1041 1146 τῇ
1058 1111 1234 1146 σωματώσιι.
1253 1113 1310 1140 Οὐκ
1322 1114 1354 1140 ἂν
1365 1112 1392 1139 δὲ
1409 1111 1442 1148 ἦν
1457 1113 1569 1140 κάλλιον
1584 1114 1624 1145 εἰς
1637 1113 1727 1148 σάρκα
1739 1122 1805 1149 τρα-

1009 1157 1079 1187 πείς.
1101 1156 1158 1185 Kal
1180 1156 1245 1193 μετ’
1262 1158 1350 1193 ὀλίγα
1378 1158 1412 1184 δὲ
1433 1158 1510 1185 οὕτω
1532 1157 1623 1193 λέγει·
1642 1158 1678 1184 Τδ
1702 1158 1805 1185 ἁπλοῦν

1008 1202 1038 1229 ’ἐν
1057 1203 1126 1236 ἐστι,
1154 1203 1185 1230 τὸ
1207 1204 1235 1230 δὲ
1253 1203 1378 1231 σύνθετον
1406 1204 1436 1230 οὐ
1456 1203 1569 1230 δύναται
1594 1203 1623 1230 ἓν
1640 1202 1720 1231 εἶναι.
1739 1204 1806 1240 Τρο-

1009 1248 1065 1283 πὴν
1084 1246 1132 1276 οὖν
1151 1250 1189 1284 (i)
1206 1249 1280 1284 λέγει
1307 1250 1353 1276 τοῦ
1380 1249 1438 1281 ἑνὸς
1455 1249 1543 1284 Λόγου
1567 1250 1580 1276 ὁ
1596 1249 1708 1285 φάσκων
1724 1250 1806 1276 αὑτὸν

1011 1292 1100 1329 σάρκα
1121 1294 1297 1329 γεγενῆσθαι.
1317 1295 1347 1321 Et
1364 1294 1393 1321 δὲ
1411 1295 1458 1322 καὶ
1481 1294 1512 1321 τὸ
1530 1294 1655 1321 σύνθετον
1668 1295 1697 1321 ἓν
1719 1295 1804 1327 ἐστιν,

1009 1337 1102 1372 ὥσπερ
1115 1338 1271 1373 ἅνθρωπος,
1299 1340 1330 1366 τὸ
1357 1341 1428 1368 κατὰ
1451 1341 1575 1368 σύνθεσιν
1594 1340 1623 1367 ἐν
1640 1340 1714 1375 λέγει
1728 1341 1800 1373 ὸνδιιὰ

1010 1382 1058 1418 τὴν
1079 1383 1148 1418 πρὸς
1175 1383 1264 1419 σάρκα
1291 1383 1388 1411 ἕνωσιν
1409 1383 1512 1420 λέγων’
1538 1395 1548 1411 ‹
1576 1385 1606 1412 '0
1623 1386 1709 1421 Λόγος
1732 1387 1800 1423 σὰρξ

1010 1428 1127 1463 ἐγένετο.
1143 1438 1153 1455 ›
1179 1429 1234 1457 Καὶ
1254 1427 1340 1464 αὖθις
1352 1431 1428 1465 μετὰ
1445 1431 1563 1466 βραχέα
1585 1432 1635 1460 καί
1650 1432 1744 1460 ταῦτα
1759 1433 1800 1460 εἰ·

1007 1483 1094 1509 ρηκε’
1110 1475 1262 1511 Σάρκωσις,
1279 1477 1404 1510 κένωσις·
1424 1478 1442 1513 ἡ
1455 1477 1483 1504 δὶ
1497 1478 1614 1510 κένωσις
1632 1478 1682 1505 οὐκ
1697 1477 1801 1513 ἄνθρωέ

170 1523 250 1550 etiam
264 1523 325 1549 dicit
342 1531 351 1549 :
363 1523 528 1556 lncarnatio,
546 1523 697 1551 exinanitio
711 1533 718 1550 :
731 1524 882 1552 cxinanitio
895 1533 957 1553 vero

1012 1529 1074 1552 πον,
1102 1521 1170 1549 ἀλλὰ
1193 1522 1258 1548 Υιὸν
1282 1522 1427 1558 ἀνθρώπου
1458 1523 1504 1550 τὸν
1531 1523 1687 1551 κενώσαντα
1706 1525 1801 1551 ἑαυτὸν

169 1575 225 1595 non
237 1568 377 1595 hominem
390 1568 525 1604 designat,
541 1569 587 1596 sed
602 1569 700 1596 Filium
714 1570 842 1603 hominis,
856 1571 902 1606 qui
914 1579 960 1599 ex-

170 1613 286 1641 inanivit
299 1615 421 1648 seipsum
433 1614 466 1646 εί,
483 1622 537 1641 non
551 1622 601 1649 per
614 1615 807 1648 mutationem,
823 1616 870 1643 sed
886 1624 961 1644 sum-

168 1664 216 1694 pto
242 1660 413 1687 indumento.
439 1659 510 1687 Ecce
539 1660 692 1688 indumenti
721 1669 831 1696 quoque
859 1669 959 1690 nomen

169 1705 314 1739 usurpavit
329 1705 488 1740 dogmatum
505 1709 615 1732 tuorum
631 1706 738 1734 doctor.
766 1707 819 1734 Sed
839 1712 866 1735 et
883 1708 910 1735 in
925 1708 960 1736 li-

168 1750 242 1778 bello
253 1751 290 1777 De
301 1751 353 1785 ﬁde
365 1751 404 1778 sic
415 1751 537 1786 loquitur
550 1761 557 1778 :
569 1751 714 1780 Credimus
725 1753 818 1788 igitur,
832 1754 961 1781 immuta-

170 1796 220 1824 bili
234 1800 362 1824 manente
376 1796 531 1829 divinitate,
550 1797 768 1825 incarnationem
785 1799 846 1833 ejus
860 1799 959 1827 factum

169 1849 231 1870 esse
243 1842 277 1869 ad
290 1842 495 1869 renovationem
506 1842 695 1870 humanitatis.
715 1844 765 1878 71
781 1843 875 1879 Neque
886 1845 959 1871 enim

170 1888 297 1920 mutatio,
309 1892 361 1915 aut“
369 1888 522 1920 translatio,
537 1892 585 1915 aut
596 1889 714 1916 inclusio
727 1889 798 1916 facta
808 1894 851 1917 est
862 1890 961 1919 divinat

168 1932 308 1968 potentiae.
324 1948 360 1953 —-
379 1932 415 1959 Et
437 1932 519 1968 paulo
533 1937 590 1968 post
605 1940 613 1959 :
627 1932 781 1961 Adoramus
794 1933 896 1967 Deum,
911 1935 959 1970 qui

168 1985 280 2006 carnem
295 1985 329 2005 ex
342 1982 435 2005 sancta
447 1978 559 2013 Virgine
572 1979 732 2014 assumpsit,
744 1984 773 2007 et
784 1980 831 2015 qui
845 1981 960 2015 proinde

168 2023 253 2052 homo
262 2028 305 2052 est
317 2023 470 2051 secundum
481 2031 605 2055 carnem,
619 2023 691 2052 Deus
701 2029 794 2052 autem
806 2027 960 2054 secundum

168 2070 307 2105 spiritum.
334 2085 370 2090 —
391 2069 423 2096 In
446 2069 502 2096 alia
527 2078 627 2105 quoque
648 2071 811 2105 expositione
826 2073 862 2099 sic
874 2072 936 2100 dicit
949 2081 959 2100 :

168 2114 339 2142 Conﬁtemur
352 2113 451 2141 Filium
462 2113 511 2141 Dei
529 2114 627 2141 Filium
640 2115 760 2142 hominis
772 2116 873 2143 factum
886 2124 957 2150 esse,

168 2167 224 2188 non
237 2160 359 2192 nomine,
382 2159 429 2187 sed
442 2167 507 2188 vere
524 2160 691 2188 assumendo
705 2168 815 2189 carnem
827 2169 860 2189 ex
873 2162 958 2190 Maria

169 2204 291 2242 Virgine.

202 2263 306 2292 ERAN.
316 2263 376 2290 Non
388 2263 516 2298 putabam
527 2263 600 2291 hanc
609 2271 669 2291 esse
680 2263 832 2299 Apolinarii
847 2269 958 2292 senten-

168 2309 234 2339 tiam
247 2319 253 2337 :
264 2310 331 2338 alias
341 2309 414 2337 enim
427 2309 461 2337 de
474 2309 527 2337 hoc
538 2310 598 2337 viro
610 2317 790 2345 conceperam
799 2310 955 2346 opiniones.

201 2364 306 2393 ORTH.
318 2365 396 2393 Nunc
408 2365 492 2401 igitur
500 2365 631 2399 didicisti,
645 2367 720 2401 quod
730 2375 785 2394 non
793 2368 882 2395 solum
892 2375 956 2403 pro-

166 2411 256 2448 phetae
280 2415 308 2439 et
321 2412 456 2447 apostoli,
483 2415 511 2439 et
529 2413 576 2447 qui
590 2417 653 2447 post
667 2412 727 2440 illos
743 2412 878 2449 designati
891 2417 956 2441 sunt

165 2458 243 2486 orbis
262 2462 401 2486 terrarum
420 2459 548 2486 doctores
561 2478 568 2491 ,
586 2459 634 2486 sed
657 2460 741 2487 etiam
761 2459 954 2495 Apolinarius,

165 2505 214 2540 qui
235 2505 379 2533 hatreticas
397 2513 483 2541 nugas
496 2505 678 2540 conscripsit,
703 2506 901 2534 immutabilem
912 2507 954 2534 fa-

166 2555 258 2579 teatur
271 2558 332 2579 esse
345 2552 432 2579 Deum
448 2551 578 2584 Verbum,
594 2559 646 2579 nec
658 2552 686 2579 in
697 2559 808 2580 carnem
819 2557 954 2581 mutatum

165 2598 260 2631 dicat,
276 2599 323 2626 sed
341 2606 452 2626 carnem
469 2599 669 2634 assumpsisse;
687 2603 716 2626 et
728 2599 781 2626 hoc
793 2599 871 2627 abeo
884 2607 955 2636 saepe

165 2644 287 2678 dictum,
315 2649 346 2672 ut
371 2645 484 2673 audisti.
511 2645 602 2673 Nolite
621 2645 705 2681 igitur
721 2646 900 2679 contendere,
924 2651 955 2673 ut

201 2709 222 2724 θ’
242 2709 363 2743 Philipp.
379 2717 407 2741 ιι,
420 2709 446 2736 6.

201 2778 256 2815 (99)
275 2778 365 2815 ‘Ex_——
375 2777 493 2815 βιϐλίουῇ
507 2778 591 2815 Plura
597 2814 601 2815 γ
615 2779 781 2814 Apollinaris
807 2780 958 2815 fragmenta

165 2813 192 2840 in
208 2814 260 2850 hoc
271 2817 307 2850 _et
322 2813 560 2850 duobus__reliquis
576 2813 691 2850 dialogis
701 2820 766 2843 sunt
782 2813 872 2842 obvia.

201 2848 240 2882 (l)
255 2846 312 2875 οὖν.
328 2847 411 2875 Sirm.
428 2847 471 2876 ἄν.

1010 1566 1146 1602 ἀπέφηνε,
1169 1567 1241 1594 κατὰ
1258 1567 1296 1603 (2)
1312 1568 1362 1604 τὴν
1386 1568 1548 1605 περιϐολὴν,
1575 1570 1605 1596 οὐ
1629 1570 1698 1597 κατὰ
1720 1579 1802 1605 μετα-

1011 1612 1103 1647 ῦολήν.
1125 1612 1192 1639 Ἰδού
1214 1622 1255 1639 σοι
1273 1614 1319 1640 καὶ
1336 1614 1366 1640 τὺ
1381 1616 1431 1650 τῆς
1449 1615 1596 1651 περιϐολῆς
1615 1616 1700 1651 ὁνομα
1719 1623 1802 1652 προσ-

1010 1659 1138 1694 ενήνοχεν
1156 1660 1169 1686 ὁ
1192 1659 1246 1686 τῶν
1261 1659 1315 1686 σῶν
1331 1660 1473 1695 δογμάτων
1486 1661 1654 1694 διδάσκαλος.
1670 1662 1724 1688 Καὶ
1737 1662 1801 1696 μέν-

1010 1713 1051 1731 τοι
1065 1706 1115 1732 κάν
1133 1705 1171 1741 τῷ
1191 1706 1261 1740 Περὶ
1283 1707 1412 1740 πίστεως
1435 1707 1542 1742 λογιδίῳ
1562 1707 1634 1734 οὕτω
1652 1708 1736 1742 λέγει·
1753 1708 1802 1735 Πι-

1011 1751 1143 1786 στεύομεν
1162 1750 1219 1785 οὖν,
1244 1752 1423 1779 ἀναλλοιώτου
1443 1754 1576 1789 μενούσης
1599 1754 1649 1789 τῆς
1666 1754 1800 1789 θεότητος,

1010 1797 1058 1832 τὴν
1083 1797 1221 1833 σάρκωσιν
1248 1798 1333 1835 αὐτῆς
1355 1800 1521 1836 γεγενῆσθαι
1544 1801 1610 1836 πρὸς
1632 1801 1801 1828 ἀνακαίνισιν

1010 1843 1060 1878 τῆς
1073 1843 1293 1880 ἀνθρωπότητος.
1314 1845 1383 1872 Οὔτε
1402 1846 1456 1882 γὰρ
1475 1846 1628 1881 ἀλλοίωσις,
1645 1847 1707 1874 οὔτε
1721 1856 1802 1883 μεταί-

1011 1888 1129 1924 κίνησις,
1146 1889 1208 1916 οὔτε
1231 1891 1426 1927 περικλεισμὸς
1446 1892 1542 1927 γέγονε
1566 1893 1630 1929 περὶ
1650 1893 1699 1929 τὴν
1721 1894 1801 1928 ἁγίαν

1009 1935 1057 1961 τοῦ
1073 1935 1140 1962 Θεοῦ
1155 1936 1282 1972 δύναμιν.
1297 1937 1353 1965 Καὶ
1375 1938 1440 1973 μετ’
1460 1939 1548 1973 ὀλίγα
1560 1946 1567 1954 ·
1591 1939 1800 1975 Προσκννοῦμεν

1010 1979 1038 2006 δὲ
1054 1980 1119 2008 Θεὸν
1136 1981 1225 2018 σάρκα
1239 1983 1271 2009 ὲκ
1289 1983 1338 2019 τῆς
1355 1983 1435 2018 ἁγίας
1451 1983 1590 2020 Παρθένου
1603 1985 1799 2020 προσλαϐόντα,

1011 2027 1059 2053 καὶ
1075 2026 1119 2054 διὰ
1139 2028 1219 2055 τοῦτο
1236 2028 1379 2065 ἄνθρωπον
1401 2030 1450 2066 μὲν
1464 2030 1529 2057 ὄντα
1544 2030 1614 2059 κατὰ
1633 2031 1683 2066 τὴν
1701 2032 1799 2067 σάρκα,

1010 2071 1077 2099 Θεὸν
1091 2073 1118 2100 δὲ
1134 2073 1204 2101 κατὰ
1223 2073 1254 2101 τὸ
1271 2074 1391 2110 πνεῦμα.
1407 2075 1462 2103 Καὶ
1476 2076 1510 2103 ἐν
1524 2076 1610 2111 ἑτέρᾳ
1627 2077 1661 2104 δὲ
1684 2078 1799 2106 ἐκθέσει

1009 2118 1105 2152 οὕτως
1129 2119 1197 2154 ἔφη’
1227 2120 1429 2156 ὀμολογοῦμεν
1448 2121 1494 2148 τὸν
1513 2122 1576 2149 Υἰδν
1593 2123 1640 2149 τοῦ
1655 2122 1722 2150 Θεοῦ
1737 2123 1799 2151 Υιὸν

1010 2165 1154 2201 ἀνθρώπου
1176 2167 1360 2201 γεγενῆσθαι,
1378 2167 1428 2195 οὐκ
1451 2168 1579 2203 ὀνόματι,
1607 2169 1664 2196 ἀλλ’
1687 2169 1799 2206 ἀληθείᾳ.

1010 2211 1199 2247 προσλαόόντα
1213 2213 1246 2239 ὲκ
1265 2213 1375 2249 Μαρίας
1394 2214 1442 2249 τῆς
1456 2214 1595 2250 Παρθένου
1612 2216 1712 2252 σάρκα.

1045 2267 1147 2295 EPAN.
1162 2267 1218 2294 Οὐκ
1229 2268 1307 2304 ᾣμην
1316 2269 1402 2296 ταῦτα
1416 2271 1525 2305 φρονεῖν
1539 2271 1585 2298 τὸν
1603 2271 1797 2310 Ἀπολινάριοψ

1010 2313 1107 2349 ἑτέρας
1121 2313 1175 2350 γὰρ
1194 2315 1258 2350 περὶ
1275 2315 1322 2342 τοῦ
1343 2316 1438 2352 ἀνδρὸς
1455 2316 1526 2352 εἶχον
1545 2318 1633 2352 δόξας.

1037 2370 1112 2397 υΡΘ.
1122 2370 1502 2407 Ἰδοὺτοίνυνιμεμάθηκας,ὡς
1508 2374 1538 2400 οὐ
1548 2374 1627 2409 μόνον
1632 2375 1656 2401 οἱ
1665 2375 1799 2411 προφῆται

1010 2415 1057 2441 καὶ
1072 2414 1224 2447 ἀπόστολοι,
1240 2415 1287 2442 καὶ
1295 2416 1320 2442 ol.
1334 2417 1392 2451 μετ’
1403 2417 1502 2450 αὐτοὺς
1510 2419 1745 2454 χειροτονηθέντες
1752 2421 1799 2454 τῆς

1009 2460 1171 2496 οἰκουμένης
1185 2460 1348 2493 διδάσκαλοι,
1364 2462 1431 2489 ἀλλὰ
1446 2464 1493 2490 καὶ
1507 2464 1702 2500 Ἀπολινάριος.
1713 2466 1727 2492 ὁ
1739 2466 1798 2496 τοὺς

1004 2505 1159 2541 αἱρετικοὺς
1167 2506 1322 2542 φληνάφους
1331 2508 1503 2543 συγγράψας,
1513 2510 1559 2535 καὶ
1567 2509 1598 2536 ἇτ
1604 2518 1700 2545 ρεπτον
1708 2511 1799 2546 ὁμολο-

1004 2553 1048 2586 γεῖ
1057 2551 1103 2578 τὸν
1110 2551 1177 2578 Θεδν
1185 2552 1282 2587 Λόγον,
1291 2554 1338 2580 καὶ
1344 2554 1394 2580 οὐκ
1400 2555 1439 2586 εὶς
1451 2555 1541 2590 σάρκα
1548 2555 1698 2591 τετράφθαι
1707 2564 1743 2592 φη
1747 2556 1797 2587 civ.

1005 2597 1072 2624 ἀλλὰ
1087 2599 1176 2634 σάρκα
1186 2598 1371 2634 ἀνειληφέναι·
1384 2600 1430 2626 καὶ
1443 2600 1520 2627 τοῦτο
1534 2601 1664 2634 πολλάκις
1673 2600 1798 2635 diremti);

1006 2644 1126 2680 ἀκήκοας
1142 2644 1190 2680 (5).
1207 2644 1253 2680 Μὴ
1269 2644 1358 2671 τοίνυν
1368 2645 1526 2682 ἀποκρύψαι
1536 2648 1568 2682 τῇ
1582 2647 1741 2683 βλασφημίᾳ
1756 2655 1797 2683 φι-

1102 2781 1250 2818 κατάὶνΕό.
1266 2782 1344 2809 Rom.
1363 2788 1391 2810 et
1407 2782 1482 2818 Lips.
1502 2783 1580 2818 μετά.

1102 2781 1181 2808 κατά.
1201 2781 1250 2809 Ed.
1266 2782 1344 2809 Rom.
1363 2788 1391 2810 et
1407 2782 1482 2818 Lips.
1502 2783 1580 2818 μετά.

1047 2781 1086 2853 gi
1105 2818 1150 2845 ἀκ.
1168 2816 1252 2845 Sirm.
1267 2818 1415 2852 ἀκηκόατε,
1433 2823 1461 2846 et
1475 2819 1574 2846 deinde
1588 2818 1794 2855 φιλονεικήσεττ.
