1953 3055
135 155 188 188 105

135 211 298 246 Αονεικήσῃς
315 209 361 236 τὸν
377 207 547 235 διδὰσκαλον.
564 215 572 231 ι
595 205 652 232 Οὐκ
667 204 724 231 ἐστι
738 203 792 239 γὰρ
806 203 930 239 μαθητὴς
947 207 966 234 Α

134 257 208 292 ὑπὲρ
220 256 266 283 τὸν
281 254 450 286 διδάσκαλον,
473 262 483 278 ι
507 253 521 279 ὁ
536 251 639 287 Κύριος
654 250 716 286 ἔφη.

173 344 278 372 ΕΡᾹΝ.
304 341 445 378 Ὀμολογῶ
467 339 545 374 κάγὼ
555 359 562 370 ,
590 337 638 365 καὶ
652 337 788 375 ἄτρεπτον
801 335 871 364 εἶναι
885 337 930 364 τὸν

136 391 207 418 Θεὸν
220 390 306 424 Λόγον
323 388 370 415 καὶ
391 388 480 422 σάρκα
500 384 685 420 ἀνειληφέναι.
704 383 741 410 Τὸ
755 383 810 418 γὰρ
836 383 931 409 τοσού-

137 445 197 469 τοις
213 436 347 472 μάρτυσιν
365 432 535 464 ἀντιτείνειν,
551 429 745 465 παραπληξίας
765 429 892 464 ἐσχάτης.

176 532 253 560 ΟΡΘ.
271 531 350 558 Δοκεῖ
375 529 466 556 τοίνυν
488 527 536 554 καὶ
556 525 612 553 τῶν
639 524 741 552 λοιπῶν
764 523 932 560 ζητημάτων

138 576 271 613 γενέσθαι
282 575 330 611 τὴν
341 575 418 602 λύσιν
428 582 435 607 ;

175 622 279 650 EPAN.
301 622 349 652 Εἰς
372 620 421 656 τὴν
440 618 588 654 ὑστεραίαν
603 616 655 652 τὴν
668 616 771 644 τούτων
793 615 933 642 ἀναϐαλώ-

139 669 214 704 μεθα
240 668 278 703 (ι)
295 667 421 702 βάσανον.
863 684 868 689 ,

176 713 253 741 οΡΘ.
289 713 428 747 Ἀπίωμεν
459 710 549 737 τοίνυν
566 709 743 740 διαλύσαντες
767 707 817 741 τὴν
837 715 932 733 συνου-

139 761 215 792 σίαν,
235 759 283 786 καὶ
300 756 337 785 ὧν
352 757 571 794 ὡμολογήσαμεν
589 753 833 791 μνημονεύσωμεν.

949 746 968 772 Β

840 850 991 857 .——

140 860 217 868 .—

673 148 862 179 DIALOGUS
881 148 921 178 Ιῐ.
951 162 976 166 -
994 149 1242 180 INCONFUSUS.

642 924 1276 996 ΑΣΥΓΧΥΤΟΣ.

1722 145 1772 179 106

982 204 1123 232 doctorem
1146 208 1269 231 vestrum
1302 200 1480 236 blasphemia:
1505 200 1621 228 vocibus
1642 200 1770 229 vincatis.

985 260 994 275 ι
1006 250 1066 278 Non
1090 254 1132 278 est
1148 250 1223 278 enim
1249 249 1403 283 discipulus
1423 255 1506 282 supra
1531 247 1693 282 magistrum
1707 247 1740 279 ⁸⁸,
1758 257 1767 273 ι

981 296 1021 323 ait
1037 297 1180 323 Dominus.

1015 340 1120 367 ERAN.
1150 340 1207 375 Ego
1229 347 1338 374 quoque
1359 337 1502 369 conﬁteor.
1527 342 1556 364 et
1573 337 1772 365 immutabilem

980 394 1040 413 esse
1063 386 1149 413 Deum
1172 386 1293 414 Verbum
1305 405 1312 417 ,
1337 389 1365 412 et
1385 392 1495 412 carnem
1510 383 1702 418 assumpsisse.
1721 384 1773 411 Tot

980 431 1054 458 enim
1075 439 1106 458 ac
1123 432 1206 458 tantis
1220 431 1337 458 testibus
1349 438 1503 465 repugnare
1519 435 1651 457 extrema:
1663 435 1706 457 est
1721 430 1772 457 de-

981 477 1102 504 montim.

1018 523 1122 550 ORTH.
1143 523 1192 550 Vis
1202 522 1286 550 etiam
1300 525 1332 549 ut
1343 521 1512 556 reliquarum
1524 520 1709 556 quaestionum
1724 529 1773 548 ex-

983 569 1161 605 plicationem
1172 567 1334 595 ordiamur?

1019 614 1122 642 ERAN.
1143 615 1174 641 In
1195 613 1350 641 crastinum
1371 612 1445 640 diem
1469 612 1567 639 harum
1587 618 1702 639 examen
1720 612 1775 639 dif-

983 661 1115 689 feramus.

1016 705 1122 732 ORTH.
1148 703 1328 731 Discedamus
1348 702 1434 738 igitur
1459 702 1551 729 soluto
1565 708 1730 737 congressu,
1748 705 1776 728 et

983 759 1080 779 eorum
1092 751 1126 778 de
1137 750 1240 786 quibus
1252 749 1443 778 consensimus
1457 748 1650 776 recordemur.

1541 845 1765 852 .——.—.———

767 1048 1042 1092 ΔΙΛΛΟΓΟΣ
1075 1045 1126 1088 Β’.

707 1139 901 1167 ΕΡΑΝῘΣΤΗΣ
917 1139 977 1165 ΚΑΙ
994 1137 1198 1166 οΡΘυΔΟΞυΣ.

648 1307 1262 1374 INCONFUSUS.

757 1434 1053 1481 DIALOGUS
1092 1435 1156 1478 II.

610 1533 885 1565 ERANISTES
918 1532 976 1562 ΕΤ

183 1700 391 1732 ΕΡᾹΝΙΣἸἩΣ.
410 1698 482 1733 Ἐγὼ
494 1698 544 1733 μὲν
557 1696 697 1731 ἀφικόμην
712 1695 749 1726 ὡς
766 1694 935 1730 ὑπεσχόμην·
952 1696 972 1724 C

148 1751 180 1777 σὲ
196 1749 226 1776 δὲ
244 1748 296 1784 χρὴ
318 1747 390 1774 δυοῖν
410 1745 524 1780 θάτερον
551 1742 661 1777 δράσαι,
688 1741 705 1776 ἢ
726 1741 762 1767 τὰ
786 1740 941 1776 ζητούμενα

143 1795 240 1826 λύσαι,
258 1794 275 1828 ἢ
289 1793 344 1823 τοῖς
360 1791 425 1826 παρ’
448 1789 528 1826 ἡμῶν
550 1787 707 1822 λεγομένοις
731 1786 885 1813 συνθέσθαι.

185 1881 392 1910 ΟΡΘΟΔΟΞΟΣ.
406 1878 555 1914 Ἐδεξάμην
565 1877 614 1912 τὴν
622 1876 781 1912 πρόκλησιν·
797 1876 879 1911 ὀρθὴν
886 1876 940 1910 γὰρ

149 1929 240 1964 αὐτὴν
249 1928 297 1955 καὶ
310 1927 419 1954 δικαίαν
433 1925 582 1960 ὑπείληφα.
590 1924 636 1950 Δεῖ
643 1923 670 1950 δὲ
679 1923 752 1958 ἡμᾶς
766 1922 941 1957 ἀναμνησθῆ-

149 1985 195 2003 ναι
223 1974 367 2010 πρότερον,
391 1973 438 1998 ποῖ
453 1971 492 2007 (5)
516 1969 713 2003 κατελείπομεν
731 1969 763 2003 τῇ
790 1967 942 2003 προτεραίᾳ

148 2022 197 2049 τὸν
213 2021 305 2055 λόγον,
321 2019 369 2046 καὶ
388 2019 464 2044 ποῖον
478 2018 558 2052 ἔσχεν
582 2017 599 2051 ἡ
617 2014 735 2046 διάλεξις
755 2013 851 2049 πέρας.

187 2066 291 2095 ΕΡΑΝ.
314 2064 385 2099 Ἐγὼ
402 2063 450 2091 τοῦ
467 2063 585 2098 πέρατος
603 2060 763 2096 ἀναμνήσω.
789 2059 941 2095 Μέμνημαι

149 2112 205 2147 γὰρ
218 2111 256 2142 ὡς
272 2108 548 2144 συνωμολογήσαμεν,
564 2105 698 2140 ἄτρεπτον
713 2104 803 2139 μεῖναι
815 2103 860 2130 τὸν
875 2103 941 2130 Θεὸν

150 2158 249 2190 Λόγον,
274 2155 322 2182 καὶ
339 2153 428 2189 σάρκα
449 2151 607 2186 εἰληφέναι,
624 2149 675 2176 οὐκ
692 2148 774 2175 αὑτδν
795 2149 835 2180 εἰς
851 2147 941 2183 σάρκα

151 2202 301 2238 τραπῆναι.

186 2246 264 2274 ΟΡΘ.
287 2245 399 2276 Ἔοικας
420 2242 544 2279 στέργειν
557 2242 592 2268 τὰ
610 2241 768 2275 δεδογμένα·
785 2239 941 2275 φιλαλήθως

151 2292 207 2327 γὰρ
222 2290 325 2317 τούτων
340 2289 386 2316 ἀνέ
390 2296 504 2324 μνησας.

138 2340 140 2354 ⁵
187 2335 292 2364 ΕΡΔΝ.
310 2333 366 2362 Καὶ
384 2333 433 2368 ἠδη
459 2332 590 2368 πρότερον
609 2330 687 2365 ἔφην,
702 2329 739 2361 ὡς
768 2329 782 2355 ὁ
804 2328 942 2360 τοσούτοις

152 2382 311 2411 ἀντιτείνων
340 2380 387 2407 καὶ
407 2378 537 2410 τοιούτοις
554 2376 735 2407 διδασκάλοις,
753 2374 940 2410 ἐναργέστατα
958 2366 978 2392 ί)

154 2429 287 2465 μέμηνεν·
304 2426 354 2461 οὺχ
371 2425 472 2460 ἥκιστα
490 2423 519 2450 δέ
542 2431 576 2458 με
590 2421 738 2457 κατῄδεσεν
757 2419 942 2454 ’Δπολινάριος

152 2464 242 2501 ταύτὰ
262 2473 320 2503 τοῖς
341 2469 492 2506 ὀρθοδόξοις
512 2467 609 2500 εἰπὼν,
632 2466 723 2493 καίτοι
752 2464 899 2499 προφανῶς
913 2465 943 2490 ὲν

149 2521 211 2551 τοῖς
226 2518 290 2552 περὶ
314 2515 480 2552 σαρκώσεως
493 2515 583 2549 λόγοις
605 2511 731 2539 ἐναντίαν
745 2509 858 2541 ὁδεύσας
873 2510 941 2536 ὁδόν.

190 2564 268 2592 ΟΡΘ.
283 2563 340 2590 Οὐκ
359 2559 406 2589 οὖν
428 2561 517 2597 σάρκα
529 2561 574 2588 τὸν
587 2558 653 2585 Θεὺν
670 2557 755 2590 Λόγον
767 2555 942 2590 ἀνειληφέναι

194 2739 212 2754 ⁶¹
231 2736 325 2764 Matth.
336 2743 363 2768 Χ,
374 2735 421 2762 24.

191 2816 231 2880 μ)
250 2814 328 2842 ἁναϐ.
344 2814 386 2841 lla
401 2812 444 2840 ed.
466 2811 544 2838 Rom.
564 2813 591 2837 et
612 2808 687 2843 Lips.
710 2808 791 2837 Sirm.
806 2807 936 2835 ἀναῦαλό-

209 2862 239 2880 τι.

156 2862 239 2889 μετα.

275 2900 402 2928 ΡΑτιιοι.
435 2895 493 2924 Gn.
519 2891 679 2922 LXXXIII.

1008 1531 1336 1562 ORTHODOXUS.

1025 1693 1078 1728 72
1091 1690 1369 1726 ERANISTES.'Ego
1380 1690 1492 1726 quidem
1504 1691 1579 1722 veni,
1597 1695 1628 1718 ut
1644 1691 1756 1726 promisi
1771 1700 1777 1718 :

992 1743 1018 1766 te
1045 1746 1112 1765 vero
1133 1737 1252 1764 duorum
1278 1737 1394 1764 alterum
1408 1736 1498 1763 facere
1509 1741 1629 1771 oportet,
1648 1742 1677 1764 ut
1690 1739 1732 1765 vel
1746 1738 1778 1765 ad

992 1784 1106 1818 quaesita
1121 1782 1298 1817 respondeas,
1320 1782 1362 1809 vel
1381 1782 1414 1809 iis
1428 1790 1488 1816 quae
1511 1790 1525 1809 a
1546 1783 1626 1810 nobis
1641 1783 1778 1816 dicentur,

991 1829 1153 1871 assentiare.

1036 1873 1280 1901 ORTHODOXL'S.
1289 1872 1403 1907 Accipio
1411 1874 1635 1908 provocationem
1653 1882 1659 1900 :
1677 1878 1779 1901 rectam

992 1927 1024 1946 ac
1045 1919 1146 1954 justam
1162 1926 1224 1946 esse
1250 1918 1381 1946 arbitror.
1411 1918 1464 1946 Sed
1487 1923 1596 1953 oportet
1621 1927 1671 1946 nos
1687 1920 1780 1947 animo

991 1965 1069 2000 prius
1085 1968 1219 1998 repetere,
1233 1963 1281 1990 ubi
1297 1963 1428 1991 hesterno
1442 1963 1488 1990 die
1498 1971 1652 1990 sermonem
1663 1964 1779 1999 abrupe-

992 2010 1090 2041 rimus,
1107 2013 1136 2036 et
1151 2016 1234 2043 quem
1248 2008 1330 2036 linem
1347 2008 1478 2036 habuerit
1489 2008 1649 2043 disputatio.

1028 2055 1132 2083 ERAN.
1160 2055 1218 2089 Ego
1232 2054 1314 2082 ﬁnem
1339 2054 1367 2081 in
1383 2054 1544 2082 memoriam
1571 2054 1620 2081 tibi
1633 2055 1777 2082 revocabo.

992 2101 1103 2129 Memini
1116 2099 1188 2127 enim
1210 2099 1372 2127 convenisse
1386 2099 1460 2128 inter
1471 2108 1522 2127 nos
1532 2121 1538 2131 ,
1557 2101 1643 2127 Deum
1657 2100 1778 2128 Verbum

992 2146 1192 2174 immutabilem
1208 2145 1352 2177 mansisse,
1376 2149 1404 2172 et
1423 2153 1534 2173 carnem
1550 2146 1710 2181 sumpsisse,
1728 2155 1779 2175 nec

993 2192 1082 2227 ipsum
1098 2192 1125 2219 in
1139 2199 1249 2219 carnem
1263 2198 1426 2219 conversum
1442 2199 1514 2219 esse.

1028 2237 1132 2265 OBTH.
1151 2236 1260 2265 Videris
1272 2237 1448 2272 acquiescere
1459 2237 1486 2264 in
1499 2237 1532 2264 iis
1543 2245 1604 2272 quae
1615 2238 1730 2265 edoctus
1737 2246 1778 2270 es,

993 2291 1054 2318 quae
1066 2290 1130 2310 vere
1146 2290 1178 2310 ac
1193 2282 1313 2310 ﬁdeliter
1327 2283 1562 2310 commemorasti.
1618 2313 1621 2315 ἓ

1029 2329 1132 2356 ERAN.
1150 2328 1209 2356 Jam
1229 2332 1292 2356 ante
1310 2328 1378 2360 dixi,
1400 2336 1464 2355 eum
1477 2328 1523 2363 qui
1537 2332 1577 2356 tot
1589 2336 1621 2355 ac
1636 2328 1718 2355 tantis
1729 2329 1778 2356 do-

993 2374 1117 2402 ctoribus
1139 2379 1285 2409 repugnet.
1310 2374 1483 2408 apertissime
1503 2373 1634 2400 insanire.
1657 2373 1698 2400 Me
1712 2381 1779 2400 vero

991 2428 1046 2447 non
1053 2427 1149 2455 parum
1159 2420 1295 2454 permovit
1302 2419 1488 2454 Apollinarius
1497 2417 1593 2445 eadem
1603 2417 1706 2445 docens
1715 2425 1778 2445 eum

992 2464 1163 2496 orthodoxis,
1188 2465 1296 2491 tametsi
1314 2464 1341 2491 in
1357 2464 1438 2491 libris
1457 2463 1491 2490 de
1504 2462 1692 2490 incarnatione
1712 2471 1779 2490 con-

993 2510 1077 2537 traria
1086 2509 1134 2537 -via
1150 2509 1303 2536 incesserit.

1029 2554 1134 2582 ORTH.
1155 2554 1240 2582 Deum
1255 2562 1322 2589 ergo
1335 2555 1455 2582 Verbum
1474 2562 1584 2582 carnem
1600 2555 1780 2588 assumpsisse

997 2599 1134 2628 dicimus?

1032 2645 1084 2680 73
1100 2644 1201 2672 ERAN.
1219 2644 1347 2671 Omnino.

1718 2686 1722 2707 l

1782 2727 1809 2745 la

1017 2805 1063 2846 _(£i)
1082 2806 1135 2832 ποῖ.
1157 2804 1195 2831 lta
1214 2803 1258 2832 ed.
1274 2802 1352 2831 llom.
1366 2807 1392 2831 et
1410 2800 1484 2838 Lips.
1506 2802 1600 2829 Recte.
1619 2800 1781 2829 Sirmondus

994 2849 1045 2876 πη.

1626 2883 1643 2912 4
