1953 3055
156 180 204 212 1οἾ

658 165 901 199 TIlEODURE’l‘I
923 163 1093 193 EPISCOPI
1114 163 1296 192 CYRENSIS

1743 159 1794 192 108

189 233 294 262 ORTll.
309 231 426 259 Carnem
452 233 543 255 autent
559 225 624 261 quid
644 222 841 258 intelligimus?
861 220 949 247 solum

1037 220 1112 247 ΟΡΘ.
1130 219 1185 255 Τὴν
1204 220 1232 246 δὲ
1248 219 1338 255 σάρκα
1355 219 1381 245 τί
1396 219 1530 254 νοοῦμεν;
1549 217 1628 253 σῶμα
1650 217 1742 252 μόνον,
1756 217 1794 248 ὡς

156 287 268 316 corpus,
283 283 312 305 ut
324 277 389 305 Ario
404 280 430 302 et
441 273 577 302 Eunomio
589 272 677 299 visum
695 274 747 301 est,
761 277 794 295 an
807 275 908 302 corpus
921 270 948 293 et

157 325 298 354 animant?

192 371 306 400 ’EltAN.
322 370 430 403 Corpus
444 371 472 393 ct
487 365 617 392 animam.

192 416 296 446 OR'l'll.
307 415 418 448 Qualem
430 411 570 440 animam?
582 409 754 439 rationalem,
769 414 803 433 an
816 412 876 431 eam
890 411 950 438 quae

157 474 172 492 τι
188 461 328 491 nonnullis
349 458 502 494 vegetativa
528 464 576 484 seu
594 454 686 482 vitalis
704 451 878 488 appellatur?
894 450 948 477 (lo—

157 513 224 546 gunt
236 507 310 536 enim
325 514 375 534 nos
390 513 446 532 non
467 502 624 531 necessaria
638 507 762 536 quaerere
783 497 949 532 scriptorum

158 552 309 589 Apolinarii
323 551 447 578 fabulosa
459 548 566 575 deliria.

193 580 297 627 EltAN.
325 596 437 624 Adeone
467 591 645 628 Apolinarius
675 589 824 617 discrimen
857 580 953 614 statuit

158 641 334 673 animarum?

193 688 299 718 ORTII.
316 687 355 714 Ex
373 685 462 713 tribus
477 683 545 710 dicit
570 680 754 716 compositum
778 687 836 706 esse
863 677 953 705 homi-

159 744 232 767 nem,
246 743 280 762 ex
295 739 421 767 corpore,
439 734 468 757 et
496 729 588 756 anima
603 727 689 759 vitali,
720 731 747 753 ct
763 734 796 753 ex
824 723 954 752 rationali

159 788 263 812 rursus,
280 785 362 814 qualn
376 780 495 804 mentem
515 774 644 809 appellat.
663 772 760 799 Divina
780 777 847 798 vero
880 769 955 796 Scri-

159 832 239 862 ptura
255 832 335 852 unam
351 822 486 858 agnoscit,
496 827 551 847 non
559 820 626 846 duas
640 818 746 845 animas
757 825 764 843 :
774 815 848 851 quod
862 818 956 850 aperte

159 861 209 900 nos
221 871 302 899 docet
317 869 399 905 primi
411 865 533 894 hominis
547 864 687 892 formatio.
703 873 711 889 ‹
727 861 851 896 Sumpsit
865 861 952 891 enim,

1007 266 1106 301 Ἀρείῳ
1122 266 1170 292 καὶ
1184 265 1309 300 Εὑνομίῳ
1321 264 1404 297 δοκεῖ,
1421 264 1437 300 ἢ
1451 263 1533 298 σῶμα
1548 263 1595 290 καὶ
1611 262 1718 298 ψυχήν;

1037 355 1139 381 ΕΡΛΝ.
1153 354 1238 390 Σῶμα
1253 355 1302 381 καὶ
1319 354 1422 390 ψυχήν.

1012 406 1014 408 ’
1038 401 1113 428 ΟΡΘ.
1130 401 1214 427 Ποίαν
1234 400 1343 436 ψυχήν;
1359 400 1408 436 τὴν
1421 399 1573 436 λογικὴν,ἦ
1591 399 1641 435 τὴν
1661 399 1738 434 παρά
1756 407 1798 426 τι.

1002 456 1055 474 νων
1070 446 1185 482 φυτικὴν
1201 447 1284 482 ἦγουν
1296 446 1417 482 ζωτικὴν
1433 445 1472 481 (6)
1488 445 1676 481 καλουμένην;
1700 445 1798 478 Ἀναγ-

1003 493 1082 525 κάζει
1097 493 1154 529 γὰρ
1175 494 1249 528 ἡμᾶς
1270 493 1377 528 ἐρωτᾷν
1392 492 1409 519 ἃ
1425 492 1463 527 μὴ
1474 492 1516 519 δεῖ
1533 491 1588 518 τῶν
1609 491 1799 527 Ἀπολιναρίου

1004 539 1229 574 συγγραμμάτων
1244 539 1260 573 ή
1276 537 1403 573 μυθώδης
1413 537 1550 574 τερθρεία.

1040 585 1143 612 ΕΡΑΝ.
1167 584 1356 619 Ἄπολινάριος
1373 583 1427 619 γὰρ
1450 583 1583 619 διαφορὰν
1598 583 1671 617 λέγει
1686 582 1798 618 ψυχῶν;

1041 675 1116 701 ΟΡΘ.
1140 674 1188 700 Ἐκ
1210 673 1294 709 τριῶν
1308 673 1469 708 συγκεῖσθαι
1487 673 1562 707 λέγει
1581 672 1628 700 τὸν
1640 672 1798 708 ἄνθρωπον,

1006 722 1038 747 ὲκ
1056 720 1192 756 σώματος,
1208 720 1254 746 καί
1269 719 1357 755 ψυχῆς
1373 720 1422 755 τῆς
1438 719 1568 755 ζωτικῆς,
1584 719 1631 746 καὶ
1655 717 1688 746 αὖ
1719 719 1800 746 πάλιν

1006 767 1038 792 ἐκ
1053 766 1102 801 τῆς
1117 764 1242 799 λογικῆς,
1255 765 1288 800 ἣν
1317 764 1380 791 νοῦν
1404 765 1623 801 προσαγορεύειε
1640 765 1673 791 'H
1689 763 1717 791 δὲ
1739 765 1800 791 θεία

1006 799 1103 847 Γραιρὴ
1119 811 1184 846 μίαν
1198 807 1278 842 οἶδεν,
1291 810 1320 837 οὐ
1339 810 1385 837 δύο
1396 799 1500 845 ψυχάς“
1519 799 1566 837 καὶ
1584 799 1664 837 τοῦτο
1680 810 1800 838 διδάσκει

1009 857 1103 891 σαφῶς
1124 857 1197 892 ἡμεῖς
1218 857 1234 892 ή
1259 855 1305 882 τοῦ
1333 856 1442 892 πρώτου
1468 856 1614 892 ἀνθρώπου
1641 856 1799 889 διάπλασις.

160 918 258 952 inquit,
275 917 348 943 Deus
358 914 500 950 pulverem
524 916 614 943 terrae,
627 913 654 936 et
665 907 954 939 formavithominem,

1033 902 1220 952 "Fide-7&9,
1236 903 1329 938 φησιν,
1344 902 1358 928 ὁ
1377 901 1443 934 Θεὸς
1457 902 1522 937 χοῦν
1542 902 1596 929 ἀπὸ
1613 902 1663 938 τῆς
1674 903 1736 938 γῆς,
1754 901 1800 929 καὶ

159 968 187 991 et
203 961 349 997 inspiravit
379 960 408 986 in
432 958 531 986 faciem
542 957 602 992 ejus
621 954 790 990 spiraculum
816 952 901 984 vitae,
928 955 956 978 et

160 1009 249 1036 factus
263 1011 306 1034 est
319 1007 401 1033 homo
410 1003 501 1032 anima
512 1002 609 1029 vivens
621 1000 695 1026 ""3.
715 1009 723 1025 ν
744 998 877 1026 Dominus
885 1003 956 1031 quo-

160 1062 213 1090 que
240 1053 269 1080 in
293 1049 444 1085 Evangelio
469 1047 574 1075 sanctis
604 1044 749 1079 discipulis
772 1043 860 1070 dicit:
881 1051 889 1066 ι
917 1041 956 1068 Ne

161 1088 280 1125 timeatis
296 1103 344 1122 eos
359 1094 407 1129 qui
433 1092 565 1120 occidunt
586 1097 699 1124 corpus,
718 1088 838 1115 animam
865 1091 956 1113 autem

161 1151 216 1170 non
229 1144 344 1178 possunt
367 1138 495 1166 occidere
514 1146 520 1164 :
539 1135 626 1171 magis
647 1139 739 1162 autem
763 1134 857 1160 timete
881 1138 956 1162 cum,

161 1188 208 1224 qui
221 1175 322 1221 corpus
333 1183 489 1212 etanimam
501 1185 592 1216 potest
606 1179 722 1215 perdere
735 1178 762 1204 in
775 1175 954 1212 gehenna“.»

162 1220 196 1262 ἐι
210 1220 399 1260 divinissimus
412 1228 509 1259 Moses,
520 1225 658 1253 recensito
672 1231 788 1250 numero
800 1229 896 1249 eorum
908 1220 957 1255 qui

163 1279 190 1305 in
210 1277 356 1312 Algyptum
382 1273 595 1303 descenderant,
613 1274 716 1298 etcum
738 1268 841 1303 quibus
857 1265 958 1301 singuli

163 1323 303 1360 principes
329 1320 498 1348 familiarum
531 1316 648 1352 ingressi
683 1318 797 1346 essent,
827 1312 957 1340 addidit:

166 1358 175 1395 ι
192 1369 293 1397 Omnes
306 1367 414 1398 animae,
429 1372 490 1400 qua:
509 1364 640 1398 ingressa:
657 1364 724 1388 sunt
747 1359 774 1386 in
799 1358 958 1394 dig-ptum,

163 1415 335 1452 septuaginta
345 1413 468 1448 quinque
482 1410 517 1443 ",
530 1420 538 1435 ι
560 1416 643 1436 unam
658 1407 792 1442 cujusque
824 1405 961 1440 ingresso-

163 1449 224 1490 ruin
252 1449 404 1488 numerans
432 1457 551 1485 animam
581 1475 587 1481 .
614 1454 649 1482 Et
675 1452 785 1480 divinus
811 1449 962 1485 Apostolus

168 1507 281 1539 Troade,
296 1505 351 1542 7E.
364 1511 426 1532 cum
448 1509 545 1530 omnes
562 1500 718 1535 Eutychum
743 1504 805 1525 esse
819 1499 960 1523 mortuum

165 1540 307 1588 putarent,
335 1549 428 1576 dixit:
450 1557 459 1572 ‹
475 1547 566 1574 Nolite
602 1543 709 1572 turbari
727 1563 735 1578 ,
773 1541 863 1569 anima
886 1540 960 1568 enim

165 1598 224 1632 ejus
235 1597 264 1623 in
277 1596 336 1630 ipso
349 1597 392 1621 est
405 1593 439 1618 °°.
456 1602 465 1617 ι

199 1683 303 1710 ERAN.
314 1682 466 1710 Evidenter
477 1680 697 1707 demonstratum
712 1683 766 1710 est,
779 1682 962 1711 unumquem-

167 1738 222 1768 que
235 1729 378 1758 hominem
392 1727 502 1755 unicam
517 1726 639 1753 animam
651 1725 767 1752 habere.

200 1776 306 1805 ORTll.
321 1775 375 1802 Sed
390 1773 579 1808 Apollinarius
595 1772 665 1799 duas
682 1771 761 1803 dicit,
774 1774 802 1797 et
813 1776 875 1796 eam
900 1775 962 1803 qua

166 1830 265 1859 expers
282 1827 324 1850 est
341 1820 458 1848 rationis
477 1827 492 1846 a
510 1819 567 1846 Deo
592 1818 681 1845 Verbo
707 1821 895 1850 assumptum;
912 1821 963 1849 pro

166 1856 306 1898 ea-autem
321 1875 381 1902 qua:
396 1865 541 1894 rationalis
552 1868 604 1895 est,
621 1864 713 1898 ipsum
726 1862 755 1890 in
767 1868 850 1889 carne
864 1856 961 1887 misse.

167 1915 230 1944 ideo
241 1913 538 1948 interrogavi,ecquam
551 1910 627 1938 dicas
641 1909 761 1937 animam
769 1915 832 1936 cum
845 1913 963 1941 corpore

167 1964 336 1996 assumptam
352 1959 450 1986 fuisse.

201 2006 305 2034 ERAN.
333 2004 505 2032 Rationalem
520 2010 571 2038 ego
586 2001 649 2029 dico
665 2011 673 2029 ς
694 2000 817 2029 divinam
831 2001 905 2028 enim
920 2008 964 2027 se-

167 2061 238 2090 quor
252 2052 434 2086 Scripturam.

202 2097 307 2126 ORTll.
339 2096 493 2124 Perfectam
514 2101 580 2129 ergo
606 2093 726 2121 dicimus
747 2100 764 2120 ο
793 2093 849 2120 Deo
872 2092 963 2121 Verbo

168 2148 336 2178 assumptam
347 2141 420 2169 servi
436 2141 553 2168 formam
563 2140 574 2166 ‘l

204 2189 307 2217 ERAN.
320 2187 484 2216 Perfectum.

1006 947 1108 975 ἔπλασε
1118 947 1163 975 τόν
1171 947 1323 982 ἄνθρωπον,
1334 947 1380 974 καὶ
1389 947 1556 983 ἐνεφύσησεν
1563 947 1602 979 εἰς
1612 947 1643 973 τὸ
1655 947 1801 983 πρόσωπον

1006 994 1089 1021 αὑτοῦ
1107 994 1192 1029 πνοὴν
1209 993 1293 1029 ζωῆς,
1307 993 1355 1021 καὶ
1371 993 1481 1028 ἐγένετο
1500 994 1514 1020 ὁ
1528 993 1671 1029 ἄνθρωπος
1690 994 1731 1026 εἰς
1748 994 1801 1028 ψυ-

1007 1040 1057 1076 χὴν
1082 1039 1183 1072 ζῶσαν.
1197 1049 1206 1066 ι
1229 1040 1283 1066 Καὶ
1306 1039 1398 1074 μέντοι
1413 1039 1461 1066 καὶ
1476 1039 1505 1066 ὲν
1525 1041 1582 1072 τοῖς
1599 1040 1775 1074 Εὐαγγελίοις
1787 1041 1802 1067 6

1007 1086 1111 1121 Κύριος
1126 1087 1183 1118 τοῖς
1199 1086 1289 1120 ἁγίοις
1306 1085 1401 1120 εἴρηκε
1421 1085 1571 1120 μαθηταῖς·
1593 1085 1658 1121 «Μὴ
1676 1085 1802 1120 φοϐεῖσθε

1008 1133 1062 1160 ἀπὸ
1082 1132 1137 1160 τῶν
1159 1132 1374 1160 ἀποκτεινόντων
1392 1132 1422 1159 τὸ
1440 1132 1529 1167 σῶμα,
1547 1133 1597 1168 τὴν
1615 1133 1644 1159 δὲ
1661 1132 1751 1168 ψυχὴν
1765 1133 1802 1168 μὴ

1007 1178 1166 1214 δυναμένων
1187 1179 1363 1205 ἀποκτεῖναι·
1379 1178 1519 1214 φοϐήθητε
1536 1178 1564 1205 δὲ
1580 1178 1681 1214 μᾶλλον
1693 1178 1738 1205 τὸν
1755 1180 1803 1206 καὶ.

1009 1225 1040 1252 τὸ
1070 1225 1149 1260 σῶμα
1177 1225 1222 1252 καὶ
1250 1225 1299 1260 τὴν
1315 1224 1406 1260 ψυχὴν
1432 1224 1564 1251 ἀπολέσαι
1595 1225 1744 1260 δυνάμενον
1773 1225 1803 1251 ἐν

1009 1271 1116 1306 γεέννῃ.
1131 1282 1140 1296 ι
1163 1270 1219 1297 Καὶ⁹
1245 1271 1259 1296 ό
1288 1270 1427 1301 θειότατος
1451 1270 1583 1306 Μωῦσῆς,
1613 1270 1660 1297 τὸν
1686 1270 1803 1306 ἀριθμὸν

1008 1316 1140 1348 τεθεικὼς
1156 1317 1211 1343 τῶν
1226 1316 1450 1352 κατεληλυθότων
1470 1317 1510 1348 εἰς
1528 1317 1675 1351 Αἴγυπτον,
1694 1317 1742 1344 καὶ
1763 1317 1803 1343 εἰ-

1013 1362 1104 1399 ρηκὼς
1129 1361 1188 1398 μεθ’
1204 1359 1241 1389 ὧν
1261 1363 1377 1395 ἕκαστος
1403 1362 1562 1398 εἰσελήλυθε
1584 1363 1732 1400 φύλαρχος,
1752 1364 1803 1390 ἑπ-

1011 1410 1113 1445 ήγαγε-
1130 1417 1138 1433 α
1150 1409 1239 1435 Πᾶσαι
1247 1409 1274 1436 αἰ
1288 1408 1375 1444 ψυχαὶ
1391 1408 1418 1436 αἰ
1434 1407 1605 1435 εἰσελθοῦσαι
1615 1409 1656 1440 εἰς
1666 1409 1804 1443 Αἴγυπτον

1011 1455 1196 1490 ἐϐδομήκοντα
1212 1455 1294 1481 πέντε
1304 1455 1354 1490 (7),
1369 1464 1379 1481 ι
1398 1454 1463 1490 μίαν
1480 1454 1595 1481 ἑκάστου
1619 1454 1674 1481 τῶν
1696 1454 1803 1490 εἰσελη-

1012 1501 1131 1528 λυθότων
1149 1501 1305 1536 ἀριθμήσας
1327 1500 1428 1536 ψυχήν.
1448 1502 1503 1528 Καὶ
1517 1502 1531 1528 ό
1551 1501 1624 1533 θεῖος
1644 1501 1805 1532 Ἀπόστολος

1013 1547 1042 1573 ὲν
1061 1546 1180 1582 Τρωάδι,
1203 1546 1311 1574 πάντων
1326 1546 1517 1582 ὑπειληφότων
1537 1547 1663 1574 τεθνάναι
1687 1547 1730 1574 τὸν
1752 1547 1806 1573 Εὕ-

1011 1602 1108 1636 (τυχον,
1127 1593 1179 1628 ἔφη
1190 1601 1197 1608 ⁸
1213 1603 1222 1619 ι
1233 1592 1279 1628 Μὴ
1298 1591 1469 1628 θορυϐεῖσθε,
1484 1593 1500 1628 ἡ
1515 1593 1569 1628 γὰρ
1589 1593 1662 1629 ψυχὴ
1680 1592 1762 1620 αὑτοῦ
1778 1593 1807 1620 ἐν

1012 1640 1088 1675 αὐτῷ
1106 1641 1175 1667 ἐστι.
1189 1648 1198 1665 ι

1048 1685 1151 1712 ΕΡΑΝ.
1168 1685 1309 1712 Δέδεικται
1325 1684 1430 1719 σαφῶς,
1448 1684 1486 1717 ὡς
1498 1684 1562 1719 μίαν
1576 1684 1692 1717 ἕκαστος
1702 1684 1807 1721 ἄνθρω-

1013 1741 1063 1763 πος
1079 1732 1134 1767 ἔχει
1147 1731 1236 1766 ψυχήν

1048 1778 1124 1806 ΟΡΘ.
1149 1777 1219 1804 Ἀλλ’
1239 1776 1428 1813 Ἀπολινάριος
1446 1777 1493 1804 δύο
1506 1777 1591 1812 λέγει,
1615 1777 1662 1805 καὶ
1685 1777 1735 1813 τὴν
1758 1777 1808 1813 μὲν

1013 1825 1111 1858 ἄλογον
1126 1823 1300 1859 ἀνειληφέναι
1317 1824 1361 1850 τὸν
1376 1823 1443 1850 Θεδν
1458 1824 1546 1858 Λόγον
1556 1833 1563 1840 ν
1576 1825 1636 1850 ἀντί
1654 1824 1682 1850 δὲ
1697 1825 1746 1859 τῆς
1763 1823 1807 1850 λο-

1013 1869 1107 1904 γικῆς,
1126 1869 1208 1896 αὑτὸν
1223 1870 1252 1896 ὲν
1283 1869 1366 1904 σαρκὶ
1389 1869 1566 1906 γεγενῆσθαι.
1598 1867 1700 1896 Τούτου
1725 1870 1807 1905 χάριν

1014 1915 1137 1950 ἠρόμην,
1157 1915 1238 1942 ποίαν
1261 1914 1315 1950 φὴς
1341 1914 1410 1950 μετὰ
1431 1915 1479 1942 τοῦ
1498 1915 1625 1951 σώματος
1647 1914 1808 1950 ἀνειλῆφθαι

1014 1961 1114 1996 ψυχήν·

1051 2006 1153 2033 EPAN.
1170 2006 1226 2042 Τὴν
1251 2005 1364 2041 λογικὴν
1388 2005 1444 2040 ἐγὼ
1467 2014 1556 2042 φημι·
1574 2007 1607 2042 τῇ
1626 2006 1721 2042 Γραφῇ
1755 2006 1809 2042 γὰρ

1015 2052 1116 2086 ἕπομαι
1132 2053 1165 2087 τῇ
1181 2051 1251 2087 θείᾳ.

1051 2098 1126 2124 ΟΡΘ.
1137 2097 1250 2125 Τελείαν
1261 2097 1351 2124 τοίνυν
1366 2097 1556 2134 ἀναληφθῆναί
1569 2107 1660 2134 φαμεν
1674 2098 1728 2125 ὑπὸ
1737 2098 1806 2125 Θεοῦ

1016 2145 1103 2178 Λόγου
1118 2143 1168 2179 τὴν
1182 2144 1229 2170 τοῦ
1244 2143 1339 2170 δούλου
1352 2145 1476 2180 μορφήν;

1051 2188 1153 2216 EPAN.
1170 2189 1294 2216 Τελείαν.

203 2234 310 2263 ORTll.
322 2234 356 2262 Et
380 2234 480 2261 merito
505 2233 628 2268 quidem.
657 2233 724 2261 Cum
752 2233 827 2260 enim
855 2232 957 2267 primu:

1051 2235 1126 2262 0P8.
1144 2235 1199 2261 Καὶ
1223 2234 1295 2270 μάλα
1315 2234 1439 2266 εἰκότως.
1460 2235 1569 2271 Ἐπειδὴ
1583 2236 1638 2271 γὰρ
1664 2236 1678 2262 ό
1702 2235 1808 2271 πρῶτος
1825 2226 1834 2235 ’

168 2282 251 2310 homo
265 2284 340 2308 totus
352 2285 426 2307 esset
442 2279 494 2307 sub
512 2284 625 2315 peccato
636 2300 644 2312 ,
665 2279 820 2315 divinzeque
837 2279 964 2314 imaginis

1013 2281 1156 2316 ἄνθρωπος
1173 2280 1232 2312 ὅλος
1255 2280 1308 2307 ὑπὸ
1334 2280 1383 2315 τὴν
1400 2281 1537 2316 ἁμαρτίαν
1553 2282 1672 2315 ἐγένετο,
1685 2282 1808 2314 καὶτοὺς

168 2329 342 2357 characteres
354 2327 501 2359 amisisset,
513 2331 541 2354 et
549 2327 659 2362 generis
670 2327 824 2362 principem
835 2331 957 2354 secutum

1017 2328 1062 2360 τῆς
1077 2327 1152 2358 θείας
1167 2326 1273 2358 εἰκόνος
1288 2325 1413 2353 ἀπώλεσε
1436 2327 1623 2363 χαρακτῆρας,
1641 2327 1808 2362 ἠκολούθησε

168 2382 255 2410 genus
267 2377 350 2406 esset,
374 2380 487 2400 necesse
499 2374 507 2383 '
523 2372 576 2400 fuit
598 2378 627 2401 ut
647 2373 773 2405 Creator,
789 2373 957 2401 obscuratan

1017 2374 1040 2400 δὲ
1055 2373 1095 2408 τῷ
1123 2373 1259 2408 γενεάρχῃ
1276 2371 1306 2399 τδ
1322 2373 1418 2406 γένος’
1433 2373 1592 2408 ἀναγκαίως
1602 2374 1617 2399 ό
1639 2373 1809 2408 Δημιουργὺς

169 2427 301 2448 renovare
313 2419 460 2454 imaginem
487 2419 594 2451 volens,
618 2423 705 2446 totam
732 2423 861 2445 naturam
884 2426 963 2446 assu-

169 2465 281 2500 mendo,
296 2465 470 2492 characteres
483 2465 622 2500 prioribus
635 2465 715 2500 longe
726 2465 856 2492 meliores
872 2465 964 2500 expri-

169 2515 268 2539 meret.

204 2558 309 2586 ERAN.
340 2558 403 2586 llaec
422 2557 535 2593 quidem
562 2565 627 2585 vera
671 2562 746 2585 sunt.
774 2558 841 2585 Peto
871 2562 964 2584 autent

171 2603 289 2640 primum
302 2603 383 2631 nobis
395 2603 543 2638 diligenter
562 2603 695 2638 explicari
715 2603 857 2630 nominum
878 2603 965 2638 signi-

206 2683 264 2698 "'°‘
278 2682 346 2710 Gen.
361 2690 390 2715 ιι,
406 2683 432 2709 7.

195 2783 244 2880 36)
263 2783 309 2842 ἥὲ.
324 2781 388 2812 ζωτ.
400 2780 439 2808 Ex
455 2780 592 2821 ediltom.
606 2785 633 2807 et
643 2779 718 2815 Lips.
733 2780 903 2814 suppletum.

221 2819 247 2849 7)
268 2818 280 2842 ὲ
299 2817 323 2842 δ.
339 2816 428 2842 πέντε.
441 2815 553 2842 Scrhcct
568 2815 718 2842 secundum
731 2820 890 2849 computum

197 2874 204 2880 .
219 2852 252 2880 Χ.
265 2859 334 2880 quos
343 2851 468 2880 sequitur
487 2850 642 2880 Stephanus
657 2851 716 2876 Act.
730 2858 776 2880 vn,
795 2851 836 2877 M.
855 2851 903 2877 Sec

171 2836 252 2884 1:15",
265 2836 718 2886 ἶιῖιῖἕεΞέᾀἱιῖὶιῖέἓῖιζιίιιᾍᾜιῖέλῖίξ
730 2836 959 2882 ξὶῖξῖῐῖἒὲοἱιῐζ

173 2890 237 2915 dum
249 2885 315 2914 alias
325 2885 414 2914 autem
428 2885 603 2921 computandi
617 2886 737 2912 rationes
749 2886 791 2912 vel
806 2887 839 2912 fili
854 2886 958 2913 animus

1013 2419 1210 2454 καινουργῆσαι
1244 2419 1293 2454 τὴν
1313 2419 1525 2454 ἀμαυρωθεωαν
1561 2419 1654 2446 εἰκόνα
1679 2419 1808 2454 θελήσας,

1017 2466 1082 2500 ὅλην
1106 2464 1156 2500 τὴν
1185 2464 1266 2499 φύσιν
1285 2464 1440 2498 ἀναλαϐὼν,
1468 2464 1558 2501 πολλῷ
1582 2464 1637 2492 τῶν
1669 2466 1809 2501 προτέρων

1018 2511 1148 2547 ἀμείνους
1161 2511 1315 2537 ἐνετύπωσε
1331 2511 1517 2547 χαρακτῆρας.

1055 2555 1156 2583 ΕΡΔΝ.
1175 2555 1269 2583 Ταῦτα
1288 2555 1338 2591 μὲν
1353 2555 1452 2591 ἀληθῆ.
1477 2555 1558 2588 Ἀξιῶ
1572 2556 1600 2582 δὲ
1615 2555 1724 2592 πρῶτον
1743 2556 1809 2591 ἡμῖν

1021 2603 1157 2638 εὺκρινεῖς
1176 2602 1213 2638 (8)
1231 2601 1359 2636 γενέσθαι
1371 2602 1423 2628 τῶν
1433 2602 1573 2637 ὀνομάτων
1587 2602 1637 2634 τὰς
1652 2601 1790 2637 σημασίας
1800 2609 1806 2616 ·

487 2682 509 2698 “
527 2682 592 2708 Luc.
609 2689 655 2714 xu,
674 2681 699 2713 Ιι,
715 2681 749 2714 5;
768 2680 831 2707 coll.
850 2680 946 2707 Matth.
973 2680 1055 2713 x,28.
1096 2679 1119 2695 °'
1134 2679 1203 2707 Gen.
1236 2687 1306 2712 xm,
1327 2679 1361 2706 ‘26
1410 2680 1432 2695 ⁵⁸
1448 2679 1508 2707 Act.
1529 2681 1632 2712 xx,10.

359 2789 388 2806 ιτ.
400 2780 439 2808 Ει
455 2780 592 2821 ειίηῐίοιη.
606 2785 633 2807 et
643 2780 718 2815 Lips.
733 2780 903 2814 suppletum.
926 2815 937 2820 _
1009 2784 1139 2808 numerat
1168 2780 1266 2812 Moses,
1285 2785 1314 2807 ut
1327 2780 1395 2807 Gen.
1412 2788 1483 2812 xui,
1499 2780 1535 2807 26
1557 2781 1634 2816 juxta
1656 2780 1752 2812 Helm,
1766 2780 1807 2808 vel

359 2816 428 2841 έντε.
441 2815 553 2841 Seilicct
568 2815 718 2841 secundum
731 2820 890 2841 computum
905 2823 958 2841 των
1011 2816 1052 2841 70.
1068 2821 1098 2841 ut
1110 2816 1129 2841 l.
1146 2823 1171 2841 e.
1187 2823 1260 2841 vers.
1275 2816 1320 2841 27.
1331 2819 1359 2841 et
1372 2815 1451 2841 Deut.
1468 2823 1494 2841 Χ.
1509 2815 1553 2841 2‘2.

339 2816 428 2842 πέντε.
441 2815 553 2842 Scilicet
568 2815 718 2842 secundum
731 2820 890 2849 computum
905 2815 957 2841 τῶν

1017 2816 1052 2846 ῖο,
1068 2821 1098 2842 ut
1110 2816 1129 2842 l.
1146 2823 1171 2842 ο.
1187 2823 1260 2842 vers.
1275 2816 1320 2845 27.
1331 2819 1359 2842 et
1372 2815 1451 2842 Deut.
1468 2823 1494 2847 x,
1509 2815 1553 2842 2‘2.

1045 2852 1084 2888 (8)
1097 2851 1146 2878 Ed.
1163 2851 1242 2878 Rom.
1256 2855 1283 2878 ct
1299 2850 1373 2885 Lips.
1388 2850 1529 2886 εὐκρινῶς.
1546 2849 1636 2878 Minus
1649 2856 1736 2879 recte.
