1953 3055
148 172 202 206 109

688 172 876 202 DIALOGUS
896 172 936 201 II.
957 183 991 188 -
1011 171 1257 201 INCONFUSUS.

1735 171 1784 204 110

153 233 189 260 ἵν’
203 234 218 268 ἡ
234 233 350 266 διάλεξις
379 233 527 265 ἀκωλύτως
551 233 696 269 προϐαίνῃ,
715 232 762 259 καὶ
788 232 870 267 μηδὲν
888 231 942 257 τῶν

1008 232 1136 258 icationes
1155 241 1160 257 :
1179 236 1208 258 ut
1223 231 1373 265 disputatio
1391 231 1450 258 sine
1470 230 1667 265 impedimento
1685 239 1784 267 proce-

149 278 400 314 ἀμφιϐαλλομένων
425 279 528 314 μεταξὺ
552 279 719 314 ζητούμενον
745 277 879 312 διακόπτῃ
896 276 942 302 τὸν

148 323 238 357 λόγον.

186 369 263 396 ΟΡΘ.
281 370 399 405 Ἀριστα
423 369 556 405 εἴρηκας’
578 369 640 405 ἔρον
662 369 753 395 τοίνυν
777 368 842 404 περὶ
865 363 895 394 οὗ
910 366 942 393 ἃν

148 414 255 451 ἐθέλῃς.

186 460 288 487 ΕΡΛΝ.
311 460 416 496 Ἰησοῦν
441 460 485 486 τὸν
513 459 631 496 Χριστὸν
658 460 683 486 τί
703 461 756 496 χρὴ
772 460 882 493 καλεῖν;
897 460 943 487 ἄνα

149 505 259 540 θρωπον
269 513 276 537 ;

187 551 263 577 ΟΡΘ.
291 550 439 586 Οὐδέτερον
466 550 527 585 δίχα
558 550 689 585 θατέρου,
720 549 777 576 ἀλλ’
800 549 942 584 ἑκάτερον.

154 595 187 623 Ὀ
206 597 260 631 γὰρ
277 595 342 626 Θεὸς
362 595 448 628 Λόγος
464 594 679 630 ὲνανθρωπήσας
701 593 804 629 Ἰησοῦς
826 593 943 629 Χριστὸς

148 641 307 676 ὠνομάσθη.
320 640 467 672 (Καλέσεις
481 641 546 676 γὰρ,
561 640 638 676 φησὶ,
649 639 680 666 τὸ
695 639 782 675 ΰνομα
790 638 873 665 αὐτοῦ
889 639 942 673 Ἰη-

148 687 231 714 σοῦν·
249 687 329 719 αὐτὸς
353 687 408 722 γὰρ
433 686 515 713 σώσει
537 686 582 712 τὸν
605 686 669 712 λαὸν
701 685 784 712 αὑτοῦ
815 684 868 711 ἀπὸ
889 684 943 710 τῶν

146 733 292 770 ἁμαρτιῶν
300 733 393 760 αὑτοῦ.
406 742 415 758 ι
428 733 483 760 Καὶ
494 753 502 765 ,
515 734 652 769 (Σήμερον
667 733 789 758 τίκτεται
804 731 868 766 ὑμῖν
878 731 943 766 Χρι-

148 780 213 810 στὸς
231 779 333 815 Κύριος
357 780 385 805 ἐν
409 779 484 805 πόλει
508 779 621 805 Δαϐίδ.»
650 777 785 813 Ἀγγέλων
807 777 836 804 δὲ
863 775 942 804 αὗται

147 825 248 860 φωναί.
264 825 321 860 Πρὸ
342 824 371 851 δὲ
394 824 443 860 τῆς
460 824 703 860 ἐνανορωπήσεως,
719 823 795 854 Θεὸς,
813 823 860 849 καὶ
874 821 942 848 Θεοῦ

146 873 224 904 Υἱὸς,
242 873 290 899 καὶ
309 871 476 907 Μονογενὴς,
498 871 545 898 καὶ
569 871 682 907 Κύριος,
698 871 746 896 καὶ
763 869 830 900 Θεὸς
846 869 941 903 Λόγος,

995 275 1052 308 dat,
1066 280 1094 302 et
1106 276 1209 302 nullius
1233 275 1420 310 ambiguitatis
1443 275 1587 311 interjecta
1597 276 1713 311 quzestio
1725 285 1785 305 scr-

995 328 1104 348 monem
1122 321 1277 356 abrumpat.

1030 368 1134 395 ORTH.
1162 368 1270 403 Optime
1302 368 1404 394 dixisti.
1434 368 1573 403 Interroga
1604 376 1668 404 ergo
1711 370 1785 404 quod

995 415 1080 441 voles.

1031 461 1133 488 ERAN.
1146 462 1239 489 .lesum
1259 462 1398 489 Christum
1417 470 1472 497 quo
1493 462 1604 490 nomine
1634 463 1785 498 appellabi-

995 506 1075 533 mus?
1087 514 1121 533 an
1140 506 1298 533 hominem?

1030 550 1133 578 ORTl‘l.
1149 551 1282 578 Neutrum
1295 552 1354 579 sine
1366 552 1462 585 altero,
1476 552 1524 580 sed
1539 558 1699 589 utrumque.
1718 554 1785 581 Nam

994 586 1067 624 Deus
1079 597 1200 624 Verbum
1215 598 1298 625 homo
1321 598 1410 625 factus
1422 599 1502 626 Jesus
1520 586 1652 627 Christus
1666 600 1718 635 75
1735 609 1786 636 ap-

994 643 1113 677 pellatus
1127 647 1179 670 est.
1204 652 1212 668 ‹
1231 643 1349 671 Vocabis
1372 643 1457 676 enim,
1488 645 1587 679 inquit,
1606 653 1707 672 nomen
1727 647 1787 681 ejus

993 687 1097 714 Jesum.
1105 688 1165 722 Ipse
1173 687 1246 714 enim
1257 688 1362 715 salvum
1372 689 1455 716 faciet
1465 690 1596 724 populum
1611 698 1692 717 suum
1701 698 1716 717 a
1724 699 1787 725 pee-

995 733 1061 760 catis
1074 735 1246 761 eorum‘M‘.
1259 744 1268 759 ›
1288 735 1321 762 Et
1336 743 1342 761 :
1358 743 1367 760 ι
1382 735 1468 762 Hodie
1478 735 1557 762 vobis
1571 736 1696 763 nascitur
1706 736 1787 764 Chri-

995 783 1053 806 stus
1062 779 1194 807 Dominus
1200 779 1227 807 in
1236 780 1347 808 civitate
1354 780 1465 808 Davidis
1472 781 1506 807 ‘9.
1513 791 1521 807 ι
1533 781 1579 809 Hae
1585 782 1696 817 quidem
1704 791 1787 811 voces

995 830 1058 850 sunt
1075 825 1243 859 angelorum.
1254 825 1324 852 Ante
1342 825 1558 853 incarnationem
1571 835 1646 858 vero.
1663 828 1747 860 Deus,
1758 834 1786 856 et

994 870 1043 897 Dei
1059 870 1153 903 Filius,
1169 871 1418 907 etUnigenitus,et
1430 873 1572 905 Dominus.
1589 877 1616 901 et
1630 874 1703 902 Deus
1718 876 1786 903 Ver-

146 920 197 946 καὶ
211 919 329 953 Ποιητὴς
345 917 513 954 ὠνομάζετο.
531 928 540 943 ε
560 918 603 944 Ἐν
618 918 689 952 ἀρχῇ
716 916 770 952 γὰρ
787 913 831 951 ἦν,
847 915 938 950 φησιν,

1008 924 1071 948 tum,
1089 920 1116 943 et
1138 916 1252 944 Creator
1279 918 1483 945 nominabatur.
1515 919 1586 946 Dicit
1611 920 1704 947 cnim:
1725 931 1734 946 ε
1755 922 1784 949 ln

147 968 161 993 6
175 966 276 1000 Λόγος,
292 965 339 992 καὶ
355 966 368 991 6
379 965 464 996 Λόγος
481 962 514 1000 ἦν
531 964 600 1000 πρὸς
611 964 656 990 τὸν
672 963 738 990 Θεὸν
748 971 754 978 ·
769 963 816 989 καὶ
830 961 895 994 Θεὸς
908 959 942 997 ἦν

146 1014 161 1039 6
181 1013 285 1047 Λόγος·
300 1022 309 1038 ›
329 1012 376 1038 καὶ
388 1032 395 1043 ,
417 1021 426 1037 ι
443 1011 535 1038 Πάντα
555 1011 589 1037 δι’
603 1010 686 1037 αὑτοῦ
707 1009 813 1043 ἐγένετο
824 1017 830 1023 ⁸
845 1018 853 1033 ι
883 1007 940 1039 καὶ,

151 1069 161 1085 σ
175 1059 237 1095 Ζωὴ
249 1057 283 1094 ἦν
293 1066 300 1073 ·
318 1068 327 1084 ι
344 1058 403 1090 καὶ,
422 1067 431 1083 ι
445 1055 499 1083 ἿΙν
515 1057 544 1083 τὸ
558 1056 616 1092 φῶς
635 1056 665 1082 τὸ
681 1055 818 1091 ἀληθινὸν,
834 1054 848 1080 ὃ
860 1054 943 1091 φωτί-

147 1107 192 1139 ζει
207 1107 297 1134 πάντα
319 1106 463 1141 ἄνθρωπον
486 1105 635 1140 ἐρχόμενον
661 1104 702 1135 εἰς
729 1103 775 1129 τὸν
798 1101 915 1137 κόσμον·
930 1110 939 1126 ι

146 1153 196 1179 καὶ
210 1153 260 1179 ὅσα
282 1151 389 1182 τούτοις
409 1151 469 1177 ἐστὶ
487 1150 675 1185 παραπλήσια,
691 1149 738 1175 καὶ
763 1148 812 1183 τῆς
836 1147 943 1180 φύσεως

145 1198 199 1233 τῆς
212 1197 288 1228 θείας
302 1196 450 1231 δηλωτικᾶ.
470 1195 548 1222 Μετὰ
563 1195 592 1222 δέ
601 1204 632 1229 γε
644 1195 693 1230 τὴν
709 1193 884 1229 ἁνθρώπησιν
892 1193 940 1227 (9),

153 1245 259 1280 Ἰησοῦς
273 1245 320 1271 καὶ
333 1244 448 1280 Χριςςὸς
465 1242 626 1278 ὠνομάπθη.

183 1334 286 1361 EPAN.
301 1332 407 1360 Οὐκοῦν
422 1332 488 1364 Θεὸς
499 1332 580 1367 μόνον
601 1330 705 1366 Ἰησοῦς
720 1330 735 1355 ὁ
748 1328 859 1364 Κύριος.

183 1380 261 1407 ΟΡΘ.
283 1379 550 1414 Ἐνανθρωπήσαντα
572 1376 639 1404 Θεὸν
654 1376 740 1409 Λόγον
757 1374 877 1406 ἀκούεις,
896 1372 943 1399 καὶ

146 1425 214 1453 Θεὸν
228 1425 308 1461 μόνον
324 1423 470 1454 ἀποκαλεῖς
480 1431 488 1456 ;

184 1471 287 1499 ΕΡΔΝ.
309 1470 417 1506 Ἐπειδὴ
437 1469 474 1505 μὴ
491 1467 606 1504 τραπεὶς
629 1465 851 1502 ὲνηνθρώπησεν,
875 1462 943 1489 ἀλλὰ

149 1518 307 1554 μεμένηκεν
321 1517 390 1551 ὅπερ
403 1513 449 1551 ἦν,
465 1514 519 1551 χρὴ
534 1513 626 1540 καλεῖν
639 1512 720 1539 αὑτὸν
736 1512 804 1546 ὅπερ
815 1509 858 1547 ἦν.

183 1564 416 1598 ΟΡΘ.¹Ατρεπτος
432 1561 481 1596 μὲν
495 1561 509 1587 6
520 1560 586 1590 Θεὸς
597 1558 744 1606 Λόγος-καὶ
754 1556 859 1606 ἦνκκαὶ
873 1557 942 1590 ἔστι,
957 1579 977 1606 C

147 1611 196 1638 καὶ
207 1609 297 1636 ἔσται·
309 1606 482 1643 ἀνθρωπείαν
494 1605 522 1633 δὲ
535 1605 615 1640 φύσιν
627 1603 717 1630 λαὸὼν
734 1602 939 1637 ὲνηνορώπησε.

144 1656 286 1691 Προσήκει
303 1654 393 1680 τοίνυν
421 1653 494 1687 ἡμᾶς
517 1649 652 1685 ἑκατέραν
673 1648 764 1687 ¹φύει-ιν
789 1647 940 1684 ὁμολογεῖν,

144 1700 196 1725 καὶ
211 1698 261 1733 τὴν
277 1697 415 1724 λαϐοῦσαν
428 1696 476 1722 καὶ
489 1694 538 1730 τὴν
555 1694 712 1728 ληφθεῖσαν.

182 1743 286 1771 ΕΡΔΝ.
311 1741 378 1769 ’Δπὸ
394 1741 444 1776 τῆς
458 1740 612 1777 κρείττονος
631 1737 774 1774 ὀνομάζειν
789 1738 852 1772 χρή.

183 1838 260 1866 0P8.
285 1837 315 1864 '0
332 1837 476 1873 ἄνθρωπος
490 1836 605 1867 ἐκεῖνος,
619 1834 648 1860 τὸ
659 1833 728 1866 ζῶον
743 1832 825 1867 λέγω,
840 1832 943 1863 ἁπλοῦς

145 1886 235 1915 ἐστιν,
250 1884 267 1918 ἢ
284 1883 426 1915 σύνθετος;

183 1930 287 1959 ΕΡΔΝ.
304 1929 446 1960 Σύνθετος.

183 1976 260 2004 ΟΡΘ.
281 1975 329 2002 Ἐκ
342 1974 424 2001 τίνων
439 1973 637 2008 συγκείμενος;

185 2021 291 2048 ΕΡΔΝ.
317 2020 365 2047 Ἐκ
381 2019 510 2054 σώματος
528 2018 575 2045 καὶ
591 2017 691 2053 ψυχῆς.

185 2068 263 2094 ΟΡΘ.
279 2066 340 2093 Τῶν
357 2066 386 2093 δὲ
402 2065 510 2100 φύσεων
524 2063 625 2090 τούτων
638 2063 741 2098 ποτέρα
757 2062 906 2098 κρείττων;

184 2112 289 2140 EPAN.
309 2111 395 2147 Δῆλον
411 2110 449 2142 ὼς
473 2111 490 2145 ἡ
519 2109 593 2144 ψυχή
606 2117 613 2124 δ
636 2108 733 2143 λογική
750 2116 780 2134 τε
797 2107 852 2143 γάρ
874 2107 942 2139 ἐστι,

150 2159 200 2186 καὶ
217 2158 362 2188 ἀθάνατος,
380 2156 427 2182 καὶ
452 2154 500 2182 τοῦ
520 2153 591 2186 ζώου
618 2153 669 2189 τὴν
694 2152 843 2188 ἡγεμονίαν
863 2152 944 2178 πεπί-

149 2212 272 2230 στευται.
293 2202 330 2229 Τὸ
344 2202 373 2228 δὲ
389 2200 470 2236 σῶμα
484 2199 581 2234 θνητόν
601 2199 660 2225 ἐστι
677 2198 724 2224 καὶ
736 2197 877 2232 ἐπίκηρον,
897 2197 943 2223 καὶ

147 2251 199 2286 τῆς
214 2249 305 2285 ψυχῆς
318 2247 502 2284 χωριζόμενον
515 2245 611 2280 ἄλογόν
628 2245 686 2271 ὲστι
705 2244 752 2270 καὶ
763 2243 869 2279 νεκρόν.

185 2337 262 2365 ΟΡΘ.
277 2337 351 2363 Ἔδει
370 2334 516 2370 τοιγαροῦν
539 2334 589 2370 τὴν
610 2334 686 2360 θείαν
704 2334 816 2369 Γραφὴν
839 2334 872 2359 ἐκ
895 2333 944 2368 τῆς

148 2384 292 2420 ἀμείνονος
304 2382 411 2416 φύσεως
426 2380 572 2415 ὀνομάζειν
584 2379 615 2406 τὸ
629 2380 710 2412 ζῶον.

186 2429 289 2456 EPAN.
305 2428 399 2459 Οὕτως
415 2425 554 2462 ὀνομάζει.
570 2426 640 2457 Τοὺς
659 2425 713 2461 γὰρ
736 2425 942 2460 εἰσεληλυθότας

148 2476 189 2506 εἰς
213 2474 349 2509 Αἴγυπτον
373 2472 462 2508 ψυχὰς
486 2471 715 2508 προσηγόρευσεν.
751 2471 795 2497 Ἑν
824 2470 940 2506 ἐϐδομή-

149 2529 233 2548 κοντα
248 2520 301 2555 γὰρ
316 2519 363 2546 καὶ
380 2519 472 2550 πέντε,
490 2517 569 2553 φησὶ,
586 2517 686 2552 ψυχαῖς
707 2516 812 2551 κατέϐη
832 2516 940 2551 Ἰσραὴλ

147 2569 190 2599 εἰς
207 2566 356 2600 Αἴγυπτον.

185 2611 264 2639 ΟΡΘ.
287 2611 354 2638 Ἀπὸ
379 2611 408 2637 δὲ
435 2610 560 2646 σώματος
584 2608 681 2636 οὐδένα
696 2608 830 2643 κέκληκεν
850 2609 867 2643 ἡ
883 2607 942 2634 θεία

149 2656 247 2692 Γραφή
261 2664 269 2688 ;

186 2702 288 2729 ΕΡΛΝ.
307 2702 376 2733 Τοὺς
400 2703 432 2737 τῇ
460 2701 541 2736 σαρκὶ
569 2699 775 2730 δεδουλευκότας
806 2699 944 2734 προςηγόι

188 2782 210 2796 ⁸⁷
226 2781 248 2796 ⁸⁵
267 2780 362 2807 Matth.
381 2788 401 2811 ι,
422 2779 467 2807 2L
489 2779 511 2795 θ’
529 2779 596 2805 Luc.
615 2785 644 2809 ιι,
659 2777 699 2804 Η.
733 2777 755 2792 ⁷ο
770 2777 849 2803 Joan.
868 2785 886 2809 ι,
902 2777 925 2803 ι.

1008 2776 1072 2803 Ibid.
1089 2777 1115 2803 5.

186 2890 226 2926 (9)
245 2891 321 2926 ἀνθρ.
339 2889 389 2917 Ed.
402 2889 482 2917 Rom.
495 2891 523 2917 et
532 2888 606 2924 Lips.
619 2886 836 2922 ὲνανθρώπησιν.

993 959 1128 994 principio
1142 965 1200 987 erat
1212 961 1343 994 Verbum,
1355 967 1383 989 et
1396 963 1516 990 Verbum
1526 969 1585 991 erat
1595 966 1668 1000 apud
1686 966 1783 999 Deum,

992 1007 1020 1031 et
1036 1005 1109 1032 Deus
1123 1010 1184 1032 erat
1202 1006 1322 1034 Verbum
1336 1008 1374 1040 7";
1396 1017 1405 1032 ι
1420 1012 1448 1034 ct
1464 1016 1470 1034 :
1487 1018 1495 1032 ε
1512 1007 1610 1036 Omnia
1625 1018 1674 1045 per
1694 1010 1784 1046 ipsum

992 1049 1065 1077 facta
1094 1053 1211 1086 sunt";
1228 1063 1237 1078 ι
1254 1057 1303 1080 et:
1330 1062 1339 1078 ι
1359 1053 1421 1081 Vita
1445 1058 1506 1081 erat
1527 1055 1566 1086 ⁷²;
1586 1065 1595 1080 ι
1622 1060 1673 1083 et:
1692 1066 1701 1082 ‹
1718 1057 1786 1084 Erat

992 1095 1039 1122 lux
1054 1104 1129 1129 vera,
1147 1105 1208 1132 qua:
1228 1098 1367 1126 illuminat
1383 1107 1494 1126 omnem
1515 1100 1655 1129 hominem
1669 1102 1785 1130 venien-

995 1146 1048 1168 tem
1070 1142 1098 1168 in
1123 1143 1196 1170 hunc
1222 1144 1356 1171 mundum
1382 1145 1423 1177 7';
1446 1154 1455 1170 ι
1477 1149 1506 1173 et
1525 1154 1698 1182 quaecunque
1721 1154 1786 1176 sunt

994 1187 1038 1214 his
1064 1188 1183 1220 similia,
1211 1189 1333 1217 divinam
1362 1195 1487 1218 naturam
1508 1191 1686 1220 declarantia.
1721 1194 1786 1222 Post

994 1232 1212 1261 incarnationem
1241 1243 1325 1267 vero,
1355 1236 1437 1263 Jesus
1461 1241 1489 1263 et
1514 1236 1642 1266 Christus
1663 1240 1785 1274 appella-

993 1282 1038 1305 tus
1055 1283 1108 1306 est.

1028 1324 1132 1352 ERAN.
1146 1326 1194 1352 Est
1212 1326 1296 1361 igitur
1309 1327 1382 1354 Deus
1398 1327 1486 1354 solum
1498 1328 1579 1355 Jesus
1595 1329 1738 1358 Dominus.
1789 1333 1791 1335 ’

1029 1369 1134 1397 ORTH.
1157 1371 1330 1398 lncarnatum
1370 1373 1457 1400 Deum
1482 1373 1602 1401 Verbum
1629 1376 1728 1408 audis,
1756 1382 1785 1404 et

995 1414 1080 1442 Deum
1095 1416 1184 1443 solum
1199 1417 1300 1444 vocas?
1756 1411 1759 1415 ’

1030 1461 1133 1489 ΕΠΔΝ.
1146 1462 1214 1495 Quia
1230 1463 1289 1490 sine
1305 1464 1458 1492 mutatione
1470 1465 1559 1493 factus
1574 1471 1616 1493 est
1626 1467 1719 1501 homo,
1735 1469 1785 1496 sed

995 1507 1095 1534 mansit
1106 1507 1178 1542 quod
1193 1513 1262 1541 erat,
1280 1509 1461 1544 appellandus
1477 1514 1519 1538 est
1531 1512 1605 1546 quod
1616 1517 1685 1540 erat.
1787 1509 1789 1511 ’

1030 1552 1134 1580 ORTll.
1150 1554 1330 1582 lmmutabilis
1342 1555 1454 1590 quidem
1464 1557 1537 1585 Deus
1544 1558 1664 1586 Verbum
1677 1564 1706 1587 et
1714 1565 1783 1593 erat,

994 1604 1084 1631 etest,
1116 1603 1144 1626 et
1161 1600 1216 1626 erit
1246 1609 1252 1626 :
1282 1600 1403 1628 humana
1426 1609 1492 1629 vero
1522 1608 1663 1638 assumpta
1688 1609 1785 1634 natura

995 1645 1077 1672 homo
1091 1645 1181 1673 factus
1194 1650 1244 1673 est.
1261 1646 1344 1673 Decet
1357 1647 1440 1682 igitur
1461 1656 1512 1676 nos
1541 1653 1688 1684 utramque
1702 1656 1783 1678 natu-

995 1699 1052 1718 ram
1069 1692 1206 1724 conliteri,
1222 1696 1250 1719 et
1262 1697 1458 1726 assumentem,
1478 1698 1506 1722 et
1522 1700 1701 1730 assumptam.

1030 1737 1133 1764 ERAN.
1163 1737 1186 1764 Α
1211 1737 1326 1765 meliore
1350 1743 1427 1773 parte
1460 1739 1585 1767 facienda
1602 1745 1646 1768 est
1676 1749 1785 1769 nuncu-

994 1783 1077 1817 patio.
1457 1815 1459 1817 ἱ

1030 1828 1134 1855 OﬂTll.
1148 1829 1235 1856 llomo
1248 1830 1304 1862 ille,
1321 1830 1420 1857 animal
1434 1830 1506 1859 dico.
1525 1832 1676 1867 simplexne
1687 1837 1738 1865 est,
1750 1841 1784 1861 an

995 1876 1183 1910 compositus?

1031 1921 1133 1948 ERAN.
1145 1922 1320 1956 Compositus

1030 1966 1135 1994 ()ltTll.
1152 1967 1190 1994 Ex
1206 1968 1307 2002 quibus
1321 1968 1508 2003 compositus?

1032 2013 1086 2047 76
1103 2014 1109 2022 '
1128 2013 1231 2040 ERAN.
1247 2013 1286 2040 Ex
1297 2022 1412 2048 corpore
1427 2018 1456 2042 et
1468 2015 1569 2041 anima.

1030 2057 1134 2085 ωιτη.
1148 2059 1249 2086 llarum
1264 2067 1329 2086 vero
1347 2065 1508 2087 naturarum
1524 2064 1585 2088 utra
1601 2066 1644 2088 est
1669 2061 1791 2094 meliori

1032 2104 1124 2131 ERAN
1150 2104 1324 2132 Manifestum
1355 2110 1397 2133 est
1425 2105 1541 2134 animam
1568 2107 1785 2141 prmstantiorem

994 2158 1054 2178 esse
1074 2155 1135 2177 :cst
1148 2151 1221 2178 enim
1236 2152 1342 2179 ratione
1368 2152 1495 2187 praedita,
1509 2155 1538 2180 ct
1562 2152 1736 2186 immortalis,
1758 2159 1790 2187 et.

995 2197 1114 2232 regendo
1128 2197 1239 2224 animali
1267 2197 1423 2232 prmposita.
1439 2197 1546 2233 Corpus
1575 2206 1642 2226 vero
1671 2192 1791 2230 mortale

958 2251 982 2280 υ
995 2248 1038 2270 cst
1051 2247 1077 2269 ct
1093 2243 1239 2275 caducum,
1253 2247 1281 2270 ct
1297 2243 1331 2270 ab
1347 2243 1439 2270 anima
1461 2248 1618 2278 separatum
1628 2252 1728 2279 expers
1743 2251 1786 2270 ra-

996 2289 1079 2316 tionis
1090 2293 1132 2316 est
1146 2293 1174 2316 et
1185 2289 1312 2316 cadaver.

1030 2333 1135 2360 ORTl'l.
1163 2333 1282 2360 Docebat
1305 2341 1372 2369 ergo
1403 2334 1525 2361 divinam
1552 2334 1722 2369 Seripturam
1752 2344 1785 2363 ex

994 2379 1176 2414 praestantiori
1191 2383 1267 2414 parte
1279 2380 1379 2407 animal
1393 2388 1564 2414 nuncupare.

1028 2425 1132 2453 ERAN.
1149 2424 1194 2452 Sic
1211 2429 1360 2460 nuncupat.
1391 2426 1530 2461 lugressos
1552 2425 1627 2453 enim
1655 2426 1682 2452 in
1705 2425 1786 2461 A333"-

996 2476 1072 2507 ptum
1097 2471 1202 2498 animas
1218 2471 1364 2506 appellavit
1380 2471 1412 2497 ⁷⁸.
1435 2471 1503 2498 Cum
1526 2470 1698 2505 septuaginta
1714 2470 1786 2497 enim

994 2518 1115 2554 quinque
1133 2517 1276 2544 animabus
1287 2517 1428 2544 descendit
1446 2516 1528 2543 lsracl
1541 2516 1567 2544 in
1594 2515 1750 2552 Egyptum.

1030 2607 1136 2635 ORTll.
1165 2607 1314 2642 Acorporc
1340 2614 1405 2633 vero
1433 2605 1606 2633 neminemne
1639 2603 1789 2640 appellavit

997 2653 1090 2680 divina
1107 2653 1265 2687 Scriptura?

1033 2699 1136 2727 ERAN.
1156 2699 1237 2726 Carni
1250 2699 1403 2726 servientes
1437 2705 1534 2726 carnes
1545 2698 1673 2733 appellat.
1693 2706 1701 2722 ι
1715 2696 1796 2738 Dixit.

1155 2777 1177 2792 "’
1192 2777 1260 2813 Ibid.
1279 2777 1304 2803 4.
1344 2778 1366 2792 ⁷³
1381 2777 1450 2804 Ibid.
1467 2778 1493 2803 9.
1532 2777 1554 2792 ⁷⁵
1571 2775 1639 2803 Gen.
1653 2783 1722 2807 XLVI,
1743 2774 1788 2801 26.
