1953 3055
151 131 201 164 115

655 132 898 162 TliEODOIlE'l’I
920 134 1089 163 EI’JSCOPI
1111 133 1291 163 CYRENSIS

1738 129 1787 162 116

149 189 301 220 Christum,
319 193 449 215 alternam
472 196 538 215 vero
562 188 621 223 ejus
639 188 813 216 divinitatem
834 192 944 224 negant.

1008 186 1161 223 Ἀνθρωπον
1175 189 1229 223 γὰρ
1246 189 1325 224 μόνον
1347 186 1513 223 κηρύττουσι
1529 186 1574 213 τὸν
1596 185 1721 221 Χριστὸν,
1739 184 1789 218 τὴν

148 234 231 262 Arius
245 238 348 265 autem,
367 238 394 260 et
415 233 579 264 Eunomius,
598 239 719 261 creatam
734 239 833 262 vocant
844 234 946 269 Unng-

148 280 201 308 niti
218 279 402 311 divinitatem,
417 284 444 306 ct
456 279 544 306 solum
558 287 659 314 corpus
680 281 755 307 illum
769 281 825 316 so
839 289 947 308 assum-

148 327 236 361 psisse
251 326 355 353 dicunt.
380 325 554 360 Apolinarius
568 334 650 360 porro
666 327 815 354 animatum
834 328 946 363 quidem

148 380 251 407 corpus
268 375 439 406 assumptum
450 371 562 403 fatetur,
584 372 631 399 sed
654 372 813 400 rationalem
826 374 946 401 animam

148 421 176 444 et
190 417 295 444 honore
311 420 338 443 et
355 417 442 444 salute
460 417 487 444 in
499 417 579 444 libris
593 410 650 445 suis
662 418 761 453 privat.
781 419 842 446 Haec
863 420 947 455 igitur

149 467 191 490 est
208 471 403 498 perversorum
418 464 577 498 dogmatum
590 464 758 492 differentia.
775 465 815 492 Tu
828 474 905 498 vero,
922 467 946 494 si

150 508 294 535 veritatem
308 516 394 540 amas,
415 508 460 535 dio
481 509 572 542 nobis,
596 517 658 536 cum
677 510 755 538 hisne
780 511 946 546 disputatio-

149 561 213 581 nem
226 554 345 589 aliquam
357 553 459 582 habere
474 555 631 588 conveniat,
644 563 677 583 an
690 556 716 584 in
730 565 852 592 prasecps
861 565 946 585 rucn-

152 604 192 627 tes
204 599 345 634 despicere
361 604 389 626 ct
399 600 490 627 valere
501 600 610 635 jubere.

187 687 290 714 ERAN.
305 687 483 715 lmmanitatis
499 692 541 715 est
561 696 608 715 eos
622 689 668 724 qui
684 691 691 699 ‘
707 694 841 725 zegrotant
857 692 945 727 negli-

151 739 225 767 gere.

187 777 292 806 ORTH.
307 778 442 806 Convenit
462 787 528 815 ergo
540 779 583 812 his
598 781 755 814 eondolere,
772 787 799 809 et
817 790 866 818 pro
880 783 950 810 viri-,

151 824 204 852 bus
222 825 336 852 mederi.

186 871 291 898 ERAN.
307 871 436 899 Omnino.

185 917 291 946 ORTil.
309 918 337 945 Si
357 919 442 954 igitur
466 921 632 955 corporibus
659 922 762 949 mederi
789 923 943 957 didicisses,

151 964 287 1000 multique
299 973 314 991 a
322 969 347 992 te
357 965 566 994 circumstantes
580 971 610 994 ut
618 967 770 995 medereris
781 968 944 1004 ﬂagitarent,

152 1009 277 1036 diversos
287 1010 399 1037 morbos
411 1012 598 1044 ostendentes,
606 1013 681 1040 verbi
694 1014 791 1049 gratia,
802 1015 944 1042 oculorum

151 1055 329 1088 suﬂ'usiones,
346 1060 373 1083 et
389 1057 498 1084 aurium
511 1058 614 1090 ulcera,
635 1063 663 1085 et
679 1059 790 1087 dolores
809 1060 943 1093 dentium,

151 1105 179 1129 et
193 1102 221 1129 bi
233 1102 345 1137 quidem
367 1111 518 1130 nervorum
542 1104 736 1136 intensionem,
762 1106 807 1132 alii
822 1114 886 1133 vero
900 1114 948 1133 sos

152 1149 297 1182 lationem,
315 1155 342 1176 et
366 1150 411 1177 hic
427 1157 523 1177 rursus
548 1149 623 1177 ﬂava?
643 1150 706 1178 bilis
722 1151 943 1186 redundantiam,

151 1194 196 1223 ille
209 1203 274 1224 vero
291 1196 407 1230 pituitm,
429 1204 522 1231 (μιωο
543 1200 580 1229 te,
593 1197 658 1231 quid
678 1197 802 1226 faceres?
823 1207 945 1227 unumne

151 1241 283 1270 erunibus
294 1242 446 1269 remedium
460 1250 622 1277 parares,an
635 1243 751 1279 singulis
761 1245 865 1272 morbis
877 1253 944 1273 con—

152 1287 287 1315 veniens?

186 1332 290 1364 ERAN.
305 1333 457 1370 Unicuique
471 1336 649 1367 conveniens,
661 1341 688 1363 et
704 1337 831 1371 pellendo
849 1338 945 1365 morbo

153 1377 282 1406 idoneum
288 1400 294 1406 .

153 1458 155 1460 ι
186 1424 291 1453 ORTH.
307 1425 401 1460 Itaque
415 1426 517 1454 calidas
537 1427 697 1455 ail‘ectiones
724 1427 899 1464 refrigerans,
919 1434 946 1457 et

151 1468 265 1504 frigidas
282 1470 456 1503 calefaciens,
468 1475 495 1498 et
508 1470 616 1498 intensa
640 1472 774 1505 relaxans,
796 1473 884 1500 soluta
899 1473 945 1500 [ir—

998 235 1026 262 δὲ
1043 235 1096 271 πρὸ
1111 236 1166 261 τῶν
1187 234 1293 261 αἰώνων
1309 235 1486 270 ὑπάρχουσαν
1501 232 1645 268 ἀρνοῦνται
1662 231 1788 266 θεότητα.

1000 283 1110 314 Ἀρειος
1121 281 1149 307 δὲ
1164 281 1211 307 καί
1228 281 1370 316 Εὺνόμιος.
1390 279 1502 314 κτιστὴν
1518 277 1628 304 καλοῦσι
1643 277 1689 304 τοῦ
1701 277 1789 303 Μονο-

998 327 1094 362 γενοῦς
1110 327 1160 362 τὴν
1175 327 1302 362 θεότητα,
1318 326 1397 361 σῶμα
1412 326 1439 352 δὲ
1453 326 1532 360 μόνον
1549 324 1630 351 αὑτὸν
1647 323 1790 358 ἀνειληφέ-

997 382 1041 400 ναι
1062 374 1154 408 φασίν.
1177 373 1366 407 Ἀπολινάριος
1379 372 1408 398 δὲ
1425 371 1546 407 ἔμψυχον
1562 370 1611 406 μὲν
1624 369 1750 404 ὁμολογεῖ
1760 368 1790 394 τὸ

997 419 1099 455 ληφθὲν
1113 420 1203 454 σῶμα,
1220 419 1269 454 τὴν
1288 418 1316 445 δὲ
1331 418 1443 453 λογικὴν
1464 416 1553 452 ψυχὴν
1572 415 1619 442 καὶ
1638 415 1687 449 τῆς
1706 414 1789 450 τιμῆς

998 465 1044 492 καὶ
1061 467 1111 500 τῆς
1127 464 1263 500 σωτηρίας
1285 466 1314 491 ἐν
1325 466 1382 496 τοῖς
1398 463 1509 494 οἰκείοις
1531 462 1620 496 λόγοις
1632 461 1789 495 ἀποστερεῖ,

997 509 1072 545 Δῦτη
1090 510 1139 546 μὲν
1163 508 1209 537 οὖν
1229 511 1245 545 ἡ
1269 509 1322 537 τῶν
1338 508 1547 543 διεφθαρμένων
1567 507 1711 542 δογμάτων
1732 506 1790 532 δια.-

998 556 1080 592 φορά.
1091 556 1176 587 Αὐτὸς
1188 556 1216 582 δὲ
1229 556 1295 590 ἡμῖν
1307 554 1464 589 φιλαλήθως
1488 552 1560 582 εἰπὲ,
1578 553 1630 587 χρή
1642 559 1704 578 τινα
1721 550 1790 585 πρὸς

997 602 1113 633 τούτους
1130 601 1267 628 ποιεῖσθαι
1279 599 1410 632 διάλεξιν,
1429 599 1445 634 ἢ
1462 599 1503 625 δεῖ
1517 598 1589 625 κατὰ
1602 596 1731 633 κρημνῶν
1746 604 1790 630 φε-

1000 648 1131 683 ρομένους
1145 648 1277 683 περιορᾷν
1293 647 1340 673 καὶ
1357 645 1485 681 οἰμώζειν
1499 645 1563 680 ἐᾷνῖ

1032 694 1134 720 EPAN.
1163 691 1380 728 Μισανθρωπίας
1406 691 1486 726 ἔργον
1512 689 1601 725 ἡτῶν
1630 688 1795 723 καμνόντων

997 739 1146 774 ὑπεροψία.

1033 785 1108 812 ΟΡΘ,
1127 784 1265 820 Προσήκει
1290 783 1381 809 τοίνυν
1407 782 1453 809 καὶ
1476 782 1630 816 συναλγεῖν,
1648 781 1695 808 καὶ
1707 780 1789 815 Οερα‹

998 831 1091 858 πεύειν
1106 831 1147 862 εἰς
1156 830 1279 866 δύναμιν.

963 861 983 887 ⁸
1037 861 1143 902 ΕΡΑΝ(
1159 861 1281 909 Πάνυγε.

1035 922 1112 948 ΟΡΘ.
1139 922 1170 948 Εἰ
1194 921 1284 947 τοίνυν
1306 919 1420 955 σώματα
1450 919 1615 955 θεραπεύειν
1644 918 1788 953 ἠπίστασο,

1001 967 1094 994 πολλοὶ
1109 967 1138 994 δέ
1161 975 1193 1001 γε
1220 966 1398 1002 περιστάντες
1415 965 1579 1001 θεραπεύειν
1604 965 1659 998 (18]
1686 964 1790 1000 ἠξίουν,

999 1014 1116 1050 διάφορα
1140 1013 1343 1044 ἐπιδεικνύντες
1371 1012 1532 1047 παθήματα,
1559 1009 1613 1038 οἷον
1641 1010 1791 1046 ὀιρθαλμῶν

1000 1060 1155 1096 ἐπιρροίας,
1170 1059 1217 1086 καὶ
1230 1059 1318 1086 ἀκοῶν
1329 1058 1486 1094 τραύματα,
1499 1058 1545 1084 καὶ
1560 1057 1672 1084 ὀδόντων
1684 1057 1790 1089 ὀδύνας,

999 1106 1046 1132 καὶ
1071 1106 1096 1131 οί
1115 1105 1164 1140 μὲν
1186 1104 1292 1140 νεύρων
1317 1103 1406 1135 τάσιν,
1428 1103 1453 1129 οἰ
1477 1103 1505 1129 δὲ
1530 1102 1618 1134 λύσιν,
1642 1102 1688 1129 καὶ
1706 1103 1720 1129 6
1742 1103 1792 1136 μὲν

1000 1151 1170 1186 πλημμύραν
1193 1150 1285 1186 χολῆς,
1301 1150 1315 1176 6
1330 1149 1358 1176 δὲ
1374 1149 1541 1184 φλέγματος,
1563 1149 1588 1175 τί
1612 1148 1644 1175 ἂν
1665 1148 1797 1183 ἔδρασας,⁴

999 1197 1060 1223 εἰπέ
1089 1205 1148 1231 μοις
1173 1195 1202 1222 ἓν
1234 1196 1321 1222 ἅπασι
1354 1194 1557 1226 κατεσκεύαζες
1592 1194 1748 1230 φάρμακον,
1775 1192 1792 1226 ἦ

1000 1243 1107 1278 ἑκάστῳ
1125 1242 1208 1269 πάθει
1224 1242 1254 1268 τὺ
1268 1241 1440 1277 πρόσφορον;

1036 1330 1139 1357 ΕΡΑΝ.
1161 1330 1197 1356 Τὸ
1219 1329 1326 1356 ἑκάστω
1358 1328 1481 1364 δηλονότι
1507 1328 1676 1364 κατάλληλὼ
1695 1337 1724 1354 τε
1746 1328 1794 1355 xa‘t

1000 1375 1175 1408 ἀλεξίκακον.

1037 1422 1113 1450 ΟΡΘ.
1136 1421 1241 1448 υύκοῦν
1257 1421 1292 1448 τὰ
1308 1421 1358 1456 μὲν
1384 1420 1475 1456 θερμὰ
1489 1419 1544 1447 τῶν
1561 1420 1654 1447 παθῶν
1671 1419 1794 1455 καταψύ-

1001 1476 1067 1504 χων,
1084 1467 1120 1494 τὰ
1131 1467 1159 1494 δὲ
1176 1467 1268 1503 ψυχρὰ
1286 1466 1499 1502 διαθερμαίνων,
1520 1467 1569 1497 καὶ
1587 1466 1621 1493 τὰ
1641 1466 1689 1501 μὲν
1714 1475 1792 1492 rem.

151 1515 287 1545 mioribus
294 1516 501 1544 medicamentis
510 1518 703 1550 corroborans,
713 1522 741 1545 et
752 1519 893 1547 humentia
900 1519 946 1547 de-

1008 1515 1076 1550 μένα
1088 1513 1190 1550 χαλῶν,
1211 1513 1247 1540 τὰ
1266 1513 1296 1539 δέ
1311 1521 1343 1547 γε
1359 1512 1493 1548 λελυμένα
1512 1514 1668 1544 τονωτικοῖς
1684 1512 1794 1547 φαρμά-

151 1560 269 1593 siecans,
301 1561 374 1589 sicca
389 1562 562 1596 humectans,
583 1564 696 1591 morbos
715 1564 767 1591 bac
780 1565 885 1592 ratione
898 1574 946 1592 ex-

152 1606 325 1641 pellere3,ct
345 1607 379 1635 ab
405 1604 448 1636 his
463 1609 603 1644 expulsam
623 1610 767 1638 sanitatem
782 1611 947 1639 reduceres?

188 1692 291 1720 ERAN.
307 1693 352 1721 Sic
364 1695 529 1722 medendum
541 1703 601 1724 esse
613 1696 680 1723 artis
693 1696 806 1724 inedica:
821 1697 864 1724 lex
876 1705 947 1732 pra:-

153 1737 229 1773 cipit.
244 1738 387 1766 Contraria
398 1739 482 1772 enim,
498 1740 636 1776 inquiunt,
659 1742 862 1769 contrariorum
883 1747 947 1770 sunt

153 1785 284 1812 remedia.

187 1830 240 1864 81
253 1830 358 1858 ORTH.
384 1831 411 1859 Si
425 1841 490 1860 vero
508 1833 645 1868 piant-ator
672 1842 757 1866 esses,
782 1835 947 1862 omnibusne

154 1875 255 1910 plantis
268 1877 391 1904 eamdem
410 1878 545 1906 culturam
568 1879 725 1911 adhibercs,
743 1888 777 1906 an
791 1889 858 1907 vero
876 1881 947 1907 malo

152 1922 254 1956 punico
267 1923 488 1956 convenientem,
501 1928 528 1951 et
556 1924 618 1951 ﬂeui
634 1925 784 1959 propriam,
797 1930 824 1952 et
840 1925 903 1960 piro
915 1934 947 1952 ac

153 1967 226 1994 malo
233 1968 372 2002 similiter,
384 1974 411 1996 et
420 1970 467 1996 viti
475 1969 632 1997 domesticae
643 1976 835 2005 congruentes,
847 1971 909 2006 plan
915 1976 947 1999 tte

152 2013 282 2048 denique,
297 2018 327 2041 ut
341 2015 426 2042 semel
453 2015 553 2048 dicam,
583 2015 731 2051 unicuique
756 2017 947 2045 accommoda-

153 2062 207 2085 tam
218 2059 230 2086 ’ί

185 2106 288 2133 ERAN.
301 2106 474 2134 Manifestum
488 2110 541 2138 est,
555 2107 661 2142 plantas
674 2107 794 2143 singulas
806 2110 943 2145 propriaia

153 2152 290 2179 culturam
304 2151 472 2179 desiderare.

186 2197 292 2225 ORTll.
310 2197 338 2225 Si
348 2205 414 2225 vero
431 2197 651 2226 I‘abricandarum
671 2199 781 2226 navium
795 2204 882 2226 artem
894 2185 984 2244 earn

151 2251 272 2277 erceres,
296 2249 323 2272 et
337 2244 438 2271 malum
464 2244 573 2272 videres
598 2245 674 2272 reﬁci
690 2250 829 2280 oportere,
843 2247 944 2285 huicne

151 2297 263 2324 operam
272 2289 349 2317 clavo
363 2295 560 2326 congruentem
574 2291 870 2327 impendercs,_aneam
886 2301 947 2329 qua:

151 2333 223 2360 malo
243 2334 393 2362 convenit?

188 2379 290 2415 EBAN.
309 2380 379 2408 Sunt
394 2386 421 2409 ct
435 2381 486 2408 ista
499 2386 577 2409 extra
592 2383 819 2411 controversiam.
834 2383 945 2420 Singula

151 2425 225 2452 enim
249 2425 421 2454 curationem
451 2435 529 2454 suam
552 2427 719 2459 desiderant,
743 2432 772 2455 et
795 2429 946 2463 planlm,ct

151 2471 276 2505 corporis
293 2472 428 2504 membra,
452 2477 480 2500 et
502 2474 695 2505 instrumenta,
711 2478 739 2501 et
755 2480 846 2508 partes
857 2475 944 2503 navis.

187 2514 292 2543 ORTl].
308 2517 452 2549 Quomodo
465 2525 531 2553 ergo
542 2518 691 2545 absurdum
706 2526 759 2546 non
775 2520 820 2551 sit,
836 2522 945 2555 corpori

151 2561 274 2596 quidem,
294 2566 322 2590 et
343 2562 427 2590 rebus
452 2563 620 2596 inanimatis,
645 2565 841 2593 convenientes
868 2575 946 2594 cura—

151 2607 391 2641 tionesadhiberc,
406 2609 432 2636 in
457 2610 601 2637 animabus
627 2618 693 2638 vero
710 2611 780 2639 banc
804 2613 946 2641 medicina:

151 2653 272 2688 regulam
287 2662 342 2681 non
360 2656 490 2682 servare?

187 2699 313 2728 ERANT.
338 2700 456 2728 Omnino
480 2702 688 2737 injustissimum
709 2708 765 2735 est,
782 2711 831 2731 nec
855 2705 942 2732 solum

151 2745 301 2780 injustitiaa,
319 2746 366 2774 sed
389 2747 471 2774 etiam
490 2749 617 2775 amentiae
629 2749 638 2758 '
653 2749 776 2783 plenum.
798 2750 848 2783 Qui
870 2751 942 2777 enim

151 2791 229 2818 aliter
239 2792 354 2825 faciunt,
371 2792 483 2819 medic-ar.
498 2794 564 2820 artis
578 2799 641 2820 sunt
656 2794 786 2829 imperiti.

187 2850 241 2886 (18)
263 2851 320 2888 θερ.
339 2852 525 2880 Ed.-ﬂon1.rt
543 2854 615 2891 Lips.
635 2854 779 2889 ἰπιτρμᾶῖιν.

1000 1569 1059 1592 κοις
1080 1559 1195 1595 ρωννὺς,
1211 1559 1259 1586 καὶ
1270 1558 1305 1585 τὰ
1320 1560 1369 1594 μὲν
1383 1558 1527 1585 πλαδῶντα
1539 1558 1686 1593 ξηραίνοιν,
1699 1558 1794 1591 ὑγραί-

999 1614 1052 1632 νων
1071 1605 1099 1632 δὲ
1111 1605 1145 1631 τὰ
1161 1604 1240 1641 ξηρὰ,
1258 1603 1405 1640 ἐξήλαυνες
1419 1604 1467 1639 μὲν
1479 1603 1529 1635 τὰς
1540 1603 1645 1635 νόσους,
1655 1603 1792 1638 ἐπανῆγες

998 1651 1026 1678 δὲ
1044 1651 1093 1686 τὴν
1108 1651 1203 1685 ὑγείαν
1215 1650 1267 1676 ὑπὸ
1281 1650 1383 1677 τούτων
1397 1650 1622 1685 ὲκδεῦλημένην;

1034 1697 1137 1724 EPAN.
1154 1696 1232 1724 Οὕτω
1247 1696 1411 1732 θεραπεύειν
1425 1696 1439 1723 6
1454 1696 1503 1731 τῆς
1524 1696 1649 1731 ἰατρικῆς
1670 1704 1793 1730 παρακε-

999 1744 1107 1770 λεύεται
1124 1743 1206 1778 νόμος
1217 1751 1223 1758 ·
1240 1743 1274 1770 τὰ
1289 1743 1398 1770 ἐναντία
1418 1742 1484 1777 γὰρ,
1500 1742 1578 1776 φασὶ,
1595 1741 1649 1767 τῶν
1663 1740 1792 1768 ἐναντίῖυν

1001 1789 1113 1823 ἰάματα.

1035 1834 1111 1861 ΟΡΘ.
1126 1835 1156 1861 Εἰ
1169 1834 1197 1861 δὲ
1213 1833 1366 1868 φυτουργὸς
1378 1831 1460 1869 ἦσθα,
1479 1833 1562 1860 πᾶσιν
1580 1833 1670 1864 αὐτοῖς
1697 1833 1792 1866 φυτοῖς

998 1881 1047 1917 τὴν
1065 1881 1150 1916 αὐτὴν
1171 1881 1362 1916 προσήνεγκας
1377 1880 1547 1916 ἐπιμέλειαν,
1566 1880 1582 1915 ἢ
1602 1881 1634 1915 τῇ
1661 1879 1710 1915 μὲν
1732 1879 1792 1914 ῥοιᾷ

998 1927 1048 1962 τὴν
1067 1927 1272 1962 προσήκουσαν,
1290 1927 1323 1961 τῇ
1341 1926 1369 1952 δὲ
1394 1927 1464 1961 συκῇ
1481 1925 1531 1961 τὴν
1549 1926 1663 1958 οἰκείαν,
1688 1926 1735 1951 καὶ
1758 1926 1790 1959 τῇ

998 1972 1063 2007 ὄχνῃ
1083 1971 1226 2004 ὡσαύτως,
1242 1972 1290 1998 καὶ
1306 1973 1339 2007 τῇ
1356 1971 1455 2008 μηλέᾳ,
1473 1973 1520 1998 καὶ
1541 1973 1601 2004 ταῖς
1612 1971 1725 2008 ἡμερίσι
1742 1971 1791 2002 τὰς

999 2018 1185 2053 καταλλήλους
1198 2026 1204 2033 ·
1228 2017 1275 2044 καὶ
1301 2017 1469 2051 ἁπαξαπλῶς
1487 2018 1595 2054 ἑκάστῳ
1612 2026 1642 2052 γε
1669 2016 1746 2052 φυτῷ
1761 2017 1791 2043 τὸ

999 2064 1169 2100 πρόσφορον;

1033 2109 1136 2136 EPAN.
1153 2109 1237 2144 Δῆλον
1253 2109 1291 2141 ὡς
1302 2109 1419 2136 ἕκαστον
1434 2109 1517 2144 φυτὸν
1535 2109 1585 2144 τῆς
1605 2108 1708 2140 οἰκείας
1729 2108 1790 2134 ἐπι-

1000 2155 1064 2191 μελε
1069 2155 1111 2186 [ac
1126 2155 1282 2190 προσδεῖται
1288 2175 1294 2181 .

1035 2201 1110 2228 ΟΡΘ.
1134 2202 1165 2227 Εἰ
1194 2200 1222 2227 δὲ
1257 2201 1430 2237 ναυπηγικὴν
1465 2199 1647 2237 μετεχείριζες
1680 2199 1787 2235 τέχνην,

999 2246 1103 2274 ἐθεάσω
1115 2247 1143 2274 δὲ
1155 2246 1205 2282 τὴν
1215 2246 1355 2282 ἱστοδόκην
1367 2246 1512 2282 νεουργίας
1520 2246 1661 2281 δεομένην,
1676 2246 1724 2281 τὴν
1734 2247 1789 2276 τοῖς

998 2293 1139 2327 πηδαλίοις
1154 2292 1338 2327 διαφέρουσαν
1360 2293 1519 2328 ἐπιμέλειαν
1542 2293 1733 2328 προσήνεγκας
1756 2292 1788 2319 ἂν

996 2339 1077 2374 αὐτῇ,
1096 2338 1113 2373 ἢ
1129 2338 1178 2373 τὴν
1195 2339 1228 2373 τῇ
1247 2338 1372 2374 ἱστοδόκῃ
1387 2339 1594 2373 προσήκουσαν;

1033 2383 1135 2409 ΕΡΑΝ.
1161 2382 1364 2418 Ἀναμφίλεκτα
1384 2383 1431 2410 καὶ
1446 2383 1521 2409 ταῦτ’
1546 2383 1630 2410 ἔστιν.
1655 2383 1789 2409 Ἔκαστον

996 2429 1048 2464 γὰρ
1063 2428 1112 2464 τὴν
1124 2429 1229 2456 οἰκείαν
1246 2429 1394 2464 θεραπείαν
1407 2429 1542 2464 ἐπιζητεῖ,
1566 2430 1614 2456 καὶ
1631 2430 1723 2464 φυτὸν,
1742 2430 1789 2457 καὶ

998 2475 1123 2510 σώματος
1139 2475 1243 2510 μόριον,
1256 2476 1302 2502 καί
1318 2475 1412 2511 σκεύη,
1428 2476 1473 2502 καὶ
1492 2475 1564 2511 μέρη
1580 2476 1652 2510 νηός.

1032 2521 1108 2548 ΟΡΘ.
1127 2521 1191 2553 Πῶς
1204 2518 1251 2548 οὖν
1265 2522 1295 2547 ού
1320 2521 1453 2556 σχέτλιον,
1475 2521 1584 2557 σώματι
1606 2522 1654 2556 μὲν
1672 2522 1719 2548 καὶ
1734 2523 1788 2552 τοῖς

997 2566 1111 2602 ἀψύχοις
1133 2567 1320 2602 καταλλήλους
1338 2567 1488 2603 θεραπείας
1507 2569 1684 2603 προσφέρειν,
1703 2568 1749 2594 ἐπὶ
1760 2568 1788 2594 δὲ

996 2613 1049 2640 τῶν
1067 2612 1161 2648 ψυχῶν
1178 2613 1223 2640 τὸν
1247 2613 1444 2648 θεραπευτικὸν
1472 2613 1576 2640 τούτων
1602 2613 1658 2648 (19)
1679 2613 1715 2649 μὴ
1738 2621 1788 2648 φυ-

997 2659 1105 2686 λάττειν
1121 2660 1222 2686 κανόνα
1229 2668 1235 2674 ·

1032 2706 1133 2733 ΕΡΑΝ.
1163 2706 1232 2732 Δίαν
1255 2706 1329 2732 ἐστὶν
1362 2705 1546 2738 ἀδικώτατον,
1574 2706 1621 2732 καὶ
1647 2706 1678 2732 οὐ
1708 2705 1787 2740 μόνον

996 2751 1114 2785 ἀδικίας,
1135 2751 1204 2778 ἀλλὰ
1227 2751 1274 2778 καὶ
1296 2752 1390 2784 ἀνοίας
1416 2752 1525 2787 μεστόν.
1558 2753 1590 2779 Οἱ
1617 2751 1671 2788 γὰρ
1700 2751 1786 2783 ἄλλως

996 2797 1146 2830 ποιοῦντες,
1164 2798 1249 2833 αὐτῆς
1260 2799 1313 2824 εἱσι
1326 2799 1375 2833 τῆς
1387 2799 1537 2834 θεραπείας
1557 2799 1784 2835 ἀνεπιστήμονες.

1354 2857 1454 2884 τοῦτον.

1033 2858 1088 2891 (19)
1102 2858 1221 2892 Utraque
1238 2858 1333 2891 editio,
