1953 3055
138 135 190 166 117

674 137 864 167 DIALOGUS
884 137 925 166 ll.
945 150 981 154 —
1001 136 1249 180 iNCQNFUSUS.

1733 139 1784 172 1l8

176 191 253 217 ΟΡΘ.
270 189 376 217 Οὐκοῦν
394 190 463 226 πρὸς
476 191 584 227 αἵρεσιν
600 191 720 228 ἑκάστην
734 192 934 227 διαλεγόμενοι,

1024 193 1125 221 ERAN.
1141 193 1208 220 Cum
1220 200 1383 228 unaquaque
1395 192 1479 228 igitur
1492 191 1589 220 haeresi
1601 193 1783 228 disputantes,

138 237 228 271 ταύτῃ
242 236 398 272 πρόσφορον
412 237 595 273 προσοίσομεν
607 238 772 274 φάραακον;

177 281 280 308 EPAN.
299 281 419 315 Πάνυγε.

176 326 254 354 υΡΘ.
271 326 432 362 Πρόσφορος
445 326 474 353 δὲ
489 327 635 362 θεραπεία,
646 328 676 354 τὸ
692 327 867 364 προστιθέναι
885 329 934 363 μὲν

138 372 170 405 το
184 371 319 402 ἐλλεῖπον,
334 371 462 407 ἀφαιρεῖν
475 372 503 398 δὲ
518 372 548 398 τὺ
564 371 732 405 πλεονάζον;

177 417 278 444 EPAN.
292 417 355 444 Ναί.

172 462 249 489 ΟΡΘ.
264 462 398 489 Φωτεινὺν
413 461 514 493 τοίνυν,
540 463 587 489 καὶ
604 462 776 498 Μάρκελλον,
799 463 846 490 καὶ
872 463 934 493 τοὺς

138 508 255 540 ἐκείνων
280 507 446 544 ἀγχιθύρους
467 508 630 544 θεραπεύειν
652 508 830 545 πειρώμενοι,
853 509 880 535 τι
902 508 935 539 ἂν

141 553 309 590 προσθέντες
323 554 367 581 τὸν
388 554 590 589 θεραπευτικὸν
605 555 707 582 κανόνα
721 555 934 591 πληρώσαιμενς

177 598 281 624 ΕΡΔΝ.
299 598 356 633 Τῆς
370 598 417 625 τοῦ
434 596 552 634 Χριστοῦ
565 599 690 636 θεότητος
708 600 757 635 τὴν
772 599 917 635 ὁμολογίαν
927 607 934 614 ’

139 645 211 680 αὕτη
227 644 283 679 γὰρ
295 645 386 676 αὐτοῖς
397 645 527 672 ἐλλείπει.

176 691 256 717 ΟΡΘ.
279 690 348 726 Περὶ
357 690 386 717 δέ
403 698 436 724 γε
459 690 509 725 τῆς
531 691 743 726 ἀνθρωπότητος
764 691 840 718 οὐδὲν
868 690 936 726 πρὸς

140 737 245 767 αὐτοὺς
272 735 399 771 ἐροῦμεν.
435 736 613 771 Ὀμολογοῦσι
639 736 693 772 γὰρ
719 737 861 772 ἄνθρωπον
891 736 937 762 τὸν

141 782 284 817 Δεσπότην
302 782 430 817 Χριστόν.

178 828 281 856 ΕΡᾹΝ.
311 828 413 863 Ὀρθῶς
423 828 522 862 λέγεις.

991 247 1147 274 congruens
1162 239 1227 266 huic
1241 239 1395 266 remedium
1410 239 1577 266 all'eremus?

1026 284 1130 312 ERAN.
1143 283 1272 311 Omnino.

1024 329 1128 356 ORTH.
1149 329 1191 356 An
1222 338 1378 365 congruens
1402 335 1444 358 est
1464 331 1611 362 medicina.
1636 333 1735 366 partim
1757 332 1783 359 id

988 376 1091 408 addere
1103 376 1176 411 quod
1192 376 1399 413 dcest,partim
1416 377 1512 405 tollere
1535 378 1609 412 quod
1628 378 1786 405 redundat?

1024 421 1129 449 ERAN.
1147 422 1229 449 Sane.

1024 467 1128 496 ORTH.
1145 468 1293 495 Photinum
1307 475 1385 503 ergo,
1397 473 1425 495 et
1443 468 1613 499 Marcellum,
1631 476 1784 503 eorumque

988 514 1082 542 afﬁnes
1096 522 1192 542 sanare
1204 514 1226 541 si
1235 521 1377 546 conemur,
1390 514 1456 549 quid
1470 514 1597 541 addendo
1613 514 1783 541 medicorum

990 560 1089 595 regula!
1103 559 1377 594 obtemperabimus?

1024 606 1079 640 82
1093 605 1196 632 ERA‘N.
1209 605 1366 632 Divinitatis
1376 604 1479 632 Christi
1493 604 1692 632 confessionem
1706 613 1713 631 :
1728 604 1785 632 hmc

990 652 1063 680 enim
1081 651 1148 686 ipsis
1163 651 1251 678 deest.

1027 696 1131 724 OBTH.
1152 697 1190 724 De
1208 697 1379 724 humanitate
1392 703 1458 723 vero
1486 694 1555 723 nihil
1573 695 1614 722 eis
1641 694 1783 726 dicemus;

992 742 1112 770 fatentur
1125 742 1198 769 enim
1212 742 1352 770 Christum
1380 741 1529 769 Dominum
1553 749 1614 769 esse
1632 740 1783 767 hominem.

1028 831 1131 859 ERAN.
1147 832 1231 859 Recte
1245 831 1324 858 dicis.

178 875 256 902 0P6.
285 874 382 910 Ἀρείῳ
407 875 435 902 δὲ
451 875 499 901 καὶ
524 874 655 910 Εὐνομιῖῳ¹
669 875 733 911 περὶ
753 875 801 910 τῆς
817 874 863 902 τοῦ
883 876 937 902 Μο-

1023 878 1129 906 ORTH.
1145 877 1213 905 Cum
1226 877 1291 904 Ario
1302 884 1371 905 vero
1386 881 1413 904 et
1427 876 1565 904 Eunomio
1588 875 1622 903 de
1644 874 1783 910 Unigeniti

141 921 271 956 νογενοῦς
291 921 525 957 ὲνανθρωπήσεως
541 921 739 956 διαλεγόμενοι,
756 921 783 947 τε
807 922 840 948 ἂν
853 930 938 958 προτ-

142 970 232 996 θεῖναι
248 967 395 1003 πείσαιμεν
415 967 514 998 αὐτοὺς
528 968 560 1003 τῇ
577 967 696 1003 ορετέρᾳ
717 967 865 1003 ὁμολογίῃ

178 1014 282 1041 ΕΡΑΝ.
297 1013 354 1048 Τῆς
372 1013 462 1048 ψυχῆς
485 1013 534 1048 τὴν
547 1013 682 1048 ἀνάληψιν
695 1021 703 1029 ν
725 1014 804 1049 σῶμα
820 1014 874 1049 γὰρ
893 1015 937 1041 τὸν

140 1061 211 1091 Θεὸν
221 1061 307 1095 Λόγον
324 1060 403 1096 μόνον
415 1059 591 1095 ἀνειληφέναι
608 1059 701 1094 φασίν.

178 1106 254 1133 0P9.
286 1105 466 1140 ’Λπολιναρίῳ
491 1104 521 1130 δὲ
551 1104 576 1131 τί
600 1105 733 1137 ἐλλείπει,
758 1105 829 1132 ὥστε
856 1105 937 1132 αὑτὸν

140 1151 277 1188 ἀκριϐοῦν
294 1151 339 1178 τὸν
355 1151 420 1186 περὶ
434 1152 483 1186 τῆς
497 1150 732 1186 ὲνοινθρωπήσεως
745 1151 823 1185 λόγον
835 1160 842 1183 ;

178 1197 283 1224 EPAN.
305 1197 342 1223 Τδ
364 1197 401 1232 μὴ
412 1196 545 1223 διιστάναι
567 1196 614 1223 τὸν
625 1196 688 1223 νοῦν
703 1197 757 1224 ἀπὸ
771 1197 819 1232 τῆς
837 1196 936 1232 ψυχῆς,

142 1243 203 1270 ἀλλ’
218 1243 361 1277 ὁμολογεῖν
374 1242 424 1278 τὴν
439 1241 550 1278 λογικὴν
562 1242 651 1278 ψυχὴν
669 1243 738 1278 μετὰ
750 1242 796 1269 τοῦ
814 1242 938 1277 σώματος

143 1288 307 1323 ἀνειλῆφθαι

179 1334 256 1360 ΟΡΘ.
271 1333 376 1360 Οὐκοῦν
392 1334 439 1360 καὶ
451 1334 538 1370 τούτῳ
553 1333 610 1369 (ου)
629 1334 693 1368 περὶ
710 1333 804 1360 τούτου
818 1332 938 1365 διαλεξό-

144 1379 217 1414 μεθα
228 1380 284 1415 (21)
297 1388 305 1411 ;

181 1426 283 1453 ΕΡΔΝ.
301 1426 421 1462 Πάνυγε.

180 1472 257 1499 ΟΡΘ.
278 1473 432 1508 Μαρκίωνα
439 1473 480 1505 δὲ,
493 1473 541 1500 καὶ
558 1473 726 1504 Βαλεντῖνον,
749 1473 794 1499 καὶ
809 1472 938 1508 Μάνητα,

145 1519 194 1546 καὶ
207 1519 263 1545 ὅσοι
282 1516 469 1553 γειτονεύουσι
480 1519 598 1551 τούτοις,
614 1519 640 1546 τι
657 1519 706 1554 μὲν
724 1518 829 1554 ἔφαμεν
843 1519 938 1554 ὁμολο-

143 1566 205 1599 γεῖν
221 1565 291 1592 κατὰ
307 1565 368 1592 τόδε
382 1566 414 1592 τὸ
427 1566 520 1602 μέρος,
537 1566 564 1593 τι
576 1565 737 1600 δὲ·πάμπαν
748 1565 904 1600 ἀρνεῖσθαι;

181 1612 284 1640 EPAN.
294 1612 357 1639 Ὅτι
372 1612 512 1639 πιστεύειν
528 1612 579 1648 μὲν
591 1612 695 1647 ἔφασαν
708 1613 749 1643 εἰς
760 1611 812 1647 τὴν
824 1611 941 1646 θεότητα

144 1657 193 1684 τοῦ
220 1657 357 1693 Χριστοῦο
380 1657 427 1685 τὸν
459 1658 488 1685 δὲ
517 1659 582 1694 περὶ
605 1659 654 1694 τῆς
676 1657 886 1694 ἁνθρωπότητος
911 1658 941 1684 οὺ

145 1703 310 1739 προσίενται
324 1703 416 1738 λόγον.

181 1750 260 1776 ΟΡΘ.
297 1750 444 1785 Τοιγάρτοι
477 1751 570 1777 πεῖσαι
597 1750 708 1781 τούτους
739 1749 940 1784 σπουδάσομεν,

146 1794 260 1829 στέρξαι
275 1794 323 1821 καὶ
345 1794 393 1822 τὸν
415 1795 479 1830 περὶ
494 1795 545 1830 τῆς
566 1793 776 1829 ἀνθρωπότητος
789 1793 879 1828 λόγον,
897 1794 943 1820 καὶ

147 1841 186 1877 μὴ
202 1840 354 1876 φαντασίαν
367 1841 416 1877 τὴν
431 1840 508 1867 θείαν
519 1841 676 1876 οἰκονομίαν
691 1840 795 1867 καλεῖν.

184 1931 288 1957 ΕΡᾹΝ.
307 1933 386 1957 om
407 1931 653 1966 προσήκειποιεῖν.

183 1978 262 2004 ΟΡΘ.
289 1977 423 2012 Ἔροῦμεν
441 1977 531 2003 τοίνυν
555 1977 656 2009 αὐτοῖς,
682 1976 720 2008 ὼς
743 1976 773 2002 οὺ
789 1975 842 2010 χρὴ
864 1975 943 2010 μόνον

145 2023 226 2055 Θεὸν,
246 2022 317 2049 ἀλλὰ
331 2023 378 2049 καὶ
391 2022 536 2058 ἄνθρωπον
554 2022 703 2049 ἀποκαλεῖν
718 2022 763 2049 τὸν
778 2020 906 2056 Χριστόν.

184 2069 288 2096 EPAN.
311 2068 432 2102 Πάνυγε.

184 2115 263 2143 ΟΡΘ.
287 2115 343 2142 Καὶ
362 2115 421 2146 πῶς
444 2111 500 2141 οἷόν
518 2123 549 2141 τε
565 2113 801 2150 παραιτουμένους
812 2112 893 2148 ἡμᾶς
915 2111 944 2138 τὸ

151 2162 197 2190 ιιαὶ
214 2161 360 2197 ἄνθρωπον
381 2160 531 2187 ἀποκαλεῖν
546 2160 591 2186 τὸν
605 2159 734 2194 Χριστὸν,
757 2158 849 2187 ἄλλοις
866 2157 945 2184 τοῦτο

988 922 1177 950 incarnatione
1205 922 1382 954 disserentes,
1401 921 1469 956 quid
1494 921 1535 948 eis
1557 921 1734 949 suadebimus
1754 925 1785 947 ut

987 968 1153 996 confessioni
1167 976 1223 995 sua:
1239 967 1370 1002 adiiciant
1383 968 1394 994 ?

1024 1014 1127 1041 ERAN.
1137 1014 1243 1042 Animaa
1256 1014 1485 1049 assumptionem.
1496 1013 1590 1041 Solum
1598 1013 1671 1041 enim
1685 1020 1785 1048 corpus

987 1069 1001 1087 ιι
1017 1061 1073 1088 Deo
1089 1060 1181 1089 Verbo
1198 1065 1369 1095 assumptum
1381 1068 1442 1088 esse
1461 1060 1569 1087 dicunt.

1022 1106 1126 1134 ORTH.
1146 1105 1306 1140 Apolinario
1329 1113 1394 1133 vero
1423 1106 1490 1141 quid
1517 1106 1611 1138 deest,
1637 1107 1785 1140 quominus

989 1151 1109 1186 perfecta
1122 1151 1158 1178 sit
1175 1151 1263 1186 ipsius
1278 1151 1312 1178 de
1329 1152 1518 1179 incarnatione
1536 1152 1694 1179 sententia?

1023 1197 1127 1225 ERAN.
1139 1198 1198 1225 Non
1216 1205 1343 1232 separare
1356 1202 1475 1225 tuentem
1491 1198 1525 1225 ab
1535 1198 1637 1230 anima,
1655 1198 1702 1225 sed
1719 1205 1785 1225 con-

989 1245 1060 1272 litori
1073 1245 1233 1272 rationalem
1245 1245 1363 1272 animam
1380 1252 1433 1271 una
1449 1252 1511 1271 cum
1525 1252 1641 1278 corpore
1673 1252 1782 1272 assunt-

987 1295 1063 1325 plam
1079 1297 1149 1317 esse.

1019 1336 1123 1363 OltTH.
1138 1336 1176 1363 De
1194 1335 1246 1362 hoc
1257 1335 1340 1370 igitur
1351 1342 1415 1366 cum
1425 1342 1458 1365 eo
1473 1334 1665 1362 disseremus?

1026 1427 1128 1454 ERAN.
1143 1427 1272 1455 Omnino.

1025 1473 1129 1500 OR'HI.
1148 1474 1312 1500 Marcionem
1324 1481 1400 1504 vero,
1413 1478 1441 1500 et
1452 1473 1637 1505 Valentinum,
1655 1478 1683 1501 et
1695 1474 1785 1502 Mane-

992 1523 1057 1551 tem,
1070 1523 1098 1546 et
1111 1519 1157 1553 qui
1175 1519 1209 1546 ad
1232 1527 1280 1546 eos
1294 1518 1441 1551 accedunt,
1459 1518 1525 1553 quid
1542 1519 1667 1546 conﬁteri
1684 1519 1736 1547 hac
1756 1519 1784 1547 in

954 1554 975 1582 δ
993 1569 1069 1600 parte
1084 1565 1212 1596 diximus,
1227 1564 1292 1599 quid
1305 1572 1419 1599 prorsus
1433 1564 1551 1599 negare?

1030 1610 1132 1638 ERAN.
1157 1610 1235 1643 Quod
1260 1610 1287 1637 in
1305 1610 1477 1637 divinitatem
1502 1609 1604 1637 Christi
1629 1618 1658 1637 se
1674 1610 1787 1638 credere

994 1658 1098 1689 dicant,
1115 1657 1312 1684 humanitatem
1329 1665 1396 1683 vero
1414 1656 1489 1685 illius
1500 1664 1555 1683 non
1566 1656 1721 1683 admittant.

1026 1745 1130 1773 ORTH.
1144 1745 1200 1772 Illis
1221 1753 1287 1780 ergo
1300 1747 1467 1779 persuadere
1492 1744 1676 1775 studebimus,
1692 1747 1721 1770 ut
1735 1743 1788 1771 lin-

995 1792 1134 1819 manitatis
1166 1799 1275 1826 quoque
1309 1790 1476 1819 mentionem
1507 1790 1731 1824 amplectantur,
1760 1793 1788 1816 et

994 1847 1029 1866 ne
1063 1837 1234 1873 phantasiam
1261 1837 1400 1871 appellent
1432 1836 1553 1863 divinam
1599 1835 1787 1870 dispensatio-

995 1891 1067 1911 nem.

1029 1929 1133 1957 ERAN.
1154 1928 1199 1956 Sic
1211 1927 1300 1955 facere
1323 1927 1462 1954 convenit.

1026 1975 1130 2003 ORTII.
1145 1975 1191 2002 Eis
1203 1982 1268 2009 ergo
1279 1975 1413 2005 dicemus,
1428 1973 1501 2008 quod
1515 1972 1642 2000 Christus
1662 1979 1716 1999 non
1731 1976 1787 1998 tam

997 2027 1052 2048 tum
1068 2022 1151 2051 Deus,
1165 2020 1213 2047 sed
1227 2020 1311 2047 etiam
1323 2019 1405 2046 homo
1424 2018 1603 2053 appellandus
1620 2017 1665 2044 sit.

1029 2067 1133 2095 ERAN.
1150 2066 1279 2094 Omnino.

1030 2113 1084 2149 83
1098 2112 1201 2140 ORTH.
1215 2111 1274 2144 Qua
1287 2115 1380 2138 autem
1393 2110 1498 2137 ratione
1511 2109 1570 2137 ﬁeri
1583 2111 1685 2144 potest,
1699 2111 1726 2135 ut
1739 2115 1789 2134 no.4

995 2160 1042 2195 qui
1064 2159 1203 2187 Christum
1231 2157 1370 2185 hominem
1396 2155 1534 2190 appellare
1562 2155 1719 2186 abnuimus,
1738 2154 1789 2180 hoc

150 2208 315 2242 παρεγγυᾷν
328 2216 335 2240 ;
351 2207 382 2233 οὺ
402 2206 457 2242 γὰρ
472 2206 574 2238 εἷξουσι
587 2204 767 2241 παραινοῦσιν
782 2204 859 2239 ἡμῖν,
876 2202 937 2229 ἀλλέ

1015 2206 1058 2233 liis
1073 2204 1286 2240 praecipiamus?
1306 2203 1401 2238 Neque
1427 2202 1501 2229 enim
1528 2200 1702 2228 suasionibus
1718 2201 1724 2209 '
1738 2208 1788 2226 no-

149 2253 238 2280 ταύτὰ
253 2252 421 2288 φρονοῦντας
432 2252 584 2286 ὲλέγξουσι.

185 2299 290 2327 ΕΡΔΝ.
306 2298 364 2326 Καὶ
382 2298 440 2330 πῶς
452 2299 534 2334 ἡμεῖς
556 2299 590 2324 τὰ
610 2297 679 2324 αὐτὰ
701 2297 855 2332 φρονοῦμεν
873 2297 949 2324 ἐκεῖ-

150 2355 224 2379 νοις,
251 2346 300 2373 καὶ
320 2345 410 2380 σάρκα
441 2344 635 2380 ὁμολογοῦντες
657 2344 704 2370 καὶ
726 2343 815 2380 ψυχὴν
833 2341 945 2377 λογικὴν

151 2392 329 2426 ἀνειληφέναι
344 2391 389 2418 τὸν
409 2391 473 2417 Θεὸν
488 2390 591 2424 Λόγονς

187 2437 265 2465 ΟΡΘκ
292 2437 326 2464 ει
345 2436 437 2465 τοίνυν
462 2436 496 2463 τὰ
524 2435 676 2471 πράγματα
699 2433 894 2470 ὁμολογοῦμεν,
919 2441 947 2459 τι

151 2483 255 2518 δήποτε
272 2483 412 2517 φεύγομεν
424 2481 459 2509 τὰ
472 2482 610 2516 ὁνόματα;

188 2527 294 2554 EPAN.
319 2527 385 2554 Ἀπὸ
398 2527 463 2554 ’τῶν
485 2526 660 2562 τιμιωτέρων
683 2525 736 2562 χρὴ
758 2526 803 2552 τὸν
829 2524 947 2562 Χριστδν

155 2573 261 2600 καλεῖν.

190 2620 268 2646 0P6.
289 2618 409 2651 Φύλαξον
421 2619 570 2654 τοιγαροῦν
587 2618 633 2645 τὸν
647 2617 758 2649 κανόνα,
778 2617 824 2644 καὶ
846 2617 883 2651 μὴ
897 2624 946 2642 κα-

153 2665 238 2702 λέσῃς
251 2665 470 2700 ἐσταυρωμένον,
488 2665 556 2700 μηδὲ
575 2665 607 2692 ὲκ
625 2664 730 2699 νεκρῶν
751 2663 944 2698 ἐγηγερμένον,

157 2710 206 2738 καὶ
219 2711 270 2738 ὅσα
285 2711 392 2742 τούτοις
411 2711 470 2737 ἐστὶ
483 2710 674 2746 παραπλήσια.

995 2251 1061 2279 stris
1085 2250 1194 2282 cedent,
1209 2248 1255 2277 sed
1271 2257 1321 2275 nos
1335 2248 1371 2275 ita
1385 2247 1535 2275 sentientes
1550 2246 1717 2274 refutahunt.

1030 2296 1134 2324 ERAN.
1145 2296 1179 2322 Et
1190 2295 1328 2330 quomodo
1341 2301 1392 2321 nos
1408 2293 1479 2320 idem
1495 2300 1557 2319 cum
1579 2292 1632 2319 illis
1643 2291 1786 2321 sentimus,

994 2342 1042 2377 qui
1067 2346 1095 2369 et
1109 2348 1219 2368 carnem
1241 2344 1269 2368 et
1285 2340 1404 2367 animam
1426 2338 1588 2366 rationalem
1607 2336 1787 2371 assumpsisse

997 2388 1081 2415 Deum
1094 2386 1215 2414 Verbum
1229 2384 1413 2413 conﬁtemur?

1031 2432 1135 2460 ORTll.
1151 2431 1179 2459 Si
1193 2432 1274 2467 igitur
1285 2439 1329 2458 res
1340 2430 1512 2460 conﬁtemur,
1527 2436 1576 2455 cur
1589 2427 1700 2454 nomina
1716 2424 1786 2461 fugi-

995 2487 1058 2506 mus
1067 2478 1078 2505 ?

1031 2523 1134 2551 ERAN.
1166 2523 1187 2548 Α
1210 2520 1449 2556 prmstantioribus
1482 2519 1623 2547 Christmu
1649 2518 1788 2552 appellare

996 2568 1135 2596 convenit.

1032 2613 1136 2641 ORTll.
1152 2612 1236 2639 Serva
1259 2609 1425 2645 igiturhanc
1437 2609 1568 2644 regulam,
1588 2613 1616 2635 et
1640 2615 1674 2635 ne
1697 2606 1788 2634 cruci-

1001 2660 1084 2687 ﬁxum
1108 2659 1238 2693 appelles,
1260 2664 1349 2691 nequc
1362 2663 1376 2682 a
1396 2655 1493 2682 mortis
1513 2655 1672 2685 excitatum,
1689 2657 1716 2680 et
1729 2659 1788 2687 quae

1000 2709 1064 2734 sunt
1075 2703 1242 2739 hujusmodi.

194 2799 250 2834 (‘20)
264 2799 360 2834 τούτῳ.
377 2799 415 2826 Ita
427 2798 573 2834 legendum
588 2805 649 2825 esse.
667 2801 743 2832 puto.
758 2796 896 2825 Sirmondi
910 2795 991 2823 lectio
1009 2793 1085 2820 τοῦτο
1102 2790 1240 2820 consentit
1252 2797 1314 2817 cum
1328 2789 1372 2816 ed.
1386 2789 1466 2817 Rom.
1486 2793 1513 2817 et
1527 2788 1602 2824 Lips.

195 2846 252 2882 (21)
272 2846 343 2873 διαὶ.
359 2845 481 2880 l'traqne
495 2844 590 2875 editio,
607 2842 802 2878 διολεξώμεοα.
