1953 3055
199 151 248 183 119

697 154 939 185 THEODORETI
959 155 1126 185 EPISCOPI
1147 156 1326 185 CYRENSIS

1770 152 1820 189 1‘20

236 207 338 235 ERAN.
355 208 408 235 Sed
423 209 480 237 haec
496 214 559 236 sunt
577 210 738 237 salutarium
760 210 918 245 passionum
934 219 978 238 no-

1073 212 1174 239 LPAN.
1193 212 1273 238 Ἀλλὰ
1298 211 1384 237 ταῦτα
1416 211 1470 237 τῶν
1497 210 1667 245 παθημάτων
1687 209 1745 236 ἐστὶ
1767 212 1820 237 τῶν

195 254 268 280 mina
283 263 289 280 :
305 255 447 288 passiones
459 260 550 283 autem
563 264 673 291 negare.
689 257 804 284 salutem
819 262 882 284 este
894 257 984 285 medio

196 299 302 327 tollere.

228 343 331 371 ORTll.
347 345 451 372 Nomen
472 346 547 372 homo
571 351 676 373 natura:
703 354 803 373 nomen
827 352 879 379 est,
892 347 985 374 ethoc

195 389 310 416 reticere
326 389 397 417 idem
414 395 456 417 est
472 399 503 418 ae
519 396 644 418 naturam
660 399 760 426 negare
776 397 920 419 :naturam
934 401 984 420 au-

195 438 248 460 lem
262 434 308 468 qui
323 439 412 470 negat,
429 436 570 470 passiones
583 444 598 464 e
610 437 700 464 medio
713 437 791 470 tollit,
803 437 903 472 quibus
917 438 984 465 sub-

193 479 255 507 latis
270 481 347 507 irrita
361 481 390 507 ﬁt
410 482 494 509 salus.

228 526 331 553 ERAN.
348 526 424 554 Scire
447 527 559 562 quidem
581 533 748 563 assumptam
769 536 829 556 esse
844 532 981 562 naturam,

192 573 380 600 necessarium
402 581 462 601 esse
482 573 563 601 dueo.
585 573 728 602 llominem
750 582 816 602 vero
845 575 982 610 appellare

192 619 268 646 orbis
282 623 417 646 terrarum
431 619 617 652 Servatorem,
632 620 706 647 idem
725 625 768 648 est
785 628 866 656 quam
884 621 917 648 de
930 621 983 648 Do-

192 665 258 691 mini
273 665 358 700 gloria
372 666 475 700 aliquid
487 666 644 694 detrahere.

226 708 331 736 ORTH.
359 709 396 736 Te
419 710 503 745 igitur
521 715 550 737 et
566 711 648 738 Petro
662 715 690 738 et
706 711 800 743 Paulo,
824 715 905 746 atque
922 711 982 746 ipso

192 754 336 782 Servatore
346 755 407 790 plus
415 761 510 790 sapere
524 756 676 783 existimas?
687 757 754 784 Nam
767 756 900 784 Dominus
913 756 982 784 dixit

189 798 312 826 Judzeis:
329 809 337 824 ι
354 799 424 832 Quid
447 807 489 827 me
502 800 624 835 quaeritis
642 800 807 833 interﬁcere,
828 800 979 833 hominem,

191 844 238 878 qui
250 844 392 872 veritatem
406 845 485 878 vobis
496 845 604 874 loeutus
617 853 687 878 sum,
699 853 781 880 quam
791 845 883 873 audivi
895 854 910 873 a
925 845 981 882 84

1037 257 1178 292 σωτηρίων
1203 257 1322 290 ὀνόματα
1333 263 1340 270 ·
1362 256 1378 290 ἡ
1399 256 1428 282 δὲ
1441 256 1494 283 τῶν
1511 256 1679 291 παθημάτων
1695 254 1819 291 ἄρνησις,

1035 303 1086 338 τῆς
1099 302 1237 338 σωτηρίας
1256 301 1408 336 ἀναίρεσις.

1071 349 1147 375 ΟΡΘ.
1165 349 1235 375 Τὸδὲ
1247 349 1402 383 ἅνθρωπος
1416 348 1501 384 ὄνομα
1513 347 1620 383 φύσεως
1635 347 1720 381 δνομά
1729 347 1802 373 ἔστιν
1811 356 1818 362 ·

1035 396 1050 429 ή
1066 394 1093 420 δὲ
1102 396 1197 421 τούτου
1213 395 1314 430 σιωπὴ,
1326 394 1433 429 φύσεως
1445 394 1559 429 ἄρνησις
1569 403 1577 410 ·
1590 395 1606 428 ἡ
1619 393 1646 419 δὲ
1655 393 1703 428 τῆς
1714 393 1819 427 φύσεως

1035 440 1159 475 ἄρνησις,
1180 441 1234 466 τῶν
1253 440 1424 476 παθημάτων
1435 440 1574 474 ἀναίρεσις
1584 447 1590 454 ”
1605 440 1621 474 ὴ
1633 438 1661 465 δέ
1675 447 1706 472 γε
1717 438 1818 465 τούτων

1035 485 1173 520 ἀναίρεσις
1189 485 1302 520 φροῦδον
1317 485 1366 520 τὴν
1385 485 1521 520 σωτηρίαν
1535 485 1615 511 ποιεῖ.

1071 531 1171 558 ΕΡΑΝ.
1184 530 1220 557 Τὺ
1233 531 1283 566 μὲν
1294 531 1394 557 εἰδέναι
1404 531 1453 565 τὴν
1468 530 1617 565 ληφθεῖσαν
1627 529 1707 564 φύσιν
1717 528 1818 564 προῦρ-

1033 585 1082 610 γου
1099 576 1164 611 (ΞΓ)
1179 576 1299 611 τίθεμαι·
1317 576 1347 602 τὸ
1360 576 1389 603 δέ
1403 583 1435 610 γε
1455 574 1596 610 ἄνθρωπον
1611 575 1758 601 ἀποκαλεῖν
1769 575 1819 608 τῆς

1033 623 1197 658 οἰκουμένης
1212 623 1258 650 τὸν
1270 622 1395 658 Σωτῆρα,
1409 622 1570 657 σμικρύνειν
1585 619 1644 647 ἐστὶ
1657 621 1703 646 τοῦ
1717 620 1818 650 Δεσπᾲ-

1032 677 1079 695 του
1094 669 1143 703 τὴν
1155 668 1244 700 δόξαν.

1069 714 1143 742 ΟΡΘ.
1161 713 1266 741 Οὐκοῦν
1285 714 1437 749 σοφώτερον
1451 712 1562 740 σεαυτὸν
1579 711 1635 747 (22)
1654 711 1701 738 καὶ
1714 710 1818 745 Πέτρου

1033 761 1080 787 καὶ
1106 760 1225 794 Παύλου,
1244 759 1290 786 καὶ
1313 759 1396 786 αὐτοῦ
1421 767 1453 793 γε
1465 758 1593 793 Σωτῆρος
1613 757 1667 793 (25)
1693 757 1761 792 ήγῇ;
1789 756 1818 781 Ὀ

1033 808 1083 842 μὲν
1099 806 1154 843 γὰρ
1177 806 1281 840 Κύριος
1301 805 1370 841 πρὸς
1391 805 1534 836 Ἰουδαίους
1550 804 1601 839 ἔφη
1613 812 1619 819 -
1643 813 1652 828 ι
1669 802 1701 828 Τί
1722 810 1755 837 με
1772 800 1819 835 ζη-

1032 855 1106 886 τεῖτε,
1128 853 1299 886 ἀποκτεῖναι,
1322 851 1465 887 ἀνθρωπον
1480 851 1508 882 ὃς
1531 849 1580 886 τὴν
1600 848 1728 884 ἀλήθειαν
1753 848 1818 882 ὑμῖν

191 889 270 916 Patre
282 898 343 917 meo
351 890 392 917 ⁸⁸⁸]
408 900 417 916 ι
439 890 516 926 Stepc
523 891 606 918 etiam
618 891 718 918 Filium
728 892 978 927 hominisseipsum

1037 898 1178 934 λελάληκα,
1198 899 1231 933 ἢν
1248 898 1355 933 ἤκουσα
1372 897 1447 930 παρὰ
1465 896 1512 923 τοῦ
1526 895 1633 931 Πατρός
1650 903 1720 930 μου;
1738 903 1746 919 ι
1762 893 1819 920 Καὶ

190 935 346 970 appellavit.
372 937 471 963 Petrus
482 941 584 969 autem,
608 937 682 964 omni
711 937 791 964 laude
805 942 833 964 et
848 937 980 972 praedica-

190 980 266 1008 tione
282 980 392 1015 dignus,
404 981 536 1016 populum
556 981 700 1009 Iudaicum
720 982 861 1016 alloquens
877 992 882 1008 :
900 991 909 1006 ι
924 984 980 1009 Au-

188 1025 255 1057 dite,
273 1026 371 1060 inquit,
384 1027 435 1053 viri
452 1027 678 1060 lsraelitze,verha
690 1029 748 1056 haec
761 1037 768 1055 :
788 1028 880 1056 Iesum
894 1028 980 1055 Naza-

190 1078 286 1097 renum
302 1071 392 1098 virum
412 1079 427 1098 a
447 1072 503 1099 Deo
524 1073 706 1107 approbatum
727 1073 755 1100 in
780 1073 860 1100 vobis
871 1073 903 1099 ⁸⁸.
921 1082 929 1097 ι
945 1073 979 1099 Et

154 1131 158 1134 -
189 1115 287 1144 beatus
295 1117 406 1149 Paulus,
416 1117 443 1144 in
452 1117 594 1153 Areopago
602 1118 718 1145 salutem
727 1118 980 1153 optimatibusprm-

188 1161 294 1195 dieans,
320 1161 392 1189 inter
411 1163 463 1190 alia
487 1163 572 1190 multa
590 1163 648 1191 hmo
669 1169 779 1198 quoque
802 1163 894 1190 dixit:
918 1172 927 1188 ι
946 1162 980 1189 Et

188 1213 312 1243 tempora
332 1209 443 1243 quidem
457 1209 540 1243 hujus
550 1209 710 1244 ignorantiae
726 1209 882 1243 despiciens
895 1208 977 1240 Deus,

184 1261 261 1281 nunc
282 1254 430 1281 annuntiat
446 1253 605 1281 hominibus
618 1257 647 1280 ut
663 1261 759 1280 omnes
771 1253 872 1288 ubique
887 1253 978 1288 posui-

186 1299 300 1329 tentiam
317 1304 417 1334 agant;
439 1307 472 1326 eo
494 1299 567 1334 quod
583 1299 679 1326 statuit
693 1299 776 1331 diem,
791 1298 817 1325 in
837 1306 892 1333 quo
903 1298 978 1334 judi-

185 1348 351 1372 caturusrest
362 1345 457 1372 orbem
471 1345 500 1372 in
513 1345 642 1380 mquitate
651 1353 701 1380 per
717 1345 808 1372 virum
822 1352 902 1379 quem
914 1352 979 1371 eou-

184 1391 286 1423 stituit,
304 1391 386 1418 ﬁdem
408 1391 534 1426 prtebens
556 1391 694 1423 omnibus,
721 1391 857 1418 suscitans
877 1398 940 1417 eum
963 1398 977 1417 a

174 1436 302 1463 {mortuis
312 1436 345 1463 ⁸⁵.
361 1445 371 1462 ι
389 1436 440 1469 Qui
458 1444 523 1471 ergo
535 1443 637 1463 nomen
647 1443 662 1462 a
673 1435 790 1463 Domino
805 1440 835 1463 et
847 1435 978 1471 apostolis

184 1484 348 1515 usurpatum
363 1485 392 1508 et
402 1481 572 1508 celebratum
591 1480 728 1515 repudiat,
749 1481 773 1508 is
789 1488 818 1508 se
831 1485 859 1508 et
873 1481 978 1516 magnis

184 1526 348 1554 doctoribus
367 1531 397 1554 et
412 1527 473 1562 ipso
490 1526 760 1563 sapientissimorum
770 1527 846 1555 fonte
870 1527 979 1562 sapien-

185 1571 282 1605 tiorem
300 1572 455 1606 existimat._

218 1710 323 1738 ERAN.
338 1710 498 1738 lnﬁdelibus
509 1710 547 1738 illi
569 1711 640 1738 hanc
664 1710 818 1739 doctrinam
836 1719 978 1746 propone-.

183 1757 252 1785 bant
263 1765 270 1783 :
283 1764 357 1784 nune
380 1761 472 1784 autem
496 1757 580 1784 totius
597 1757 673 1784 orbis
685 1765 750 1792 pars
765 1757 883 1784 maxima
896 1757 975 1785 fidem

184 1803 308 1837 amplexa
321 1806 373 1830 est.

220 1847 325 1875 ORTH.
337 1848 394 1875 lmo
403 1853 466 1876 sunt
480 1849 570 1877 adhuc
579 1849 676 1882 Judzei,
690 1850 699 1859 '
708 1853 738 1877 et
745 1850 871 1885 gentiles,
880 1854 908 1878 et
920 1850 976 1877 hae-

183 1893 332 1921 reticorum
362 1898 478 1925 catervae
500 1896 727 1930 innumerabiles,
749 1901 777 1924 et
799 1897 899 1924 horum
913 1897 977 1924 uni-

182 1938 287 1973 cuique
295 1941 464 1968 conveniens
476 1941 601 1968 doctrina
612 1942 767 1969 exhibenda
778 1946 830 1969 est.
843 1942 915 1975 Quin
924 1943 975 1970 etsi

180 1983 277 2011 eadem
295 1992 391 2012 omnes
402 1986 578 2018 sentiremus,
590 1986 635 2013 die
649 1987 716 2021 quid
743 1986 907 2014 incommodi
925 1987 976 2014 ha-

180 2027 259 2056 beret
283 2029 369 2056 Deum
390 2034 418 2057 et
441 2030 580 2058 hominem
594 2030 734 2058 Christum
762 2031 898 2058 conﬁteri.
920 2032 977 2058 An-

180 2079 235 2099 non
260 2072 431 2101 divinitatem
455 2074 484 2101 in
505 2083 538 2102 eo
549 2075 709 2110 perfectam,
727 2080 755 2103 et
777 2075 975 2104 humanitatem

179 2116 310 2146 similiter
323 2120 367 2146 oui
379 2119 448 2146 nihil
463 2119 551 2152 deest,
561 2121 788 2148 consideramus?

218 2163 321 2192 ERAN.
336 2165 399 2193 Haec
415 2174 486 2202 saepe
501 2167 618 2195 confessi
631 2176 736 2196 sumus.

1030 941 1166 978 πολλαχοῦ
1177 941 1205 968 δὲ
1214 942 1278 968 Υίὺν
1286 941 1430 977 ἀνθρώπου
1439 940 1534 968 ἑαυτὸν
1543 937 1816 975 προσηγάρευεν(24).

1035 987 1065 1014 Ὅ
1078 987 1106 1014 δὲ
1117 987 1298 1023 πανεύφημος
1312 987 1417 1023 Πέτρος
1431 987 1499 1023 πρὸς
1515 986 1561 1013 τὸν
1592 985 1736 1012 Ἰουδαῖκδν
1760 984 1819 1011 διας

1029 1033 1174 1069 λεγόμενος
1184 1033 1284 1068 δῆμον-
1304 1043 1313 1059 ι
1340 1033 1453 1067 ’Ἄνδρες
1478 1031 1659 1067 Ἰσραηλῖται,
1684 1029 1817 1056 ἀκούσατε

1029 1079 1092 1111 τοὺς
1107 1079 1202 1112 λόγους
1216 1079 1329 1110 τούτους
1338 1087 1345 1094 ·
1365 1077 1468 1114 Ἰησοῦν
1482 1077 1527 1103 τὸν
1547 1076 1719 1112 Ναζωραῖον,
1733 1074 1818 1109 ἄνδρα

1029 1124 1083 1151 ἀπὸ
1101 1123 1148 1150 τοῦ
1175 1123 1242 1150 Θεοῦ
1267 1123 1494 1158 ἀποδεδειγμένον
1522 1123 1561 1154 εἰς
1583 1122 1666 1157 ὑμᾶς.
1694 1130 1703 1147 ι
1730 1120 1784 1146 Καὶ
1804 1120 1818 1145 ὁ

1031 1170 1165 1207 μακάριος
1180 1169 1296 1202 Παῦλος,
1315 1169 1362 1195 τοῦ
1383 1168 1579 1205 Ἀρειον-πάγου
1593 1168 1649 1198 τοῖς
1663 1166 1817 1202 προεστῶσι

1029 1215 1191 1250 προσφέρων
1207 1214 1237 1241 τδ
1251 1215 1385 1250 σωτήριον
1408 1214 1548 1249 κήρυγμα,
1565 1214 1632 1248 πρὸς
1649 1211 1755 1242 πολλοῖς
1773 1210 1817 1237 Ξ).-

1028 1262 1085 1293 λοις
1104 1261 1151 1287 καὶ
1172 1261 1258 1288 ταῦτα
1274 1261 1344 1296 ἔφη·
1360 1270 1370 1287 ι
1394 1261 1464 1292 Τοὺς
1490 1260 1539 1295 μὲν
1565 1258 1612 1286 οὖν
1635 1259 1746 1294 χρόνους
1768 1257 1818 1292 τῆς

1029 1306 1141 1341 ἀγνοίας
1157 1306 1293 1342 ὑπεριδὼν
1306 1308 1319 1333 ό
1339 1307 1417 1338 Θεὸς,
1432 1306 1468 1332 τὰ
1484 1305 1532 1333 νῦν
1552 1305 1735 1341 παραγγέλλει
1751 1304 1818 1330 πᾶσι

1030 1353 1168 1387 πανταχοῦ
1188 1353 1329 1388 μετανοεῖν
1342 1361 1349 1368 ’
1370 1352 1465 1379 καθότι
1488 1351 1601 1387 ἔστησεν
1623 1351 1778 1386 ἡμέραν,ὲν

1031 1399 1123 1435 μέλλει
1145 1399 1249 1434 κρίνεις)
1274 1398 1324 1434 τὴν
1351 1398 1515 1433 οἰκουμένην
1541 1399 1569 1424 ὲν
1593 1395 1761 1432 δικαιοσύνῃ,
1788 1395 1818 1421 ἑν

1029 1445 1107 1479 ἀνδρὶ
1120 1441 1142 1479 ᾧ
1157 1444 1251 1479 ὥρισε,
1266 1444 1356 1471 πίστιν
1377 1443 1527 1479 παρασχὼν
1544 1443 1637 1475 πᾶσιν,
1662 1443 1818 1476 ἀναστήσας

1029 1490 1110 1516 αὑτὸν
1124 1481 1156 1516 ὲκ
1171 1490 1289 1525 νεκρῶν.
1314 1499 1323 1515 ι
1344 1490 1374 1516 '0
1391 1490 1482 1516 τοίνυν
1498 1489 1530 1515 τὺ
1549 1488 1625 1524 παρὰ
1646 1488 1693 1514 τοῦ
1713 1487 1816 1523 Κυρίου

1029 1536 1077 1562 καὶ
1089 1535 1145 1562 τῶν
1164 1536 1323 1562 ἀποστόλων
1348 1535 1426 1562 τεθέν
1445 1544 1475 1561 τε
1502 1535 1551 1561 καὶ
1571 1533 1709 1570 κηρυχθὲν
1732 1533 1817 1567 δυομα

1029 1581 1259 1617 παραιτούμενος,
1283 1581 1438 1617 σοφώτερον
1453 1581 1548 1608 ἑαυτὸν
1565 1580 1677 1607 καὶτῶν
1692 1578 1819 1614 μεγάλων

1028 1626 1197 1654 διδασκάλων
1211 1626 1355 1661 ὑπείληφε,
1373 1626 1420 1653 καὶ
1431 1625 1522 1661 μέντοι
1536 1625 1584 1652 καὶ
1603 1623 1689 1659 αὐτῆς
1704 1623 1818 1659 τῆςητῶν

1030 1673 1195 1708 σοφωτάτων
1213 1673 1382 1700 διδασκάλων
1396 1672 1499 1708 πηγῆς.

1065 1720 1167 1748 EPAN.
1183 1720 1247 1751 Τοῖς
1271 1719 1397 1750 ἀπίστοις
1419 1719 1518 1745 ἐκεῖνοι
1534 1716 1613 1752 τήνδε
1623 1716 1672 1752 τὴν
1690 1715 1817 1743 διδασκα-

1028 1766 1089 1793 λίαν
1100 1767 1291 1802 προσήνεγκαν
1301 1773 1308 1780 ⁶
1319 1764 1368 1792 νῦν
1378 1764 1406 1791 δὲ
1414 1764 1465 1800 τῆς
1479 1762 1640 1799 οἰκουμένης
1648 1761 1678 1788 τδ
1691 1762 1816 1788 πλεῖστον

1027 1811 1198 1839 ἐπίστευσεν.

1063 1857 1140 1884 ΟΡΘ.
1161 1856 1287 1883 Μάλιστα
1313 1856 1364 1891 μέν
1379 1856 1448 1882 εἰσιν
1473 1855 1514 1882 ἔτι
1543 1854 1590 1882 καὶ
1613 1853 1744 1885 Ἰουδαῖοι,
1769 1852 1816 1881 καὶ

1028 1903 1169 1938 Ἕλληνες,
1186 1903 1233 1929 καὶ
1248 1902 1396 1937 αἰρετικῶν
1418 1901 1503 1936 μυρία
1519 1900 1692 1935 συστήματα,
1706 1899 1754 1926 καὶ
1763 1900 1816 1934 χρὴ

1027 1949 1129 1975 τούτων
1144 1949 1253 1983 ἑκάστῳ
1264 1947 1434 1983 κατάλληλον
1449 1946 1624 1973 διδασκαλίαν
1639 1944 1815 1980 προσφέρειν.

1026 1994 1058 2020 El
1072 1994 1099 2020 δὲ
1116 1994 1163 2021 καὶ
1175 1994 1276 2025 πάντες
1294 1993 1365 2030 ἦμεν
1382 1993 1544 2028 ὁμόφρονες,
1567 1991 1639 2022 εἰπὲ,
1656 1991 1682 2017 τί
1695 1990 1814 2017 λωϐᾶται

1025 2039 1057 2065 τὸ
1073 2039 1140 2065 Θεὸν
1163 2039 1210 2066 καὶ
1232 2039 1377 2074 ἄνθρωπον
1396 2039 1538 2074 ὁμολογεῖν
1558 2038 1605 2065 τὸν
1618 2038 1754 2073 Χριστόν;
1779 2037 1813 2063 Ἢ

1026 2083 1056 2109 οὐ
1070 2082 1186 2117 θεότητα
1199 2081 1307 2109 τελείαν
1320 2083 1349 2109 ὲν
1365 2082 1439 2118 αὺτῷ
1455 2084 1503 2110 καὶ
1518 2082 1717 2119 ἀνθρωπότητα
1729 2080 1804 2107 ὡσαύ

1026 2137 1080 2160 τως
1092 2128 1222 2162 ἀνελλιπῆ
1239 2128 1396 2164 Θεωροῦμεν
1406 2137 1413 2162 ;

1061 2173 1164 2200 EPAN.
1183 2173 1279 2200 Ταῦτα
1296 2173 1427 2205 πολλάκις
1446 2173 1673 2209 ὡμολογήσαμεν.

214 2209 321 2238 ORTH.
337 2210 393 2239 Cur
403 2220 473 2248 ergo
488 2221 562 2240 nunc
585 2213 707 2241 tollimus
722 2221 783 2249 quae
795 2215 896 2250 saepius
907 2222 973 2243 con-

1060 2219 1138 2246 οΡΘ.
1154 2219 1187 2245 Τί
1201 2219 1301 2254 δήποτε
1314 2219 1402 2246 τοίνυν
1415 2219 1582 2255 ἁναιροῦμεν
1597 2219 1669 2253 ἅπερ
1683 2217 1814 2250 πολλάκις

181 2255 244 2283 fessi
259 2263 354 2285 sumus
360 2257 376 2284 iv

214 2315 269 2351 85
287 2315 389 2344 ERAN.
406 2316 550 2344 Hominem
566 2318 703 2352 appellare
717 2316 857 2345 Christum
874 2326 971 2354 super-

188 2364 329 2388 ‘acaneum
345 2362 482 2395 existimo,
500 2363 652 2398 praesertim
674 2363 697 2391 si
718 2362 806 2391 ﬁdelis
820 2372 882 2396 cum
898 2364 971 2392 ﬁdeli

180 2405 360 2440 colloquatur.

214 2449 318 2478 ORTH.
349 2451 481 2480 Divinum
508 2452 668 2489 Apostolum
697 2462 731 2481 an
757 2454 866 2483 ﬁdelem
895 2455 970 2484 arbi-

181 2496 279 2523 traris?

215 2541 318 2570 ERAN.
336 2544 470 2571 Fidelium
486 2546 609 2573 omnium
625 2545 776 2574 doctorem.

213 2586 318 2615 OR'I‘ll.
344 2589 518 2618 Timotheum
542 2594 632 2619 autem
657 2592 709 2621 hac
730 2593 912 2628 appellatione
927 2594 969 2622 di-

180 2639 263 2666 gnum
278 2633 435 2663 existimas?

1024 2264 1243 2300 ὡμολογήσαμεν
1253 2274 1260 2298 ;

1060 2321 1161 2348 ΕΡΑΝ.
1182 2321 1219 2347 Τὸ
1242 2321 1385 2357 ἄνθρωπον
1410 2322 1503 2349 καλεῖν
1532 2322 1578 2349 τὸν
1619 2322 1737 2357 Χριστδν
1766 2321 1814 2348 ὺπ-

1023 2366 1123 2402 είληφα
1144 2367 1281 2402 περιττὸν,
1297 2367 1415 2404 μάλιστα
1432 2368 1528 2395 πιστόν
1542 2376 1602 2395 τινα
1621 2367 1710 2403 πιστῷ
1727 2376 1813 2403 προσ-

1024 2413 1226 2448 διαλεγόμενον.

1060 2458 1137 2486 ΟΡΘ.
1157 2458 1209 2485 Τὸν
1233 2458 1304 2486 θεῖον
1322 2459 1481 2486 ’Δπόστολον
1508 2459 1605 2487 πιστὸν
1635 2457 1704 2486 εἶναι
1736 2458 1811 2494 νομί-

1026 2503 1096 2535 (ac;

1024 2523 1039 2537 ἱ
1183 2550 1290 2577 Πιστῶν
1302 2549 1401 2586 μενοῦν
1413 2550 1541 2578 ἁπάντων
1553 2550 1724 2578 διδάσκαλον.

1060 2595 1135 2623 οΡΘ.
1156 2595 1208 2622 Τὸν
1221 2595 1250 2622 δὲ
1266 2596 1400 2631 Τιμόθεον
1430 2597 1513 2632 τῆσδε
1545 2597 1595 2633 τῆς
1625 2596 1810 2633 προσηγορίας

1024 2640 1178 2676 ὑπείληφας
1195 2640 1270 2672 ἄξιον
1278 2647 1286 2655 ”

214 2723 238 2738 θ’
255 2723 332 2751 Joan.
352 2733 407 2757 nu,
422 2725 465 2752 40.
504 2723 528 2740 ⁸³
544 2724 604 2753 Act.
622 2733 651 2758 ιι,
663 2725 706 2752 22.
750 2725 772 2742 ³⁸
790 2726 848 2754 Act.
868 2736 931 2762 xvn,
948 2729 993 2762 '50,
1009 2729 1052 2757 5|.

214 2812 279 2877 E241
295 2823 340 2850 πρ.
358 2815 501 2855 Ειιηῐὶοτη.
518 2821 545 2844 et
561 2817 635 2852 Lips.
653 2818 799 2855 προῦργον.

223 2849 240 2877 2
263 2855 268 2877 t
287 2858 377 2877 σεαυτ.
394 2850 476 2877 Sirm.
496 2852 601 2877 ἑαυτόν.

212 2844 275 2884 Θῆ
287 2844 377 2880 aeaut.
394 2850 476 2878 Sirm.
496 2844 601 2879 ἑαυτόνί

1053 2822 1109 2860 (23)
1126 2824 1192 2850 Σωτ.
1214 2824 1262 2852 Ed.
1283 2825 1361 2854 Rom.
1378 2829 1405 2852 et
1421 2825 1495 2860 Lips.
1513 2832 1606 2859 prmm.
1628 2826 1686 2854 τοῦ.

1056 2859 1112 2894 (24)
1129 2867 1174 2895 πρ.
1191 2859 1262 2888 Edit.
1282 2860 1360 2888 Rom.
1382 2860 1576 2895 προηγόρευεν.
