1953 3055
175 111 224 145 121

211 170 314 198 ΙιῖΡΛΝ.
340 170 384 203 Ὠς
401 171 506 198 ἐκείνου
527 179 559 205 γε
579 170 713 206 μαθητὴν,
731 169 780 196 καὶ
805 169 859 196 τῶν
883 167 970 195 ἄλλων

174 215 348 242 διδάσκαλον.

210 261 287 288 υΡΘ.
311 261 445 288 Ἄκουσον
461 262 552 288 τοίνυν
568 261 615 288 τοῦ
638 260 799 288 διδασκάλου
825 260 880 287 τῶν
897 260 970 286 διδα-

176 309 285 336 σκάλων
315 308 355 343 τῷ
387 308 549 344 τελειοτάτῳ
581 307 733 344 γράφοντος
764 308 883 343 μαθητῇ·
898 317 906 333 ι
924 305 970 338 Εἷς

175 355 251 388 Θεὸς,
270 352 311 387 εἷς
322 355 369 382 καὶ
385 355 497 390 μεσίτης
509 354 577 381 Θεοῦ
591 354 638 383 καὶ
650 353 812 391 ἀνθρώπων,
827 353 971 389 ἄνθρωπος

175 402 296 438 Χριστὸς
317 402 433 437 Ἰησοῦς,
447 403 461 428 ὁ
476 402 538 433 δοὺς
551 402 633 429 αὑτὸν
648 401 747 436 λύτρον
759 401 818 428 ἀντὶ
832 401 967 427 πάντων-ι

175 449 224 475 καὶ
241 448 345 474 παῦσαι
358 449 447 484 μάτην
464 448 627 482 ἀδολεσχῶν,
640 447 687 474 καὶ
702 448 802 483 νόμους
821 448 887 483 ἡμῖν
906 447 972 482 περὶ

175 494 256 521 θείων
280 494 422 530 ὀνομάτων
434 495 528 526 τιθείς.
558 494 614 522 Καὶ
629 494 696 521 αὐτὸ
709 494 738 521 δέ
753 503 784 529 γε
798 493 845 520 τοῦ
860 493 970 528 μεσίτου

173 539 205 564 τὸ
237 539 325 574 ὄνομα
360 538 488 575 θεότητος
520 539 637 566 ἐνταῦθα
672 539 719 566 καὶ
761 539 971 574 ἁνθρωπότητος

174 584 295 619 ὑπάρχει
312 584 471 620 δηλωτικόν.
499 585 537 612 θῠ
567 585 622 621 γὰρ
651 585 732 620 μόνον
758 584 890 620 ὑπάρχων
904 583 971 615 Θεὸς

174 629 278 665 ἐκλήθη
298 630 423 665 μεσίτης·
439 630 499 662 πῶς
512 630 568 666 γὰρ
583 631 616 657 ἂν
637 630 814 666 ἐμεσίτευσεν
833 631 900 665 ἡμῖν
923 629 970 655 καὶ

173 675 236 710 Θεῷ
251 675 335 710 μηδὲν
351 675 421 711 ἔχων
436 675 591 711 ἡμέτερον;
615 675 692 702 Ἐπεὶ
711 675 740 702 δὲ
757 675 795 707 ὡς
820 675 886 707 Θεὸς
907 683 971 701 συν-

172 720 260 755 ῆπται
275 720 314 756 τῷ
327 721 415 757 Πατρὶ
426 721 477 756 τὴν
499 721 586 756 αὐτὴν
605 720 676 756 ἔχων
692 721 786 748 οὐσίαν
805 721 872 756 (35),
886 720 924 752 ὡς
942 719 971 747 δὲ

172 765 318 801 ἄνθρωπος
329 768 407 802 ἡμῖν,
421 767 451 800 ἑξ
463 767 543 803 ἡμῶν
568 767 623 803 γὰρ
645 767 725 794 ἔλασε
741 766 790 803 τὴν
806 766 853 793 τοῦ
875 766 969 793 δούλου

174 812 295 848 μορφὴν,
311 813 426 845 είκὸτως
450 814 563 849 μεσίτης
581 814 751 850 ὠνόμασται.
775 814 919 841 συνάπτων
941 813 970 840 ἐν

170 857 264 893 ἑαυτῷ
274 857 311 884 τὰ
323 858 456 885 διεστῶτα
468 860 501 894 τῇ
517 858 613 886 ἑνώσει
630 859 691 886 τῶν.
699 859 818 894 φύσεων,
842 859 970 894 θεάπιτος

172 903 246 938 λέγω
261 904 306 931 καὶ
318 904 539 941 ἀνθρωπότητος.

209 991 313 1018 ΕΡΑΝ.
347 992 468 1028 Μωῠσῆς
503 990 549 1020 οὖν
581 993 631 1020 οὐκ
660 993 805 1030 ὠνομάσθη
842 994 968 1030 μεσίτης,

171 1035 317 1071 ἄνθρωπος
333 1035 371 1063 ὢν
389 1037 469 1072 μόνον
482 1046 488 1070 ;

208 1081 285 1109 ΟΡΘ.
307 1081 400 1114 Τύπος
414 1080 448 1118 ἦν
463 1084 566 1116 ἐκεϊνος
582 1084 633 1119 τῆς
649 1083 790 1120 ἀληθείαςο
807 1085 822 1111 ὁ
839 1084 867 1110 δὲ
883 1084 969 1116 τύπος

171 1128 224 1154 οὒκ
254 1127 310 1163 ἔχει
333 1128 422 1156 πάντα
445 1129 495 1156 ὅσα
510 1138 563 1165 περ
578 1131 595 1165 ἡ
623 1130 747 1165 ἀλήθεια.
775 1127 813 1159 Ob
841 1130 873 1166 δὴ
888 1130 970 1166 χάριν

172 1174 279 1206 ἐκεῖνος
297 1174 347 1201 οὐκ
363 1172 397 1210 ἦν
417 1175 466 1210 μὲν
481 1176 562 1210 φύσει
579 1176 656 1209 Θεὸς,
677 1176 826 1212 ὠνομάσθη
845 1176 873 1203 δὲ
894 1177 970 1212 ὅμως

174 1218 246 1251 θεὸς,
263 1219 306 1245 ἴνα.
327 1219 459 1255 πληρώσῃ
486 1220 532 1247 τὸν
561 1221 657 1248 τύπον.
672 1230 682 1247 ι
704 1221 770 1248 Ἰδοὺ
800 1221 865 1256 γὰρ,
891 1221 968 1256 φησὶ,

173 1264 286 1291 τέθεικά
301 1273 332 1290 σε
348 1265 409 1292 θεὸν
425 1265 464 1301 τῷ
477 1266 577 1300 Φαραῷ
591 1266 659 1301 (26)·
675 1275 683 1292 ι
703 1266 804 1293 αὐτίκα
819 1267 910 1294 τοίνυν
932 1267 969 1298 ὡς

174 1309 236 1345 Θεῷ
252 1310 300 1337 καὶ
316 1311 461 1346 προφήτην
477 1311 627 1346 ἀφώρισεν.
647 1321 658 1338 ι
680 1311 786 1347 ’Λαρὼν
799 1312 864 1347 γὰρ,
875 1312 968 1347 φησὶν,

173 1357 188 1383 ὁ
215 1357 330 1392 ἁδελφός
357 1365 415 1389 σου.
445 1357 596 1393 ἐσται(27)
622 1367 663 1385 σοι
690 1359 844 1395 προφήτης.
862 1368 872 1384 ι
896 1358 969 1385 Ἡδὲ

173 1402 302 1437 ἀλήθεια,
316 1403 364 1429 καὶ
375 1403 441 1435 Θεὸς
452 1403 544 1438 φύσει,
557 1404 605 1431 καὶ
623 1404 768 1441 ἄνθρωπος
780 1405 871 1439 φύσει.

211 1449 314 1478 EPAN.
349 1451 405 1477 Καὶ
437 1451 480 1482 τίς
516 1450 549 1477 ἂν
581 1451 696 1478 καλέσαι
727 1451 813 1478 τύπον
845 1451 891 1478 τὸν
920 1452 970 1478 οὐκ

711 110 900 141 DIALOGUS
918 109 960 138 Il.
981 119 1015 124 -
1034 108 1282 140 INCONFUSUS.

1763 107 1813 140 122

985 166 1007 194 Α
1057 168 1160 196 ERAN.
1187 168 1330 204 Tanquam
1348 168 1422 197 illius
1443 169 1619 204 discipulum,
1641 172 1670 196 et
1694 168 1813 197 aliorum

1022 216 1193 250 magistrum.

1058 260 1164 288 ORTH.
1177 261 1249 289 Audi
1270 269 1335 298 ergo
1348 261 1488 289 doctorem
1504 260 1649 288 doctorum
1668 257 1813 294 perfectis-

1022 307 1092 334 simo
1109 307 1276 338 scribentem
1297 308 1433 343 discipulo
1449 317 1455 334 :
1476 317 1485 333 ι
1504 307 1581 335 Unus
1601 307 1683 338 Deus,
1699 313 1772 333 unus
1785 309 1814 334 et

1023 352 1158 379 mediator
1177 352 1224 379 Dei
1246 357 1274 380 et
1294 353 1447 384 hominum,
1465 352 1547 378 homo
1568 350 1695 378 Christus
1715 350 1812 382 Jesus,

1022 397 1073 431 qui.
1082 397 1162 428 dedit
1172 397 1293 432 seipsum
1310 398 1526 432 redemptionem
1541 404 1590 432 pro
1605 396 1732 423 omnibus
1745 395 1782 428 ‘5;
1800 405 1809 420 ι

1021 448 1051 470 et
1065 443 1162 471 desine
1185 444 1327 471 incassum
1346 444 1454 479 nugari,
1471 444 1587 478 etleges
1597 443 1678 470 nobis
1692 442 1725 469 de
1740 442 1812 468 divi-

1021 489 1065 517 nis
1085 490 1245 518 nominibus
1258 490 1409 525 imponere.
1425 489 1582 523 Quinetiam
1601 496 1701 516 nomen
1723 488 1811 523 ipsum

1022 537 1182 565 mediatoris
1195 542 1223 565 et
1235 537 1407 565 divinitatem
1422 537 1475 564 hoc
1486 536 1553 566 loco,
1567 539 1599 566 et
1614 534 1813 568 humanitatem

1021 583 1166 619 signiﬁcat.
1179 583 1274 618 Neque
1285 583 1370 615 enim,
1385 583 1407 610 si
1420 583 1493 610 Deus
1501 582 1588 609 solum
1597 585 1679 612 esset,
1695 587 1809 607 vocare-

1022 634 1067 656 tur
1083 630 1235 662 mediator.»
1245 629 1388 662 Quomodo
1411 628 1484 656 enim
1509 627 1581 654 inter
1605 634 1656 653 nos
1677 631 1705 653 et
1727 626 1813 652 Deum

1021 675 1183 703 mediatoris
1195 683 1296 703 munus
1313 679 1518 710 exsequeretur,
1534 673 1557 700 si
1575 672 1662 700 nostri
1677 671 1746 702 nihil
1763 671 1813 698 ha-

1021 722 1119 750 beret?
1131 722 1190 750 Sed.
1207 722 1272 757 quia
1291 726 1322 749 ut
1344 721 1418 748 Deus
1439 720 1559 748 coheret
1574 718 1664 750 Patri,
1688 717 1813 745 eamdem

1021 769 1127 796 habens
1149 767 1342 799 substantiam,
1363 771 1396 794 et
1414 771 1445 794 ut
1460 766 1543 793 homo
1557 764 1639 791 nobis
1652 763 1796 798 copulatur
1806 783 1816 798 ,

1021 815 1086 850 quia
1097 822 1131 842 ex
1145 814 1226 841 nobis
1244 813 1317 840 servi
1330 812 1445 840 formam
1459 810 1576 846 accepit,
1590 813 1664 837 recte
1679 808 1814 836 mediator

1021 863 1208 896 nuncupatur,
1222 867 1255 887 ea
1272 866 1334 894 quae
1346 858 1488 894 disiuncta
1500 860 1579 884 erant
1598 856 1626 883 in
1643 855 1733 890 seipse
1745 861 1797 882 con
1807 869 1813 874 -

1019 908 1138 943 iungens
1160 905 1263 933 unione
1274 908 1447 936 naturarum,
1459 901 1622 934 divinitatis,
1642 901 1766 935 inquam,
1784 903 1815 927 et

1021 953 1210 981 humanitatis.

1056 1000 1161 1027 ERAN.
1180 998 1279 1027 Annon
1301 997 1390 1025 Moses
1419 996 1572 1032 appellatus
1596 999 1640 1022 est
1660 993 1813 1025 mediator,

1021 1055 1083 1075 eum
1099 1051 1173 1074 esset
1187 1049 1291 1072 tantum
1307 1043 1410 1071 homo?

1055 1092 1161 1120 OR-TH.
1176 1092 1268 1126 Typus
1279 1094 1339 1117 erat
1349 1089 1394 1116 ille
1404 1087 1528 1116 veritatis
1541 1096 1548 1114 π
1562 1091 1642 1122 typus
1653 1089 1746 1113 autem
1758 1091 1812 1111 non

1020 1140 1104 1167 habet
1127 1139 1217 1167 omnia
1236 1145 1296 1172 qua:
1318 1136 1402 1163 habet
1423 1135 1533 1162 veritas.
1552 1133 1735 1167 Quamobrem
1758 1139 1813 1158 non

1020 1191 1081 1214 erat
1096 1185 1207 1220 quidem
1223 1184 1269 1211 ille
1290 1186 1388 1210 natura
1409 1182 1491 1213 Deus,
1508 1184 1536 1207 et
1555 1184 1645 1206 tamen
1661 1177 1815 1212 appellatus

994 1234 997 1238 ”
1020 1237 1062 1260 est
1076 1232 1162 1263 deus,
1180 1236 1211 1258 ut
1227 1235 1319 1265 typum
1335 1228 1470 1263 impleret.
1489 1235 1498 1251 ι
1516 1226 1587 1253 Ecce
1601 1224 1686 1255 enim,
1709 1222 1812 1257 inquit.

1020 1278 1152 1308 constitui
1171 1282 1196 1304 te
1213 1276 1295 1303 deum
1304 1275 1360 1310 86
1378 1272 1515 1300 Pharaoni
1530 1270 1572 1303 3";
1595 1280 1603 1296 ι
1619 1274 1647 1297 et
1664 1269 1736 1296 illico
1752 1272 1813 1294 tan-

1020 1333 1102 1360 quam
1117 1324 1173 1351 Deo
1187 1323 1349 1358 prophetam
1365 1319 1497 1355 adjunxit.
1517 1327 1526 1342 ι
1543 1317 1634 1344 Aaron
1651 1317 1658 1325 '
1671 1315 1757 1346 enim,
1772 1321 1815 1340 m-

1020 1371 1091 1406 quit.
1109 1370 1194 1397 frater
1209 1374 1271 1397 tuus
1284 1367 1337 1395 erit
1351 1366 1400 1394 tibi
1417 1365 1551 1400 propheta
1563 1362 1597 1389 ³⁷.
1617 1371 1625 1387 ι
1642 1360 1748 1389 Veritas
1761 1367 1813 1387 au-

1022 1421 1086 1448 tem,
1102 1420 1130 1443 et
1142 1415 1214 1442 Deus
1228 1417 1269 1442 est
1286 1417 1394 1444 natura,
1407 1415 1437 1439 et
1449 1413 1548 1437 natura
1561 1409 1654 1436 homo.

1057 1462 1161 1491 ERAN.
1176 1461 1210 1488 Et
1229 1460 1292 1495 quis
1305 1463 1398 1494 typum
1413 1456 1531 1492 appellet
1547 1462 1621 1486 eum,
1639 1453 1686 1487 qui
1702 1451 1813 1479 eviden-

985 838 1013 871 B,

170 1496 301 1531 ἐναργεῖς
335 1495 432 1532 ἔχοντα
470 1496 518 1523 τοῦ
549 1497 704 1532 ἀρχετύπου
736 1499 800 1530 τοὺς
831 1498 968 1534 χαρακτῆ-

1027 1514 1062 1537 Lcs
1089 1506 1234 1543 archetypi
1245 1506 1419 1534 characteres
1429 1510 1483 1529 non
1499 1500 1602 1528 habet?

172 1550 243 1578 ραςς

209 1588 286 1614 ΟΡΘ.
313 1588 357 1620 Ὠς
371 1587 454 1620 ἔοικε,
467 1589 518 1620 τὰς
536 1588 680 1624 βασιλικὰς
701 1589 808 1621 εἰκόνας
827 1589 857 1616 οὺ
877 1589 969 1621 καλεῖς

172 1633 308 1668 βασιλέως
321 1634 446 1667 είκόνσις;

207 1679 312 1706 EPAN.
334 1680 455 1715 Πάνυγε.

207 1726 285 1753 ΘΡΘ.
314 1727 369 1753 Καὶ
395 1727 449 1763 μὴν
473 1728 504 1754 οὐ
530 1729 619 1756 πάντα.
647 1728 767 1764 ἔχουσιν.
791 1730 842 1756 ὅσα
862 1738 915 1766 περ
938 1730 968 1756 τὸ

169 1772 330 1809 ἀρχέτυπον
360 1772 427 1808 ἔχει.
456 1774 569 1810 Πρῶτον
597 1775 647 1810 μὲν
672 1776 726 1811 γάρ
741 1777 810 1803 εἰσιν
824 1776 923 1811 ἄψυχοί
938 1785 968 1803 τε

170 1819 219 1845 καὶ
232 1818 337 1853 ἄλογοι*
352 1817 411 1846 εἶτα
422 1820 477 1847 τῶν
491 1821 567 1852 ἐντὸς
582 1822 686 1857 μορίων
702 1822 874 1859 ἐστέρηνται,
897 1831 967 1859 καρ-

168 1865 240 1897 δίας,
254 1865 337 1900 φημὶ,
351 1866 399 1892 καὶ
411 1866 525 1899 κοιλίας,
541 1868 590 1894 καὶ
602 1868 718 1903 ἥπατος,
731 1869 779 1895 καὶ
793 1869 849 1895 τῶν
879 1869 968 1897 ἄλλων

169 1912 259 1938 ὁπόσα.
289 1911 396 1943 τούτοις
425 1912 615 1944 συνέζευκται.
635 1915 752 1941 Ἔπειτα
780 1915 812 1941 τὸ
841 1915 890 1949 μὲν
914 1916 969 1943 τῶν

170 1956 328 1992 ιιίσϐήσεων
343 1956 452 1992 ἔχουσιν
468 1956 549 1990 εἶδος,
575 1959 625 1991 τὰς
644 1959 672 1985 δὲ
698 1959 801 1987 τούτων
829 1961 969 1996 ἐνεργείας

170 2002 277 2029 οὐκέτι.
294 2002 363 2029 Οὔτε
377 2003 432 2039 γὰρ
456 2004 609 2037 ἐπαΐουσιν,
626 2004 688 2031 οὔτε
711 2005 888 2040 φθέγγονται.
906 2006 968 2034 οὕτε

169 2049 283 2086 ὁρῶσιν·
308 2049 340 2075 οὗ
365 2050 528 2084 γράφουσιν,
553 2051 584 2077 οὺ
612 2050 776 2086 βαδίζουσιν,
799 2052 848 2078 οὐκ
863 2052 928 2079 ἄλλο
942 2061 969 2079 τι

170 2095 257 2131 δρῶσι
270 2095 326 2122 τῶν
341 2095 530 2131 ἀνθρωπίνωνο
547 2096 605 2123 ἀλλ’
616 2097 692 2132 ὅμως
707 2098 810 2129 εἰκόνες
823 2098 969 2126 καλοῦνται

173 2140 323 2175 βασιλικαί.
341 2140 419 2169 Οὕτω
432 2141 480 2168 καὶ
496 2142 618 2176 Μωῦσῆς
631 2142 755 2178 μεσίτης,
769 2144 817 2170 καὶ
827 2145 841 2170 ὁ
852 2144 969 2179 Χριστὸς

174 2187 299 2222 μεσίτης·
317 2186 401 2213 ἀλλ⁹ὸ
420 2187 480 2222 μὲν,
501 2187 540 2219 ὡς
562 2187 645 2214 εἰκὼν
670 2188 718 2215 καὶ
741 2189 865 2221 τύποςοηὸ
878 2189 916 2221 δὲ,
931 2191 969 2223 ὡς

173 2231 300 2267 ἀλήθεια.
319 2233 377 2259 Ἵνα
388 2233 418 2260 δέ
434 2242 476 2260 σοι
491 2235 538 2261 καὶ
552 2234 687 2270 ἑτέρωθεν
712 2236 778 2263 αὐτὸ
804 2238 971 2274 σαφέστερον

172 2278 313 2312 ἐπιδείξω,
328 2279 486 2316 ἀνάμνησον
501 2281 552 2316 μὲν
570 2281 626 2316 (Ξδ)
645 2282 699 2308 τῶν
723 2282 788 2318 περὶ
803 2283 851 2310 τοῦ
872 2283 973 2319 Μελχι-

173 2325 253 2352 σεδὲκ
266 2326 419 2366 εἰρημένων
432 2327 462 2354 ὲν
475 2329 509 2363 τῇ
527 2327 596 2363 πρὸς
619 2327 759 2364 Ἑϐραίους
778 2329 934 2366 Ἐπιστολῇ.

208 2370 313 2397 ΕΡΔΝ.
335 2371 424 2398 Ποίων
434 2380 442 2405 ;

209 2415 287 2443 0P9.
314 2417 453 2449 Ἐκείνων,
467 2417 533 2445 ἔνθα
546 2419 741 2455 παρεξετάζων
762 2421 776 2447 ὁ
791 2421 863 2453 θεῖος
885 2421 969 2448 Ἀπό-

172 2463 268 2495 στολοις
292 2463 344 2498 τὴν
357 2464 505 2499 Λευῖτικὴν
534 2465 685 2502 ἱερωσύνην
710 2468 743 2503 τῇ
769 2466 817 2494 τοῦ
837 2468 967 2503 Χριστοῦ,

171 2509 309 2535 ἀπείκασε
341 2510 390 2544 μὲν
416 2510 448 2536 ὲν
470 2512 528 2543 τοῖς
551 2511 642 2544 ἄλλοις
669 2513 715 2540 τὸν
744 2513 911 2549 Μελχισεδὲκ
930 2515 969 2550 τῷ

172 2554 298 2591 Δεσπότῃ
317 2555 437 2590 Χριστῷ·
448 2556 499 2592 τὴν
514 2556 543 2584 δέ
559 2566 591 2592 γε
607 2558 758 2595 ἱερωσύνην
771 2559 846 2596 ἔχειν
857 2560 910 2596 ἔφη
923 2561 968 2587 τὸν

172 2599 278 2635 Κύριον
290 2600 362 2627 κατὰ
374 2601 423 2638 τὴν
438 2602 515 2636 τάξιν
532 2604 708 2639 Μελχισεδέκ,

207 2646 311 2673 EPAN.
332 2646 416 2683 Οἶμαι
429 2648 501 2676 οὕτω
524 2649 613 2684 λέγειν
643 2650 688 2677 τὸν
703 2651 774 2678 θεῖον
793 2652 964 2680 Ἀπόστολον-

1054 1597 1160 1626 ORTII.
1176 1596 1276 1632 Regias
1289 1594 1432 1630 imagines,
1446 1597 1477 1620 ut
1489 1595 1614 1627 apparet,
1629 1589 1701 1625 regis
1718 1587 1813 1623 imagi-

1019 1653 1069 1672 nes
1081 1652 1136 1671 non
1149 1643 1248 1670 vocas?

1054 1689 1158 1717 ERAN.
1171 1687 1300 1716 Omnino.

1054 1735 1159 1763 ORTH.
1175 1734 1209 1762 Et
1231 1737 1321 1760 tamen
1343 1731 1434 1759 omnia
1452 1738 1506 1758 non
1522 1729 1626 1757 habent
1647 1735 1708 1764 qua:
1729 1726 1813 1754 habet

1019 1781 1209 1816 archetypum.
1230 1779 1352 1806 Primum
1367 1777 1442 1805 enim
1461 1776 1618 1803 inanimata:
1632 1778 1707 1806 sunt,
1725 1777 1754 1801 et
1767 1780 1813 1799 ra-

1020 1826 1103 1855 tionis
1112 1830 1255 1861 expertes;
1265 1823 1365 1851 dcinde
1376 1821 1556 1849 interioribus
1566 1820 1698 1848 membris
1707 1821 1812 1849 carent,

1020 1873 1113 1905 corde,
1129 1872 1252 1906 inquam,
1268 1875 1296 1897 et
1312 1875 1420 1900 ventre,
1434 1868 1573 1902 etjccore,
1592 1870 1619 1892 et.
1633 1864 1740 1892 exteris
1753 1871 1813 1898 quze

1020 1919 1064 1947 his
1076 1913 1227 1954 conjuncta
1246 1920 1319 1944 sunt.
1339 1914 1381 1942 Ad
1402 1914 1460 1941 hmc
1481 1919 1611 1939 sensuum
1625 1909 1737 1944 quidem
1750 1916 1813 1943 spe-

1020 1965 1091 1993 ciem
1109 1972 1165 1998 prte
1181 1971 1210 1990 se
1223 1962 1331 1993 ferunt,
1347 1960 1395 1988 sed
1409 1966 1505 1987 eorum
1523 1957 1646 1984 actiones
1664 1963 1720 1982 non
1734 1963 1813 1982 exer-

1021 2015 1092 2038 cent.
1103 2009 1164 2037 Non
1175 2009 1250 2036 enim
1262 2007 1389 2039 audiunt,
1401 2013 1453 2032 nec
1464 2005 1625 2039 loquuntur,
1637 2011 1689 2029 nec
1701 2002 1794 2028 \itlent
1806 2009 1812 2027 :

1020 2065 1075 2084 non
1086 2056 1222 2087 scribunt,
1234 2062 1286 2081 nec
1298 2052 1440 2084 incedunt,
1451 2058 1503 2078 nec
1513 2049 1662 2084 quidquam
1674 2048 1747 2074 aliud
1762 2047 1813 2073 hu-

1021 2110 1133 2130 manum
1149 2104 1242 2137 agunt.
1257 2099 1292 2127 Et
1305 2102 1395 2126 tamen
1408 2098 1542 2133 imagines
1554 2095 1637 2130 regia:
1652 2101 1812 2126 nuneupan-

1022 2153 1077 2176 tur.
1094 2148 1140 2176 Sic
1155 2151 1183 2175 et
1196 2147 1285 2174 Moses
1298 2145 1433 2173 mediator
1451 2148 1503 2175 est,
1517 2146 1545 2170 et
1563 2141 1691 2169 Christus
1708 2138 1810 2165 media-

987 2183 1008 2209 θ
1022 2201 1083 2224 tor:
1100 2194 1148 2222 sed
1162 2194 1207 2221 ille
1218 2192 1340 2228 quidem,
1356 2191 1483 2225 utimago
1497 2193 1525 2217 et
1538 2192 1634 2223 typus;
1650 2185 1694 2213 hic
1709 2188 1812 2214 autem,

1020 2247 1051 2270 ut
1067 2241 1179 2269 veritas.
1198 2239 1232 2267 Ut
1244 2242 1337 2266 autem
1350 2237 1403 2264 hoc
1416 2236 1500 2264 etiam
1514 2235 1569 2262 alio
1585 2232 1710 2267 exemplo
1725 2229 1812 2257 mani-

1018 2288 1117 2317 festius
1133 2287 1182 2314 tibi
1207 2286 1364 2317 declarem,
1387 2287 1482 2319 repete
1506 2281 1639 2309 memoria
1660 2287 1720 2314 quae
1740 2278 1811 2305 dicta

1019 2339 1085 2362 sunt
1097 2333 1131 2361 de
1142 2331 1341 2360 Melchisedeco
1357 2330 1386 2357 in
1397 2328 1519 2365 Epistola
1530 2327 1565 2355 ad
1577 2326 1717 2353 Hebraeos.

1056 2377 1160 2406 ERAN.
1177 2375 1330 2410 Quaenam?

1053 2421 1158 2450 ORTH.
1177 2422 1236 2454 Illa,
1254 2421 1281 2448 in
1297 2420 1399 2455 quibus
1414 2419 1525 2446 divinus
1539 2415 1696 2451 Apostolus,
1716 2412 1810 2441 confe-

1018 2476 1083 2496 rens
1097 2468 1251 2496 Leviticum
1266 2465 1452 2494 sacerdotium
1472 2471 1535 2492 cum
1556 2462 1710 2490 sacerdotio
1730 2460 1809 2488 Chri-

1018 2515 1063 2547 sti,
1078 2513 1308 2542 Melchisedecum
1332 2512 1360 2539 in
1379 2511 1441 2539 aliis
1456 2510 1541 2538 rebus
1554 2517 1616 2536 cum
1632 2507 1743 2535 Christo
1755 2507 1809 2535 Do-

1018 2561 1094 2589 mino
1115 2559 1307 2596 comparavit:
1327 2562 1387 2596 tum
1410 2564 1477 2584 vero
1499 2555 1685 2583 sacerdotium
1709 2554 1813 2581 habere

1020 2608 1096 2636 illum
1112 2595 1182 2635 dixit
1195 2595 1346 2634 secundum
1361 2604 1486 2632 ordinem
1501 2601 1694 2630 Melchisedeei
1706 2601 1739 2628 ³³⁸.

1054 2655 1108 2691 87
1126 2654 1229 2682 ERAN.
1244 2653 1371 2680 Arbitror
1391 2651 1431 2679 sic
1447 2651 1540 2679 dicere
1553 2649 1677 2677 divinum
1694 2648 1809 2684 Aposto»

207 2703 231 2719 "
248 2704 342 2732 lTim.
360 2714 389 2738 ιι,
404 2706 431 2739 5,
448 2707 474 2734 6.
512 2707 534 2723 ⁸⁸
551 2708 636 2736 Exod.
651 2717 696 2741 vn,
716 2710 738 2736 l.
778 2709 800 2728 "
816 2710 883 2738 ibid.
916 2712 938 2727 "‘
957 2713 965 2740 ι

1027 2723 1040 2740 ·.
1063 2722 1098 2746 \‘l,
1116 2713 1161 2740 '20.

208 2762 265 2797 (‘25)
278 2763 338 2790 οὐσ.
358 2763 441 2791 Sirm.
456 2764 589 2797 ἐξουσίαν.

207 2799 263 2838 ςὲὅ)
284 2798 324 2838 τῷ
340 2800 408 2838 διἀΑρι
433 2799 511 2826 (ᾅιηιί.
538 2804 555 2827 t.
579 2800 598 2831 Ι,
624 2809 649 2836 p.
671 2801 729 2830 l5l.
747 2802 833 2829 schol.
855 2803 877 2838 l;
895 2808 919 2831 et
939 2812 965 2838 p.

172 2833 251 2867 H08.
270 2834 356 2862 5"l10l.
375 2834 400 2861 8.

1052 2770 1107 2804 (27)
1127 2769 1176 2796 Ed.
1197 2770 1275 2796 Rom.
1292 2768 1403 2804 et[.ips.
1421 2767 1488 2794 ἔστι.

1060 2806 1116 2840 (:28)
1134 2806 1231 2843 ἁνὰμν.
1248 2805 1306 2840 μέν.
1321 2802 1403 2831 Sirm.
1421 2802 1574 2839 ἀνάμνησόν
1593 2809 1653 2838 μου.
