1953 3055
194 145 246 178 ὶ23

695 142 943 174 THEODORETI
958 144 1130 174 EPISCOPI
1150 143 1334 174 CYRENSIS

1783 141 1833 172 124

192 204 251 231 lum
267 211 273 229 :
291 211 300 228 ‹
316 202 367 229 Hic
377 201 452 228 enim
468 198 660 231 Melchisedec,
679 206 725 226 rex
738 199 838 231 Salem,
858 198 975 226 sacerdo:

1040 207 1049 223 ‹
1068 194 1153 229 Οὗτος
1169 197 1223 232 γὰρ
1249 196 1426 232 Μελχισεδὲκ,
1454 196 1583 231 βασιλεὺς
1608 195 1714 232 Σαλὴμ,
1743 198 1833 233 ἱερεὺς

192 250 241 277 Dei
256 248 366 279 summi,
381 247 427 282 qui
446 246 555 273 obviam
570 245 645 272 venit
661 245 818 272 Abrahamo
830 252 956 279 regresso
971 252 986 271 a

192 294 267 323 caede
284 301 394 328 regum,
413 297 441 319 et
456 291 597 319 benedixit
611 291 652 324 ei;
675 291 720 318 cui
741 294 769 318 et
788 290 909 319 decimas
925 298 985 317 om-

191 342 270 369 nium
286 340 427 368 distribuit
443 338 599 370 Abraham;
615 337 662 372 qui
677 337 797 372 primum
813 336 925 370 quidem
940 343 986 362 ex-

192 388 305 423 ponitur
319 385 499 420 rexjustitite,
513 383 613 411 deinde
630 386 658 410 et
673 390 720 409 rex
737 382 837 413 Salem,
856 382 930 417 quod
944 385 986 409 est

193 442 240 460 rex
259 432 343 468 pacis,
363 431 422 458 sine
440 434 527 465 patre,
546 430 604 457 sine
623 433 721 460 matre,
737 429 796 455 sine
816 428 983 463 genealogia,

191 486 281 513 neque
300 477 408 504 initium
423 476 542 507 dierum.
557 483 647 510 neque
671 474 752 501 ﬁnem
767 475 830 501 vitm
851 474 956 501 habens
976 483 982 500 :

191 525 358 552 assimilatas
370 526 461 551 autem
474 523 544 550 Filio
555 522 614 553 Dei,
630 526 723 548 manet
735 521 864 548 sacerdos
879 521 907 548 in
919 529 983 556 per-

162 566 165 570 ’
191 574 304 604 petuum
320 568 364 595 ³⁸2
383 578 392 593 ι
408 568 446 594 De
460 567 504 595 his
516 571 583 607 puto
599 570 627 593 te
640 566 858 596 verbisdixisse.

223 700 328 728 ΟῐὶΤΙΙ.
345 701 383 727 De
403 700 446 727 his
469 700 535 728 dixi.
554 699 649 728 Laudo
668 700 767 732 etiam,
793 700 865 735 quod
891 700 982 728 locum

189 754 243 773 non
259 746 456 778 mutilum,sed
473 746 611 780 integrum
627 746 798 774 reeitaveris.
813 747 861 773 Dic
879 747 979 782 igitur:

188 792 386 828 Congruuntne
411 792 510 819 horum
527 792 633 827 singula
655 792 855 820 Melchisedeco
881 800 981 820 secun-

188 838 253 865 dum
269 841 395 865 naturam
407 842 439 869 et,
448 837 612 864 veritatem?

1037 243 1085 270 τοῦ
1114 243 1181 270 Θεοῦ
1201 244 1248 270 τοῦ
1280 244 1404 279 ὑψίστου,
1439 244 1453 269 ό
1490 243 1659 278 συναντήσας
1693 243 1732 279 τῷ
1764 244 1832 280 (28‘)

1044 289 1170 325 Ἀϐραὰμ
1186 289 1386 325 ὑποστρέφοντι
1397 289 1451 316 ἀπὸ
1461 289 1510 324 τῆς
1524 290 1611 324 κοπῆς
1621 290 1675 316 τῶν
1688 289 1830 325 βασιλέων,

1037 337 1085 363 καὶ
1106 337 1256 372 εὐλογήσας
1272 336 1363 363 αὐτόν’
1415 337 1462 362 καὶ
1477 335 1594 370 δεκάτην
1622 335 1749 372 ἐμέρισεν
1778 336 1831 363 ἀπὸ

1037 382 1146 409 πάντων
1177 382 1312 418 Ἀϐραάμ·
1328 382 1436 415 πρῶτον
1461 381 1679 417 ἑρμηνευόμενος
1704 381 1830 416 βασιλεὺς

1035 428 1218 464 δικαιοσύνης,
1236 428 1330 454 ἔπειτα
1344 427 1373 454 δὲ
1396 429 1444 454 καὶ
1459 427 1584 462 βασιλεὺς
1601 427 1707 463 Σαλὴμ,
1734 428 1748 455 ὅ
1772 429 1830 455 ἐστι

1036 473 1162 509 βασιλεὺς
1177 474 1300 510 εἰρήνης,
1316 473 1442 509 ἀπάτωρ,
1460 473 1587 508 ἀμήτωρ,
1602 473 1828 510 ἀγενεαλόγητος·

1036 519 1105 554 μήτε
1121 519 1209 554 ἀρχὴν
1227 519 1348 554 ἡμερῶν,
1380 519 1448 554 μήτε
1477 518 1550 554 ζωῆς
1567 519 1643 550 τέλος
1671 519 1751 554 ἔχων·
1776 521 1828 553 ἀφ-

1033 564 1210 600 ωμοιωμένος
1226 565 1253 591 δὲ
1268 565 1306 599 τῷ
1322 564 1379 600 Υὶῷ
1394 564 1441 591 τοῦ
1457 564 1535 597 Θεοῦ,
1553 564 1626 598 μένει
1643 565 1733 600 ἱερεὺς
1747 566 1787 597 εἷς
1798 564 1829 592 τὸ

1033 610 1166 645 διηνεκές.
1184 621 1193 637 ι
1215 611 1283 647 Περὶ
1299 611 1402 638 τούτων
1415 608 1492 646 οἶμαί
1518 619 1548 638 σε
1564 611 1618 637 τῶν
1644 611 1734 647 ῥητῶν
1749 613 1827 647 είρη-

1034 656 1122 684 κέναι.

1068 703 1144 729 ΟΡΘ.
1166 704 1233 739 Περὶ
1246 704 1349 730 τούτων
1363 703 1442 738 ἔφην,
1456 704 1503 730 καὶ
1520 703 1623 730 ὲπαινῶ
1640 703 1669 730 δέ
1683 712 1715 738 γε
1735 704 1776 730 ὅτι
1796 705 1827 730 τὸ

1032 749 1131 783 χωρίον
1144 749 1174 775 οὐ
1205 749 1345 784 διέκοψας,
1359 749 1416 776 ἀλλ’
1428 749 1488 776 ὅλον
1499 749 1633 781 τέθεικας.
1647 749 1714 776 Εἰπὲ
1724 749 1826 781 τοίνυν,

1031 794 1161 830 ἁρμόττει
1185 795 1288 822 τούτων
1304 795 1418 822 ἕκαστον
1443 795 1482 830 τῷ
1498 794 1667 830 Μελχισεδὲκ
1682 795 1761 830 φύσει
1780 795 1827 821 καὶ

1032 840 1147 876 ἀληθείᾳ.
1159 849 1167 873 ς

223 883 327 910 ERAN.
354 883 422 916 Quis
449 882 565 910 auderet
589 882 746 917 disjungere
775 890 840 917 qua:
870 882 975 910 divinus

1066 885 1168 913 EPAN.
1189 886 1244 913 Καὶ
1260 886 1301 918 τίς
1323 885 1395 912 οὕτω
1427 885 1530 922 θρασὺς
1559 886 1719 922 ἅφαρμόσαι
1753 886 1824 922 ἅπερ

187 929 336 964 Apostolus
350 928 513 963 cunjunxit?

221 977 231 986 ‘
247 975 352 1002 (iRTll.
367 974 440 1002 Dicis
453 975 536 1009 igitur
552 974 752 1006 Melchisedceo
763 975 914 1002 secundum
930 983 980 1002 na-

187 1024 277 1047 turam
292 1021 351 1048 haec
364 1020 536 1055 congruere?

222 1066 326 1093 ERAN.
350 1066 426 1093 Dico.

222 1110 327 1138 ORTll.
345 1111 490 1139 Hominem
513 1112 590 1140 illum
608 1120 668 1143 esse
683 1112 763 1146 dicis,
780 1120 815 1147 an
836 1113 916 1145 aliam
934 1121 979 1140 as—

186 1158 335 1192 sumpsisse
354 1162 481 1185 naturam
490 1158 508 1185 ἳ-

220 1203 324 1230 ERAN.
343 1203 498 1231 Hominem.

218 1247 323 1276 on'rn.
339 1248 480 1281 Genitum,
497 1257 532 1277 an
549 1249 720 1284 ingenitum?

220 1294 324 1321 ERAN.
340 1294 511 1328 Qumstiones
526 1295 605 1325 valde
620 1295 753 1323 absurdas
764 1295 905 1330 proponis.

218 1339 323 1368 ORTH.
342 1341 382 1368 Tu
402 1341 499 1368 harum
516 1349 598 1369 causa
610 1349 651 1374 es,
666 1342 713 1377 qui
732 1346 827 1377 aperte
842 1350 978 1378 repugnas

183 1387 301 1414 veritati.
318 1387 465 1422 Responde
478 1387 572 1422 igitur.

217 1433 322 1462 EBAN.
336 1433 414 1460 Unus
423 1438 465 1461 est
477 1434 553 1465 solus
566 1434 714 1469 ingenitus,
727 1435 801 1462 Deus
809 1439 838 1462 et
849 1435 939 1463 Pater.

217 1523 322 1550 ORTH.
335 1523 466 1551 Genituin
481 1524 566 1560 igitur
577 1526 805 1553 Melehiscdeeum
823 1534 884 1554 esse
901 1526 972 1555 dici-
989 1531 1011 1560 ,ς

183 1567 259 1593 mus?

217 1611 321 1639 ERAN.
339 1613 479 1641 Genitum.

215 1657 273 1692 38
290 1657 394 1686 OltTll.
415 1659 467 1687 Sed
485 1661 557 1695 quod
573 1660 606 1688 de
620 1661 665 1688 illo
678 1661 782 1689 dictum
799 1668 850 1695 est,
867 1669 975 1691 eontra-

180 1703 220 1730 ria
239 1704 330 1732 docet.
348 1705 503 1733 Recordare
516 1707 588 1734 enim
604 1708 713 1735 illorum
727 1715 788 1744 qua:
803 1710 884 1737 modo
903 1710 974 1737 rcci~

181 1750 242 1779 tosti
260 1759 266 1776 :
284 1760 293 1776 ι
314 1750 378 1778 Sine
391 1756 478 1786 patre,
493 1753 552 1780 sine
567 1757 662 1786 matre,
678 1754 736 1781 sine
744 1756 911 1791 genealogia,
924 1765 974 1783 ne-

179 1803 233 1830 que
250 1796 359 1823 initium
382 1797 501 1830 dierum,
527 1807 616 1834 neque
635 1800 717 1827 ﬁnem
740 1801 803 1829 vitae
824 1802 939 1830 habens.
961 1813 969 1828 I

178 1840 321 1873 Quomodo
339 1841 421 1876 igitur
443 1843 467 1870 ei
483 1843 627 1876 convenit,
641 1845 708 1872 illud
734 1855 743 1871 ι
757 1846 817 1874 sine
834 1853 922 1881 patre,
945 1852 974 1876 et

179 1886 239 1914 sine
250 1888 356 1915 matre?
369 1898 378 1914 ι
395 1890 535 1924 quomodo
545 1895 573 1918 et
583 1891 662 1923 illud,
678 1902 687 1917 ι
707 1899 758 1920 nec
773 1893 882 1920 initium
895 1899 973 1922 ortus

179 1933 221 1960 sui
255 1934 380 1969 cepisse,
407 1944 458 1964 nec
491 1936 573 1964 ﬁnem
597 1937 775 1966 habiturum?
791 1949 799 1965 ι
819 1940 972 1968 Humanam

178 1979 253 2005 enim
276 1979 335 2008 hate
351 1985 481 2016 superati!
498 1986 635 2009 naturam.

212 2024 315 2053 ERAN.
331 2027 476 2055 Excedunt
497 2028 556 2055 haec
577 2037 693 2064 prorsus
716 2034 822 2058 natura:
843 2031 972 2059 humana:

178 2077 346 2099 mensuram.

212 2114 316 2142 OBTH.
331 2116 402 2150 Quid
416 2118 504 2153 ergo?
515 2127 550 2146 an
565 2119 631 2148 falsa
646 2119 747 2147 dixisse
759 2120 883 2149 dicemus
896 2123 970 2157 Apo-

177 2161 296 2189 stolum?

212 2207 316 2234 ERAN.
335 2208 414 2236 Absit
431 2210 436 2236 l

211 2252 316 2281 ORTH.
335 2253 393 2287 Qua
408 2255 491 2290 igitur
505 2257 611 2285 ratione
627 2258 684 2285 ﬁeri
700 2264 792 2294 queat,
808 2264 837 2287 ut
853 2265 880 2288 et
894 2262 968 2296 Apo-

174 2297 245 2325 81010
264 2299 388 2326 veritatis
409 2300 519 2328 laudem
542 2302 701 2335 al'feramus,
720 2308 747 2330 et
770 2304 968 2334 Melchisedeco

174 2352 234 2379 qua:
252 2353 334 2380 supra
352 2351 480 2374 naturam
497 2352 562 2375 sunt
578 2349 758 2384 adaptemus?

210 2388 313 2416 ERAN.
332 2390 416 2417 Valde
431 2391 565 2420 obscurus
583 2399 625 2421 est
641 2394 686 2422 hic
700 2395 786 2426 locus,
801 2401 828 2423 et
850 2397 897 2432 qui
921 2406 968 2425 ac—

172 2439 295 2462 curatam
307 2436 519 2471 explicationem
533 2439 680 2467 desiderat.

206 2479 312 2508 ORTH.
329 2482 365 2509 lis
377 2483 423 2518 qui
438 2485 581 2512 attendere
595 2486 681 2513 velint
696 2487 842 2515 verborum
855 2494 965 2517 senten-

173 2526 237 2554 tiam
254 2529 362 2563 assequi
378 2529 488 2558 diﬁieile
508 2539 563 2558 non
585 2531 647 2558 erit.
669 2532 737 2560 Cum
752 2533 825 2561 enim
849 2535 964 2563 dixisset

171 2572 283 2601 divinus
295 2574 453 2610 Apostolus,
465 2587 474 2602 ‹
490 2577 549 2605 sine
564 2579 720 2612 patre,sine
734 2585 831 2614 matre,
846 2582 905 2609 sine
913 2590 961 2618 ge—

171 2619 306 2655 nealogia,
323 2629 413 2656 neque
428 2623 537 2650 inilium
554 2624 673 2657 dierum,
696 2634 784 2661 neque
802 2626 881 2655 ﬁnem
899 2628 961 2656 vitze

171 2663 286 2697 habens,
293 2675 302 2692 ι
314 2667 429 2700 addidit,
436 2679 444 2694 ι
457 2669 630 2699 Assimilatus
639 2672 707 2699 Filio
714 2673 762 2700 Dei
772 2679 863 2701 manet
871 2683 963 2702 sacer-

171 2709 221 2738 dos
238 2710 265 2738 in
284 2718 476 2748 perpetuum.»
487 2715 623 2751 Etaperle
638 2725 688 2745 nos
712 2718 802 2752 docet,
820 2719 962 2747 Melchise-

208 2792 239 2807 ”'
259 2793 342 2820 Hebr.
361 2803 408 2826 vn,
432 2795 487 2822 l—5.

203 2861 273 2898 (τε)
291 2862 337 2898 τῷ.
351 2864 412 2891 Des.
429 2865 454 2891 in
468 2865 512 2892 ed.
530 2865 607 2893 Rom.
621 2870 647 2892 et
661 2866 736 2902 Lips.

1031 932 1152 967 ἥρμοσεν
1169 932 1184 958 ό
1197 932 1268 964 θεῖος
1291 932 1468 965 Ἀπόστολος;

1066 978 1141 1005 ΟΡΘ.
1163 978 1260 1012 Λέγεις
1277 978 1367 1006 τοίνυν
1388 978 1428 1015 τῷ
1453 979 1621 1014 Μελχισεδὲκ
1647 980 1732 1008 ταῦτα
1756 981 1825 1008 κατὰ

1031 1023 1113 1058 φύσιν
1127 1024 1274 1059 ἁρμόττειν
1286 1033 1293 1057 ;
1312 1031 1316 1035 ·

1066 1070 1167 1096 EPAN.
1189 1069 1278 1103 Λέγω.
1350 1102 1353 1104 _

1065 1115 1139 1142 0P8.
1163 1115 1324 1150 ’Ἄνθρωπον
1337 1116 1419 1144 αὑτὸν
1436 1114 1506 1143 εἶναι
1524 1116 1624 1151 λέγεις,
1638 1118 1655 1152 ἦ
1667 1126 1727 1144 τινα
1740 1118 1824 1153 ἄλλην

1030 1161 1171 1195 εἰληφέναι
1185 1161 1265 1196 φύσιν
1275 1171 1283 1195 ;

1065 1207 1167 1235 EPAN.
1191 1207 1364 1243 Ἄνθρωπον.

1065 1253 1139 1280 ΟΡΘ.
1160 1254 1292 1288 Γεννητὺν
1309 1254 1325 1289 ἢ
1340 1255 1487 1290 ἀγέννητον
1500 1264 1506 1288 ;

1064 1299 1166 1326 ΕΡΛΝ.
1194 1300 1323 1332 Ἀτόπους
1340 1301 1408 1335 ἄγαν
1425 1302 1574 1337 ἐρωτήσεις
1586 1302 1762 1337 προσφέρεις.

1065 1346 1142 1373 ΟΡΘ,
1173 1347 1210 1373 Σὺ
1238 1347 1341 1374 τούτων
1369 1348 1465 1380 αἴτιος,
1485 1349 1631 1383 προφανῶς
1656 1351 1689 1384 τῇ
1710 1349 1823 1385 ἀληθείᾳ

1030 1393 1194 1428 μαχόμενος*
1211 1393 1359 1430 ἀπόκριναι
1371 1395 1472 1421 τοίνυν.

1063 1437 1166 1465 ΕΡΑΝ.
1186 1436 1234 1470 Εἷς
1258 1440 1316 1466 ἐστι
1344 1439 1424 1474 μόνος
1454 1440 1612 1475 ἀγέννητος,
1641 1441 1655 1468 ό
1683 1440 1750 1472 Θεὸς
1776 1441 1822 1467 καὶ

1028 1484 1135 1519 Πατήρ.
1192 1491 1196 1494 ’

1064 1530 1139 1556 ΟΡΘ.
1161 1530 1291 1566 Γεννητὸν
1323 1529 1369 1558 οὖν
1397 1530 1453 1566 ἄρα
1478 1531 1529 1561 τὸν⁴
1551 1531 1719 1566 Μελχισεδὲκ
1749 1530 1820 1559 εἷναί

1027 1585 1118 1610 φαμεν
1129 1585 1135 1608 ;

1063 1622 1163 1648 ΕΡΑΝ.
1183 1622 1323 1657 Γεννητόν.

1064 1667 1142 1694 ΟΡΘ.
1163 1668 1234 1694 Ἀλλ’
1248 1669 1262 1694 ὀ
1275 1669 1337 1703 περὶ
1356 1668 1439 1695 αὐτοῦ
1455 1669 1533 1703 λόγος
1550 1669 1680 1697 τάναντία
1689 1670 1819 1698 διδάσκει.

1032 1713 1238 1749 Ἀναμνήσθητι
1272 1714 1327 1749 γὰρ
1361 1711 1399 1741 ὧν
1431 1715 1533 1750 ἀρτίως
1563 1716 1819 1751 ἁπεμνημόνευσας

1028 1769 1037 1785 ι
1061 1759 1201 1796 ’Δπάτωρ,
1233 1760 1360 1796 ἀμήτωρ,
1387 1761 1613 1797 ἀγενεαλόγητος,
1639 1762 1708 1797 μήτε
1734 1764 1820 1798 ἀρχὴν

1023 1806 1145 1841 ἡμερῶν,
1160 1806 1229 1842 μήτε
1243 1806 1317 1841 ζωῆς
1332 1807 1410 1839 τέλος
1425 1808 1504 1843 ἔχων.
1522 1818 1530 1833 ι
1551 1808 1614 1840 Πῶς
1634 1808 1723 1835 τοίνυν
1746 1810 1820 1844 αὐτῷ

1023 1851 1054 1878 τό
1068 1861 1078 1877 ‹
1089 1852 1204 1887 ἀπάτωρ
1213 1852 1353 1888 ἁρμόττει,
1371 1854 1418 1880 καὶ
1435 1854 1464 1880 τὸ
1473 1855 1607 1890 ἁμήτωρς
1628 1865 1637 1880 ι
1652 1854 1711 1887 πῶς
1726 1855 1754 1882 δὲ
1773 1857 1819 1882 καὶ

1023 1896 1064 1927 τὸ,
1086 1906 1095 1922 ‹
1112 1897 1181 1932 μηδὲ
1200 1897 1288 1933 ἀρχὴν
1306 1898 1446 1933 εἰληφέναι
1461 1899 1509 1926 τοῦ
1528 1897 1610 1931 εἶναι,
1638 1902 1709 1935 μήτε
1732 1901 1817 1936 λήψε-

1024 1941 1086 1969 σθαι
1112 1941 1203 1975 τέλοςς
1220 1953 1229 1968 ι
1257 1942 1344 1978 ’Υπὲρ
1376 1944 1549 1979 ἀνθρωπείαν
1583 1945 1638 1980 γὰρ
1667 1945 1756 1973 ταῦτά
1786 1955 1819 1980 γε

1023 1988 1114 2021 φύσιν.

1058 2034 1160 2061 EPAN.
1187 2034 1363 2069 ’Υπερϐαἰνει
1393 2034 1432 2070 τῷ
1459 2035 1516 2062 ὄντι
1534 2036 1619 2063 ταῦτα
1643 2037 1693 2072 τῆς
1712 2038 1817 2072 φύσεως

1021 2081 1072 2115 τῆς
1089 2080 1264 2115 ἀνθρωπείας
1275 2081 1310 2107 τὰ
1327 2081 1424 2116 μέτρα.

1056 2126 1132 2153 ΟΡΘ.
1155 2126 1187 2152 Τί
1217 2124 1276 2160 οὖν,
1304 2127 1390 2162 ψευδῆ
1419 2127 1465 2154 τὸν
1486 2127 1648 2155 ’Λπόστολον
1677 2129 1816 2164 εἰρηκέναι

1022 2173 1149 2207 φήσομεν
1162 2181 1169 2205 ;

984 2223 1006 2251 ο
1055 2219 1158 2246 EPAN.
1181 2219 1225 2255 Μὴ
1239 2219 1347 2254 γένοιτο
1363 2221 1369 2246 !

1056 2264 1132 2290 υΡΘ.
1156 2264 1217 2297 Πῶς
1233 2263 1279 2291 οὖν
1295 2262 1351 2291 οἷόν
1375 2274 1405 2291 τε
1431 2265 1477 2291 καὶ
1495 2265 1532 2300 τῷ
1552 2265 1708 2300 ’Δποστόλῳ
1730 2274 1814 2301 προσ-

1023 2307 1200 2342 μαρτυρῆσαι
1238 2308 1381 2344 ἀλήθειαν,
1412 2308 1515 2344 καὶτῷ
1543 2308 1712 2344 Μελχισεδὲκ
1732 2317 1814 2344 προσ-

1020 2353 1139 2388 αρμόσαι
1155 2354 1189 2380 τὰ
1205 2355 1276 2390 ὑπὲρ
1293 2354 1393 2388 φύσιν,

1054 2400 1156 2427 ΕΡΛΝ.
1180 2401 1267 2434 ’Λγαν
1283 2401 1388 2435 ἀσαφὲς
1401 2400 1431 2426 τὺ
1444 2400 1554 2436 χωρίον»
1583 2400 1630 2427 καὶ
1649 2400 1750 2435 πολλῆς
1774 2401 1814 2427 ὅτι

1023 2445 1140 2480 μάλιστα
1153 2446 1279 2480 δεόμενον
1292 2445 1479 2478 ἁναπτύξεως.

1056 2491 1132 2518 ΟΡΘ.
1155 2492 1218 2523 Τοῖς
1232 2491 1378 2528 προσέχειν
1404 2492 1543 2518 ἐθέλουσιν
1568 2491 1668 2527 ἐφικτὴ
1693 2492 1743 2526 τῆς
1757 2493 1812 2518 τῶν

1020 2537 1111 2573 ῥητῶν
1123 2537 1272 2573 διανοίαςὴ
1290 2537 1466 2574 κατανόησις.
1489 2537 1614 2573 Είρηκὼς
1631 2537 1685 2573 γὰρ
1706 2539 1720 2564 ὁ
1744 2537 1812 2569 θεῖος

1025 2583 1197 2615 Ἀπόστολος,
1231 2593 1240 2610 ι
1263 2584 1402 2619 Ἀπάτωρ,
1428 2585 1556 2620 ἀμήτωρ,
1585 2583 1811 2619 ἀγενεαλόγητος,

1019 2630 1087 2665 μήτε
1105 2630 1192 2665 ἀρχὴν
1208 2630 1329 2666 ἡμερῶν,
1346 2631 1415 2666 μήτε
1448 2630 1522 2665 ζωῆς
1539 2631 1616 2662 τέλος
1629 2630 1710 2666 ἔχων,
1727 2639 1736 2655 ι
1762 2631 1812 2655 ἐπ-

1019 2676 1134 2710 ήγαγεν,
1151 2685 1160 2701 ι
1183 2675 1413 2711 ’Δφωμοιωμένος
1422 2676 1449 2702 δὲ
1463 2675 1501 2711 τῷ
1514 2676 1569 2712 Υἱῷ
1587 2676 1634 2703 τοῦ
1651 2675 1718 2702 Θεοῦ
1737 2675 1811 2710 μένει

1019 2722 1107 2756 ἱερεὺς
1127 2722 1167 2753 εἰς
1190 2721 1219 2748 τὸ
1240 2721 1390 2758 διηνεκές.»
1408 2722 1463 2748 Καὶ
1486 2722 1577 2756 σαφῶς
1595 2723 1667 2757 ἡμᾶς
1680 2722 1811 2754 διδάσκει,
