  <div class='ocr_page' id='page_1' title='image "/cluster/home/n/w/nwhite01/storage/ocr_20150623/83/njp.32101007877440/070.png"; bbox 0 0 1953 3055; ppageno 0'>
   <div class='ocr_carea' id='block_1_1' title="bbox 151 122 205 154">
    <p class='ocr_par' dir='ltr' id='par_1_1' title="bbox 151 122 205 154">
     <span class='ocr_line' id='line_1_1' title="bbox 151 122 205 154; baseline 0.019 -1"><span class='ocrx_word' id='word_1_1' title='bbox 151 122 205 154; x_wconf 74' lang='grc'><strong>129</strong></span> 
     </span>
    </p>
   </div>
   <div class='ocr_carea' id='block_1_2' title="bbox 687 119 1257 153">
    <p class='ocr_par' dir='ltr' id='par_1_2' title="bbox 687 119 1257 153">
     <span class='ocr_line' id='line_1_2' title="bbox 687 119 1257 153; baseline 0.007 -4"><span class='ocrx_word' id='word_1_2' title='bbox 687 120 876 150; x_wconf 86' lang='lat' dir='ltr'><strong>DIAI.OGUS</strong></span> <span class='ocrx_word' id='word_1_3' title='bbox 895 119 937 150; x_wconf 81' lang='lat' dir='ltr'><strong>II.</strong></span> <span class='ocrx_word' id='word_1_4' title='bbox 958 133 991 138; x_wconf 80' lang='grc'><strong>-</strong></span> <span class='ocrx_word' id='word_1_5' title='bbox 1011 121 1257 153; x_wconf 84' lang='lat' dir='ltr'><strong>INCONFUSUS.</strong></span> 
     </span>
    </p>
   </div>
   <div class='ocr_carea' id='block_1_3' title="bbox 1736 124 1784 157">
    <p class='ocr_par' dir='ltr' id='par_1_3' title="bbox 1736 124 1784 157">
     <span class='ocr_line' id='line_1_3' title="bbox 1736 124 1784 157; baseline 0.042 -2"><span class='ocrx_word' id='word_1_6' title='bbox 1736 124 1784 157; x_wconf 71' lang='lat'><strong>130</strong></span> 
     </span>
    </p>
   </div>
   <div class='ocr_carea' id='block_1_4' title="bbox 149 175 952 212">
    <p class='ocr_par' dir='ltr' id='par_1_4' title="bbox 149 175 947 212">
     <span class='ocr_line' id='line_1_4' title="bbox 149 175 947 212; baseline -0.004 -9"><span class='ocrx_word' id='word_1_7' title='bbox 149 177 224 212; x_wconf 80' lang='grc' dir='ltr'>ὑπὲρ</span> <span class='ocrx_word' id='word_1_8' title='bbox 239 176 368 204; x_wconf 76' lang='grc' dir='ltr'>ἁπάντων</span> <span class='ocrx_word' id='word_1_9' title='bbox 381 175 534 211; x_wconf 80' lang='grc' dir='ltr'>ἀνθρώπων</span> <span class='ocrx_word' id='word_1_10' title='bbox 544 175 594 209; x_wconf 78' lang='grc' dir='ltr'>τὴν</span> <span class='ocrx_word' id='word_1_11' title='bbox 605 175 742 209; x_wconf 83' lang='grc' dir='ltr'>παναγίαν</span> <span class='ocrx_word' id='word_1_12' title='bbox 754 175 802 201; x_wconf 75' lang='grc' dir='ltr'><strong>καὶ</strong></span> <span class='ocrx_word' id='word_1_13' title='bbox 814 175 947 210; x_wconf 82' lang='grc' dir='ltr'>σωτήριον</span> 
     </span>
    </p>
   </div>
   <div class='ocr_carea' id='block_1_5' title="bbox 1017 175 1784 212">
    <p class='ocr_par' dir='ltr' id='par_1_5' title="bbox 1017 177 1784 208">
     <span class='ocr_line' id='line_1_5' title="bbox 1017 177 1784 208; baseline 0.007 -5"><span class='ocrx_word' id='word_1_14' title='bbox 1017 177 1128 204; x_wconf 88' lang='lat' dir='ltr'><strong>mnibus</strong></span> <span class='ocrx_word' id='word_1_15' title='bbox 1142 177 1300 204; x_wconf 84' lang='lat' dir='ltr'><strong>hominibus</strong></span> <span class='ocrx_word' id='word_1_16' title='bbox 1313 177 1516 205; x_wconf 77' lang='lat' dir='ltr'><strong>sanctissimum</strong></span> <span class='ocrx_word' id='word_1_17' title='bbox 1530 184 1557 205; x_wconf 85' lang='lat' dir='ltr'><strong>et</strong></span> <span class='ocrx_word' id='word_1_18' title='bbox 1570 177 1688 206; x_wconf 82' lang='lat' dir='ltr'><strong>salutare</strong></span> <span class='ocrx_word' id='word_1_19' title='bbox 1703 181 1784 208; x_wconf 53' lang='lat' dir='ltr'><strong>sacri:</strong></span> 
     </span>
    </p>
   </div>
   <div class='ocr_carea' id='block_1_6' title="bbox 149 223 461 258">
    <p class='ocr_par' dir='ltr' id='par_1_6' title="bbox 149 223 461 258">
     <span class='ocr_line' id='line_1_6' title="bbox 149 223 461 258; baseline -0.003 -8"><span class='ocrx_word' id='word_1_20' title='bbox 149 223 250 250; x_wconf 76' lang='grc' dir='ltr'>θυσίαν</span> <span class='ocrx_word' id='word_1_21' title='bbox 263 223 461 258; x_wconf 80' lang='grc' dir='ltr'><strong>προσήνεγκεν.</strong></span> 
     </span>
    </p>
   </div>
   <div class='ocr_carea' id='block_1_7' title="bbox 189 263 944 305">
    <p class='ocr_par' dir='ltr' id='par_1_7' title="bbox 189 263 944 305">
     <span class='ocr_line' id='line_1_7' title="bbox 189 263 944 305; baseline -0.007 -10"><span class='ocrx_word' id='word_1_22' title='bbox 189 267 291 295; x_wconf 69' lang='grc' dir='ltr'><strong>ΕΡΑΝ.</strong></span> <span class='ocrx_word' id='word_1_23' title='bbox 313 266 432 297; x_wconf 81' lang='grc' dir='ltr'><strong>Πολλοὺς</strong></span> <span class='ocrx_word' id='word_1_24' title='bbox 452 265 519 300; x_wconf 73' lang='grc' dir='ltr'>περὶ</span> <span class='ocrx_word' id='word_1_25' title='bbox 532 263 628 305; x_wconf 62' lang='grc' dir='ltr'>τορτου</span> <span class='ocrx_word' id='word_1_26' title='bbox 651 263 885 300; x_wconf 80' lang='grc' dir='ltr'>κατηναλώσαμεν</span> <span class='ocrx_word' id='word_1_27' title='bbox 901 263 944 290; x_wconf 88' lang='grc' dir='ltr'><strong>λό-</strong></span> 
     </span>
    </p>
   </div>
   <div class='ocr_carea' id='block_1_8' title="bbox 172 323 231 345">
    <p class='ocr_par' dir='ltr' id='par_1_8' title="bbox 172 323 231 345">
     <span class='ocr_line' id='line_1_8' title="bbox 172 323 231 345; baseline 0 -5"><span class='ocrx_word' id='word_1_28' title='bbox 172 323 231 345; x_wconf 85' lang='grc' dir='ltr'><strong>ους.</strong></span> 
     </span>
    </p>
   </div>
   <div class='ocr_carea' id='block_1_9' title="bbox 150 323 947 391">
    <p class='ocr_par' dir='ltr' id='par_1_9' title="bbox 150 323 947 391">
     <span class='ocr_line' id='line_1_9' title="bbox 150 323 947 391; baseline -0.004 -6"><span class='ocrx_word' id='word_1_29' title='bbox 150 323 270 385; x_wconf 52' lang='grc' dir='ltr'><strong>γωὸῗθ.</strong></span> <span class='ocrx_word' id='word_1_30' title='bbox 295 357 396 384; x_wconf 82' lang='grc' dir='ltr'>Ἐδεῖτο</span> <span class='ocrx_word' id='word_1_31' title='bbox 410 357 458 382; x_wconf 80' lang='grc' dir='ltr'><strong>καὶ</strong></span> <span class='ocrx_word' id='word_1_32' title='bbox 479 355 622 388; x_wconf 80' lang='grc' dir='ltr'>πλειόνων,</span> <span class='ocrx_word' id='word_1_33' title='bbox 643 355 682 388; x_wconf 85' lang='grc' dir='ltr'>ὡς</span> <span class='ocrx_word' id='word_1_34' title='bbox 697 353 786 382; x_wconf 74' lang='grc' dir='ltr'>οἶσθα·</span> <span class='ocrx_word' id='word_1_35' title='bbox 804 355 947 391; x_wconf 77' lang='grc' dir='ltr'>δνσνόητον</span> 
     </span>
    </p>
   </div>
   <div class='ocr_carea' id='block_1_10' title="bbox 152 402 500 440">
    <p class='ocr_par' dir='ltr' id='par_1_10' title="bbox 152 402 500 440">
     <span class='ocr_line' id='line_1_10' title="bbox 152 402 500 440; baseline -0.003 -9"><span class='ocrx_word' id='word_1_36' title='bbox 152 405 211 440; x_wconf 79' lang='grc' dir='ltr'><strong>γὰρ</strong></span> <span class='ocrx_word' id='word_1_37' title='bbox 227 403 333 438; x_wconf 76' lang='grc' dir='ltr'>ἔφησθα</span> <span class='ocrx_word' id='word_1_38' title='bbox 344 403 375 430; x_wconf 82' lang='grc' dir='ltr'><strong>τὸ</strong></span> <span class='ocrx_word' id='word_1_39' title='bbox 390 402 500 438; x_wconf 87' lang='grc' dir='ltr'>χωρίον.</span> 
     </span>
    </p>
   </div>
   <div class='ocr_carea' id='block_1_11' title="bbox 189 447 945 484">
    <p class='ocr_par' dir='ltr' id='par_1_11' title="bbox 189 447 945 484">
     <span class='ocr_line' id='line_1_11' title="bbox 189 447 945 484; baseline -0.003 -6"><span class='ocrx_word' id='word_1_40' title='bbox 189 450 292 478; x_wconf 79' lang='lat' dir='ltr'><strong>EPAN.</strong></span> <span class='ocrx_word' id='word_1_41' title='bbox 316 449 378 476; x_wconf 79' lang='grc' dir='ltr'><strong>Ἐπὶ</strong></span> <span class='ocrx_word' id='word_1_42' title='bbox 393 449 439 475; x_wconf 76' lang='grc' dir='ltr'><strong>τὸν</strong></span> <span class='ocrx_word' id='word_1_43' title='bbox 452 449 634 484; x_wconf 82' lang='grc' dir='ltr'>προκείμενον</span> <span class='ocrx_word' id='word_1_44' title='bbox 649 447 842 483; x_wconf 74' lang='grc' dir='ltr'><strong>ἐπανέλθωμεν</strong></span> <span class='ocrx_word' id='word_1_45' title='bbox 857 447 945 482; x_wconf 87' lang='grc' dir='ltr'>λόγον.</span> 
     </span>
    </p>
   </div>
   <div class='ocr_carea' id='block_1_12' title="bbox 189 493 764 531">
    <p class='ocr_par' dir='ltr' id='par_1_12' title="bbox 189 493 764 531">
     <span class='ocr_line' id='line_1_12' title="bbox 189 493 764 531; baseline -0.005 -8"><span class='ocrx_word' id='word_1_46' title='bbox 189 496 267 523; x_wconf 88' lang='grc' dir='ltr'><strong>ΟΡΘ.</strong></span> <span class='ocrx_word' id='word_1_47' title='bbox 286 495 320 522; x_wconf 88' lang='grc' dir='ltr'>Τί</span> <span class='ocrx_word' id='word_1_48' title='bbox 335 495 364 522; x_wconf 74' lang='grc' dir='ltr'><strong>δὲ</strong></span> <span class='ocrx_word' id='word_1_49' title='bbox 378 493 410 531; x_wconf 88' lang='grc' dir='ltr'><strong>ἧν</strong></span> <span class='ocrx_word' id='word_1_50' title='bbox 424 495 492 531; x_wconf 77' lang='grc' dir='ltr'>ἡμῖν</span> <span class='ocrx_word' id='word_1_51' title='bbox 509 494 675 530; x_wconf 81' lang='grc' dir='ltr'>ζητούμενον</span> <span class='ocrx_word' id='word_1_52' title='bbox 689 493 764 530; x_wconf 78' lang='grc'><strong>(51);</strong></span> 
     </span>
    </p>
   </div>
   <div class='ocr_carea' id='block_1_13' title="bbox 190 579 949 618">
    <p class='ocr_par' dir='ltr' id='par_1_13' title="bbox 190 579 949 618">
     <span class='ocr_line' id='line_1_13' title="bbox 190 579 949 618; baseline -0.005 -9"><span class='ocrx_word' id='word_1_53' title='bbox 190 583 294 610; x_wconf 80' lang='grc' dir='ltr'><strong>ΕΡΑΝ.</strong></span> <span class='ocrx_word' id='word_1_54' title='bbox 322 581 405 618; x_wconf 84' lang='grc' dir='ltr'><strong>Ἐμοῦ</strong></span> <span class='ocrx_word' id='word_1_55' title='bbox 418 581 557 616; x_wconf 80' lang='grc' dir='ltr'><strong>λέγοντος,</strong></span> <span class='ocrx_word' id='word_1_56' title='bbox 571 581 609 616; x_wconf 84' lang='grc' dir='ltr'>μὴ</span> <span class='ocrx_word' id='word_1_57' title='bbox 620 581 719 616; x_wconf 82' lang='grc' dir='ltr'>χρῆναι</span> <span class='ocrx_word' id='word_1_58' title='bbox 735 579 828 607; x_wconf 79' lang='grc' dir='ltr'><strong>καλεῖν</strong></span> <span class='ocrx_word' id='word_1_59' title='bbox 843 579 949 615; x_wconf 58' lang='grc' dir='ltr'>ἄνθρωε</span> 
     </span>
    </p>
   </div>
   <div class='ocr_carea' id='block_1_14' title="bbox 152 624 949 662">
    <p class='ocr_par' dir='ltr' id='par_1_14' title="bbox 152 624 949 662">
     <span class='ocr_line' id='line_1_14' title="bbox 152 624 949 662; baseline -0.005 -8"><span class='ocrx_word' id='word_1_60' title='bbox 152 636 207 654; x_wconf 79' lang='grc' dir='ltr'>πον</span> <span class='ocrx_word' id='word_1_61' title='bbox 227 627 273 654; x_wconf 81' lang='grc' dir='ltr'>τὸν</span> <span class='ocrx_word' id='word_1_62' title='bbox 287 626 415 662; x_wconf 79' lang='grc' dir='ltr'><strong>Χριστὸν,</strong></span> <span class='ocrx_word' id='word_1_63' title='bbox 431 626 499 652; x_wconf 80' lang='grc' dir='ltr'>ἀλλὰ</span> <span class='ocrx_word' id='word_1_64' title='bbox 520 625 601 660; x_wconf 90' lang='grc' dir='ltr'>μόνον</span> <span class='ocrx_word' id='word_1_65' title='bbox 614 625 691 658; x_wconf 82' lang='grc' dir='ltr'>Θεὸν,</span> <span class='ocrx_word' id='word_1_66' title='bbox 708 624 810 656; x_wconf 82' lang='grc' dir='ltr'><strong>πολλάς</strong></span> <span class='ocrx_word' id='word_1_67' title='bbox 822 632 854 658; x_wconf 84' lang='grc' dir='ltr'>γε</span> <span class='ocrx_word' id='word_1_68' title='bbox 867 624 949 656; x_wconf 77' lang='grc' dir='ltr'>ἄλλας</span> 
     </span>
    </p>
   </div>
   <div class='ocr_carea' id='block_1_15' title="bbox 151 669 949 707">
    <p class='ocr_par' dir='ltr' id='par_1_15' title="bbox 151 669 949 707">
     <span class='ocr_line' id='line_1_15' title="bbox 151 669 949 707; baseline -0.004 -8"><span class='ocrx_word' id='word_1_69' title='bbox 151 673 237 702; x_wconf 73' lang='grc' dir='ltr'>αὐτὸς</span> <span class='ocrx_word' id='word_1_70' title='bbox 251 670 405 707; x_wconf 76' lang='grc' dir='ltr'><strong>μαρτυρίας</strong></span> <span class='ocrx_word' id='word_1_71' title='bbox 419 671 590 706; x_wconf 84' lang='grc' dir='ltr'><strong>παρήγαγες,</strong></span> <span class='ocrx_word' id='word_1_72' title='bbox 605 670 653 696; x_wconf 73' lang='grc' dir='ltr'><strong>καὶ</strong></span> <span class='ocrx_word' id='word_1_73' title='bbox 665 670 697 706; x_wconf 83' lang='grc' dir='ltr'><strong>δὴ</strong></span> <span class='ocrx_word' id='word_1_74' title='bbox 710 670 757 697; x_wconf 80' lang='grc' dir='ltr'><strong>καὶ</strong></span> <span class='ocrx_word' id='word_1_75' title='bbox 771 669 820 705; x_wconf 82' lang='grc' dir='ltr'>τὴν</span> <span class='ocrx_word' id='word_1_76' title='bbox 831 671 949 696; x_wconf 75' lang='grc' dir='ltr'>ἀποστο-</span> 
     </span>
    </p>
   </div>
   <div class='ocr_carea' id='block_1_16' title="bbox 152 715 947 755">
    <p class='ocr_par' dir='ltr' id='par_1_16' title="bbox 152 715 947 755">
     <span class='ocr_line' id='line_1_16' title="bbox 152 715 947 755; baseline -0.006 -9"><span class='ocrx_word' id='word_1_77' title='bbox 152 719 236 755; x_wconf 81' lang='grc' dir='ltr'>λικὴν</span> <span class='ocrx_word' id='word_1_78' title='bbox 257 718 336 754; x_wconf 79' lang='grc' dir='ltr'>ῥῆσιν</span> <span class='ocrx_word' id='word_1_79' title='bbox 352 717 471 752; x_wconf 70' lang='grc' dir='ltr'>εκείνην,</span> <span class='ocrx_word' id='word_1_80' title='bbox 489 717 522 752; x_wconf 82' lang='grc' dir='ltr'><strong>ἣν</strong></span> <span class='ocrx_word' id='word_1_81' title='bbox 544 715 670 751; x_wconf 82' lang='grc' dir='ltr'><strong>Τιμοθέῳ</strong></span> <span class='ocrx_word' id='word_1_82' title='bbox 688 715 801 751; x_wconf 76' lang='grc' dir='ltr'><strong>γράφων</strong></span> <span class='ocrx_word' id='word_1_83' title='bbox 816 715 947 742; x_wconf 77' lang='grc' dir='ltr'><strong>τέθεικεν·</strong></span> 
     </span>
    </p>
   </div>
   <div class='ocr_carea' id='block_1_17' title="bbox 155 760 950 798">
    <p class='ocr_par' dir='ltr' id='par_1_17' title="bbox 155 760 950 798">
     <span class='ocr_line' id='line_1_17' title="bbox 155 760 950 798; baseline -0.009 -6"><span class='ocrx_word' id='word_1_84' title='bbox 155 775 166 792; x_wconf 73' lang='grc' dir='ltr'><strong>ε</strong></span> <span class='ocrx_word' id='word_1_85' title='bbox 175 763 221 797; x_wconf 73' lang='grc' dir='ltr'><strong>Εἷς</strong></span> <span class='ocrx_word' id='word_1_86' title='bbox 228 765 304 796; x_wconf 78' lang='grc' dir='ltr'><strong>Θεὸς,</strong></span> <span class='ocrx_word' id='word_1_87' title='bbox 312 761 351 795; x_wconf 78' lang='grc' dir='ltr'><strong>εἷς</strong></span> <span class='ocrx_word' id='word_1_88' title='bbox 360 764 406 790; x_wconf 79' lang='grc' dir='ltr'>καὶ</span> <span class='ocrx_word' id='word_1_89' title='bbox 414 762 526 798; x_wconf 81' lang='grc' dir='ltr'><strong>μεσίτης</strong></span> <span class='ocrx_word' id='word_1_90' title='bbox 534 761 602 788; x_wconf 83' lang='grc' dir='ltr'><strong>Θεοῦ</strong></span> <span class='ocrx_word' id='word_1_91' title='bbox 614 762 661 788; x_wconf 80' lang='grc' dir='ltr'><strong>καὶ</strong></span> <span class='ocrx_word' id='word_1_92' title='bbox 672 761 834 796; x_wconf 79' lang='grc' dir='ltr'><strong>ἀνθρώπων,</strong></span> <span class='ocrx_word' id='word_1_93' title='bbox 846 760 950 795; x_wconf 64' lang='grc' dir='ltr'><strong>ἄνθρωα</strong></span> 
     </span>
    </p>
   </div>
   <div class='ocr_carea' id='block_1_18' title="bbox 152 807 950 846">
    <p class='ocr_par' dir='ltr' id='par_1_18' title="bbox 152 807 950 846">
     <span class='ocr_line' id='line_1_18' title="bbox 152 807 950 846; baseline -0.005 -8"><span class='ocrx_word' id='word_1_94' title='bbox 152 820 206 843; x_wconf 74' lang='grc' dir='ltr'>ττος</span> <span class='ocrx_word' id='word_1_95' title='bbox 219 810 337 846; x_wconf 78' lang='grc' dir='ltr'>Χριστὸς</span> <span class='ocrx_word' id='word_1_96' title='bbox 358 809 470 845; x_wconf 78' lang='grc' dir='ltr'><strong>Ἰησοῦς,</strong></span> <span class='ocrx_word' id='word_1_97' title='bbox 494 808 508 834; x_wconf 85' lang='grc' dir='ltr'><strong>ὀ</strong></span> <span class='ocrx_word' id='word_1_98' title='bbox 526 808 588 839; x_wconf 78' lang='grc' dir='ltr'><strong>δοὺς</strong></span> <span class='ocrx_word' id='word_1_99' title='bbox 605 807 700 835; x_wconf 82' lang='grc' dir='ltr'><strong>ἑαυτὸν</strong></span> <span class='ocrx_word' id='word_1_100' title='bbox 717 808 877 843; x_wconf 75' lang='grc' dir='ltr'><strong>ἀντίλυτρον</strong></span> <span class='ocrx_word' id='word_1_101' title='bbox 889 808 950 834; x_wconf 68' lang='grc' dir='ltr'>ἀντὶ</span> 
     </span>
    </p>
   </div>
   <div class='ocr_carea' id='block_1_19' title="bbox 153 857 306 884">
    <p class='ocr_par' dir='ltr' id='par_1_19' title="bbox 153 857 306 884">
     <span class='ocr_line' id='line_1_19' title="bbox 153 857 306 884; baseline -0.013 -1"><span class='ocrx_word' id='word_1_102' title='bbox 153 857 278 884; x_wconf 75' lang='grc' dir='ltr'><strong>πάντων.</strong></span> <span class='ocrx_word' id='word_1_103' title='bbox 297 866 306 881; x_wconf 76' lang='grc' dir='ltr'>ι</span> 
     </span>
    </p>
   </div>
   <div class='ocr_carea' id='block_1_20' title="bbox 191 899 950 938">
    <p class='ocr_par' dir='ltr' id='par_1_20' title="bbox 191 899 950 938">
     <span class='ocr_line' id='line_1_20' title="bbox 191 899 950 938; baseline -0.005 -9"><span class='ocrx_word' id='word_1_104' title='bbox 191 902 271 929; x_wconf 82' lang='grc' dir='ltr'><strong>ΟΡΘ.</strong></span> <span class='ocrx_word' id='word_1_105' title='bbox 294 901 483 938; x_wconf 77' lang='grc' dir='ltr'>’Δνεμνήσθην</span> <span class='ocrx_word' id='word_1_106' title='bbox 497 901 579 928; x_wconf 77' lang='grc' dir='ltr'>πόθεν</span> <span class='ocrx_word' id='word_1_107' title='bbox 588 901 635 932; x_wconf 77' lang='grc' dir='ltr'><strong>-ιίς</strong></span> <span class='ocrx_word' id='word_1_108' title='bbox 649 900 728 936; x_wconf 78' lang='grc' dir='ltr'>τήνδε</span> <span class='ocrx_word' id='word_1_109' title='bbox 741 900 792 936; x_wconf 86' lang='grc' dir='ltr'><strong>τὴν</strong></span> <span class='ocrx_word' id='word_1_110' title='bbox 808 899 950 935; x_wconf 75' lang='grc' dir='ltr'><strong>παρέκϐα-</strong></span> 
     </span>
    </p>
   </div>
   <div class='ocr_carea' id='block_1_21' title="bbox 155 944 950 982">
    <p class='ocr_par' dir='ltr' id='par_1_21' title="bbox 155 944 950 982">
     <span class='ocr_line' id='line_1_21' title="bbox 155 944 950 982; baseline -0.006 -6"><span class='ocrx_word' id='word_1_111' title='bbox 155 957 200 976; x_wconf 81' lang='grc' dir='ltr'><strong>σιν</strong></span> <span class='ocrx_word' id='word_1_112' title='bbox 216 947 403 982; x_wconf 79' lang='grc' dir='ltr'>ὲξεκλίναμεν.</span> <span class='ocrx_word' id='word_1_113' title='bbox 429 947 512 982; x_wconf 85' lang='grc' dir='ltr'><strong>Ἐμοῦ</strong></span> <span class='ocrx_word' id='word_1_114' title='bbox 533 947 587 982; x_wconf 76' lang='grc' dir='ltr'><strong>γὰρ</strong></span> <span class='ocrx_word' id='word_1_115' title='bbox 609 946 751 982; x_wconf 78' lang='grc' dir='ltr'><strong>εἰρηκότος</strong></span> <span class='ocrx_word' id='word_1_116' title='bbox 765 945 802 977; x_wconf 84' lang='grc' dir='ltr'><strong>ὡς</strong></span> <span class='ocrx_word' id='word_1_117' title='bbox 817 945 865 972; x_wconf 66' lang='grc' dir='ltr'>καὶ</span> <span class='ocrx_word' id='word_1_118' title='bbox 885 944 950 971; x_wconf 75' lang='grc' dir='ltr'>αὐτὸ</span> 
     </span>
    </p>
   </div>
   <div class='ocr_carea' id='block_1_22' title="bbox 151 991 951 1029">
    <p class='ocr_par' dir='ltr' id='par_1_22' title="bbox 151 991 951 1029">
     <span class='ocr_line' id='line_1_22' title="bbox 151 991 951 1029; baseline -0.003 -9"><span class='ocrx_word' id='word_1_119' title='bbox 151 994 203 1021; x_wconf 77' lang='grc' dir='ltr'>τοῦ</span> <span class='ocrx_word' id='word_1_120' title='bbox 221 994 330 1029; x_wconf 81' lang='grc' dir='ltr'><strong>μεσίτου</strong></span> <span class='ocrx_word' id='word_1_121' title='bbox 341 993 427 1028; x_wconf 69' lang='grc' dir='ltr'>ὄνομα</span> <span class='ocrx_word' id='word_1_122' title='bbox 439 993 486 1019; x_wconf 85' lang='grc' dir='ltr'>τοῦ</span> <span class='ocrx_word' id='word_1_123' title='bbox 501 993 627 1028; x_wconf 79' lang='grc' dir='ltr'><strong>Σωτῆρος</strong></span> <span class='ocrx_word' id='word_1_124' title='bbox 639 993 718 1028; x_wconf 85' lang='grc' dir='ltr'>ἡμῶν</span> <span class='ocrx_word' id='word_1_125' title='bbox 731 992 781 1024; x_wconf 85' lang='grc' dir='ltr'><strong>τὰς</strong></span> <span class='ocrx_word' id='word_1_126' title='bbox 794 992 841 1019; x_wconf 80' lang='grc' dir='ltr'><strong>δύο</strong></span> <span class='ocrx_word' id='word_1_127' title='bbox 856 991 951 1026; x_wconf 83' lang='grc' dir='ltr'>φύσεις</span> 
     </span>
    </p>
   </div>
   <div class='ocr_carea' id='block_1_23' title="bbox 154 1036 950 1075">
    <p class='ocr_par' dir='ltr' id='par_1_23' title="bbox 154 1036 950 1075">
     <span class='ocr_line' id='line_1_23' title="bbox 154 1036 950 1075; baseline -0.005 -8"><span class='ocrx_word' id='word_1_128' title='bbox 154 1039 319 1075; x_wconf 77' lang='grc' dir='ltr'><strong>παραδηλοῖ,</strong></span> <span class='ocrx_word' id='word_1_129' title='bbox 342 1038 423 1070; x_wconf 81' lang='grc' dir='ltr'>αὐτὸς</span> <span class='ocrx_word' id='word_1_130' title='bbox 448 1038 556 1073; x_wconf 74' lang='grc' dir='ltr'>ἔφησθα</span> <span class='ocrx_word' id='word_1_131' title='bbox 582 1039 630 1064; x_wconf 77' lang='grc' dir='ltr'><strong>καὶ</strong></span> <span class='ocrx_word' id='word_1_132' title='bbox 652 1037 772 1064; x_wconf 78' lang='grc' dir='ltr'><strong>Μωῦσέα</strong></span> <span class='ocrx_word' id='word_1_133' title='bbox 800 1036 950 1072; x_wconf 79' lang='grc' dir='ltr'>κεκλῆσθαι</span> 
     </span>
    </p>
   </div>
   <div class='ocr_carea' id='block_1_24' title="bbox 155 1081 949 1121">
    <p class='ocr_par' dir='ltr' id='par_1_24' title="bbox 155 1081 949 1121">
     <span class='ocr_line' id='line_1_24' title="bbox 155 1081 949 1121; baseline -0.006 -9"><span class='ocrx_word' id='word_1_134' title='bbox 155 1086 283 1121; x_wconf 76' lang='grc' dir='ltr'><strong>μεσίτην,</strong></span> <span class='ocrx_word' id='word_1_135' title='bbox 305 1084 448 1120; x_wconf 72' lang='grc' dir='ltr'><strong>ἅνθρωπος</strong></span> <span class='ocrx_word' id='word_1_136' title='bbox 463 1084 491 1110; x_wconf 81' lang='grc' dir='ltr'><strong>δὲ</strong></span> <span class='ocrx_word' id='word_1_137' title='bbox 515 1083 595 1118; x_wconf 76' lang='grc' dir='ltr'>μόνον</span> <span class='ocrx_word' id='word_1_138' title='bbox 614 1084 718 1114; x_wconf 71' lang='grc' dir='ltr'>ἐκεῖνος</span> <span class='ocrx_word' id='word_1_139' title='bbox 738 1082 886 1117; x_wconf 76' lang='grc' dir='ltr'><strong>ἐτύγχανεν</strong></span> <span class='ocrx_word' id='word_1_140' title='bbox 900 1081 949 1114; x_wconf 83' lang='grc' dir='ltr'><strong>ὢν,</strong></span> 
     </span>
    </p>
   </div>
   <div class='ocr_carea' id='block_1_25' title="bbox 154 1127 951 1166">
    <p class='ocr_par' dir='ltr' id='par_1_25' title="bbox 154 1127 951 1166">
     <span class='ocr_line' id='line_1_25' title="bbox 154 1127 951 1166; baseline -0.006 -8"><span class='ocrx_word' id='word_1_141' title='bbox 154 1131 186 1158; x_wconf 80' lang='grc' dir='ltr'><strong>οὐ</strong></span> <span class='ocrx_word' id='word_1_142' title='bbox 205 1131 273 1162; x_wconf 80' lang='grc' dir='ltr'>Θεὸς</span> <span class='ocrx_word' id='word_1_143' title='bbox 284 1131 331 1157; x_wconf 65' lang='grc' dir='ltr'><strong>καὶ</strong></span> <span class='ocrx_word' id='word_1_144' title='bbox 347 1130 500 1166; x_wconf 76' lang='grc' dir='ltr'><strong>ἄνθρωπος.</strong></span> <span class='ocrx_word' id='word_1_145' title='bbox 517 1128 624 1155; x_wconf 82' lang='grc' dir='ltr'><strong>Τούτου</strong></span> <span class='ocrx_word' id='word_1_146' title='bbox 640 1127 672 1163; x_wconf 84' lang='grc' dir='ltr'><strong>δὴ</strong></span> <span class='ocrx_word' id='word_1_147' title='bbox 684 1128 764 1163; x_wconf 85' lang='grc' dir='ltr'>χάριν</span> <span class='ocrx_word' id='word_1_148' title='bbox 774 1127 951 1162; x_wconf 76' lang='grc' dir='ltr'><strong>ἠναγκάσθην</strong></span> 
     </span>
    </p>
   </div>
   <div class='ocr_carea' id='block_1_26' title="bbox 154 1172 951 1208">
    <p class='ocr_par' dir='ltr' id='par_1_26' title="bbox 154 1172 951 1208">
     <span class='ocr_line' id='line_1_26' title="bbox 154 1172 951 1208; baseline -0.005 -6"><span class='ocrx_word' id='word_1_149' title='bbox 154 1175 244 1202; x_wconf 77' lang='grc' dir='ltr'>ταῦτα</span> <span class='ocrx_word' id='word_1_150' title='bbox 256 1174 412 1208; x_wconf 74' lang='grc' dir='ltr'><strong>διεξελθεῖν,</strong></span> <span class='ocrx_word' id='word_1_151' title='bbox 424 1174 468 1201; x_wconf 84' lang='grc' dir='ltr'><strong>ῐνα</strong></span> <span class='ocrx_word' id='word_1_152' title='bbox 479 1172 558 1206; x_wconf 75' lang='grc' dir='ltr'>δείξω</span> <span class='ocrx_word' id='word_1_153' title='bbox 564 1173 610 1200; x_wconf 75' lang='grc' dir='ltr'>τὸν</span> <span class='ocrx_word' id='word_1_154' title='bbox 616 1173 702 1200; x_wconf 79' lang='grc' dir='ltr'>τύπον</span> <span class='ocrx_word' id='word_1_155' title='bbox 714 1174 744 1200; x_wconf 90' lang='grc' dir='ltr'>οὺ</span> <span class='ocrx_word' id='word_1_156' title='bbox 755 1173 846 1200; x_wconf 81' lang='grc' dir='ltr'>πάντα</span> <span class='ocrx_word' id='word_1_157' title='bbox 854 1172 951 1207; x_wconf 73' lang='grc' dir='ltr'>ἔχοντα</span> 
     </span>
    </p>
   </div>
   <div class='ocr_carea' id='block_1_27' title="bbox 158 1218 951 1256">
    <p class='ocr_par' dir='ltr' id='par_1_27' title="bbox 158 1218 951 1256">
     <span class='ocr_line' id='line_1_27' title="bbox 158 1218 951 1256; baseline -0.006 -7"><span class='ocrx_word' id='word_1_158' title='bbox 158 1223 210 1249; x_wconf 79' lang='grc' dir='ltr'>ὅσα</span> <span class='ocrx_word' id='word_1_159' title='bbox 229 1221 262 1248; x_wconf 79' lang='grc' dir='ltr'>τὸ</span> <span class='ocrx_word' id='word_1_160' title='bbox 275 1220 430 1256; x_wconf 79' lang='grc' dir='ltr'>ἀρχέτυπον</span> <span class='ocrx_word' id='word_1_161' title='bbox 447 1219 513 1254; x_wconf 71' lang='grc' dir='ltr'>ἔχει.</span> <span class='ocrx_word' id='word_1_162' title='bbox 526 1218 595 1246; x_wconf 72' lang='grc' dir='ltr'><strong>Εἰπὲ</strong></span> <span class='ocrx_word' id='word_1_163' title='bbox 607 1218 708 1251; x_wconf 80' lang='grc' dir='ltr'>τοίνυν,</span> <span class='ocrx_word' id='word_1_164' title='bbox 720 1219 745 1245; x_wconf 84' lang='grc' dir='ltr'><strong>εἰ</strong></span> <span class='ocrx_word' id='word_1_165' title='bbox 761 1219 951 1254; x_wconf 83' lang='grc' dir='ltr'>συνομολογεῖς</span> 
     </span>
    </p>
   </div>
   <div class='ocr_carea' id='block_1_28' title="bbox 156 1265 951 1304">
    <p class='ocr_par' dir='ltr' id='par_1_28' title="bbox 156 1265 951 1304">
     <span class='ocr_line' id='line_1_28' title="bbox 156 1265 951 1304; baseline -0.005 -9"><span class='ocrx_word' id='word_1_166' title='bbox 156 1268 257 1304; x_wconf 77' lang='grc' dir='ltr'><strong>χρῆναι</strong></span> <span class='ocrx_word' id='word_1_167' title='bbox 276 1268 323 1294; x_wconf 79' lang='grc' dir='ltr'><strong>καὶ</strong></span> <span class='ocrx_word' id='word_1_168' title='bbox 338 1266 482 1302; x_wconf 78' lang='grc' dir='ltr'>ἄνθρωπον</span> <span class='ocrx_word' id='word_1_169' title='bbox 498 1265 680 1301; x_wconf 72' lang='grc' dir='ltr'>ὀνομάζεσθαι</span> <span class='ocrx_word' id='word_1_170' title='bbox 696 1265 742 1292; x_wconf 79' lang='grc' dir='ltr'>τὸν</span> <span class='ocrx_word' id='word_1_171' title='bbox 755 1265 872 1300; x_wconf 80' lang='grc' dir='ltr'><strong>Σωτῆρα</strong></span> <span class='ocrx_word' id='word_1_172' title='bbox 884 1265 951 1300; x_wconf 86' lang='grc' dir='ltr'><strong>Χρι-</strong></span> 
     </span>
    </p>
   </div>
   <div class='ocr_carea' id='block_1_29' title="bbox 158 1314 240 1347">
    <p class='ocr_par' dir='ltr' id='par_1_29' title="bbox 158 1314 240 1347">
     <span class='ocr_line' id='line_1_29' title="bbox 158 1314 240 1347; baseline -0.012 -6"><span class='ocrx_word' id='word_1_173' title='bbox 158 1314 240 1347; x_wconf 83' lang='grc' dir='ltr'>στόν;</span> 
     </span>
    </p>
   </div>
   <div class='ocr_carea' id='block_1_30' title="bbox 193 1355 951 1393">
    <p class='ocr_par' dir='ltr' id='par_1_30' title="bbox 193 1355 951 1393">
     <span class='ocr_line' id='line_1_30' title="bbox 193 1355 951 1393; baseline -0.004 -8"><span class='ocrx_word' id='word_1_174' title='bbox 193 1358 296 1386; x_wconf 83' lang='grc' dir='ltr'><strong>ΕΡΔΝ.</strong></span> <span class='ocrx_word' id='word_1_175' title='bbox 324 1357 395 1393; x_wconf 80' lang='grc' dir='ltr'><strong>Ἐγὼ</strong></span> <span class='ocrx_word' id='word_1_176' title='bbox 414 1357 482 1384; x_wconf 78' lang='grc' dir='ltr'>Θεὸν</span> <span class='ocrx_word' id='word_1_177' title='bbox 504 1357 590 1385; x_wconf 57' lang='lat' dir='ltr'><strong>«om</strong></span> <span class='ocrx_word' id='word_1_178' title='bbox 612 1357 696 1384; x_wconf 71' lang='grc' dir='ltr'><strong>καλῶ·</strong></span> <span class='ocrx_word' id='word_1_179' title='bbox 714 1356 782 1383; x_wconf 82' lang='grc' dir='ltr'>Θεοῦ</span> <span class='ocrx_word' id='word_1_180' title='bbox 798 1355 853 1391; x_wconf 84' lang='grc' dir='ltr'><strong>γάρ</strong></span> <span class='ocrx_word' id='word_1_181' title='bbox 877 1355 951 1382; x_wconf 77' lang='grc' dir='ltr'>ἐστιν</span> 
     </span>
    </p>
   </div>
   <div class='ocr_carea' id='block_1_31' title="bbox 159 1405 235 1437">
    <p class='ocr_par' dir='ltr' id='par_1_31' title="bbox 159 1405 235 1437">
     <span class='ocr_line' id='line_1_31' title="bbox 159 1405 235 1437; baseline 0 -4"><span class='ocrx_word' id='word_1_182' title='bbox 159 1405 235 1437; x_wconf 82' lang='grc' dir='ltr'><strong>Υἱός.</strong></span> 
     </span>
    </p>
   </div>
   <div class='ocr_carea' id='block_1_32' title="bbox 193 1448 951 1485">
    <p class='ocr_par' dir='ltr' id='par_1_32' title="bbox 193 1448 951 1485">
     <span class='ocr_line' id='line_1_32' title="bbox 193 1448 951 1485; baseline -0.008 -5"><span class='ocrx_word' id='word_1_183' title='bbox 193 1452 271 1480; x_wconf 80' lang='grc' dir='ltr'><strong>ΟΡΘ.</strong></span> <span class='ocrx_word' id='word_1_184' title='bbox 292 1452 323 1479; x_wconf 86' lang='grc' dir='ltr'>Εἰ</span> <span class='ocrx_word' id='word_1_185' title='bbox 345 1451 411 1478; x_wconf 74' lang='grc' dir='ltr'><strong>Θεὸν</strong></span> <span class='ocrx_word' id='word_1_186' title='bbox 434 1451 515 1477; x_wconf 78' lang='grc' dir='ltr'>αὐτὸν</span> <span class='ocrx_word' id='word_1_187' title='bbox 532 1450 644 1482; x_wconf 83' lang='grc' dir='ltr'><strong>καλεῖς,</strong></span> <span class='ocrx_word' id='word_1_188' title='bbox 660 1449 754 1485; x_wconf 79' lang='grc' dir='ltr'>ἐπειδὴ</span> <span class='ocrx_word' id='word_1_189' title='bbox 777 1448 844 1475; x_wconf 83' lang='grc' dir='ltr'>Θεοῦ</span> <span class='ocrx_word' id='word_1_190' title='bbox 869 1449 951 1475; x_wconf 73' lang='grc' dir='ltr'>αὐτὸν</span> 
     </span>
    </p>
   </div>
   <div class='ocr_carea' id='block_1_33' title="bbox 157 1495 951 1534">
    <p class='ocr_par' dir='ltr' id='par_1_33' title="bbox 157 1495 951 1534">
     <span class='ocr_line' id='line_1_33' title="bbox 157 1495 951 1534; baseline -0.005 -8"><span class='ocrx_word' id='word_1_191' title='bbox 157 1498 303 1534; x_wconf 74' lang='grc' dir='ltr'><strong>ἐδιδάχθης</strong></span> <span class='ocrx_word' id='word_1_192' title='bbox 322 1497 398 1530; x_wconf 75' lang='grc' dir='ltr'>Υἰδν,</span> <span class='ocrx_word' id='word_1_193' title='bbox 415 1497 493 1524; x_wconf 77' lang='grc' dir='ltr'>κάλει</span> <span class='ocrx_word' id='word_1_194' title='bbox 513 1497 560 1523; x_wconf 71' lang='grc' dir='ltr'><strong>καὶ</strong></span> <span class='ocrx_word' id='word_1_195' title='bbox 575 1497 729 1532; x_wconf 74' lang='grc' dir='ltr'>ἄνθρωπον·</span> <span class='ocrx_word' id='word_1_196' title='bbox 752 1496 815 1522; x_wconf 79' lang='grc' dir='ltr'>Υἰδν</span> <span class='ocrx_word' id='word_1_197' title='bbox 832 1495 886 1530; x_wconf 84' lang='grc' dir='ltr'><strong>γὰρ</strong></span> <span class='ocrx_word' id='word_1_198' title='bbox 903 1496 951 1522; x_wconf 84' lang='grc' dir='ltr'>ἀν-</span> 
     </span>
    </p>
   </div>
   <div class='ocr_carea' id='block_1_34' title="bbox 157 1541 773 1579">
    <p class='ocr_par' dir='ltr' id='par_1_34' title="bbox 157 1541 773 1579">
     <span class='ocr_line' id='line_1_34' title="bbox 157 1541 773 1579; baseline -0.008 -8"><span class='ocrx_word' id='word_1_199' title='bbox 157 1543 269 1579; x_wconf 71' lang='grc' dir='ltr'>θρώπου</span> <span class='ocrx_word' id='word_1_200' title='bbox 286 1542 417 1574; x_wconf 81' lang='grc' dir='ltr'><strong>πολλάκις</strong></span> <span class='ocrx_word' id='word_1_201' title='bbox 431 1542 527 1569; x_wconf 78' lang='grc' dir='ltr'>ἐαυτὺν</span> <span class='ocrx_word' id='word_1_202' title='bbox 541 1541 773 1577; x_wconf 79' lang='grc' dir='ltr'><strong>προσηγόρευσεν.</strong></span> 
     </span>
    </p>
   </div>
   <div class='ocr_carea' id='block_1_35' title="bbox 194 1584 953 1624">
    <p class='ocr_par' dir='ltr' id='par_1_35' title="bbox 194 1584 953 1624">
     <span class='ocr_line' id='line_1_35' title="bbox 194 1584 953 1624; baseline -0.007 -7"><span class='ocrx_word' id='word_1_203' title='bbox 194 1590 298 1617; x_wconf 79' lang='grc' dir='ltr'><strong>ΕΡΔΝ.</strong></span> <span class='ocrx_word' id='word_1_204' title='bbox 319 1590 376 1624; x_wconf 76' lang='grc' dir='ltr'><strong>Οὐχ</strong></span> <span class='ocrx_word' id='word_1_205' title='bbox 395 1589 525 1624; x_wconf 78' lang='grc' dir='ltr'><strong>ἁρμόττει</strong></span> <span class='ocrx_word' id='word_1_206' title='bbox 541 1587 615 1622; x_wconf 88' lang='grc' dir='ltr'><strong>αὺτῷ</strong></span> <span class='ocrx_word' id='word_1_207' title='bbox 634 1586 665 1613; x_wconf 76' lang='grc' dir='ltr'><strong>τὸ</strong></span> <span class='ocrx_word' id='word_1_208' title='bbox 685 1585 829 1621; x_wconf 78' lang='grc' dir='ltr'>ἄνθρωπος</span> <span class='ocrx_word' id='word_1_209' title='bbox 849 1584 953 1620; x_wconf 71' lang='grc' dir='ltr'><strong>ὄνομα,</strong></span> 
     </span>
    </p>
   </div>
   <div class='ocr_carea' id='block_1_36' title="bbox 156 1635 439 1670">
    <p class='ocr_par' dir='ltr' id='par_1_36' title="bbox 156 1635 439 1670">
     <span class='ocr_line' id='line_1_36' title="bbox 156 1635 439 1670; baseline -0.004 -8"><span class='ocrx_word' id='word_1_210' title='bbox 156 1639 198 1668; x_wconf 83' lang='grc' dir='ltr'>ὡς</span> <span class='ocrx_word' id='word_1_211' title='bbox 215 1635 244 1662; x_wconf 84' lang='grc' dir='ltr'>τὺ</span> <span class='ocrx_word' id='word_1_212' title='bbox 261 1635 328 1667; x_wconf 73' lang='grc' dir='ltr'><strong>Θεὸς</strong></span> <span class='ocrx_word' id='word_1_213' title='bbox 343 1635 439 1670; x_wconf 75' lang='grc' dir='ltr'>δνομα.</span> 
     </span>
    </p>
   </div>
   <div class='ocr_carea' id='block_1_37' title="bbox 195 1677 895 1716">
    <p class='ocr_par' dir='ltr' id='par_1_37' title="bbox 195 1677 895 1716">
     <span class='ocr_line' id='line_1_37' title="bbox 195 1677 895 1716; baseline -0.011 -6"><span class='ocrx_word' id='word_1_214' title='bbox 195 1682 271 1710; x_wconf 82' lang='grc' dir='ltr'><strong>ΟΡΘ.</strong></span> <span class='ocrx_word' id='word_1_215' title='bbox 296 1682 340 1714; x_wconf 79' lang='grc' dir='ltr'>Ὠς</span> <span class='ocrx_word' id='word_1_216' title='bbox 354 1681 404 1708; x_wconf 76' lang='grc' dir='ltr'><strong>οὐκ</strong></span> <span class='ocrx_word' id='word_1_217' title='bbox 418 1680 447 1707; x_wconf 77' lang='grc' dir='ltr'><strong>ὃν</strong></span> <span class='ocrx_word' id='word_1_218' title='bbox 463 1679 572 1716; x_wconf 76' lang='grc' dir='ltr'><strong>ἀληθὲς,</strong></span> <span class='ocrx_word' id='word_1_219' title='bbox 588 1679 605 1715; x_wconf 85' lang='grc' dir='ltr'><strong>ἢ</strong></span> <span class='ocrx_word' id='word_1_220' title='bbox 620 1679 654 1706; x_wconf 81' lang='grc' dir='ltr'><strong>δι’</strong></span> <span class='ocrx_word' id='word_1_221' title='bbox 669 1678 766 1712; x_wconf 70' lang='grc' dir='ltr'><strong>ἑτέραν</strong></span> <span class='ocrx_word' id='word_1_222' title='bbox 785 1677 875 1704; x_wconf 79' lang='grc' dir='ltr'>αἰτίαν</span> <span class='ocrx_word' id='word_1_223' title='bbox 888 1685 895 1709; x_wconf 90' lang='lat'><strong>;</strong></span> 
     </span>
    </p>
   </div>
   <div class='ocr_carea' id='block_1_38' title="bbox 197 1769 955 1808">
    <p class='ocr_par' dir='ltr' id='par_1_38' title="bbox 197 1769 955 1808">
     <span class='ocr_line' id='line_1_38' title="bbox 197 1769 955 1808; baseline -0.011 -4"><span class='ocrx_word' id='word_1_224' title='bbox 197 1776 302 1804; x_wconf 78' lang='lat' dir='ltr'><strong>EPAN.</strong></span> <span class='ocrx_word' id='word_1_225' title='bbox 323 1775 360 1802; x_wconf 81' lang='grc' dir='ltr'><strong>Τδ</strong></span> <span class='ocrx_word' id='word_1_226' title='bbox 379 1774 452 1806; x_wconf 86' lang='grc' dir='ltr'><strong>Θεὸς</strong></span> <span class='ocrx_word' id='word_1_227' title='bbox 464 1774 551 1808; x_wconf 70' lang='grc' dir='ltr'>ὄνομα</span> <span class='ocrx_word' id='word_1_228' title='bbox 571 1774 620 1808; x_wconf 78' lang='grc' dir='ltr'><strong>τῆς</strong></span> <span class='ocrx_word' id='word_1_229' title='bbox 641 1771 749 1807; x_wconf 81' lang='grc' dir='ltr'><strong>φύσεως</strong></span> <span class='ocrx_word' id='word_1_230' title='bbox 767 1771 853 1806; x_wconf 72' lang='grc' dir='ltr'><strong>ὄνομα.</strong></span> <span class='ocrx_word' id='word_1_231' title='bbox 882 1769 914 1797; x_wconf 81' lang='grc' dir='ltr'>τὸ</span> <span class='ocrx_word' id='word_1_232' title='bbox 927 1770 955 1797; x_wconf 80' lang='grc' dir='ltr'><strong>δὲ</strong></span> 
     </span>
    </p>
   </div>
   <div class='ocr_carea' id='block_1_39' title="bbox 158 1818 719 1856">
    <p class='ocr_par' dir='ltr' id='par_1_39' title="bbox 158 1818 719 1856">
     <span class='ocr_line' id='line_1_39' title="bbox 158 1818 719 1856; baseline -0.009 -7"><span class='ocrx_word' id='word_1_233' title='bbox 158 1822 304 1856; x_wconf 83' lang='grc' dir='ltr'><strong>ἄνθρωπος</strong></span> <span class='ocrx_word' id='word_1_234' title='bbox 318 1821 368 1855; x_wconf 83' lang='grc' dir='ltr'>τῆς</span> <span class='ocrx_word' id='word_1_235' title='bbox 386 1819 542 1855; x_wconf 80' lang='grc' dir='ltr'><strong>οἰκονομίας</strong></span> <span class='ocrx_word' id='word_1_236' title='bbox 557 1818 719 1853; x_wconf 78' lang='grc' dir='ltr'>πρόσρημα.</span> 
     </span>
    </p>
   </div>
   <div class='ocr_carea' id='block_1_40' title="bbox 196 1861 956 1901">
    <p class='ocr_par' dir='ltr' id='par_1_40' title="bbox 196 1861 956 1901">
     <span class='ocr_line' id='line_1_40' title="bbox 196 1861 956 1901; baseline -0.007 -8"><span class='ocrx_word' id='word_1_237' title='bbox 196 1866 274 1893; x_wconf 85' lang='grc' dir='ltr'><strong>ΟΡΘ.</strong></span> <span class='ocrx_word' id='word_1_238' title='bbox 294 1865 350 1901; x_wconf 79' lang='grc' dir='ltr'><strong>Τὴν</strong></span> <span class='ocrx_word' id='word_1_239' title='bbox 370 1865 399 1891; x_wconf 70' lang='grc' dir='ltr'><strong>δὲ</strong></span> <span class='ocrx_word' id='word_1_240' title='bbox 420 1863 578 1899; x_wconf 76' lang='grc' dir='ltr'><strong>οἰκονομίαν</strong></span> <span class='ocrx_word' id='word_1_241' title='bbox 595 1862 684 1898; x_wconf 81' lang='grc' dir='ltr'>ἀληθῆ</span> <span class='ocrx_word' id='word_1_242' title='bbox 702 1870 804 1897; x_wconf 76' lang='grc' dir='ltr'>φαμεν,</span> <span class='ocrx_word' id='word_1_243' title='bbox 817 1861 835 1898; x_wconf 74' lang='grc' dir='ltr'>ἢ</span> <span class='ocrx_word' id='word_1_244' title='bbox 854 1870 956 1897; x_wconf 77' lang='grc' dir='ltr'>φαντα·</span> 
     </span>
    </p>
   </div>
   <div class='ocr_carea' id='block_1_41' title="bbox 160 1911 503 1948">
    <p class='ocr_par' dir='ltr' id='par_1_41' title="bbox 160 1911 503 1948">
     <span class='ocr_line' id='line_1_41' title="bbox 160 1911 503 1948; baseline -0.009 -9"><span class='ocrx_word' id='word_1_245' title='bbox 160 1913 245 1948; x_wconf 84' lang='grc' dir='ltr'>σιώόη</span> <span class='ocrx_word' id='word_1_246' title='bbox 260 1911 322 1938; x_wconf 84' lang='grc' dir='ltr'>τινὰ</span> <span class='ocrx_word' id='word_1_247' title='bbox 337 1911 384 1937; x_wconf 80' lang='grc' dir='ltr'><strong>καὶ</strong></span> <span class='ocrx_word' id='word_1_248' title='bbox 396 1911 481 1946; x_wconf 79' lang='grc' dir='ltr'>ψευδῆ</span> <span class='ocrx_word' id='word_1_249' title='bbox 494 1919 503 1944; x_wconf 84' lang='lat'><strong>;</strong></span> 
     </span>
    </p>
   </div>
   <div class='ocr_carea' id='block_1_42' title="bbox 196 1957 438 1992">
    <p class='ocr_par' dir='ltr' id='par_1_42' title="bbox 196 1957 438 1992">
     <span class='ocr_line' id='line_1_42' title="bbox 196 1957 438 1992; baseline -0.008 -7"><span class='ocrx_word' id='word_1_250' title='bbox 196 1958 300 1985; x_wconf 82' lang='lat' dir='ltr'><strong>EPAN.</strong></span> <span class='ocrx_word' id='word_1_251' title='bbox 327 1957 438 1992; x_wconf 59' lang='grc' dir='ltr'><strong>Ἀληθῆ»</strong></span> 
     </span>
    </p>
   </div>
   <div class='ocr_carea' id='block_1_43' title="bbox 195 2000 955 2038">
    <p class='ocr_par' dir='ltr' id='par_1_43' title="bbox 195 2000 955 2038">
     <span class='ocr_line' id='line_1_43' title="bbox 195 2000 955 2038; baseline -0.005 -7"><span class='ocrx_word' id='word_1_252' title='bbox 195 2004 273 2031; x_wconf 80' lang='lat' dir='ltr'><strong>0P8.</strong></span> <span class='ocrx_word' id='word_1_253' title='bbox 292 2003 325 2031; x_wconf 83' lang='grc' dir='ltr'>Εἰ</span> <span class='ocrx_word' id='word_1_254' title='bbox 342 2003 432 2029; x_wconf 85' lang='grc' dir='ltr'>τοίνυν</span> <span class='ocrx_word' id='word_1_255' title='bbox 447 2002 551 2038; x_wconf 75' lang='grc' dir='ltr'><strong>ἀληθὴς</strong></span> <span class='ocrx_word' id='word_1_256' title='bbox 570 2002 620 2038; x_wconf 84' lang='grc' dir='ltr'><strong>τῆς</strong></span> <span class='ocrx_word' id='word_1_257' title='bbox 637 2001 796 2037; x_wconf 83' lang='grc' dir='ltr'>οἰκονομίας</span> <span class='ocrx_word' id='word_1_258' title='bbox 813 2001 830 2036; x_wconf 83' lang='grc' dir='ltr'><strong>ἡ</strong></span> <span class='ocrx_word' id='word_1_259' title='bbox 855 2000 936 2036; x_wconf 81' lang='grc' dir='ltr'>χάρις</span> <span class='ocrx_word' id='word_1_260' title='bbox 947 2020 955 2033; x_wconf 86' lang='grc'><em>,</em></span> 
     </span>
    </p>
   </div>
   <div class='ocr_carea' id='block_1_44' title="bbox 159 2045 957 2086">
    <p class='ocr_par' dir='ltr' id='par_1_44' title="bbox 159 2045 957 2086">
     <span class='ocr_line' id='line_1_44' title="bbox 159 2045 957 2086; baseline -0.008 -9"><span class='ocrx_word' id='word_1_261' title='bbox 159 2050 211 2086; x_wconf 72' lang='grc' dir='ltr'>τὴν</span> <span class='ocrx_word' id='word_1_262' title='bbox 225 2049 432 2084; x_wconf 82' lang='grc' dir='ltr'>ὲνανθρώπησιν</span> <span class='ocrx_word' id='word_1_263' title='bbox 451 2048 480 2075; x_wconf 76' lang='grc' dir='ltr'><strong>δὲ</strong></span> <span class='ocrx_word' id='word_1_264' title='bbox 501 2047 548 2074; x_wconf 84' lang='grc' dir='ltr'>τοῦ</span> <span class='ocrx_word' id='word_1_265' title='bbox 565 2047 633 2074; x_wconf 84' lang='grc' dir='ltr'>Θεοῦ</span> <span class='ocrx_word' id='word_1_266' title='bbox 649 2048 737 2081; x_wconf 79' lang='grc' dir='ltr'>Λόγου</span> <span class='ocrx_word' id='word_1_267' title='bbox 763 2046 899 2081; x_wconf 84' lang='grc' dir='ltr'><strong>καλοῦμεν</strong></span> <span class='ocrx_word' id='word_1_268' title='bbox 916 2045 957 2071; x_wconf 89' lang='grc' dir='ltr'><strong>οἰ-</strong></span> 
     </span>
    </p>
   </div>
   <div class='ocr_carea' id='block_1_45' title="bbox 160 2092 956 2132">
    <p class='ocr_par' dir='ltr' id='par_1_45' title="bbox 160 2092 956 2132">
     <span class='ocr_line' id='line_1_45' title="bbox 160 2092 956 2132; baseline -0.008 -8"><span class='ocrx_word' id='word_1_269' title='bbox 160 2097 304 2132; x_wconf 77' lang='grc' dir='ltr'>κονομίαν,</span> <span class='ocrx_word' id='word_1_270' title='bbox 318 2095 418 2131; x_wconf 77' lang='grc' dir='ltr'>ἀληθὲς</span> <span class='ocrx_word' id='word_1_271' title='bbox 432 2095 486 2131; x_wconf 78' lang='grc' dir='ltr'><strong>ἄρα</strong></span> <span class='ocrx_word' id='word_1_272' title='bbox 500 2095 547 2121; x_wconf 73' lang='grc' dir='ltr'><strong>καὶ</strong></span> <span class='ocrx_word' id='word_1_273' title='bbox 557 2095 587 2120; x_wconf 82' lang='grc' dir='ltr'>τὸ</span> <span class='ocrx_word' id='word_1_274' title='bbox 602 2093 746 2130; x_wconf 79' lang='grc' dir='ltr'>ἄνθρωπος</span> <span class='ocrx_word' id='word_1_275' title='bbox 760 2093 857 2128; x_wconf 78' lang='grc' dir='ltr'>δνομα’</span> <span class='ocrx_word' id='word_1_276' title='bbox 874 2092 956 2127; x_wconf 82' lang='grc' dir='ltr'>φύσιν</span> 
     </span>
    </p>
   </div>
   <div class='ocr_carea' id='block_1_46' title="bbox 160 2139 954 2179">
    <p class='ocr_par' dir='ltr' id='par_1_46' title="bbox 160 2139 954 2179">
     <span class='ocr_line' id='line_1_46' title="bbox 160 2139 954 2179; baseline -0.008 -8"><span class='ocrx_word' id='word_1_277' title='bbox 160 2144 219 2179; x_wconf 79' lang='grc' dir='ltr'><strong>γὰρ</strong></span> <span class='ocrx_word' id='word_1_278' title='bbox 234 2143 408 2178; x_wconf 76' lang='grc' dir='ltr'><strong>ἀνθρωπείαν</strong></span> <span class='ocrx_word' id='word_1_279' title='bbox 423 2140 577 2173; x_wconf 70' lang='grc' dir='ltr'><strong>ἀναλαϐὼν,</strong></span> <span class='ocrx_word' id='word_1_280' title='bbox 600 2140 786 2176; x_wconf 74' lang='grc' dir='ltr'>ἐχρημάτισεν</span> <span class='ocrx_word' id='word_1_281' title='bbox 800 2139 954 2170; x_wconf 76' lang='grc' dir='ltr'>ἁνθοωπος.</span> 
     </span>
    </p>
   </div>
   <div class='ocr_carea' id='block_1_47' title="bbox 197 2229 956 2268">
    <p class='ocr_par' dir='ltr' id='par_1_47' title="bbox 197 2229 956 2268">
     <span class='ocr_line' id='line_1_47' title="bbox 197 2229 956 2268; baseline -0.005 -8"><span class='ocrx_word' id='word_1_282' title='bbox 197 2232 300 2260; x_wconf 79' lang='lat' dir='ltr'><strong>EPAN.</strong></span> <span class='ocrx_word' id='word_1_283' title='bbox 326 2231 385 2268; x_wconf 82' lang='grc' dir='ltr'><strong>Πρδ</strong></span> <span class='ocrx_word' id='word_1_284' title='bbox 396 2231 443 2258; x_wconf 81' lang='grc' dir='ltr'>τοῦ</span> <span class='ocrx_word' id='word_1_285' title='bbox 462 2230 566 2263; x_wconf 78' lang='grc' dir='ltr'><strong>πάθους</strong></span> <span class='ocrx_word' id='word_1_286' title='bbox 580 2229 705 2257; x_wconf 72' lang='grc' dir='ltr'>ἐκαλεῖτο</span> <span class='ocrx_word' id='word_1_287' title='bbox 715 2229 868 2265; x_wconf 75' lang='grc' dir='ltr'>ἄνθρωπος·</span> <span class='ocrx_word' id='word_1_288' title='bbox 887 2229 956 2264; x_wconf 83' lang='grc' dir='ltr'>μετὰ</span> 
     </span>
    </p>
   </div>
   <div class='ocr_carea' id='block_1_48' title="bbox 159 2277 467 2310">
    <p class='ocr_par' dir='ltr' id='par_1_48' title="bbox 159 2277 467 2310">
     <span class='ocr_line' id='line_1_48' title="bbox 159 2277 467 2310; baseline -0.01 -3"><span class='ocrx_word' id='word_1_289' title='bbox 159 2280 191 2307; x_wconf 70' lang='grc' dir='ltr'><strong>δὲ</strong></span> <span class='ocrx_word' id='word_1_290' title='bbox 206 2279 237 2306; x_wconf 70' lang='grc' dir='ltr'>τὸ</span> <span class='ocrx_word' id='word_1_291' title='bbox 251 2277 340 2310; x_wconf 81' lang='grc' dir='ltr'>πάθος</span> <span class='ocrx_word' id='word_1_292' title='bbox 351 2278 402 2304; x_wconf 83' lang='grc' dir='ltr'><strong>οὐκ</strong></span> <span class='ocrx_word' id='word_1_293' title='bbox 416 2277 467 2305; x_wconf 78' lang='grc' dir='ltr'>ἑτι.</span> 
     </span>
    </p>
   </div>
   <div class='ocr_carea' id='block_1_49' title="bbox 199 2321 958 2359">
    <p class='ocr_par' dir='ltr' id='par_1_49' title="bbox 199 2321 958 2359">
     <span class='ocr_line' id='line_1_49' title="bbox 199 2321 958 2359; baseline -0.005 -7"><span class='ocrx_word' id='word_1_294' title='bbox 199 2324 275 2352; x_wconf 76' lang='grc' dir='ltr'><strong>οΡΘ.</strong></span> <span class='ocrx_word' id='word_1_295' title='bbox 295 2324 352 2350; x_wconf 77' lang='grc' dir='ltr'><strong>Καὶ</strong></span> <span class='ocrx_word' id='word_1_296' title='bbox 369 2323 422 2359; x_wconf 82' lang='grc' dir='ltr'><strong>μὴν</strong></span> <span class='ocrx_word' id='word_1_297' title='bbox 442 2322 511 2358; x_wconf 87' lang='grc' dir='ltr'>μετά</span> <span class='ocrx_word' id='word_1_298' title='bbox 527 2323 558 2349; x_wconf 79' lang='grc' dir='ltr'><strong>τὸ</strong></span> <span class='ocrx_word' id='word_1_299' title='bbox 574 2322 660 2353; x_wconf 76' lang='grc' dir='ltr'>πάθος</span> <span class='ocrx_word' id='word_1_300' title='bbox 674 2322 723 2348; x_wconf 79' lang='grc' dir='ltr'>καὶ</span> <span class='ocrx_word' id='word_1_301' title='bbox 735 2321 785 2358; x_wconf 82' lang='grc' dir='ltr'>τὴν</span> <span class='ocrx_word' id='word_1_302' title='bbox 797 2321 958 2354; x_wconf 83' lang='grc' dir='ltr'><strong>ἀνάστασιν,</strong></span> 
     </span>
    </p>
   </div>
   <div class='ocr_carea' id='block_1_50' title="bbox 161 2367 960 2406">
    <p class='ocr_par' dir='ltr' id='par_1_50' title="bbox 161 2367 960 2406">
     <span class='ocr_line' id='line_1_50' title="bbox 161 2367 960 2406; baseline -0.004 -9"><span class='ocrx_word' id='word_1_303' title='bbox 161 2370 269 2406; x_wconf 73' lang='grc' dir='ltr'>ἔγραψε</span> <span class='ocrx_word' id='word_1_304' title='bbox 284 2369 410 2405; x_wconf 78' lang='grc' dir='ltr'><strong>Τιμοθέῳ</strong></span> <span class='ocrx_word' id='word_1_305' title='bbox 425 2369 475 2405; x_wconf 82' lang='grc' dir='ltr'>τὴν</span> <span class='ocrx_word' id='word_1_306' title='bbox 492 2368 653 2403; x_wconf 81' lang='grc' dir='ltr'>Ἐπιστολὴν</span> <span class='ocrx_word' id='word_1_307' title='bbox 667 2369 682 2395; x_wconf 85' lang='grc' dir='ltr'><strong>ὁ</strong></span> <span class='ocrx_word' id='word_1_308' title='bbox 695 2367 766 2400; x_wconf 76' lang='grc' dir='ltr'>θεῖος</span> <span class='ocrx_word' id='word_1_309' title='bbox 787 2367 960 2400; x_wconf 83' lang='grc' dir='ltr'>Ἀπόστολος,</span> 
     </span>
    </p>
   </div>
   <div class='ocr_carea' id='block_1_51' title="bbox 159 2413 951 2453">
    <p class='ocr_par' dir='ltr' id='par_1_51' title="bbox 159 2413 951 2453">
     <span class='ocr_line' id='line_1_51' title="bbox 159 2413 951 2453; baseline -0.005 -10"><span class='ocrx_word' id='word_1_310' title='bbox 159 2418 192 2443; x_wconf 80' lang='grc' dir='ltr'>ὲν</span> <span class='ocrx_word' id='word_1_311' title='bbox 257 2416 304 2442; x_wconf 82' lang='grc' dir='ltr'>τὺν</span> <span class='ocrx_word' id='word_1_312' title='bbox 328 2416 444 2451; x_wconf 85' lang='grc' dir='ltr'><strong>Σωτῆρα</strong></span> <span class='ocrx_word' id='word_1_313' title='bbox 466 2414 584 2450; x_wconf 76' lang='grc' dir='ltr'>Χριστὸν</span> <span class='ocrx_word' id='word_1_314' title='bbox 606 2413 828 2450; x_wconf 76' lang='grc' dir='ltr'>προσηγόρευσεν</span> <span class='ocrx_word' id='word_1_315' title='bbox 849 2413 951 2449; x_wconf 81' lang='grc' dir='ltr'><strong>ἄνθρω·</strong></span> 
     </span>
    </p>
   </div>
   <div class='ocr_carea' id='block_1_52' title="bbox 162 2459 958 2498">
    <p class='ocr_par' dir='ltr' id='par_1_52' title="bbox 162 2459 958 2498">
     <span class='ocr_line' id='line_1_52' title="bbox 162 2459 958 2498; baseline -0.005 -9"><span class='ocrx_word' id='word_1_316' title='bbox 162 2471 216 2489; x_wconf 86' lang='grc' dir='ltr'><strong>πον</strong></span> <span class='ocrx_word' id='word_1_317' title='bbox 229 2462 297 2498; x_wconf 70' lang='grc'><strong>(52).</strong></span> <span class='ocrx_word' id='word_1_318' title='bbox 317 2462 394 2489; x_wconf 82' lang='grc' dir='ltr'>Μετὰ</span> <span class='ocrx_word' id='word_1_319' title='bbox 409 2461 439 2488; x_wconf 76' lang='grc' dir='ltr'>τὸ</span> <span class='ocrx_word' id='word_1_320' title='bbox 451 2461 536 2492; x_wconf 73' lang='grc' dir='ltr'>πάθος</span> <span class='ocrx_word' id='word_1_321' title='bbox 550 2461 598 2488; x_wconf 75' lang='grc' dir='ltr'><strong>καὶ</strong></span> <span class='ocrx_word' id='word_1_322' title='bbox 618 2460 667 2496; x_wconf 86' lang='grc' dir='ltr'>τὴν</span> <span class='ocrx_word' id='word_1_323' title='bbox 684 2460 844 2491; x_wconf 82' lang='grc' dir='ltr'>ἀνάστασιν,</span> <span class='ocrx_word' id='word_1_324' title='bbox 858 2459 958 2494; x_wconf 83' lang='grc' dir='ltr'><strong>Κοριν-</strong></span> 
     </span>
    </p>
   </div>
   <div class='ocr_carea' id='block_1_53' title="bbox 163 2505 957 2544">
    <p class='ocr_par' dir='ltr' id='par_1_53' title="bbox 163 2505 957 2544">
     <span class='ocr_line' id='line_1_53' title="bbox 163 2505 957 2544; baseline -0.004 -10"><span class='ocrx_word' id='word_1_325' title='bbox 163 2508 234 2540; x_wconf 80' lang='grc' dir='ltr'>θίοις</span> <span class='ocrx_word' id='word_1_326' title='bbox 249 2507 364 2544; x_wconf 82' lang='grc' dir='ltr'><strong>γράφων</strong></span> <span class='ocrx_word' id='word_1_327' title='bbox 378 2507 433 2542; x_wconf 81' lang='grc'><strong>(55)</strong></span> <span class='ocrx_word' id='word_1_328' title='bbox 449 2506 509 2542; x_wconf 75' lang='grc' dir='ltr'><strong>βοᾷθ</strong></span> <span class='ocrx_word' id='word_1_329' title='bbox 527 2515 537 2532; x_wconf 83' lang='grc' dir='ltr'>ι</span> <span class='ocrx_word' id='word_1_330' title='bbox 563 2505 672 2541; x_wconf 80' lang='grc' dir='ltr'><strong>Ἐπειδὴ</strong></span> <span class='ocrx_word' id='word_1_331' title='bbox 691 2506 747 2541; x_wconf 84' lang='grc' dir='ltr'><strong>γὰρ</strong></span> <span class='ocrx_word' id='word_1_332' title='bbox 761 2505 794 2532; x_wconf 81' lang='grc' dir='ltr'><strong>δι’</strong></span> <span class='ocrx_word' id='word_1_333' title='bbox 810 2505 957 2541; x_wconf 79' lang='grc' dir='ltr'>ἀνθρώπου</span> 
     </span>
    </p>
   </div>
   <div class='ocr_carea' id='block_1_54' title="bbox 163 2551 957 2588">
    <p class='ocr_par' dir='ltr' id='par_1_54' title="bbox 163 2551 957 2588">
     <span class='ocr_line' id='line_1_54' title="bbox 163 2551 957 2588; baseline -0.005 -7"><span class='ocrx_word' id='word_1_334' title='bbox 163 2554 293 2586; x_wconf 79' lang='grc' dir='ltr'>θάνατος,</span> <span class='ocrx_word' id='word_1_335' title='bbox 308 2554 356 2581; x_wconf 82' lang='grc' dir='ltr'><strong>καὶ</strong></span> <span class='ocrx_word' id='word_1_336' title='bbox 371 2553 405 2580; x_wconf 84' lang='grc' dir='ltr'><strong>δι’</strong></span> <span class='ocrx_word' id='word_1_337' title='bbox 422 2552 567 2588; x_wconf 81' lang='grc' dir='ltr'>ἀνθρώπου</span> <span class='ocrx_word' id='word_1_338' title='bbox 583 2552 732 2583; x_wconf 83' lang='grc' dir='ltr'>ἀνάστασις</span> <span class='ocrx_word' id='word_1_339' title='bbox 746 2551 801 2578; x_wconf 84' lang='grc' dir='ltr'><strong>τῶν</strong></span> <span class='ocrx_word' id='word_1_340' title='bbox 814 2551 929 2587; x_wconf 85' lang='grc' dir='ltr'>νεκρῶν.</span> <span class='ocrx_word' id='word_1_341' title='bbox 947 2561 957 2578; x_wconf 69' lang='grc' dir='ltr'>ι</span> 
     </span>
    </p>
   </div>
   <div class='ocr_carea' id='block_1_55' title="bbox 163 2597 958 2634">
    <p class='ocr_par' dir='ltr' id='par_1_55' title="bbox 163 2597 958 2634">
     <span class='ocr_line' id='line_1_55' title="bbox 163 2597 958 2634; baseline -0.004 -7"><span class='ocrx_word' id='word_1_342' title='bbox 163 2600 222 2628; x_wconf 73' lang='grc' dir='ltr'><strong>Καὶ</strong></span> <span class='ocrx_word' id='word_1_343' title='bbox 234 2599 367 2627; x_wconf 74' lang='grc' dir='ltr'>διδάσκων</span> <span class='ocrx_word' id='word_1_344' title='bbox 377 2599 544 2634; x_wconf 82' lang='grc' dir='ltr'>σαφέστερον</span> <span class='ocrx_word' id='word_1_345' title='bbox 556 2599 619 2634; x_wconf 78' lang='grc' dir='ltr'>περὶ</span> <span class='ocrx_word' id='word_1_346' title='bbox 631 2598 702 2630; x_wconf 84' lang='grc' dir='ltr'>τίνος</span> <span class='ocrx_word' id='word_1_347' title='bbox 711 2597 795 2632; x_wconf 83' lang='grc' dir='ltr'><strong>λέγει,</strong></span> <span class='ocrx_word' id='word_1_348' title='bbox 809 2599 958 2634; x_wconf 77' lang='grc' dir='ltr'><strong>ἐπήγαγεν·</strong></span> 
     </span>
    </p>
   </div>
   <div class='ocr_carea' id='block_1_56' title="bbox 166 2643 959 2680">
    <p class='ocr_par' dir='ltr' id='par_1_56' title="bbox 166 2643 959 2680">
     <span class='ocr_line' id='line_1_56' title="bbox 166 2643 959 2680; baseline -0.004 -8"><span class='ocrx_word' id='word_1_349' title='bbox 166 2654 178 2672; x_wconf 70' lang='grc' dir='ltr'><strong>ε</strong></span> <span class='ocrx_word' id='word_1_350' title='bbox 196 2645 306 2679; x_wconf 76' lang='grc' dir='ltr'>Ὥσπερ</span> <span class='ocrx_word' id='word_1_351' title='bbox 324 2645 378 2680; x_wconf 75' lang='grc' dir='ltr'><strong>γὰρ</strong></span> <span class='ocrx_word' id='word_1_352' title='bbox 395 2645 424 2671; x_wconf 71' lang='grc' dir='ltr'><strong>ἐν</strong></span> <span class='ocrx_word' id='word_1_353' title='bbox 441 2643 481 2679; x_wconf 83' lang='grc' dir='ltr'>τῷ</span> <span class='ocrx_word' id='word_1_354' title='bbox 502 2644 588 2678; x_wconf 73' lang='grc' dir='ltr'>Ἀδὰμ</span> <span class='ocrx_word' id='word_1_355' title='bbox 607 2643 708 2675; x_wconf 84' lang='grc' dir='ltr'>πάντες</span> <span class='ocrx_word' id='word_1_356' title='bbox 729 2643 959 2678; x_wconf 76' lang='grc' dir='ltr'>ἀποθνήσκουσιν,</span> 
     </span>
    </p>
   </div>
   <div class='ocr_carea' id='block_1_57' title="bbox 203 2721 730 2755">
    <p class='ocr_par' dir='ltr' id='par_1_57' title="bbox 203 2721 730 2755">
     <span class='ocr_line' id='line_1_57' title="bbox 203 2721 730 2755; baseline -0.006 -4"><span class='ocrx_word' id='word_1_357' title='bbox 203 2725 225 2740; x_wconf 79' lang='grc'><strong>’⁵</strong></span> <span class='ocrx_word' id='word_1_358' title='bbox 238 2723 249 2751; x_wconf 85' lang='grc' dir='ltr'>ι</span> <span class='ocrx_word' id='word_1_359' title='bbox 261 2723 332 2750; x_wconf 88' lang='lat' dir='ltr'><strong>Tim.</strong></span> <span class='ocrx_word' id='word_1_360' title='bbox 346 2731 375 2755; x_wconf 83' lang='grc' dir='ltr'>η,</span> <span class='ocrx_word' id='word_1_361' title='bbox 387 2723 414 2755; x_wconf 79' lang='lat'><strong>5,</strong></span> <span class='ocrx_word' id='word_1_362' title='bbox 427 2723 453 2750; x_wconf 88' lang='lat'><strong>6.</strong></span> <span class='ocrx_word' id='word_1_363' title='bbox 485 2723 508 2738; x_wconf 76' lang='grc'><strong>’⁵</strong></span> <span class='ocrx_word' id='word_1_364' title='bbox 523 2722 607 2750; x_wconf 90' lang='lat' dir='ltr'><strong>lCor.</strong></span> <span class='ocrx_word' id='word_1_365' title='bbox 622 2729 667 2755; x_wconf 76' lang='lat' dir='ltr'><strong>xv,</strong></span> <span class='ocrx_word' id='word_1_366' title='bbox 682 2721 730 2748; x_wconf 80' lang='grc'><strong>21.</strong></span> 
     </span>
    </p>
   </div>
   <div class='ocr_carea' id='block_1_58' title="bbox 215 2789 914 2828">
    <p class='ocr_par' dir='ltr' id='par_1_58' title="bbox 215 2789 914 2828">
     <span class='ocr_line' id='line_1_58' title="bbox 215 2789 914 2828; baseline -0.009 -8"><span class='ocrx_word' id='word_1_367' title='bbox 215 2794 260 2828; x_wconf 79' lang='lat' dir='ltr'><strong>3i)</strong></span> <span class='ocrx_word' id='word_1_368' title='bbox 278 2794 338 2828; x_wconf 79' lang='grc' dir='ltr'>ζητ.</span> <span class='ocrx_word' id='word_1_369' title='bbox 352 2791 495 2828; x_wconf 37' lang='grc' dir='ltr'><strong>Εᾱηῑλίῃε.</strong></span> <span class='ocrx_word' id='word_1_370' title='bbox 512 2798 606 2825; x_wconf 65' lang='grc' dir='ltr'>ριγθιη.</span> <span class='ocrx_word' id='word_1_371' title='bbox 623 2789 663 2828; x_wconf 75' lang='grc' dir='ltr'>τό.</span> <span class='ocrx_word' id='word_1_372' title='bbox 710 2824 717 2828; x_wconf 89' lang='lat'><strong>_</strong></span> <span class='ocrx_word' id='word_1_373' title='bbox 746 2823 764 2828; x_wconf 76' lang='lat'><strong>_</strong></span> <span class='ocrx_word' id='word_1_374' title='bbox 864 2827 868 2828; x_wconf 17' lang='grc' dir='ltr'><em>γ</em></span> <span class='ocrx_word' id='word_1_375' title='bbox 885 2822 914 2828; x_wconf 81' lang='lat'><strong>__</strong></span> 
     </span>
    </p>
   </div>
   <div class='ocr_carea' id='block_1_59' title="bbox 215 2822 959 2864">
    <p class='ocr_par' dir='ltr' id='par_1_59' title="bbox 215 2822 959 2864">
     <span class='ocr_line' id='line_1_59' title="bbox 215 2822 959 2864; baseline -0.009 -8"><span class='ocrx_word' id='word_1_376' title='bbox 215 2822 260 2864; x_wconf 63' lang='lat'><strong>32)</strong></span> <span class='ocrx_word' id='word_1_377' title='bbox 280 2822 358 2864; x_wconf 54' lang='grc' dir='ltr'>μορ.</span> <span class='ocrx_word' id='word_1_378' title='bbox 383 2827 423 2854; x_wconf 82' lang='lat' dir='ltr'><strong>Ad</strong></span> <span class='ocrx_word' id='word_1_379' title='bbox 441 2822 624 2854; x_wconf 60' lang='lat' dir='ltr'><strong>h&#39;anc&#39;vocem</strong></span> <span class='ocrx_word' id='word_1_380' title='bbox 639 2825 668 2852; x_wconf 92' lang='lat' dir='ltr'><strong>in</strong></span> <span class='ocrx_word' id='word_1_381' title='bbox 683 2824 729 2852; x_wconf 88' lang='lat' dir='ltr'><strong>ed.</strong></span> <span class='ocrx_word' id='word_1_382' title='bbox 746 2823 825 2852; x_wconf 78' lang='lat' dir='ltr'><strong>Rom.</strong></span> <span class='ocrx_word' id='word_1_383' title='bbox 844 2827 871 2850; x_wconf 87' lang='lat' dir='ltr'><strong>et</strong></span> <span class='ocrx_word' id='word_1_384' title='bbox 885 2822 959 2858; x_wconf 86' lang='lat' dir='ltr'><strong>Lips.</strong></span> 
     </span>
    </p>
   </div>
   <div class='ocr_carea' id='block_1_60' title="bbox 998 221 1216 250">
    <p class='ocr_par' dir='ltr' id='par_1_60' title="bbox 998 221 1216 250">
     <span class='ocr_line' id='line_1_60' title="bbox 998 221 1216 250; baseline 0.009 -2"><span class='ocrx_word' id='word_1_385' title='bbox 998 221 1090 249; x_wconf 83' lang='lat' dir='ltr'><strong>ﬁcium</strong></span> <span class='ocrx_word' id='word_1_386' title='bbox 1105 222 1216 250; x_wconf 76' lang='lat' dir='ltr'><strong>obtulit.</strong></span> 
     </span>
    </p>
   </div>
   <div class='ocr_carea' id='block_1_61' title="bbox 1033 268 1790 307">
    <p class='ocr_par' dir='ltr' id='par_1_61' title="bbox 1033 268 1790 307">
     <span class='ocr_line' id='line_1_61' title="bbox 1033 268 1790 307; baseline 0.005 -12"><span class='ocrx_word' id='word_1_387' title='bbox 1033 268 1136 295; x_wconf 80' lang='lat' dir='ltr'><strong>ERAN.</strong></span> <span class='ocrx_word' id='word_1_388' title='bbox 1157 268 1256 296; x_wconf 87' lang='lat' dir='ltr'><strong>Multos</strong></span> <span class='ocrx_word' id='word_1_389' title='bbox 1276 269 1304 296; x_wconf 87' lang='lat' dir='ltr'><strong>in</strong></span> <span class='ocrx_word' id='word_1_390' title='bbox 1327 269 1378 296; x_wconf 88' lang='lat' dir='ltr'><strong>hac</strong></span> <span class='ocrx_word' id='word_1_391' title='bbox 1401 276 1430 296; x_wconf 89' lang='lat' dir='ltr'><strong>re</strong></span> <span class='ocrx_word' id='word_1_392' title='bbox 1451 276 1594 298; x_wconf 75' lang='lat' dir='ltr'><strong>sermones</strong></span> <span class='ocrx_word' id='word_1_393' title='bbox 1612 269 1790 307; x_wconf 80' lang='lat' dir='ltr'><strong>consumpsi-</strong></span> 
     </span>
    </p>
   </div>
   <div class='ocr_carea' id='block_1_62' title="bbox 996 322 1068 341">
    <p class='ocr_par' dir='ltr' id='par_1_62' title="bbox 996 322 1068 341">
     <span class='ocr_line' id='line_1_62' title="bbox 996 322 1068 341; baseline 0 0"><span class='ocrx_word' id='word_1_394' title='bbox 996 322 1068 341; x_wconf 88' lang='lat' dir='ltr'><strong>mus.</strong></span> 
     </span>
    </p>
   </div>
   <div class='ocr_carea' id='block_1_63' title="bbox 1028 360 1788 397">
    <p class='ocr_par' dir='ltr' id='par_1_63' title="bbox 1028 360 1788 397">
     <span class='ocr_line' id='line_1_63' title="bbox 1028 360 1788 397; baseline 0.003 -9"><span class='ocrx_word' id='word_1_395' title='bbox 1028 360 1136 388; x_wconf 75' lang='lat' dir='ltr'><strong>&#39;ORTH.</strong></span> <span class='ocrx_word' id='word_1_396' title='bbox 1158 360 1191 389; x_wconf 87' lang='lat' dir='ltr'><strong>Et</strong></span> <span class='ocrx_word' id='word_1_397' title='bbox 1213 361 1340 397; x_wconf 81' lang='lat' dir='ltr'><strong>pluribus</strong></span> <span class='ocrx_word' id='word_1_398' title='bbox 1359 370 1427 397; x_wconf 89' lang='lat' dir='ltr'><strong>opus</strong></span> <span class='ocrx_word' id='word_1_399' title='bbox 1446 367 1516 395; x_wconf 85' lang='lat' dir='ltr'><strong>erat,</strong></span> <span class='ocrx_word' id='word_1_400' title='bbox 1532 366 1563 389; x_wconf 89' lang='lat' dir='ltr'><strong>ut</strong></span> <span class='ocrx_word' id='word_1_401' title='bbox 1582 362 1654 389; x_wconf 87' lang='lat' dir='ltr'><strong>nos‘ti</strong></span> <span class='ocrx_word' id='word_1_402' title='bbox 1672 361 1788 390; x_wconf 76' lang='lat' dir='ltr'><strong>:dixisti</strong></span> 
     </span>
    </p>
   </div>
   <div class='ocr_carea' id='block_1_64' title="bbox 994 405 1564 436">
    <p class='ocr_par' dir='ltr' id='par_1_64' title="bbox 994 405 1564 436">
     <span class='ocr_line' id='line_1_64' title="bbox 994 405 1564 436; baseline 0.005 -4"><span class='ocrx_word' id='word_1_403' title='bbox 994 405 1070 432; x_wconf 76' lang='lat' dir='ltr'><strong>enim</strong></span> <span class='ocrx_word' id='word_1_404' title='bbox 1085 406 1174 433; x_wconf 90' lang='lat' dir='ltr'><strong>locum</strong></span> <span class='ocrx_word' id='word_1_405' title='bbox 1190 415 1251 434; x_wconf 85' lang='lat' dir='ltr'><strong>esse</strong></span> <span class='ocrx_word' id='word_1_406' title='bbox 1263 407 1403 434; x_wconf 85' lang='lat' dir='ltr'><strong>intellectu</strong></span> <span class='ocrx_word' id='word_1_407' title='bbox 1416 407 1564 436; x_wconf 75' lang='lat' dir='ltr'><strong>dill&#39;ieilem.</strong></span> 
     </span>
    </p>
   </div>
   <div class='ocr_carea' id='block_1_65' title="bbox 1031 451 1788 488">
    <p class='ocr_par' dir='ltr' id='par_1_65' title="bbox 1031 451 1788 488">
     <span class='ocr_line' id='line_1_65' title="bbox 1031 451 1788 488; baseline 0.005 -10"><span class='ocrx_word' id='word_1_408' title='bbox 1031 451 1137 479; x_wconf 78' lang='lat' dir='ltr'><strong>ERAN.</strong></span> <span class='ocrx_word' id='word_1_409' title='bbox 1154 453 1195 480; x_wconf 74' lang='lat' dir='ltr'><strong>Ad</strong></span> <span class='ocrx_word' id='word_1_410' title='bbox 1221 453 1375 480; x_wconf 83' lang='lat' dir='ltr'><strong>institutam</strong></span> <span class='ocrx_word' id='word_1_411' title='bbox 1397 454 1610 488; x_wconf 71' lang='lat' dir='ltr'><strong>disputationem</strong></span> <span class='ocrx_word' id='word_1_412' title='bbox 1632 454 1788 482; x_wconf 78' lang='lat' dir='ltr'><strong>redeamus.</strong></span> 
     </span>
    </p>
   </div>
   <div class='ocr_carea' id='block_1_66' title="bbox 1034 497 1788 535">
    <p class='ocr_par' dir='ltr' id='par_1_66' title="bbox 1034 497 1788 535">
     <span class='ocr_line' id='line_1_66' title="bbox 1034 497 1788 535; baseline 0.003 -10"><span class='ocrx_word' id='word_1_413' title='bbox 1034 497 1139 525; x_wconf 80' lang='lat' dir='ltr'><strong>ORTH.</strong></span> <span class='ocrx_word' id='word_1_414' title='bbox 1157 498 1227 532; x_wconf 85' lang='lat' dir='ltr'><strong>Quid</strong></span> <span class='ocrx_word' id='word_1_415' title='bbox 1256 503 1348 526; x_wconf 87' lang='lat' dir='ltr'><strong>autem</strong></span> <span class='ocrx_word' id='word_1_416' title='bbox 1371 503 1429 526; x_wconf 88' lang='lat' dir='ltr'><strong>erat</strong></span> <span class='ocrx_word' id='word_1_417' title='bbox 1452 499 1526 534; x_wconf 90' lang='lat' dir='ltr'><strong>quod</strong></span> <span class='ocrx_word' id='word_1_418' title='bbox 1545 507 1560 527; x_wconf 86' lang='lat' dir='ltr'><strong>a</strong></span> <span class='ocrx_word' id='word_1_419' title='bbox 1580 500 1661 528; x_wconf 91' lang='lat' dir='ltr'><strong>nohis</strong></span> <span class='ocrx_word' id='word_1_420' title='bbox 1681 508 1788 535; x_wconf 75' lang='lat' dir='ltr'><strong>quaere—</strong></span> 
     </span>
    </p>
   </div>
   <div class='ocr_carea' id='block_1_67' title="bbox 998 543 1099 570">
    <p class='ocr_par' dir='ltr' id='par_1_67' title="bbox 998 543 1099 570">
     <span class='ocr_line' id='line_1_67' title="bbox 998 543 1099 570; baseline 0 0"><span class='ocrx_word' id='word_1_421' title='bbox 998 543 1099 570; x_wconf 83' lang='lat' dir='ltr'><strong>batur?</strong></span> 
     </span>
    </p>
   </div>
   <div class='ocr_carea' id='block_1_68' title="bbox 1032 587 1787 623">
    <p class='ocr_par' dir='ltr' id='par_1_68' title="bbox 1032 587 1787 623">
     <span class='ocr_line' id='line_1_68' title="bbox 1032 587 1787 623; baseline 0.005 -7"><span class='ocrx_word' id='word_1_422' title='bbox 1032 587 1138 616; x_wconf 79' lang='lat' dir='ltr'><strong>ERAN.</strong></span> <span class='ocrx_word' id='word_1_423' title='bbox 1156 589 1224 617; x_wconf 84' lang='lat' dir='ltr'><strong>Cum</strong></span> <span class='ocrx_word' id='word_1_424' title='bbox 1241 590 1373 623; x_wconf 80' lang='lat' dir='ltr'><strong>dicerem,</strong></span> <span class='ocrx_word' id='word_1_425' title='bbox 1390 591 1530 619; x_wconf 87' lang='lat' dir='ltr'><strong>Christum</strong></span> <span class='ocrx_word' id='word_1_426' title='bbox 1549 599 1604 619; x_wconf 87' lang='lat' dir='ltr'><strong>non</strong></span> <span class='ocrx_word' id='word_1_427' title='bbox 1623 592 1722 620; x_wconf 81' lang='lat' dir='ltr'><strong>debere</strong></span> <span class='ocrx_word' id='word_1_428' title='bbox 1739 601 1787 620; x_wconf 78' lang='lat' dir='ltr'><strong>vo—</strong></span> 
     </span>
    </p>
   </div>
   <div class='ocr_carea' id='block_1_69' title="bbox 999 636 1789 670">
    <p class='ocr_par' dir='ltr' id='par_1_69' title="bbox 999 636 1789 670">
     <span class='ocr_line' id='line_1_69' title="bbox 999 636 1789 670; baseline 0.004 -8"><span class='ocrx_word' id='word_1_429' title='bbox 999 636 1056 663; x_wconf 85' lang='lat' dir='ltr'><strong>cari</strong></span> <span class='ocrx_word' id='word_1_430' title='bbox 1072 636 1222 668; x_wconf 86' lang='lat' dir='ltr'><strong>hominem,</strong></span> <span class='ocrx_word' id='word_1_431' title='bbox 1234 637 1282 664; x_wconf 87' lang='lat' dir='ltr'><strong>sed</strong></span> <span class='ocrx_word' id='word_1_432' title='bbox 1294 637 1380 664; x_wconf 82' lang='lat' dir='ltr'><strong>Deum</strong></span> <span class='ocrx_word' id='word_1_433' title='bbox 1395 637 1537 670; x_wconf 80' lang='lat' dir='ltr'><strong>duntaxat,</strong></span> <span class='ocrx_word' id='word_1_434' title='bbox 1552 642 1579 665; x_wconf 89' lang='lat' dir='ltr'><strong>et</strong></span> <span class='ocrx_word' id='word_1_435' title='bbox 1592 642 1618 665; x_wconf 87' lang='lat' dir='ltr'><strong>tu</strong></span> <span class='ocrx_word' id='word_1_436' title='bbox 1636 639 1687 665; x_wconf 86' lang='lat' dir='ltr'><strong>alia</strong></span> <span class='ocrx_word' id='word_1_437' title='bbox 1704 639 1789 665; x_wconf 89' lang='lat' dir='ltr'><strong>multa</strong></span> 
     </span>
    </p>
   </div>
   <div class='ocr_carea' id='block_1_70' title="bbox 1000 681 1788 717">
    <p class='ocr_par' dir='ltr' id='par_1_70' title="bbox 1000 681 1788 717">
     <span class='ocr_line' id='line_1_70' title="bbox 1000 681 1788 717; baseline 0.001 -9"><span class='ocrx_word' id='word_1_438' title='bbox 1000 681 1156 708; x_wconf 87' lang='lat' dir='ltr'><strong>testimonia</strong></span> <span class='ocrx_word' id='word_1_439' title='bbox 1177 682 1327 716; x_wconf 72' lang='lat' dir='ltr'><strong>protulisti,</strong></span> <span class='ocrx_word' id='word_1_440' title='bbox 1347 686 1375 709; x_wconf 89' lang='lat' dir='ltr'><strong>et</strong></span> <span class='ocrx_word' id='word_1_441' title='bbox 1394 683 1575 717; x_wconf 89' lang='lat' dir='ltr'><strong>apostolicum</strong></span> <span class='ocrx_word' id='word_1_442' title='bbox 1598 683 1664 710; x_wconf 93' lang='lat' dir='ltr'><strong>illud</strong></span> <span class='ocrx_word' id='word_1_443' title='bbox 1686 683 1788 710; x_wconf 76' lang='lat' dir='ltr'><strong>dictum</strong></span> 
     </span>
    </p>
   </div>
   <div class='ocr_carea' id='block_1_71' title="bbox 1000 727 1788 763">
    <p class='ocr_par' dir='ltr' id='par_1_71' title="bbox 1000 727 1788 763">
     <span class='ocr_line' id='line_1_71' title="bbox 1000 727 1788 763; baseline 0.003 -9"><span class='ocrx_word' id='word_1_444' title='bbox 1000 727 1149 762; x_wconf 86' lang='lat' dir='ltr'><strong>imprimis,</strong></span> <span class='ocrx_word' id='word_1_445' title='bbox 1172 728 1245 762; x_wconf 86' lang='lat' dir='ltr'><strong>quod</strong></span> <span class='ocrx_word' id='word_1_446' title='bbox 1271 732 1313 755; x_wconf 87' lang='lat' dir='ltr'><strong>est</strong></span> <span class='ocrx_word' id='word_1_447' title='bbox 1338 729 1366 755; x_wconf 94' lang='lat' dir='ltr'><strong>in</strong></span> <span class='ocrx_word' id='word_1_448' title='bbox 1388 728 1510 763; x_wconf 83' lang='lat' dir='ltr'><strong>Epistola</strong></span> <span class='ocrx_word' id='word_1_449' title='bbox 1535 729 1568 755; x_wconf 88' lang='lat' dir='ltr'><strong>ad</strong></span> <span class='ocrx_word' id='word_1_450' title='bbox 1590 728 1788 756; x_wconf 76' lang='lat' dir='ltr'><strong>Timotheum:</strong></span> 
     </span>
    </p>
   </div>
   <div class='ocr_carea' id='block_1_72' title="bbox 1004 774 1789 807">
    <p class='ocr_par' dir='ltr' id='par_1_72' title="bbox 1004 774 1789 807">
     <span class='ocr_line' id='line_1_72' title="bbox 1004 774 1789 807; baseline 0.001 -7"><span class='ocrx_word' id='word_1_451' title='bbox 1004 783 1014 799; x_wconf 89' lang='grc'><strong><em>‹</em></strong></span> <span class='ocrx_word' id='word_1_452' title='bbox 1034 774 1111 801; x_wconf 88' lang='lat' dir='ltr'><strong>Unus</strong></span> <span class='ocrx_word' id='word_1_453' title='bbox 1126 774 1208 806; x_wconf 90' lang='lat' dir='ltr'><strong>Deus,</strong></span> <span class='ocrx_word' id='word_1_454' title='bbox 1231 778 1259 801; x_wconf 83' lang='lat' dir='ltr'><strong>et</strong></span> <span class='ocrx_word' id='word_1_455' title='bbox 1275 781 1346 801; x_wconf 90' lang='lat' dir='ltr'><strong>unus</strong></span> <span class='ocrx_word' id='word_1_456' title='bbox 1362 775 1499 802; x_wconf 76' lang='lat' dir='ltr'><strong>mediator</strong></span> <span class='ocrx_word' id='word_1_457' title='bbox 1519 775 1566 802; x_wconf 91' lang='lat' dir='ltr'><strong>Dei</strong></span> <span class='ocrx_word' id='word_1_458' title='bbox 1587 780 1614 802; x_wconf 87' lang='lat' dir='ltr'><strong>et</strong></span> <span class='ocrx_word' id='word_1_459' title='bbox 1634 775 1789 807; x_wconf 82' lang='lat' dir='ltr'><strong>hominum,</strong></span> 
     </span>
    </p>
   </div>
   <div class='ocr_carea' id='block_1_73' title="bbox 1001 819 1790 855">
    <p class='ocr_par' dir='ltr' id='par_1_73' title="bbox 1001 819 1790 855">
     <span class='ocr_line' id='line_1_73' title="bbox 1001 819 1790 855; baseline 0.001 -9"><span class='ocrx_word' id='word_1_460' title='bbox 1001 819 1085 846; x_wconf 88' lang='lat' dir='ltr'><strong>homo</strong></span> <span class='ocrx_word' id='word_1_461' title='bbox 1095 819 1227 847; x_wconf 74' lang='lat' dir='ltr'><strong>Christus</strong></span> <span class='ocrx_word' id='word_1_462' title='bbox 1238 820 1328 852; x_wconf 79' lang='lat' dir='ltr'><strong>Jes&#39;us,</strong></span> <span class='ocrx_word' id='word_1_463' title='bbox 1339 820 1386 854; x_wconf 86' lang='lat' dir='ltr'><strong>qui</strong></span> <span class='ocrx_word' id='word_1_464' title='bbox 1399 820 1475 847; x_wconf 84' lang='lat' dir='ltr'><strong>dedit</strong></span> <span class='ocrx_word' id='word_1_465' title='bbox 1487 820 1607 855; x_wconf 85' lang='lat' dir='ltr'><strong>seipsum</strong></span> <span class='ocrx_word' id='word_1_466' title='bbox 1625 821 1790 855; x_wconf 83' lang='lat' dir='ltr'><strong>redemptio-</strong></span> 
     </span>
    </p>
   </div>
   <div class='ocr_carea' id='block_1_74' title="bbox 968 853 1347 899">
    <p class='ocr_par' dir='ltr' id='par_1_74' title="bbox 968 853 1347 899">
     <span class='ocr_line' id='line_1_74' title="bbox 968 853 1347 899; baseline -0.003 -8"><span class='ocrx_word' id='word_1_467' title='bbox 968 853 989 880; x_wconf 76' lang='grc' dir='ltr'>Β</span> <span class='ocrx_word' id='word_1_468' title='bbox 1003 872 1065 892; x_wconf 90' lang='lat' dir='ltr'><strong>nem</strong></span> <span class='ocrx_word' id='word_1_469' title='bbox 1081 872 1132 899; x_wconf 91' lang='lat' dir='ltr'><strong>pro</strong></span> <span class='ocrx_word' id='word_1_470' title='bbox 1147 865 1275 891; x_wconf 88' lang='lat' dir='ltr'><strong>omnibus</strong></span> <span class='ocrx_word' id='word_1_471' title='bbox 1287 864 1320 891; x_wconf 62' lang='lat'><strong>9‘.</strong></span> <span class='ocrx_word' id='word_1_472' title='bbox 1339 874 1347 890; x_wconf 86' lang='grc'><strong>›</strong></span> 
     </span>
    </p>
   </div>
   <div class='ocr_carea' id='block_1_75' title="bbox 1036 910 1792 946">
    <p class='ocr_par' dir='ltr' id='par_1_75' title="bbox 1036 910 1792 946">
     <span class='ocr_line' id='line_1_75' title="bbox 1036 910 1792 946; baseline 0 -8"><span class='ocrx_word' id='word_1_473' title='bbox 1036 910 1140 938; x_wconf 79' lang='lat' dir='ltr'><strong>ORTIl.</strong></span> <span class='ocrx_word' id='word_1_474' title='bbox 1159 911 1281 942; x_wconf 85' lang='lat' dir='ltr'><strong>Memini,</strong></span> <span class='ocrx_word' id='word_1_475' title='bbox 1299 919 1352 946; x_wconf 86' lang='lat' dir='ltr'><strong>qua</strong></span> <span class='ocrx_word' id='word_1_476' title='bbox 1374 911 1517 938; x_wconf 76' lang='lat' dir='ltr'><strong>occasione</strong></span> <span class='ocrx_word' id='word_1_477' title='bbox 1540 911 1568 938; x_wconf 91' lang='lat' dir='ltr'><strong>in</strong></span> <span class='ocrx_word' id='word_1_478' title='bbox 1594 911 1664 938; x_wconf 87' lang='lat' dir='ltr'><strong>hanc</strong></span> <span class='ocrx_word' id='word_1_479' title='bbox 1684 910 1792 946; x_wconf 75' lang='lat' dir='ltr'><strong>digres-</strong></span> 
     </span>
    </p>
   </div>
   <div class='ocr_carea' id='block_1_76' title="bbox 1001 955 1791 992">
    <p class='ocr_par' dir='ltr' id='par_1_76' title="bbox 1001 955 1791 992">
     <span class='ocr_line' id='line_1_76' title="bbox 1001 955 1791 992; baseline 0 -9"><span class='ocrx_word' id='word_1_480' title='bbox 1001 956 1108 983; x_wconf 85' lang='lat' dir='ltr'><strong>sionem</strong></span> <span class='ocrx_word' id='word_1_481' title='bbox 1125 955 1328 983; x_wconf 76' lang='lat' dir='ltr'><strong>deﬂexerimus.</strong></span> <span class='ocrx_word' id='word_1_482' title='bbox 1349 957 1416 983; x_wconf 81' lang='lat' dir='ltr'><strong>Nam</strong></span> <span class='ocrx_word' id='word_1_483' title='bbox 1434 964 1497 984; x_wconf 89' lang='lat' dir='ltr'><strong>cum</strong></span> <span class='ocrx_word' id='word_1_484' title='bbox 1514 964 1564 992; x_wconf 80' lang='lat' dir='ltr'><strong>ego</strong></span> <span class='ocrx_word' id='word_1_485' title='bbox 1580 956 1719 989; x_wconf 79' lang='lat' dir='ltr'><strong>dixissem,</strong></span> <span class='ocrx_word' id='word_1_486' title='bbox 1733 964 1791 983; x_wconf 90' lang='lat' dir='ltr'><strong>me-</strong></span> 
     </span>
    </p>
   </div>
   <div class='ocr_carea' id='block_1_77' title="bbox 1002 1001 1793 1037">
    <p class='ocr_par' dir='ltr' id='par_1_77' title="bbox 1002 1001 1793 1037">
     <span class='ocr_line' id='line_1_77' title="bbox 1002 1001 1793 1037; baseline 0 -9"><span class='ocrx_word' id='word_1_487' title='bbox 1002 1001 1116 1028; x_wconf 84' lang='lat' dir='ltr'><strong>diatoris</strong></span> <span class='ocrx_word' id='word_1_488' title='bbox 1130 1009 1230 1028; x_wconf 84' lang='lat' dir='ltr'><strong>nomen</strong></span> <span class='ocrx_word' id='word_1_489' title='bbox 1244 1001 1311 1029; x_wconf 89' lang='lat' dir='ltr'><strong>duas</strong></span> <span class='ocrx_word' id='word_1_490' title='bbox 1325 1002 1475 1030; x_wconf 83' lang='lat' dir='ltr'><strong>Salvatoris</strong></span> <span class='ocrx_word' id='word_1_491' title='bbox 1489 1002 1573 1029; x_wconf 87' lang='lat' dir='ltr'><strong>nostri</strong></span> <span class='ocrx_word' id='word_1_492' title='bbox 1586 1007 1698 1029; x_wconf 87' lang='lat' dir='ltr'><strong>naturas</strong></span> <span class='ocrx_word' id='word_1_493' title='bbox 1710 1002 1793 1037; x_wconf 75' lang='lat' dir='ltr'><strong>signi—</strong></span> 
     </span>
    </p>
   </div>
   <div class='ocr_carea' id='block_1_78' title="bbox 1002 1046 1793 1082">
    <p class='ocr_par' dir='ltr' id='par_1_78' title="bbox 1002 1046 1793 1082">
     <span class='ocr_line' id='line_1_78' title="bbox 1002 1046 1793 1082; baseline 0.001 -9"><span class='ocrx_word' id='word_1_494' title='bbox 1002 1046 1099 1079; x_wconf 82' lang='lat' dir='ltr'><strong>ﬁcare,</strong></span> <span class='ocrx_word' id='word_1_495' title='bbox 1126 1051 1154 1074; x_wconf 90' lang='lat' dir='ltr'><strong>tu</strong></span> <span class='ocrx_word' id='word_1_496' title='bbox 1178 1047 1334 1082; x_wconf 81' lang='lat' dir='ltr'><strong>subjecisti,</strong></span> <span class='ocrx_word' id='word_1_497' title='bbox 1363 1048 1455 1075; x_wconf 82' lang='lat' dir='ltr'><strong>Mosen</strong></span> <span class='ocrx_word' id='word_1_498' title='bbox 1482 1055 1592 1082; x_wconf 89' lang='lat' dir='ltr'><strong>quoque</strong></span> <span class='ocrx_word' id='word_1_499' title='bbox 1614 1048 1793 1074; x_wconf 86' lang='lat' dir='ltr'><strong>mediatorem</strong></span> 
     </span>
    </p>
   </div>
   <div class='ocr_carea' id='block_1_79' title="bbox 1001 1091 1793 1127">
    <p class='ocr_par' dir='ltr' id='par_1_79' title="bbox 1001 1091 1793 1127">
     <span class='ocr_line' id='line_1_79' title="bbox 1001 1091 1793 1127; baseline 0.003 -9"><span class='ocrx_word' id='word_1_500' title='bbox 1001 1091 1179 1126; x_wconf 87' lang='lat' dir='ltr'><strong>appellatum,</strong></span> <span class='ocrx_word' id='word_1_501' title='bbox 1196 1094 1321 1127; x_wconf 84' lang='lat' dir='ltr'><strong>quamvis</strong></span> <span class='ocrx_word' id='word_1_502' title='bbox 1339 1093 1384 1120; x_wconf 90' lang='lat' dir='ltr'><strong>ille</strong></span> <span class='ocrx_word' id='word_1_503' title='bbox 1401 1092 1484 1120; x_wconf 91' lang='lat' dir='ltr'><strong>homo</strong></span> <span class='ocrx_word' id='word_1_504' title='bbox 1504 1098 1609 1120; x_wconf 88' lang='lat' dir='ltr'><strong>tantum</strong></span> <span class='ocrx_word' id='word_1_505' title='bbox 1628 1093 1722 1125; x_wconf 74' lang='lat' dir='ltr'><strong>fuerit,</strong></span> <span class='ocrx_word' id='word_1_506' title='bbox 1739 1101 1793 1120; x_wconf 83' lang='lat' dir='ltr'><strong>non</strong></span> 
     </span>
    </p>
   </div>
   <div class='ocr_carea' id='block_1_80' title="bbox 1001 1137 1795 1174">
    <p class='ocr_par' dir='ltr' id='par_1_80' title="bbox 1001 1137 1795 1174">
     <span class='ocr_line' id='line_1_80' title="bbox 1001 1137 1795 1174; baseline 0 -9"><span class='ocrx_word' id='word_1_507' title='bbox 1001 1137 1075 1165; x_wconf 87' lang='lat' dir='ltr'><strong>Deus</strong></span> <span class='ocrx_word' id='word_1_508' title='bbox 1089 1142 1118 1165; x_wconf 93' lang='lat' dir='ltr'><strong>et</strong></span> <span class='ocrx_word' id='word_1_509' title='bbox 1132 1138 1225 1165; x_wconf 92' lang='lat' dir='ltr'><strong>homo.</strong></span> <span class='ocrx_word' id='word_1_510' title='bbox 1243 1138 1308 1166; x_wconf 87' lang='lat' dir='ltr'><strong>Ideo</strong></span> <span class='ocrx_word' id='word_1_511' title='bbox 1323 1143 1435 1166; x_wconf 89' lang='lat' dir='ltr'><strong>coactus</strong></span> <span class='ocrx_word' id='word_1_512' title='bbox 1454 1147 1514 1166; x_wconf 87' lang='lat' dir='ltr'><strong>sum</strong></span> <span class='ocrx_word' id='word_1_513' title='bbox 1531 1138 1589 1166; x_wconf 62' lang='lat' dir='ltr'><strong>haec.</strong></span> <span class='ocrx_word' id='word_1_514' title='bbox 1608 1139 1746 1174; x_wconf 75' lang='lat' dir='ltr'><strong>persequi,</strong></span> <span class='ocrx_word' id='word_1_515' title='bbox 1765 1143 1795 1165; x_wconf 87' lang='lat' dir='ltr'><strong>ut</strong></span> 
     </span>
    </p>
   </div>
   <div class='ocr_carea' id='block_1_81' title="bbox 1001 1183 1796 1219">
    <p class='ocr_par' dir='ltr' id='par_1_81' title="bbox 1001 1183 1796 1219">
     <span class='ocr_line' id='line_1_81' title="bbox 1001 1183 1796 1219; baseline 0 -9"><span class='ocrx_word' id='word_1_516' title='bbox 1001 1183 1177 1211; x_wconf 79' lang='lat' dir='ltr'><strong>ostenderem</strong></span> <span class='ocrx_word' id='word_1_517' title='bbox 1200 1187 1294 1219; x_wconf 81' lang='lat' dir='ltr'><strong>typum</strong></span> <span class='ocrx_word' id='word_1_518' title='bbox 1316 1191 1372 1211; x_wconf 90' lang='lat' dir='ltr'><strong>non</strong></span> <span class='ocrx_word' id='word_1_519' title='bbox 1391 1185 1483 1211; x_wconf 85' lang='lat' dir='ltr'><strong>omnia</strong></span> <span class='ocrx_word' id='word_1_520' title='bbox 1507 1184 1609 1211; x_wconf 89' lang='lat' dir='ltr'><strong>habere</strong></span> <span class='ocrx_word' id='word_1_521' title='bbox 1629 1191 1691 1219; x_wconf 84' lang='lat' dir='ltr'><strong>quae</strong></span> <span class='ocrx_word' id='word_1_522' title='bbox 1712 1183 1796 1211; x_wconf 79' lang='lat' dir='ltr'><strong>habet</strong></span> 
     </span>
    </p>
   </div>
   <div class='ocr_carea' id='block_1_82' title="bbox 1001 1228 1795 1263">
    <p class='ocr_par' dir='ltr' id='par_1_82' title="bbox 1001 1228 1795 1263">
     <span class='ocr_line' id='line_1_82' title="bbox 1001 1228 1795 1263; baseline 0 -9"><span class='ocrx_word' id='word_1_523' title='bbox 1001 1228 1192 1263; x_wconf 80' lang='lat' dir='ltr'><strong>archetypum.</strong></span> <span class='ocrx_word' id='word_1_524' title='bbox 1210 1228 1263 1255; x_wconf 87' lang='lat' dir='ltr'><strong>Dic</strong></span> <span class='ocrx_word' id='word_1_525' title='bbox 1284 1228 1378 1263; x_wconf 79' lang='lat' dir='ltr'><strong>igitur,</strong></span> <span class='ocrx_word' id='word_1_526' title='bbox 1398 1236 1432 1255; x_wconf 89' lang='lat' dir='ltr'><strong>an</strong></span> <span class='ocrx_word' id='word_1_527' title='bbox 1453 1229 1602 1256; x_wconf 85' lang='lat' dir='ltr'><strong>conﬁteare</strong></span> <span class='ocrx_word' id='word_1_528' title='bbox 1620 1228 1795 1256; x_wconf 75' lang='lat' dir='ltr'><strong>Servatorcm</strong></span> 
     </span>
    </p>
   </div>
   <div class='ocr_carea' id='block_1_83' title="bbox 1001 1273 1657 1309">
    <p class='ocr_par' dir='ltr' id='par_1_83' title="bbox 1001 1273 1657 1309">
     <span class='ocr_line' id='line_1_83' title="bbox 1001 1273 1657 1309; baseline 0.002 -9"><span class='ocrx_word' id='word_1_529' title='bbox 1001 1273 1141 1301; x_wconf 87' lang='lat' dir='ltr'><strong>Christum</strong></span> <span class='ocrx_word' id='word_1_530' title='bbox 1155 1273 1238 1301; x_wconf 88' lang='lat' dir='ltr'><strong>etiam</strong></span> <span class='ocrx_word' id='word_1_531' title='bbox 1253 1273 1393 1301; x_wconf 88' lang='lat' dir='ltr'><strong>hominem</strong></span> <span class='ocrx_word' id='word_1_532' title='bbox 1408 1275 1538 1309; x_wconf 87' lang='lat' dir='ltr'><strong>appellari</strong></span> <span class='ocrx_word' id='word_1_533' title='bbox 1555 1275 1657 1302; x_wconf 88' lang='lat' dir='ltr'><strong>debere</strong></span> 
     </span>
    </p>
   </div>
   <div class='ocr_carea' id='block_1_84' title="bbox 1034 1360 1794 1396">
    <p class='ocr_par' dir='ltr' id='par_1_84' title="bbox 1034 1360 1794 1396">
     <span class='ocr_line' id='line_1_84' title="bbox 1034 1360 1794 1396; baseline -0.001 -8"><span class='ocrx_word' id='word_1_534' title='bbox 1034 1360 1090 1396; x_wconf 79' lang='lat'><strong>93</strong></span> <span class='ocrx_word' id='word_1_535' title='bbox 1107 1360 1210 1388; x_wconf 81' lang='lat' dir='ltr'><strong>ERAN.</strong></span> <span class='ocrx_word' id='word_1_536' title='bbox 1226 1360 1284 1396; x_wconf 77' lang='lat' dir='ltr'><strong>Ego</strong></span> <span class='ocrx_word' id='word_1_537' title='bbox 1302 1361 1388 1388; x_wconf 88' lang='lat' dir='ltr'><strong>Deum</strong></span> <span class='ocrx_word' id='word_1_538' title='bbox 1412 1361 1503 1395; x_wconf 92' lang='lat' dir='ltr'><strong>ipsum</strong></span> <span class='ocrx_word' id='word_1_539' title='bbox 1521 1360 1638 1396; x_wconf 85' lang='lat' dir='ltr'><strong>appello.</strong></span> <span class='ocrx_word' id='word_1_540' title='bbox 1652 1361 1700 1388; x_wconf 90' lang='lat' dir='ltr'><strong>Dei</strong></span> <span class='ocrx_word' id='word_1_541' title='bbox 1720 1361 1794 1388; x_wconf 87' lang='lat' dir='ltr'><strong>enim</strong></span> 
     </span>
    </p>
   </div>
   <div class='ocr_carea' id='block_1_85' title="bbox 998 1406 1152 1434">
    <p class='ocr_par' dir='ltr' id='par_1_85' title="bbox 998 1406 1152 1434">
     <span class='ocr_line' id='line_1_85' title="bbox 998 1406 1152 1434; baseline 0 -1"><span class='ocrx_word' id='word_1_542' title='bbox 998 1406 1088 1434; x_wconf 65' lang='lat' dir='ltr'><strong>&#39;Filius</strong></span> <span class='ocrx_word' id='word_1_543' title='bbox 1101 1410 1152 1434; x_wconf 74' lang='lat' dir='ltr'><strong>est.</strong></span> 
     </span>
    </p>
   </div>
   <div class='ocr_carea' id='block_1_86' title="bbox 1037 1452 1796 1487">
    <p class='ocr_par' dir='ltr' id='par_1_86' title="bbox 1037 1452 1796 1487">
     <span class='ocr_line' id='line_1_86' title="bbox 1037 1452 1796 1487; baseline 0 -8"><span class='ocrx_word' id='word_1_544' title='bbox 1037 1452 1141 1480; x_wconf 82' lang='lat' dir='ltr'><strong>ORTH.</strong></span> <span class='ocrx_word' id='word_1_545' title='bbox 1161 1452 1188 1480; x_wconf 91' lang='lat' dir='ltr'><strong>Si</strong></span> <span class='ocrx_word' id='word_1_546' title='bbox 1202 1453 1288 1480; x_wconf 89' lang='lat' dir='ltr'><strong>Deum</strong></span> <span class='ocrx_word' id='word_1_547' title='bbox 1307 1452 1396 1487; x_wconf 91' lang='lat' dir='ltr'><strong>ipsum</strong></span> <span class='ocrx_word' id='word_1_548' title='bbox 1417 1460 1510 1484; x_wconf 80' lang='lat' dir='ltr'><strong>vocas,</strong></span> <span class='ocrx_word' id='word_1_549' title='bbox 1523 1452 1587 1487; x_wconf 84' lang='lat' dir='ltr'><strong>quia</strong></span> <span class='ocrx_word' id='word_1_550' title='bbox 1608 1452 1728 1480; x_wconf 89' lang='lat' dir='ltr'><strong>didicisti</strong></span> <span class='ocrx_word' id='word_1_551' title='bbox 1749 1453 1796 1479; x_wconf 84' lang='lat' dir='ltr'><strong>Fi—</strong></span> 
     </span>
    </p>
   </div>
   <div class='ocr_carea' id='block_1_87' title="bbox 1003 1498 1795 1532">
    <p class='ocr_par' dir='ltr' id='par_1_87' title="bbox 1003 1498 1795 1532">
     <span class='ocr_line' id='line_1_87' title="bbox 1003 1498 1795 1532; baseline -0.001 -6"><span class='ocrx_word' id='word_1_552' title='bbox 1003 1499 1072 1526; x_wconf 89' lang='lat' dir='ltr'><strong>lium</strong></span> <span class='ocrx_word' id='word_1_553' title='bbox 1085 1499 1134 1526; x_wconf 85' lang='lat' dir='ltr'><strong>Dei</strong></span> <span class='ocrx_word' id='word_1_554' title='bbox 1145 1507 1221 1532; x_wconf 75' lang='lat' dir='ltr'><strong>esse,</strong></span> <span class='ocrx_word' id='word_1_555' title='bbox 1239 1507 1306 1526; x_wconf 86' lang='lat' dir='ltr'><strong>voca</strong></span> <span class='ocrx_word' id='word_1_556' title='bbox 1325 1499 1408 1526; x_wconf 82' lang='lat' dir='ltr'><strong>etiam</strong></span> <span class='ocrx_word' id='word_1_557' title='bbox 1425 1499 1566 1525; x_wconf 86' lang='lat' dir='ltr'><strong>hominem</strong></span> <span class='ocrx_word' id='word_1_558' title='bbox 1582 1507 1588 1524; x_wconf 87' lang='lat'><strong>:</strong></span> <span class='ocrx_word' id='word_1_559' title='bbox 1606 1498 1704 1525; x_wconf 83' lang='lat' dir='ltr'><strong>Filium</strong></span> <span class='ocrx_word' id='word_1_560' title='bbox 1721 1499 1795 1526; x_wconf 88' lang='lat' dir='ltr'><strong>enim</strong></span> 
     </span>
    </p>
   </div>
   <div class='ocr_carea' id='block_1_88' title="bbox 1004 1543 1530 1579">
    <p class='ocr_par' dir='ltr' id='par_1_88' title="bbox 1004 1543 1530 1579">
     <span class='ocr_line' id='line_1_88' title="bbox 1004 1543 1530 1579; baseline -0.002 -8"><span class='ocrx_word' id='word_1_561' title='bbox 1004 1544 1124 1571; x_wconf 86' lang='lat' dir='ltr'><strong>hominis</strong></span> <span class='ocrx_word' id='word_1_562' title='bbox 1136 1550 1208 1579; x_wconf 57' lang='lat' dir='ltr'><strong>sape</strong></span> <span class='ocrx_word' id='word_1_563' title='bbox 1223 1552 1251 1572; x_wconf 73' lang='lat' dir='ltr'><strong>se</strong></span> <span class='ocrx_word' id='word_1_564' title='bbox 1269 1544 1358 1579; x_wconf 86' lang='lat' dir='ltr'><strong>ipsum</strong></span> <span class='ocrx_word' id='word_1_565' title='bbox 1374 1543 1530 1579; x_wconf 77' lang='lat' dir='ltr'><strong>appellavit.</strong></span> 
     </span>
    </p>
   </div>
   <div class='ocr_carea' id='block_1_89' title="bbox 1039 1589 1796 1626">
    <p class='ocr_par' dir='ltr' id='par_1_89' title="bbox 1039 1589 1796 1626">
     <span class='ocr_line' id='line_1_89' title="bbox 1039 1589 1796 1626; baseline 0 -9"><span class='ocrx_word' id='word_1_566' title='bbox 1039 1591 1048 1601; x_wconf 85' lang='lat'><strong><em>&#39;</em></strong></span> <span class='ocrx_word' id='word_1_567' title='bbox 1063 1590 1168 1617; x_wconf 75' lang='lat' dir='ltr'><strong>ERAN.</strong></span> <span class='ocrx_word' id='word_1_568' title='bbox 1186 1591 1246 1618; x_wconf 88' lang='lat' dir='ltr'><strong>Non</strong></span> <span class='ocrx_word' id='word_1_569' title='bbox 1263 1591 1390 1626; x_wconf 75' lang='lat' dir='ltr'><strong>congruit</strong></span> <span class='ocrx_word' id='word_1_570' title='bbox 1406 1590 1431 1617; x_wconf 89' lang='lat' dir='ltr'><strong>ei</strong></span> <span class='ocrx_word' id='word_1_571' title='bbox 1453 1589 1575 1617; x_wconf 87' lang='lat' dir='ltr'><strong>hominis</strong></span> <span class='ocrx_word' id='word_1_572' title='bbox 1597 1598 1708 1623; x_wconf 83' lang='lat' dir='ltr'><strong>nomen,</strong></span> <span class='ocrx_word' id='word_1_573' title='bbox 1725 1590 1796 1618; x_wconf 80' lang='lat' dir='ltr'><strong>sicut</strong></span> 
     </span>
    </p>
   </div>
   <div class='ocr_carea' id='block_1_90' title="bbox 1005 1637 1180 1664">
    <p class='ocr_par' dir='ltr' id='par_1_90' title="bbox 1005 1637 1180 1664">
     <span class='ocr_line' id='line_1_90' title="bbox 1005 1637 1180 1664; baseline 0 0"><span class='ocrx_word' id='word_1_574' title='bbox 1005 1644 1105 1664; x_wconf 91' lang='lat' dir='ltr'><strong>nomen</strong></span> <span class='ocrx_word' id='word_1_575' title='bbox 1120 1637 1180 1664; x_wconf 90' lang='lat' dir='ltr'><strong>Dei.</strong></span> 
     </span>
    </p>
   </div>
   <div class='ocr_carea' id='block_1_91' title="bbox 1035 1681 1796 1718">
    <p class='ocr_par' dir='ltr' id='par_1_91' title="bbox 1035 1681 1796 1718">
     <span class='ocr_line' id='line_1_91' title="bbox 1035 1681 1796 1718; baseline -0.001 -8"><span class='ocrx_word' id='word_1_576' title='bbox 1035 1681 1146 1710; x_wconf 64' lang='lat' dir='ltr'><strong>&#39;ORTH.</strong></span> <span class='ocrx_word' id='word_1_577' title='bbox 1172 1682 1214 1710; x_wconf 81' lang='lat' dir='ltr'><strong>An</strong></span> <span class='ocrx_word' id='word_1_578' title='bbox 1238 1682 1311 1718; x_wconf 91' lang='lat' dir='ltr'><strong>quod</strong></span> <span class='ocrx_word' id='word_1_579' title='bbox 1335 1690 1432 1710; x_wconf 86' lang='lat' dir='ltr'><strong>verum</strong></span> <span class='ocrx_word' id='word_1_580' title='bbox 1458 1690 1513 1709; x_wconf 91' lang='lat' dir='ltr'><strong>non</strong></span> <span class='ocrx_word' id='word_1_581' title='bbox 1541 1682 1587 1714; x_wconf 86' lang='lat' dir='ltr'><strong>sit,</strong></span> <span class='ocrx_word' id='word_1_582' title='bbox 1606 1690 1641 1709; x_wconf 88' lang='lat' dir='ltr'><strong>an</strong></span> <span class='ocrx_word' id='word_1_583' title='bbox 1664 1682 1743 1709; x_wconf 86' lang='lat' dir='ltr'><strong>aliam</strong></span> <span class='ocrx_word' id='word_1_584' title='bbox 1760 1682 1796 1709; x_wconf 90' lang='lat' dir='ltr'><strong>ob</strong></span> 
     </span>
    </p>
   </div>
   <div class='ocr_carea' id='block_1_92' title="bbox 1005 1727 1135 1755">
    <p class='ocr_par' dir='ltr' id='par_1_92' title="bbox 1005 1727 1135 1755">
     <span class='ocr_line' id='line_1_92' title="bbox 1005 1727 1135 1755; baseline 0.008 -1"><span class='ocrx_word' id='word_1_585' title='bbox 1005 1727 1135 1755; x_wconf 83' lang='lat' dir='ltr'><strong>causam?</strong></span> 
     </span>
    </p>
   </div>
   <div class='ocr_carea' id='block_1_93' title="bbox 1040 1773 1798 1801">
    <p class='ocr_par' dir='ltr' id='par_1_93' title="bbox 1040 1773 1798 1801">
     <span class='ocr_line' id='line_1_93' title="bbox 1040 1773 1798 1801; baseline 0 -1"><span class='ocrx_word' id='word_1_586' title='bbox 1040 1773 1144 1800; x_wconf 80' lang='lat' dir='ltr'><strong>ERAN.</strong></span> <span class='ocrx_word' id='word_1_587' title='bbox 1161 1773 1266 1800; x_wconf 88' lang='lat' dir='ltr'><strong>Nomen</strong></span> <span class='ocrx_word' id='word_1_588' title='bbox 1283 1773 1332 1801; x_wconf 87' lang='lat' dir='ltr'><strong>Dei</strong></span> <span class='ocrx_word' id='word_1_589' title='bbox 1345 1781 1445 1801; x_wconf 90' lang='lat' dir='ltr'><strong>nomen</strong></span> <span class='ocrx_word' id='word_1_590' title='bbox 1457 1777 1498 1800; x_wconf 88' lang='lat' dir='ltr'><strong>est</strong></span> <span class='ocrx_word' id='word_1_591' title='bbox 1512 1777 1617 1800; x_wconf 78' lang='lat' dir='ltr'><strong>naturae</strong></span> <span class='ocrx_word' id='word_1_592' title='bbox 1633 1781 1639 1799; x_wconf 92' lang='lat'>:</span> <span class='ocrx_word' id='word_1_593' title='bbox 1653 1773 1735 1800; x_wconf 88' lang='lat' dir='ltr'><strong>homo</strong></span> <span class='ocrx_word' id='word_1_594' title='bbox 1749 1781 1798 1800; x_wconf 90' lang='lat' dir='ltr'><strong>au-</strong></span> 
     </span>
    </p>
   </div>
   <div class='ocr_carea' id='block_1_94' title="bbox 1007 1818 1426 1853">
    <p class='ocr_par' dir='ltr' id='par_1_94' title="bbox 1007 1818 1426 1853">
     <span class='ocr_line' id='line_1_94' title="bbox 1007 1818 1426 1853; baseline 0.002 -8"><span class='ocrx_word' id='word_1_595' title='bbox 1007 1821 1072 1849; x_wconf 87' lang='lat' dir='ltr'><strong>tem.</strong></span> <span class='ocrx_word' id='word_1_596' title='bbox 1088 1825 1188 1845; x_wconf 90' lang='lat' dir='ltr'><strong>nomen</strong></span> <span class='ocrx_word' id='word_1_597' title='bbox 1204 1818 1426 1853; x_wconf 75' lang='lat' dir='ltr'><strong>dispensationis.</strong></span> 
     </span>
    </p>
   </div>
   <div class='ocr_carea' id='block_1_95' title="bbox 1039 1863 1796 1899">
    <p class='ocr_par' dir='ltr' id='par_1_95' title="bbox 1039 1863 1796 1899">
     <span class='ocr_line' id='line_1_95' title="bbox 1039 1863 1796 1899; baseline 0.001 -8"><span class='ocrx_word' id='word_1_598' title='bbox 1039 1863 1144 1891; x_wconf 84' lang='lat' dir='ltr'><strong>ORTH.</strong></span> <span class='ocrx_word' id='word_1_599' title='bbox 1164 1864 1401 1899; x_wconf 79' lang='lat' dir='ltr'><strong>Dispensationem</strong></span> <span class='ocrx_word' id='word_1_600' title='bbox 1417 1868 1508 1891; x_wconf 85' lang='lat' dir='ltr'><strong>autem</strong></span> <span class='ocrx_word' id='word_1_601' title='bbox 1525 1871 1654 1891; x_wconf 81' lang='lat' dir='ltr'><strong>vcramne</strong></span> <span class='ocrx_word' id='word_1_602' title='bbox 1669 1864 1796 1898; x_wconf 86' lang='lat' dir='ltr'><strong>dicimus,</strong></span> 
     </span>
    </p>
   </div>
   <div class='ocr_carea' id='block_1_96' title="bbox 1006 1909 1554 1946">
    <p class='ocr_par' dir='ltr' id='par_1_96' title="bbox 1006 1909 1554 1946">
     <span class='ocr_line' id='line_1_96' title="bbox 1006 1909 1554 1946; baseline 0.004 -10"><span class='ocrx_word' id='word_1_603' title='bbox 1006 1916 1042 1936; x_wconf 87' lang='lat' dir='ltr'><strong>an</strong></span> <span class='ocrx_word' id='word_1_604' title='bbox 1056 1909 1246 1945; x_wconf 76' lang='lat' dir='ltr'><strong>imaginariam</strong></span> <span class='ocrx_word' id='word_1_605' title='bbox 1261 1911 1383 1946; x_wconf 81' lang='lat' dir='ltr'><strong>aliquam</strong></span> <span class='ocrx_word' id='word_1_606' title='bbox 1398 1915 1426 1938; x_wconf 91' lang='lat' dir='ltr'><strong>ct</strong></span> <span class='ocrx_word' id='word_1_607' title='bbox 1440 1911 1554 1938; x_wconf 81' lang='lat' dir='ltr'><strong>falsam?</strong></span> 
     </span>
    </p>
   </div>
   <div class='ocr_carea' id='block_1_97' title="bbox 1042 1955 1279 1984">
    <p class='ocr_par' dir='ltr' id='par_1_97' title="bbox 1042 1955 1279 1984">
     <span class='ocr_line' id='line_1_97' title="bbox 1042 1955 1279 1984; baseline 0.008 -2"><span class='ocrx_word' id='word_1_608' title='bbox 1042 1955 1147 1983; x_wconf 74' lang='lat' dir='ltr'><strong>ERAN.</strong></span> <span class='ocrx_word' id='word_1_609' title='bbox 1168 1956 1279 1984; x_wconf 80' lang='lat' dir='ltr'><strong>Veram.</strong></span> 
     </span>
    </p>
   </div>
   <div class='ocr_carea' id='block_1_98' title="bbox 1041 2000 1798 2039">
    <p class='ocr_par' dir='ltr' id='par_1_98' title="bbox 1041 2000 1798 2039">
     <span class='ocr_line' id='line_1_98' title="bbox 1041 2000 1798 2039; baseline 0.003 -11"><span class='ocrx_word' id='word_1_610' title='bbox 1041 2000 1148 2029; x_wconf 80' lang='lat' dir='ltr'><strong>ORTH.</strong></span> <span class='ocrx_word' id='word_1_611' title='bbox 1168 2002 1196 2030; x_wconf 90' lang='lat' dir='ltr'><strong>Si</strong></span> <span class='ocrx_word' id='word_1_612' title='bbox 1221 2002 1306 2038; x_wconf 75' lang='lat' dir='ltr'><strong>igitur</strong></span> <span class='ocrx_word' id='word_1_613' title='bbox 1321 2011 1385 2030; x_wconf 82' lang='lat' dir='ltr'><strong>vera</strong></span> <span class='ocrx_word' id='word_1_614' title='bbox 1407 2007 1449 2031; x_wconf 86' lang='lat' dir='ltr'><strong>est</strong></span> <span class='ocrx_word' id='word_1_615' title='bbox 1470 2003 1685 2039; x_wconf 83' lang='lat' dir='ltr'><strong>dispensationis</strong></span> <span class='ocrx_word' id='word_1_616' title='bbox 1700 2003 1798 2038; x_wconf 80' lang='lat' dir='ltr'><strong>gratia.</strong></span> 
     </span>
    </p>
   </div>
   <div class='ocr_carea' id='block_1_99' title="bbox 1006 2047 1799 2085">
    <p class='ocr_par' dir='ltr' id='par_1_99' title="bbox 1006 2047 1799 2085">
     <span class='ocr_line' id='line_1_99' title="bbox 1006 2047 1799 2085; baseline 0.003 -11"><span class='ocrx_word' id='word_1_617' title='bbox 1006 2047 1226 2076; x_wconf 84' lang='lat' dir='ltr'><strong>incarnationem</strong></span> <span class='ocrx_word' id='word_1_618' title='bbox 1245 2057 1312 2076; x_wconf 85' lang='lat' dir='ltr'><strong>vero</strong></span> <span class='ocrx_word' id='word_1_619' title='bbox 1331 2049 1380 2077; x_wconf 90' lang='lat' dir='ltr'><strong>Dei</strong></span> <span class='ocrx_word' id='word_1_620' title='bbox 1400 2050 1482 2077; x_wconf 81' lang='lat' dir='ltr'><strong>Verbi</strong></span> <span class='ocrx_word' id='word_1_621' title='bbox 1500 2050 1670 2085; x_wconf 86' lang='lat' dir='ltr'><strong>appellamus</strong></span> <span class='ocrx_word' id='word_1_622' title='bbox 1687 2049 1799 2083; x_wconf 86' lang='lat' dir='ltr'><strong>dispen—</strong></span> 
     </span>
    </p>
   </div>
   <div class='ocr_carea' id='block_1_100' title="bbox 1007 2094 1799 2130">
    <p class='ocr_par' dir='ltr' id='par_1_100' title="bbox 1007 2094 1799 2130">
     <span class='ocr_line' id='line_1_100' title="bbox 1007 2094 1799 2130; baseline 0 -9"><span class='ocrx_word' id='word_1_623' title='bbox 1007 2095 1153 2127; x_wconf 88' lang='lat' dir='ltr'><strong>sationem,</strong></span> <span class='ocrx_word' id='word_1_624' title='bbox 1167 2103 1264 2122; x_wconf 74' lang='lat' dir='ltr'><strong>verum</strong></span> <span class='ocrx_word' id='word_1_625' title='bbox 1279 2100 1321 2122; x_wconf 90' lang='lat' dir='ltr'><strong>est</strong></span> <span class='ocrx_word' id='word_1_626' title='bbox 1335 2095 1418 2130; x_wconf 84' lang='lat' dir='ltr'><strong>igitur</strong></span> <span class='ocrx_word' id='word_1_627' title='bbox 1430 2100 1458 2122; x_wconf 89' lang='lat' dir='ltr'><strong>et</strong></span> <span class='ocrx_word' id='word_1_628' title='bbox 1471 2095 1591 2123; x_wconf 93' lang='lat' dir='ltr'><strong>hominis</strong></span> <span class='ocrx_word' id='word_1_629' title='bbox 1607 2103 1719 2122; x_wconf 86' lang='lat' dir='ltr'><strong>nomen.</strong></span> <span class='ocrx_word' id='word_1_630' title='bbox 1741 2094 1799 2121; x_wconf 83' lang='lat' dir='ltr'><strong>Hu-</strong></span> 
     </span>
    </p>
   </div>
   <div class='ocr_carea' id='block_1_101' title="bbox 1007 2140 1800 2176">
    <p class='ocr_par' dir='ltr' id='par_1_101' title="bbox 1007 2140 1800 2176">
     <span class='ocr_line' id='line_1_101' title="bbox 1007 2140 1800 2176; baseline 0.003 -10"><span class='ocrx_word' id='word_1_631' title='bbox 1007 2146 1088 2167; x_wconf 83' lang='lat' dir='ltr'><strong>mana</strong></span> <span class='ocrx_word' id='word_1_632' title='bbox 1119 2140 1194 2167; x_wconf 88' lang='lat' dir='ltr'><strong>enim</strong></span> <span class='ocrx_word' id='word_1_633' title='bbox 1227 2145 1367 2175; x_wconf 87' lang='lat' dir='ltr'><strong>assumpta</strong></span> <span class='ocrx_word' id='word_1_634' title='bbox 1401 2145 1500 2168; x_wconf 83' lang='lat' dir='ltr'><strong>natura</strong></span> <span class='ocrx_word' id='word_1_635' title='bbox 1531 2141 1614 2168; x_wconf 90' lang='lat' dir='ltr'><strong>homo</strong></span> <span class='ocrx_word' id='word_1_636' title='bbox 1649 2140 1800 2176; x_wconf 82' lang='lat' dir='ltr'><strong>appellatus</strong></span> 
     </span>
    </p>
   </div>
   <div class='ocr_carea' id='block_1_102' title="bbox 969 2190 1062 2220">
    <p class='ocr_par' dir='ltr' id='par_1_102' title="bbox 969 2190 1062 2220">
     <span class='ocr_line' id='line_1_102' title="bbox 969 2190 1062 2220; baseline 0 -7"><span class='ocrx_word' id='word_1_637' title='bbox 969 2192 992 2220; x_wconf 74' lang='grc' dir='ltr'><strong>ι)</strong></span> <span class='ocrx_word' id='word_1_638' title='bbox 1010 2190 1062 2213; x_wconf 87' lang='lat' dir='ltr'><strong>est.</strong></span> 
     </span>
    </p>
   </div>
   <div class='ocr_carea' id='block_1_103' title="bbox 1043 2230 1798 2267">
    <p class='ocr_par' dir='ltr' id='par_1_103' title="bbox 1043 2230 1798 2267">
     <span class='ocr_line' id='line_1_103' title="bbox 1043 2230 1798 2267; baseline -0.001 -9"><span class='ocrx_word' id='word_1_639' title='bbox 1043 2230 1147 2258; x_wconf 81' lang='lat' dir='ltr'><strong>ERAN.</strong></span> <span class='ocrx_word' id='word_1_640' title='bbox 1171 2231 1242 2258; x_wconf 81' lang='lat' dir='ltr'><strong>Ante</strong></span> <span class='ocrx_word' id='word_1_641' title='bbox 1266 2232 1424 2266; x_wconf 89' lang='lat' dir='ltr'><strong>passionem</strong></span> <span class='ocrx_word' id='word_1_642' title='bbox 1450 2232 1604 2267; x_wconf 83' lang='lat' dir='ltr'><strong>appellatus</strong></span> <span class='ocrx_word' id='word_1_643' title='bbox 1624 2235 1666 2259; x_wconf 83' lang='lat' dir='ltr'><strong>est</strong></span> <span class='ocrx_word' id='word_1_644' title='bbox 1689 2231 1772 2258; x_wconf 89' lang='lat' dir='ltr'><strong>homo</strong></span> <span class='ocrx_word' id='word_1_645' title='bbox 1791 2239 1798 2258; x_wconf 87' lang='lat'><strong>;</strong></span> 
     </span>
    </p>
   </div>
   <div class='ocr_carea' id='block_1_104' title="bbox 1007 2277 1522 2313">
    <p class='ocr_par' dir='ltr' id='par_1_104' title="bbox 1007 2277 1522 2313">
     <span class='ocr_line' id='line_1_104' title="bbox 1007 2277 1522 2313; baseline 0.002 -9"><span class='ocrx_word' id='word_1_646' title='bbox 1007 2281 1070 2313; x_wconf 88' lang='lat' dir='ltr'><strong>post</strong></span> <span class='ocrx_word' id='word_1_647' title='bbox 1083 2277 1239 2312; x_wconf 87' lang='lat' dir='ltr'><strong>passionem</strong></span> <span class='ocrx_word' id='word_1_648' title='bbox 1252 2285 1319 2304; x_wconf 77' lang='lat' dir='ltr'><strong>vero</strong></span> <span class='ocrx_word' id='word_1_649' title='bbox 1334 2285 1522 2313; x_wconf 84' lang='lat' dir='ltr'><strong>nequaquam.</strong></span> 
     </span>
    </p>
   </div>
   <div class='ocr_carea' id='block_1_105' title="bbox 1044 2322 1802 2358">
    <p class='ocr_par' dir='ltr' id='par_1_105' title="bbox 1044 2322 1802 2358">
     <span class='ocr_line' id='line_1_105' title="bbox 1044 2322 1802 2358; baseline -0.001 -8"><span class='ocrx_word' id='word_1_650' title='bbox 1044 2322 1149 2350; x_wconf 82' lang='lat' dir='ltr'><strong>ORTH.</strong></span> <span class='ocrx_word' id='word_1_651' title='bbox 1167 2322 1293 2350; x_wconf 83' lang='lat' dir='ltr'><strong>Profecto</strong></span> <span class='ocrx_word' id='word_1_652' title='bbox 1308 2326 1371 2358; x_wconf 86' lang='lat' dir='ltr'><strong>post</strong></span> <span class='ocrx_word' id='word_1_653' title='bbox 1392 2322 1548 2358; x_wconf 85' lang='lat' dir='ltr'><strong>passionem</strong></span> <span class='ocrx_word' id='word_1_654' title='bbox 1570 2327 1598 2349; x_wconf 84' lang='lat' dir='ltr'><strong>et</strong></span> <span class='ocrx_word' id='word_1_655' title='bbox 1623 2325 1685 2357; x_wconf 88' lang='lat' dir='ltr'><strong>post</strong></span> <span class='ocrx_word' id='word_1_656' title='bbox 1706 2330 1802 2350; x_wconf 87' lang='lat' dir='ltr'><strong>resur—</strong></span> 
     </span>
    </p>
   </div>
   <div class='ocr_carea' id='block_1_106' title="bbox 1010 2368 1804 2404">
    <p class='ocr_par' dir='ltr' id='par_1_106' title="bbox 1010 2368 1804 2404">
     <span class='ocr_line' id='line_1_106' title="bbox 1010 2368 1804 2404; baseline 0.001 -8"><span class='ocrx_word' id='word_1_657' title='bbox 1010 2369 1178 2401; x_wconf 86' lang='lat' dir='ltr'><strong>rectionem,</strong></span> <span class='ocrx_word' id='word_1_658' title='bbox 1210 2368 1321 2404; x_wconf 89' lang='lat' dir='ltr'><strong>scripsit</strong></span> <span class='ocrx_word' id='word_1_659' title='bbox 1337 2368 1483 2396; x_wconf 90' lang='lat' dir='ltr'><strong>Timotheo</strong></span> <span class='ocrx_word' id='word_1_660' title='bbox 1513 2368 1664 2402; x_wconf 84' lang='lat' dir='ltr'><strong>Epistolam</strong></span> <span class='ocrx_word' id='word_1_661' title='bbox 1692 2368 1804 2397; x_wconf 86' lang='lat' dir='ltr'><strong>divinus</strong></span> 
     </span>
    </p>
   </div>
   <div class='ocr_carea' id='block_1_107' title="bbox 1010 2413 1805 2450">
    <p class='ocr_par' dir='ltr' id='par_1_107' title="bbox 1010 2413 1805 2450">
     <span class='ocr_line' id='line_1_107' title="bbox 1010 2413 1805 2450; baseline 0 -8"><span class='ocrx_word' id='word_1_662' title='bbox 1010 2415 1167 2450; x_wconf 83' lang='lat' dir='ltr'><strong>Apostolus,</strong></span> <span class='ocrx_word' id='word_1_663' title='bbox 1183 2414 1212 2441; x_wconf 90' lang='lat' dir='ltr'><strong>in</strong></span> <span class='ocrx_word' id='word_1_664' title='bbox 1229 2422 1282 2449; x_wconf 90' lang='lat' dir='ltr'><strong>qua</strong></span> <span class='ocrx_word' id='word_1_665' title='bbox 1303 2413 1444 2441; x_wconf 85' lang='lat' dir='ltr'><strong>Christum</strong></span> <span class='ocrx_word' id='word_1_666' title='bbox 1466 2413 1635 2440; x_wconf 88' lang='lat' dir='ltr'><strong>Salvatorem</strong></span> <span class='ocrx_word' id='word_1_667' title='bbox 1657 2414 1805 2448; x_wconf 77' lang='lat' dir='ltr'><strong>appellavit</strong></span> 
     </span>
    </p>
   </div>
   <div class='ocr_carea' id='block_1_108' title="bbox 1011 2459 1807 2494">
    <p class='ocr_par' dir='ltr' id='par_1_108' title="bbox 1011 2459 1807 2494">
     <span class='ocr_line' id='line_1_108' title="bbox 1011 2459 1807 2494; baseline 0 -6"><span class='ocrx_word' id='word_1_668' title='bbox 1011 2460 1161 2488; x_wconf 89' lang='lat' dir='ltr'><strong>hominem.</strong></span> <span class='ocrx_word' id='word_1_669' title='bbox 1187 2461 1253 2488; x_wconf 87' lang='lat' dir='ltr'><strong>Post</strong></span> <span class='ocrx_word' id='word_1_670' title='bbox 1277 2460 1434 2494; x_wconf 83' lang='lat' dir='ltr'><strong>passionem</strong></span> <span class='ocrx_word' id='word_1_671' title='bbox 1460 2463 1488 2486; x_wconf 84' lang='lat' dir='ltr'><strong>et</strong></span> <span class='ocrx_word' id='word_1_672' title='bbox 1512 2459 1755 2493; x_wconf 86' lang='lat' dir='ltr'><strong>resurrectionem,</strong></span> <span class='ocrx_word' id='word_1_673' title='bbox 1774 2463 1807 2488; x_wconf 84' lang='lat' dir='ltr'><strong>ad</strong></span> 
     </span>
    </p>
   </div>
   <div class='ocr_carea' id='block_1_109' title="bbox 1008 2504 1810 2541">
    <p class='ocr_par' dir='ltr' id='par_1_109' title="bbox 1008 2504 1810 2541">
     <span class='ocr_line' id='line_1_109' title="bbox 1008 2504 1810 2541; baseline -0.001 -8"><span class='ocrx_word' id='word_1_674' title='bbox 1008 2506 1166 2534; x_wconf 88' lang='lat' dir='ltr'><strong>Corinthios</strong></span> <span class='ocrx_word' id='word_1_675' title='bbox 1190 2506 1316 2533; x_wconf 87' lang='lat' dir='ltr'><strong>scribens</strong></span> <span class='ocrx_word' id='word_1_676' title='bbox 1337 2505 1457 2533; x_wconf 89' lang='lat' dir='ltr'><strong>clamat:</strong></span> <span class='ocrx_word' id='word_1_677' title='bbox 1477 2514 1485 2530; x_wconf 76' lang='grc' dir='ltr'>ι</span> <span class='ocrx_word' id='word_1_678' title='bbox 1502 2504 1637 2537; x_wconf 86' lang='lat' dir='ltr'><strong>Quoniam</strong></span> <span class='ocrx_word' id='word_1_679' title='bbox 1659 2505 1736 2532; x_wconf 85' lang='lat' dir='ltr'><strong>enim</strong></span> <span class='ocrx_word' id='word_1_680' title='bbox 1761 2514 1810 2541; x_wconf 80' lang='lat' dir='ltr'><strong>per</strong></span> 
     </span>
    </p>
   </div>
   <div class='ocr_carea' id='block_1_110' title="bbox 1009 2551 1811 2587">
    <p class='ocr_par' dir='ltr' id='par_1_110' title="bbox 1009 2551 1811 2587">
     <span class='ocr_line' id='line_1_110' title="bbox 1009 2551 1811 2587; baseline -0.004 -7"><span class='ocrx_word' id='word_1_681' title='bbox 1009 2552 1149 2580; x_wconf 88' lang='lat' dir='ltr'><strong>hominem</strong></span> <span class='ocrx_word' id='word_1_682' title='bbox 1161 2560 1245 2584; x_wconf 88' lang='lat' dir='ltr'><strong>mors,</strong></span> <span class='ocrx_word' id='word_1_683' title='bbox 1254 2556 1283 2580; x_wconf 88' lang='lat' dir='ltr'><strong>et</strong></span> <span class='ocrx_word' id='word_1_684' title='bbox 1291 2559 1340 2587; x_wconf 90' lang='lat' dir='ltr'><strong>per</strong></span> <span class='ocrx_word' id='word_1_685' title='bbox 1351 2551 1492 2579; x_wconf 89' lang='lat' dir='ltr'><strong>hominem</strong></span> <span class='ocrx_word' id='word_1_686' title='bbox 1504 2551 1671 2579; x_wconf 85' lang='lat' dir='ltr'><strong>resurrectio</strong></span> <span class='ocrx_word' id='word_1_687' title='bbox 1683 2555 1811 2579; x_wconf 73' lang='lat' dir='ltr'><strong>mortuo—</strong></span> 
     </span>
    </p>
   </div>
   <div class='ocr_carea' id='block_1_111' title="bbox 1009 2596 1808 2632">
    <p class='ocr_par' dir='ltr' id='par_1_111' title="bbox 1009 2596 1808 2632">
     <span class='ocr_line' id='line_1_111' title="bbox 1009 2596 1808 2632; baseline -0.003 -7"><span class='ocrx_word' id='word_1_688' title='bbox 1009 2606 1071 2625; x_wconf 86' lang='lat' dir='ltr'><strong>rum</strong></span> <span class='ocrx_word' id='word_1_689' title='bbox 1083 2598 1117 2625; x_wconf 82' lang='lat'><strong>&quot;.</strong></span> <span class='ocrx_word' id='word_1_690' title='bbox 1132 2608 1141 2624; x_wconf 79' lang='grc' dir='ltr'>ι</span> <span class='ocrx_word' id='word_1_691' title='bbox 1165 2597 1200 2625; x_wconf 89' lang='lat' dir='ltr'><strong>Et</strong></span> <span class='ocrx_word' id='word_1_692' title='bbox 1215 2597 1317 2625; x_wconf 87' lang='lat' dir='ltr'><strong>clarius</strong></span> <span class='ocrx_word' id='word_1_693' title='bbox 1336 2597 1439 2625; x_wconf 82' lang='lat' dir='ltr'><strong>docens</strong></span> <span class='ocrx_word' id='word_1_694' title='bbox 1453 2597 1487 2624; x_wconf 88' lang='lat' dir='ltr'><strong>de</strong></span> <span class='ocrx_word' id='word_1_695' title='bbox 1504 2604 1559 2631; x_wconf 90' lang='lat' dir='ltr'><strong>quo</strong></span> <span class='ocrx_word' id='word_1_696' title='bbox 1578 2596 1720 2632; x_wconf 85' lang='lat' dir='ltr'><strong>loquatur,</strong></span> <span class='ocrx_word' id='word_1_697' title='bbox 1746 2597 1808 2624; x_wconf 86' lang='lat' dir='ltr'><strong>sub-</strong></span> 
     </span>
    </p>
   </div>
   <div class='ocr_carea' id='block_1_112' title="bbox 1007 2642 1808 2679">
    <p class='ocr_par' dir='ltr' id='par_1_112' title="bbox 1007 2642 1808 2679">
     <span class='ocr_line' id='line_1_112' title="bbox 1007 2642 1808 2679; baseline -0.001 -9"><span class='ocrx_word' id='word_1_698' title='bbox 1007 2643 1100 2679; x_wconf 80' lang='lat' dir='ltr'><strong>junxit</strong></span> <span class='ocrx_word' id='word_1_699' title='bbox 1117 2654 1123 2670; x_wconf 92' lang='lat'>:</span> <span class='ocrx_word' id='word_1_700' title='bbox 1149 2653 1158 2669; x_wconf 77' lang='grc' dir='ltr'>ι</span> <span class='ocrx_word' id='word_1_701' title='bbox 1175 2643 1253 2672; x_wconf 85' lang='lat' dir='ltr'><strong>Sicut</strong></span> <span class='ocrx_word' id='word_1_702' title='bbox 1270 2643 1345 2671; x_wconf 85' lang='lat' dir='ltr'><strong>enim</strong></span> <span class='ocrx_word' id='word_1_703' title='bbox 1360 2643 1389 2671; x_wconf 89' lang='lat' dir='ltr'><strong>in</strong></span> <span class='ocrx_word' id='word_1_704' title='bbox 1401 2643 1506 2671; x_wconf 79' lang='lat' dir='ltr'><strong>Adamo</strong></span> <span class='ocrx_word' id='word_1_705' title='bbox 1522 2650 1619 2671; x_wconf 87' lang='lat' dir='ltr'><strong>omnes</strong></span> <span class='ocrx_word' id='word_1_706' title='bbox 1635 2642 1808 2675; x_wconf 84' lang='lat' dir='ltr'><strong>moriuntur,</strong></span> 
     </span>
    </p>
   </div>
   <div class='ocr_carea' id='block_1_113' title="bbox 1012 2786 1723 2823">
    <p class='ocr_par' dir='ltr' id='par_1_113' title="bbox 1012 2786 1723 2823">
     <span class='ocr_line' id='line_1_113' title="bbox 1012 2786 1723 2823; baseline 0.004 -10"><span class='ocrx_word' id='word_1_707' title='bbox 1012 2786 1125 2821; x_wconf 84' lang='lat' dir='ltr'><strong>ponitur</strong></span> <span class='ocrx_word' id='word_1_708' title='bbox 1141 2795 1259 2819; x_wconf 82' lang='lat' dir='ltr'><strong>comma,</strong></span> <span class='ocrx_word' id='word_1_709' title='bbox 1280 2786 1313 2814; x_wconf 79' lang='lat' dir='ltr'><strong>ad</strong></span> <span class='ocrx_word' id='word_1_710' title='bbox 1331 2786 1479 2823; x_wconf 71' lang='grc' dir='ltr'>ἀνάστασιν</span> <span class='ocrx_word' id='word_1_711' title='bbox 1497 2796 1562 2815; x_wconf 88' lang='lat' dir='ltr'><strong>vero</strong></span> <span class='ocrx_word' id='word_1_712' title='bbox 1578 2791 1723 2823; x_wconf 89' lang='lat' dir='ltr'><strong>punctum.</strong></span> 
     </span>
    </p>
   </div>
   <div class='ocr_carea' id='block_1_114' title="bbox 1052 2822 1577 2859">
    <p class='ocr_par' dir='ltr' id='par_1_114' title="bbox 1052 2822 1577 2859">
     <span class='ocr_line' id='line_1_114' title="bbox 1052 2822 1577 2859; baseline 0.004 -10"><span class='ocrx_word' id='word_1_713' title='bbox 1052 2823 1108 2858; x_wconf 75' lang='lat'><strong>(33)</strong></span> <span class='ocrx_word' id='word_1_714' title='bbox 1128 2831 1172 2858; x_wconf 76' lang='grc' dir='ltr'><strong>γρ.</strong></span> <span class='ocrx_word' id='word_1_715' title='bbox 1187 2822 1308 2857; x_wconf 85' lang='lat' dir='ltr'><strong>Utraque</strong></span> <span class='ocrx_word' id='word_1_716' title='bbox 1321 2822 1388 2849; x_wconf 87' lang='lat' dir='ltr'><strong>edit.</strong></span> <span class='ocrx_word' id='word_1_717' title='bbox 1404 2830 1498 2857; x_wconf 71' lang='lat' dir='ltr'><strong>praem.</strong></span> <span class='ocrx_word' id='word_1_718' title='bbox 1512 2825 1577 2859; x_wconf 84' lang='grc' dir='ltr'><strong>γάρ.</strong></span> 
     </span>
    </p>
   </div>
  </div>
