1953 3055
171 116 220 147 131

676 109 921 140 THEODOBETI
941 109 1111 139 [PISCOPI
1131 109 1315 139 CYRENSIS

1765 107 1827 140 132

170 173 209 200 ita
220 171 304 199 etiam
319 170 347 198 in
362 169 473 198 Christo
484 176 579 196 omnes
594 167 807 195 vivificabuntur
821 166 856 192 9°.
874 175 882 190 ι
900 165 965 193 Post

1036 165 1088 191 ὒτω
1101 165 1148 192 καὶ
1163 165 1191 191 ὲν
1204 165 1243 200 τῷ
1259 164 1369 200 Χριστῷ
1385 165 1486 196 πάντες
1508 163 1773 199 ζωοποιηθήσονται.
1811 173 1823 190 ι

171 218 328 254 passionem
338 221 366 244 et
375 216 618 246 resurrectionem,
630 213 741 241 divinus
751 213 849 239 Petrus
857 211 966 239 Judacos

172 264 326 298 alloquens,
339 262 429 290 virum
443 261 498 297 94.
511 261 601 296 ipsum
616 258 809 295 appellavit".
828 258 893 285 Post
907 257 967 292 ejus

174 310 200 337 in
218 310 303 337 caelos
316 307 504 335 ascensionem
524 307 680 341 Stephanus
691 309 805 340 martyr,
818 311 880 330 cum
899 303 968 338 lapiv

174 355 257 383 dibus
272 355 448 384 obrueretur,
464 353 534 380 dixit
551 351 652 380 Judaeis
669 360 676 378 :
699 360 708 376 ι
726 350 797 378 Ecce
816 349 897 376 video
910 356 967 375 cce-

174 401 216 428 ]us
247 403 373 435 apertos,
399 402 427 426 et
442 398 542 426 Filium
557 397 679 424 hominis
695 399 815 422 stantem
837 402 851 421 a
865 393 969 421 dextris

175 447 225 474 Dei
243 448 276 474 ".
293 455 302 472 ›
326 445 366 473 Ne
385 449 479 480 itaque
501 452 553 471 nos
575 442 758 479 sapientiores
779 441 970 468 existimemus

175 493 281 529 magnis
294 491 470 528 praeconibus
486 490 622 517 veritatis.

211 581 316 610 ERAN.
333 581 394 608 Non
413 579 611 614 sapientiorem
631 585 674 605 me
689 577 793 605 sanctis
810 575 972 603 doctoribus

177 628 314 659 existimo,
327 626 376 653 sed
390 625 510 652 nominis
523 633 601 652 usum
616 632 671 652 non
684 623 804 658 reperio.

215 715 322 743 ORTH.
351 715 406 742 Eos
431 714 524 749 igitur,
551 714 599 748 qui
632 713 740 740 Domini
773 712 972 739 humanitatem

178 766 290 797 negant,
315 760 520 791 Marcionistas,
545 759 673 794 inquam,
695 763 723 786 et
748 758 924 787 Manichacus,
947 761 974 783 et

179 808 248 836 alios
268 806 315 842 qui
336 806 433 833 eodem
452 804 548 832 morbo
566 805 703 837 laborant,
719 812 774 839 quo
792 808 871 838 pacto
885 802 973 830 addu-

1021 211 1098 237 Μετὰ
1117 211 1148 237 τὺ
1162 211 1247 242 πάθος
1261 212 1308 237 καὶ
1322 211 1371 246 τὴν
1386 211 1545 240 ἀνάστασιν.
1570 211 1584 236 ὁ
1601 210 1672 242 θεῖος
1689 210 1800 246 Πέτρος
1815 230 1826 241 ,

1028 257 1166 288 Ἰουδαίοις
1178 257 1370 293 διαλεγόμενος
1381 278 1388 289 ,
1403 257 1488 292 ἄνδρα
1499 257 1581 283 αὐτὸν
1596 256 1825 292 προσηγόρευσε.

1022 304 1099 330 Μετὰ
1115 304 1164 339 τὴν
1178 304 1217 335 εἰς
1234 304 1365 338 οὐρανοὺς
1381 303 1525 338 ἀνάληψιν,
1541 303 1555 328 ὁ
1573 302 1731 334 καλλίνικος
1746 301 1825 328 Στέ-

1023 358 1106 384 φανος
1126 349 1380 385 λιθολευστούμενος
1403 349 1454 385 έφη
1473 351 1528 379 τοῖς
1549 348 1696 378 Ἰουδαίοιςν
1715 356 1724 373 ι
1748 347 1826 374 Ἰδοὺ

1023 396 1117 431 θεωρῶ
1130 397 1192 427 τοὺς
1205 396 1334 431 οὐρανοὺς
1349 394 1550 430 ἀνεῳγμένους,
1569 394 1616 420 καὶ
1630 394 1675 420 τὸν
1690 393 1754 419 Υἱὸν
1769 392 1826 419 τοῦ

1023 443 1166 478 ἀνθρώπου
1188 442 1292 469 ἑστῶτα
1308 443 1340 468 ἐκ
1360 441 1454 474 δεξιῶν
1467 441 1514 468 τοῦ
1530 440 1609 467 Θεοῦ.
1635 449 1644 465 ι
1662 440 1708 475 Μὴ
1724 439 1826 465 τοίνυν

1024 490 1097 524 ἡμᾶς
1111 489 1210 521 αὐτοὺς
1228 489 1398 524 σοφωτέρους
1412 488 1605 523 ὑπονοήσωμεν
1617 486 1672 513 τῶν
1689 485 1826 521 μεγάλων

1025 535 1153 570 κηρύκων
1167 535 1217 569 τῆς
1230 534 1368 570 ἀληθείας.

1062 582 1163 609 EPAN.
1178 582 1216 608 Οὐ
1233 580 1386 616 σοφώτερον
1397 580 1514 615 ἐμαυτὸν
1529 579 1582 605 τῶν
1593 578 1678 612 ἁγίων
1692 575 1825 604 διδασκά-

1026 629 1079 656 ὶων
1097 628 1250 664 ὑπείληφα,
1267 628 1325 654 ἀλλ’
1345 627 1394 663 οὐχ
1416 626 1535 662 εὑρίσκω
1555 625 1604 661 τὴν
1620 625 1667 652 τοῦ
1684 624 1824 660 ὀνόματος

1026 674 1132 710 χρείαν.

1062 720 1138 747 ΟΡΘ.
1157 720 1226 752 Τοὺς
1245 717 1291 747 οὖν
1314 718 1497 755 ἀρνουμένους
1513 717 1560 744 τοῦ
1582 716 1685 752 Κυρίου
1701 716 1750 752 τὴν
1769 716 1824 742 ἀν-

1027 766 1206 801 θρωπότητα,
1231 764 1454 798 Μαρκιωνιστὰς,
1471 762 1552 798 φημὶ,
1570 763 1617 789 καὶ
1631 762 1803 796 Μανιχαὲους
1815 781 1823 793 ,

1028 812 1075 838 καὶ
1087 812 1151 842 τοὺς
1164 811 1271 843 ἄλλους,
1289 811 1345 837 ὅσοι
1359 809 1462 844 ταύτην
1474 809 1581 836 νοσοῦσι
1592 808 1640 843 τὴν
1655 807 1742 839 νόσον,
1761 807 1826 838 πῶς

179 861 244 886 cas,
271 856 303 880 ut
321 852 447 879 veritatis
471 851 624 878 doctrinam
647 850 865 886 amplectantur?
885 857 975 876 annon

1036 857 1062 882 iw
1085 855 1191 882 πείσαιο
1214 855 1381 890 ὁμολογῆσαι
1405 854 1454 889 τῆς
1476 853 1603 888 ἀληθείας
1622 852 1652 878 τὸ
1668 853 1824 887 κήρυγμας

180 899 233 927 ista
250 903 277 925 et
296 898 397 926 similia
414 897 571 924 testimonia
589 896 745 932 proferens,
758 895 860 930 quibus
875 896 975 922 doceas

180 953 235 972 non
253 945 338 971 Deum
353 947 471 976 tantum,
492 943 540 970 sed
559 942 643 970 etiam
658 942 798 969 hominem
819 948 880 968 esse
890 939 968 968 'Chri-

180 995 254 1018 stum
271 989 438 1017 Dominum?

217 1035 321 1063 ERAN.
342 1035 392 1062 His
405 1035 521 1062 fortasse
538 1034 655 1070 proferri
670 1040 783 1061 necesse
800 1035 852 1060 est.

215 1081 321 1109 ORTH.
360 1081 469 1108 Fideles
502 1085 593 1108 autem
629 1087 678 1107 cur
706 1078 841 1113 dogmatis
873 1077 961 1104 verita

183 1132 238 1155 tem
269 1135 325 1154 non
355 1126 475 1154 doceas?
497 1126 640 1153 Oblitusne
659 1132 689 1152 es
708 1124 777 1160 legis
809 1123 976 1158 apostolicae,

183 1181 244 1209 qua:
258 1173 380 1208 praecipit
396 1175 404 1182 '
417 1180 467 1199 nos
479 1179 589 1206 semper
606 1176 716 1206 paratos
733 1177 794 1197 esse
812 1169 846 1196 ad
863 1176 962 1203 respon

183 1220 303 1247 dendum
317 1219 358 1245 9"?
377 1218 591 1246 Consideremus
604 1218 657 1244 hoc
671 1216 838 1250 exemplum.
852 1214 979 1249 Optimus

184 1266 302 1293 militum
326 1264 457 1299 magister
478 1264 589 1291 solusne
612 1271 675 1290 cum
700 1262 827 1289 hostibus
845 1259 977 1295 confligit,

183 1315 212 1338 et
234 1310 260 1337 in
280 1317 328 1337 eos
352 1310 465 1344 sagittas
490 1309 576 1335 mittit
602 1312 631 1336 et
649 1308 798 1343 jaculatur,
828 1313 980 1340 eorumque

183 1356 297 1383 ordines
309 1355 474 1390 perrumpit,
490 1361 525 1381 an
542 1361 607 1381 suos
622 1354 706 1380 etiam
720 1353 822 1379 milites
836 1356 935 1383 armat,
952 1354 980 1378 et

184 1401 317 1436 disponit,
333 1405 361 1427 et
379 1400 414 1427 ad
433 1400 543 1427 fortiter
557 1399 736 1434 praeliandum
754 1405 851 1425 eorum
872 1397 980 1424 animos

186 1447 307 1476 excitat?

221 1493 324 1521 ERAN.
341 1492 399 1519 Hoc
411 1491 451 1518 illi
466 1491 604 1526 praecipue
618 1489 804 1526 prastandum
819 1492 872 1516 est.

222 1538 328 1565 ORTll.
348 1537 468 1572 Magistri
490 1536 563 1564 enim
586 1536 705 1563 militum
721 1540 814 1571 partes
828 1542 884 1561 non
902 1538 976 1566 sunt,

186 1588 217 1610 ut
227 1584 286 1618 ipse
301 1582 413 1618 quidem
425 1582 548 1617 pericula
563 1581 653 1613 adeat,
667 1585 776 1615 stetque
796 1580 823 1606 in
842 1579 911 1612 acie,
925 1578 978 1605 mi-

186 1629 250 1656 lites
267 1635 334 1655 vero
355 1627 382 1654 in
400 1631 547 1661 utramque
566 1634 660 1653 aurem
680 1625 801 1652 dormire
814 1624 886 1652 sinat
903 1632 910 1650 :
931 1623 979 1650 sed

188 1678 217 1701 ut
230 1675 280 1701 hos
297 1673 381 1701 etiam
401 1673 540 1704 hortetur,
558 1676 589 1699 ut
602 1675 676 1698 stent
695 1671 723 1698 in
741 1670 811 1702 acie,
827 1673 855 1697 et
867 1669 980 1696 ordines

189 1725 313 1748 servent.

224 1766 328 1794 EllAN.
349 1766 453 1793 Verum
466 1768 517 1792 est.

222 1812 276 1848 95
293 1811 397 1839 ORTH.
414 1811 472 1838 Hoc
484 1810 556 1837 idem
571 1809 637 1836 facit
648 1813 676 1836 et
692 1808 803 1836 divinus
816 1808 927 1836 Paulus.
938 1807 979 1834 Ad

188 1866 236 1886 eos
255 1857 329 1884 enim
345 1856 392 1891 qui
407 1855 585 1883 crediderant
595 1854 720 1881 scribens
734 1862 740 1880 :
759 1863 768 1879 ι
784 1853 919 1888 Accipite,
937 1852 981 1879 in-

188 1903 258 1938 quit,
274 1906 441 1929 armaturam
459 1901 519 1932 Dei,
540 1904 570 1926 ut
590 1899 702 1935 possitis
724 1899 854 1926 resistere
874 1897 982 1926 insidiis

188 1949 290 1976 diaboli
304 1949 322 1974 ‘.
337 1958 347 1973 ι
365 1948 398 1975 Et
410 1954 508 1974 rursus
524 1954 530 1971 ε
551 1954 560 1970 ‹
578 1945 652 1971 State
665 1952 731 1978 ergo
745 1944 878 1971 succincti
891 1943 982 1978 quoad

188 1995 297 2023 lumbos
317 2000 425 2021 vestros
447 1992 476 2019 in
496 1991 613 2018 veritate
629 1991 649 2024 ',
665 2000 673 2016 ι
692 1994 720 2016 et
738 1997 799 2024 quae
817 1993 981 2024 sequuntur.

189 2040 346 2069 Memineris
363 2039 446 2066 etiam
465 2044 562 2078 eorum
579 2044 639 2071 quae
652 2043 735 2070 supra
751 2035 871 2062 diximus
887 2044 893 2061 :
909 2034 983 2069 quod

189 2091 218 2114 et
228 2086 351 2114 medicus
361 2087 466 2111 natura:
477 2082 589 2117 adjiciat
601 2081 760 2116 qualitatem
772 2089 832 2115 qua:
844 2080 882 2108 illi
895 2080 982 2108 deest.

190 2133 219 2160 Si
241 2132 315 2159 enim
337 2128 553 2164 deprehenderit
577 2127 733 2154 redundare
758 2126 896 2161 frigidam,
916 2127 983 2154 cali-

1026 902 1056 928 ού
1076 901 1178 933 ταύτας
1195 901 1243 927 καὶ
1259 901 1307 932 τὰς
1324 900 1453 931 τοιαύτας
1474 899 1628 934 μαρτυρίας
1643 898 1823 933 προσφέρων,

1026 948 1064 980 ὡς
1078 949 1129 974 οὐκ
1141 948 1198 974 ἔστι
1211 948 1277 978 Θεὸς
1291 947 1370 982 μόνον
1384 946 1527 977 διδάσκων,
1540 945 1608 971 ἀλλὰ
1618 944 1666 971 καὶ
1676 943 1823 980 ἄνθρωπος

1027 996 1040 1021 ὁ
1055 994 1194 1029 Δεσπότης
1206 991 1324 1029 Χριστός
1335 1001 1349 1025 ;.

1063 1040 1165 1067 EPAN.
1187 1040 1267 1071 Ἴσως
1281 1039 1385 1070 τούτοις
1398 1039 1505 1072 ἀνάγκη
1518 1037 1694 1073 προσφέρειν.

1063 1086 1140 1113 ΟΡΘ.
1160 1085 1230 1116 Τοὺς
1244 1084 1272 1111 δὲ
1288 1084 1400 1116 πιστοὺς
1415 1083 1441 1110 τί
1459 1084 1558 1119 δήποτε
1574 1083 1611 1118 μὴ
1630 1082 1756 1116 διδάσκῃς
1773 1079 1822 1107 τοῦ

1028 1133 1162 1168 δόγματος
1179 1131 1228 1167 τὴν
1240 1130 1383 1165 ἀλήθειαν;
1401 1130 1417 1165 ἥ
1436 1129 1596 1165 ἐπιλέλησαι
1609 1129 1658 1163 τῆς
1674 1127 1824 1154 ἀποστολι-

1029 1178 1081 1213 κῆς
1093 1177 1262 1213 νομοθεσίας,
1273 1177 1381 1211 ἕτοιμον
1395 1174 1465 1202 εἶναι
1477 1175 1545 1210 πρὸς
1556 1174 1704 1208 ἀπολογίαν
1717 1180 1824 1208 παρεγ-

1030 1222 1160 1257 γυώσης;
1178 1222 1367 1256 Σκοπὴσωμεν
1383 1221 1412 1247 δὲ
1427 1220 1524 1251 οὕτως.
1545 1221 1574 1246 '0
1585 1219 1695 1255 ἄριστος
1721 1226 1823 1254 στρατ-

1030 1268 1097 1303 ηγὸς
1113 1268 1192 1303 μόνος
1206 1268 1263 1302 (54)
1274 1268 1329 1299 τοῖς
1347 1266 1486 1302 πολεμίοις
1503 1265 1701 1301 συμπλέκεται,
1717 1264 1763 1291 καὶ
1776 1272 1823 1290 το-

1031 1314 1103 1346 ξεύει
1114 1334 1121 1346 ,
1137 1314 1185 1340 καὶ
1207 1313 1360 1345 ἀκοντίζει,
1378 1313 1426 1338 καὶ
1439 1312 1567 1346 φάλαγγα
1584 1311 1726 1346 ῥήγνυσιν,
1741 1309 1757 1344 ἢ
1775 1309 1824 1336 καὶ

1031 1360 1095 1392 τοὺς
1117 1359 1287 1396 στρατιώτας
1308 1358 1484 1390 καθοπλίζει,
1508 1358 1556 1384 καὶ
1578 1357 1688 1388 τάττει,
1710 1355 1757 1383 καὶ
1782 1355 1823 1387 είς

1032 1406 1157 1441 ἀνδρείαν
1171 1405 1205 1432 τὰ
1222 1404 1325 1432 τούτων
1339 1404 1495 1440 παραθήγει
1510 1404 1687 1439 φρονήματα;

1067 1493 1168 1520 ΕΡΑΝ.
1188 1493 1273 1519 Τοῦτο
1288 1493 1389 1528 μᾶλλον
1409 1492 1534 1528 ποιητέον
1548 1491 1623 1527 αὑτῷ

1067 1540 1142 1566 ΟΡΘ.
1165 1540 1202 1566 Οὐ
1216 1539 1271 1575 γὰρ
1287 1539 1352 1566 ῐδιον
1374 1539 1423 1574 μὲν
1442 1538 1607 1574 στρατηγοῦ,
1626 1538 1656 1565 τὺ
1677 1538 1758 1565 αὑτὸν
1774 1538 1823 1573 μὲν

1031 1585 1261 1621 προκινδυνεύειν,
1287 1586 1334 1613 καὶ
1352 1586 1590 1621 παρατάττεσθαι,
1613 1585 1676 1616 τοὺς
1690 1584 1719 1611 δὲ
1740 1592 1822 1619 στρα-

1009 1655 1012 1656 ,
1031 1632 1130 1663 τιώτας
1155 1633 1198 1659 ἐπ’
1215 1633 1299 1667 ἄμφω
1316 1632 1457 1659 καθεύδειν
1484 1632 1542 1668 ὲᾷν,
1560 1631 1628 1658 ἀλλὰ
1649 1632 1696 1658 καὶ
1715 1630 1822 1662 τούτους

1030 1678 1173 1713 διεγείρειν
1188 1679 1227 1710 εἰς
1243 1678 1292 1714 τὴν
1309 1678 1473 1714 παράταξιν,

1069 1765 1172 1792 EPAN.
1195 1765 1316 1800 Ἀληθές.

1067 1811 1144 1838 ΟΡΘ.
1164 1811 1250 1837 Τοῦτο
1272 1811 1319 1837 καὶ
1336 1811 1350 1837 ὁ
1368 1811 1439 1843 θεῖος
1458 1810 1573 1844 Παῦλος.
1591 1812 1653 1843 Τοῖς
1670 1811 1725 1847 γὰρ
1744 1819 1817 1838 πεπυ

1034 1858 1174 1886 στευκόσιν
1189 1857 1353 1884 ἐπιστέλλων
1364 1858 1467 1892 ἔλεγεν·
1488 1867 1497 1884 ι
1519 1857 1679 1884 ’Λναλάὸετε
1692 1858 1742 1892 τὴν
1758 1866 1820 1884 παν-

1033 1904 1129 1932 οπλίαν
1145 1903 1192 1930 τοῦ
1212 1903 1280 1930 Θεοῦ
1291 1923 1298 1936 ,
1316 1904 1359 1929 ἵνα.
1373 1903 1505 1939 δυνηθῆτε
1519 1904 1676 1939 ἀντιστῆναι
1693 1903 1760 1939 πρὸς
1776 1903 1821 1934 τὰς

1036 1951 1176 1987 μεθοδείας
1192 1950 1238 1976 τοῦ
1255 1950 1390 1977 διαϐόλου.
1411 1958 1420 1975 ι
1445 1949 1500 1976 Καὶ
1525 1950 1616 1976 πάλιν·
1642 1959 1651 1975 ι
1670 1950 1755 1985 Στῆτε
1778 1947 1822 1976 οὖν

1034 1997 1254 2033 περιζωσάμενοι
1269 1996 1319 2027 τὰς
1341 1996 1446 2030 ὀσφύας
1463 1996 1540 2030 ὑμῶν
1556 1997 1585 2023 ὲν
1607 1995 1732 2031 ἀληθείᾳ,
1752 2005 1760 2022 ι
1780 1996 1823 2022 καὶ

1034 2044 1068 2070 τὰ
1084 2043 1158 2077 ἑξῆς.
1180 2042 1383 2078 ’Δναμνὴσοητι
1401 2042 1430 2068 δὲ
1445 2042 1463 2069 ἃ.
1478 2042 1526 2069 καὶ
1540 2042 1696 2077 ἔμπροσθεν
1714 2042 1819 2078 εἰρήκει-

1036 2097 1097 2124 μεν,
1117 2089 1158 2115 ὅτι
1172 2088 1219 2115 καὶ
1238 2088 1329 2123 ἰατρὸς
1346 2087 1509 2123 προστίθησι
1531 2088 1581 2123 τὴν
1597 2088 1776 2115 ἐλλείπουσαν
1791 2091 1824 2125 τῇ

1035 2134 1116 2169 φύσει
1146 2133 1287 2169 ποιότητα.
1314 2134 1345 2160 Εἰ
1370 2134 1424 2169 γὰρ
1450 2133 1526 2169 εὖροι
1555 2133 1757 2166 πλεονάζουσαν
1780 2133 1822 2168 τὴ»,

191 2178 253 2205 dam
269 2176 373 2212 adjicit,
386 2179 414 2202 et
434 2175 502 2201 alias
520 2173 657 2201 similiter.
679 2172 737 2199 Hoc
750 2172 833 2199 etiam
851 2172 975 2200 Dominus

1036 2181 1154 2217 ψυχρὰν,
1175 2181 1338 2216 προστίθησι
1357 2180 1406 2215 τὴν
1423 2180 1541 2215 θερμὴν,
1565 2180 1613 2207 καὶ
1628 2180 1758 2211 ὡσαύτως
1779 2180 1823 2206 si;

191 2224 267 2251 fecit.

226 2268 328 2295 ERAN.
354 2267 389 2294 Et
409 2266 521 2294 ubinam
545 2263 675 2292 ostendes
695 2263 748 2290 hoc
773 2263 869 2290 fecisse
889 2262 982 2290 Domi-

193 2315 280 2342 num?

224 2359 329 2387 ORTH.
349 2359 379 2386 ln
397 2358 499 2386 divinis
512 2357 678 2392 Evangeliis.

226 2405 329 2434 ERAN.
350 2404 470 2433 Ostende
485 2404 578 2439 igitur,
593 2407 622 2430 et
635 2401 718 2437 imple
733 2402 910 2436 promissum.

232 2495 337 2523 ORTH.
354 2493 424 2528 Quid
439 2493 609 2521 Salvatorem
623 2491 765 2520 Christum
780 2492 913 2526 putabant
924 2501 984 2521 esse

190 2541 298 2569 .ludaﬁ?

227 2588 332 2617 ERAN.
351 2587 509 2615 Hominem.

228 2634 333 2662 OltTH.
360 2633 437 2667 Quod
465 2641 530 2661 vero
552 2631 636 2660 etiam
664 2630 737 2658 Deus
764 2635 853 2665 esset,
874 2632 984 2667 penitus

195 2680 376 2716 ignorabant?

234 2760 256 2776 "
275 2760 284 2786 l
298 2759 362 2786 Cor.
383 2767 428 2791 xv,
449 2759 495 2785 22.
533 2759 556 2774 ’⁷
573 2758 633 2786 Act.
650 2766 678 2790 ιι,
691 2759 736 2786 22.
776 2759 799 2775 ⁹⁸
816 2760 876 2787 Act.
891 2768 937 2791 vn.
953 2761 975 2789 51

1036 2761 1057 2776 "
1076 2761 1084 2786 Ι
1101 2761 1173 2788 Petr.
1191 2769 1230 2792 In,
1249 2761 1291 2788 15.

230 2818 285 2852 (34)
303 2818 391 2852 μόνος.
409 2816 447 2844 lla
460 2815 616 2851 legendum.
631 2815 714 2843 Sirm.
733 2816 836 2852 μόνοις.

1033 2228 1127 2260 ἄλλαςο
1142 2227 1222 2254 τοῦτο
1235 2227 1281 2254 καὶ
1292 2229 1306 2253 ὁ
1321 2227 1422 2263 Κύριος
1440 2228 1579 2262 ἐποίησεν.

1069 2273 1172 2300 ΕΡΛΝ.
1192 2273 1247 2300 Καὶ
1262 2273 1314 2299 ποῦ
1326 2273 1405 2300 τοῦτο
1420 2273 1517 2305 δείξεις
1531 2271 1702 2307 πεποιηκότα
1713 2271 1760 2298 τὸν
1776 2270 1813 2297 Κύ

1036 2329 1093 2356 ριον
1104 2328 1111 2352 ;

1070 2366 1146 2393 ΟΡΘ.
1171 2366 1281 2398 Ἐντοῖς
1295 2365 1378 2397 θείοις
1393 2365 1579 2400 Εὑαγγελίοις.

1072 2412 1174 2439 ΕΡΛΝ.
1195 2411 1285 2444 Δεῖξον
1307 2408 1364 2444 οὖν,
1390 2411 1437 2437 καὶ
1459 2411 1602 2447 πλήρωσον
1617 2411 1666 2446 τὴν
1683 2410 1740 2445 (55)
1761 2410 1818 2436 om.

1074 2468 1140 2485 εσιν.

1074 2468 1140 2485 εσιν.

1038 2468 1151 2532 σχοΡθ.
1173 2503 1205 2530 Τί
1222 2504 1266 2530 τὸν
1282 2503 1397 2539 Σωτῆρα
1413 2503 1531 2539 Χριστὸν
1549 2503 1673 2538 ἐνόμιζον
1693 2502 1818 2536 Ἰουδαῖοι,

1075 2593 1176 2620 ΕΡΑΝ.
1199 2592 1368 2628 Ἄνθρωπον.

1076 2639 1151 2666 ΟΡΘ.
1174 2640 1234 2666 ’Ὁτι
1245 2639 1273 2666 δὲ
1288 2640 1335 2666 καὶ
1349 2639 1414 2671 Θεὸς
1429 2637 1472 2675 ἦν,
1488 2640 1660 2667 παντάπασιν
1675 2639 1798 2674 ἡγνόουν;

1332 2762 1339 2777 ¹
1356 2761 1426 2796 Eph.
1442 2770 1479 2794 vr,
1498 2762 1540 2788 15.
1585 2763 1595 2778 ¹
1610 2762 1677 2789 ibid.
1697 2762 1738 2789 Η.

1070 2818 1126 2852 (55)
1144 2819 1202 2851 τήν.
1224 2818 1262 2845 Ex
1273 2818 1317 2845 ed.
1334 2819 1413 2846 Rom.
1431 2823 1458 2846 et
1477 2818 1551 2850 Lips.
1570 2818 1714 2846 insertum.
