1953 3055
130 102 186 136 133

169 161 273 189 EPAN.
295 160 415 197 Ἀληθές.

169 208 249 236 ΟΡΘ.
271 208 416 244 Τοιγάρτοι
452 209 512 235 οὔτε
546 208 641 244 μαθεῖν
673 209 736 240 τοὺς
770 208 935 243 ἀγνοοῦντας

128 257 234 291 εχρῆνς

169 300 272 327 ΕΡΔΝ.
300 300 490 335 Ὠμολόγηται.

167 347 243 374 οΡθ.
265 347 399 373 ’Ἄκουσον
420 345 509 372 τοίνυν
525 345 609 373 αὐτοῦ
633 346 702 382 πρὸς
723 346 822 378 αὐτοὺς
837 345 932 380 λέγον-

128 402 189 425 τος·
205 403 214 419 ι
230 392 320 420 Πολλὰ
334 391 402 428 ἔργα
414 391 471 427 (36)
489 391 617 425 ὑπέδειξα
633 392 707 427 ὑμῖνΔ
719 393 796 428 παρὰ
812 391 859 418 τοῦ
875 393 931 418 Πα-

128 435 197 470 τρός
218 443 280 470 μου,
296 433 341 460 διὰ
362 434 438 460 ποῖον
450 433 541 460 αὐτῶν
563 433 688 466 λιθάζετε
717 442 771 469 με;
794 444 803 459 ι
821 434 881 460 Τῶν
903 433 931 460 δὲ

128 480 296 516 εἰρηκότων,
310 489 321 506 ι
335 479 402 515 Περὶ
415 479 499 506 καλοῦ
511 478 594 514 ἔργου
605 480 635 506 οὐ
651 479 797 515 λιθάζομέν
810 487 849 512 σε,
863 479 931 506 ἀλλὰ

129 526 199 562 mp1
215 526 391 561 βλασφημίας
404 546 412 559 ,
432 526 474 552 ὃτι
490 525 634 561 ἄνθρωπος
650 525 689 552 ὢν
710 527 799 557 ποιεῖς
818 525 930 552 σεαυτὸν

126 573 211 606 Θεὸν,
231 582 241 599 ι
259 572 411 607 ἐπήγαγεν·
437 580 446 598 ι
469 570 514 597 Ἐν
531 571 569 606 τῷ
584 571 660 606 νόμῳ
675 571 752 606 ὑμῶν
764 571 928 606 γέγραπται*

134 618 211 652 Ἐγὼ
225 616 312 644 εἷπον·
333 617 399 644 Θεοί
415 618 488 643 ἑστε-
505 618 529 643 εί
543 617 665 649 ἐκείνους
680 615 740 644 εἷπε
755 617 842 650 θεοὺς,
861 617 929 654 πρὸς

126 664 178 696 οὓς
190 666 204 691 ό
214 664 294 698 λόγος
306 663 354 690 τοῦ
366 663 434 690 Θεοῦ
449 663 567 697 ἐγένετο,
583 664 631 689 καὶ
645 663 675 690 οὐ
690 662 803 690 δύναται
814 663 928 698 λυθῆναι

127 711 146 746 ἡ
163 711 270 746 Γραφή·
288 710 318 737 ὃν
332 711 346 736 ό
361 709 455 745 Πατὴρ
475 710 573 745 ἡγίασε
587 709 636 735 καὶ
655 709 816 739 ἀπέστειλεν
831 710 871 741 είς
883 709 929 736 τὸν

126 755 244 790 κόσμον,
257 755 337 790 ὑμεῖς
347 753 450 788 λέγετε,
465 754 506 780 ὅτι
518 753 705 788 Βλασφημεῖς,
721 753 762 779 ὃτι
776 751 852 779 εἷπον
865 753 929 785 Υἱὸς

125 800 176 827 τοῦ
189 800 259 827 Θεοῦ
274 798 361 833 sint»;
373 800 405 826 Εἰ
421 800 452 826 οὐ
464 799 534 825 ποιῶ
548 798 581 825 τὰ
601 799 671 835 ἔργα
680 799 727 826 τοῦ
740 799 846 835 Πατρός
863 808 927 834 μου,

128 846 170 882 μὴ
186 845 330 872 πιστεύετέ
346 853 400 880 μοι·
416 845 458 872 ὅτι
481 844 538 879 ἐγὼ
559 846 588 871 ὲν
602 844 641 880 τῷ
659 844 748 880 Πατρί
770 853 835 880 μου,
851 845 899 872 καὶ
914 845 928 871 ὁ
945 836 964 863 Β

126 892 228 927 Πατὴρ
248 893 277 917 ὲν
294 891 356 926 ἐμοί
371 891 455 918 ἐστιν.
470 900 480 917 ι

164 937 268 964 EPAN.
295 937 338 963 Ἐν
359 934 401 969 οἷς
417 936 538 970 ἀνέγνως
556 935 676 971 ἀρτίως,
693 936 797 969 ἔδειξας
813 937 858 964 τὸν
872 936 928 964 Κύ-

126 992 190 1020 ριον
207 984 263 1015 τοῖς
283 982 422 1014 Ἰουδαίοις
443 982 509 1009 Θεὸν
524 982 631 1015 ἑαυτὸν,
647 982 698 1009 οὐκ
714 983 858 1019 ἄνθρωπον
875 983 927 1009 δεί-

125 1030 228 1062 ξαντα.

165 1075 243 1104 ΟΡΘ.
264 1075 332 1102 οὐδὲ
348 1074 403 1110 γὰρ
419 1074 524 1101 ἐδέοντο
537 1074 634 1110 μαθεῖν
646 1075 715 1109 ὅπερ
727 1075 847 1110 ᾔδεισαν.
866 1075 927 1102 Ὅτι

126 1123 183 1158 γὰρ
198 1121 342 1157 ἄνθρωπος
356 1119 401 1155 ἦν,
413 1120 533 1156 ᾔδεισαν·
548 1120 589 1146 ὅτι
605 1120 632 1146 δὲ
647 1120 694 1147 καὶ
709 1120 775 1152 Θεὸς
787 1120 924 1156 ὑπῆρχεν,

126 1168 181 1194 οὐκ
195 1167 319 1203 ᾔδεισαν.
337 1166 427 1193 Ταῦτὸ
441 1166 470 1192 δὲ
484 1165 565 1192 τοῦτο
583 1166 629 1192 καὶ
643 1165 690 1192 ἐπὶ
704 1165 757 1192 τῶν
770 1166 926 1202 Φαρισαίων

127 1214 292 1249 πεποίηκεν.
308 1213 351 1244 Ὠς
365 1213 419 1248 γὰρ
430 1211 567 1248 ἀνθρώπῳ
580 1212 662 1247 κοινῷ
674 1211 837 1247 προσιόντας
853 1212 926 1245 ἰδὼν,

127 1260 214 1296 {metu
231 1259 332 1290 αὐτοὺς
346 1257 450 1290 οὕτως·
471 1267 479 1284 ι
497 1257 529 1284 Τί
547 1258 610 1293 ὑμῖν
623 1257 698 1284 δοκεῖ
710 1257 774 1293 περὶ
793 1257 840 1284 τοῦ
860 1259 927 1294 Χρι-

127 1306 195 1339 τοῦ;
221 1305 294 1336 τίνος
317 1305 392 1331 ἐστὶν
416 1304 493 1336 υἱόςς
517 1313 526 1329 ι
556 1305 684 1330 Ἑκείνων
705 1303 733 1330 δὲ
755 1304 924 1340 εἰρηκότων,

131 1361 142 1377 ι
159 1350 215 1379 Τοῦ
236 1350 336 1382 Δαὸὶδ,
355 1359 363 1375 ι
375 1349 457 1381 αὐτὸς
474 1349 600 1385 ἐπήγαγε
611 1356 617 1364 ·
638 1358 647 1374 ι
666 1348 728 1381 Πῶς
741 1347 787 1375 οὖν
798 1349 881 1375 Δαϐἰδ
895 1349 924 1374 ἐν

128 1396 269 1432 πνεύματι
293 1395 396 1430 Κύριον
410 1394 491 1421 αὐτὸν
514 1394 609 1426 καλεῖς
627 1392 696 1420 Εἷπε
712 1394 766 1430 γὰρ
777 1414 785 1426 ,
801 1395 894 1429 φησὶν,
912 1395 926 1420 ό

128 1444 234 1479 Κύριος
245 1442 285 1478 τῷ
296 1442 392 1478 Κυρίῳ
403 1450 455 1477 μου
470 1449 476 1456 ·
491 1441 584 1468 Κάθου
596 1442 627 1467 ὲκ
642 1440 737 1473 δεξιῶν
755 1449 817 1476 μου.
835 1450 844 1465 ι
859 1439 925 1467 Εἶτα

129 1489 330 1522 συλλογίζεται·
350 1496 360 1513 ι
380 1487 411 1514 Et
424 1484 471 1514 οὖν
489 1486 592 1522 Κύριος
606 1485 690 1513 αὐτοῦ
704 1487 774 1518 εστι,
791 1485 851 1517 πῶς
867 1486 926 1517 υίὸς
942 1509 963 1537 c

129 1532 216 1561 αὑτοῦ
230 1534 290 1560 ἐστι
300 1541 308 1566 ;
329 1541 338 1558 ι

166 1621 270 1649 ΕΡΑΝ.
291 1621 370 1648 Κατὰ
391 1620 491 1648 σαυτοῦ
509 1621 560 1656 τὴν
578 1619 732 1655 μαρτυρίαν
755 1619 926 1655 παρ-ἤγαγες.

136 1668 305 1703 Ἀναφανδδν
327 1669 382 1703 γὰρ
403 1669 417 1695 ὁ
436 1667 539 1702 Κύριος
561 1667 624 1698 τοὺς
638 1666 802 1701 Φαρισαίους
823 1660 943 1699 ἐδίδαξε’

130 1714 171 1749 μὴ
196 1714 290 1740 καλεῖν
315 1713 398 1739 αὑτὸν
421 1712 479 1739 υἱὸν
499 1711 591 1745 Δαϐὶδ,
617 1711 685 1738 ἀλλὰ
700 1711 802 1746 Κύριον
832 1711 924 1737 Δα6ίδ.

129 1761 182 1786 Διὰ
194 1759 224 1786 δὲ
238 1759 343 1786 τούτων
362 1758 499 1793 πέφανται
512 1758 578 1789 Θεὸς
593 1757 736 1785 καλεῖσθαι
753 1757 926 1793 βουλόμενος,

129 1806 190 1833 ἀλλ’
204 1806 254 1832 οὐκ
270 1805 424 1840 ἄνθρωπος.

167 1852 244 1878 ΟΡΘ.
265 1851 304 1879 οὐ
318 1851 480 1886 προσέσχες,
495 1850 531 1883 ὡς
544 1850 627 1881 ἔοικε,
638 1851 672 1885 τῇ
684 1849 745 1885 θείᾳ
754 1848 926 1884 διδασκαλία.

130 1899 170 1926 Οὐ
186 1898 239 1933 γὰρ
254 1897 377 1924 ἀνείλετο
390 1897 531 1924 καλεῐαθαι
559 1896 617 1928 υίὸς
633 1896 725 1929 Δαϐὶδ,
751 1896 819 1923 ἀλλὰ
844 1904 928 1932 προσ-

129 1945 239 1971 τέθεικε
253 1945 285 1970 τὸ
299 1945 398 1980 χρῆναι
412 1942 589 1970 πιστεύεσθαι
601 1943 648 1969 καὶ
661 1942 763 1978 Κύριος
787 1940 857 1968 εἶναι
879 1941 926 1967 τοῦ

130 1988 226 2016 Δαὸίδ.
243 1987 329 2014 Τοῦτο
338 1988 393 2023 γὰρ
403 1987 524 2014 διδάσκει
535 1987 630 2021 σαφῶς
641 1987 680 2014 τό·
697 1995 706 2012 ι
723 1986 754 2012 Εἰ
765 1984 811 2013 οὖν
826 1985 928 2021 Κύριος

131 2033 215 2061 αὐτοῦ
235 2034 304 2065 ἐστι,
323 2033 383 2065 πῶς
406 2033 464 2065 υίὸς
479 2033 561 2060 αὑτοῦ
574 2034 667 2066 ὲστιν;
686 2041 697 2058 ο
717 2033 754 2059 Οὐ
769 2033 822 2067 γὰρ
839 2029 927 2062 εἶπεν,

131 2081 165 2107 Εἰ
182 2079 286 2115 Κύριός
304 2080 391 2111 ἐστιν,
406 2079 464 2111 υἱὸς
479 2079 529 2106 οὐκ
552 2079 637 2106 ἐστιν·
661 2078 740 2105 ἀλλὰ·
762 2088 771 2104 ι
790 2078 853 2110 Πῶς
872 2079 928 2110 υἱὸς

132 2125 216 2152 αὑτοῦ
238 2126 329 2157 ὲστιν;
349 2134 358 2150 ι
379 2125 440 2151 ἀντὶ
455 2124 517 2156 τοῦ,
534 2125 604 2152 κατὰ.
618 2133 644 2151 τι
665 2124 777 2160 Κύριος,
796 2125 843 2151 καὶ
857 2125 929 2152 κατά

667 103 858 136 DIALOGUS
877 105 918 135 II.
938 118 973 122 -
989 105 1238 136 INCONFUSUS.
1280 130 1282 132 .

947 166 969 195 Α
1020 164 1122 191 ERAN.
1143 165 1244 191 Verum
1259 165 1312 192 esi.

1724 101 1772 134 131

1022 210 1126 238 ORTH.
1150 210 1217 238 Cum
1233 217 1299 246 ergo
1319 209 1487 246 ignorarent,
1501 216 1593 237 nonne
1609 217 1658 236 eos
1671 207 1776 237 discere

985 257 1125 291 oportuit?

1019 302 1124 329 ERA‘N.
1145 301 1175 329 In
1194 302 1320 330 confesso
1335 307 1387 330 est.

1018 347 1125 376 OR'l‘Il.
1143 349 1212 376 Audi
1230 357 1295 384 ergo
1312 349 1367 376 illis
1383 349 1519 376 dicentem
1534 357 1540 376 :
1561 358 1569 374 ι
1585 349 1668 376 Multa
1682 349 1775 384 (bona)

981 399 1068 426 opera
1091 393 1199 421 ostendi
1222 394 1302 421 vobis
1318 402 1351 421 ex
1369 394 1449 422 Patre
1473 402 1545 426 meo,
1569 398 1681 428 propter
1701 395 1774 429 quod

983 446 1080 466 eorum
1105 447 1148 466 me
1171 439 1341 474 lapidatis’?
1360 449 1369 465 ι
1386 440 1420 466 Ει
1444 447 1507 467 eum
1529 440 1684 467 dixissem:
1707 449 1715 466 ι
1733 439 1775 466 0b

983 485 1087 512 bonum
1110 493 1180 520 opus
1199 494 1253 512 non
1276 485 1431 520 lapidamus
1455 490 1492 518 te,
1514 486 1561 513 sed
1584 486 1622 513 ‘ob
1644 485 1774 520 blasphe-

981 531 1076 563 miam,
1087 532 1160 566 quod
1172 540 1235 558 cum
1249 532 1332 559 homo
1344 532 1392 564 sis,
1406 531 1488 559 facias
1500 532 1617 566 teipsum
1630 532 1716 559 Deum
1725 531 1746 563 ⁸,
1761 540 1771 556 ι

982 577 1124 611 subjunxit
1140 586 1146 603 :
1161 576 1190 603 lu
1208 578 1267 612 lege
1287 580 1379 603 vestra
1397 576 1531 611 scriptum
1547 580 1589 603 est
1604 586 1609 602 :
1626 577 1682 611 Ego
1695 576 1751 603 dixi
1763 584 1773 602 ε

981 621 1024 649 Dii
1045 622 1122 649 estis.
1146 621 1174 649 Si
1197 622 1259 649 illos
1280 621 1350 649 dixit
1371 622 1448 653 deos,
1467 621 1501 649 ad
1524 629 1594 657 quos
1615 629 1706 649 sermo
1724 621 1774 649 Dei

981 668 1070 696 factus
1085 673 1136 700 est,
1154 673 1250 695 etnon
1266 671 1357 703 potest
1371 668 1439 696 solvi
1454 667 1615 702 Scriptura;
1633 668 1671 694 illi
1691 671 1774 702 quem

980 715 1062 742 Pater
1077 715 1258 742 sanctiﬁcavit
1272 718 1300 742 et
1314 715 1390 742 misit
1405 714 1432 741 in
1444 714 1588 746 mundum,
1604 721 1652 741 vos
1663 713 1772 741 dicitis‘:

980 760 1168 795 Blasphemas.
1184 761 1248 796 quia
1266 761 1322 788 dixi
1335 768 1378 787 me
1392 767 1452 787 esse
1468 760 1568 787 Filium
1584 760 1640 795 96
1659 759 1726 787 Dei?
1744 758 1772 786 Si

980 813 1035 833 non
1059 806 1130 833 facio
1156 815 1241 842 opera
1257 808 1265 817 '
1279 806 1368 834 Patris
1395 806 1460 839 mei,
1481 814 1536 833 non
1558 806 1672 834 creditis
1693 806 1772 834 mihi.

979 853 1047 880 Nam
1060 857 1088 880 et
1098 861 1148 888 ego
1161 853 1188 880 in
1201 853 1280 880 Patre
1293 860 1366 886 meo,
1377 856 1404 880 et
1417 853 1498 880 Pater
1509 852 1537 879 in
1549 860 1593 880 me
1606 857 1648 879 est
1665 852 1685 879 '.
1706 861 1715 877 ι

1014 938 1119 967 ERAN.
1142 937 1184 967 Ex
1209 939 1253 967 his
1276 947 1337 975 quae
1362 939 1444 966 modo
1471 938 1603 971 recitasti,
1627 935 1772 966 ostendisti

978 987 1126 1014 Dominum
1152 986 1253 1014 Iudaeis
1277 986 1364 1013 Deum
1390 985 1528 1020 seipsum,
1552 992 1608 1012 non
1631 984 1772 1012 hominem

978 1032 1193 1060 demonstrasse.

1014 1078 1121 1105 ORTH.
1134 1078 1229 1112 Neque
1238 1077 1312 1104 enim
1325 1084 1395 1111 opus
1408 1076 1462 1104 illis
1475 1076 1568 1104 eratid
1576 1077 1682 1104 discere
1697 1076 1771 1112 quod

977 1129 1122 1151 noverant.
1134 1124 1278 1150 Hominem
1289 1123 1364 1150 enim
1377 1130 1438 1150 esse
1449 1127 1595 1154 noverant,
1608 1123 1693 1150 Deum
1704 1129 1770 1150 vero

977 1169 1061 1198 etiam
1072 1177 1132 1197 esse
1141 1169 1217 1196 illum
1231 1176 1287 1196 non
1304 1173 1448 1195 noverant.
1463 1168 1537 1195 Idem
1555 1168 1643 1203 ipsum
1661 1175 1772 1203 quoque

976 1223 1041 1250 erga
1049 1215 1202 1242 Pharisaeos
1210 1215 1347 1249 praestitit.
1354 1214 1457 1242 Videns
1466 1215 1539 1241 enim
1549 1214 1611 1241 illos
1624 1214 1657 1241 ad
1671 1221 1701 1241 se
1711 1218 1772 1241 tan-

977 1269 1059 1296 quam
1072 1261 1105 1288 ad
1114 1267 1286 1288 communem
1293 1259 1433 1286 hominem
1439 1259 1612 1290 accedentes,
1623 1266 1671 1285 eos
1682 1259 1772 1286 sicin-

977 1308 1127 1343 terrogavit
1137 1316 1158 1333 ί(
1164 1306 1235 1340 Quid
1245 1306 1325 1333 vobis
1332 1305 1441 1333 videtur
1452 1305 1486 1332 de
1493 1305 1615 1332 Christo?
1623 1304 1772 1340 Cujusnam

976 1357 1018 1381 est
1031 1353 1104 1381 ﬁlius
1118 1353 1145 1380 ‘i
1161 1363 1170 1378 ι
1181 1357 1210 1380 et
1226 1359 1288 1380 cum
1303 1351 1520 1386 respondissent,
1535 1351 1674 1383 lDavidis,
1690 1360 1699 1376 ν
1713 1351 1772 1385 ipse

977 1399 1084 1426 addidit
1104 1407 1111 1425 :
1134 1407 1142 1424 ι
1160 1398 1303 1431 Quomodo
1316 1404 1382 1432 ergo
1400 1396 1484 1423 David
1507 1396 1535 1423 in
1555 1396 1659 1431 Spiritu
1680 1396 1772 1423 Domi—

977 1453 1043 1473 num
1062 1445 1152 1480 ipsum
1166 1444 1265 1471 vocat?
1282 1443 1355 1470 Dixit
1367 1442 1452 1474 enim,
1472 1452 1480 1468 ι
1503 1442 1603 1477 inquit,
1617 1451 1625 1467 ι
1640 1441 1772 1469 Dominus

979 1491 1097 1517 Domino
1106 1497 1179 1517 meo:
1190 1489 1261 1517 Sede
1274 1497 1289 1516 a
1302 1488 1423 1515 dexteris
1438 1487 1507 1514 meis
1517 1488 1554 1513 τ.)
1573 1487 1677 1514 Deinde
1687 1487 1771 1514 ratio-

980 1536 1090 1565 cinatur
1107 1545 1113 1563 :
1134 1545 1143 1561 ι
1159 1536 1187 1563 Si
1204 1543 1269 1570 ergo
1284 1539 1328 1562 est
1341 1535 1402 1570 ejus
1423 1533 1566 1566 Dominus,
1581 1533 1719 1568 quomodo
1730 1538 1773 1560 cst

980 1581 1039 1617 ejus
1057 1580 1130 1608 ﬁlius
1142 1579 1171 1607 '?
1190 1590 1199 1606 ι

1015 1626 1118 1653 ERAN.
1128 1626 1229 1653 Contra
1240 1629 1267 1652 te
1276 1625 1366 1660 ipsum
1378 1623 1500 1659 allegasti
1508 1623 1707 1651 testimonium.
1717 1623 1772 1650 Do—

979 1671 1150 1699 minusenim
1157 1671 1409 1705 Pliarismosaperte
1415 1669 1520 1701 docuit,
1530 1677 1564 1696 ne
1572 1677 1635 1696 eum
1642 1672 1773 1696 vocarent

980 1717 1065 1744 ﬁlium
1075 1716 1195 1748 Davidis,
1204 1715 1252 1742 sed
1261 1715 1408 1742 Dominum
1417 1714 1538 1741 Davidis.
1549 1714 1586 1741 Ex
1597 1713 1698 1748 quibus
1707 1721 1772 1748 per-

980 1762 1105 1797 spicuum
1121 1765 1173 1794 est,
1193 1760 1267 1796 quod
1283 1760 1356 1787 Deus
1375 1759 1506 1795 appellari
1518 1758 1593 1791 velit,
1606 1765 1662 1785 non
1678 1757 1771 1784 homo.

1014 1849 1119 1877 ORTII.
1143 1848 1185 1876 Ad
1205 1847 1326 1876 divinam
1348 1846 1503 1874 doctrinam
1521 1853 1628 1880 parum,
1646 1849 1677 1873 ut
1693 1845 1772 1873 vide-

981 1900 1036 1927 tur,
1048 1894 1201 1922 attendisti.
1217 1894 1278 1922 Non
1291 1893 1363 1921 enim
1379 1891 1520 1927 prohibuit
1536 1899 1564 1919 se
1577 1892 1669 1918 vocari
1685 1891 1773 1918 ﬁlium

979 1940 1103 1972 Davidis,
1124 1939 1172 1967 sed
1199 1939 1310 1974 adjecit,
1331 1941 1459 1972 oportere
1482 1935 1564 1962 etiam
1586 1934 1662 1962 credi
1683 1934 1771 1968 ipsum

979 1994 1040 2014 esse
1054 1985 1202 2013 Dominum
1219 1983 1339 2011 Davidis.
1364 1983 1421 2009 Hoc
1435 1981 1509 2008 enim
1525 1984 1618 2015 aperte
1637 1979 1718 2006 docet
1737 1979 1772 2006 il-

979 2031 1026 2059 lud
1043 2040 1050 2058 :
1071 2041 1080 2057 ι
1095 2030 1123 2058 Si
1145 2030 1229 2065 igitur
1243 2028 1377 2056 Dominus
1395 2027 1453 2062 ejus
1472 2031 1524 2058 est.
1539 2024 1677 2060 quomodo
1699 2024 1772 2051 ﬁlius

979 2078 1039 2114 ejus
1052 2077 1110 2105 est?
1130 2087 1139 2103 I
1156 2076 1216 2103 Non
1232 2074 1305 2102 enim
1323 2073 1392 2100 dixit
1410 2082 1417 2099 :
1433 2073 1461 2100 Si
1475 2072 1608 2099 Dominus
1625 2074 1677 2102 est,
1700 2069 1773 2097 ﬁlius

980 2133 1035 2152 non
1052 2129 1094 2151 est
1116 2133 1122 2150 ε
1145 2122 1204 2155 sed,
1228 2131 1236 2147 ι
1260 2120 1398 2157 quomodo
1419 2119 1492 2146 ﬁlius
1510 2119 1569 2153 ejus
1585 2116 1644 2144 cst?
1662 2125 1671 2142 ι
1694 2115 1772 2151 quasi

131 2179 159 2198 τι
171 2171 239 2203 υἱός.
251 2170 344 2198 Ταῦτα
357 2171 385 2198 δὲ
398 2171 530 2206 ἄντικρυς
544 2171 592 2197 καὶ
604 2170 653 2208 τὴν
668 2170 783 2207 θεότητα
795 2170 926 2204 δείκνυσι,

985 2170 1096 2201 diceret,
1111 2169 1165 2196 alio
1186 2172 1313 2203 respectu
1330 2171 1372 2194 est
1390 2166 1534 2197 Dominus,
1550 2164 1604 2192 alio
1621 2168 1713 2191 autem
1730 2165 1773 2190 est

134 2216 182 2242 κιὶ
198 2215 248 2251 τὴν
265 2215 474 2251 ἁνθρωπότητα.

169 2306 273 2333 ΕΡΑΝ.
295 2305 332 2331 Οὐ
354 2304 433 2340 χρεία
450 2303 652 2339 συλλογισμῶν.
680 2303 828 2340 Ἀντικρυς
844 2304 898 2339 γὰρ
915 2303 928 2329 ὁ

134 2352 238 2388 Κύριος
248 2352 376 2385 ἐδίδαξεν,
388 2352 425 2383 ὡς
438 2352 468 2378 οὐ
482 2351 606 2387 βούλεται
616 2350 757 2377 καλεῖσθαι
769 2351 826 2382 υἱὸς
836 2350 926 2378 Δαῦίδ.

169 2399 246 2426 ΟΡΘ.
269 2398 343 2425 Ἔδει
357 2398 447 2424 τοίνυν
461 2398 506 2424 καὶ
523 2398 586 2429 τοὺς
601 2397 730 2431 τυφλοὺς,
748 2397 796 2424 καὶ
807 2398 856 2433 τὴν
870 2397 928 2424 Χα-

133 2446 258 2476 ναναίαν,
275 2444 322 2471 καὶ
338 2444 429 2480 μέντοι
444 2443 491 2470 καὶ
504 2444 567 2475 τοὺς
582 2443 676 2478 ὄχλους
690 2443 806 2476 διδάξαι,
826 2443 864 2478 μὴ
879 2451 930 2470 κα-

133 2492 190 2518 λεῖν
216 2490 297 2517 αὐτὸν
318 2490 375 2517 υἱὸν
392 2489 482 2516 Δαϐῑδ.
506 2489 561 2516 Καὶ
587 2489 642 2525 γὰρ
666 2491 691 2516 οἱ
715 2489 810 2524 τυφλοὶ
834 2489 929 2516 ὲϐὁωψ

137 2547 146 2564 ι
164 2537 213 2564 Υἱὲ
227 2536 319 2567 Δαὸὶδ,
335 2535 446 2571 ἐλέησον
462 2536 546 2571 ἡμᾶς.
563 2545 572 2561 ι
594 2535 648 2562 Καὶ
662 2536 678 2570 ἡ
692 2535 842 2562 Χαναναία·
861 2545 869 2561 ι
883 2535 931 2562 Υἱὲ

133 2583 229 2616 Δασὶδ,
250 2582 362 2618 ἐλέησόν
377 2583 452 2618 με,ή
467 2581 592 2617 θυγάτηρ
608 2590 659 2617 μου
673 2581 765 2613 κακῶς
779 2580 930 2616 δαιμονίζε-

134 2637 192 2656 ται·
212 2638 222 2654 ι
242 2628 289 2655 καὶ
303 2627 334 2654 τὸ
351 2627 463 2663 πλῆθος·
483 2637 491 2654 ι
517 2627 632 2654 Ὡσαννᾶ
652 2627 689 2662 τῷ
705 2627 756 2662 υἱῴ
774 2626 864 2653 Δαϐἱδ-
884 2627 928 2653 εὖ-

173 2708 184 2723 ³
198 2708 276 2736 Joan.
294 2716 321 2739 ιι,
339 2708 383 2735 52.
422 2706 433 2722 ⁵
445 2706 511 2733 ibid.
526 2707 571 2735 53.
607 2708 618 2724 ⁵
635 2707 702 2736 ibid.
719 2707 811 2735 5ίοῦ8.
843 2707 853 2722 ⁸
867 2706 961 2734 Matth.

136 2743 182 2776 '53,
197 2743 244 2770 59.
283 2743 304 2758 "
320 2743 414 2770 Matth.
427 2750 471 2774 xv,
491 2741 536 2768 2‘2.

174 2814 231 2849 (EG)
246 2813 324 2847 ἔργα.
337 2810 472 2838 Omissum
486 2814 528 2836 cst
545 2807 625 2835 καλά.

979 2217 1062 2244 ﬁlius.
1083 2217 1146 2244 Haec
1158 2222 1224 2243 vero
1240 2213 1384 2241 manifeste
1406 2212 1579 2240 divinitatem
1602 2210 1726 2237 indicant
1744 2213 1774 2236 et

978 2261 1189 2288 humanitatem.

1012 2306 1066 2340 97
1079 2305 1183 2332 ERA‘N.
1197 2303 1258 2331 Non
1269 2310 1337 2338 opus
1346 2306 1388 2329 est
1397 2298 1666 2329 ratiocinationibus.
1678 2296 1773 2325 Domi-

977 2358 1031 2378 nus
1039 2349 1111 2377 enim
1119 2353 1213 2384 aperte
1224 2348 1318 2376 docuit
1326 2347 1398 2374 nolle
1409 2354 1438 2374 se
1451 2344 1542 2372 vocari
1557 2343 1642 2370 lllium
1650 2342 1772 2369 Davidis.

1016 2395 1120 2424 ORTH.
1133 2395 1286 2430 Oportebat
1301 2401 1365 2429 ergo
1383 2396 1411 2420 et
1423 2398 1520 2422 caecos,
1538 2394 1566 2417 et
1578 2389 1772 2421 Chananaeam,

979 2447 1007 2470 et
1018 2442 1112 2470 turbas
1126 2441 1235 2474 docere,
1252 2447 1286 2467 ne
1301 2436 1560 2474 appellarentillum
1576 2434 1663 2461 ﬁlium
1689 2433 1773 2461 Davi-

980 2489 1033 2516 dis.
1062 2488 1130 2516 Nam
1145 2491 1173 2514 et
1188 2486 1252 2514 caaci
1264 2485 1418 2513 clamabant
1435 2492 1441 2510 :
1464 2492 1472 2507 ι
1487 2481 1538 2509 Fili
1552 2479 1674 2513 Davidls,
1690 2479 1775 2507 mise—

981 2544 1042 2563 rere
1055 2534 1143 2562 nostri
1159 2535 1187 2567 ’;
1203 2543 1212 2559 ›
1227 2538 1255 2560 et
1265 2532 1418 2560 Chananrea
1432 2539 1438 2556 :
1455 2539 1463 2555 (
1481 2527 1532 2556 Fili
1548 2526 1671 2559 Davidis,
1690 2526 1775 2554 mise-

982 2590 1044 2610 rere
1069 2581 1134 2614 mei,
1153 2581 1207 2608 ﬁlia
1234 2588 1294 2607 mea
1312 2578 1382 2605 male
1400 2585 1414 2603 a
1428 2574 1562 2603 daemonio
1575 2577 1690 2601 vexatur
1706 2571 1747 2605 “;
1763 2581 1773 2597 ι

982 2632 1009 2655 et
1034 2628 1175 2662 populus:
1202 2635 1212 2652 ι
1230 2625 1358 2653 ilosanna
1390 2622 1447 2650 ﬁlio
1470 2620 1590 2653 Davidis,
1611 2617 1777 2647 benedictus

977 2706 1092 2736 XXll,d-2.
1132 2707 1142 2723 ⁷
1155 2705 1222 2734 ibid.
1241 2706 1284 2733 45.
1323 2703 1334 2718 ³
1351 2702 1417 2729 ibid.
1434 2701 1480 2734 M,
1497 2700 1541 2728 45.
1582 2699 1592 2716 ⁹
1609 2698 1678 2726 Luc.
1695 2702 1770 2728 “tu,
