1953 3055
197 147 247 180 135

697 148 940 179 THEODORETI
959 149 1128 180 EPISCOPI
1148 150 1330 180 CYRENSIS

1778 151 1831 184 136

195 203 245 238 qui
259 202 335 230 venit
348 202 376 229 in
389 202 500 230 nomine
514 201 621 229 Domini
634 203 664 228 “.
683 210 691 226 ι
711 201 744 228 Et
759 209 815 228 non
828 201 910 229 modo
929 209 984 228 non

1043 207 1101 238 ιογη
1106 203 1186 238 μένος
1197 204 1212 230 ὸ
1227 203 1374 239 ἐρχόμενος
1386 203 1415 230 ἐν
1429 202 1541 239 ὀνόματι
1558 204 1673 240 Κυρίου.
1695 214 1704 231 ι
1727 205 1782 232 Καὶ
1796 207 1827 233 οὺ

196 257 268 285 πει-ε
292 249 366 281 tulit,
391 249 439 276 sed
462 248 544 275 ﬁdem
564 248 646 275 etiam
665 247 796 274 laudavit.
815 247 883 274 Nam
897 254 985 274 caecos

198 297 356 332 longissima
378 301 458 324 nocte
475 295 614 328 liberavit,
639 299 668 322 et
690 295 801 323 videndi
827 295 985 323 facultatem

197 342 238 370 eis
255 342 378 369 donavit.
394 342 554 369 Chananazze
565 349 631 368 vero
649 341 733 368 ﬁliam
755 341 837 368 furiis
857 341 985 376 agitatam

197 387 270 415 et-de
285 392 374 415 mente
390 387 563 414 deturbatam
576 387 691 419 sanavit,
705 387 985 414 et‘nocentissimum

197 432 302 467 expulit
314 433 476 460 dzemonem.
485 432 552 460 Cum
561 436 652 459 autem
662 432 802 467 principes
811 432 986 460 sacerdotum

197 481 225 505 et
240 478 369 506 Pharisaei
385 478 593 505 oﬁ‘enderentur
609 478 652 505 his
665 478 712 513 qui
724 478 889 510 clamabant,
906 488 914 504 ι
929 479 985 506 Πο-

197 531 280 551 sanna
297 524 353 551 ﬁlio
375 525 495 554 Davidis.
511 534 519 550 ι
539 533 594 552 non
616 525 698 552 modo
715 533 771 552 non
783 525 914 560 repressit
930 525 986 552 cla-

197 574 314 602 mantes,
336 570 384 597 scd
404 571 486 597 etiam
514 570 631 598 faustam
660 571 735 598 illam
760 571 986 599 acclamationem

197 615 380 643 conﬁrmavit.
407 626 415 641 ι
433 617 530 649 Arnen,
554 617 653 652 inquit,
683 617 745 644 dico
761 617 850 649 vobis,
877 616 985 644 etiamsi

197 660 224 686 hi
242 661 386 693 tacuerint,
400 660 505 695 lapides
521 661 679 688 clamabunt
693 662 723 688 η.
743 671 752 686 ι

233 706 336 733 ERAN.
367 706 421 734 llas
449 707 646 741 appellationes
663 711 726 734 ante
754 700 986 735 resurrectionem

198 752 334 784 toleravit,
365 752 577 779 accommodans
597 760 625 780 se
647 753 799 780 inﬁrmitati
816 761 911 780 eorum
938 753 985 788 qui

197 798 319 824 nondum
333 797 453 833 perfecte
469 797 644 825 crediderant
658 806 664 824 :
678 803 741 832 post
753 799 985 826 resurrectionem

197 850 262 869 vero
275 850 477 877 supervacanea
492 847 557 870 sunt
569 842 628 870 haec
638 844 759 870 nomina.

1037 248 1117 283 μόνον
1128 249 1178 275 οὐκ
1191 249 1379 284 ἐδυσχέρανεν,
1394 248 1461 275 ἀλλὰ
1474 250 1521 276 καὶ
1533 250 1584 285 τὴν
1596 249 1688 277 πίστιν
1700 249 1828 286 ἐπῄνεσε.

1035 294 1105 326 Τοὺς
1119 293 1169 329 μὲν
1182 294 1236 328 γὰρ
1252 293 1368 328 τυφλοὺς
1378 295 1426 330 τῆς
1443 295 1622 331 μακροτάτης
1638 296 1736 328 νυκτὸς
1749 297 1830 332 ἠλευ-

1036 340 1157 375 θέρωσε,
1181 341 1227 367 καὶ
1240 340 1290 375 τὴν
1305 340 1421 376 ὀπτικὴν
1441 341 1534 373 αὐτοῖς
1561 340 1700 378 ἐνέργειαν
1724 343 1829 379 ἐδωρὴ-

1037 394 1111 414 σατο.
1126 386 1182 421 Τῆς
1193 386 1222 413 δέ
1231 386 1387 418 Χαναναίας
1398 386 1447 422 τὴν
1458 387 1597 423 θυγατέρα
1606 387 1830 424 κορυϐαντιῶσαν

1036 433 1084 459 καὶ
1100 433 1253 468 μεμηνυῖαν
1274 433 1380 466 ἰάσατο,
1396 433 1500 460 καὶτὸν
1515 434 1698 469 παμπόνηρον
1712 433 1829 470 ἐξήλασε

1035 477 1162 513 δαίμονα.
1178 477 1239 504 Τῶν
1255 477 1286 504 δέ
1299 486 1331 512 γε
1348 478 1499 514 ἀρχιερέων
1516 479 1564 506 καὶ
1577 479 1732 514 Φαρισαίων
1748 479 1830 514 χαλε-

1036 524 1186 550 παινόντων
1200 524 1256 555 τοῖς
1272 523 1379 558 βοῶσιν,
1409 533 1419 550 ι
1442 523 1554 551 Ὡσαννὰ
1572 524 1611 560 τῷ
1630 525 1681 560 υἱῷ
1704 525 1797 557 Δασὶδ,
1817 534 1827 551 ο

1036 569 1066 595 οὐ
1085 569 1164 604 μόνον
1180 569 1230 596 οὐκ
1247 569 1368 596 ἐκώλυσε
1388 569 1451 601 τοὺς
1472 569 1602 604 βοῶντας,
1616 570 1686 597 ἀλλὰ
1702 571 1749 597 καὶ
1770 571 1831 596 ἐσε-

1036 613 1139 641 6αίωσε
1152 615 1201 650 τὴν
1217 615 1365 651 εὐφημίαν.
1378 624 1388 641 ι
1406 616 1493 651 Ἀμὴν
1507 615 1573 650 γὰρ,
1588 616 1652 651 ἐφη,
1667 615 1740 650 λέγω
1752 616 1829 652 ὑμῖν,

1036 659 1088 687 κᾶν
1101 657 1174 687 οὗτοι
1190 661 1349 695 σιγήσωσιν,
1366 661 1390 687 οἰ
1405 660 1473 687 λίθοι
1487 661 1678 696 κεκράξονται.
1700 670 1709 687 ι

1073 707 1174 734 ΕΡΔΝ.
1193 706 1302 734 Τούτων
1316 706 1370 742 πρὸ
1382 707 1432 742 τῆς
1446 707 1621 738 ἀναστάσεως
1635 707 1760 742 ἠνείχετο
1774 707 1830 735 τῶν

1037 757 1144 789 προσρη
1149 753 1252 788 μάτων,
1271 753 1425 787 συγκατιὼν
1438 754 1470 788 τῇ
1484 753 1613 789 ἀσθενείᾳ
1625 753 1679 779 τῶν
1693 753 1828 788 μηδέποτε

1036 799 1156 834 γνησίως
1172 799 1405 826 πεπιστευκότων
1421 798 1491 834 μετὰ
1503 798 1531 825 δέ
1547 798 1594 834 τὴν
1606 799 1764 833 ἀνάστασιν,
1780 809 1830 827 πε-

1039 844 1117 881 ριττὰ
1132 845 1211 871 ταὺτὶ
1225 845 1260 871 τὰ
1272 844 1402 880 ὀνόματα.

233 887 337 915 ORTH.
360 888 473 915 Beatum
492 895 558 923 ergo
574 889 688 915 Paulum
701 897 756 923 quo
768 889 865 917 ordine
881 893 985 917 statue-

1072 891 1149 918 ΟΡΘ.
1169 891 1222 917 Τὸν
1241 888 1288 918 οὖν
1308 891 1443 926 μακάριον
1459 890 1565 918 Παῦλον
1585 891 1636 918 ποῦ
1656 891 1783 928 τάξομεν,
1799 892 1828 920 ἐν

197 934 276 961 mus?
291 934 363 961 inter
377 934 524 968 perfectos,
542 942 577 961 an
597 934 774 969 imperfectos
787 935 798 961 ‘l

231 979 334 1007 ERAN.
348 980 377 1007 ln
395 979 479 1007 rebus
489 978 570 1007 seriis
581 987 634 1007 non
646 983 688 1007 est
700 979 863 1007 ludendum.

230 1024 333 1052 ORTH.
352 1025 408 1052 Nec
422 1026 622 1053 contemnenda
632 1029 674 1053 est
686 1025 843 1053 divinorum
859 1026 987 1053 oraculo—

198 1077 259 1096 rum
279 1069 371 1097 lectio.

232 1114 336 1142 ERAN.
353 1114 420 1147 Quis
438 1113 560 1142 estadeo
579 1113 684 1147 infelix,
703 1118 732 1142 ut
745 1115 886 1150 propriam
901 1116 988 1150 negli-

197 1164 242 1196 gat
257 1159 393 1187 salutem?

231 1206 288 1241 98
313 1205 418 1233 ORTll.
445 1205 486 1233 Ad
514 1205 757 1241 interrogationem
782 1206 928 1242 responde,
960 1211 988 1234 et

197 1259 328 1287 agnosces
351 1251 533 1286 ignorantiam
548 1255 632 1279 tuam.

232 1297 336 1324 ERAN.
353 1297 439 1330 Quam
457 1298 724 1333 interrogationem?

231 1341 336 1370 ORTH.
360 1342 420 1375 Quo
440 1342 501 1370 loco
515 1343 644 1377 ponimus
663 1343 786 1371 divinum
802 1343 988 1379 Apostolum?

231 1386 336 1414 ΕΗΑΝ.
361 1386 472 1414 Clarum
489 1388 563 1422 quod
581 1388 652 1416 inter
665 1388 879 1424 perfectissimos
896 1389 942 1422 sit,
960 1394 988 1417 et

197 1432 337 1467 perfectus
348 1433 487 1468 magister.

232 1478 337 1505 ORTH.
356 1477 416 1511 Quo
439 1486 505 1505 vero
537 1482 661 1513 tempore
689 1477 830 1506 inchoavit
852 1480 987 1516 praedica-

198 1524 300 1552 tionem
311 1524 323 1551 ?

1038 938 1094 968 τοῖς
1109 936 1231 969 τελείοις,
1249 936 1266 972 ἢ
1280 937 1309 963 ἐν
1325 938 1380 969 τοῖς
1397 936 1535 972 ᾁτελέσιν;

1073 980 1176 1009 ΕΡΑΝ.
1195 982 1231 1009 Οὐ
1248 982 1301 1018 χρὴ
1315 981 1425 1014 παίζειν
1445 983 1474 1008 ἐν
1490 984 1546 1015 τοῖς
1564 984 1729 1015 σπουδαίοις.

1074 1027 1150 1055 0P8.
1170 1027 1207 1054 Οὐ
1231 1027 1284 1063 χρὴ
1308 1027 1357 1062 τῆς
1381 1027 1436 1054 τῶν
1464 1027 1545 1055 θείων
1565 1028 1663 1063 λογίων
1686 1029 1828 1065 ὀλιγωρεῖν

1038 1073 1229 1108 ἀναγνώσεως.

1073 1118 1177 1146 EPAN.
1198 1120 1254 1146 Καὶ
1272 1119 1315 1151 τίς
1331 1115 1403 1147 οὕτω
1419 1121 1575 1156 τρισάθλιος
1585 1142 1593 1155 ,
1608 1121 1646 1153 ὼς
1661 1121 1710 1157 τῆς
1724 1120 1828 1153 οἰκείας

1039 1164 1149 1200 ἀμελεῖν
1170 1165 1321 1200 σωτηρίαςς

1063 1210 1151 1237 ὈΡΘ.
1176 1211 1336 1246 Ἀπόκριναι
1351 1211 1419 1247 πρὸς
1433 1211 1482 1247 τὴν
1497 1212 1644 1248 ἐρώτησιν,
1659 1212 1706 1240 καὶ
1718 1212 1828 1249 μαθήσῃ

1038 1257 1087 1293 τὴν
1105 1257 1228 1292 ἄγνοιαν.

1073 1303 1175 1329 ΕΡΑΝ.
1197 1302 1280 1330 Ποίαν
1295 1302 1430 1339 ἐρώτησιν
1441 1312 1448 1337 ;

1073 1344 1150 1375 ΟΡΘ.
1171 1347 1226 1375 Ποῦ
1241 1349 1378 1384 τάττομεν
1392 1349 1438 1376 τὸν
1456 1349 1527 1376 θεῖον
1540 1348 1722 1382 ’Δπόστολον;

1073 1394 1176 1421 EPAN.
1196 1394 1280 1430 Δῆλον
1294 1394 1331 1427 ὡς
1347 1395 1376 1422 ἐν
1387 1396 1444 1428 τοῖς
1458 1395 1647 1430 τελειοτάτοις,
1661 1393 1771 1422 καὶτῶν
1783 1402 1828 1421 τε·

1038 1439 1118 1465 λείων
1136 1439 1315 1467 διδασκάλων.

1074 1485 1150 1512 ΟΡΘ.
1173 1485 1240 1512 Πότε
1251 1485 1280 1512 δέ
1294 1485 1341 1512 τοῦ
1360 1485 1540 1522 κηρύγματος
1551 1486 1668 1523 ἤρξατο,

232 1570 336 1599 ERAN.
358 1571 423 1598 Post
444 1570 593 1598 Salvatoris
615 1571 814 1604 ascensionem,
827 1576 855 1599 et
869 1572 985 1608 Spiritus

1076 1571 1175 1598 EPAN.
1190 1571 1268 1599 Μετὰ
1282 1571 1332 1607 τὴν
1349 1570 1396 1598 τοῦ
1412 1572 1537 1608 Σωτῆρος
1555 1573 1699 1609 ἀνάληψιν,
1712 1573 1759 1601 καὶ
1779 1574 1829 1610 τὴν

197 1617 356 1650 adventum,
374 1621 402 1644 et
415 1616 546 1652 Stephani
559 1617 687 1652 martyris
698 1617 904 1652 lapidationem.

233 1715 337 1744 ORTII.
351 1715 376 1742 ls
386 1723 448 1743 eum
465 1715 516 1743 sub
533 1715 595 1742 vitae
607 1715 687 1742 ﬁnem
702 1715 826 1742 ultimam
841 1715 987 1755 epistolam

197 1761 331 1790 scriberet
339 1761 372 1788 ad
382 1760 546 1796 discipulum
555 1761 739 1793 Timotheum,
752 1761 832 1796 eique
844 1762 929 1788 veluti
938 1769 987 1797 pa-

198 1812 304 1835 ternam
318 1807 463 1843 quamdam
477 1807 666 1834 baereditatem
679 1811 845 1835 testamento
855 1807 985 1839 traderet.

197 1853 255 1881 haec
266 1853 348 1881 etiam
358 1853 477 1888 adjecit:
501 1863 509 1878 ι
524 1853 671 1885 Memento,
683 1853 776 1881 Jesum
788 1852 928 1880 Christum
942 1862 987 1881 re-

197 1899 351 1926 surrexisse
376 1906 392 1926 a
412 1898 529 1926 mortuis
540 1906 574 1926 ex
590 1898 695 1926 semine
711 1897 822 1926 Davidis
836 1899 987 1928 secundum

198 1945 373 1981 Evangelium
391 1953 483 1973 meum
511 1945 543 1971 ¹³.
559 1954 568 1971 ι
596 1945 828 1973 Commemoravit
849 1946 933 1973 etiam
954 1953 986 1973 ea

198 1999 258 2026 qum
266 1991 404 2026 Evangelii
413 1998 494 2017 causa
507 1998 604 2024 passus
618 1994 670 2022 est,
689 1991 828 2025 Evangelii
841 1991 987 2018 veritatem

197 2046 231 2065 ex
247 2045 280 2065 eo
297 2037 473 2064 conﬁrmans.
491 2046 499 2061 ‹
513 2036 542 2063 ln
553 2043 608 2071 quo
620 2035 725 2066 laboro.
739 2035 839 2071 inquit,
853 2045 940 2071 usque
952 2037 985 2065 ad

196 2083 317 2115 vincula,
328 2082 407 2117 quasi
423 2081 562 2108 maleﬁcus
576 2081 607 2108 “.
628 2090 637 2106 ›
656 2081 739 2108 Multa
755 2081 911 2117 hujusmodi
933 2082 985 2109 alia

197 2127 354 2155 testimonia
366 2127 445 2154 facile
457 2126 525 2153 mihi
541 2130 601 2153 erat
612 2126 747 2161 proferre,
759 2127 807 2154 sed
820 2135 986 2162 supervaca-

197 2181 280 2201 neum
296 2172 459 2200 existimavi.
602 2178 611 2182 ”

232 2218 336 2245 ERAN.
359 2217 502 2245 Pollicitus
520 2220 546 2244 te
569 2221 756 2250 ostensurum,
775 2217 920 2245 Dominum
936 2218 985 2246 do-

197 2264 331 2296 ctrinam,
355 2271 416 2297 qua:
440 2263 521 2295 desit,
549 2263 693 2298 egentibus
718 2271 884 2298 proponere,
911 2265 984 2298 quod

196 2308 348 2336 Pharisazos
368 2307 479 2342 quidem
505 2312 532 2334 et
552 2308 672 2342 reliquos
692 2308 801 2335 Judaeos
813 2308 985 2337 divinitatem

196 2363 275 2383 suam
287 2355 424 2386 docuerit,
440 2354 532 2381 dixisti
550 2363 556 2380 :
570 2354 643 2389 quod
657 2357 663 2364 '
676 2362 742 2382 vero
756 2355 839 2382 etiam
855 2356 888 2383 de
902 2364 984 2384 carne

196 2409 245 2429 sua
260 2400 432 2432 disseruerit,
448 2407 503 2426 non
518 2399 671 2427 ostendisti.

229 2490 335 2519 ORTll.
349 2489 478 2517 Omnium
495 2489 612 2517 maxime
627 2497 862 2524 supervacaneum
876 2496 937 2519 erat
950 2492 984 2520 de

195 2544 288 2569 carne,
307 2545 389 2572 quam
416 2537 555 2567 videbant,
580 2536 726 2564 disserere.
744 2537 892 2566 Evidenter
909 2539 983 2566 enim

195 2581 240 2608 illa
255 2584 284 2608 et
295 2581 452 2612 comedens,
466 2585 493 2608 et
506 2581 614 2614 bibens,
623 2581 796 2615 etlaborans,
808 2588 836 2611 ct
845 2583 985 2611 dormiens

195 2626 369 2654 cernebatur.
386 2626 442 2661 99
467 2627 605 2660 Attamen,
633 2633 663 2655 ut
684 2629 768 2655 multa
797 2637 828 2656 ea
854 2634 882 2657 et
909 2629 983 2656 varia

194 2671 330 2701 omittam.
344 2679 404 2705 qum
416 2672 570 2706 passionem
588 2678 797 2706 prmcesserunl,
815 2679 877 2709 post
887 2682 980 2701 resur-

195 2717 344 2745 rectionem
361 2716 511 2744 incredulis
522 2718 653 2753 apostolis
669 2727 721 2746 non
734 2719 916 2748 divinitatem.
934 2719 981 2746 sed

194 2763 391 2791 humanitatem
409 2764 539 2791 ostendit.
567 2774 576 2791 ‹
592 2764 688 2792 Videte
703 2765 788 2796 enim,
805 2765 905 2800 inquit,
923 2772 982 2791 ma-

1039 1617 1086 1645 τοῦ
1102 1617 1261 1652 [Ινεύματος
1282 1618 1468 1654 ὲπιφοίτησιν,
1491 1618 1537 1646 καὶ
1561 1619 1609 1654 τὴν
1622 1619 1760 1653 Στεφάνου
1781 1620 1828 1646 τοῦ

1039 1664 1187 1699 νικηφόρου
1202 1663 1373 1691 κατάλευσιν.

1074 1709 1150 1736 ΟΡΘ.
1166 1706 1253 1741 Οὗτος
1269 1711 1335 1746 παρ’
1352 1711 1418 1737 αὐτὸ
1434 1711 1480 1738 τοῦ
1496 1711 1554 1746 βίου
1576 1710 1608 1737 τὸ
1620 1711 1698 1742 τέλος
1711 1711 1827 1747 ἐσχάτην

1037 1755 1152 1791 γράφων
1163 1756 1306 1791 ἐπιστολὴν
1320 1756 1445 1792 Τιμοθέῳ
1455 1757 1495 1792 τῷ
1509 1757 1628 1793 μαθητῇ,
1643 1758 1690 1784 καὶ
1702 1755 1756 1784 οἷόν
1768 1767 1828 1785 τινα

1037 1801 1137 1837 κλῆρον
1156 1801 1231 1836 αὐτῷ
1248 1801 1375 1837 πατρῷον
1397 1802 1468 1828 κατὰ
1492 1802 1624 1838 διαθήκας
1644 1803 1827 1839 παραδιδοὺς,

1037 1847 1085 1874 καὶ
1106 1847 1196 1874 ταῦτα
1217 1847 1333 1874 τέθεικε*
1363 1857 1372 1873 ι
1390 1848 1554 1883 Μνημόνευε
1582 1848 1687 1884 Ἰησοῦν
1711 1849 1828 1885 Χριστὸν

1037 1893 1224 1929 ἐγηγερμένον
1239 1894 1271 1920 ἐκ
1287 1893 1392 1929 νεκρῶν
1404 1894 1436 1920 ἐκ
1448 1893 1605 1929 σπέρματος
1618 1895 1699 1921 Δαὸὶδ
1715 1894 1785 1921 κατὰ
1797 1895 1828 1921 τὺ

1036 1931 1286 1975 Εὑαγγέλιόν·μου.
1310 1949 1320 1966 ι
1347 1939 1486 1973 ’Υπέδειξε
1511 1939 1540 1967 δέ
1563 1940 1611 1968 καὶ
1633 1941 1668 1968 τὰ
1691 1941 1761 1976 ὺπέρ
1780 1941 1826 1968 τοῦ

1037 1985 1204 2019 Εὑαγγελίου
1222 1985 1389 2021 παθήματα,
1414 1985 1462 2012 καὶ
1480 1985 1568 2022 ταύτῃ
1588 1986 1695 2018 δεικνὺς
1712 1987 1761 2022 τὴν
1780 1987 1826 2014 τοῦ

1037 2031 1204 2065 Εὺαγγελίου
1223 2031 1361 2064 ἀλήθειαν.
1379 2040 1389 2057 ι
1409 2031 1453 2058 Ἐν
1469 2029 1491 2065 ᾧ
1505 2031 1559 2066 γὰρ
1569 2053 1577 2064 ,
1592 2032 1644 2068 ἔφη
1655 2052 1662 2064 ,
1679 2033 1828 2060 κακοπαθῶ

1038 2077 1121 2112 μέχρι
1133 2076 1244 2112 δεσμῶν
1258 2077 1296 2109 ὡς
1311 2077 1475 2113 κακοῦργος.
1494 2087 1503 2103 ι
1523 2077 1626 2112 Πολλὰς
1643 2078 1672 2105 δὲ
1687 2079 1732 2105 καὶ
1745 2079 1826 2112 ἄλλας

1036 2123 1142 2150 τοιάσδε
1167 2123 1320 2159 μαρτυρίας
1335 2123 1427 2158 ῥᾴδιον
1444 2121 1479 2160 ἦν
1498 2132 1542 2159 μοι
1561 2126 1742 2160 παραγαγεῖν,
1760 2124 1827 2152 ἀλλὰ

1037 2168 1172 2204 παρέλκον
1183 2168 1263 2195 τοῦτο
1279 2168 1421 2203 νενόμικα.
1431 2183 1439 2187 -

1072 2213 1172 2241 ΕΡΔΝ.
1191 2214 1392 2250 ’Υποσχόμενος
1401 2214 1509 2248 δείξειν,
1521 2216 1567 2242 τὸν
1576 2216 1677 2251 Κύριον
1687 2216 1737 2252 τὴν
1748 2217 1823 2244 ἐλλεί·

1038 2269 1142 2287 πουσαν
1158 2259 1332 2286 διδασκαλίαν
1355 2260 1535 2296 προστιθέντα
1553 2262 1610 2293 τοῖς
1620 2261 1772 2296 δεομένοις,
1786 2263 1826 2289 ὅτι

1040 2307 1090 2343 μέν
1115 2308 1171 2339 τοῖς
1186 2306 1341 2342 Φαρισαίοις
1362 2307 1409 2334 καὶ
1424 2308 1480 2339 τοῖς
1495 2307 1584 2340 ἄλλοις
1605 2308 1750 2340 Ἰουδαίοις,
1764 2309 1826 2342 περὶ

1038 2354 1087 2389 τῆς
1112 2353 1215 2385 οἰκείας
1235 2353 1358 2388 διελέχθη
1383 2353 1527 2389 θεότητος,
1548 2355 1672 2390 εῐρηκας·
1689 2355 1728 2382 ὅτι
1752 2355 1780 2382 δέ
1795 2363 1826 2388 γε

1038 2400 1086 2426 καὶ
1100 2399 1148 2435 τὴν
1166 2399 1231 2434 περὶ
1249 2399 1300 2435 τῆς
1320 2399 1422 2435 σαρκὸς
1435 2399 1612 2427 διδασκαλίαν
1629 2401 1826 2437 προσήνεγκεν,

1037 2445 1086 2472 οὐκ
1099 2445 1252 2478 ἀπέδειξας.

1070 2490 1146 2518 ΟΡΘ.
1162 2491 1288 2518 Μάλιστα
1300 2491 1349 2526 μὲν
1362 2491 1489 2530 περιττὸν
1500 2490 1534 2527 ἦν
1548 2493 1612 2528 περὶ
1623 2493 1673 2528 τῆς
1686 2494 1826 2530 δρωμένης

1034 2536 1210 2572 διαλεχθῆναι
1234 2536 1351 2572 σαρκός·
1389 2538 1515 2573 ἐναργῶς
1549 2539 1602 2574 γὰρ
1629 2539 1750 2574 ἑωρᾶτο,
1779 2541 1825 2566 καὶ

1034 2581 1161 2608 ἐσθίουσα
1177 2582 1224 2609 καὶ
1236 2582 1365 2614 πίνουσα,
1378 2583 1424 2609 καὶ
1435 2583 1568 2615 κοπιῶσα,
1583 2584 1629 2610 καὶ
1645 2585 1824 2612 καθεύδουσα.

1034 2627 1107 2662 Πλὴν
1126 2627 1212 2661 ὅμως,
1230 2627 1273 2653 ίνα
1286 2626 1320 2653 τὰ
1335 2627 1388 2661 πρὸ
1400 2626 1446 2654 τοῦ
1461 2627 1564 2660 πάθους
1580 2629 1673 2665 παρῶ,
1690 2630 1776 2656 πολλά
1794 2638 1824 2663 γε

1033 2673 1098 2699 ὅντα
1125 2672 1172 2698 καὶ
1197 2671 1325 2708 διάφορα,
1347 2672 1417 2708 μετὰ
1440 2673 1490 2709 τὴν
1515 2673 1663 2700 ἀνάστασιν
1680 2673 1824 2701 ἀπιστοῦσι

1035 2722 1090 2752 τοῖς
1105 2720 1276 2754 ἀποστόλοις,
1288 2721 1320 2748 οὐ
1336 2721 1386 2757 τὴν
1395 2721 1522 2757 θεότητα,
1538 2722 1607 2749 ἀλλὰ
1621 2723 1670 2759 τὴν
1682 2723 1823 2759 ἀνθρωπό-

1036 2773 1105 2800 τητα
1129 2764 1222 2796 ἔδειξε·
1249 2773 1258 2790 ι
1276 2765 1394 2792 Βλέπετε
1413 2765 1482 2801 γὰρ,
1497 2767 1578 2803 φησὶ,
1591 2767 1642 2799 τὰς
1663 2768 1756 2803 χεῖράς
1772 2777 1822 2804 μου

232 2861 252 2878 ¹³
270 2861 364 2889 Matth.
383 2870 438 2895 χχι,
454 2863 480 2890 9.
521 2864 541 2878 ¹¹
557 2863 623 2890 Luc.
644 2871 697 2896 xrx,
711 2863 753 2891 40.
792 2864 813 2879 ¹³
828 2863 850 2890 ll
868 2863 939 2890 Tim.
955 2871 984 2897 ιι,

1064 2863 1085 2879 ¹¹λ
1099 2863 1166 2891 ibid.
1181 2863 1208 2891 9.
