1953 3055
145 133 196 167 137

677 131 866 163 DIALOGUS
886 132 927 162 II.
947 145 982 151 --
1003 133 1251 165 INCONFUSUS.

1730 138 1779 169 138

142 189 192 216 καὶ
207 189 270 220 τοὺς
284 187 366 218 πόδας
382 194 443 222 μου,
458 185 498 212 ὅτι
514 184 593 217 αὐτὸς
607 185 663 220 ἐγώ
673 187 743 221 εἰμι·
755 186 934 222 ψηλαφήσατέ

1002 196 1042 216 IUS
1066 196 1141 215 meas
1161 193 1188 215 et
1214 187 1297 223 pedes
1310 194 1395 220 meos,
1411 189 1475 224 quia
1488 196 1537 224 ego
1554 196 1611 224 Ipse
1629 197 1700 218 sum.
1719 192 1780 220 Pal-

144 244 190 271 με,
207 236 254 262 καὶ
268 235 351 267 ἴδετε,
364 233 405 260 ὅτι
420 231 531 267 πνεῦμα
544 231 634 267 σάρκα
647 232 694 259 κα)⁵
706 232 788 259 ὀστέα
804 233 854 260 οὐκ
869 233 935 268 ἔχει,

143 281 237 314 καθὼς
254 280 303 315 ἐμὲ
318 279 445 315 Θεωρεῖτε
456 277 564 313 ἔχοντα.
582 286 591 303 ι
613 276 679 303 Ἰδού
696 285 738 304 σοι
752 277 937 314 πεπληρώκα-

144 335 196 361 μεν
211 325 260 361 τὴν
276 324 432 360 ὑπόσχεσινε
445 322 587 358 ἐδείξαμεν
603 323 659 358 γὰρ
673 324 730 356 τοῖς
745 324 794 359 μὲν
809 323 936 358 ἀγνοοῦσι

142 373 195 407 τὴν
210 371 336 406 θεύτητα,
351 370 400 405 τὴν
415 369 480 404 περὶ
496 368 600 404 ταύτης
620 369 848 404 προσενεχθεῖσαν
866 369 938 396 διδα-

143 417 269 444 σκαλίαν·
283 418 339 448 τοῖς
349 415 378 442 δὲ
389 415 533 442 ἀπιστοῦσι
545 416 577 450 τῇ
592 415 641 450 τῆς
657 415 758 450 σαρκὸς
775 415 936 448 ἀναστάσει,

141 463 246 498 ταύτην
261 461 472 497 ὲπιδειχθεῖσαν·
486 460 590 488 παῦσαι
602 460 691 487 τοίνυν
707 461 878 495 φιλονεικῶν,
891 461 938 487 καὶ

141 510 193 540 τὰς
209 509 256 535 δύο
271 508 318 534 τοῦ
330 508 458 544 Σωτῆρος
471 506 640 542 ὀμολόγησαι
656 507 762 541 φύσεις.

179 554 282 581 EPAN.
302 554 355 580 Δύο
369 553 424 589 πρὸ
446 554 495 588 τῆς
510 552 633 584 ὲνώσεως
654 550 742 588 ἦσαν’
760 552 936 580 συνελθοῦσαι

140 601 170 628 δὲ
187 601 252 636 μίαν
267 600 434 627 ἀπετέλεσαν
450 599 542 633 φύσιν.
899 602 903 606 '

177 645 253 672 ΟΡΘ.
272 645 339 671 Πότε
353 644 382 671 δὲ
397 645 450 679 φὴς
464 644 629 679 γεγενῆσθαι
644 644 693 679 τὴν
710 643 806 670 ἕνωσιν
822 653 828 675 ;

179 690 284 717 EPAN.
301 689 390 721 Εὐθὺς
401 688 456 724 ἐγὼ
471 689 543 723 λέγω
559 689 636 724 παρὰ
650 689 700 724 τὴν
718 689 860 724 σύλληψιν.

177 735 255 763 ΟΡΘ.
271 735 323 762 Τὸν
337 735 366 762 δὲ
380 735 446 762 Θεὸν
461 735 547 768 Λόγον
556 734 588 761 οὐ
603 734 791 770 προϋπάρχειν
806 734 856 769 τῆς
875 735 937 761 συλ-

138 782 250 817 λήψεως
264 781 353 816 λέγεις
362 789 370 814 ;

178 827 280 854 EPAN.
296 826 353 863 Πρὸ
361 826 415 853 τῶν
430 826 535 854 αἱώνων
549 824 618 853 εἷναί
630 835 713 863 φημι.

178 874 256 900 οΡΘ.
277 873 334 910 Τὴν
352 873 381 900 δὲ
395 873 484 908 σάρκα
499 873 683 908 συνυπάρχειν
701 874 794 909 αύτῷς

177 920 281 946 ΕΡΔΝ.
300 919 338 946 οὐ
353 919 432 954 δῆτα.

179 966 256 993 ΟΡΘ.
279 965 348 992 ’Δλλ“
364 967 396 992 ἐκ
411 965 570 1001 ῐῐνεύματος
580 965 661 999 ἁγίου
676 965 745 1000 μετὰ
761 965 810 1001 τὴν
829 964 876 991 τοῦ
890 965 938 999 ἁγ-

140 1012 224 1046 γέλου
241 1011 441 1047 δια-πλασθῆναι
457 1012 611 1048 πρόρρησιν
624 1020 631 1045 ;

180 1058 284 1084 EPAN.
301 1057 395 1089 Οὕτως
410 1057 492 1092 φημί.

179 1104 256 1131 οΡΘ.
279 1103 384 1130 Οὐκοῦν
400 1104 431 1130 οὐ
445 1103 493 1130 δύο
508 1102 580 1140 ἦσαν
602 1103 654 1140 πρὸ
677 1103 728 1138 τῆς
747 1103 870 1136 ἐνώσεως
887 1104 938 1139 φύ-

142 1159 212 1182 σεις,
228 1149 297 1176 ἀλλὰ
313 1149 363 1185 μία
379 1149 458 1185 μόνη.
476 1149 508 1176 Εἰ
519 1149 574 1185 γὰρ
591 1149 766 1185 προῦπάρχει
783 1150 832 1185 μὲν
844 1151 861 1186 ἡ
879 1151 939 1178 θεό-

141 1205 206 1231 της,
220 1197 237 1231 ἡ
251 1195 279 1223 δέ
291 1204 323 1230 γε
342 1195 521 1231 ἀνθρωπότης
534 1196 564 1222 οὐ
587 1196 758 1232 συνυπάρχει
769 1205 775 1212 ·
790 1196 937 1232 διεπλάσθη

142 1241 199 1277 γὰρ
215 1241 285 1276 μετὰ
300 1241 346 1268 τὸν
363 1241 510 1276 ἀγγελικὸν
535 1241 691 1276 ἀσπασμὸν,
712 1241 847 1277 συνῆπται
865 1242 894 1269 δὲ
905 1244 937 1278 τῇ

142 1285 288 1314 διαπλάττει
301 1288 318 1323 ἡ
333 1288 431 1320 ἓνωσις
441 1296 447 1303 ·
464 1288 513 1322 μία
525 1287 579 1322 ἄρα
590 1287 672 1322 φύσις
683 1288 737 1323 πρὸ
750 1288 801 1323 τῆς
815 1288 939 1321 ἑνώσεως

141 1331 190 1369 ἦν,
201 1334 218 1368 ἡ
232 1333 277 1360 ἀεὶ
291 1331 367 1364 οὖσα,
383 1334 431 1360 καὶ
443 1332 497 1368 πρὸ
509 1333 562 1359 τῶν
578 1332 685 1360 αἰώνων
698 1331 775 1361 οὖσα.
793 1333 873 1361 Ἀλλὰ
884 1335 939 1370 γὰρ

143 1379 193 1406 καὶ
210 1377 286 1412 αὖθις
313 1379 378 1406 αὐτὸ
393 1379 472 1406 τοῦτο
492 1380 686 1415 σκοπήσωμεν.
710 1380 766 1415 Τὴν
788 1381 938 1416 σάρκωσιν,

143 1426 230 1460 ἧγουν
256 1425 473 1460 ἑνανθρώτσησιν,
503 1425 566 1452 ἄλλο
592 1434 618 1452 τι
637 1426 760 1461 νομίζεις
785 1427 862 1462 παρὰ
889 1427 938 1462 τὴν

143 1472 244 1499 ἕνωσιν
255 1481 262 1504 ;

179 1519 283 1546 EPAN.
297 1519 375 1554 Οὐχί.

180 1564 259 1591 οΡΘ.
275 1564 370 1599 Σάρκα
383 1564 439 1600 γὰρ
452 1564 615 1601 προσλαϐὼν
631 1565 788 1601 ἑσαρκώθη.

179 1608 283 1636 ΕΡΑΝ.
295 1608 433 1637 Φαίνεται.

180 1655 257 1681 ΟΡΘ.
276 1655 415 1690 Συνῆπται
427 1655 456 1682 δὲ
474 1657 507 1692 τῇ
520 1656 674 1691 προσλήψει
691 1657 708 1692 ἠ
719 1656 833 1689 ἓνωσις;

181 1701 285 1729 ΕΡΑΝ.
300 1701 379 1728 Οὕτω
395 1702 477 1736 λέγω.

180 1748 258 1775 οΡΘ.
276 1748 335 1775 Μία
350 1746 396 1776 οὖν
418 1748 500 1784 φύσις
513 1748 566 1785 πρὸ
576 1749 625 1784 τῆς
645 1748 877 1785 ἑνανθρωτιὴσεως
892 1747 936 1785 ἦν.

144 1795 180 1822 Et
198 1795 254 1830 γὰρ
274 1794 372 1821 ταύτὸν
393 1793 492 1826 ἓνωσίς
507 1802 538 1821 τε
550 1795 598 1821 καὶ
622 1795 839 1831 ἐνανθρώπησις,
859 1796 937 1830 ἐνην-

144 1841 278 1878 θρώπησε
293 1841 323 1868 δὲ
344 1841 393 1876 τὴν
408 1840 583 1876 ἀνθρωπείαν
599 1842 680 1876 φύσιν
695 1841 796 1874 λαϐὼν,
812 1841 891 1869 ἔλαϐε
910 1842 939 1869 δὲ

145 1889 164 1924 ἡ
184 1887 233 1915 τοῦ
251 1886 320 1914 Θεοῦ
339 1887 431 1923 μορφὴ
447 1887 497 1923 τὴν
514 1886 561 1914 τοῦ
578 1887 671 1914 δούλου
688 1887 807 1923 μορφὴν,
823 1887 872 1922 μία
885 1888 939 1924 ἄρα

145 1934 230 1970 φύσις
243 1933 260 1969 ἡ
274 1933 334 1960 θεία
346 1933 401 1969 πρὸ
415 1933 465 1968 τῆς
481 1932 604 1965 ἑνώσεως
614 1931 660 1968 ἦν.

183 1980 288 2007 ΕΡΔΝ.
307 1979 365 2007 Καὶ
380 1979 439 2011 πῶς
455 1979 555 2007 ταὺτὺν
569 1979 666 2010 ἓνωσίς
685 1987 715 2005 τε
736 1979 783 2006 καὶ
803 1980 940 2015 ὲνανθρώ-

145 2035 250 2062 πησις;

182 2072 261 2100 ΟΡΘ.
278 2071 511 2108 Συνωμολόγησας
523 2071 626 2106 ἀρτίως
646 2071 684 2107 μὴ
699 2070 841 2106 διαφέρειν
857 2072 938 2099 ταυτὶ

144 2118 182 2145 τὰ
194 2118 325 2153 ὀνόματα.

183 2164 285 2191 ΕΡΑΝ.
305 2165 369 2196 Τοῖς
385 2165 440 2197 σοις
456 2173 488 2200 με
502 2163 685 2200 παρεκρούσω
699 2163 900 2199 συλλογισμοῖς.

987 237 1049 268 pate
1069 241 1122 266 me,
1147 239 1174 261 et
1197 234 1300 267 videte,
1328 234 1393 268 quia
1414 235 1528 269 spiritus
1548 243 1659 262 carnem
1674 241 1702 264 et
1717 244 1779 265 ossa

986 286 1041 306 non
1059 279 1152 311 habet,
1167 279 1239 306 sicut
1253 287 1295 307 me
1310 280 1411 308 videtis
1429 280 1532 308 habere
1549 282 1580 308 ι’.
1600 291 1608 307 ι
1634 282 1705 309 Ecce
1729 283 1781 310 im-

987 324 1123 358 plevimus
1137 325 1210 360 quod
1229 326 1343 360 polliciti
1357 334 1463 354 sumus.
1475 327 1653 355 Ostendimus
1670 329 1704 356 iis
1719 329 1781 364 qui-

987 369 1049 396 dem
1073 371 1120 405 qui
1149 371 1321 398 divinitatem
1347 372 1520 406 ignorabant,
1549 374 1678 400 traditam
1697 374 1731 401 de
1748 382 1780 401 ea

987 415 1140 443 doctrinam
1155 425 1162 449 ;
1176 417 1211 444 iis
1225 425 1291 444 vero
1306 417 1353 452 qui
1366 418 1457 444 carnis
1475 419 1708 446 resurrectionem
1725 428 1779 446 non

987 461 1147 493 credebant.
1176 462 1246 489 lianc
1270 463 1432 498 expositam.
1455 463 1538 491 Cessa
1563 464 1647 499 igitur
1664 469 1779 492 conten-

987 507 1063 539 dere,
1081 512 1108 534 et
1120 508 1187 534 duas
1204 508 1357 536 Servatoris
1370 513 1481 536 naturas
1494 509 1635 537 conﬁtere.

1023 552 1126 580 ERA‘N.
1145 553 1210 580 Ilua:
1229 558 1308 580 erant
1322 557 1385 582 ante
1410 554 1549 588 unionem,
1566 556 1699 590 copulauc
1713 563 1780 582 vero

989 605 1070 624 unam
1090 598 1242 625 etfecerunt
1254 603 1391 626 naturam.

1023 642 1127 670 ORTII.
1141 643 1256 676 Quando
1269 648 1361 671 autem
1372 644 1440 672 dicis
1450 644 1549 671 factam
1559 652 1620 671 esse
1630 644 1760 672 unionem
1768 646 1781 672 *ἒ

1024 688 1128 715 ERAN.
1145 688 1243 716 Statim
1262 689 1289 716 in
1301 689 1358 724 ipsa
1372 689 1434 716 dico
1447 689 1640 723 conceptione.

1023 733 1128 761 ORTH.
1146 735 1232 762 Deum
1249 739 1341 762 autem
1360 735 1482 763 Verbum
1502 735 1608 763 dicisne
1632 739 1695 762 ante
1710 742 1779 762 con—

988 780 1143 815 ceptionem
1161 788 1214 808 non
1226 780 1311 808 fuisse
1323 781 1334 808 ?

1024 826 1128 853 ERAN.
1143 826 1212 854 Ante
1225 827 1324 854 secula
1337 835 1398 855 esse
1410 827 1482 855 dico.

954 862 974 889 Β
1024 871 1129 899 ORTli.
1144 871 1260 900 Carnem
1273 881 1339 900 vero
1351 881 1460 908 semper
1472 881 1534 901 cum
1547 874 1594 902 illo
1608 883 1660 904 una
1674 877 1758 906 fuisse
1769 878 1782 904 ἲ

1024 917 1128 945 ΕΒΑΝ.
1146 918 1335 953 Nequaquam.

1025 962 1130 990 ORTII.
1146 963 1200 991 Sed
1219 971 1234 990 a
1257 963 1362 999 Spiritu
1378 969 1473 992 sancto
1490 969 1552 1000 post
1572 967 1662 1002 angeli
1679 968 1782 995 saluta-

990 1007 1093 1035 tionem
1112 1007 1254 1036 formatam
1273 1009 1359 1037 esse?

1025 1052 1129 1079 ERAN.
1146 1052 1192 1080 Sic
1205 1053 1305 1080 sentio.

1024 1097 1129 1126 ORTH.
1147 1099 1207 1126 Non
1222 1107 1287 1135 ergo
1303 1099 1364 1128 dua;
1380 1105 1486 1128 natura:
1500 1101 1615 1130 fuerunt
1626 1107 1689 1131 ante
1699 1105 1782 1132 unio-

986 1153 1063 1177 nem,
1078 1145 1125 1172 sed
1141 1149 1247 1173 tantum
1264 1154 1328 1174 una.
1353 1146 1381 1175 Si
1397 1147 1470 1174 enim
1485 1148 1562 1183 prius
1575 1148 1628 1177 fuit
1639 1149 1782 1183 divinitas.

989 1188 1146 1216 humanitas
1169 1194 1260 1217 autem
1275 1199 1331 1218 non
1342 1191 1424 1218 simul
1440 1191 1492 1220 fuit
1506 1193 1633 1227 (formata
1646 1195 1721 1222 enim
1740 1201 1783 1224 est

989 1238 1052 1269 post
1065 1235 1257 1264 salutationem
1271 1237 1433 1272 angelicam,
1445 1238 1565 1267 cohreret
1578 1243 1670 1268 autem
1678 1241 1782 1269 forma-

990 1279 1059 1306 tioni
1077 1279 1166 1314 unio),
1182 1288 1235 1307 una
1253 1281 1337 1316 igitur
1350 1286 1449 1309 natura
1472 1286 1536 1310 ante
1559 1284 1690 1312 unionem
1717 1286 1781 1319 fuit,

989 1332 1051 1360 qua;
1063 1334 1172 1361 semper
1184 1330 1237 1359 est,
1250 1331 1278 1354 et
1296 1332 1361 1354 ante
1375 1328 1474 1355 saecula
1495 1329 1612 1356 exsistit.
1633 1331 1781 1359 Verumta-

990 1379 1052 1399 men
1070 1372 1149 1407 100
1160 1372 1213 1400 hoc
1228 1372 1317 1408 ipsum
1333 1373 1425 1400 denuo
1439 1373 1648 1402 consideremus
1668 1384 1674 1402 :
1691 1377 1782 1404 incar-

989 1417 1146 1450 nationem,
1176 1425 1226 1444 seu
1256 1422 1363 1445 naturae
1392 1417 1520 1445 humanae
1557 1420 1779 1454 susceptionem,

989 1463 1100 1492 aliudne
1113 1468 1195 1499 putas
1210 1471 1270 1492 esse
1283 1471 1365 1499 quam
1386 1463 1539 1492 unionem?

1024 1509 1129 1537 ERAN.
1145 1509 1216 1536 Non.

1025 1554 1142 1582 'ORTH.
1155 1553 1275 1581 Carnem
1286 1553 1361 1581 enim
1369 1555 1541 1583 assumendo
1555 1555 1714 1586 incarnatus
1724 1563 1779 1587 est.

1023 1601 1127 1629 ERAN.
1141 1601 1266 1628 Videtur.

1022 1647 1127 1675 ORTll.
1142 1646 1305 1674 Cohaeretne
1321 1649 1414 1674 autem
1424 1646 1608 1682 assumptioni
1619 1649 1685 1676 unio
1697 1650 1709 1675 γ

1024 1694 1128 1721 ERAN.
1140 1693 1180 1721 lta
1193 1693 1266 1720 dico.

1023 1739 1130 1767 ORTH.
1148 1739 1208 1767 Una
1225 1746 1291 1774 ergo
1303 1743 1401 1766 natura
1413 1743 1477 1766 ante
1487 1739 1705 1768 incarnationem
1717 1741 1780 1770 fuit.

988 1786 1057 1813 Nam
1080 1785 1104 1813 si
1129 1793 1214 1812 unum
1234 1789 1299 1812 sunt
1316 1785 1471 1812 incarnatio
1485 1789 1513 1812 et
1527 1785 1604 1818 unio,
1624 1786 1781 1815 incamatus

988 1836 1080 1859 autem
1095 1835 1137 1859 est
1153 1834 1280 1858 naturam
1292 1830 1441 1857 humanam
1452 1838 1605 1864 assumens,
1616 1834 1780 1868 assumpsit-

988 1886 1043 1913 que
1058 1877 1106 1905 Dei
1121 1876 1210 1904 forma
1228 1876 1301 1904 servi
1319 1875 1446 1908 fortnam,
1460 1883 1513 1903 una
1525 1876 1610 1911 igitur
1621 1876 1715 1906 divina
1730 1887 1780 1906 na-

989 1928 1052 1951 tura
1065 1927 1128 1950 ante
1145 1922 1278 1950 unionem
1294 1921 1357 1949 fuit.

1024 1968 1128 1996 ERAN.
1153 1967 1188 1995 Et
1207 1967 1347 2002 quomodo
1364 1966 1436 1994 idem
1457 1970 1522 1994 sunt
1533 1966 1600 1994 unio
1613 1972 1640 1995 et
1653 1967 1781 1997 incarna-

989 2013 1028 2041 tio
1038 2014 1050 2040 Ἰ

1024 2059 1130 2087 ORTll.
1140 2058 1226 2086 Paulo
1242 2062 1306 2085 ante
1319 2057 1461 2085 confessns
1474 2065 1514 2091 es,
1527 2057 1585 2086 haec
1599 2059 1710 2086 nomina
1724 2067 1780 2087 non

990 2105 1111 2134 differre.

1025 2152 1129 2180 ERAN.
1149 2152 1189 2178 Tu
1201 2159 1245 2178 me
1263 2150 1318 2178 tuis
1332 2149 1590 2178 ratiocinationibus
1600 2150 1744 2186 decepisti.

182 2209 259 2236 ΟΡΘ.
275 2209 327 2236 Τὸν
342 2208 423 2236 αὑτὸν
439 2196 496 2242 ούν,
513 2196 640 2240 είπδοιέετ,
655 2209 737 2236 πάλιν
752 2196 935 2246 ἀναλάϐωμεν

1025 2198 1131 2227 ORTII.
1148 2197 1283 2225 Eumdem
1294 2196 1388 2232 igitur,
1401 2196 1423 2224 si
1434 2196 1534 2232 placet,
1551 2202 1709 2232 repetamus
1722 2206 1779 2226 scr-

146 2255 238 2290 λόγον.

182 2300 284 2328 EPAN.
299 2300 387 2327 Τοῦτο
401 2301 539 2336 ποιητέον.

181 2346 259 2374 ΟΡΘ.
284 2347 319 2373 Ἦ
336 2347 472 2382 σάρκωσις
484 2346 554 2381 πρὸς
564 2346 613 2382 τὴν
625 2346 721 2374 ἕνωσιν
735 2346 791 2383 εχει
805 2347 938 2384 διαφορὰν

145 2392 219 2419 κατὰ
234 2391 283 2428 τὴν
299 2392 356 2427 (57)
370 2391 417 2418 τοῦ
432 2392 596 2428 πράγματος
615 2392 698 2426 φύσιν
713 2401 721 2425 ;

182 2438 285 2464 ΕΡΔΝ.
307 2437 441 2472 Πλείστην
454 2438 502 2473 μὲν
515 2436 574 2466 οὖν.

181 2484 259 2511 οΡΘ.
271 2483 381 2516 Δίδαξον
397 2484 432 2511 τὰ
449 2484 507 2520 εἴδη
527 2484 628 2520 ταύτης
643 2484 778 2520 ἀφθόνως.

182 2529 287 2556 EPAN.
307 2530 362 2556 Kal.
375 2529 457 2561 αὐτὸς
479 2529 533 2556 τῶν
550 2530 692 2565 ὀνομάτων
708 2532 723 2558 ὁ
735 2531 797 2563 νοῦς
819 2531 895 2567 δηλοί
908 2531 939 2558 τὸ

143 2576 288 2611 διάφορον.
315 2575 346 2602 Ἦ
365 2576 414 2611 μὲν
432 2575 487 2612 γὰρ
512 2576 650 2612 σάρκωσις
673 2577 723 2612 τῆς
745 2579 848 2614 σαρκὸς
864 2578 940 2613 δηλοῖ

143 2622 196 2656 τὴν
217 2620 352 2656 ἀνάληψιν
364 2629 372 2636 ·
389 2622 406 2656 ἡ
417 2621 448 2648 δέ
462 2630 495 2656 γε
512 2622 626 2656 ἒνωσις,
641 2622 691 2658 τὴν
706 2623 760 2650 τῶν
782 2623 938 2651 διεστώτων

145 2667 307 2701 συνάφειαν.

172 2767 197 2783 ⁸⁵
212 2767 281 2795 Luc.
295 2775 370 2800 xxtv,
385 2767 433 2796 59.

183 2845 242 2881 (ὗῖ)
256 2845 321 2882 Τήν.
335 2845 384 2872 Ed.
397 2845 476 2872 Rom.
490 2847 518 2871 et
528 2843 602 2878 Lips.
620 2851 714 2878 pratm.
729 2842 840 2878 ταύτην.

311 2893 446 2921 ΡΑτκοι.
468 2893 524 2922 Gn.
550 2889 707 2921 LXXXIII.

991 2252 1072 2272 mone
1075 2252 1100 2271 m
1104 2264 1111 2272 .

1026 2290 1130 2318 ERAN.
1144 2289 1190 2317 Sic
1208 2287 1373 2316 faciendum.

1028 2335 1135 2364 ORTH.
1152 2334 1286 2362 Differtne
1300 2333 1452 2361 incamatio
1463 2333 1498 2361 ab
1510 2334 1612 2362 unione
1628 2333 1781 2362 secundum

992 2384 1032 2412 rei
1048 2387 1174 2410 naturam
1186 2381 1198 2407 ?

1025 2437 1128 2465 ERAN.
1146 2436 1298 2464 Plurimum
1314 2434 1416 2462 diﬁert.

1025 2474 1130 2512 ORTH.
1144 2483 1257 2519 Explica
1268 2482 1356 2510 t‘usius
1376 2482 1447 2509 hanc
1462 2481 1656 2509 ditl‘erentiam.

1026 2530 1130 2558 ERAN.
1156 2530 1216 2565 Ipsa
1247 2529 1390 2556 nominum
1423 2527 1602 2563 intelligentia
1629 2526 1780 2557 discrimen

992 2576 1122 2606 ostendit.
1146 2574 1302 2604 Incarnatio
1325 2574 1399 2601 enim
1409 2574 1501 2600 carnis
1516 2573 1730 2609 assumptioncm
1742 2574 1780 2601 sl-

991 2623 1116 2659 gniﬁcat;
1134 2623 1200 2650 unio
1222 2629 1300 2654 vero,
1318 2627 1411 2648 rerum
1436 2619 1636 2655 disjunctarum
1659 2622 1779 2656 conjun-

990 2670 1120 2697 ctionem.
