1953 3055
197 112 247 144 139

694 110 938 140 THEODOllETl
959 109 1129 149 EPISCOPI
1148 111 1331 142 CYRENSIS

1783 114 1839 149 140

229 167 333 197 ORTH.
352 165 544 203 Antiquiorem
562 173 629 194 vero
648 167 751 195 unione
765 167 976 194 incarnationen‘

1073 167 1148 192 υΡΘ.
1166 167 1359 203 Πρεσϐυτέραν
1373 167 1399 194 δὲ
1415 167 1463 203 τὴν
1482 168 1620 203 σάρκωσιν
1635 170 1684 205 τῆς
1705 171 1838 204 ὲνώσεως

194 214 285 242 dicis?

230 260 331 287 ERAN.
350 259 471 287 Minime.

231 307 307 341 101
333 305 438 333 ORTH.
464 304 518 332 Sed
541 304 569 332 in
597 305 777 340 conceptione
803 305 901 332 factam
927 312 986 331 esse

194 353 324 379 unionem
338 352 349 378 ?

229 398 332 425 ERAN.
351 397 396 424 Sic
407 396 545 424 existimo.

228 443 333 470 ORTH.
347 443 375 470 Si
389 451 457 478 ergo
468 451 503 470 ne
516 447 648 478 punctum
664 443 775 478 quidem
795 443 925 477 temporis
944 443 986 469 in-

194 490 339 524 terjcctum
362 489 414 516 fuit
440 489 513 516 inter
532 489 747 523 assumptionem
760 490 851 516 carnis
864 493 891 516 et
905 489 986 515 unio—

194 542 268 566 nem,
281 538 310 562 et
324 539 463 569 assumpta
478 539 575 561 natura
588 543 642 562 non
657 535 709 562 fuit
730 540 792 562 ante
818 535 986 569 assumptio-

193 589 257 607 nem
282 586 310 607 et
336 581 467 607 unionem
487 581 623 616 (eamdem
649 582 723 608 enim
746 588 803 607 rem
830 581 986 615 significant

194 626 346 654 incarnatio
361 630 388 653 et
402 626 490 662 unio),
504 634 558 653 una
571 627 654 662 igitur
666 631 764 653 natura
775 632 838 654 ante
856 627 985 653 unionem

193 680 242 700 seu
267 673 484 699 incarnationem
508 672 570 704 fuit,
599 676 660 707 post
686 672 815 699 unionem
837 680 903 699 vero
918 672 986 699 duas

192 718 284 746 dicere
296 719 436 751 convenit,
449 723 635 747 assumentem
653 723 680 746 et
697 723 876 753 assumptum.

227 809 330 836 ERAN.
357 809 397 836 Ex
419 808 527 836 duabus
546 809 653 836 naturis
668 808 731 835 (lico
746 807 899 839 Christum,
917 807 985 835 duas

191 862 258 882 vero
269 858 385 881 naturas
396 862 450 880 non
467 854 540 881 dico.

225 899 330 927 ORTH.
340 899 451 926 Dcclara
463 900 553 931 nobis,
563 901 702 934 quomodo
710 910 742 929 ex
760 902 867 929 duabus
881 903 986 929 naturis

190 946 277 978 dicas,
289 954 323 972 an
342 951 372 972 ut
383 950 527 980 argentum
543 954 610 973 auro
622 946 733 980 illitum,
749 952 779 974 nt
801 949 894 975 electri
911 957 986 975 com-

190 991 368 1026 positionem,
390 994 419 1017 ut
433 990 533 1017 cellam
556 999 589 1018 ex
616 992 728 1026 plumbo
752 996 779 1020 et
798 997 896 1020 stanno
917 1001 985 1020 con-

190 1036 282 1063 ﬂatam
293 1037 304 1062 ‘I

225 1082 330 1110 ERAN.
342 1082 416 1109 Nulli
434 1082 531 1109 horum
545 1082 661 1110 similem
675 1091 735 1112 esse
746 1085 808 1112 dico
821 1085 890 1112 hanc
902 1086 983 1113 unio—

190 1135 263 1155 nem.
288 1127 379 1155 Verbo
403 1128 476 1155 enim
490 1128 621 1163 explicari
635 1137 690 1156 non
709 1134 808 1164 potest,
827 1136 854 1158 et
873 1139 982 1159 omnem

189 1177 302 1209 superat
318 1174 537 1209 intelligentiam.

224 1218 330 1246 ORTH.
350 1218 447 1245 Fateor
464 1223 493 1245 et
519 1226 570 1253 ego
585 1219 781 1253 comprehendi
800 1221 806 1230 ‘
824 1229 879 1248 non
902 1229 982 1256 posse

190 1263 302 1290 unionis
316 1263 438 1290 modum.
453 1263 531 1296 Quod
550 1267 642 1291 autem
659 1269 774 1300 utraque
789 1271 886 1293 natura
898 1267 980 1294 etiam

189 1314 252 1345 post
266 1309 396 1337 unionem
414 1309 520 1344 integra
534 1311 676 1343 manserit,
690 1318 723 1337 ex
735 1311 826 1338 divina
838 1312 980 1347 Scriptura

178 1367 179 1370 π
189 1354 284 1382 didici.

223 1400 327 1427 ERAN.
345 1399 462 1427 Ubinam
479 1399 532 1426 hoc
547 1399 641 1426 docuit
660 1400 752 1428 divina
774 1402 935 1437 Scriptura?

223 1444 328 1473 ORTll.
349 1444 416 1472 Tota
430 1444 621 1473 hacdnctriua
640 1446 719 1481 plena
731 1451 782 1474 est.

222 1531 326 1558 ERAN.
340 1530 414 1558 Aﬂ'er
427 1538 523 1558 eorum
535 1539 595 1566 qua:
610 1533 680 1561 dicis
693 1535 881 1568 probationes.

222 1574 328 1603 ORTH.
349 1575 453 1610 Nempe
472 1581 501 1603 tu
520 1581 626 1605 natura;
641 1579 785 1615 utriusque
797 1583 908 1616 propria
924 1592 979 1612 non

185 1620 302 1649 fateris?

222 1666 326 1693 EltAN.
341 1666 405 1693 Post
418 1667 548 1694 unionem
561 1667 784 1705 haudquaquam.

221 1711 327 1739 ORTH.
347 1712 404 1739 Hoc
419 1712 504 1748 igitur
519 1713 609 1748 ipsum
621 1721 654 1742 ex
669 1723 746 1744 sacra
769 1718 912 1754 Scriptura
935 1721 979 1748 di-

185 1765 305 1785 scamus.

223 1803 301 1838 102
315 1803 419 1830 ERAN.
430 1804 486 1839 Ego
497 1805 597 1832 divina:
611 1807 695 1835 credo
711 1807 870 1844 Scriptum.

220 1848 325 1876 ORTH.
349 1849 418 1877 Cum
447 1850 531 1886 igitur
553 1851 677 1880 divinum
705 1854 836 1884 Joannem
856 1859 978 1888 audieris

185 1895 349 1923 clamantem
366 1905 373 1924 :
406 1907 413 1922 ι
430 1897 459 1924 In
476 1898 614 1933 principio
627 1905 686 1928 erat
698 1902 831 1937 Verbum,
859 1909 887 1932 et
911 1906 978 1934 Ver-

185 1941 251 1968 bum
267 1946 327 1969 erat
345 1943 417 1976 apud
435 1943 532 1976 Deum,
548 1949 576 1971 et
597 1945 670 1973 Deus
685 1953 744 1975 erat
766 1949 886 1978 Verbum
906 1953 947 1985 ";
963 1963 973 1979 ι

183 1991 213 2014 et
233 1995 240 2014 :
265 1997 274 2014 ι
290 1987 388 2016 Omnia
410 1997 459 2024 pcr
482 1990 572 2024 ipsum
597 1992 667 2020 facta
687 1999 752 2021 sunt
782 1996 815 2029 ¹⁷,
833 2006 842 2023 ι
869 2004 898 2025 et
921 1999 974 2027 alia

181 2033 353 2069 hujusmodi,
371 2042 519 2063 carnemne
535 2037 605 2065 dicis
619 2038 647 2065 in
659 2039 795 2076 principio
805 2043 876 2078 apud
889 2044 975 2074 Deum

183 2078 279 2112 fuisse,
289 2084 318 2106 et
343 2085 441 2108 natura
455 2081 541 2109 Deum
557 2091 628 2118 esse,
643 2090 671 2113 et
692 2088 785 2114 omnia
810 2089 917 2123 fecisse,
939 2100 973 2120 an

182 2123 269 2152 Deum
291 2125 411 2154 Verbum
428 2131 491 2154 ante
506 2128 604 2156 saecula
619 2138 652 2157 ex
665 2131 745 2159 Patre
761 2134 883 2168 genitum
896 2136 907 2162 ?

218 2213 321 2240 ERAN.
339 2214 402 2242 Haac
417 2215 528 2249 quidem
550 2216 607 2244 Deo
618 2218 710 2246 Verbo
726 2227 877 2256 congruere
889 2224 952 2252 dico
965 2237 971 2253 :

182 2260 272 2294 ipsum
289 2264 379 2287 autem
393 2260 427 2287 ab
438 2262 514 2288 unita
533 2269 616 2290 carne
632 2271 688 2291 non
704 2273 812 2301 separo.

216 2304 321 2333 ORTH.
333 2306 390 2333 Nec
401 2314 512 2334 carnem
522 2316 538 2335 a
552 2309 608 2336 Deo
624 2310 715 2338 Verbo
732 2320 901 2348 separamus,
919 2324 971 2344 nec

182 2350 371 2378 confusionem
382 2351 497 2379 facimus
507 2353 647 2381 unionem.

216 2396 320 2423 ERAN.
338 2397 396 2432 Ego
410 2406 491 2425 unam
507 2399 571 2426 novi
591 2405 716 2428 naturam
744 2408 806 2437 post
827 2405 966 2434 unionem.

217 2441 321 2469 ORTll.
330 2442 510 2478 Evangelista:
519 2444 630 2478 quando
636 2445 781 2482 Evangelia
787 2450 970 2485 scripserunt?

181 2491 244 2514 ante
263 2487 404 2520 unionem,
417 2496 451 2515 an
464 2488 544 2523 longo
557 2492 679 2524 tempore
690 2497 752 2526 post
767 2494 895 2523 unionem
907 2497 918 2524 ?

214 2575 320 2603 ERAN.
339 2576 512 2604 Manifestum
534 2583 578 2606 est
592 2579 664 2613 quod
688 2586 750 2615 post
778 2584 918 2619 unionem,
943 2593 971 2616 et

180 2627 242 2658 post
256 2623 438 2656 nativitatem,
457 2628 485 2651 et
500 2624 640 2657 miracula,
659 2632 687 2654 et
701 2629 868 2664 passionem,
886 2638 914 2661 et
925 2642 969 2664 re-

180 2669 390 2702 surrectionem,
399 2674 427 2697 et
435 2670 622 2699 ascensionem
635 2673 662 2699 in
676 2675 770 2709 caelos,
779 2681 806 2704 et
819 2678 966 2709 adventura

181 2715 297 2749 Spiritus
317 2716 415 2743 sancti.

211 2809 232 2824 ⁸⁵
249 2808 327 2836 Joan.
346 2809 401 2842 1,1.
442 2809 462 2824 ¹⁷
478 2809 548 2836 Ibid.
565 2811 592 2837 '5.

472 2870 487 2886 ν.
498 2875 500 2877 .

1039 212 1144 246 λέγεις;

1073 258 1175 286 EPAN.
1193 259 1230 285 υὺ
1245 259 1324 294 δῆτα.
1388 286 1390 288 .

1073 302 1149 331 0P6.
1188 303 1257 329 Ἀλλ’
1291 304 1320 329 ὲν
1345 305 1377 339 τῇ
1410 303 1538 339 συλλήψει
1577 305 1743 340 γεγενῆσθαι
1782 307 1838 342 τὴν

1037 349 1135 376 ἕνωσιν
1145 356 1153 382 ;

1072 396 1174 423 EPAN.
1197 396 1276 423 Οὕτω
1295 405 1331 430 φη
1338 396 1377 431 μί.

1072 442 1146 468 ΟΡΘ.
1164 441 1270 468 Οὐκοῦν
1282 443 1306 467 εί
1326 442 1393 476 μηδὲ
1407 441 1438 468 τὸ
1452 443 1598 478 ἀκαριαῖον
1613 443 1659 469 τοῦ
1674 444 1770 479 χρόνου
1783 442 1840 477 τῆς

1036 487 1145 523 λήψεως
1179 488 1229 523 τῆς
1256 488 1356 523 σαρκὸς
1381 488 1429 515 καὶ
1454 488 1504 523 τῆς
1524 489 1647 522 ὲνώσεως
1685 491 1837 526 γεγένηται

1038 535 1128 570 μέσον,
1144 536 1160 569 ὴ
1179 535 1206 561 δὲ
1230 534 1363 569 ληφθεῖσα
1379 534 1459 569 φύσις
1479 536 1509 561 οὐ
1534 536 1696 572 προῡτέῆρχε
1718 537 1768 572 τῆς
1780 537 1835 573 λή-

1035 574 1108 614 ψεως
1131 580 1177 606 καὶ
1198 579 1321 610 ἐνώσεως
1332 588 1339 595 ·
1354 580 1437 606 ταὺτὸ
1454 579 1504 615 μὲν
1519 582 1637 617 πρᾶγμα
1663 582 1834 617 σημαίνουσι

1037 626 1175 661 σὰρκωσίς
1190 633 1220 651 τε
1238 625 1284 651 καὶ
1299 625 1412 656 ἓνωσις·
1432 625 1482 660 μία
1498 626 1526 652 δὲ
1544 626 1598 661 ἄρα
1615 627 1696 661 φύσις
1709 627 1762 663 πρὸ
1779 627 1834 662 τῆς

1037 671 1160 702 ὲ·.ώσεως
1174 671 1258 705 ἡγουν
1274 670 1440 706 σαρκώσεως
1461 670 1506 706 ἦν,
1523 673 1592 707 μετὰ
1606 673 1635 700 δέ
1647 682 1679 707 γε
1692 675 1742 709 τὴν
1762 674 1834 700 ἕνω-

1037 726 1089 747 σιν,
1105 717 1151 744 δύο
1166 717 1256 750 λέγειν
1276 717 1425 752 προσήκει,
1442 719 1492 753 τήν
1507 727 1535 745 τε
1552 718 1697 753 λαϐοῦσαν,
1714 721 1761 746 καὶ
1778 720 1832 755 τὴν

1036 762 1196 798 ληφθεῖσαν.

1074 808 1174 835 EPAN.
1195 809 1242 835 Ἐκ
1258 808 1305 835 δύο
1319 807 1428 843 φύσεων
1443 808 1516 842 λέγω
1531 809 1577 836 τὸν
1593 810 1720 844 Χριστὸν,
1738 810 1785 838 δύο
1801 811 1832 838 δὲ

1004 837 1023 866 Β
1038 851 1133 886 φύσεις
1150 853 1180 879 οὺ
1195 853 1276 888 λέγω.

1072 897 1147 924 ΟΡΘ.
1176 897 1362 933 Ίεῖρμήνευσον
1376 899 1458 934 ἡμῖν,
1475 899 1534 931 πῶς
1557 899 1587 926 τὸ
1604 900 1636 926 ἐκ
1653 899 1699 927 δύο
1720 901 1832 934 φύσεων

1036 943 1136 977 λέγεις,
1149 943 1198 975 -ὦς
1213 944 1259 970 τὸν
1278 944 1468 978 χρυσόπαστον
1487 945 1619 980 ἄργυρον,
1652 946 1690 977 ὠς
1709 947 1759 981 τὴν
1781 947 1831 973 tot}

1036 990 1171 1024 ἠλέκτρου
1186 989 1374 1026 κατασκευὴν,
1395 990 1433 1022 ὡς
1453 991 1501 1026 τὴν
1520 992 1619 1026 κόλλην
1641 992 1690 1028 τὴν
1706 993 1738 1019 ἐκ
1755 993 1832 1028 μολί-

1036 1035 1098 1062 ϐδου
1114 1035 1162 1062 καὶ
1172 1035 1336 1070 κασσιτέρου
1355 1036 1579 1071 κεραννυμένην;

1072 1081 1172 1108 EPAN.
1191 1081 1285 1108 Οὐδενὶ
1308 1081 1411 1108 τούτων
1428 1082 1547 1109 ἑοικέναι
1569 1082 1648 1118 τήνδε
1664 1083 1714 1118 τὴν
1729 1083 1830 1110 ἕνωσιν

1034 1125 1121 1159 λέγω·
1143 1126 1262 1161 ἄρρητός
1287 1135 1316 1152 τε
1339 1126 1395 1161 γάρ
1418 1127 1496 1160 ἐστι,
1526 1128 1574 1154 καὶ
1597 1128 1753 1164 ἄφραστος,
1779 1128 1830 1155 καὶ¹

1035 1171 1124 1196 πάντα
1138 1169 1201 1197 νοῦν
1217 1170 1434 1205 ὑπερϐαίνουσα.

1069 1214 1143 1242 ΟΡΘ.
1169 1215 1308 1250 Ὁμολογῶ
1325 1214 1404 1250 κάγὼ
1431 1215 1468 1251 μὴ
1489 1216 1601 1251 ἐφικτὸν
1617 1215 1686 1244 εἶναι
1708 1218 1753 1244 τὸν
1777 1220 1828 1253 τῆς

1033 1261 1156 1293 ἐνώσεως
1176 1261 1265 1295 λόγον.
1284 1261 1344 1288 Ὅτι
1361 1261 1390 1287 δέ
1406 1270 1438 1296 γε
1455 1262 1536 1296 φύσις
1552 1263 1672 1299 ἑκατέρα
1691 1264 1738 1290 καὶ
1755 1264 1826 1300 μετὰ

1032 1307 1081 1340 τὴν
1105 1307 1202 1333 ἕνωσιν
1220 1307 1376 1342 μεμένηκεν
1395 1308 1567 1343 ἀκραιφνὴς,
1590 1310 1666 1345 παρὰ
1685 1310 1734 1346 τῆς
1750 1310 1824 1341 θείας

1031 1351 1173 1387 ἐδιδάχθην
1191 1353 1314 1388 Γραφῆς.

1067 1398 1168 1424 EPAN.
1184 1399 1239 1425 Καὶ
1257 1398 1308 1425 ποῦ
1324 1399 1403 1426 τοῦτο
1415 1400 1564 1437 ἐδίδαξενή
1579 1401 1638 1428 θεία
1656 1403 1768 1438 Γραφή;

1066 1443 1141 1470 ΟΡΘ.
1170 1445 1249 1471 Πᾶσα
1269 1444 1371 1480 ταύτης
1393 1447 1452 1473 ἐστὶ
1477 1447 1527 1482 τῆς
1556 1447 1730 1481 διδασκαλίας
1757 1450 1824 1477 ἀνά-

993 1509 1014 1538 C
1033 1488 1130 1521 πλεως.

1069 1535 1170 1562 EPAN.
1185 1535 1234 1567 Δὸς
1247 1533 1286 1562 ὦν
1296 1536 1385 1570 λέγεις
1398 1537 1448 1570 τὰς
1462 1539 1626 1571 ἀποδείξεις.

1069 1579 1144 1606 ΟΡΘ.
1164 1580 1200 1606 Σὺ
1215 1579 1270 1616 γὰρ
1285 1581 1333 1616 οὐχ
1353 1582 1496 1617 ὁμολογεῖς
1516 1583 1624 1618 φύσεως
1641 1585 1775 1622 ἑκατέρας
1788 1586 1825 1614 τὰ

1033 1624 1085 1651 ί¹δια
1096 1634 1103 1658 ς

1069 1671 1170 1698 EPAN.
1190 1672 1268 1699 Μετὰ
1278 1673 1327 1709 τὴν
1342 1674 1438 1701 ἕνωσιν
1454 1676 1592 1711 οὐδαμῶς.

1068 1717 1144 1744 ΟΡΘ.
1165 1718 1249 1745 Τοῦτο
1266 1720 1355 1746 τοίνυν
1367 1721 1436 1747 αὐτὸ
1455 1723 1530 1757 παρὰ
1544 1724 1593 1757 τῆς
1606 1723 1679 1755 θείας
1695 1724 1822 1760 διδαχΘῶ-

1035 1771 1084 1797 μεν
1100 1763 1222 1799 Γραφῆς.

1068 1809 1170 1836 ΕΡΑΝ.
1198 1809 1268 1844 Ἐγὼ
1280 1810 1409 1846 πείθομαι
1424 1813 1456 1848 τῇ
1467 1812 1526 1849 θείᾳ
1538 1814 1643 1851 Γραφῇ.

1066 1855 1142 1882 ΟΡΘ.
1159 1856 1244 1883 Ὅταν
1267 1857 1357 1883 τοίνυν
1373 1858 1494 1894 ἀκούσῃς
1513 1860 1636 1887 Ἰωάννου
1656 1861 1703 1888 τοῦ
1722 1862 1820 1889 Θεσπε-

1032 1901 1089 1927 σίου
1106 1901 1238 1935 βοῶντος·
1261 1911 1269 1927 ι
1296 1903 1340 1929 Ἐν
1354 1903 1425 1939 ἀρχῇ
1441 1902 1474 1939 ἦν
1491 1905 1505 1931 ὁ
1522 1905 1618 1939 Λόγος,
1640 1907 1688 1933 καὶ
1708 1907 1722 1933 ὁ
1733 1908 1821 1942 Λόγος

1029 1943 1064 1980 ἦν
1080 1945 1149 1980 πρὸς
1172 1946 1218 1973 τδν
1244 1947 1310 1974 Θεὸν
1324 1968 1331 1980 ,
1347 1949 1395 1974 καὶ
1412 1949 1479 1980 Θεὸς
1492 1947 1528 1985 ἦν
1552 1951 1566 1977 ὁ
1587 1951 1673 1986 Λόγος
1685 1961 1693 1968 ο
1713 1962 1723 1979 ι
1747 1955 1794 1982 καί
1810 1960 1818 1969 ·

1032 1999 1041 2014 ι
1060 1990 1152 2017 Πάντα
1161 1990 1195 2016 δι’
1205 1991 1287 2018 αὑτοῦ
1296 1993 1415 2026 ζέγένετο,
1432 2003 1441 2020 ›
1455 1995 1542 2022 καὶτὰ
1553 1996 1621 2022 ἄλλα
1631 1997 1681 2023 ὅσα
1691 1998 1801 2025 τοιαῦτα
1811 2007 1818 2014 ·

1028 2035 1078 2070 τὴν
1094 2036 1184 2070 σάρκα
1204 2036 1295 2071 λέγεις
1306 2039 1336 2064 ὲν
1351 2039 1424 2074 ἀρχῇ
1440 2040 1509 2075 πρὸς
1522 2041 1569 2068 τὸν
1584 2042 1651 2069 Θεὸν
1666 2041 1747 2075 εἶναι,
1773 2046 1818 2071 καὶ

1029 2080 1108 2115 φύσει
1134 2082 1200 2109 Θεὸν
1222 2081 1313 2117 εἶναι,
1336 2085 1383 2112 καὶ
1404 2085 1495 2112 πάντα
1519 2089 1748 2125 πεποιηκέναι,ῆ
1774 2090 1818 2117 τὸν

1027 2126 1094 2153 Θεὸν
1113 2128 1200 2162 Λόγον
1213 2129 1260 2156 τὸν
1273 2130 1325 2165 πρὸ
1339 2131 1394 2158 τῶν
1411 2132 1517 2160 αἰώνων
1537 2135 1569 2161 ἐκ
1589 2135 1634 2162 τοῦ
1651 2137 1756 2171 Πατρὺς
1771 2145 1816 2170 γε-

988 2187 1011 2215 D
1027 2181 1108 2207 γεννη
1113 2174 1193 2208 μένον
1202 2183 1210 2207 ;

1062 2219 1163 2247 ΕΡΛΝ.
1180 2220 1225 2255 Τῷ
1240 2221 1289 2256 μὲν
1298 2221 1357 2257 Θεῷ
1370 2223 1450 2259 Λόγῳ
1462 2224 1549 2251 ταῦτα
1564 2227 1713 2261 προσήκειν
1726 2229 1796 2263 φημί
1807 2237 1813 2244 ·

1023 2265 1053 2291 οὐ
1071 2265 1182 2301 χωρίζω
1195 2267 1223 2293 δὲ
1239 2268 1320 2294 αὐτὸν
1336 2269 1386 2304 τῆς
1400 2271 1546 2306 ὴνωμένης
1561 2273 1673 2307 σαρκός.

1059 2312 1134 2339 ΟΡΘ.
1152 2313 1220 2340 Οὔτε
1237 2315 1391 2350 χωρίζομεν
1404 2317 1450 2343 τοῦ
1464 2318 1499 2343 ΘΞ
1506 2318 1536 2344 οὗ
1552 2319 1639 2352 Λόγου
1651 2319 1699 2354 τὴν
1713 2320 1813 2355 σάρκα,

1021 2357 1082 2382 οὒτε
1100 2356 1230 2391 σύγχυσιν
1248 2359 1380 2395 ποιοῦμεν
1395 2362 1445 2396 τὴν
1455 2361 1562 2388 ἕνωσιν.

1057 2403 1158 2442 ΕΡᾼΝ,
1179 2404 1249 2438 Ἐγὼ
1265 2405 1330 2439 μίαν
1343 2404 1402 2432 οἶδα
1421 2408 1492 2442 μετὰ
1503 2409 1553 2443 τὴν
1571 2409 1669 2435 ἕνωσιν
1686 2409 1776 2443 φύσιν.

1055 2448 1132 2475 ΟΡΘ.
1148 2449 1179 2475 ΟΞ
1197 2451 1393 2485 εὑαγγελισταὶ
1411 2453 1445 2479 τὰ
1459 2454 1612 2487 Εὐαγγέλια
1635 2456 1739 2490 πηνίκα
1752 2464 1812 2482 συν-

1019 2494 1162 2529 έγραψαν;
1187 2496 1240 2531 πρὸ
1264 2497 1313 2532 τῆς
1331 2498 1455 2531 ὲνώσεως
1467 2519 1475 2531 ,
1492 2500 1508 2535 ἦ
1527 2501 1597 2535 μετὰ
1618 2501 1746 2528 πλεῖστον
1762 2502 1809 2537 τῆς

1019 2540 1145 2573 ἑνὼσεως
1161 2543 1273 2577 χρόνον;

1055 2586 1159 2614 EPAN.
1175 2588 1260 2623 Δῆλον
1278 2590 1318 2616 ὃτι
1340 2591 1411 2626 μετὰ
1425 2592 1474 2627 τὴν
1495 2593 1605 2625 ἕνωσιν,
1622 2595 1668 2620 καὶ
1682 2594 1731 2630 τὴν
1749 2595 1811 2629 γέν-

1022 2642 1110 2668 νησιν,
1129 2633 1176 2660 καὶ
1187 2634 1221 2660 τὰ
1234 2634 1372 2670 θαύματα,
1386 2638 1432 2664 καὶ
1446 2638 1476 2664 τὸ
1499 2639 1585 2670 πάθος
1597 2660 1604 2671 ,
1617 2640 1663 2666 καὶ
1680 2641 1730 2674 τὴν
1744 2640 1809 2666 ἁνα-

1024 2688 1128 2711 στασιν,
1145 2679 1192 2705 καὶ
1211 2680 1260 2716 τὴν
1275 2682 1315 2713 είς
1328 2683 1460 2719 οὐρανοὺς
1478 2685 1624 2721 ἀνάληψιν,
1638 2686 1686 2713 καὶ
1700 2686 1750 2720 τὴν
1765 2685 1808 2713 ῖυῦ

1023 2725 1101 2760 ἁγίου
1117 2724 1275 2759 Πνεύματος
1290 2727 1472 2765 ἐπιφοίτησιν.
