1953 3055
196 102 245 135 Ill

729 103 918 134 DIALOGUS
937 104 978 134 II.
999 116 1034 121 —
1052 104 1299 138 INCONFUSUS.

1776 111 1826 144 ΜΞ

233 158 309 186 ΟΡΘ.
332 158 464 185 Ἄκουσον
488 159 577 186 τοίνυν
593 159 640 185 τοῦ
653 158 701 193 μὲν
717 158 839 185 Ἰωάννου
848 158 973 192 λέγοντος

1073 161 1178 189 οιιΤη.
1195 162 1265 189 Audi
1277 170 1342 198 ergo
1357 162 1489 190 Joannem
1502 163 1640 191 dicentem
1653 173 1659 191 :
1679 174 1687 190 ι
1704 165 1733 193 ln
1748 168 1825 201 prin-

198 214 208 230 ι
233 204 277 230 Ἑν
298 204 370 240 ἀρχῇ
393 202 427 240 ἣν
442 206 456 231 ὀ
474 205 572 238 Λόγος,
594 204 641 236 καὶ
655 205 670 230 ὁ
696 203 782 238 Λόγος
797 202 832 239 ἦν
851 204 921 239 πρὸς
941 204 986 231 τὸν

194 250 272 281 om,
289 250 335 276 καὶ
351 249 417 282 Θεὸς
431 248 465 285 ἦν
486 251 500 278 ό
517 250 611 284 Λόγος.
633 245 718 282 Οὗτος
732 247 767 284 ἦν
780 250 809 276 ὲν
826 250 897 285 ἀρχῇ
918 249 987 285 πρὸς

194 295 239 322 τδν
251 295 328 322 Θεόν.
340 296 433 323 Πάντα
449 296 484 323 δι’
497 296 580 323 αὐτοῦ
597 295 718 330 ἐγένετο,
738 296 786 322 καὶ
802 296 887 330 χωρὶς
903 295 986 322 αὑτοῦ

193 340 303 374 ἐγένετο
319 341 379 367 οὐδὲ
396 341 436 372 ἒν,
454 351 464 368 ›
491 341 539 368 καὶ
555 341 590 369 τὰ
612 341 674 377 ἑξῆς
687 349 694 356 ’
716 341 763 367 τοῦ
779 341 806 367 δὲ
822 341 962 368 Ματοαίου
978 349 984 355 ·

196 396 206 412 α
224 387 320 419 Βίϐλος
336 387 472 421 γενέσεως
491 387 580 423 Ἰησοῦ
596 387 727 422 Χριστοῦ,
744 387 804 414 υἱοῦ
819 388 911 420 Δαϐὶδ,
926 388 984 414 υἱοῦ

199 433 343 468 Ἀϐραὰμ,
370 442 379 459 ι
401 434 450 460 καὶ
470 434 504 460 τὰ
527 433 601 469 ἑξῆς.
622 433 674 460 Καὶ
693 435 708 460 ὁ
732 434 838 466 Λουκᾶς
855 434 885 460 δὲ
903 434 985 460 αὐτὸν

200 479 325 514 Ἀϐραὰμ
338 479 384 506 καὶ
401 479 482 506 Δαῦὶδ
493 479 699 514 ἐγενεαλόγησε.
719 480 914 514 Προσάρμοσον
928 480 984 506 τοί-

191 535 240 552 νυν
251 525 336 552 ταῦτα
355 526 469 552 κάκεῖνα
486 525 566 560 φύσει
583 526 643 561 μιᾷ.
666 525 736 552 Ἀλλ’
751 525 802 552 οὐκ
819 526 852 552 ἂν
872 526 982 552 δύναιο·

190 571 314 598 ἐναντίον
327 571 381 608 γὰρ
397 571 437 606 τῷ
450 572 479 597 ὲν
493 572 564 615 ἀρχῇ
581 569 661 603 εἶναι,
675 571 706 598 τὸ
717 571 747 603 ἐξ
763 571 890 607 Ἀϐραὰμ
902 569 982 602 εἶναι,

190 617 240 644 καὶ
268 617 308 652 τῷ
331 618 423 644 πάντα
448 618 647 653 πεποιηκέναι,
670 617 700 643 τὸ
718 618 828 644 κτιστδν
851 618 983 653 πρόγονον

188 663 349 699 ἐσχηκέναι.

226 709 328 735 EPAN.
347 709 441 736 Ταῦτα
458 709 545 743 λέγων
566 709 606 740 είς
620 708 667 735 δύο
684 709 818 744 πρόσωπα
838 708 884 734 τὸν
903 717 982 743 μονο-

186 754 256 788 γενῆ
274 754 397 790 μερίζεις
413 755 488 781 Υἱὸν.

223 799 299 826 ΟΡΘ.
317 800 385 826 Ἕνα
403 800 452 835 μὲν
471 800 535 827 Υἱὸν
551 799 599 826 τοῦ
613 799 681 826 Θεοῦ
695 799 742 826 καὶ
759 798 817 826 οῖδα
833 800 879 826 καὶ
896 807 981 834 προσ-

187 846 275 877 κυνῶ,
300 847 347 873 τὸν
372 847 477 882 Κύριον
496 846 601 882 Ἰησοῦν
616 846 755 882 Χριστόν·
775 846 824 881 τῆς
843 846 871 872 δὲ
887 846 980 881 Θεότη-

187 900 236 924 τος
251 893 298 919 καὶ
312 893 363 927 τῆς
385 893 597 928 ἀνθρωπότητος
612 892 662 928 τὴν
675 891 810 928 διαφορὰν
823 891 976 928 ἐδιδάχθην.

187 938 224 964 Σὺ
241 938 270 964 δέ
283 946 315 972 γε
327 939 342 964 ὸ
357 938 420 972 μίαν
435 938 524 972 λέγων
547 937 617 974 μετὰ
632 937 683 973 τὴν
697 937 797 964 ἕνωσιν
814 937 979 971 γεγενῆσθαι

186 983 270 1018 φύσιν
285 1004 292 1015 ,
317 984 514 1019 προσάρμοσον
542 983 632 1019 ταύτῃ
661 982 696 1010 τὰ
721 982 777 1009 τῶν
805 982 979 1017 Εὑαγγε).ίων

186 1030 329 1064 προοίμια.

222 1076 323 1102 ΕΡΔΝ.
343 1075 387 1106 Ὠς
404 1075 491 1102 ἔοικεν
502 1096 509 1109 ,
527 1074 642 1110 ἰσχυρὰν
662 1074 733 1109 ἄγαν
750 1074 796 1103 καὶ
820 1073 886 1104 ἴσως
903 1073 977 1108 ἀμή-

185 1131 267 1157 χανον
280 1122 484 1157 ὑπολαμϐάνεις
501 1123 550 1158 τὴν
573 1122 707 1158 πρότασιν
720 1130 727 1136 ο
745 1122 817 1148 ἔστω
841 1129 882 1147 σοι
898 1120 978 1156 ῥᾳδία

186 1168 234 1194 καὶ
254 1168 389 1203 εὐπετὴς,
407 1168 487 1203 μόνον
503 1169 570 1203 ἡμῖν
585 1168 615 1194 τὸ
631 1167 800 1202 ζητούμενον
814 1166 906 1195 λῦσον.

220 1213 298 1240 υΡΘ.
321 1213 478 1248 ’Δμφὸτερα
499 1213 538 1248 τῷ
555 1213 679 1248 Δεσπότῃ
696 1213 833 1248 προσήκει
853 1212 977 1248 Χριστῷ.

185 1258 234 1284 καὶ
248 1259 278 1285 τὸ
292 1258 348 1293 (58)
371 1259 399 1285 ἐν
413 1259 484 1294 ἀρχῇ
503 1257 574 1285 εἶναι
586 1278 594 1290 ,
609 1259 657 1285 καὶ
681 1259 710 1284 τὸ
729 1258 758 1291 ἐξ
781 1258 912 1293 Ἀϐραὰμ
931 1258 978 1284 καὶ

184 1305 268 1331 Aut?th
283 1305 354 1332 κατὰ
373 1305 464 1340 σάρκα
481 1304 644 1340 βλαστῆσαι.

223 1351 324 1378 EPAN.
345 1351 419 1378 Μίαν
445 1350 516 1386 μετὰ
539 1350 588 1386 τὴν
604 1350 701 1377 ἕνωσιν
714 1350 745 1376 οὺ
769 1349 978 1385 χρῆναι.λέγειν

183 1397 388 1432 ἐνομοθέτησας
404 1397 484 1431 φύσιν
494 1404 501 1411 ·
513 1396 558 1422 τὸν
569 1397 670 1422 οἰκεῖον
688 1396 779 1422 τοίνυν
794 1395 831 1430 μὴ
852 1393 979 1430 παρασῇς

183 1443 278 1478 νόμον,
300 1443 476 1478 μεμνημένος
498 1444 611 1478 σαρκός.

1038 208 1110 242 cipio
1123 213 1183 236 erat
1199 209 1330 241 Verbum,
1347 213 1375 236 et
1392 208 1511 236 Verbum
1527 213 1588 237 erat
1601 209 1673 244 apud
1687 211 1785 244 Deum,
1798 218 1826 239 ρι

1038 252 1110 280 Deus
1136 259 1196 280 erat
1221 254 1351 281 Verbum.
1380 254 1438 281 Hoc
1462 258 1522 281 erat
1546 254 1573 282 in
1595 255 1733 291 principio
1753 259 1826 292 apud

1037 298 1133 325 Deum.
1151 299 1249 326 Omnia
1269 308 1317 334 per
1329 300 1419 334 ipsum
1445 300 1514 327 facta
1537 306 1613 333 sunt,
1639 307 1667 328 et
1689 302 1749 330 sine
1768 303 1826 338 ipso

1037 343 1139 370 factum
1157 349 1198 371 est
1215 345 1282 372 nihil
1304 345 1336 377 ’⁸,
1355 355 1363 370 ι
1381 350 1408 372 et
1430 352 1492 380 qua:
1513 350 1685 380 sequuntur;
1712 351 1740 374 et
1761 348 1827 376 Mat-

1037 390 1137 417 threum
1153 399 1159 416 :
1175 400 1183 415 ι
1199 390 1281 417 Liber
1295 391 1480 425 generationis
1496 390 1559 418 les"
1576 391 1690 423 Christi,
1707 392 1754 419 filii
1773 393 1826 420 Da-

1035 436 1117 468 vidis,
1142 436 1191 463 ﬁlii
1218 436 1366 463 Abrahami
1380 438 1412 468 ",
1431 447 1440 462 ι
1464 441 1493 463 et
1507 441 1615 464 caetera.
1637 436 1725 465 Lucas
1742 438 1825 464 etiam

1035 483 1157 518 ejusdem
1169 483 1285 510 Abrahae
1296 482 1440 510 etDavidis
1448 483 1634 517 genealogiam
1643 484 1782 511 recensuit
1792 485 1824 510 ν’.

1035 529 1218 556 Accommoda
1232 528 1315 563 igitur
1327 528 1385 555 haec
1396 533 1424 555 et
1435 528 1481 555 illa
1493 528 1540 555 uni
1551 533 1669 561 naturae;
1684 529 1762 564 103
1775 530 1824 557 sed

1035 583 1089 602 non
1100 575 1223 609 poteris:
1240 574 1378 602 contraria
1391 574 1465 601 enim
1481 578 1556 606 sunt,
1567 575 1594 601 in
1606 575 1740 610 principio
1750 583 1821 606 esse.

1033 625 1062 648 et
1082 629 1116 648 ex
1131 621 1287 648 Abrahamo
1314 628 1386 652 esse,
1406 620 1499 647 omnia
1523 619 1631 651 fecisse,
1650 625 1679 647 et
1699 625 1822 648 creatura

1033 666 1239 702 progenitorem
1255 666 1367 693 habere.

1070 713 1188 740 ‘ERAN.
1211 712 1273 739 lliuc
1289 720 1351 739 cum
1369 712 1448 743 dicis,
1463 713 1490 739 in
1505 712 1574 739 duas
1583 719 1714 746 personas
1730 712 1824 747 unige-

1033 760 1121 787 nitum
1140 758 1242 785 dividis
1253 759 1363 786 Filium.

1068 804 1173 832 ORTll.
1188 804 1278 831 Unum
1309 803 1423 838 quidem
1454 802 1554 829 Filium
1584 802 1632 830 Dei
1663 808 1692 829 et
1716 802 1774 830 seio
1796 808 1824 830 et

1031 848 1126 881 adoro,
1143 849 1288 876 Dominum
1303 848 1397 875 Jesum
1416 847 1557 874 Christum
1576 856 1582 873 :
1600 847 1755 875 divinitatis
1773 855 1823 874 au-

1031 900 1087 923 tem
1114 900 1142 923 et
1156 895 1337 923 humanitatis
1361 895 1447 922 didici
1469 893 1664 920 differentiam.
1685 894 1726 921 Tu
1745 902 1822 925 vero,

1029 942 1078 976 qui
1116 940 1236 968 afﬁrmas
1273 948 1354 967 unam
1390 940 1488 966 factam
1514 946 1575 966 esse
1604 944 1729 966 naturam
1762 945 1823 974 post

1031 987 1172 1019 unionem,
1189 986 1398 1021 Evangeliorum
1418 985 1528 1012 exordia
1543 985 1608 1012 huic
1634 986 1819 1013 accommoda.

1065 1083 1169 1110 ERAN.
1185 1082 1316 1114 Arduam,
1332 1085 1362 1109 ut
1380 1084 1502 1116 apparet,
1518 1088 1549 1107 ac
1574 1080 1690 1107 fortasse
1708 1081 1824 1116 inexpli-

1029 1128 1145 1155 cabilem
1163 1132 1245 1162 putas
1257 1127 1481 1162 propositionem.
1512 1125 1554 1154 Sit
1573 1126 1624 1153 tibi
1644 1126 1770 1161 expedita
1795 1132 1823 1154 et

1029 1164 1129 1205 l‘acilis,
1142 1173 1291 1200 dummodo
1303 1172 1383 1199 nobis
1395 1172 1575 1207 quaestionem
1588 1171 1688 1200 solvas.

1060 1219 1165 1246 ORTH.
1181 1219 1303 1254 Utraque
1330 1218 1442 1246 Christo
1467 1217 1584 1245 Domino
1602 1218 1782 1250 conveniunt,
1796 1223 1824 1246 et

1029 1265 1056 1291 in
1074 1265 1210 1299 principio
1237 1272 1309 1295 esse,
1329 1268 1357 1290 et
1382 1271 1415 1289 ex
1430 1262 1587 1290 Abrahamo
1612 1267 1640 1289 et
1661 1263 1763 1290 Davide
1778 1270 1823 1290 se-

1029 1311 1149 1338 cundum
1164 1317 1274 1337 carnem
1289 1309 1468 1344 germinasse.

1063 1356 1166 1383 ERAN.
1185 1355 1272 1383 Unam
1297 1358 1358 1390 post
1384 1355 1515 1381 unionem
1542 1353 1597 1381 dici
1616 1358 1743 1382 naturam
1767 1362 1823 1382 non

1028 1402 1131 1429 debere
1153 1401 1276 1429 sanxisti.
1294 1401 1362 1428 Vide
1383 1400 1468 1436 igitur
1484 1408 1530 1432 ne,
1545 1400 1637 1427 carnis
1653 1400 1822 1428 mentionem

1029 1447 1143 1477 faciens,
1155 1446 1294 1481 propriam
1306 1445 1395 1480 legem
1409 1444 1628 1480 transgrediaris.

221 1488 298 1516 ΟΡΘ.
326 1490 379 1515 Καὶ
396 1489 458 1524 δίχα
475 1488 522 1514 τοῦ
553 1487 743 1523 μνημονεῦσαι
769 1487 868 1522 σαρκὺς
897 1486 977 1513 λῦσαι

1066 1491 1172 1519 ORTll.
1196 1491 1284 1518 Etiam
1309 1491 1369 1518 sine
1396 1490 1538 1517 mentione
1565 1490 1657 1516 carnis
1677 1489 1757 1517 facile
1780 1494 1824 1517 est

186 1535 236 1570 τὴν
259 1534 392 1569 πρότασιν
413 1534 527 1565 εὐπετές
540 1542 546 1548 ·
565 1533 709 1569 ἀμφότερα
731 1533 786 1568 γὰρ
805 1532 844 1568 τῷ
869 1532 977 1566 Σωτῆρι

184 1580 387 1616 προσαρμόττω
407 1580 530 1615 Χριστῷ.

220 1626 322 1654 EPAN.
340 1625 426 1660 Κάγὼ
441 1625 529 1653 ταῦτα
553 1625 669 1652 κάκεῖνα
685 1625 839 1660 προσήκειν
853 1624 925 1659 φημὶ
938 1623 978 1658 τῷ

183 1672 308 1708 Δεσπότῃ
319 1672 441 1708 Χριστῷ.

220 1718 295 1745 ΟΡΘ.
315 1717 394 1744 Ἀλλὰ
410 1718 457 1744 δύο
471 1717 567 1752 φύσεις
581 1719 610 1743 ἐν
625 1716 700 1752 αὐτῷ
715 1716 838 1753 θεωρῶν,
852 1717 899 1743 καὶ
911 1717 977 1743 ἑκα-

181 1765 253 1800 τέρᾳ
266 1763 430 1799 προσνέμων
441 1763 477 1789 τὰ
491 1763 644 1798 πρόσφορα.
661 1762 691 1788 Εἰ
706 1762 735 1788 δὲ
748 1762 797 1797 μία
808 1761 890 1796 φύσις
901 1762 977 1788 ἐστὶν

181 1811 197 1836 ὁ
214 1810 342 1844 Χριστὸς,
358 1809 418 1841 πῶς
431 1806 488 1835 οἷόν
505 1817 535 1835 τε
549 1809 618 1844 αὐτῇ
642 1808 835 1843 προσαρμόσαι
851 1808 885 1834 τὰ
899 1809 977 1834 ἐνανα

181 1856 245 1888 τία;
269 1855 405 1882 Ἑναντίον
419 1855 474 1890 γὰρ
488 1855 526 1890 τῷ
539 1856 566 1881 ἐν
579 1855 650 1890 ἀρχῇ
667 1852 738 1881 εἶναι
753 1854 785 1880 τὸ
799 1853 830 1885 ἐξ
851 1853 977 1889 ’Δὸραὰμ

182 1902 233 1929 καὶ
248 1901 330 1928 Δασὶδ
344 1902 394 1937 τὴν
411 1900 499 1936 ἀρχὴν
511 1900 653 1936 εἰληφέναι
663 1920 670 1931 ,
686 1899 787 1935 μᾶλλον
800 1899 829 1926 δὲ
844 1899 976 1935 πολλοστῇ

182 1948 267 1984 γενεᾷ
298 1947 368 1983 μετὰ
386 1947 433 1974 τὸν
458 1946 542 1973 Δαῦἱδ
566 1945 744 1981 γεννηθῆναι.
781 1945 920 1972 Ἐναντίον
948 1945 976 1972 δὲ

182 1993 278 2026 πάλιν,
295 1993 342 2020 καὶ
360 1992 399 2028 τῷ
413 1992 502 2019 πάντα
521 1992 712 2026 πεποιηκέναι,
731 1991 760 2017 τδ
775 1991 807 2017 ὲκ
821 1991 976 2026 πεποιημέ-

182 2048 238 2066 νων
254 2039 404 2074 βλαστῆσαι
419 2039 467 2065 καὶ
481 2038 520 2073 τῷ
534 2039 566 2064 ὲκ
586 2037 654 2064 Θεοῦ
670 2035 752 2068 εἶναι,
770 2037 801 2062 τὸ
814 2035 977 2071 ἀνθρώπους

183 2084 331 2120 ἐσχηκέναι
352 2084 484 2119 πατέρας.
509 2083 645 2110 Ἐναντίον
661 2083 689 2109 δὲ
709 2083 757 2109 καὶ
769 2081 809 2118 τῷ
824 2082 927 2117 αἰωνίῳ
946 2082 976 2108 τὸ

182 2131 352 2166 πρόσφατον.
378 2131 433 2156 Καὶ
450 2129 519 2164 δῆτα
537 2131 722 2164 σκοπήσωμεν
739 2129 826 2161 οὕτως
838 2137 845 2144 ⁸
873 2130 897 2155 εί
922 2130 975 2156 τῶν

182 2177 312 2204 ἁπάντων
328 2177 418 2212 φαμὲν
432 2176 476 2202 τὸν
490 2176 556 2203 Θεὸν
568 2176 654 2210 Λόγον
668 2175 701 2211 δη
707 2177 854 2210 μιουργόν;

219 2265 320 2292 EPAN.
341 2263 420 2291 Οὕτω
439 2263 578 2290 πιστεύειν
603 2264 681 2300 παρὰ
701 2264 753 2300 τῆς
768 2263 844 2296 θείας
866 2264 976 2300 Γραφῆς

181 2312 375 2347 ἐδιδάχθημεν.

219 2358 294 2386 ΟΡΘ.
319 2357 410 2394 Πόστῃ
429 2357 458 2384 δὲ
477 2357 680 2393 μεμαθήκαμεν
706 2356 798 2392 ἡμέρᾳ
820 2355 866 2383 τὸν
890 2355 975 2390 ’Δδὲιμ

179 2404 382 2439 ὃιαπλαςθῆναι
399 2403 468 2439 μετὰ.
481 2404 532 2439 τὴν
546 2403 594 2429 τοῦ
609 2402 725 2438 οὐρανοῦ
739 2402 786 2429 καὶ
799 2402 849 2437 τῆς
862 2401 914 2436 γῆς
926 2402 975 2436 δη-

183 2450 332 2486 μιουργίαν
344 2459 352 2482 ς

218 2496 322 2523 EPAN.
343 2496 442 2531 Ἕκτῃ.

219 2540 295 2567 ΟΡΘ.
321 2541 387 2567 ’Δπὺ
402 2540 488 2567 δὲτοῦ
510 2540 596 2576 ’Δδὰμ
611 2540 693 2576 μέχρι
710 2539 758 2566 τοῦ
778 2539 904 2574 Ἀϐραὰμ
926 2539 976 2566 πό-

183 2595 229 2613 σαι
241 2586 417 2622 διεληλύθασι
434 2587 528 2621 γενεαί
541 2595 549 2620 ;

220 2632 322 2659 EPAN.
339 2633 432 2659 Εἴκοσι
447 2631 550 2663 ταύτας
565 2631 714 2666 ὑπείληφα.

219 2677 296 2706 ΟΡΘ,
319 2679 387 2705 Ἀπὸ
409 2679 438 2705 δὲ
455 2679 502 2706 τοῦ
527 2678 652 2714 Ἀδραὰμ
676 2677 757 2713 μέχρι
781 2677 830 2704 τοῦ
846 2676 974 2712 Σωτῆρος

1029 1537 1198 1572 propositam
1230 1536 1411 1571 quaestionem
1431 1535 1570 1570 explicare
1588 1543 1596 1561 :
1612 1539 1730 1569 utraque
1748 1535 1822 1561 enim

1028 1582 1138 1608 Christo
1150 1576 1287 1608 Servatori
1302 1579 1489 1607 accommodo.

1064 1626 1168 1653 ERAN.
1191 1626 1248 1661 Ego
1273 1633 1383 1661 quoque
1403 1625 1499 1658 fateor,
1522 1625 1581 1652 haec
1604 1629 1632 1653 et
1648 1625 1694 1652 illa
1712 1625 1822 1653 Christo

1028 1673 1145 1700 Domino
1158 1673 1317 1700 convenire.

1062 1717 1167 1746 ORTIl.
1184 1718 1237 1745 Sed
1253 1718 1323 1745 duas
1337 1717 1364 1745 in
1376 1718 1436 1753 ipso
1453 1722 1568 1745 naturas
1583 1718 1774 1750 considerans,
1794 1724 1822 1746 et

1029 1765 1128 1799 cuique
1152 1764 1347 1791 convenientia
1373 1764 1509 1791 tribuens.
1536 1763 1646 1798 Alioqui
1662 1763 1684 1790 si
1705 1771 1759 1791 una
1774 1771 1822 1790 na-

1029 1814 1091 1837 tura
1112 1814 1155 1837 est
1183 1809 1321 1841 Christus,
1347 1809 1486 1844 quomodo
1510 1808 1548 1835 il‘li
1573 1809 1661 1844 aptari
1683 1810 1821 1836 contraria

1028 1856 1154 1891 possint?
1165 1856 1307 1884 Contraria
1323 1855 1396 1883 enim
1412 1859 1486 1887 sunt,
1507 1855 1534 1881 in
1555 1855 1692 1890 principio
1706 1862 1777 1887 esse,
1793 1861 1822 1884 et

1028 1903 1063 1930 ab
1073 1902 1230 1930 Abrahamo
1239 1907 1267 1929 et
1277 1901 1380 1929 Davide
1393 1901 1526 1936 originem
1537 1900 1659 1933 duxisse,
1672 1900 1821 1936 multisque

1027 1949 1097 1976 adeo
1125 1952 1188 1983 post
1219 1947 1350 1975 Davidem
1374 1946 1600 1982 generationibus
1624 1950 1719 1973 natum
1748 1955 1819 1975 esse.

1025 1994 1171 2022 Contraria
1188 1993 1268 2029 104
1281 1997 1346 2021 sunt
1362 2000 1466 2024 rursus,
1479 1992 1571 2019 omnia
1584 1991 1693 2024 fecisse,
1706 1996 1734 2019 et
1743 2000 1777 2019 ex
1787 1993 1820 2019 iis

1027 2048 1088 2075 quae
1106 2040 1177 2068 facta
1190 2039 1417 2075 suntprodiisse;
1432 2039 1509 2071 item,
1525 2047 1559 2066 ex
1575 2038 1631 2065 Deo
1643 2045 1714 2070 esse,
1728 2042 1757 2065 et
1769 2046 1818 2073 pa-

1027 2090 1120 2114 rentes
1146 2086 1272 2113 homines
1299 2085 1411 2113 habere.
1436 2085 1611 2112 Contrarium
1631 2083 1752 2119 denique
1776 2090 1819 2111 est

1026 2136 1130 2159 aterno
1145 2132 1171 2159 id
1186 2131 1258 2166 quod
1271 2135 1313 2158 est
1324 2138 1429 2158 recens.
1446 2130 1479 2158 Et
1497 2138 1564 2157 vero
1578 2130 1606 2157 in
1619 2130 1693 2158 hunc
1706 2130 1818 2158 modum

989 2169 1012 2200 ί)
1026 2185 1082 2204 rem
1105 2176 1313 2204 consideremus
1327 2185 1334 2202 -.
1349 2175 1506 2203 Dicimusne
1529 2175 1615 2202 Deum
1629 2175 1750 2203 Verbum
1773 2183 1818 2202 re-

1026 2230 1088 2249 rum
1107 2223 1230 2249 omnium
1250 2221 1441 2248 conditorem?

1061 2267 1166 2294 ERAN.
1195 2267 1232 2293 Ita
1260 2266 1376 2293 credere
1401 2274 1434 2293 ex
1459 2266 1551 2293 divina
1580 2265 1722 2301 Scriptura
1742 2265 1814 2293 didi-

1024 2319 1124 2339 ClmUS.

1059 2357 1163 2385 ORTII.
1184 2357 1272 2391 Quoto
1293 2366 1358 2385 vero
1370 2357 1415 2385 die
1429 2362 1490 2392 post
1506 2357 1568 2385 cmli
1588 2362 1616 2384 et
1640 2362 1722 2385 terra:
1736 2365 1814 2385 crea-

1024 2405 1128 2432 tionem
1146 2404 1293 2431 l'ormatum
1308 2404 1442 2431 Adamum
1454 2403 1620 2430 didicimus?

1054 2494 1157 2521 ERAN.
1177 2493 1269 2521 Sexto.

1059 2539 1165 2567 ORTH.
1195 2539 1236 2567 Ab
1258 2539 1362 2567 Adamo
1379 2547 1446 2566 vero
1465 2547 1552 2574 usque
1572 2539 1607 2566 ad
1626 2540 1813 2568 Abrahamum

1023 2590 1090 2620 quot
1100 2586 1256 2621 praeteriere
1270 2585 1482 2620 generationes?

1059 2630 1162 2658 ERAN.
1181 2629 1294 2665 Viginti,
1309 2633 1340 2657 ut
1349 2630 1458 2664 opinor.

1060 2676 1164 2704 ORTH.
1184 2676 1225 2704 Ab
1245 2676 1400 2704 Abrahamo
1415 2684 1482 2704 vero
1494 2683 1580 2711 usque
1594 2675 1628 2704 ad
1643 2675 1811 2705 Salvatorem

216 2755 363 2790 "102ml,
380 2756 436 2783 1-5.
477 2757 498 2772 ¹¹³
515 2757 610 2785 Matth.
629 2765 647 2789 ι,
663 2757 674 2784 l
689 2764 765 2792 seqq.
794 2756 817 2772 "
833 2756 898 2783 an.
913 2763 952 2788 Ill,
967 2755 1003 2783 25
1018 2762 1094 2790 seqq.

217 2817 275 2853 (38)
288 2816 334 2844 Τό.
355 2816 394 2844 Ex
405 2816 449 2844 cd.
464 2817 542 2845 Rom.
555 2821 582 2845 et
595 2816 667 2852 Lips.
683 2817 826 2843 inscrtum.
