1953 3055
142 108 198 142 ’143

646 100 889 133 THEODORETI
909 97 1080 128 EPISCOPI
1099 97 1281 128 CYRENSIS

1726 94 1782 127 144

146 169 272 193 nostrum
282 162 421 191 Christum
430 163 497 196 quot
512 158 704 194 generationes
715 160 841 183 numerat
853 161 938 181 evan-

1001 151 1068 186 ιμῶν
1081 151 1210 186 Χριστοῦ,
1229 151 1314 182 πόσας
1325 151 1338 176 ὁ
1354 150 1410 187 (59)
1426 149 1624 185 εύαγγελιστὴς
1639 150 1780 183 Ματοαίος

147 211 242 247 gelista
254 207 417 237 Matthmus?

167 250 285 285 'ERAN.
306 254 490 289 Quadraginta
506 252 584 280 duas.

181 302 286 330 ORTH.
296 301 324 328 Si
338 300 421 335 igitur
432 306 486 326 una
493 301 594 324 natura
607 299 649 322 est
658 294 784 322 Christus
794 292 935 323 Dominus,

147 349 194 383 qui
206 348 264 375 lieri
286 349 386 381 potest,
403 349 434 372 ut
449 344 522 371 idem
542 342 692 370 visibilium
708 345 790 374 atque
811 337 937 365 invisibi—

148 395 215 421 lium
227 393 349 419 omnium
364 391 399 418 sit
410 389 547 420 conditor,
565 392 593 415 et
606 391 668 422 post
686 390 726 412 tot
746 383 938 419 generationes

147 447 162 467 a
177 439 281 474 Spiritu
303 440 398 464 sancto
417 435 550 462 formatus
574 433 609 460 sit
636 432 663 459 in
692 434 772 458 utero
799 427 937 464 virgineo?

147 484 284 519 quomodo
297 490 374 514 vero,
389 485 420 508 ut
434 485 461 508 et
477 479 574 507 Adami
596 481 703 505 creator
726 476 771 508 sit,
791 479 820 502 et
841 481 937 502 eorum

147 530 193 564 qui
209 529 243 557 ab
257 529 361 556 Adamo
377 526 503 562 prognati
518 528 592 557 sunt,
603 523 694 550 ﬁlius?

182 575 286 603 ERAN.
302 575 361 602 Jam
375 578 438 600 ante
451 571 518 604 dixi,
539 571 597 598 haec
608 573 636 597 et
650 569 695 596 illa
708 568 732 595 ei
749 566 896 594 convenire
908 569 938 591 ut

145 621 203 648 Deo
215 620 367 646 incarnato.
386 617 473 644 Unam
497 616 571 643 enim
584 621 703 649 agnosco
714 611 797 640 Verbi
810 614 938 638 naturam

146 667 326 693 inearnatam.

177 710 286 738 ORTH.
302 709 397 743 Neque
414 715 476 740 nos,
488 707 531 734 vir
546 706 628 737 bone,
642 705 711 732 duas
725 703 773 730 Dei
793 701 876 729 Verbi
888 708 937 727 na-

147 759 224 782 turas
239 754 394 781 inearnatas
410 752 536 779 dicimus.
557 750 664 777 Scimus
680 748 752 775 enim
778 753 859 774 unam
877 753 938 773 esse

138 801 196 828 'Dei
212 799 294 828 Verbi
311 802 448 826 naturam.
463 797 516 824 Sed
535 803 657 827 carnem,
675 802 728 829 qua
748 797 828 820 utens
845 792 935 818 incar-

988 197 1101 233 ἀριθμεῖ
1117 197 1215 232 γενεάς
1227 206 1234 231 ;

1024 245 1124 271 EPAN.
1142 243 1412 279 Τεσσαρακονταδύο.

1023 290 1098 316 01⁸Θ.
1120 290 1152 315 El
1175 288 1266 315 τοίνυν
1290 288 1339 324 μία
1359 288 1440 323 φύσις
1464 289 1478 315 ό
1492 287 1632 322 Δεσπότης
1648 288 1780 323 Χριστὸς,

989 337 1047 368 πῶς
1061 334 1117 362 οἶόν
1137 344 1166 362 τε
1182 335 1263 362 αὑτὸν
1282 335 1329 361 καὶ
1343 335 1453 362 πάντων
1468 334 1575 370 ὁρατῶν
1591 335 1639 360 καὶ
1654 335 1781 369 ἀοράτων
1803 363 1806 370 1

989 381 1122 416 ὑπάρχειν
1147 381 1333 416 δημιουργὸν,
1358 381 1405 406 καὶ
1433 380 1504 415 μετὰ
1524 380 1619 413 γενεὰς
1645 380 1782 411 τοσαύτας
1803 371 1806 384 ²

989 427 1040 454 ὑπὸ
1053 427 1099 453 τοῦ
1111 427 1246 461 παναγίου
1263 426 1420 461 Πνεύματος
1433 426 1637 461 διαπλασθῆναι
1647 427 1675 452 ὲν
1688 426 1783 461 μήτρᾳ.

989 473 1160 508 παρθενικῇς
1178 473 1237 504 πῶς
1251 473 1279 499 δὲ
1295 473 1342 500 καὶ
1358 472 1405 499 τοῦ
1428 473 1513 508 ’Λδὰμ
1525 472 1651 507 ποιητὴς,
1667 473 1713 498 καὶ
1726 471 1783 498 τῶν
1801 462 1809 509 ξ

988 518 1035 544 τοῦ
1056 517 1142 552 Ἀδὰμ
1156 517 1296 551 ἀπογόνων
1313 517 1389 549 υἰός;
1642 518 1648 522 ’

1025 562 1124 589 ΕΡΛΝ.
1145 561 1199 588 Καὶ
1211 562 1260 598 ἤδη
1282 562 1414 598 πρότερον
1427 561 1495 597 ἔφην
1508 561 1545 593 ὡς
1560 562 1691 597 ἁρμόττει
1707 561 1784 597 αὒτῷ

990 608 1035 634 καὶ
1049 608 1136 634 ταῦτα
1153 609 1266 635 κάκεῖνα
1278 608 1316 640 ὡς
1330 601 1534 644 σεσαρκωμένῳ
1545 609 1603 643 Θεῷ
1615 616 1622 624 ·
1643 609 1707 644 μίαν
1726 609 1784 644 γὰρ

989 652 1046 680 οἶδα
1060 653 1107 681 τοῦ
1123 654 1210 688 Λόγου
1227 654 1308 688 φύσιν
1321 655 1547 690 σεσαρκωμένην.

1025 700 1102 726 ΟΡΘ.
1111 699 1179 726 Οὐδέ
1190 708 1222 734 γε
1236 701 1330 735 ἡμεῖς,
1347 699 1369 726 ὦ
1381 699 1478 734 ἀγαθὲ,
1490 699 1537 726 δύο
1551 699 1647 734 φύσεις
1659 700 1705 726 τοῦ
1714 699 1784 727 Θεοῦ

988 745 1074 779 Λόγου
1092 745 1285 779 σεσαρκῶςθαί
1304 754 1397 780 φαμεν
1411 754 1418 760 ·
1430 745 1495 780 μίαν
1512 745 1566 780 (40)
1581 745 1636 780 γὰρ
1646 745 1724 780 ἴσμεν
1733 745 1783 772 τοῦ

989 789 1056 816 Θεοῦ
1068 790 1156 824 Λόγου
1169 790 1218 825 τὴν
1227 790 1307 824 φύσιν
1321 797 1329 806 ·
1342 790 1409 818 ἀλλὰ
1418 791 1467 826 τὴν
1476 792 1574 827 σάρκα,
1609 791 1784 826 χρησάμενος

146 851 228 874 natus
243 849 294 877 est,
307 845 419 871 alterius
433 850 493 870 esse
506 846 611 869 natura:
625 840 783 867 didicimus.
801 839 870 865 Puto
887 844 938 864 au-

1006 836 1144 871 σαρκώθη,
1159 823 1256 871 ἐτέρας
1272 833 1341 863 εἶναι
1359 823 1466 871 φύσεως
1491 823 1681 873 ἐδιδάχθημεν.
1696 823 1784 873 ὸῖμαι

147 895 202 918 lem
215 894 241 917 te
254 889 326 916 idem
340 895 449 923 quoque
462 886 598 914 conﬁteri.
610 886 659 912 Dic
674 892 750 919 ergo,
761 884 837 918 105
846 886 938 909 utrum

147 935 363 963 incarnationem
377 933 528 960 mutatione
543 931 660 966 quadam
677 931 775 958 factam
783 937 844 956 esse
853 929 939 956 dicis?

182 981 285 1008 ERAN.
304 979 415 1007 Modum
427 987 483 1006 non
493 978 569 1010 novi,
585 977 668 1005 credo
688 981 779 1004 autem
796 975 884 1010 ipsum
896 975 939 1001 in-

140 1034 230 1054 -carna
234 1030 290 1053 tum
310 1033 379 1052 esse.

184 1071 289 1100 OBTH.
304 1069 430 1104 Improbe
445 1068 627 1104 ignorantiam
648 1067 788 1102 prmtexis.
804 1069 831 1092 et
842 1065 939 1092 Phari-

149 1123 266 1145 saeorum
292 1123 378 1142 more.
411 1115 478 1142 Nam
506 1114 544 1140 illi
569 1121 688 1148 quoque.
718 1110 941 1146 interrogationis

150 1162 299 1189 Dominicaa
311 1161 365 1187 vim
380 1159 589 1195 perspicientes,
598 1163 627 1186 et
639 1157 765 1185 convinci
777 1161 939 1187 metuentes,

150 1208 280 1234 dixerunt
297 1215 304 1233 :
321 1215 330 1231 ‹
344 1205 489 1233 Nescimus
507 1205 539 1230 ²¹.
567 1213 575 1229 ι
597 1204 653 1238 Ego
667 1210 734 1230 vero
758 1202 860 1229 diserte
875 1208 941 1235 pro-

150 1253 258 1285 nuntio,
283 1252 404 1279 divinam
421 1249 638 1278 incarnationem
662 1257 677 1275 a
698 1247 850 1275 mutatione
873 1246 941 1273 libe-

150 1307 208 1325 ram
220 1298 314 1326 l‘uisse.
342 1297 370 1324 Si
398 1296 472 1323 enim
495 1295 661 1322 alteratione
678 1293 807 1329 quapiam
828 1296 856 1320 et
879 1300 941 1319 mu-

151 1343 253 1370 tatione
285 1342 444 1368 incarnatus
475 1343 527 1371 est,
561 1339 638 1366 nullo
680 1337 763 1364 modo
800 1337 851 1372 ipsi
881 1341 943 1371 post

150 1388 330 1416 mutationem
341 1387 384 1414 vel
400 1394 444 1413 res
461 1386 504 1412 vel
519 1385 632 1412 nomina
645 1384 739 1412 divina
761 1383 940 1411 conveniunt.

185 1434 289 1462 ERAN.
316 1433 392 1468 Smpc
410 1433 465 1468 jam
485 1432 603 1459 confessi
617 1439 723 1462 sumus,
742 1429 942 1457 immutabilem

150 1489 211 1508 esse
224 1481 310 1507 Deum
327 1479 459 1507 Verbum.
469 1475 475 1479 ’

185 1526 289 1553 URTll.
303 1526 392 1553 Carne
405 1525 489 1560 igitur
505 1527 645 1559 assumpta
656 1523 815 1550 incarnatus
831 1526 881 1550 est.

185 1571 290 1598 ERAN.
305 1572 407 1599 Verum
420 1574 473 1598 est.

180 1617 291 1646 'ORTH.
305 1618 363 1645 Alia
376 1617 487 1651 quidem
501 1621 543 1643 est
567 1616 706 1643 incarnata
725 1616 774 1643 Dei
796 1615 879 1643 Verbi
895 1622 942 1642 na-

152 1671 223 1697 tura,
237 1664 289 1692 alia
309 1663 396 1698 ipsius
423 1661 525 1693 carnis,
537 1668 619 1695 quam
639 1668 781 1687 assumens
794 1659 843 1687 Dei
858 1659 941 1688 Verbi

144 1717 250 1741 natura
265 1711 405 1738 incarnata
418 1712 459 1735 est
473 1711 501 1735 et
516 1707 599 1734 homo
611 1706 693 1734 facta.

189 1756 291 1784 ERAN.
314 1755 376 1782 Haec
390 1754 427 1781 ita
441 1761 469 1781 se
480 1753 582 1780 habere
596 1758 712 1780 constat.

186 1803 291 1832 ORTH.
312 1801 389 1830 Anne
399 1801 482 1836 igitur
498 1807 648 1828 conversus
658 1803 700 1827 est
713 1799 742 1827 in
759 1799 891 1827 carnem?

184 1849 288 1878 ERAN.
301 1849 488 1882 Nequaquam.

187 1893 292 1922 ORTH.
307 1892 334 1919 Si
343 1899 408 1927 ergo
418 1899 473 1918 non
481 1898 640 1923 conversus,
652 1890 700 1917 sed
710 1898 793 1918 carne
803 1894 944 1925 assumpta

149 1941 313 1967 incarnatus
328 1943 380 1970 est,
395 1941 551 1972 congruunt
564 1940 658 1963 autem
669 1939 697 1963 et
709 1936 767 1963 hate
783 1940 810 1963 et
821 1936 866 1963 illa
885 1940 944 1962 tan-

147 1993 233 2021 quam
245 1985 387 2012 incarnato
396 1984 463 2015 Deo,
474 1987 505 2010 ut
522 1983 605 2018 paulo
614 1986 678 2009 ante
697 1981 801 2015 dixisti,
810 1990 865 2009 non
875 1989 943 2009 con-

152 2033 218 2059 fusae
230 2035 294 2059 sunt
305 2035 418 2061 natura},
434 2029 482 2056 sed
497 2029 611 2064 integrae
625 2033 795 2056 manserunt.
808 2028 854 2056 Sic
868 2027 943 2055 enim

150 2077 336 2112 intelligentes
367 2075 447 2102 facile
475 2075 705 2109 cvangelistarum
736 2074 943 2101 consonantiam

149 2129 308 2149 cernemus.
330 2121 416 2148 Unius
434 2120 507 2147 enim
533 2119 684 2155 Unigeniti,
712 2119 815 2146 Christi
831 2119 944 2154 inquam

989 881 1017 908 δέ
1035 890 1066 915 γε
1086 882 1167 908 τοῦτο
1184 882 1232 908 καὶ
1255 882 1285 908 σὲ
1306 883 1509 918 συνομολογεῖν.
1532 884 1600 910 Εἰπὲ
1616 884 1716 916 τοίνυν,
1732 883 1783 917 τὴν

990 926 1127 960 σάρκωσιν
1144 928 1214 953 κατὰ
1230 929 1333 963 τροπήν
1349 936 1411 954 τινα
1426 928 1590 963 γεγενῆσθαι
1604 929 1712 963 λέγεις;

1025 972 1126 998 ΕΡΛΝ.
1145 972 1203 999 Οὐκ
1230 971 1288 999 οἶδα.
1307 973 1353 999 τὸν
1371 974 1484 1009 τρόπον,
1508 974 1627 1001 πιστεύω
1649 975 1676 1002 δὲ
1699 975 1782 1002 αὑτὸν

992 1017 1179 1052 σαρκωοῆναι.

1027 1063 1101 1089 ΟΡΘ.
1127 1064 1297 1100 Κακούργως
1321 1065 1476 1101 προύϐάλου
1502 1066 1551 1102 τὴν
1578 1067 1706 1101 ἄγνοιαν,
1733 1068 1784 1094 καὶ

991 1110 1047 1139 τοῖς
1064 1110 1222 1144 Φαρισαίοις
1235 1111 1444 1146 παραπλησίως.
1464 1113 1518 1139 Καὶ
1536 1113 1590 1148 γὰρ
1606 1115 1718 1146 ἐκεῖνοι,
1733 1114 1783 1148 τῆς

992 1155 1159 1190 Δεσποτικῆς
1173 1157 1335 1191 ἐρωτήσεως
1345 1158 1376 1184 τὸ
1396 1159 1506 1194 ἰσχυρὸν
1523 1159 1702 1195 θεασάμενοι,
1723 1157 1784 1187 εἶτα

991 1200 1036 1226 τὸν
1050 1200 1159 1236 ἔλεγχον
1174 1202 1358 1238 ὑπειδόμενοι,
1376 1204 1417 1237 τὸ,
1434 1215 1442 1230 ι
1463 1206 1519 1232 Uine
1536 1206 1675 1241 οῖδαμεν,»
1694 1204 1781 1234 εἷπον.

999 1246 1069 1280 Ἐγὼ
1088 1247 1116 1273 δὲ
1134 1248 1187 1282 βοῶ
1201 1249 1363 1285 διαρρήδην,
1380 1250 1418 1282 ὡς
1433 1252 1447 1286 ἠ
1468 1251 1527 1278 θεία
1548 1253 1686 1287 σάρκωσις
1703 1253 1781 1279 ἐλευ-

993 1291 1059 1326 θέρα
1078 1294 1192 1328 τροπῆς.
1217 1294 1247 1320 Εἰ
1271 1294 1325 1329 γὰρ
1345 1296 1405 1321 κατ’
1421 1295 1564 1322 ἀλλοίωσίν
1580 1305 1641 1322 τινα
1657 1297 1703 1323 καὶ
1719 1305 1783 1332 τρο-

993 1338 1046 1373 πὴν
1070 1339 1228 1374 ὲσαρκώοη,
1257 1340 1384 1375 οὐδαμῶς
1409 1341 1483 1376 αὐτῷ
1510 1341 1578 1376 μετὰ
1602 1342 1651 1375 τὴν
1676 1344 1784 1378 τροπὴν

993 1384 1124 1419 ἁρμόττει
1142 1385 1176 1412 τὰ
1197 1386 1256 1412 Gaia
1268 1386 1323 1412 τῶν
1336 1387 1476 1422 ὀνομάτων
1492 1396 1522 1414 τε
1538 1388 1586 1414 καὶ
1600 1389 1780 1424 πραγμάτων.

1031 1430 1135 1458 EPAN.
1160 1432 1384 1468 Ὠμολογήσαμεν
1400 1433 1533 1466 πολλάκις
1551 1435 1686 1469 ἄτρεπτον
1713 1433 1783 1462 εἷναι

992 1475 1037 1502 τὸν
1052 1476 1119 1504 Θεὸν
1133 1477 1230 1511 Λόγον.
1382 1495 1386 1499 κ

1029 1522 1106 1549 ΟΡΘ.
1123 1523 1273 1559 Τοιγαροῦν
1288 1525 1377 1561 σάρκα
1392 1525 1482 1552 λαϐὼν
1499 1526 1656 1562 ἐσαρκώοη.

1028 1569 1129 1596 EPAN.
1151 1569 1272 1604 Ἀληθές.

1029 1613 1104 1641 ΟΡΘ.
1126 1614 1209 1650 ’Ἄλλη
1236 1615 1318 1651 μὲνὴ
1347 1616 1521 1652 σαρκωθεῖσα
1535 1616 1583 1644 τοῦ
1607 1616 1675 1644 Θεοῦ
1694 1617 1782 1653 Λόγου

994 1657 1085 1692 φύσις,
1101 1658 1168 1693 ἄλλη
1183 1659 1211 1685 δὲ
1225 1660 1241 1693 ή
1255 1660 1304 1694 τῆς
1324 1661 1436 1696 σαρκὸς,
1455 1661 1488 1696 ἢν
1510 1662 1684 1688 ἀναλαϐοῦσα
1698 1664 1714 1698 ἡ
1733 1663 1779 1690 τοῦ

994 1703 1065 1730 θείου
1080 1705 1168 1739 Λόγου
1183 1705 1264 1740 φύσις
1281 1707 1426 1742 ὲσαρκώθη
1439 1708 1485 1734 καὶ
1500 1708 1727 1744 ὲνηνθρώπησεν.

1032 1751 1134 1777 ΕΡΑΝ.
1153 1751 1345 1786 Ὠμολόγηται.

1031 1796 1106 1823 υΡΘ.
1124 1796 1230 1823 Οὐκοῦν
1247 1797 1352 1833 ἐτράπη
1371 1798 1410 1829 είς
1424 1799 1531 1833 σάρκα;

1030 1842 1133 1868 ΕΡΔΝ.
1153 1842 1298 1878 Οὐδαμῶς.

1030 1888 1106 1915 ΟΡΘ.
1129 1889 1160 1915 Ei
1181 1889 1272 1916 τοίνυν
1298 1889 1329 1916 οὗ
1346 1890 1482 1924 τραπεὶς,
1497 1891 1566 1918 ἀλλὰ
1581 1891 1670 1927 σάρκα
1694 1892 1783 1920 λασὼν

994 1934 1139 1969 ὲσαρκώθη
1149 1952 1157 1966 ,
1175 1935 1306 1970 ἁρμόττει
1321 1935 1350 1962 δὲ
1365 1936 1413 1962 καὶ
1432 1936 1520 1963 ταῦτα
1538 1937 1653 1965 κάκεῖνα
1665 1938 1703 1970 ὡς
1717 1947 1783 1975 σαρ-

994 1980 1109 2007 κωθέντι
1121 1980 1180 2016 Θεῷ
1193 1989 1200 1996 ·
1215 1981 1295 2008 τοῦτο
1315 1981 1369 2017 γὰρ
1385 1979 1466 2014 εἶπας
1486 1984 1588 2018 ἀρτίως
1599 1993 1607 2000 ο
1622 1985 1653 2011 οὐ
1671 1986 1784 2021 συνεχύ-

996 2025 1081 2060 θησαν
1107 2027 1134 2053 αι
1157 2026 1271 2060 φύσεις,
1293 2027 1350 2054 ἀλλ’
1373 2027 1487 2063 ἔμειναν
1512 2030 1684 2065 ἀκραιφνεῖς.
1707 2031 1784 2058 Οὕτω

994 2072 1049 2108 γὰρ
1061 2071 1185 2104 νοοῦντες
1199 2073 1247 2099 καὶ
1263 2074 1311 2109 τὴν
1326 2074 1528 2108 εὐαγγελιστῶν
1545 2077 1704 2111 συμφωνίαν
1720 2078 1783 2112 όψό-

997 2119 1077 2154 μεθα.
1093 2119 1146 2146 Τοῦ
1162 2119 1217 2154 γὰρ
1232 2120 1291 2152 ἑνὸς
1303 2120 1484 2155 Μονογενοῦς,
1501 2122 1547 2148 τοῦ
1568 2123 1704 2149 Δεσπότου
1718 2124 1783 2158 Χρι-

151 2167 271 2198 Domini,
290 2166 334 2193 iile
352 2165 540 2193 “divinitatem
551 2165 693 2196 describit,
711 2165 758 2192 hic
767 2173 833 2192 vero
846 2165 940 2192 huma-

1001 2165 1059 2191 ττοῦ
1070 2165 1153 2199 λέγω,
1172 2166 1186 2192 ό
1204 2165 1253 2200 μὲν
1269 2166 1304 2192 τὰ
1324 2167 1384 2193 θεῖα
1404 2168 1546 2202 κηρύττει,
1562 2170 1576 2194 ό
1590 2168 1618 2194 δὲ
1633 2169 1667 2194 τὰ
1679 2169 1783 2204 ἀνθρώ-

151 2213 276 2240 nitatem.
292 2212 338 2239 Sic
352 2216 443 2239 autem
459 2211 610 2246 intelligere
620 2211 678 2246 ipse
690 2218 800 2245 quoque
814 2210 943 2238 Christus

151 2258 284 2287 Dominus
294 2266 344 2285 nos
354 2258 458 2290 docuit,
468 2259 514 2292 qui
526 2265 600 2284 nune
610 2257 721 2292 quidem
731 2257 853 2292 seipsum
865 2257 944 2292 106

150 2305 199 2332 Dei
213 2305 310 2332 Fitium
326 2304 456 2339 appellat.
467 2311 541 2330 nunc
558 2303 658 2330 Filium
677 2303 814 2330 hominis:
831 2307 859 2330 et
877 2303 946 2331 alias

151 2351 242 2382 matri,
258 2353 387 2384 tanquam
410 2349 547 2385 genitriei,
566 2349 699 2376 honorem
712 2350 809 2377 tribuit
817 2351 857 2383 “;
877 2350 945 2377 alias

150 2395 275 2422 eamdem
302 2399 434 2429 tanquam
452 2394 585 2421 Dominus
609 2394 732 2429 increpat
749 2396 780 2421 ’³.
809 2395 843 2422 Et
861 2396 943 2423 modo

150 2440 283 2475 approbat
297 2441 466 2475 appellantes
477 2440 567 2474 ipsum
587 2439 672 2466 lilium
683 2440 794 2467 Davidis
804 2441 846 2473 η’,
860 2441 942 2468 modo

151 2486 311 2521 ignorantes
335 2486 426 2518 docet,
452 2494 481 2512 se
510 2494 565 2512 non
591 2486 679 2512 solum
703 2486 788 2513 ﬁliuni
809 2495 881 2519 esse,
895 2487 942 2514 sed

150 2532 234 2559 etiam
246 2531 387 2558 dominum
404 2532 515 2559 Davidis
528 2532 560 2558 ⁸⁵.
572 2531 606 2558 Ει
615 2531 753 2559 interdum
767 2532 902 2560 Nazarelh
916 2537 944 2560 et

150 2578 323 2612 Capernaum
348 2579 465 2612 patriam
483 2583 581 2606 vocat:
597 2586 694 2605 rursus
708 2583 799 2606 autem
820 2579 919 2607 clamat
936 2589 941 2607 :

155 2633 164 2650 ι
179 2624 333 2658 Antequam
363 2624 500 2651 Abraham
525 2630 696 2656 nasceretur,
714 2632 766 2660 ego
784 2633 845 2652 sum
868 2625 912 2653 “'.
931 2635 940 2652 ι

188 2681 209 2697 ²¹
226 2681 320 2707 Matth.
337 2689 394 2711 x-xt,
406 2681 451 2707 27.

151 2717 183 2731 ’⁵⁸
197 2716 276 2743 Joan.
297 2724 354 2748 vm,
367 2716 410 2743 ὃὸ.

513 2682 535 2697 "
554 2682 620 2708 Luc.
639 2689 668 2714 ιι,
682 2682 726 2708 51.

186 2772 242 2843 (59;
261 2772 300 2799 Ὀ.
315 2773 355 2799 Ex
367 2772 434 2799 edit.
453 2773 531 2799 Rern.
545 2777 572 2799 et
584 2773 658 2807 Lips.
673 2773 840 2807 suppletum.

186 2807 230 2843 (40
252 2807 451 2843 Μίαν-φύσιν.
465 2808 503 2834 Ex
514 2808 610 2835 iisdem
621 2808 699 2835 editt.
716 2809 774 2836 haec
786 2816 840 2843 sup,

186 2807 241 2843 (40)
252 2807 451 2843 Μίαν-φύσιν.
465 2808 503 2834 Ex
514 2808 610 2835 iisdem
621 2808 699 2835 editt.
716 2809 774 2836 haec
786 2809 937 2844 supplenda

777 2682 800 2698 "
810 2683 889 2710 Joan.
905 2691 934 2715 ιι,
948 2683 974 2710 4.

997 2220 1076 2240 πινα.
1095 2211 1175 2238 Οὕτω
1198 2212 1227 2238 δὲ
1248 2214 1319 2239 νοεῖν
1337 2214 1384 2240 καὶ
1409 2214 1492 2245 αὐτὸς
1516 2215 1530 2240 ὀ
1555 2214 1694 2249 Δεσπότης
1712 2215 1784 2250 ἡμᾶς

994 2257 1114 2284 διδάσκει
1140 2257 1275 2293 Χριστὸς,
1303 2258 1350 2285 νῦν
1377 2259 1426 2294 μὲν
1455 2259 1550 2285 ἑαυτὸν
1573 2261 1783 2296 προσαγορεύων

995 2302 1062 2329 Θεοῦ
1080 2303 1155 2334 Υίὸν,
1171 2303 1219 2329 νῦν
1232 2303 1260 2330 δὲ
1276 2304 1339 2330 Υἱόν
1353 2304 1497 2339 ἀνθρώπου
1508 2311 1514 2318 ⁶
1527 2305 1574 2331 καὶ
1587 2305 1651 2332 ποτὲ
1671 2307 1729 2340 μὲν,
1747 2306 1783 2338 ὡς

995 2351 1192 2385 γεγεννηκυῖαν
1212 2349 1262 2384 τὴν
1278 2350 1387 2386 μητέρα
1406 2351 1484 2385 τιμᾷ,
1503 2351 1568 2378 ποτὲ
1583 2351 1610 2377 δὲ
1629 2352 1666 2383 ὠς
1682 2353 1781 2378 Δεσπό-

995 2403 1046 2430 της
1058 2396 1181 2431 ἐπιτιμᾷ·
1191 2396 1239 2422 καὶ
1247 2395 1296 2422 νῦν
1307 2395 1356 2430 μὲν
1368 2396 1431 2427 τοὺς
1443 2396 1498 2422 υἱὸν
1510 2397 1592 2423 Δαεὶδ
1602 2397 1783 2432 ὀνομάζοντας

997 2441 1171 2476 ἀποδέχεται,
1199 2442 1246 2468 νῦν
1260 2442 1288 2468 δὲ
1303 2441 1423 2468 διδάσκει
1445 2442 1508 2474 τοὺς
1520 2443 1684 2476 ἀγνοοῦντος
1698 2443 1735 2476 ὡς
1753 2444 1781 2470 οὺ

994 2487 1074 2522 μόνον
1090 2487 1148 2519 υἱός
1163 2488 1255 2520 ἐστιν,
1273 2487 1341 2514 ἀλλὰ
1365 2487 1411 2514 καὶ
1432 2487 1527 2523 κύριος
1549 2488 1595 2515 τοῦ
1616 2490 1707 2516 Δαόίδ.
1733 2490 1783 2516 Καὶ

993 2533 1072 2560 καλεῖ
1082 2534 1130 2568 μὲν
1141 2533 1190 2568 τὴν
1198 2533 1325 2568 Ναζαρὲτ
1337 2534 1383 2560 καὶ
1391 2534 1440 2569 τὴν
1454 2535 1641 2570 Καπερναοὺμ
1656 2537 1781 2571 πατρίδα-

995 2579 1044 2615 βοᾷ
1058 2579 1086 2606 δὲ
1101 2579 1192 2606 πάλιν·
1211 2589 1220 2605 ι
1234 2580 1303 2615 Πρὶν
1324 2580 1449 2615 Ἀϐραὰμ
1463 2581 1602 2614 γενέσθαι,
1616 2582 1671 2616 ἐγώ
1687 2584 1755 2617 εἰμι.
1773 2593 1780 2608 ι

994 2625 1167 2660 Παμπόλλων
1177 2625 1206 2652 δὲ
1219 2625 1347 2653 τοιούτων
1363 2626 1493 2662 εὑρήσεις
1507 2628 1636 2655 ἀνάπλεω
1651 2629 1700 2663 τὴν
1711 2629 1783 2656 Θείαν

1032 2682 1063 2698 ⁸³*
1084 2682 1179 2709 Matth.
1194 2690 1250 2715 xxx,
1261 2682 1278 2709 9
1295 2689 1372 2717 seqq.
1425 2683 1448 2698 ”
1459 2683 1554 2710 Matth.
1575 2692 1639 2717 xxn,
1656 2685 1689 2712 ΔΞ
1709 2693 1783 2720 seqq.

992 2773 1120 2836 Euerunt.
1146 2775 1228 2802 Plura
1255 2779 1333 2802 erant
1358 2775 1386 2803 in
1406 2775 1534 2803 versione
1556 2783 1637 2811 quam
1661 2777 1688 2803 in
1711 2781 1781 2805 textu

1017 2817 1096 2836 neco.

1017 2817 1096 2836 ιτοοο.
