1953 3055
174 159 225 192 145

177 263 248 289 τ.κὰ.

212 351 312 377 EPAN.
338 349 368 376 Ὀ
383 349 430 376 δύο
444 349 540 384 φύσεις
558 350 586 377 ὲν
607 350 646 386 τῷ
661 351 772 386 Χριστῷ
784 351 904 387 θεωρῶν,
925 353 966 384 εἰς

135 415 140 432 ε
175 395 223 422 δύο
235 397 307 428 υἱοὺς
322 395 429 431 μερίζει
443 395 488 422 τὸν
502 395 549 422 ἕνα
569 397 719 432 Μονογενῆ.

212 442 289 468 ΟΡΘ.
310 441 416 468 Οὐκοῦν
437 441 484 468 καὶ
499 442 514 468 ὁ
533 441 578 468 τὸν
593 443 698 470 Παῦλον
714 445 745 470 ἐκ
767 443 857 479 ψυχῆς
879 444 966 478 λέγων

177 487 225 514 καὶ
239 487 372 522 σώματος,
387 487 434 514 δύο
450 487 572 520 Παύλοος
588 489 633 514 τὸν
644 489 693 516 ἕνα
707 488 762 524 (41)
778 490 929 525 ἀπέφηνεν.

213 575 315 602 ΕΡΑΝ.
336 575 476 607 Ἀπεοικὸς
495 575 525 602 τὸ
539 575 724 611 παράδειγμα.

215 621 293 648 ΟΡΘ.
311 618 377 648 Οἶδα
393 621 481 655 κάγώ.
504 622 636 648 Ἐνταῦθα
651 622 705 658 γὰρ
718 623 820 657 φυσικὴ
838 622 891 649 τῶν
903 623 967 657 ὀμοα

179 667 294 701 χρόνων,
310 667 357 693 καὶ
372 668 499 697 κτιστῶν,
519 667 566 693 καὶ
589 667 741 702 ὁμοδούλων
756 670 772 703 ἡ
791 669 887 700 ἓνωσις
899 677 906 684 ·
921 668 967 694 ἐπὶ

177 712 206 738 δὲ
217 712 265 739 τοῦ
282 714 417 740 Δεσπότου
432 713 560 748 Χριστοῦ,
572 715 603 740 τὸ
618 714 678 740 ὃ).ον
694 714 820 746 εὐδοκίας
833 715 902 745 ἐπὶ,
921 717 968 741 καὶ

179 758 400 793 φιλανθρωπίας,
423 759 469 785 καὶ
485 759 605 794 χάριτος.
624 760 696 794 Πλὴν
716 760 762 786 καὶ
783 761 901 794 φυσικῆς
923 761 967 786 ὲν-

178 803 268 831 “seu
279 804 328 838 τῆς
338 803 462 836 ὲνώσεως
475 804 568 840 οὔσης,
585 805 703 841 ἀκέραια
719 807 858 841 μεμένηκε
869 807 901 833 τὰ
913 807 968 832 τῶν

179 848 289 882 φύσεων
303 848 365 876 ἴδια.

704 162 892 192 DIALOGUS
913 162 952 191 ll.
976 173 1007 178 -·
1027 161 1272 191 ὶΝΟΟΝΕυὸΰε.

174 216 295 251 Γραιρήν.
317 214 409 242 Ταῦτα
423 214 451 241 δι
469 214 499 241 οὐ
519 215 583 250 μιᾶς
605 214 722 249 φύσεως,
736 216 804 242 ἀλλὰ
815 216 861 242 δύο
875 216 960 251 δηλω-
976 217 996 246 Α

1751 157 1802 190 146

1012 214 1173 250 llujusmodi
1192 214 1274 242 dictis
1290 213 1416 249 plurimis
1435 213 1560 241 inuenies
1578 212 1706 240 refertam
1729 212 1801 239 divi-

1014 268 1075 287 nam
1099 260 1279 294 Scripturam.
1298 260 1362 287 Haec
1377 267 1459 294 porro
1483 267 1537 286 non
1561 267 1641 286 unam
1665 264 1800 289 naturam,

1014 306 1062 334 sed
1080 306 1148 332 duas
1161 306 1360 332 demonstrant.
1657 314 1662 315 ν

1050 351 1154 378 ERAN.
1176 351 1227 384 Qui
1247 351 1316 378 duas
1330 351 1357 378 in
1374 350 1484 378 Christo
1507 355 1619 378 naturas
1633 350 1800 382 considerat,

1015 398 1043 425 in
1057 397 1126 424 duos
1139 389 1209 424 filios
1224 396 1324 424 dividit
1340 404 1426 424 unum
1439 396 1486 431 qui
1500 401 1543 424 est
1559 396 1732 431 lluigenitus.

1050 442 1156 470 ORTH.
1171 442 1242 477 Ergo
1258 446 1286 469 et
1301 442 1347 476 qui
1364 442 1477 469 Paulum
1489 449 1522 468 ex
1538 441 1628 468 anima
1644 445 1673 468 et
1688 447 1802 475 corpore

1017 488 1220 523 (compositum)
1250 487 1328 519 dicit,
1360 487 1429 514 duos
1448 486 1546 514 Paulos
1570 493 1619 521 pro
1639 493 1693 512 uno
1718 485 1803 512 Paulo

1017 534 1091 561 facit.

1052 579 1155 606 ERAN.
1177 578 1314 606 Dissimile
1329 581 1370 605 est
1383 577 1549 612 exemplum.

1053 625 1157 653 ORTH.
1176 624 1239 651 Scio
1256 629 1284 652 et
1302 631 1362 658 ego.
1380 623 1431 649 llic
1446 623 1520 649 enim
1539 621 1671 648 naturalis
1681 625 1722 649 est
1738 621 1804 649 unio

1017 678 1112 698 eorum
1125 678 1186 704 qua:
1208 675 1330 703 tempore
1355 668 1501 703 conjuncta
1523 671 1596 699 sunt,
1611 671 1639 694 et
1659 671 1760 699 creata,
1777 671 1805 694 et

1017 723 1148 743 conserva
1167 724 1173 741 :
1190 715 1218 741 in
1232 714 1340 741 Christo
1356 717 1447 740 autem
1471 711 1585 739 Domino
1602 711 1702 738 divinae
1715 719 1807 739 omnia

1017 759 1163 792 voluntati,
1187 762 1216 786 et
1241 757 1328 785 amori
1342 764 1405 792 erga
1434 755 1569 787 homines,
1597 759 1624 782 et
1651 754 1744 790 gratiae
1758 754 1806 782 tri-

1017 805 1127 832 buenda
1147 808 1219 832 sunt.
1238 804 1340 832 Verum
1359 803 1405 830 hic
1426 801 1520 834 etiam,
1536 800 1600 828 licet
1622 800 1754 828 naturalis
1769 799 1808 828 sit

1020 850 1096 882 unio,
1112 854 1202 878 tamen
1212 849 1324 885 integrae
1341 850 1667 876 manseruntnaturarum
1679 845 1806 881 proprie-

984 885 1004 912 "
1022 898 1100 923 lates.

217 935 317 961 ΕΡΔΝ.
337 935 369 962 Et
392 935 527 970 διέμεινεν
542 935 630 970 ἀμιγῆ
645 937 679 962 τὰ
699 936 755 962 τῶν
773 936 880 970 φύσεων
902 936 965 971 ῐδια,

181 981 241 1012 πῶς
258 981 326 1016 μετὰ
337 981 384 1008 τοῦ
397 981 522 1016 σώματος
535 982 662 1017 ὀρέγεται
676 982 779 1017 τροφῆς
788 983 860 1018 ψυχή
874 991 881 1016 ;

217 1075 292 1102 0P8.
318 1075 374 1109 Οὐχ
391 1075 407 1109 ἠ
426 1074 499 1110 ψυχὴ
522 1075 626 1110 τροφῆς
647 1075 774 1110 ὀρέγεται
788 1082 795 1090 ο
834 1075 893 1106 πῶς
914 1076 969 1111 γὰρ

179 1122 232 1156 ἥγε
245 1121 388 1152 ἀθάνατος,
403 1121 450 1146 καὶ
462 1120 592 1156 κρείττων
605 1120 725 1155 τροφῆς;
745 1120 824 1147 Ἀλλὰ
835 1121 865 1147 τὸ
877 1121 968 1156 σῶμα,

181 1166 230 1201 τὴν
244 1165 362 1201 ζωτικὴν
379 1165 495 1199 δύναμιν
521 1166 584 1200 παρ’
602 1166 687 1200 αὐτῆς
712 1166 904 1201 κομιζόμενον,
930 1168 970 1193 αἱ-

182 1212 312 1238 σθάνεται
329 1211 379 1245 τῆς
404 1211 519 1242 ἐνδείας,
538 1210 584 1237 καὶ
610 1211 775 1250 προσλαϐεῖν
797 1212 826 1238 τὺ
847 1211 969 1238 ἐλλεῖπον

181 1258 288 1292 ἐφίεται
298 1266 304 1272 ·
319 1256 390 1283 οὕτω
405 1258 452 1283 καὶ
466 1256 624 1292 ἀναπαύλης
644 1257 714 1291 μετὰ
728 1256 808 1284 πόνον
822 1257 969 1292 ἱμείρεται,

181 1304 229 1330 καὶ
244 1303 312 1338 μετὰ
319 1304 492 1338 ἐγρήγορσιν,
506 1303 600 1333 ὕπνου,
613 1303 660 1329 καὶ
669 1302 723 1330 τῶν
731 1302 819 1330 ἄλλων
828 1303 968 1334 ὡσαύτως.

181 1349 285 1375 Αὐτίκα
301 1349 390 1375 τοίνυν
413 1348 483 1383 μετὰ
504 1348 553 1383 τὴν
566 1348 698 1380 διάλυσιν,
718 1348 768 1383 τὴν
787 1348 905 1383 ζωτικὴν
921 1349 971 1376 οὐκ

182 1394 244 1428 ἕχον
261 1394 399 1428 ἐνέργειαν
414 1413 422 1423 ,
443 1392 503 1418 οὐδὲ
518 1393 643 1428 ὀρέγεται
658 1392 705 1419 τοῦ
721 1392 902 1426 ἐλλείποντος,
924 1393 971 1422 καὶ

184 1439 222 1474 μὴ
239 1437 457 1474 προσλαμϐάνων
473 1437 605 1472 ὑπομένει
617 1436 730 1472 φθοράν.

219 1485 321 1512 EPAN.
346 1484 428 1519 Ὁρᾷς
442 1483 482 1510 ὅτι
494 1485 543 1518 τῆς
555 1483 646 1518 ψυχῆς
659 1483 717 1509 ὲστι
733 1482 763 1509 τὺ
777 1482 866 1518 διψᾷν,
882 1483 929 1510 καὶ
941 1483 971 1509 τὸ

183 1532 291 1565 πεινῆν,
309 1529 401 1557 καὶτὰ
420 1529 526 1561 τούτοις
543 1529 715 1564 προσόμοια;

219 1576 294 1603 ΟΡΘ.
316 1576 347 1602 Ei
361 1575 409 1610 τῆς
420 1575 510 1610 ψυχῆς
522 1575 608 1601 ταῦτα
623 1572 668 1610 ἦν,
682 1575 729 1601 καὶ
744 1574 813 1610 μετὰ
821 1573 870 1609 τὴν
885 1574 973 1601 ἀπαλ-

184 1622 270 1656 λαγὴν
289 1622 321 1648 ἂν
335 1621 382 1647 τοῦ
397 1620 533 1656 σώματος,
545 1621 592 1647 καὶ
602 1621 652 1656 τὴν
666 1620 761 1647 πείναν
774 1620 914 1656 ὑπέμεινε,
927 1619 974 1646 καὶ

184 1669 215 1697 τὸ
226 1669 312 1703 δίψος,
326 1668 373 1694 καὶ
386 1667 421 1693 τὰ
432 1667 500 1694 ἄλλα
513 1667 655 1698 ὡσαύτως.

221 1713 322 1741 ΕΡΛΝ.
339 1712 406 1739 Τίνα
416 1710 463 1739 οὖν
475 1712 528 1747 φὴς
540 1711 608 1738 εἶναι
626 1711 680 1738 ῐδια
694 1711 744 1746 τῆς
755 1710 844 1746 ψυχῆς
855 1718 862 1743 ;

221 1806 298 1833 ΟΡΘ.
326 1805 363 1831 Τὸ
391 1803 510 1839 λογικὸν,
525 1803 556 1830 τὸ
581 1802 696 1836 ἁπλοῦν,
723 1802 753 1829 τὸ
775 1801 920 1833 ἀθάνατον,
945 1800 975 1827 τδ

186 1853 314 1888 ἀόρατον.

222 1898 324 1926 ΕΡΑΝ.
339 1897 371 1924 Τί
386 1897 413 1923 δὲ
424 1895 472 1923 τοῦ
485 1895 627 1930 σώματος;

223 1944 298 1971 οΡΘ.
315 1943 351 1970 Τὸ
370 1943 506 1975 σύνθετον,
521 1942 552 1968 τὸ
562 1941 670 1976 ὁρατὸν,
681 1940 712 1966 τδ
729 1939 834 1975 θνητόν.

225 1989 327 2017 ΕΡΑΝ.
359 1989 406 2015 Ἐκ
432 1988 460 2014 δὲ
492 1987 595 2014 τούτων
623 1986 714 2021 φαμὲν
739 1984 898 2019 συγκεῖσθαι
930 1985 976 2011 τὸν
993 2014 1005 2023 ⁸

189 2036 331 2071 ἄνθρωπον
341 2043 349 2067 ;
566 2065 572 2069 ,

226 2082 302 2109 ΟΡΘ.
322 2081 399 2107 Οὕτω
411 2078 511 2114 φαμέν.

226 2127 330 2155 EPAN.
349 2124 514 2162 Ὀριζόμεθα
527 2121 574 2152 οὖν
592 2124 638 2152 τὸν
653 2123 807 2159 ἄνθρωπον,
826 2122 894 2155 ζῶον
904 2123 963 2157 λογι

190 2175 239 2202 κον
255 2173 352 2208 θνητόν
361 2182 368 2205 ;

227 2221 304 2249 ΟΡΘ.
324 2219 516 2255 Ὧμολόγηται.

226 2268 329 2294 ΕΡΔΝ.
359 2266 414 2293 Καὶ
438 2267 471 2292 ἐκ
485 2264 590 2291 τούτων
616 2262 751 2290 κάκείνων
774 2261 856 2289 αὑτὸν
880 2261 978 2296 ὀνομά-

192 2313 292 2348 ξομενι

229 2358 306 2386 ope.
327 2356 449 2391 ’Ᾱληῦἐς.

230 2403 332 2432 ΕΡΔΝ.
361 2403 467 2437 Ὠσπερ
493 2399 584 2426 τοίνυν
608 2401 638 2427 οὗ
660 2399 818 2435 διαιροῦμεν
850 2396 976 2430 ἐνταῦθα,

192 2450 261 2478 ἀλλὰ
273 2449 317 2476 τὸν
333 2448 413 2475 αὑτὸν
436 2445 572 2482 καλῶμεν
588 2447 635 2473 καὶ
659 2446 768 2480 λογικὸν
791 2444 838 2471 καὶ
863 2443 977 2477 θνητόν·

193 2495 320 2523 οὕτωκαὶ
335 2495 382 2523 ἐπὶ
393 2493 440 2522 τοῦ
451 2493 570 2530 Χριστοῦ
585 2494 720 2528 προσήκει
731 2492 829 2522 ποιεῖν,
845 2489 892 2515 καὶ
907 2487 981 2523 αὐτῷ

193 2542 414 2580 προσαρμόττειν
429 2541 462 2568 τά
475 2549 504 2567 τε
521 2540 580 2567 θεῖα
595 2540 643 2566 καὶ
657 2538 691 2564 τὰ
705 2536 872 2571 ἀνθρώπινα.

231 2589 306 2617 ΟΡΘ.
325 2588 473 2622 Ἠμέτερος
489 2582 565 2617 οὗτος
578 2586 592 2611 ὁ
602 2585 691 2617 λόγος,
707 2583 731 2609 εἰ
745 2582 793 2609 καὶ
810 2581 847 2616 μὴ
860 2579 982 2614 ἀκριϐῶς

195 2635 359 2676 ἐξειργάσω.
374 2633 515 2666 Σκόπησον
529 2631 619 2657 τοίνυν
632 2629 690 2656 ὡδί.
705 2629 789 2654 Ὅταν
800 2627 845 2653 τὸν
858 2626 921 2660 περὶ
933 2625 982 2659 τῆς

197 2669 372 2716 ἀνθρωπείας
402 2677 492 2712 ψυχῆς
523 2675 695 2710 ἐξετάζωμεν
728 2673 819 2707 λόγον,
845 2671 925 2706 μόνον
946 2669 981 2696 τὰ

197 2725 370 2761 προσήκοντα
383 2725 416 2759 τῇ
430 2723 530 2758 ταύτης
543 2720 668 2757 ἐνεργείᾳ
681 2719 727 2746 καὶ
741 2718 820 2753 φύσει
832 2717 920 2752 φαμέν
931 2725 938 2749 ;

234 2770 335 2797 ΕΡΔΝ.
358 2769 445 2796 Μόνα.

237 2858 294 2893 (61)
315 2858 393 2886 Ἕνα.
409 2858 449 2886 Ed
468 2857 545 2884 Rom.
562 2859 588 2882 et
606 2853 680 2888 Lips.
697 2852 800 2880 addunt
814 2850 929 2878 Παῦλον.

1055 939 1158 967 ΕΒΑΝ.
1186 939 1215 966 Si
1239 942 1402 966 manserunt
1416 937 1476 964 sine
1495 936 1624 964 mistione
1646 940 1806 963 naturarum

1018 985 1140 1020 propria,
1170 983 1309 1019 quomodo
1337 991 1400 1011 cum
1432 990 1547 1017 corpOre
1586 981 1678 1009 cibum
1704 981 1808 1016 appetit

1019 1031 1129 1058 anima?

1054 1076 1160 1104 ORTH.
1186 1076 1248 1104 Non
1273 1075 1377 1111 appetit
1414 1074 1506 1102 cibum
1532 1073 1633 1100 anima.
1665 1071 1807 1105 Quomodo

1019 1122 1104 1156 enim,
1122 1122 1286 1150 immortalis
1297 1129 1360 1149 eum
1375 1120 1422 1153 sit,
1437 1124 1466 1147 et
1480 1119 1541 1146 cibo
1552 1117 1744 1154 praestantior?
1754 1116 1807 1144 Sed

1020 1177 1129 1204 corpus,
1144 1169 1254 1196 vitalem
1267 1168 1302 1196 ab
1316 1175 1349 1195 ea
1363 1167 1417 1194 vim
1429 1166 1578 1201 accipiens,
1590 1164 1673 1192 sentit
1683 1163 1807 1198 indigen-

1020 1216 1096 1248 tiam,
1113 1219 1141 1242 et
1161 1214 1234 1249 quod
1250 1214 1327 1241 deest
1343 1213 1468 1247 accipere
1485 1211 1570 1246 cupit.
1587 1210 1633 1238 Sic
1651 1214 1680 1237 et
1688 1209 1807 1244 quietem

1020 1266 1082 1296 post
1092 1261 1214 1288 laborem
1223 1259 1372 1291 desiderat,
1392 1262 1421 1285 et
1437 1257 1515 1292 107
1526 1256 1717 1292 postvigiliam
1732 1262 1807 1282 som-

1019 1315 1098 1339 num,
1124 1311 1152 1334 et
1167 1306 1219 1333 alia
1239 1306 1377 1333 similiter.
1392 1305 1453 1332 Mox
1476 1304 1560 1338 igitur
1572 1306 1634 1337 post
1650 1301 1808 1329 dissolutio-

1020 1359 1095 1384 nem,
1107 1351 1218 1378 vitalem
1241 1358 1295 1377 non
1311 1349 1416 1376 habens
1432 1348 1592 1383 potentiam,
1618 1347 1709 1374 cibum
1725 1353 1808 1380 appe-

1022 1399 1080 1424 tere
1108 1395 1222 1428 desinit,
1249 1398 1278 1423 et
1300 1401 1364 1423 eum
1387 1401 1443 1420 non
1469 1399 1581 1420 sumens
1600 1391 1740 1418 interitum
1763 1397 1810 1425 pa-

1022 1442 1100 1469 titur.

1053 1488 1157 1516 ERAN.
1173 1487 1291 1516 Videsne
1309 1486 1407 1513 animae
1422 1492 1482 1512 esse
1497 1483 1586 1515 sitire,
1607 1487 1636 1510 et
1651 1481 1766 1512 esurire,
1781 1485 1809 1508 et

1024 1542 1085 1570 qua:
1093 1534 1137 1561 his
1150 1533 1268 1561 similia?

1055 1580 1160 1608 ORTH.
1179 1580 1207 1607 Si
1221 1579 1280 1606 haec
1293 1578 1392 1606 animae
1407 1579 1510 1610 essent,
1533 1575 1614 1603 etiam
1630 1578 1691 1609 post
1709 1573 1812 1600 disces—

1024 1634 1085 1654 sum
1099 1633 1115 1652 e
1130 1633 1257 1660 corpore,
1273 1629 1302 1652 et
1323 1623 1393 1651 fame
1407 1622 1556 1653 laboraret,
1579 1624 1608 1647 et
1628 1619 1683 1651 siti,
1705 1623 1734 1645 et
1751 1617 1812 1645 aliis

1025 1671 1173 1699 similibus.

1061 1716 1163 1744 ERAN.
1201 1715 1331 1749 Quzenam
1362 1714 1447 1750 igitur
1477 1712 1576 1740 anima:
1605 1710 1716 1746 propria
1751 1716 1812 1736 esse

1025 1761 1114 1788 dicis?

1059 1805 1164 1834 ORTH.
1181 1806 1247 1833 Esse
1256 1804 1430 1837 rationalem,
1444 1803 1609 1839 simplicem,
1620 1800 1817 1831 immortalem,

1026 1852 1204 1880 invisibilem.

1064 1900 1070 1909 '
1086 1898 1189 1925 ERAN.
1205 1897 1276 1931 Quid
1291 1904 1356 1924 vero
1373 1895 1517 1931 corporis?

1059 1943 1164 1971 ORTll.
1181 1944 1248 1971 Esse
1260 1942 1452 1978 compositum,
1465 1940 1584 1971 visibile,
1600 1938 1725 1966 mortale.

1063 1989 1166 2016 ERAN.
1180 1989 1220 2016 Ex
1244 1988 1288 2016 his
1310 1995 1377 2016 vero
1402 1986 1583 2022 compositum
1598 1992 1658 2012 esse
1675 1982 1814 2011 hominem

1028 2035 1165 2063 dicimus?

1063 2081 1168 2109 ORTH.
1184 2080 1230 2108 Sic
1245 2079 1374 2108 dicimus.

1063 2127 1168 2156 ERAN.
1188 2126 1340 2154 Deﬁnimus
1349 2125 1433 2161 igitur
1446 2123 1598 2162 hominem,
1615 2121 1715 2150 animal
1731 2120 1817 2148 ratio-

1029 2173 1090 2199 nale
1100 2171 1234 2198 mortale?

1064 2218 1168 2245 ORTH.
1185 2217 1215 2244 In
1230 2216 1355 2244 confesso
1378 2220 1430 2243 est.

1066 2263 1169 2290 ERAN.
1186 2262 1228 2290 Ab
1245 2263 1289 2290 bis
1304 2262 1387 2290 etiam
1399 2265 1428 2289 et
1445 2260 1499 2288 illis
1520 2260 1609 2295 ipsum
1628 2255 1819 2286 nominamus?

1069 2353 1173 2381 ORTH.
1185 2352 1285 2379 Verum
1300 2355 1353 2379 est.

1069 2397 1172 2426 ERAN.
1186 2397 1263 2425 Sicut
1276 2396 1360 2431 igitur
1371 2395 1418 2423 hic
1428 2403 1482 2422 non
1498 2393 1663 2425 divellimus,
1676 2391 1723 2419 sed
1741 2398 1818 2418 eum—

1033 2443 1094 2470 dem
1112 2440 1272 2477 (hominem)
1285 2444 1313 2468 et
1339 2440 1500 2467 rationalem
1522 2446 1653 2465 vocamus
1673 2440 1700 2463 ct
1717 2439 1818 2462 morta-

1030 2488 1104 2515 lem:
1121 2487 1161 2514 sic
1174 2483 1201 2514 in
1218 2486 1330 2514 Christo
1349 2484 1504 2511 faciendum
1516 2481 1721 2515 est,eidcmque
1735 2479 1820 2506 περι-ί-

1031 2533 1121 2561 benda
1133 2537 1197 2560 sunt
1213 2537 1271 2560 tum
1283 2532 1386 2563 divina,
1398 2534 1455 2556 tum
1471 2529 1600 2555 humana.

1068 2578 1172 2606 ORTH.
1186 2577 1282 2604 Nostra
1300 2577 1358 2603 haec
1374 2579 1416 2603 est
1426 2574 1526 2606 oratio,
1552 2573 1602 2601 etsi
1616 2581 1630 2599 a
1648 2577 1672 2599 te
1687 2579 1739 2598 non
1755 2570 1821 2597 satis

1032 2624 1174 2659 explicata.
1188 2623 1255 2650 Rem
1279 2621 1363 2656 igitur
1387 2620 1426 2648 sic
1444 2620 1577 2655 expende.
1592 2617 1706 2652 Quando
1721 2617 1754 2644 de
1769 2617 1822 2643 liu-

1035 2677 1115 2696 mana
1139 2672 1237 2694 natura
1251 2667 1422 2699 disserimus,
1444 2673 1476 2692 ea
1491 2665 1547 2693 sola
1564 2670 1820 2693 commemoramus.

1035 2723 1095 2750 qua:
1106 2715 1180 2741 illius
1191 2712 1345 2748 operationi
1359 2715 1386 2740 et
1397 2717 1503 2739 natura:
1517 2707 1700 2739 conveniunt?

1071 2760 1173 2787 ERAN.
1194 2759 1266 2787 Sola.
