1953 3055
165 173 214 206 147
660 175 903 206 TllEODORETI
923 177 1092 207 EPISCOPI
1111 178 1292 208 CYRENSIS
1746 179 1797 212 148

200 231 281 266 108
300 229 404 258 ORTH.
421 230 535 264 Quando
560 235 651 257 autem
677 231 712 259 de
733 239 848 267 corpore
873 232 971 263 nobis,

1041 232 1118 259 ΟΡΘ.
1140 233 1224 260 Ὅταν
1249 233 1277 260 δὲ
1301 233 1366 268 περὶ
1384 231 1431 259 τοῦ
1454 231 1578 267 σώματος
1600 234 1666 268 ἡμῖν
1680 234 1704 260 οἱ
1721 234 1795 270 λόγοι

161 285 252 304 sermo
266 281 319 306 est,
337 284 429 304 annon
455 284 487 304 ea
509 276 566 304 sola
584 285 689 309 rursus,
706 285 766 312 quae
789 278 862 304 illius
888 285 932 304 sur

1002 278 1146 312 γίνωνται,
1165 279 1246 306 πάλιν
1265 279 1295 305 οὐ
1314 279 1382 314 μόνα
1396 279 1430 305 τὰ
1443 279 1537 306 τούτου
1550 279 1670 314 διέξιμεν
1683 281 1749 316 tam;

161 322 283 357 propria.
295 323 490 349 recensemus?

194 368 297 395 ERAN.
318 368 389 395 Vera
405 367 485 394 dicis.

1039 368 1141 394 EPAN.
1167 367 1289 402 Ἀληθές.

193 412 298 440 ORTll.
313 413 380 439 Cum
396 417 487 440 autem
501 413 535 440 de
548 417 605 440 toto
617 415 728 441 animali
738 415 837 450 agitur,
854 422 950 442 secure

1038 414 1113 440 ΟΡΘ.
1142 413 1266 439 Ἐπειδὰν
1282 413 1310 439 δὶ
1331 413 1395 448 περὶ
1413 412 1459 439 τοῦ
1473 412 1543 445 ζώου
1559 413 1659 446 παντὸς
1675 415 1791 449 astat:-

159 459 298 494 deinceps
309 463 337 485 et
353 459 410 485 haec
435 463 464 486 et
488 459 534 486 illa
555 460 712 487 tribuimus.
740 461 849 488 Homini
876 462 930 489 enix

1020 468 1042 490 ις
1055 459 1176 494 γίνηται,
1189 459 1276 491 ἀδεῶς
1295 459 1388 486 λοιπὸν
1409 459 1558 486 καὶταῦτα
1576 460 1691 487 κάκεῖνα
1711 470 1791 497 προσ-

158 505 326 532 conveniunt
352 513 413 540 quae
436 510 463 533 et
487 506 613 542 corporis
631 512 659 534 et
679 507 778 533 anima:
805 511 869 534 sunt
883 515 929 542 pro

1018 505 1131 540 ηὲρομεν.
1151 505 1296 540 ’Δρμόττει
1312 506 1366 540 γὰρ
1380 505 1419 541 τῷ
1431 506 1569 541 ἀνθρώπῳ
1582 505 1617 533 τά
1630 515 1660 533 τε
1675 507 1722 534 τοῦ
1737 507 1789 534 σώ-

156 550 225 584 pria.
1002 558 1097 584 ματος,
1112 550 1145 577 τά
1158 559 1189 577 τε
1204 551 1253 586 τῆς
1270 550 1360 585 ψυχῆς
1373 551 1435 577 ῐδια.

191 595 295 622 ERAN.
308 596 442 624 Prieclare
453 597 558 624 dixisti.

1036 596 1138 623 ΕΡΛΝ,
1157 597 1311 630 Παγκάλῳς
1327 597 1451 632 εἴρηκας.

190 639 296 668 ORTH.
310 641 354 669 Sic
366 642 449 678 igitur
458 647 486 670 et
496 643 529 670 de
541 642 651 670 Christo
662 643 787 670 habenda
798 648 839 670 est
847 644 946 675 oratio,

1036 641 1111 669 0P6.
1130 641 1209 669 Οὕτω
1223 642 1368 677 τοιγαροῦν
1384 643 1431 669 καὶ
1450 643 1512 674 τοὺς
1528 643 1592 678 περὶ
1608 643 1654 670 τοῦ
1669 643 1787 678 Χριστοῦ

155 691 186 713 ut
204 695 267 714 cum
282 687 316 714 de
327 689 434 716 naturis
447 689 594 724 loquimur,
609 697 658 716 sua
667 692 767 724 cuique
783 690 926 717 tribuamu:

1016 687 1136 714 τοιεῖσθαι
1149 687 1284 724 προσήκει
1295 687 1392 722 λόγους
1401 697 1407 702 ·
1420 688 1468 714 καὶ
1480 688 1545 723 περὶ
1555 689 1604 724 μὲν
1616 689 1670 716 τῶν
1682 689 1787 724 φύσεων

155 732 328 768 sciamusque
349 742 410 769 qua:
421 734 560 762 divinitati
576 735 632 762 sint
644 736 765 770 propria,
779 740 807 762 et
819 743 879 770 quae
894 736 926 762 hu

1018 733 1218 768 αλεγομὲνους,
1235 733 1385 768 ἀπονέμειν
1397 734 1517 769 ἑκατέρᾳ
1525 735 1560 761 τὰ
1572 735 1726 771 πρόσφορα,
1742 735 1789 762 καὶ

155 777 290 804 manitati.
306 778 340 805 At
357 787 419 806 cum
437 779 470 806 de
489 787 607 814 persona
620 780 704 807 verba
718 780 845 812 facimus,
869 788 926 808 com

1017 779 1098 806 ίδέναι
1115 780 1176 806 τινα
1195 779 1244 814 μὲν
1259 780 1308 814 τῆς
1323 779 1460 815 θεότητος,
1486 780 1546 806 τίνα
1566 781 1594 807 δὲ
1619 782 1669 816 τῆς
1683 781 1788 817 ἀνθρω-

154 821 248 848 munia
257 821 383 850 facienda
395 827 460 850 sunt
477 831 538 858 quze
557 828 719 851 naturarum
736 829 801 852 sunt
822 826 925 860 propri:

1016 825 1113 860 tit-qm;
1128 824 1191 851 ἴδια.
1217 825 1302 851 Ὅταν
1324 824 1352 851 δέ
1372 832 1404 858 γε
1423 825 1486 856 τοὺς
1501 824 1566 858 περὶ
1577 823 1625 851 τοῦ
1641 825 1787 859 προσώπου

152 866 319 904 Christoque
345 869 485 897 Serratori
509 874 537 897 et
550 870 609 898 haec
626 874 655 899 et
675 871 720 898 illa
741 871 897 904 tribuenda,
916 880 923 898 ι

1016 870 1140 906 ὀιώμεθα
1155 871 1262 905 λόγους,
1281 870 1359 897 κοινὰ
1374 870 1426 906 χρὴ
1445 871 1532 896 ποιεῖν
1554 871 1588 897 τὰ
1601 870 1656 896 τῶν
1679 870 1787 904 φύσεων

153 912 226 939 idem
239 917 266 940 et
282 913 354 941 Deus
371 919 399 942 et
414 914 496 941 homo
511 915 675 949 appelletur,
699 916 786 943 Filius
801 917 850 943 Dei
870 922 901 944 et
916 917 924 944 l

1015 917 1061 950 ita,
1078 917 1125 943 καὶ
1146 916 1232 943 ταῦτα
1249 917 1364 943 κάκεῖνα
1383 915 1423 950 τῷ
1441 915 1551 952 Σωτῆρι
1568 916 1786 952 προσαρμόττειν

117 951 125 962 ’
153 957 205 985 lius
222 958 352 991 hominis,
371 958 442 987 ﬁlius
458 960 569 987 Davidis
589 961 611 977 "
625 965 654 988 et
668 961 797 989 dominus
820 962 886 989 Davi

1016 963 1118 998 [ριστῷ,
1133 962 1237 990 καὶτὸν
1253 962 1334 989 αὐτὸν
1354 961 1448 988 καλεῖν
1467 962 1515 988 καὶ
1532 961 1598 989 Θεὸν
1618 951 1667 989 και
1684 961 1787 997 ἄνθρω-

152 1010 246 1030 semen
261 1003 377 1031 Ahraha:
405 1009 433 1031 et
453 1005 582 1033 conditor
596 1006 724 1039 Abrahae,
747 1011 774 1034 et
785 1007 838 1035 alia
851 1008 923 1035 omni

1015 1018 1048 1035 εον
1059 1017 1066 1023 ·
1082 1009 1130 1035 καὶ
1154 1009 1218 1036 Υἱδν
1238 1007 1318 1041 Θεοῦ,
1343 1008 1390 1035 καὶ
1407 1008 1464 1035 υἱὸν
1485 1007 1631 1044 ἀνθρώπου
1643 1016 1649 1023 ·
1667 1009 1712 1035 καὶ
1729 1008 1786 1035 υίδν

152 1049 289 1077 similiter.
997 1056 1091 1088 Aa6t6,
1110 1056 1155 1082 καὶ
1177 1055 1272 1091 κύριον
1283 1056 1365 1082 Δαΰίδ
1376 1063 1382 1069 ⁸
1399 1056 1447 1082 καὶ
1465 1055 1576 1090 σπέρμα
1593 1054 1727 1090 Ἀϐραὰμ,
1740 1055 1787 1082 καὶ

997 1102 1114 1137 ποιητὴν
1133 1101 1274 1137 ’Λῦραάμι
1287 1101 1379 1129 καὶτὰ
1395 1101 1464 1129 ἄλλα.
1486 1102 1575 1128 πάντα
1592 1101 1731 1132 ὡσαύτως.

186 1137 290 1166 ERAN.
316 1138 403 1166 Unam
431 1139 542 1174 quidem
570 1147 631 1168 esse
655 1140 757 1168 Christi
785 1149 941 1176 personam,

1032 1148 1134 1174 ΕΡΛΝ.
1158 1147 1195 1174 Τὸ
1218 1148 1268 1183 μὲν
1284 1147 1313 1175 ἒν
1334 1145 1406 1174 εῖναι
1423 1147 1571 1183 πρόσωπον
1586 1147 1633 1174 τοῦ
1656 1147 1785 1183 Χριστοῦ,

149 1185 232 1220 eique
254 1189 282 1213 et
303 1185 396 1214 divina
418 1191 446 1215 et
471 1187 591 1216 humana
615 1189 762 1217 convenire
789 1188 920 1216 rectissim

1016 1194 1044 1221 αὶ
1059 1193 1134 1230 αὐτῷ
1147 1194 1299 1230 προσήκειν
1316 1194 1363 1220 καὶ
1379 1194 1413 1220 τὰ
1431 1193 1491 1221 θεῖα
1503 1193 1550 1220 καὶ
1567 1193 1601 1220 τὰ
1616 1192 1784 1228 ἀνθρώπινα,

149 1231 253 1264 dixisti,
270 1236 298 1259 et
309 1232 361 1260 hoc
374 1233 437 1260 ﬁdei
456 1233 597 1261 decretum
613 1235 774 1270 amplector.
796 1234 874 1268 Quod
891 1242 920 1261 au

1014 1240 1055 1267 ίαν
1073 1241 1162 1276 ὀρθῶς
1177 1240 1302 1275 εἴρηκας,
1317 1240 1365 1266 καὶ
1383 1240 1497 1275 δέχομαι
1509 1240 1585 1266 τόνδε
1598 1240 1644 1266 τὸν
1659 1240 1721 1275 ὅρον
1735 1240 1785 1274 τῆς

149 1280 203 1304 tem
216 1276 286 1305 dicis
296 1283 435 1312 oportere,
448 1279 483 1306 de
496 1280 603 1307 naturis
619 1280 798 1312 disserentes,
807 1288 868 1314 quae
881 1280 920 1307 cui

1014 1287 1125 1318 πίστεως.
1137 1287 1174 1313 Τὸ
1187 1286 1216 1313 δὲ
1229 1287 1313 1321 φάναι
1323 1286 1414 1319 πάλιν,
1426 1286 1463 1318 ὼς
1477 1286 1529 1322 χρὴ
1541 1285 1668 1321 περὶτῶν
1679 1285 1785 1320 φύσεων

148 1330 201 1357 que
211 1328 275 1351 sunt
285 1325 396 1358 propria
417 1325 442 1352 ei
463 1326 597 1358 tribucre,
616 1326 643 1353 id
659 1326 726 1353 mihi
743 1326 873 1353 unionem
887 1334 918 1353 so

1016 1333 1207 1368 ,αλεγομένους
1219 1333 1370 1368 ἀπονέμειν
1385 1332 1489 1368 ἑκάστῃ
1501 1331 1534 1358 τὰ
1546 1332 1611 1364 ἴδια,
1626 1331 1700 1358 λύειν
1713 1331 1787 1358 δοκεῖ

147 1376 211 1396 vero
224 1370 344 1398 videtur.
362 1369 452 1403 Quare
470 1371 522 1399 hos
539 1377 567 1399 et
583 1373 703 1400 similes'
725 1380 868 1400 sermones
885 1381 918 1399 n0

1013 1388 1041 1406 ηοι
1058 1380 1108 1414 τὴν
1125 1379 1224 1406 ἕνωσιν
1234 1388 1240 1394 ·
1258 1375 1289 1405 οὗ
1303 1378 1335 1414 δὴ
1347 1379 1428 1414 χάριν
1437 1378 1550 1410 τούτους
1561 1378 1607 1404 καὶ
1621 1378 1685 1409 τοὺς
1696 1376 1784 1404 τοιού-

146 1415 279 1449 approbo.

993 1435 1055 1458 τους
1069 1426 1099 1453 οὐ
1117 1426 1266 1462 προσίεμαι
1280 1425 1386 1460 λόγους.

182 1460 286 1489 ORTH.
300 1462 382 1498 Atqui
401 1471 464 1490 cum
478 1464 512 1491 de
526 1465 618 1492 anima
635 1469 664 1492 et
679 1471 795 1499 corpore
818 1463 940 1498 disputa-

1029 1473 1104 1500 ΟΡΘ.
1121 1460 1178 1500 Καὶ
1204 1473 1258 1508 μὴν
1273 1473 1319 1499 ὅτε
1336 1472 1370 1499 τὰ
1395 1473 1459 1507 περὶ
1473 1471 1564 1506 ψυχῆς
1586 1471 1633 1498 καὶ
1658 1470 1784 1506 σώματος

146 1513 250 1539 remus.
269 1508 361 1543 magni
380 1509 503 1537 facienda
525 1510 574 1537 tibi
593 1510 652 1538 visa
682 1516 724 1538 est
748 1512 793 1539 illa
811 1510 917 1538 distinct

1013 1517 1172 1553 ξητάζομεν,
1183 1518 1349 1552 ὰξιάγαστος
1361 1517 1450 1550 ἔδοξεν
1466 1515 1535 1544 εἶναί
1548 1526 1588 1544 σοι
1601 1519 1617 1552 ἡ
1629 1517 1682 1544 τῶν
1698 1516 1784 1550 λόγων

145 1551 276 1586 loquendi
298 1554 379 1587 ratio,
398 1562 514 1590 eamque
532 1557 659 1590 protinus
672 1558 752 1585 laude
766 1567 795 1586 es
810 1567 916 1594 prosect

1013 1551 1258 1600 κείνων-διαίρεσις
1270 1573 1276 1580 ·
1293 1564 1394 1592 αὐτίκα
1408 1564 1473 1598 γοῦν
1485 1564 1534 1599 τὴν
1551 1551 1689 1599 εὑφήμίαν
1702 1571 1784 1597 προσ-

146 1601 200 1624 tus.
215 1597 271 1625 Cur
282 1599 366 1634 igitur
380 1601 470 1635 quoad
482 1600 586 1630 Christi
601 1603 710 1631 Domini
727 1604 899 1633 divinitatem
912 1616 917 1633 ι

1011 1618 1122 1643 νεγκας.
1148 1609 1180 1636 Τί
1203 1609 1304 1644 δήποτε
1320 1609 1411 1636 τοίνυν
1435 1609 1482 1636 ἐπὶ
1503 1610 1552 1644 τῆς
1581 1609 1628 1635 τοῦ
1645 1608 1781 1635 Δεσπότου

145 1641 343 1671 humanitatem
359 1645 484 1673 eamdem
492 1647 613 1682 regulam
626 1655 681 1675 non
694 1649 835 1677 admittis?
861 1651 916 1686 ια

1010 1641 1111 1691 ἶριστοῦ
1137 1641 1265 1690 θεότητός
1282 1663 1311 1681 τε
1331 1655 1378 1682 καὶ
1402 1641 1615 1691 ἀνθρωπότητος
1630 1655 1675 1681 τὸν
1700 1653 1781 1680 αὐτὸν

143 1688 185 1713 An
201 1695 268 1715 vero
281 1697 316 1716 ne
328 1689 425 1717 animae
438 1691 550 1726 quidem
565 1696 593 1720 et
607 1694 716 1728 corpori
731 1702 857 1730 exmquas
871 1696 914 1724 div

1010 1688 1101 1737 ύδέχῃ
1116 1688 1234 1734 κανόνα;
1250 1702 1285 1728 'H
1299 1701 1361 1728 οὐδὲ
1377 1688 1516 1737 ψυχῇὴκαὶ
1532 1688 1639 1736 σώματι
1655 1701 1781 1735 παρισοῖς

144 1733 258 1761 nitatem
267 1738 295 1762 et
304 1735 505 1765 humanitatem
520 1737 645 1766 Christi?
656 1740 703 1767 sed
716 1742 814 1770 anima:
826 1743 915 1778 quidei

1010 1749 1040 1783 ὴν
1057 1733 1173 1780 δεξτητα
1199 1747 1247 1774 τοῦ
1272 1733 1392 1783 Χριστού
1494 1747 1544 1782 τὴν
1568 1746 1781 1781 ἀνθρωπότητας

143 1783 172 1806 et
186 1780 297 1815 corpori
311 1781 410 1810 tribuis
427 1783 600 1812 inconfusam
610 1786 740 1814 unionem
752 1797 758 1814 :
771 1790 914 1817 commistit

1009 1780 1058 1819 λλὰ
1074 1793 1147 1829 ψυχῇ
1164 1793 1213 1828 μὲν
1226 1793 1274 1820 καὶ
1291 1780 1398 1828 σώματι
1410 1793 1487 1825 δίδως
1499 1780 1652 1827 ἀσύγχυτον
1665 1792 1762 1818 ἕνωσιν
1773 1799 1779 1806 ·

143 1833 207 1852 nem
221 1834 288 1854 vero
298 1831 326 1855 et
340 1828 529 1857 confusionem
544 1839 638 1866 passas
658 1828 751 1861 dicere
765 1834 851 1862 audes
869 1835 914 1863 div

1010 1839 1090 1873 ρᾶσιν
1106 1839 1135 1865 δὲ
1146 1838 1194 1866 καὶ
1210 1839 1342 1873 σύγχυσιν
1359 1838 1599 1873 ὑπομεμενηκέναι
1612 1837 1702 1870 λέγειν
1719 1836 1780 1862 τολ-

142 1872 256 1899 nitatem
273 1872 376 1901 Christi
390 1879 418 1902 et
437 1875 635 1904 humanitatem
649 1879 661 1904 ?

1006 1885 1044 1919 ιᾷς
1060 1884 1110 1919 τὴν
1124 1884 1239 1918 θεότητα
1253 1883 1298 1910 τοῦ
1313 1883 1432 1918 Χριστοῦ
1443 1884 1490 1909 καὶ
1503 1883 1552 1917 τὴν
1564 1881 1777 1917 ἀνθρωπότητα;

178 1917 280 1946 ERAN.
295 1918 352 1954 Ego
365 1927 429 1948 sane
442 1921 617 1950 divinitatem
639 1923 753 1957 Christi,
769 1930 852 1960 atque
867 1928 938 1955 adeo

1017 1917 1127 1956 ‘EPA-N.
1149 1917 1220 1963 Ἐγῶ
1238 1929 1287 1964 μὲν
1310 1917 1360 1964 τὴν
1382 1929 1497 1964 θεότητα
1515 1928 1560 1955 τοῦ
1583 1927 1712 1963 Χριστοῦ,
1733 1927 1780 1954 καὶ

141 1970 252 1990 carnem
269 1964 366 2010 ipsam,
388 1966 504 1995 inﬁnitis
525 1969 653 2002 partibus
663 1970 761 1998 anima:
772 1976 800 1999 et
812 1979 912 2008 corpor

1012 1976 1082 2002 έντοι
1102 1976 1149 2002 καὶ
1169 1975 1218 2010 τὴν
1241 1975 1342 2010 σάρκα,
1367 1975 1456 2010 ψυχῆς
1479 1975 1526 2001 καὶ
1543 1974 1670 2009 σώματος
1689 1972 1780 2008 πο).λῷ

141 2007 303 2042 dignitatem
314 2011 482 2040 antecellere
495 2013 593 2048 judico
605 2023 610 2041 :
629 2015 678 2042 sed
691 2023 773 2044 unam
787 2007 877 2046 tamen
888 2027 912 2046 n:

1007 2029 1040 2047 ινι
1064 2020 1112 2046 καὶ
1128 2007 1235 2055 ἀπείρῳ
1261 2007 1353 2055 μ’ἐτρῳ
1375 2007 1602 2054 τιμαλφεστέραν
1624 2007 1776 2053 ὑπείληφα·

143 2057 230 2081 turam
243 2060 305 2089 post
321 2057 454 2085 unionem
468 2066 529 2086 esse
542 2060 656 2088 allirmo.

989 2066 1053 2100 μίαν
1071 2065 1162 2100 μέντοι
1177 2065 1258 2099 φύσιν
1274 2065 1344 2100 μετὰ
1355 2065 1404 2100 τὴν
1420 2065 1518 2091 ’ἐνωσιν
1533 2064 1613 2098 λέγω.

175 2098 281 2126 ORTH.
298 2099 358 2133 Quo
371 2106 451 2136 pacto
466 2103 582 2139 impium
597 2113 652 2133 non
675 2107 711 2135 sit
728 2113 756 2135 ct
772 2109 934 2144 absurdum,

1119 2098 1255 2142 Rat-i=6);
1275 2098 1307 2137 οὐ
1322 2098 1452 2142 δυσσεϐὲς
1471 2119 1500 2137 τε
1523 2111 1570 2137 καὶ
1592 2110 1725 2145 σχέτλιον.
1749 2110 1778 2136 τὺ

140 2144 234 2173 dicere
260 2146 380 2174 animam
396 2148 508 2182 quidem
524 2152 635 2186 corpori
651 2154 807 2188 copulatam
830 2158 911 2184 nulla:

1005 2156 1076 2190 ἐγειν
1099 2156 1189 2191 ψυχὴν
1207 2156 1256 2191 μὲν
1273 2155 1380 2190 σώματι
1399 2156 1583 2190 συναφθεῖσαν
1605 2157 1705 2191 ἥκιστα
1725 2165 1776 2183 πα-

140 2191 310 2218 confusionis
322 2193 512 2228 eontagionem
525 2196 592 2230 pati,
612 2197 786 2227 divinitatem
800 2209 867 2229 vero
883 2203 911 2230 D1

1004 2203 1042 2229 εἴν
1063 2201 1092 2228 τὸ
1115 2203 1165 2236 τῆς
1189 2201 1348 2236 συγχύσεως
1363 2201 1460 2232 πάθος,
1483 2201 1532 2236 τὴν
1553 2201 1582 2228 δὲ
1599 2201 1714 2237 θεότητα
1729 2201 1775 2228 τοῦ

141 2234 208 2262 mini
222 2237 415 2265 universorum
428 2247 480 2268 nec
495 2242 636 2276 propriam
654 2248 780 2272 naturam
798 2246 912 2283 integrat

1005 2248 1040 2274 ὦν
1053 2248 1122 2274 ὅλων
1136 2234 1273 2274 Δεσπότου
1290 2247 1327 2282 μὴ
1349 2247 1497 2282 δυνηθῆναι
1511 2234 1587 2282 ’μήτε
1608 2247 1656 2282 τὴν
1673 2234 1776 2274 οἰκείαν

139 2287 305 2309 conservare
328 2283 451 2316 potuisse
467 2304 474 2316 ,
487 2291 538 2312 nec
557 2285 716 2320 humanam,
728 2296 810 2324 quam
825 2297 910 2318 assun

1008 2293 1068 2320 ύσιν
1077 2294 1230 2329 ἀσύγχυτον
1240 2293 1297 2328 (42)
1307 2293 1450 2324 διασῶσαι,
1466 2293 1534 2329 μήτε
1543 2293 1593 2329 τὴν
1603 2292 1775 2328 ἀνθρωπείαν

138 2326 203 2360 psit,
220 2327 293 2355 intra
308 2337 373 2357 suos
383 2329 516 2358 terminos
529 2332 660 2365 retinere,
671 2334 719 2361 sed
729 2343 791 2369 quae
801 2336 909 2364 confuni

1004 2349 1018 2366 ν
1035 2339 1132 2367 ἐλαϐεν
1155 2340 1202 2365 ἐπὶ
1224 2339 1279 2365 τῶν
1301 2339 1373 2373 ὅρων
1393 2338 1448 2364 τῶν
1466 2338 1575 2365 οἰκείων
1600 2339 1773 2374 διατηρῆσαι,

138 2379 195 2399 non
210 2377 326 2408 possunt
343 2375 513 2408 confudisse,
539 2382 568 2404 et
589 2386 649 2412 qua:
665 2379 775 2407 misceri
791 2389 909 2416 nequeut

1003 2385 1054 2412 λλὰ
1075 2386 1191 2420 περᾶσαι
1216 2384 1251 2411 τὰ
1274 2384 1393 2420 ἄκρατα,
1415 2385 1463 2411 καὶ
1490 2383 1566 2420 μῖξαι
1591 2384 1625 2410 τὰ
1653 2384 1773 2419 attactu;

138 2418 351 2450 permiscuisse?
364 2420 435 2448 Huic
447 2421 522 2448 enim
539 2423 690 2458 suspicioni
703 2433 757 2453 una
772 2430 870 2454 natura
885 2435 909 2454 ot

1001 2429 1077 2457 ἀὕτα
1097 2430 1150 2466 γὰρ
1167 2429 1331 2456 ὑποπτεύειν
1353 2431 1370 2464 ἡ
1388 2430 1437 2464 μία
1456 2429 1537 2464 φύσις
1557 2429 1771 2464 παρασκευάζει.

138 2465 277 2492 casionem
291 2467 407 2501 praebet.

175 2510 280 2538 ERAN.
308 2512 374 2540 Mihi
392 2521 503 2549 quoque
526 2515 697 2544 confusionis
721 2525 821 2546 nomen
845 2519 932 2547 decli-

1018 2518 1118 2546 EPAN.
1138 2519 1191 2545 Καί
1207 2528 1252 2555 μοι
1269 2519 1299 2546 τὸ
1321 2518 1370 2552 τῆς
1389 2517 1546 2552 συγχύσεως
1564 2517 1680 2551 φευκτόν
1699 2517 1772 2543 ἐστιν

136 2556 260 2583 nandum
277 2557 405 2586 videtur:
425 2560 473 2587 sed
488 2560 557 2588 duas
569 2566 684 2590 naturas
699 2563 792 2592 dicere
809 2565 884 2598 nolo,
897 2574 907 2593 r

998 2574 1068 2600 νομα
1079 2573 1085 2580 ·
1099 2565 1145 2592 δύο
1160 2566 1188 2592 δὲ
1199 2566 1290 2599 λέγειν
1306 2564 1495 2600 παραιτοῦμαι
1512 2564 1618 2598 φύσεις,
1632 2564 1676 2590 ἴνα
1692 2563 1729 2599 μὴ
1738 2565 1769 2599 τῇ

137 2600 210 2629 vluos
226 2602 297 2631 ﬁlios
312 2604 405 2633 dicere
421 2606 525 2634 videar.

981 2611 1036 2637 τῶν
1055 2611 1121 2637 υἱῶν
1141 2611 1284 2646 περιπέσω
1295 2610 1380 2636 δυάδι.

173 2647 279 2675 ORTH.
300 2649 357 2685 Ego
370 2658 437 2678 vero
457 2656 604 2689 utrumque
633 2655 778 2690 scopulum
792 2656 931 2685 declinare

1019 2658 1094 2685 ΟΡΘ.
1132 2656 1205 2692 Ἐγὼ
1242 2657 1269 2684 δὲ
1303 2658 1434 2693 ἑκάτερον
1462 2656 1602 2691 διαφυγεῖν
1628 2655 1770 2687 σπουδάζω

137 2693 245 2726 studeo,
258 2698 317 2722 tum
331 2697 422 2732 impia:
441 2698 622 2732 confusionis,
638 2705 696 2728 tum
714 2701 804 2737 impia:
815 2702 908 2730 divisit

998 2704 1119 2739 ῑρημνδν,
1132 2705 1179 2731 καὶ
1195 2704 1240 2731 τὸν
1257 2704 1307 2739 τῆς
1325 2704 1471 2736 δυσσεὸοῦς
1486 2703 1654 2738 συγχύσεως,
1667 2702 1769 2729 καὶτὸν

137 2739 190 2767 nis.
206 2740 272 2768 Mihi
285 2743 360 2770 enim
380 2751 458 2778 teque
475 2744 612 2773 nefarium
626 2752 786 2783 utrumque,
804 2754 831 2776 et
843 2757 908 2777 unm

1000 2751 1033 2786 ἧς
1045 2749 1194 2782 δυσσεϐοῦς
1214 2750 1382 2786 διαιρέσεως.
1402 2751 1480 2786 Ἐμοὶ
1492 2750 1546 2785 γὰρ
1568 2749 1634 2781 ἴσως
1652 2748 1771 2783 ἀνόσιον,

173 2818 196 2835 ³⁸
213 2819 309 2847 Matth.
324 2829 390 2851 xxii.
410 2821 454 2854 42,
472 2823 518 2849 43.

173 2886 229 2921 (42)
252 2888 309 2913 ‘AI.
327 2888 377 2915 Ed.
396 2889 474 2916 “om.
490 2894 516 2916 el
531 2890 605 2925 Lips.
619 2891 769 2926 ἀκήρατον.
