1953 3055
134 149 187 183 149

663 148 852 179 DIALOGUS
871 148 913 178 II.
928 160 964 165 —
981 147 1228 181 INCONFUSUS.

1713 154 1764 186 150

129 211 178 236 καὶ
193 209 254 244 διχῆ
266 208 310 235 τὸν
320 208 368 235 ἕνα
384 207 508 243 μερίζειν
520 207 595 240 Υἰὸν,
615 207 662 234 καὶ
676 207 707 234 τὸ
719 206 863 240 ἀρνεῖσθαι
878 205 927 241 τὴν

990 206 1079 235 Filium
1097 208 1125 235 in
1143 208 1214 235 duos
1227 208 1361 241 dividere,
1377 214 1405 236 et
1416 208 1554 236 biuarium
1566 217 1666 245 negare
1686 217 1766 239 natu-

128 255 214 282 δυάδα
225 254 279 281 τῶν
294 253 411 288 φύσεων.
428 253 496 279 Εἰπὲ
510 253 539 279 δέ
553 262 598 288 μοι
622 253 690 288 πρὸς
710 253 760 288 τῆς
773 252 903 287 ἀληθείας
914 260 920 266 ·

129 300 158 326 εἴ
170 300 212 332 τίς
225 309 266 326 σοι
287 300 342 326 τῶν
361 299 479 333 ’Δρείου,
501 299 518 334 ἢ
537 299 591 326 τῶν
611 299 744 334 Εὑνομίου
765 297 923 325 στασιωτῶν

130 346 395 382 προσδιαλεγόμενος
413 346 574 382 σμικρύνειν
586 345 632 372 τὸν
652 345 715 371 Yle
728 344 857 381 πειρῷτο,
876 344 924 371 καὶ

130 392 180 419 τοῦ
201 392 308 428 Πατρδς
324 393 460 419 δεικνύναι
484 392 579 428 μείονά
595 401 625 418 τε
648 392 695 420 καὶ
718 392 922 427 ὑποδεέστερον,

130 439 227 465 ἐκεῖνα
250 438 350 472 λέγων,
368 438 440 474 ἆπερ
463 438 554 473 λέγειν
570 438 694 471 εἰώθασι,
711 438 758 464 καὶ
777 438 924 473 προφέρων

132 484 188 511 ἀπὸ
199 484 248 519 τῆς
260 484 336 516 θείας
349 484 461 520 Γραφῆς
472 484 517 510 τό·
536 494 545 510 ‹
556 484 658 519 Πάτερ,
676 485 701 511 εί
716 484 838 516 δυνατὸν,
854 492 925 518 παρ-

133 530 236 557 ελθέτω
247 531 297 557 ἀπ’
311 529 379 566 ἐμοῦ
392 530 423 556 τὸ
437 530 568 566 ποτήριον
582 530 672 557 τοῦτο·
688 540 697 556 ι
715 530 763 557 καὶ
778 529 809 557 τό
823 539 829 546 ·
847 539 855 555 ι
866 529 925 557 Νῦν

131 576 148 608 ἡ
165 574 240 611 ψυχή
258 583 307 610 μου
322 576 499 610 τετάρακται,
519 585 527 600 ι
552 575 599 602 καὶ
613 575 648 602 τὰ
668 575 735 602 ἄλλα
748 576 783 602 τὰ.
794 575 907 602 τοιαῦτα
917 584 923 591 ·

131 620 192 651 πῶς
204 620 237 647 ἂν
257 620 340 648 αὑτοῦ
351 620 490 653 διαλύσαις
511 621 544 648 τὰ
564 621 764 658 προϐλήματα;
780 622 838 654 πῶς
852 622 874 648 δ’
892 622 925 649 ἂν

130 667 248 700 δείξειας
265 667 316 694 οὐκ
331 668 529 703 ἐλαττούμενον
543 669 575 694 ὲκ
594 667 697 694 τούτων
713 668 759 695 τὸν
773 668 848 699 Υἰδν.
864 668 925 694 οὐδέ

131 722 164 747 τε
182 713 352 749 ἐτεροούσιον
368 714 443 746 ὅντα,
461 714 518 741 ἀλλ’
532 715 564 741 ὲκ
578 716 627 749 τῆς
647 714 694 741 τοῦ
708 715 815 750 Πατρὸς
832 723 927 749 γεγεν-

130 769 166 795 νη
171 760 253 795 μένον
266 760 361 792 οὐσίας
373 769 379 793 ;

169 849 274 876 EPAN.
296 849 407 884 Εἵποιμ*
424 849 469 880 ἂν,
485 849 523 881 ὡς
536 849 572 876 τὰ
588 850 637 885 μὲν
655 849 829 884 θεολογικῶς,
846 850 880 877 τὰ
899 850 927 876 δὲ

131 894 316 930 οἰκονομικῶς
336 895 353 930 ἡ
373 895 434 922 θεία
445 895 520 930 λέγει
539 895 646 931 Γραφὴ,
664 895 711 922 καὶ
728 895 766 928 ὡς
779 896 809 922 οὺ
825 895 877 932 χρὴ
893 896 928 924 τὰ
943 885 966 916 Β

132 941 315 977 οἰκονομικῶς
327 941 462 976 εἰρημένα
473 942 530 972 τοῖς
541 941 706 975 θεολογικοῖς
719 942 926 978 συναρμόττειν.

171 1032 248 1059 ΟΡΘ.
267 1033 350 1059 Ἀλλά
364 1041 395 1067 γε
407 1034 511 1066 ἐκεῖνος
525 1034 591 1070 φαίη
605 1034 649 1067 ἃν,
662 1035 700 1066 ὡς
713 1036 764 1062 κάν
775 1038 807 1071 τῇ
823 1037 930 1072 Παλαιᾷ

134 1079 319 1114 οἰκονομικῶς
334 1080 350 1114 ἠ
365 1079 425 1106 θεία
436 1080 534 1115 Γραφὴ
552 1080 625 1115 λέγει
640 1081 735 1110 πολλὰ.
752 1082 863 1109 Τοιοῦτο
876 1084 930 1119 γάρ

134 1126 194 1152 ἐστι
219 1126 265 1152 τό·
285 1135 293 1151 ι
322 1126 458 1153 Ἤκουσεν
479 1126 566 1162 Ἀδὰμ
580 1128 630 1163 τῆς
648 1128 743 1163 φωνῆς
755 1129 860 1164 Κυρίου
880 1130 928 1157 τοῦ

135 1170 206 1197 Θεοῦ
222 1171 442 1206 περιπατοῦντος
455 1181 462 1189 ·
483 1182 491 1198 ι
509 1173 556 1199 καὶ
576 1174 607 1200 τό
619 1182 625 1189 ·
644 1183 654 1199 ί
678 1175 809 1207 Καταϐὰς
829 1176 930 1211 ὖψομαι

137 1219 162 1243 εἱ
177 1217 250 1244 κατὰ
264 1219 314 1253 τὴν
337 1219 461 1255 κραυγὴν
477 1219 567 1246 αὐτῶν
584 1219 633 1256 τὴν
648 1221 801 1257 ἐρχομένην
815 1223 883 1258 πρός
896 1232 931 1258 με

139 1263 343 1295 συντελοῦνται,
361 1265 385 1291 el.
399 1264 428 1291 δὲ
447 1265 531 1300 μήγε,
551 1265 596 1292 ἴνα
611 1265 667 1298 γνῶ
678 1274 684 1281 ⁸
701 1275 710 1291 ι
724 1267 771 1293 καὶ
785 1267 815 1293 τό
825 1276 831 1282 ·
851 1277 859 1292 ι
874 1267 931 1294 Νῦν

138 1309 237 1343 ἔγνων,
255 1310 296 1336 ὅτι
321 1309 391 1346 φοϐῇ
419 1311 451 1337 σὺ
471 1311 518 1338 τὸν
544 1311 627 1339 Θεόν·
647 1321 655 1337 ι
679 1312 726 1339 καὶ
746 1312 832 1340 πολλὰ
847 1313 931 1349 ἕτερα

137 1363 251 1382 τοιαῦτα
255 1376 262 1382 .

175 1401 277 1428 EPAN.
300 1402 373 1437 Πρδς
390 1402 478 1430 ταῦτα
500 1403 582 1430 πάλιν
601 1404 807 1441 ἀποκριναίμην
832 1405 876 1437 ἂν,
894 1406 931 1437 ὼς

139 1447 227 1483 πολλὴ
239 1446 294 1474 τῶν
312 1449 503 1484 οἱκονομιῶνή
523 1449 651 1486 διαφορά.
678 1451 722 1478 Ἐν
752 1452 801 1486 μὲν
821 1451 877 1487 γὰρ
896 1454 930 1487 τῇ

138 1493 247 1528 Παλαιᾷ
275 1493 362 1528 λόγων
381 1495 513 1522 τοιούτων
529 1496 682 1532 οἰκονομία,
699 1497 817 1524 ἐνταῦθα
834 1498 862 1524 δὲ
885 1498 932 1525 καὶ

140 1539 327 1574 πραγμάτων.

177 1585 255 1612 ΟΡΘ.
282 1585 354 1612 Ἀλλ’
371 1585 461 1622 ἔροιτο
485 1586 518 1614 ἂν
541 1589 662 1620 ἐκεῖνος’
685 1589 774 1616 Ποίων
800 1590 931 1626 πραγμά‹

139 1639 194 1658 των
206 1640 213 1663 ;

177 1677 276 1705 ΕΡΑΝ.
300 1678 369 1705 Ἀλλ’
394 1679 475 1711 εὐθὺς
494 1680 655 1712 ἀκούσεται,
677 1682 731 1709 τῶν
750 1683 800 1718 τῆς
821 1684 931 1718 σαρκώ-

141 1731 222 1754 σεως.
241 1723 474 1761 Ἐνανθρωπήσας
490 1726 545 1761 γὰρ
561 1727 575 1753 ὁ
591 1727 654 1759 Υἱὸς
666 1728 713 1754 τοῦ
732 1729 812 1762 Θεοῦ,
826 1730 874 1756 καὶ
888 1730 933 1757 διὰ

142 1769 275 1804 ῥημάτων
288 1770 334 1796 καὶ
351 1771 536 1806 πραγμάτων,
547 1773 612 1800 ποτὲ
630 1774 679 1810 μεν
694 1774 743 1809 τὴν
753 1774 854 1811 σάρκα,
867 1777 933 1803 ποτε

139 1815 169 1841 δὲ
185 1815 235 1852 τὴν
255 1815 371 1853 Θεότητα
389 1816 539 1846 δείκνυσιν-
555 1820 649 1856 ὥσπερ
671 1822 768 1856 ἀμέλει
792 1823 932 1850 κάνταῦθα

140 1863 191 1897 τῆς
210 1864 314 1899 σαρκὸς
336 1864 384 1891 καὶ
403 1865 454 1900 τῆς
479 1865 569 1902 ψυχῆς
591 1867 677 1900 ἔδειξε
703 1868 753 1904 τὴν
773 1869 931 1897 ἀσθένειαν·

140 1907 245 1939 δειλίας
261 1909 316 1944 γὰρ
330 1909 361 1936 τὸ
379 1909 475 1942 πάθος.

178 1955 254 1982 ΟΡΘ.
273 1955 303 1981 Εἰ
316 1955 344 1982 δέ
366 1964 398 1990 γε
427 1956 573 1984 ὑπολαϐὼν
593 1959 682 1986 εἴποι·
700 1961 755 1987 Καὶ
777 1962 830 1998 μὴν
846 1963 933 2000 ψυχὴν

140 2001 194 2026 οὐκ
213 2001 356 2034 ἀνέλαϐεν,
385 2002 453 2030 ἀλλὰ
478 2004 558 2039 σῶμα
577 2006 667 2041 μόνον,
683 2009 699 2043 ἡ
717 2008 745 2034 δὲ
761 2009 856 2044 θεότης
872 2011 934 2037 ἀντὶ

141 2047 236 2082 ψυχῆς
259 2047 392 2075 ἑνωθείπα
416 2049 455 2084 τῷ
485 2049 592 2085 σώματι
613 2053 703 2080 πάντα
723 2054 757 2081 τὰ
776 2055 826 2089 τῆς
846 2056 935 2092 ψυχῆς

144 2093 292 2126 ἀνεδέξατο
306 2094 375 2128 (45),
389 2095 482 2128 ,ποίοις
503 2097 536 2123 ἂν
552 2097 643 2132 λόγοις
658 2100 707 2134 τὴν
725 2100 861 2128 ἀντίθεσιν
876 2102 936 2129 δια-

143 2139 241 2171 λύσαις
258 2139 332 2174 (Ml;
599 2170 608 2181 .

181 2187 283 2215 ΕΡΛΝ.
315 2189 363 2215 ‘Ex
389 2189 439 2224 τῆς
465 2189 539 2222 οείας
568 2192 681 2227 Γραφῆς
708 2193 758 2226 τὰς
782 2195 936 2228 ἀποδείξεις

975 261 1068 280 rarum
1082 261 1237 281 numerum.
1265 253 1312 281 Dic
1323 258 1413 281 autem
1430 254 1499 281 mihi
1515 263 1564 290 per
1574 256 1728 289 veritatem,
1743 257 1766 284 si

975 300 1037 334 quis
1046 307 1078 327 ex
1087 299 1145 328 Arii
1156 299 1317 327 etEunomii
1326 301 1510 328 sectatoribus
1519 306 1608 328 tecum
1615 301 1766 334 disserens,

974 349 1124 373 extenuare
1147 346 1247 373 Filium
1270 351 1428 379 conaretur,
1446 354 1565 382 eumque
1580 347 1661 375 Patre
1676 348 1766 374 mino-

975 399 1034 419 rem
1050 396 1079 419 et
1103 391 1264 419 inferiorem
1289 392 1446 424 ostendere,
1472 393 1518 420 illa
1537 392 1681 427 proferens
1706 401 1767 428 qua:

976 437 1069 465 dicere
1102 442 1317 470 consueverunt,
1350 442 1378 465 et
1391 446 1424 465 ex
1452 446 1531 466 sacra
1559 438 1701 474 Scriptura
1727 440 1767 466 ci-

976 489 1057 511 tans:
1075 493 1084 509 ι
1102 484 1183 511 Pater
1200 484 1248 518 mi,
1262 484 1285 511 si
1298 484 1430 518 possibile
1453 485 1532 519 110
1544 489 1596 517 est,
1609 489 1731 512 transeat
1752 493 1768 512 a

976 537 1020 557 me
1036 529 1108 556 calix
1123 529 1174 556 iste
1186 530 1208 545 "
1222 538 1230 563 ;
1250 539 1259 555 ι
1278 530 1344 557 item
1358 538 1364 556 :
1383 539 1392 555 ι
1412 529 1492 557 Nunc
1511 530 1602 557 anima
1619 537 1680 557 mea
1703 538 1767 564 per-

976 576 1087 602 turbata
1100 579 1142 602 est
1153 576 1186 608 ",
1209 585 1218 602 ›
1234 579 1262 602 et
1277 575 1330 602 alia
1344 575 1513 611 hujusmodi,
1531 584 1585 610 qua
1599 576 1705 603 ratione
1716 577 1771 603 sol-

976 629 1058 650 veres
1082 622 1170 656 ipsius
1185 622 1376 658 objectiones?
1390 622 1585 657 autquomodo
1596 622 1769 652 ostenderes.

977 676 1032 696 non
1058 677 1093 696 ex
1117 668 1160 696 his
1184 669 1319 696 minorem
1346 668 1416 696 eﬂici
1443 668 1554 700 Filium,
1577 676 1629 695 nec
1656 667 1776 695 alterius

977 722 1038 742 esse
1061 714 1232 747 substantiae,
1246 716 1254 724 '
1268 715 1316 743 sed
1331 722 1365 742 ex
1381 714 1471 742 Patris
1493 714 1615 750 genitum
1630 721 1690 741 esse
1704 713 1771 740 sub-

979 761 1096 788 stantia?

1016 847 1120 875 ERAN.
1151 847 1278 876 Dicerem
1307 855 1413 875 sacram
1437 848 1609 884 Scripturam
1628 849 1687 877 haec
1711 850 1773 884 qui-

980 893 1042 921 dem
1067 893 1220 928 theologice
1244 893 1349 926 dicere,
1371 893 1418 922 illa
1439 902 1506 922 vero
1534 895 1705 923 meonomice
1721 904 1727 922 :
1743 899 1772 922 et

980 947 1041 974 quae
1055 939 1225 966 oeconomica
1243 938 1318 966 dicta
1346 939 1412 973 sint,
1428 940 1590 976 theologicis
1605 941 1690 969 tribui
1716 948 1772 968 non

980 985 1092 1012 debere.

1016 1032 1122 1060 ORTH.
1143 1033 1196 1060 Sed
1214 1033 1260 1061 ille
1273 1033 1418 1069 objiceret,
1447 1032 1520 1067 quod
1537 1032 1621 1059 etiam
1634 1031 1663 1058 in
1680 1031 1773 1058 Veteri

981 1080 1158 1108 Testamento
1182 1081 1269 1109 multa
1281 1081 1451 1108 (economice
1470 1079 1564 1107 divina
1579 1079 1721 1114 Scriptura
1732 1079 1774 1106 di-

981 1135 1043 1155 cere
1066 1128 1163 1155 soleat.
1192 1128 1257 1156 Tale
1272 1129 1346 1155 enim
1370 1132 1412 1155 est
1432 1127 1517 1154 illud:
1533 1136 1542 1152 ι
1558 1126 1671 1154 Audivit
1686 1126 1773 1153 Adam

981 1181 1077 1202 vocem
1099 1174 1208 1202 Domini
1225 1175 1275 1202 Dei
1290 1173 1459 1202 ambulantis
1469 1174 1510 1207 ’5;
1531 1183 1540 1200 ι
1564 1177 1592 1201 et
1607 1173 1676 1200 hoc:
1696 1183 1704 1199 ι
1722 1173 1774 1199 De-

981 1219 1124 1252 scendam,
1141 1225 1169 1247 et
1182 1220 1398 1252 videbo,utrum
1415 1227 1564 1247 ctamorem
1581 1219 1628 1254 qui
1649 1219 1724 1246 venit
1739 1217 1774 1245 ad

981 1274 1026 1294 me
1044 1273 1128 1301 opere
1145 1266 1356 1301 compleverint,
1371 1275 1405 1294 an
1429 1266 1531 1297 minus,
1548 1269 1580 1292 ut
1605 1265 1690 1292 sciam
1701 1265 1745 1298 ’νς
1763 1275 1772 1290 ι

982 1312 1048 1340 item
1062 1321 1069 1338 :
1086 1313 1179 1341 «Nunc
1188 1312 1303 1348 cognovi
1317 1313 1391 1347 quod
1403 1313 1500 1339 timeas
1511 1313 1597 1339 Deum
1611 1312 1648 1345 '°;
1660 1321 1668 1337 ι
1685 1316 1712 1338 et
1723 1312 1774 1338 alia

982 1359 1142 1394 huiusmodi
1155 1359 1253 1386 multa.

1016 1405 1120 1432 ERAN.
1136 1405 1177 1432 Ad
1201 1405 1259 1433 haec
1273 1405 1365 1432 denuo
1381 1404 1590 1440 responderem,
1606 1402 1774 1431 (economia-

982 1459 1044 1478 rum
1058 1459 1106 1479 seu
1126 1452 1363 1487 dispensationum
1377 1451 1557 1485 multiplicem
1568 1457 1629 1477 esse
1645 1449 1777 1476 diﬂ‘eren-

984 1497 1059 1524 tiam.
1084 1497 1153 1524 Nam
1174 1497 1201 1523 in
1224 1497 1317 1524 Veteri
1347 1497 1523 1524 Testamento
1551 1496 1698 1523 verborum
1722 1494 1776 1521 hu-

983 1543 1105 1578 iusmodi
1124 1546 1168 1570 est
1188 1543 1369 1578 dispensatio,
1388 1543 1434 1570 hic
1450 1547 1542 1570 autem
1560 1543 1642 1569 etiam
1671 1549 1775 1569 rerum.

1021 1589 1127 1617 ORTH.
1138 1589 1192 1617 Sed
1205 1590 1390 1625 interrogabit
1403 1590 1459 1620 ille.
1471 1597 1653 1624 quarumnam
1666 1588 1777 1615 rerum?

1019 1679 1123 1706 ERAN.
1136 1679 1171 1706 At
1182 1679 1274 1706 statim
1301 1679 1404 1710 audiet,
1432 1685 1526 1705 earum
1551 1685 1611 1712 quae
1640 1677 1778 1712 pertinent

987 1725 1021 1752 ad
1049 1724 1280 1751 incarnationem.
1300 1724 1388 1751 llomo
1404 1724 1479 1750 enim
1503 1723 1592 1750 factus
1613 1722 1698 1750 Filius
1717 1722 1777 1753 Dei.

987 1775 1014 1799 et
1034 1771 1126 1799 verbis
1161 1775 1190 1799 et
1208 1771 1309 1806 reipsa,
1327 1778 1401 1797 nunc
1424 1770 1535 1805 quidem
1558 1777 1680 1801 carnem,
1704 1776 1779 1795 nunc

987 1825 1054 1845 vero
1075 1816 1247 1845 divinitatem
1266 1815 1405 1844 ostendit:
1435 1815 1508 1842 sicut
1521 1819 1595 1841 certe
1610 1814 1662 1841 hoc
1678 1814 1737 1841 loco
1750 1819 1779 1840 et

987 1865 1086 1892 animm
1102 1868 1130 1892 et
1156 1864 1248 1892 carnis
1276 1863 1462 1890 inﬁrmitatem
1490 1861 1624 1895 ostendit;
1645 1865 1687 1888 est
1704 1860 1778 1887 enim

988 1911 1096 1938 timoris
1111 1911 1230 1938 all‘ectio.

1024 1957 1128 1985 ORTll.
1144 1957 1172 1984 Si
1182 1965 1248 1984 vero
1260 1957 1430 1991 respondens
1442 1955 1554 1986 dixerit.
1565 1955 1646 1989 Atqui
1659 1955 1778 1982 animant

988 2012 1044 2031 non
1056 2003 1214 2038 assumpsit,
1233 2002 1281 2030 sed
1306 2003 1394 2030 solum
1407 2008 1519 2036 corpus,
1534 2000 1664 2028 divinitas
1687 2004 1779 2027 autem

988 2050 1049 2078 vice
1060 2049 1159 2076 animae
1176 2049 1285 2084 corpori
1304 2049 1380 2083 111
1393 2048 1481 2079 unita,
1497 2048 1594 2075 anima:
1609 2046 1696 2074 otlicia
1719 2053 1779 2072 om-

989 2096 1034 2124 nia
1049 2100 1179 2124 exsecuta
1189 2100 1241 2128 est,
1252 2095 1353 2130 quibus
1367 2094 1521 2122 rationibus
1537 2093 1720 2129 objectioncm
1736 2100 1780 2120 re-

989 2143 1112 2170 futabis?

1024 2190 1129 2217 ERAN.
1156 2189 1196 2216 Ex
1213 2187 1306 2215 divina
1332 2187 1477 2221 Scriptura
1493 2185 1638 2220 proferens
1667 2184 1781 2210 demon—

145 2233 304 2268 προφέρων,
323 2235 372 2260 καὶ
391 2234 498 2267 δεικνὺς
525 2236 563 2267 ὡς
582 2238 613 2264 οὐ
635 2238 724 2274 σάρκα
751 2240 844 2275 μόνην,
867 2241 931 2268 ἀλλὰ

990 2236 1148 2267 strationes,
1165 2239 1194 2262 et
1208 2233 1358 2261 ostendens
1386 2232 1471 2258 Deum
1486 2230 1608 2258 Verbum
1623 2236 1676 2256 non
1692 2228 1781 2255 solum

143 2279 194 2304 καὶ
209 2279 298 2314 ψυχὴν
317 2281 332 2307 ὁ
347 2280 414 2312 Θεὸς
427 2281 513 2316 Λόγος
530 2282 673 2312 ἀνέλαϐεν,

182 2324 258 2351 ΟΡΘ.
275 2326 331 2352 Καὶ
342 2326 422 2358 ποίας
436 2327 466 2352 ὲν
480 2329 513 2363 τῇ
531 2328 626 2364 Γραφῇ
644 2330 773 2363 τοιαύτας
784 2332 937 2368 εὑρήσομεν

145 2370 299 2404 ἀποδείξεις
311 2379 319 2403 ;

183 2416 286 2443 EPAN.
296 2416 354 2443 Οὐκ
362 2417 482 2452 ἤκουσας
494 2418 539 2445 τοῦ
553 2419 656 2452 Κυρίου
668 2421 795 2455 λέγοντος
805 2432 812 2437 '
825 2433 833 2448 ι
847 2423 939 2456 Ἐξου-

147 2461 210 2487 σίαν
227 2460 281 2496 ἔχω
304 2461 391 2489 Θείναι
410 2463 460 2499 τὴν
476 2462 566 2499 ψυχήν
592 2473 654 2500 μου,
674 2467 721 2493 καὶ
735 2466 860 2499 ἐξουσίαν
884 2469 939 2504 ἔχω

148 2506 234 2533 πάλιν
249 2506 343 2534 λαϐεῖν
362 2508 447 2544 αὑτήν
459 2517 465 2523 ·
481 2509 577 2545 τίθημι
594 2510 678 2546 αὐτὴν
692 2512 738 2538 ἀπ’
751 2513 882 2548 ἐμαυτοῦ,
898 2514 943 2541 ἵνα

147 2552 234 2578 πάλιν
259 2552 335 2579 λάϐω
351 2553 453 2588 αὑτήν·
476 2563 486 2580 ι
513 2554 560 2580 καὶ
580 2555 675 2581 πάλιν·
696 2565 705 2581 ι
732 2556 764 2583 Ἦ
789 2557 861 2593 ψυχή
890 2567 941 2594 μου

147 2598 199 2624 νῦν
213 2599 396 2634 τετάρακται⁸
423 2608 433 2624 ι
451 2599 497 2626 καὶ
522 2598 600 2632 αὖθις
614 2610 620 2618 ·
638 2611 647 2627 ι
669 2603 822 2637 Περίλυπός
838 2605 939 2640 ἐστινὴ

148 2644 225 2679 ψυχή
250 2652 301 2679 μου
327 2644 380 2676 ἕως
396 2644 539 2672 ,θανάτοω
557 2655 567 2671 )
595 2647 683 2674 καὶτὸ
703 2649 778 2684 παρὰ
795 2649 843 2676 τοῦ
861 2651 942 2678 Δαϐὶδ

150 2690 308 2724 εἰρημένον,
334 2691 382 2718 καὶ
399 2691 474 2726 παρὰ
487 2692 534 2718 τοῦ
550 2692 654 2727 Πέτρου
667 2694 882 2732 ἡρμηνευμένον,
900 2697 942 2724 δτι

189 2772 214 2788 ’⁸
232 2772 327 2813 Matth.
343 2781 415 2805 xxvt,
506 2775 534 2813 1'
544 2775 623 2813 .lpan».
641 2785 689 2808 xu,
702 2777 756 2813 27.7
789 2779 812 2795 ’⁸
827 2779 895 2808 Gen.
909 2789 931 2808 Ill

990 2803 991 2806 η
1029 2781 1051 2796 ²⁹
1066 2779 1135 2808 Gen.
1148 2785 1224 2810 xvut,
1235 2776 1280 2802 Ἡ.

149 2807 196 2835 28.
234 2808 255 2824 ³³
268 2809 349 2836 Joan.
363 2817 410 2842 xu,
428 2809 472 2837 27.
505 2810 528 2826 ³³
542 2811 638 2838 Matth.
656 2807 726 2844 xsvr,
742 2812 786 2841 58.

189 2877 246 2912 (45)
263 2876 311 2904 Ed.
331 2877 409 2904 Ronl.
423 2882 449 2904 et
467 2877 540 2913 Lips.
554 2878 716 2911 ἁναδέξοιτο,

989 2290 1100 2310 carnem
1115 2281 1162 2308 sed
1176 2280 1258 2307 etiam
1267 2279 1386 2306 animam
1395 2276 1585 2311 assumpsisse.

1025 2327 1130 2355 ORTll.
1144 2326 1260 2354 Ubinam
1273 2325 1340 2352 tales
1355 2324 1381 2350 in
1395 2323 1538 2357 Scriptura
1553 2319 1721 2369 reperiemus
1734 2318 1782 2345 de-

990 2372 1224 2402 monstrationes?

1027 2419 1132 2448 ERAN.
1161 2419 1260 2446 Annon
1289 2415 1417 2443 audivisti
1449 2413 1595 2442 Dominum
1623 2411 1778 2439 dicentem:

995 2477 1005 2493 ‹
1022 2468 1189 2494 Potestatem
1203 2463 1293 2491 habeo
1304 2461 1424 2498 ponendi
1439 2460 1558 2488 animam
1578 2465 1677 2489 meam,
1692 2460 1720 2484 et
1732 2463 1781 2491 po-

990 2517 1116 2541 testatem
1133 2511 1222 2538 habeo
1233 2516 1330 2537 rursus
1342 2506 1468 2535 sumendi
1482 2513 1558 2533 eam:
1571 2511 1643 2539 pono
1659 2510 1729 2534 eam,
1750 2506 1782 2529 ut

990 2560 1092 2586 iterum
1111 2564 1218 2584 sumam
1237 2554 1343 2587 eam“;
1359 2563 1367 2579 ι
1394 2556 1423 2580 et
1441 2552 1561 2579 iterum:
1581 2559 1589 2575 ι
1607 2549 1705 2576 Anima
1720 2555 1780 2575 mea

990 2612 1065 2632 nunc
1082 2604 1194 2632 turbata
1207 2602 1296 2634 est";
1318 2609 1327 2625 ι
1346 2604 1392 2627 et:
1409 2608 1419 2623 ‹
1432 2597 1531 2625 Tristis
1552 2600 1594 2623 est
1611 2595 1702 2622 anima
1720 2601 1780 2620 mea

991 2658 1079 2686 usque
1091 2649 1125 2677 ad
1135 2653 1251 2676 mortem
1263 2647 1300 2679 ¹³ς
1323 2655 1332 2671 ι
1347 2649 1375 2672 et
1384 2643 1457 2679 quod
1469 2650 1484 2670 a
1493 2641 1596 2669 Davide
1609 2640 1714 2686 dictum
1728 2641 1780 2669 est.

991 2702 1020 2725 et
1029 2705 1045 2724 a
1060 2697 1143 2724 Petro
1153 2693 1309 2730 expositum
1322 2701 1329 2718 :
1347 2701 1356 2717 ι
1370 2691 1432 2718 Non
1445 2689 1576 2717 derelicta
1585 2687 1664 2715 estin
1674 2685 1781 2713 inferno

1335 2773 1434 2802 I"Gen.
1451 2771 1571 2804 “11,12.
1610 2769 1631 2786 ⁵¹
1648 2769 1728 2797 Joan.
1753 2773 1780 2797 δι.

1036 2879 1090 2915 (Η)
1106 2879 1144 2906 Ib.
1154 2877 1301 2904 διαλύσαιο.
