1953 3055
164 145 211 180 151

660 141 906 173 THEODORETI
924 142 1093 173 EPISCOPI
1113 142 1296 174 CYRENSIS

1745 141 1807 174 152

162 205 253 231 anima
266 202 337 237 ejus.
345 208 435 236 neque
449 207 514 228 caro
524 200 584 235 ejus
592 199 661 226 vidit
673 199 882 234 corruptionem
894 199 936 226 ³⁵2
947 208 956 224 ι

1044 199 1102 226 Οὐκ
1121 200 1321 234 ἐγκατελείφθη
1345 199 1384 231 εἰς
1398 198 1462 234 ᾅδου
1476 199 1493 234 ἡ
1505 198 1579 234 ψυχὴ
1593 199 1686 231 αὑτοῦ,
1701 199 1764 228 οὔτε
1786 204 1809 238 ἡ

164 250 226 277 Haec
242 253 269 276 et
284 249 337 276 alia
355 247 381 275 id
397 254 484 282 genus
511 250 606 281 aperte
622 246 781 277 ostendunt,
796 245 870 280 quod
884 245 958 272 Deus

163 295 284 322 Verbum
299 302 354 321 non
371 293 459 321 solum
475 300 596 324 carnem,
617 291 665 319 sed
681 291 763 319 etiam
781 291 899 318 animam
916 298 959 318 as-

163 340 323 375 sumpserit.

194 385 298 414 ORTH.
313 384 381 419 Apte
389 384 559 416 admodum,‘
566 388 590 411 et
600 383 716 410 candide
727 383 787 410 haec
799 381 959 410 testimonia

163 431 314 466 protulisti.
330 430 384 457 Sed
396 429 509 465 objiciet
523 429 579 460 ille,
592 429 667 464 quod
679 429 763 456 etiam
776 433 841 456 ante
865 428 957 455 incar-

163 476 304 503 nationem
329 475 402 502 Deus
426 474 535 502 Jndaaos
552 474 695 508 alloquens
715 473 836 500 dixerit:
853 482 862 498 ε
885 473 960 508 Jeju-

164 523 251 555 nium,
264 527 293 550 et
307 521 405 553 otium.
418 525 446 549 et
465 520 655 548 solemnitates
667 524 774 547 vestras
795 518 854 546 odit
867 518 959 546 anima

164 576 225 596 mea
236 568 269 595 ".
290 577 299 593 ι
315 567 419 595 Deinde
431 567 471 593 sic
495 566 706 593 ratiocinabitur
718 574 724 592 :
738 565 810 593 sicut
823 565 851 592 in
866 564 959 592 Veteri

164 614 352 645 Testamento,
362 621 425 640 cum
434 613 554 640 animam
567 620 623 639 non
636 612 761 644 haberet,
773 611 873 639 anima:
881 618 960 638 men-

165 660 272 688 tionem
284 659 359 692 t‘ecit,
373 659 410 686 ita
427 663 455 686 et
464 659 517 686 hoc
529 659 591 686 loco
607 658 684 686 fecit.

201 751 306 780 ERAN.
333 752 368 779 At
392 759 489 778 rursus
516 750 610 778 audiet
637 749 711 784 quod
737 749 820 775 etiarn
838 755 962 782 corporis

166 798 289 833 partium
304 797 337 825 de
347 797 405 824 Deo
419 797 536 831 loquens
549 795 692 831 Scriptura
703 802 781 822 sacra
792 794 960 822 meminerit.

169 855 178 871 ι
192 844 296 871 lnclina
308 843 386 878 112
397 843 483 875 enim,
501 841 602 876 inquit,
617 848 712 868 aurem
726 844 812 873 tuam,
823 845 851 868 et
862 839 961 867 exaudi

165 881 210 918 me
220 890 258 923 ³⁶;
271 899 281 915 ›
294 894 323 917 et
340 898 346 916 ι
365 898 375 915 ι
386 888 471 924 Aperi
482 887 578 915 oculos
587 890 658 918 tuos,
672 891 700 914 et
711 886 774 915 vide
784 886 815 901 ’θ’
825 884 842 917 ;’
851 889 891 912 et:
908 895 917 911 ι
928 885 965 913 Os

165 935 276 964 Domini
295 936 354 963 haec
370 935 493 962 locutum
509 938 552 961 est
561 933 602 967 ³⁷;
625 943 633 959 ι
649 933 682 960 Et
696 941 703 959 ι
719 941 728 957 t
744 932 841 959 Manus
856 936 909 959 tute
925 931 967 958 fc-

167 986 268 1010 cerunt
285 989 343 1015 me,
357 986 386 1009 et
411 981 602 1008 formaverunt
618 987 661 1007 me
673 979 716 1012 ";
734 988 743 1004 ι
758 983 786 1006 et
803 979 856 1006 alia
884 978 966 1005 innu-

166 1035 245 1054 mera
258 1025 406 1062 ejusmodi.
432 1024 510 1058 Quod
527 1024 552 1052 si
562 1025 646 1052 etiam
665 1028 728 1059 post
744 1022 965 1051 incarnationem

168 1073 261 1100 anima
277 1080 334 1100 non
346 1071 525 1107 intelligenda
539 1076 581 1099 est
594 1071 696 1102 anima,
713 1077 766 1098 nec
785 1077 886 1105 corpus
899 1076 965 1104 ergo

169 1127 272 1154 corpus
289 1117 500 1154 intelligendum
521 1127 527 1144 :
549 1122 578 1145 et
607 1117 765 1145 invenietur
780 1116 861 1143 inane
885 1123 966 1151 spec-

170 1170 243 1194 trum
263 1172 391 1200 magnum
420 1163 636 1199 dispensationis
654 1163 828 1199 mysterium,
844 1163 966 1190 nullum-

169 1219 224 1246 que
239 1211 389 1238 discrimen
402 1210 456 1238 erit
469 1210 541 1237 inter
554 1217 616 1242 nos,
628 1214 657 1237 et
671 1209 848 1241 Marcionem,
867 1209 967 1236 Valen-

171 1258 260 1284 tinum
284 1261 313 1284 et
336 1257 487 1289 Manetem,
516 1257 563 1291 qui
589 1257 659 1284 tales
683 1256 792 1283 fabulas
816 1255 967 1283 commenti

171 1309 246 1332 sunt.

202 1349 308 1377 OBTH.
329 1349 357 1377 Si
370 1357 437 1377 vero
452 1350 676 1385 colloquentibus
687 1350 767 1378 nobis
779 1350 873 1378 subito
885 1351 968 1380 inter-

171 1396 265 1424 veniat
293 1396 429 1431 quispiam
445 1404 479 1423 ex
498 1397 611 1424 cohorte
622 1396 799 1431 Apollinarii,
817 1401 846 1424 et
865 1401 944 1433 roget
959 1406 966 1424 :

172 1442 299 1474 Qualem,
312 1450 329 1469 ο
340 1441 413 1469 bone
427 1442 478 1474 vir,
495 1442 616 1469 animam
631 1442 709 1469 dicas
731 1442 896 1478 (Christum)
924 1450 968 1470 as-

173 1488 341 1523 sumpsisse?
355 1487 422 1523 quid
432 1488 633 1523 respondebis?

1012 244 1081 280 σὰρξ
1096 245 1179 273 αὑτοῦ
1190 243 1244 272 εἶδε
1258 244 1425 280 διαφθοράν;
1439 253 1448 270 ›
1462 243 1557 271 Ταῦτα
1566 245 1612 271 καὶ
1626 244 1676 271 ὅσα
1687 245 1810 274 τοιαῦτα

1011 291 1106 326 σαφῶς
1117 292 1267 324 δείκνυσιν,
1286 291 1324 323 ὡς
1346 291 1377 318 οὐ
1397 290 1479 327 σῶμα
1497 290 1588 326 μόνον,
1604 290 1673 318 ἀλλὰ
1688 292 1735 318 καὶ
1749 292 1810 328 ψυ-

1010 341 1061 377 χὴν
1077 342 1092 369 ὀ
1112 341 1179 374 Θεὸς
1195 341 1282 376 Λόγος
1295 341 1436 368 ἀνέλαϐεν.

1047 388 1124 416 ΟΡΘ.
1144 388 1296 423 Ἀρμοδίως
1315 388 1365 422 μὲν
1379 388 1458 420 ἄγαν,
1483 387 1531 413 καὶ
1550 386 1731 422 εὐγνωμόνως
1743 386 1810 420 (45)

1011 433 1061 466 τὰς
1080 435 1233 470 μαρτυρίας
1249 434 1421 470 παρήγαγες.
1445 431 1580 467 ’Δντιθείη
1600 432 1623 459 δ’
1638 432 1670 459 ἃν
1685 433 1809 464 ἐκεῖνος,

1010 480 1048 512 ὡς
1063 481 1111 507 καὶ
1133 480 1187 516 πρὸ
1199 481 1250 515 τῆς
1267 479 1501 515 ὲνανθρωπήσεως
1520 478 1710 514 διαλεγόμενος
1734 479 1807 505 Ἰοιι⁴

1012 527 1098 559 δαίοις
1112 528 1126 553 ὁ
1143 527 1210 559 Θεδς
1227 527 1280 561 ἔφη
1291 535 1297 542 -
1320 536 1328 552 ε
1343 525 1491 561 Νηστείαν,
1508 525 1555 552 καὶ
1569 525 1678 560 ἀργίαν,
1696 524 1743 552 καὶ
1753 523 1813 555 τὰς

1013 573 1110 610 ἑορτὰς
1129 573 1186 609 (46)
1202 573 1280 609 ὑμῶν
1297 572 1374 608 μισεί
1390 572 1407 604 ὴ
1428 570 1502 606 ψυχή
1517 579 1579 604 μου.
1601 580 1610 596 ι
1629 568 1696 597 Εἶτα
1711 569 1812 596 συλλο-

1012 619 1157 654 γιζόμενος
1174 618 1242 654 φαίη
1259 619 1303 651 ἂν,
1320 618 1371 649 ὅτι,
1395 616 1521 651 καθάπερ
1532 617 1560 643 ἐν
1577 617 1610 652 τῇ
1631 617 1736 652 Παλαιᾷ
1754 617 1813 651 ψυ-

1013 665 1063 701 χὴν
1075 665 1126 692 οὐκ
1147 664 1216 700 ἔχων
1240 663 1429 700 ἐμνημόνευσε
1450 661 1549 697 ψυχῆς,
1571 661 1643 689 οὕτω
1667 660 1814 689 κάνταῦθα

1013 712 1176 745 πεποίηκεν.

1049 750 1152 785 ΕΡΑΝ.
1176 757 1247 784 Ἀλλ’
1258 756 1405 784 ἀκούσεται
1420 756 1511 789 πάλιν,
1528 755 1566 787 ὡς
1580 755 1628 782 καὶ
1643 753 1814 790 σωματικῶν

1016 804 1119 839 μορίων
1143 804 1209 839 περὶ
1242 803 1310 830 Θεοῦ
1335 802 1516 839 διαλεγομένη
1540 802 1677 838 μέμνηται
1699 801 1716 836 ὴ
1746 800 1814 826 θεία

1015 850 1123 886 Γραφή.
1144 859 1152 876 ι
1173 849 1271 876 Κλῖνον
1295 850 1360 885 γὰρ,
1386 849 1465 885 φησὶ,
1486 849 1517 876 τὸ
1532 846 1579 880 οὖς
1595 857 1653 880 σου,
1676 847 1723 874 καὶ
1741 846 1813 882 (46⁸)

1016 894 1170 921 ὲπάκουσόν
1190 902 1258 930 μου·
1286 904 1295 921 ι
1315 895 1380 921 καί·
1401 904 1410 920 α
1428 893 1552 927 Ἀνοιξον
1572 894 1636 924 τοὺς
1652 891 1816 927 ὀφθαλμούς

1017 950 1076 974 σου,
1090 941 1138 968 καὶ
1161 941 1215 968 ἴδε·
1242 950 1252 967 ι
1281 941 1328 968 καί
1343 949 1349 955 ·
1369 950 1378 967 ι
1399 941 1436 967 Τὸ
1456 940 1544 975 στόμα
1567 939 1670 975 Κυρίου
1694 938 1815 974 ἐλάλησα

1015 987 1115 1014 ταῦτα·
1137 997 1146 1013 ι
1173 987 1238 1014 καὶ’
1265 997 1274 1013 ι
1293 988 1325 1013 Al
1350 986 1444 1023 χεῖρές
1471 994 1518 1012 σου
1541 985 1672 1020 ἐποίησάν
1696 993 1739 1020 με,
1762 984 1816 1011 καὶ

1016 1033 1138 1061 ἔπλασάν
1166 1042 1210 1069 με,
1231 1042 1240 1058 ι
1263 1034 1309 1060 καὶ
1328 1033 1413 1069 μυρία
1440 1032 1563 1060 τοιαῦτα.
1590 1032 1621 1058 Et
1647 1031 1738 1058 τοίνυν
1763 1030 1815 1057 καὶ¹

1018 1079 1088 1116 μετὰ
1098 1079 1147 1115 τὴν
1159 1079 1238 1106 ὲνανθ
1244 1079 1367 1115 ρώπησιν
1380 1078 1428 1114 τὴν
1441 1078 1532 1114 ψυχὴν
1544 1078 1573 1104 οὺ
1585 1077 1674 1113 ψυχὴν
1689 1076 1814 1112 νοητέον,

1016 1124 1078 1152 οὔτε
1099 1125 1129 1152 τὸ
1148 1125 1302 1160 σῶμαᾰρα
1323 1124 1403 1160 σῶμα
1420 1125 1544 1161 νοητέον·
1569 1125 1616 1152 καὶ
1632 1124 1817 1160 εὑρεθήσεται

1018 1171 1156 1205 φαντασία
1180 1171 1211 1197 τὸ
1238 1171 1310 1206 μέγα
1331 1170 1382 1205 τῆς
1398 1171 1556 1206 οἰκονομίας
1581 1171 1740 1206 μυστήριον,
1764 1170 1816 1196 καὶ

1017 1215 1156 1252 διοίσομεν
1187 1216 1265 1243 οὐδὲν
1288 1216 1461 1252 Μαρκίωνος,
1491 1216 1538 1243 καὶ
1564 1215 1736 1247 Βαλεντίνου,
1765 1217 1816 1242 καὶ

1017 1261 1175 1293 Μάνεντος·
1193 1260 1305 1288 τοιαῦτα
1336 1260 1392 1296 γὰρ
1417 1261 1485 1288 am
1505 1261 1627 1288 κάκεῖνοι
1649 1259 1817 1296 μυθολογοῦ-

1019 1315 1072 1333 σιν.

1055 1352 1131 1379 ΟΡΘ.
1153 1353 1185 1380 El
1198 1352 1227 1379 δέ
1240 1361 1273 1386 γε
1295 1352 1496 1388 διαλεγομένων
1509 1351 1589 1388 ἡμῶν
1602 1351 1731 1386 ἐξαπίνης
1748 1350 1813 1386 ἀφί-

1020 1398 1095 1426 κοιτό
1108 1407 1150 1430 τις
1167 1399 1215 1433 τῆς
1236 1398 1427 1433 ’Δπολιναρίου
1450 1397 1618 1433 συμμορίας,
1636 1397 1684 1423 καὶ
1705 1396 1812 1430 ἔροιτο·

1020 1445 1116 1477 Ποίαν,
1131 1441 1153 1471 ὦ
1180 1445 1278 1480 λῷστε,
1294 1445 1383 1480 ψυχὴν
1400 1444 1491 1479 λέγεις
1515 1443 1708 1478 ἀνειληφέναι;
1732 1443 1758 1469 τί
1780 1443 1814 1469 ἂν

1020 1491 1200 1527 ἀποκρίναιοξ

212 1532 316 1560 ERAN.
345 1534 469 1560 Primum
484 1533 608 1568 quidem,
631 1533 705 1568 quod
728 1541 820 1560 unam
836 1534 965 1561 duntaxat

1059 1538 1163 1565 EPAN.
1183 1537 1296 1572 Πρῶτον
1310 1536 1370 1571 μὲν,
1385 1536 1422 1567 ὼς
1439 1536 1503 1571 μίαν
1516 1534 1575 1562 οἶδα
1588 1535 1637 1571 τὴν
1650 1533 1698 1561 τοῦ
1711 1533 1815 1569 ἀνθρὼ-

174 1580 296 1607 animam
304 1579 425 1607 hominis
433 1587 590 1615 agnoscam.
597 1580 702 1608 Deinde
710 1580 851 1613 adderem,
858 1580 935 1614 Quod
945 1581 968 1608 si

174 1629 205 1653 tu
218 1626 287 1653 duas
295 1625 402 1653 animas
417 1633 478 1653 esse
491 1631 580 1661 putas,
593 1630 620 1653 et
635 1634 717 1653 unam
745 1626 917 1659 rationalem,
931 1627 969 1653 al—

177 1675 263 1698 teram
278 1671 393 1699 rationis
410 1675 550 1706 expertem
573 1677 664 1707 putas,
682 1672 846 1699 rationalem
863 1680 969 1699 assunt-

177 1719 252 1749 ptam
280 1723 342 1742 esse
357 1715 430 1742 dico.
450 1716 491 1742 Tu
515 1716 599 1748 enim,
614 1721 644 1743 ut
660 1716 782 1749 videtur,
800 1717 915 1745 rationis
924 1725 971 1745 ex-

178 1765 285 1796 pertem
308 1762 408 1794 habes,
432 1762 480 1797 qui
502 1762 690 1797 imperfectam
707 1767 828 1790 nostram
854 1763 971 1791 salutent

178 1808 336 1836 arbitraris.

214 1855 318 1882 ORTH.
336 1854 439 1888 Quodsi
462 1862 558 1882 eorum
577 1863 638 1890 quae
649 1855 719 1882 dicis
736 1856 913 1890 probationes
931 1863 973 1883 rc-

179 1902 323 1937 quireret?

1022 1593 1072 1611 που
1092 1583 1192 1619 ψυχήν.
1214 1583 1329 1609 Ἔπειτα
1348 1582 1495 1617 προσθείην
1516 1581 1560 1612 ἂν,
1575 1581 1607 1608 Et
1623 1581 1649 1607 δέ
1670 1589 1701 1614 γε
1723 1580 1755 1606 σὺ
1770 1579 1816 1606 δύο

1022 1628 1154 1663 νομίζεις,
1176 1627 1224 1654 καὶ
1237 1627 1285 1662 τὴν
1303 1627 1353 1662 μὲν
1376 1627 1498 1661 λογικὴν,
1514 1627 1564 1661 τὴν
1589 1626 1617 1653 δὲ
1629 1626 1725 1660 ἄλογον
1741 1625 1816 1660 vopi-

1023 1674 1091 1706 ζεις,
1118 1674 1167 1709 τὴν
1190 1674 1304 1708 λογικὴν
1329 1673 1489 1708 ἀνειλῆφθαι
1509 1672 1591 1708 φημί.
1619 1672 1655 1698 Σὺ
1683 1672 1749 1707 γὰρ,
1777 1670 1814 1701 ὡς

1024 1720 1106 1752 ἔοικε,
1124 1720 1174 1754 τὴν
1192 1719 1289 1752 ἄλογον
1307 1719 1390 1754 ἔχεις.
1410 1719 1490 1754 ἀτελῆ
1506 1718 1671 1754 γεγενῆσθαι
1686 1718 1735 1753 τὴν
1747 1719 1815 1753 ἠμε-

1023 1765 1106 1801 τέραν
1122 1765 1260 1801 σωτηρίαν
1272 1765 1435 1800 ἡγούμενος.

1061 1852 1138 1880 ΟΡΘ.
1155 1853 1186 1879 Εἰ
1209 1852 1237 1879 δὲ
1258 1852 1341 1878 τῶνδε
1360 1851 1415 1878 τῶν
1435 1851 1522 1886 λόγων
1538 1851 1666 1886 ἁπαιτοίη
1683 1851 1732 1882 τὰς
1749 1849 1815 1877 ἀπο-

1026 1899 1138 1931 δείξεις

217 1946 320 1974 ERAN.
344 1947 442 1974 Darem
471 1945 561 1977 facile,
587 1950 670 1980 atque
688 1946 803 1973 oracula
816 1947 965 1981 evangelio:

1062 1944 1164 1972 EPAN.
1184 1944 1263 1978 Δοτην
1285 1943 1318 1970 ἂν
1333 1943 1466 1975 εὐπετῶς,
1491 1943 1537 1969 καὶ
1558 1942 1612 1969 τῶν
1635 1942 1816 1976 εὐαγγελικῶν

181 2000 358 2028 suggererem
371 2002 377 2019 :
398 2003 406 2018 ι
426 1993 498 2019 Puer
509 1992 589 2019 Jesus
601 1992 754 2024 Crescebat,
768 1999 798 2020 et
812 1993 965 2020 corrobora.

1028 1992 1178 2027 ἀναμνήσω
1188 1991 1298 2025 λογίων,
1319 1991 1360 2016 ὅτι
1377 2000 1386 2016 ‹
1405 1990 1442 2016 Τὺ
1459 1989 1567 2016 παιδίον
1590 1988 1695 2025 Ἰησοῦς
1707 1989 1814 2024 ηῡξᾶνε,

181 2038 263 2065 batur
285 2037 395 2072 spiritu,
423 2042 450 2064 et
463 2037 550 2072 gratia
573 2037 621 2064 Dei
649 2042 709 2064 erat
738 2038 766 2065 in
788 2038 889 2073 ipso".
913 2048 922 2064 ι
943 2039 964 2066 Ε

1028 2039 1075 2064 καὶ
1103 2037 1284 2072 ἐκραταιοῦτο
1299 2035 1337 2071 τῷ
1361 2035 1507 2070 πνεύματι.
1529 2035 1576 2062 καὶ¹
1601 2035 1682 2070 χάρις
1702 2035 1769 2061 Θεοῦ
1785 2033 1817 2069 ἦν

182 2091 296 2110 rursus:
312 2083 405 2110 tJesus
415 2087 506 2110 autem
519 2082 779 2117 proficiebataetate,
789 2089 818 2112 et
829 2084 963 2118 sapientia

1030 2084 1073 2110 ἐπ’
1094 2083 1178 2118 αὐτῷ.
1199 2092 1208 2109 t
1232 2084 1287 2109 Καὶ
1304 2082 1404 2109 πάλιν·
1437 2091 1446 2107 ‹
1481 2081 1586 2117 Ἰησοῦς
1609 2081 1637 2108 δὲ
1652 2081 1819 2116 προέκοπτεν

181 2133 211 2158 et
226 2129 311 2164 gratia
334 2128 406 2164 apud
437 2129 523 2156 Deum
536 2133 564 2156 et
579 2129 708 2157 homines
729 2130 761 2156 ιθ.
779 2140 788 2156 ι
809 2131 843 2157 Ει
855 2130 965 2158 diceren

1029 2129 1134 2165 ἡλικίᾳ,
1151 2129 1199 2155 καὶ
1211 2129 1302 2164 σοφίᾳ,
1315 2128 1362 2155 καὶ
1377 2128 1470 2164 χάριτι
1484 2127 1561 2164 παρὰ
1572 2127 1631 2162 Θεῷ
1651 2127 1699 2154 καὶ
1717 2127 1818 2162 ἀνθρώ-

183 2174 253 2202 ιιίΙιίΙ
277 2174 375 2201 ltorum
388 2174 537 2201 convenire
555 2174 704 2202 divinitati.
721 2175 813 2203 {Etate
827 2176 900 2203 cnim
914 2185 965 2211 pro

1031 2185 1102 2208 ποις.
1121 2185 1129 2202 ι
1150 2176 1205 2203 Καὶ
1224 2176 1328 2210 εἴποιμ’
1346 2175 1389 2208 ἂν,
1410 2175 1448 2206 ὡς
1468 2175 1546 2202 οὐδὲν
1569 2176 1672 2202 τούτων
1691 2173 1817 2209 ἁρμόττει

185 2220 242 2248 ticit
265 2228 378 2255 corpus,
405 2220 540 2255 sapientia
552 2228 617 2248 vero
634 2221 736 2253 anima,
762 2229 815 2249 non
829 2230 890 2257 quae
902 2230 965 2250 care

1033 2222 1152 2257 θεότητι.
1175 2221 1283 2256 Ἡλικίᾳ
1298 2221 1348 2256 μὲν
1361 2221 1416 2257 γὰρ
1430 2220 1461 2247 τὸ
1477 2220 1557 2256 σῶμα
1571 2220 1731 2256 προκόπτει,
1744 2219 1819 2254 σοφίᾳ

184 2266 301 2298 ratione,
322 2266 369 2293 sed
383 2274 443 2301 qua:
456 2266 571 2294 rationis
589 2271 632 2294 est
645 2275 758 2302 compos
767 2277 776 2294 «ε
796 2268 902 2295 ratione
913 2276 965 2304 erg<

1030 2269 1059 2295 δὲ
1075 2267 1160 2303 ψυχὴ.
1185 2268 1235 2302 οὐχ
1255 2268 1271 2302 ἡ
1294 2267 1400 2300 ἄλογος,
1414 2266 1472 2293 ἀλλ’
1491 2267 1508 2302 ἡ
1522 2266 1629 2302 λογική.
1646 2265 1763 2301 Λογικὴν
1775 2263 1818 2291 οὖν

184 2313 325 2348 praeditam
347 2313 466 2339 animant
483 2313 556 2339 Deus
573 2313 695 2340 Verbum
714 2314 872 2348 assumpsit.

1031 2314 1084 2349 ἄρα
1101 2313 1190 2348 ψυχὴν
1210 2314 1224 2339 ὁ
1235 2312 1302 2344 Θεὸς
1315 2312 1402 2346 Λόγος
1415 2312 1570 2346 ἀνείληφεν.

227 2359 305 2394 113
327 2359 432 2386 OR'l'll.
456 2359 574 2387 Strenue
591 2367 713 2394 prorsus,
735 2368 751 2387 0
765 2360 835 2388 bene
855 2361 908 2393 vir,
925 2365 965 2388 tre

1067 2360 1144 2386 ΟΡΘ.
1168 2359 1303 2389 Γενναίως
1329 2359 1379 2393 μὲν
1399 2359 1480 2393 ἄγαν,
1501 2355 1523 2384 ὦ
1545 2358 1651 2393 ἄριστε,
1677 2357 1727 2388 τὰς
1750 2358 1818 2392 τρεῖς

185 2405 409 2432 adversariorum
425 2413 529 2432 cuneos
544 2405 711 2439 perrupisti:
729 2406 777 2433 sed
792 2406 923 2433 unionem
946 2407 963 2433 il

1031 2403 1086 2430 τῶν
1119 2403 1276 2430 ἀντιπάλων
1306 2403 1454 2439 διέρῤηξας
1487 2403 1650 2438 φάλαγγας·
1677 2402 1746 2430 ἀλλὰ
1775 2402 1817 2438 τὴν

186 2452 250 2482 iam,
265 2455 293 2478 et
303 2451 476 2478 decantatam
487 2452 494 2460 ‘
510 2450 769 2479 commistionemac
777 2451 965 2479 confusionem

1034 2450 1133 2477 ἕνωσιν
1157 2449 1278 2484 ἐκείνην,
1295 2449 1343 2476 καὶ
1364 2449 1414 2484 τὴν
1429 2449 1651 2485 πολυθρύλλητον
1669 2450 1766 2485 κρᾶσιν
1778 2449 1818 2475 καὶ

186 2505 241 2524 non
257 2497 384 2524 bifariam
402 2497 494 2523 modo.
507 2497 555 2523 sed
572 2496 704 2523 trifariam
722 2497 847 2525 oratione
863 2501 908 2524 tua
923 2497 965 2525 dis

1036 2496 1179 2531 σύγχυσιν,
1205 2495 1236 2522 οὑ
1253 2495 1315 2530 διχῆ
1344 2495 1435 2531 μόνον.
1452 2495 1521 2522 ἀλλὰ
1546 2495 1594 2522 καὶ
1607 2496 1687 2532 τριχῆ
1701 2494 1740 2530 τῷ
1756 2494 1819 2528 λόγῳ

188 2542 311 2569 solvisti:
341 2546 436 2568 etnon
453 2541 542 2568 solum
570 2541 722 2568 divinitatis
747 2542 963 2577 humanitatisqu

1036 2542 1179 2573 διέλυσας·
1198 2541 1246 2569 καὶ
1262 2542 1292 2568 οὐ
1313 2541 1393 2577 μόνον
1406 2541 1533 2576 θεότητος
1552 2541 1599 2568 καὶ
1618 2540 1819 2576 ἁνθρωπότητος

189 2587 337 2614 discritnen
365 2586 532 2619 ostendisti,
565 2587 613 2615 sed
642 2587 842 2615 humanitatem
872 2596 964 2623 quoqu

1036 2590 1068 2616 τὸ
1078 2589 1207 2624 διάφορον
1223 2587 1337 2621 ἔδειξας,
1350 2588 1419 2615 ἀλλὰ
1435 2588 1481 2614 καὶ¹
1492 2587 1577 2623 αὐτὴν
1591 2587 1654 2622 διχῆ
1666 2586 1762 2617 διεῖλες
1776 2585 1818 2620 τὴν

219 2677 241 2692 ³⁸
251 2676 442 2708 Psal.xv.10;
462 2677 521 2703 Act.
537 2685 565 2708 ll,
582 2677 626 2703 3|.
667 2677 688 2693 “
701 2678 752 2705 lsa.
766 2687 785 2711 ι,
808 2678 850 2705 l3.
891 2679 913 2695 ³⁵
926 2679 964 2706 Da

1023 2687 1046 2710 χ,
1061 2678 1104 2705 18.
1144 2677 1175 2693 ³⁸⁸⁸
1187 2677 1256 2705 Ibid.
1289 2677 1310 2693 "
1325 2677 1377 2705 lsa.
1392 2685 1465 2709 tvm.
1480 2676 1523 2703 Η.
1546 2674 1568 2692 ³⁸
1579 2675 1650 2703 Psal.
1666 2682 1758 2707 cxvrn,
1778 2675 1814 2702 75.

193 2713 293 2740 "Luc.
308 2720 337 2744 tt,
353 2712 396 2740 40.
435 2712 458 2727 ⁸⁸⁷
479 2712 548 2739 lbid.

229 2793 367 2827 (ιῖὶ)Εὺγν.
382 2793 529 2829 Sequimur
543 2793 688 2821 lectionem
701 2793 766 2821 edit.
776 2793 855 2820 liom.
868 2797 894 2820 cl
907 2791 981 2827 Lips.

192 2829 275 2857 Sit-tn.
291 2830 394 2864 legerat
410 2830 598 2865 ὲγνωσμένως.

232 2864 287 2898 (46}
309 2865 398 2899 Ἑορτ.
413 2863 511 2900 Supra,
525 2870 543 2892 t.
561 2865 593 2895 11,
607 2873 633 2900 p.
652 2865 709 2897 Πῦ,
722 2865 773 2900 leg.
787 2863 946 2900 νουμηνίας.

1075 2790 1140 2824 (46‘)
1154 2790 1218 2818 Καὶ,
1230 2791 1268 2818 Ex
1280 2790 1325 2817 ecl.
1342 2791 1420 2818 Rom.
1437 2795 1464 2818 et
1480 2791 1554 2826 Lips.
1571 2791 1716 2819 insertum.
1733 2791 1816 2820 Exstat

1038 2827 1131 2859 etiam,
1150 2830 1167 2853 ι.
1185 2826 1217 2859 11,
1233 2834 1259 2861 p.
1272 2826 1349 2859 1255,
1363 2826 1410 2854 ubi
1421 2826 1471 2862 leg.
1492 2827 1618 2855 ἄκουσον.
