1953 3055
148 149 199 181 153

675 153 863 185 DIALOGUS
884 154 925 184 ΙΙ.
945 166 979 171 -
998 154 1246 185 INCONFUSUS.

1729 149 1779 182 154

146 207 362 244 ἀνθρωπότητα·
391 208 456 236 ἄλλο
477 209 526 245 μέν
552 218 578 236 τι
593 210 641 246 τὴν
657 210 758 246 ψυχὴν,
776 199 841 238 ἄλλο
861 212 889 239 δέ
909 222 935 239 τι

1007 220 1073 240 isam
1086 212 1216 248 bipartito
1231 210 1360 241 divisisti,
1373 209 1476 236 docens
1487 207 1561 235 aliud
1577 215 1636 235 esse
1648 207 1778 238 animant.

146 252 218 280 εἶναι
233 253 265 280 τὸ
292 253 370 288 σῶμα
394 253 514 286 διδάξας.
540 254 577 286 ὡς
601 255 700 290 μηκέτι
725 255 781 287 δύο,
797 255 868 282 κατὰ
892 255 938 282 τὸν

146 299 283 335 ἡμέτερον
297 299 385 333 λόγον,
400 300 469 326 ἀλλὰ
483 301 558 336 τρεῖς
574 300 693 327 νοεῖσθαι
713 301 809 335 φύσεις
819 301 866 328 τοῦ
883 303 939 328 Σω-

147 345 232 379 τῆρος
245 345 323 380 ἡμῶν
342 345 430 380 Ἰησοῦ
447 345 578 381 Χριστοῦ.

186 390 288 416 EPAN.
305 390 341 417 Σὺ
365 390 420 425 γὰρ
436 391 487 417 οὐκ
513 391 596 426 ἀλλην
612 392 672 418 τινὰ
697 392 750 427 φὴς
771 392 867 419 οὐσίαν
889 392 938 428 τὴν

147 434 199 469 τῆς
211 435 302 470 ψυχῆς
316 435 393 471 παρὰ
408 435 458 471 τὴν
473 435 520 462 τοῦ
533 435 658 471 σώματος
672 436 753 471 φύσιν
765 445 772 470 ;

184 481 262 508 ΟΡΘ.
279 481 372 516 Ναιχί.

184 526 287 553 ΕΡΑΝ.
303 526 365 558 Πῶς
380 526 472 553 τοίνυν
488 526 503 553 ό
514 526 594 561 λόγος
604 527 756 563 παράδοξος
771 526 848 563 ὤφθη
861 535 919 559 σοις

185 616 261 643 ΟΡΘ.
276 617 336 643 Ὂτι
348 616 394 643 δύο
409 617 629 653 παραιτούμενος
642 618 730 644 εἰπεῖν
743 619 818 653 τρεῖς
833 617 939 652 ὡμολό-

148 671 239 697 γησας
253 662 359 696 φύσεις.
938 658 941 660 ’

187 709 289 735 EPAN.
313 709 345 735 Ἦ
365 708 435 744 πρὸς
449 709 513 740 τοὺς
537 708 702 740 ἀντιπάλους
723 709 844 744 διαμάχη
860 708 940 735 τοῦτο

150 756 239 782 ποιεῖν
265 754 398 789 βιάζεται.
415 755 478 786 ῐιῶς
492 755 546 790 γὰρ
558 754 590 781 ἄν
608 764 650 786 τις
672 754 773 790 ἑτέρως
786 754 938 790 διαλεχθείη

148 801 206 831 τοῖς
217 801 267 836 τῆς
279 801 391 836 σαρκὸς,
401 801 417 836 ἢ
427 801 479 834 τῆς
490 800 618 836 (hang-ﬁ
632 800 680 827 τοῦ
691 800 736 827 νοῦ
747 801 796 836 τὴν
807 800 940 836 ἀνάληψιν

149 846 340 880 ἀρνουμένοις,
355 847 379 873 at
401 847 439 882 μὴ
455 846 504 878 τὰς
520 847 585 882 περὶ
599 846 704 874 τούτων
717 846 871 880 ἀποδείξεις
887 846 941 872 ἀπὸ

148 890 201 925 τῆς
215 890 290 922 θείας
304 891 450 927 προφέρων
465 891 592 927 Γραφῆςς
610 891 672 923 Πῶς
686 891 714 917 δὲ
725 891 758 918 ἀν
768 900 809 923 τις
819 891 882 929 rei);
892 890 939 917 τοῦ
957 894 978 921 Β

149 935 321 969 Μονογενοῦς
335 936 385 971 τὴν
398 936 514 972 θεότητα
534 936 696 972 σμικρύνειν
722 936 940 971 φιλονεικοῦντας

149 981 288 1015 διελέγξαι
313 981 476 1013 λυττῶντας,
498 982 515 1018 ἦ
539 982 574 1009 τὰ
601 982 650 1018 μὲν
668 982 842 1016 θεολογικῶς,
864 982 899 1009 τά
911 983 940 1009 δὲ

149 1026 333 1061 οἰκονομικῶς
349 1027 455 1059 δεικνὺς
473 1028 615 1062 είρηκυῖαν
627 1027 677 1063 τὴν
689 1027 764 1054 θείαν
777 1028 904 1064 Γραφήν;

188 1073 265 1100 ΟΡΘ.
299 1073 415 1110 ’Δληθὴς
440 1071 519 1105 οὗτος
546 1075 560 1100 ό
587 1074 685 1108 λόγος·
716 1074 851 1110 ἡμέτερος
875 1074 939 1110 γὰρ,

151 1118 254 1153 μᾶλλον
269 1118 296 1144 δὲ
315 1118 433 1150 πάντων,
447 1118 504 1145 ὅσοι
527 1119 573 1145 τὸν
593 1119 774 1146 ἀποστολικὸν
790 1119 889 1146 κανόνα
900 1120 940 1146 δι-

149 1163 289 1198 ετήρησαν
302 1163 410 1198 ἀκλινῆ.
426 1163 513 1196 Αὐτὸς
526 1163 554 1190 δὲ
573 1164 720 1200 συνήγορος
731 1164 785 1190 τῶν
798 1165 941 1200 ἡμετέρων

150 1208 291 1243 ἀνεφάνης
301 1208 456 1243 δογμάτων.

189 1253 292 1280 ΕΡΔΝ.
306 1254 360 1280 Καὶ
375 1254 435 1286 πῶς
447 1255 503 1286 τοῖς
520 1254 663 1290 ὑμετέροις
676 1255 831 1291 ωνηγορῶ,
845 1255 891 1282 δύο
903 1256 940 1290 μὴ

150 1299 240 1333 λέγων
253 1299 345 1333 υῑοὺς;

187 1347 263 1374 οΡΘ.
272 1346 341 1373 Πότε
355 1346 435 1382 ήμῶν
447 1347 568 1382 ἀκήκοας
579 1346 626 1373 δύο
634 1347 839 1382 πρεσϐευόντων
850 1347 940 1380 υῑούς;

187 1436 290 1463 EPAN.
315 1435 344 1462 '0
374 1436 451 1482 (472
476 1435 524 1464 δύο
548 1436 637 1471 λέγων
665 1437 771 1472 φύσεις,
799 1437 845 1464 δύο
867 1437 942 1472 λέγει

151 1491 239 1514 υιους.

187 1527 264 1555 ΟΡΘ.
280 1528 363 1562 Τρεῖς
387 1525 434 1554 οὖν
449 1527 504 1564 ἀρα
524 1529 557 1555 σὺ
580 1528 670 1563 λέγεις
684 1527 776 1561 υἱούς·
792 1529 868 1564 τρεῖς
888 1528 942 1565 γὰρ

151 1574 269 1610 εἴρηκας
287 1573 395 1608 φύσεις.

191 1622 293 1650 EPAN.
315 1622 372 1648 Οὐκ
384 1619 419 1658 ἦν
435 1621 537 1657 ἑτέρως
555 1621 593 1648 τὰ
605 1621 660 1648 τῶν
675 1621 804 1648 ἐναντίων
818 1620 942 1648 διαλύσαι

152 1667 259 1703 προϐλή
264 1676 348 1702 ματα.

190 1714 265 1741 ΟΡΘ.
286 1714 375 1740 Ταῦτδ
387 1713 466 1740 τοῦτο
486 1714 533 1740 και¹
547 1712 613 1750 παρ’
635 1713 714 1748 ἡμῶν
729 1713 845 1740 ἄκουσον
856 1720 864 1728 ·
887 1714 944 1745 τοῖς

153 1761 248 1792 αὐτοῖς
262 1759 317 1796 γὰρ
329 1759 461 1795 χρώμεθα
471 1760 520 1786 καὶ
535 1760 616 1794 ἡμεῖς
628 1759 853 1792 ἀνταγωνισταῖς.

190 1807 292 1834 ΕΡΑΝ.
314 1805 385 1832 Ἀλλ’
401 1804 456 1840 ἐγὼ
478 1805 548 1841 μετά
563 1805 612 1840 τὴν
623 1805 722 1832 ἕνωσιν
743 1805 790 1832 δύο
804 1804 900 1839 φύσεις
913 1805 944 1831 οὺ

153 1852 237 1886 λέγω.

191 1899 268 1926 ΟΡΘ.
285 1898 341 1925 Καὶ
361 1897 414 1933 μὴν
436 1897 506 1933 μετά
527 1897 627 1928 πολλὰς
644 1896 694 1931 τῆς
710 1895 834 1928 ὲνώσεως
847 1896 945 1930 γενεὰς

153 1945 262 1976 τούτοις
271 1944 386 1979 ἔναγχος
401 1943 510 1978 ἐχρήσω
521 1944 576 1974 τοῖς
590 1942 690 1977 λόγοις.
703 1941 814 1974 Διδαξον
827 1942 855 1968 δὲ
870 1943 946 1977 ὅμως

152 1992 240 2026 ἡμᾶς.
260 1990 319 2021 πῶς
335 1989 401 2025 μίαν
418 1989 509 2023 λέγεις
525 1988 595 2024 μετά
607 1988 658 2022 τὴν
672 1988 769 2014 ἕνωσιν
788 1987 886 2022 φύσιν·
908 1987 945 2020 ὼς

155 2037 222 2072 μιᾶς
237 2036 267 2069 ἐξ
281 2036 383 2071 ἀμφοῖν
399 2035 560 2070 γενομένης,
573 2034 590 2070 ἢ
613 2034 650 2066 ὡς
668 2034 786 2069 θατέροις
802 2034 944 2070 μεινάσης,

154 2084 207 2118 τῆς
221 2083 249 2109 δὲ
263 2082 361 2117 ἑτέρας
374 2080 587 2117 ἀναιρεθείσης;

192 2128 294 2154 EPAN.
327 2126 398 2161 Ἐγὼ
433 2127 483 2162 τὴν
508 2127 625 2161 θεότητα
647 2125 719 2160 λέγω
750 2125 944 2161 μεμενηκέναι,

155 2174 346 2209 καταποθῆναι
359 2174 387 2200 δὲ
400 2173 453 2200 ὑπὸ
466 2173 570 2208 ταύτης
587 2173 636 2208 τὴν
648 2172 696 2199 ἀνθ
702 2172 856 2208 ρωπότητα.

989 258 1098 293 etalind
1117 265 1227 292 corpus,
1241 261 1270 284 ιιι
1281 264 1337 284 non
1347 256 1402 291 jam
1419 254 1491 285 duze,
1505 258 1535 280 ut
1547 252 1717 283 dicebamus,
1731 251 1778 278 sed

989 310 1045 332 tres
1073 304 1260 338 intelligantur
1290 307 1395 330 natura:
1423 299 1573 327 Salvatoris
1602 298 1689 325 nostri
1715 298 1778 325 Jesu

1139 393 1180 420 An
1196 398 1224 420 tu
1236 399 1292 419 non
1307 391 1388 418 aliam
1404 389 1550 425 quamdam
1564 388 1633 416 dicis
1640 396 1701 416 esse
1712 388 1779 416 sub-

988 440 1116 468 stantiam
1132 439 1239 470 animm,
1256 445 1338 472 quam
1349 435 1493 471 corporis?

1023 486 1128 515 ORTH.
1145 485 1273 512 Omnino.

1025 531 1129 560 ERAN.
1145 531 1289 564 Quomodo
1314 528 1398 564 igitur
1422 526 1472 554 tibi
1488 525 1607 554 absurda
1630 522 1780 560 disputatio

988 578 1047 606 visa
1065 581 1106 605 est
1116 577 1128 604 ?

1023 624 1128 652 ORTH.
1144 623 1213 656 Quia
1236 626 1305 650 duas
1329 627 1459 648 recusans
1476 619 1568 646 dicere
1595 622 1651 644 tres
1667 620 1779 643 naturas

990 671 1134 699 confessus
1148 677 1187 697 es.

1027 715 1130 743 ERAN.
1161 714 1293 748 Suscepta
1323 720 1385 739 cum
1415 709 1580 737 adversariis
1612 705 1782 734 concertatio

991 762 1044 790 hoc
1063 762 1153 788 faccre
1163 760 1245 795 cogit.
1261 759 1319 792 Quo
1329 757 1403 785 enim
1416 756 1469 784 alio
1482 754 1563 782 modo
1575 753 1692 780 disserat
1703 751 1780 786 quis-

991 809 1063 843 piam
1086 815 1148 835 cum
1175 807 1218 838 iis,
1236 805 1284 840 qui
1307 804 1408 836 carnis,
1423 803 1467 830 vel
1495 801 1602 832 animae,
1620 799 1663 827 vel
1680 797 1782 825 mentis

993 852 1206 887 assumptioneni
1221 855 1331 886 negant,
1346 849 1401 877 nisi
1423 847 1539 883 prolatis
1557 854 1591 874 ex
1607 852 1683 873 sacra
1705 843 1780 871 Scri-

992 905 1074 935 ptura
1091 899 1189 926 horum
1201 893 1503 924 demonstrationibus?
1514 893 1573 926 Quo
1586 897 1683 918 rursus
1699 888 1781 916 modo

990 933 1132 979 linigeniti
1147 942 1321 969 divinitatem
1334 944 1484 967 extenuare
1498 940 1630 964 conantes
1646 938 1675 962 et
1689 933 1783 961 furen-

991 994 1033 1017 tes
1047 978 1164 1021 rel‘ellat,
1181 988 1234 1015 nisi
1253 985 1381 1014 ostendat
1404 991 1510 1012 sacram
1533 982 1703 1017 Scripturam
1728 978 1782 1006 alia

991 1035 1143 1070 theologica
1157 1034 1269 1065 dixisse,
1288 1032 1340 1060 alia
1357 1029 1544 1059 oeconomice?

1026 1081 1131 1109 ORTH.
1154 1080 1226 1107 Vera
1246 1082 1288 1106 est
1316 1078 1375 1105 haec
1397 1076 1497 1104 oratio.
1524 1075 1623 1102 Nostra
1636 1073 1712 1101 enim
1728 1076 1782 1105 est,

991 1132 1039 1155 aut
1062 1127 1186 1155 omnium
1200 1125 1302 1161 potius,
1323 1123 1369 1159 qui
1387 1121 1570 1158 apostolicam
1585 1120 1706 1155 regulam
1730 1119 1782 1145 im-

991 1178 1092 1201 motam
1120 1175 1329 1200 conservarunt.
1355 1170 1396 1197 Tu
1423 1172 1515 1196 autem
1537 1166 1596 1202 ipse
1626 1166 1783 1205 dogmatum

991 1223 1150 1246 nostrorum
1167 1216 1340 1243 defensorem
1353 1218 1379 1241 te
1394 1212 1548 1249 praebuisti.

1027 1263 1131 1290 ERAN.
1150 1262 1184 1289 Et
1198 1268 1251 1296 qua
1278 1259 1384 1286 ratione
1400 1261 1493 1285 vestra
1509 1255 1637 1287 defendo,
1651 1254 1699 1289 qui
1714 1253 1785 1280 duos

992 1308 1063 1335 ﬁlios
1083 1315 1138 1334 non
1152 1306 1231 1333 dico?

1027 1353 1131 1381 ORTH.
1149 1351 1264 1386 Quando
1275 1357 1327 1378 nos
1341 1356 1462 1384 nnquam
1474 1347 1544 1375 duos
1558 1346 1629 1374 ﬁlios
1645 1345 1783 1373 afﬁrman-

992 1404 1035 1427 tes
1049 1398 1150 1426 audisti
1161 1398 1173 1424 ?

1030 1444 1110 1480 114.
1126 1443 1230 1472 EBAN.
1248 1443 1322 1471 Duas
1333 1446 1448 1471 naturas
1463 1441 1512 1477 qui
1526 1440 1608 1474 dicit,
1627 1439 1698 1468 duos
1717 1437 1786 1466 dicit

993 1491 1075 1519 ﬁlios.

1025 1537 1132 1565 ORTH.
1150 1537 1217 1564 Tres
1240 1535 1324 1571 igitur
1339 1539 1369 1562 tn
1381 1533 1452 1562 dicis
1466 1533 1553 1561 ﬁlios:
1573 1535 1629 1559 tres
1645 1531 1719 1559 enim
1734 1537 1784 1558 na-

955 1569 976 1598 C
994 1588 1070 1612 turas
1085 1581 1189 1610 dixisti.

1028 1628 1133 1656 ERAN.
1148 1628 1207 1656 Non
1226 1627 1327 1655 licebat
1343 1625 1424 1654 aliter
1439 1623 1663 1652 adversariorum
1677 1622 1785 1650 solvere

994 1678 1167 1709 argumenta.

1029 1719 1134 1747 ORTH.
1153 1719 1210 1746 Hoc
1226 1719 1315 1754 ipsum
1333 1721 1361 1745 et
1373 1725 1388 1744 τι
1400 1717 1480 1744 nobis
1495 1715 1558 1743 audi
1572 1724 1578 1742 :
1590 1714 1701 1742 eosdem
1711 1713 1786 1741 enim

995 1769 1023 1792 et
1033 1772 1082 1791 nos
1091 1764 1226 1791 habemus
1240 1762 1424 1790 adversarios.

1031 1809 1133 1837 ERAN.
1152 1810 1186 1837 At
1208 1817 1258 1844 ego
1277 1813 1339 1844 post
1356 1807 1485 1835 unionem
1505 1805 1578 1834 duas
1599 1809 1714 1832 naturas
1731 1811 1786 1831 non

996 1856 1069 1884 dico.

1031 1902 1136 1931 ORTH.
1151 1902 1208 1930 [mo
1221 1905 1283 1936 post
1299 1900 1385 1927 multa
1396 1899 1507 1927 unionis
1521 1905 1633 1933 genera,
1648 1897 1691 1924 his
1703 1897 1786 1932 paulo

996 1953 1059 1976 ante
1072 1947 1167 1976 verbis
1182 1955 1249 1974 usus
1260 1954 1300 1974 es.
1314 1945 1368 1974 Sed
1382 1950 1473 1973 tamen
1489 1945 1558 1972 doce
1572 1951 1632 1975 nos,
1648 1942 1786 1978 quomodo

997 2002 1079 2022 unam
1095 1998 1158 2029 post
1182 1994 1312 2021 unionem
1332 1992 1407 2020 dicas
1431 1995 1575 2019 naturam:
1590 1998 1625 2017 an
1641 1990 1714 2024 quod
1731 1997 1786 2016 una

996 2049 1030 2070 ex
1041 2041 1175 2068 ambabus
1187 2040 1257 2067 facta
1271 2040 1317 2072 sit,
1330 2047 1365 2066 an
1378 2038 1463 2074 quod,
1482 2038 1569 2065 altera
1584 2036 1683 2068 deleta,
1699 2035 1785 2063 altera

997 2085 1178 2114 remanserit?

1032 2133 1041 2141 '
1054 2131 1157 2158 ERAN.
1176 2130 1233 2165 Ego
1250 2129 1313 2156 dico
1328 2128 1463 2156 mansisse
1478 2128 1663 2160 divinitatem,
1685 2127 1719 2154 ab
1734 2126 1787 2153 hac

997 2184 1062 2204 vero
1076 2177 1234 2211 absorptam
1248 2183 1310 2202 esse
1324 2174 1534 2206 humanitatem,

192 2221 268 2247 0P8.
299 2219 436 2254 Ἐλλήνων
468 2219 556 2246 ταῦτα
590 2218 681 2253 μῦθοι,
706 2217 753 2244 καὶ
786 2217 941 2252 Μανιχαίωι

1031 2221 1136 2249 ORTH.
1151 2221 1301 2249 Gentilium
1311 2220 1433 2247 hae‘sunt
1449 2219 1559 2251 fabulae,
1576 2223 1691 2254 etnugae
1702 2217 1788 2245 Mani-

154 2268 246 2302 λῆροι.
276 2265 347 2300 Ἐγὼ
373 2265 402 2291 δὲ
425 2265 473 2292 καὶ
496 2265 527 2291 τὸ
550 2265 644 2300 φέρειν
672 2263 784 2294 τούτους
806 2263 846 2294 εἰς
865 2263 947 2297 μέσον

156 2311 334 2346 αἰσχύνομαι.
347 2310 379 2337 Οἱ
396 2311 445 2345 μὲν
461 2310 516 2345 γὰρ
532 2309 698 2340 καταπόσεις
714 2308 793 2341 θεῶν,
805 2309 830 2334 οὶ
843 2308 871 2334 δὲ
883 2307 948 2343 περὶ

155 2359 207 2392 τῆς
219 2357 266 2384 τοῦ
287 2357 377 2391 φωτὸς
397 2355 532 2391 θυγατρὸς
549 2356 578 2382 ὲν
596 2356 652 2386 τοῖς
668 2355 758 2388 λόγοις
778 2352 945 2388 ἀνέγραψαν.

161 2404 262 2438 Ἡμεῖς
276 2403 306 2429 δὲ
323 2403 386 2433 τοὺς
407 2401 528 2428 τοιούσδε
549 2401 645 2435 λόγους
669 2401 718 2435 οὐχ
746 2399 784 2432 ὡς
807 2398 948 2430 δυσσεϐεῖς

164 2448 258 2482 μόνον,
273 2448 341 2474 ἀλλὰ
351 2448 398 2474 καὶ
410 2447 479 2481 ἄγαν
491 2447 622 2481 ἀνοήτους
634 2445 872 2480 ἀποστρεφόμεθα.
885 2444 947 2476 Πῶς

156 2495 214 2532 γὰρ
230 2494 262 2521 ἂν
274 2495 291 2530 ὴ
307 2494 380 2529 ἀπλῆ
393 2494 441 2520 καὶ
454 2492 602 2523 ἀσύνθετος
617 2491 708 2526 φύσις,
725 2491 742 2525 ή
762 2489 947 2526 περιληπτικὴ

157 2540 214 2568 τῶν
228 2540 307 2573 ὅλων,
322 2541 339 2576 ἡ
355 2539 508 2574 ἀνέφικτος,
523 2539 540 2573 ἡ
555 2539 608 2565 ἀπε
615 2537 739 2572 ρίγαφος,
755 2537 886 2564 κατέπιεν
915 2536 948 2571 ἥν

158 2586 275 2614 ἀνέλαϐε
288 2585 387 2620 φύσιν;

194 2632 298 2659 EPAN.
324 2631 367 2663 Ὠς
382 2632 398 2666 ὴ
417 2630 540 2657 θάλασσα
556 2630 663 2665 μέλιτος
675 2628 869 2664 προσλαϐοῦσα
883 2636 948 2655 στα-

159 2678 238 2712 γόνα.
254 2677 372 2713 Φροῦδος
383 2677 438 2712 γὰρ
452 2676 534 2706 εὐθὺς
553 2676 569 2710 ἡ
591 2674 699 2709 σταγὼν
720 2673 813 2708 ἐκείνη
830 2672 946 2707 γίνεται,

158 2724 200 2759 τῷ
212 2726 261 2759 τῆς
279 2723 413 2757 θαλάττης
427 2723 504 2750 ὕδατι
518 2721 681 2758 μιγνυμένη.

997 2268 1147 2296 citatorum.
1175 2268 1232 2303 Ego
1246 2275 1313 2295 vero
1332 2267 1382 2294 has
1409 2267 1452 2294 vel
1471 2266 1500 2293 in
1526 2266 1645 2293 medium
1664 2264 1789 2299 proferre

996 2314 1140 2341 erubesco.
1159 2313 1199 2340 llli
1212 2313 1286 2340 enim
1297 2312 1331 2340 de
1347 2311 1596 2340 comessationibus
1618 2310 1743 2341 deorum,
1760 2309 1789 2336 hi
1839 2338 1842 2339 ν

996 2367 1062 2386 vero
1077 2359 1111 2386 de
1137 2359 1208 2386 lucis
1220 2358 1276 2385 ﬁlia
1300 2358 1328 2385 in
1353 2358 1433 2385 libris
1446 2358 1503 2385 suis
1527 2357 1708 2391 scripserunt.
1734 2355 1789 2382 Nos

996 2410 1087 2432 autem
1103 2405 1262 2440 huiusmodi
1276 2411 1428 2436 sermones,
1444 2411 1499 2431 non
1518 2407 1622 2430 tantum
1637 2407 1667 2429 ut
1679 2401 1789 2436 impios.

997 2451 1046 2478 sed
1059 2451 1142 2478 etiam
1172 2455 1203 2477 ut
1217 2450 1297 2477 valde
1329 2450 1428 2477 stultos
1455 2456 1622 2476 aversamur.
1647 2447 1791 2480 Quomodo

997 2497 1071 2523 enim
1088 2496 1203 2531 simplex
1217 2499 1245 2523 et
1260 2495 1442 2530 incomposita
1454 2499 1563 2525 natura.
1582 2501 1643 2528 quae
1660 2493 1791 2520 universa

997 2542 1128 2574 continet,
1143 2550 1203 2576 quae
1212 2549 1262 2568 nec
1271 2539 1527 2576 comprehensibilis
1542 2542 1592 2570 est,
1607 2546 1658 2565 nec
1670 2537 1790 2564 circum-

998 2587 1110 2621 scripta,
1125 2594 1184 2613 eam
1199 2585 1336 2620 absorpsit
1360 2588 1487 2611 naturam
1500 2590 1583 2617 quam
1597 2581 1765 2616 assumpsit?

1033 2631 1137 2658 ERAN.
1151 2631 1190 2658 Ac
1207 2631 1229 2658 si
1245 2638 1320 2657 mare
1333 2630 1422 2656 mellis
1443 2633 1547 2664 guttam
1573 2627 1702 2662 accipiat.
1726 2626 1790 2654 Sta-

1002 2677 1050 2704 tim
1063 2677 1136 2704 enim
1148 2681 1222 2712 gutta
1237 2676 1282 2703 illa
1295 2675 1434 2703 evanescit
1445 2674 1529 2702 maris
1540 2681 1617 2701 anna:
1630 2672 1770 2708 pcrmista.

196 2823 252 2856 ($7)
271 2823 309 2849 '0.
325 2822 374 2850 Ed.
389 2823 469 2850 Rom.
492 2826 520 2850 et
535 2822 609 2857 Lips.
630 2821 671 2855 οὑ,
691 2820 739 2849 scd
753 2822 812 2849 sine
825 2824 902 2856 slgno
922 2819 1142 2855 interrogationis
1159 2819 1193 2847 ad
1225 2818 1299 2851 υἱοὺς
1316 2817 1416 2853 posito,
1446 2825 1500 2852 quo
1518 2822 1609 2845 tamen
1637 2824 1706 2854 opus
1718 2817 1792 2843 esset

160 2859 214 2887 hoc
226 2858 297 2886 loco.
