1953 3055
179 139 230 171 155

672 140 916 171 THEODORETI
937 140 1106 170 EPISCOPI
1125 139 1307 171 CYRENSIS

1756 137 1807 169 156

215 196 320 224 ORTll.
338 195 411 223 Mare
425 200 453 223 et
476 199 553 231 gutta
568 196 722 231 quantitate
751 195 894 228 diﬂ‘erunt,
914 196 962 223 etsi

1056 196 1131 223 ΟΡΘῖ
1150 195 1206 230 Τῆς
1221 195 1357 229 θαλάττης
1371 193 1419 222 καὶ
1436 192 1485 229 τῆς
1498 193 1626 227 σταγόνος
1638 193 1666 220 ὲν
1678 193 1808 229 ποσότητι

177 242 343 269 conveniant
357 242 385 268 in
402 249 456 268 una
480 242 621 276 qualitate.
638 241 708 269 lllud
727 241 802 268 enim
819 242 968 269 maximum

177 293 230 321 est,
245 289 304 315 haec
316 288 444 315 minima:
462 292 490 315 et
504 289 561 315 han
577 288 655 323 115
665 289 777 323 quidem
788 289 887 321 dulcis,
901 288 968 315 illud

178 341 244 360 vero
251 334 351 360 salsum
365 342 370 360 ε
386 333 412 360 in
424 333 485 360 aliis
495 338 585 360 autem
594 334 783 369 cognationem
795 334 968 368 habeutplu-

179 380 287 406 rimam.
303 379 457 414 Utrumque
472 379 545 406 enim
562 379 702 407 humidam
721 385 748 407 et
760 379 871 406 ﬂuidam
886 379 969 406 habet

178 427 315 453 naturam,
330 428 452 451 creatum
467 433 529 452 esse
544 426 655 460 utrique
669 430 751 460 atque
765 426 916 453 inanimum
930 426 967 453 si-

178 468 280 495 militer
294 477 440 496 connnune
456 475 508 502 est,
523 475 551 498 et
563 479 664 506 corpus
682 477 828 506 utrumque
845 472 968 507 appella-

179 517 232 540 tur.
262 514 336 541 Nihil
361 514 444 550 igitur
461 515 574 543 absurdi
587 521 639 549 est,
669 516 764 544 alliues
788 521 898 545 naturas
916 517 968 544 mi-

178 561 259 592 sceri,
272 561 422 588 ctaltcram
436 561 470 588 ab
483 562 569 588 altera
585 562 704 589 absumi.
719 562 769 589 Hie
783 569 848 589 vero
862 562 969 590 infinita

175 612 218 632 est
233 606 401 640 dilTerentia,
417 612 446 635 et
458 612 543 641 tanta,
562 613 592 636 ut
606 608 682 635 nulla
706 608 820 635 omnino
845 608 969 636 veritatis

176 651 265 687 imago
293 654 458 687 reperiatur.
489 655 545 689 Ego
557 662 624 682 vero
647 655 732 682 multa
748 655 798 682 tibi
812 654 967 687 ostendam,

174 706 235 732 qua:
244 699 323 726 mista
332 706 386 726 non
395 699 611 733 confunduntur,
624 701 784 728 sedsineera
795 705 966 736 permanent.

212 830 314 858 ERAN.
338 831 372 859 Et
397 832 460 867 quis
489 840 611 868 unquam
643 833 802 862 mistionem
827 834 886 862 sine
916 834 968 861 mi-

173 880 249 902 stura
269 875 368 904 factam
380 877 505 904 audivit?

208 920 312 948 Olt'l‘H.
326 922 382 958 Ego
395 923 535 958 perﬁciam
551 927 581 950 ut
597 923 650 950 hoc
662 924 823 952 conﬁteare.

211 967 314 994 ERAN.
328 967 355 994 Si
370 967 443 1002 quod
455 968 581 996 dicturus
596 976 626 996 es
639 977 735 997 verum
748 970 898 1004 videbitur,
911 979 966 998 non

175 1013 388 1047 repugnabimus
399 1014 518 1041 veritati.

206 1057 312 1084 ORTll.
340 1058 486 1094 Responde
509 1060 604 1094 igitur,
622 1061 667 1088 vel
694 1061 829 1094 abnuens,
851 1061 894 1089 vel
919 1070 966 1089 au-

172 1111 271 1137 nuens,
290 1109 373 1140 prout
393 1105 442 1132 tibi
466 1105 541 1140 quod
560 1106 651 1133 dicam
671 1114 701 1134 se
728 1107 831 1135 habere
858 1107 965 1135 videbi—

171 1153 226 1178 tur.

205 1197 307 1224 ERAN.
321 1197 513 1232 Respondebo.

205 1243 311 1272 ORTH.
327 1244 386 1272 Lux
399 1245 492 1272 oriens
514 1249 640 1273 totumue
660 1253 753 1273 aerem
782 1245 896 1281 implere
915 1247 963 1274 tibi

169 1289 290 1322 videtur,
306 1290 358 1317 nisi
375 1291 398 1317 si
413 1291 476 1325 quis
488 1291 557 1318 forte
572 1291 599 1318 in
611 1292 699 1319 antris
714 1291 904 1320 subterraneis
920 1292 963 1319 in-

169 1335 264 1363 clusus
275 1336 346 1364 lucis
362 1345 462 1372 expers
475 1338 605 1365 maneat?

205 1382 308 1408 ERAN.
325 1382 370 1409 Sie
383 1383 451 1410 mihi
468 1383 587 1410 videtur.

204 1427 309 1455 ORTH.
325 1428 359 1456 Et
377 1432 431 1456 tota
444 1437 493 1464 per
505 1433 594 1457 totum
605 1438 697 1457 aerem
709 1431 756 1457 lux
767 1430 903 1458 dilfundi?

203 1473 307 1500 ERAN.
324 1474 380 1501 lloc
392 1482 503 1509 quoque
519 1475 556 1502 ita
568 1475 636 1502 mihi
650 1476 771 1503 videtur.

203 1517 307 1546 ORTll.
325 1519 416 1547 Mistio
430 1524 521 1548 autem
536 1529 628 1548 annon
652 1529 701 1556 per
719 1523 813 1549 omnia
829 1531 890 1558 qua:
909 1524 961 1550 mi-

167 1568 279 1591 scentur
290 1565 434 1599 procedit?

203 1611 211 1619 '
224 1610 326 1637 ERAN.
341 1611 443 1639 Verum
458 1616 510 1639 est.

202 1655 307 1683 ORTll.
323 1657 509 1685 llluminatum
522 1666 588 1686 vero
604 1666 706 1693 aerem,
725 1667 816 1688 nonne
830 1661 921 1688 lucem
932 1666 960 1689 et

167 1701 301 1734 videmus,
319 1705 347 1729 et
362 1703 556 1731 nominamus?

206 1749 286 1783 116
299 1749 402 1776 ERAN.
421 1749 550 1778 Omnino.

200 1793 304 1821 OltTll.
319 1795 446 1823 Attamen
463 1797 546 1824 etiam
560 1803 694 1832 praesente
717 1798 788 1831 luce,
815 1803 844 1827 et
857 1800 958 1828 siccam

167 1839 327 1873 qualitatem
342 1842 487 1874 sentimus,
509 1848 537 1870 et
551 1843 704 1876 humidam,
724 1852 795 1880 sarpe
822 1846 905 1873 etiam
932 1851 960 1874 et

166 1883 291 1919 frigidam
310 1890 338 1913 et
354 1887 479 1914 calidam.

202 1931 305 1959 ERAN.
323 1932 386 1960 Haec
401 1934 546 1962 sentimus.

201 1975 305 2003 ORTll.
321 1977 385 2005 Post
397 1978 467 2005 lucis
493 1987 559 2006 vero
576 1979 739 2013 discessum,
768 1986 892 2010 remanet
909 1990 957 2010 aer

167 2021 224 2056 ipse
237 2022 264 2049 in
280 2030 328 2050 sua
343 2028 407 2051 natu
413 2032 452 2051 ra.

203 2068 306 2095 EIIAN.
326 2069 395 2096 Vera
408 2069 466 2096 haec
478 2075 552 2098 sunt.

200 2113 305 2140 ORTH.
316 2115 371 2142 lloc
379 2124 490 2150 quoque
499 2117 655 2145 considera.
664 2118 778 2146 Ferrum
790 2119 845 2154 igni
863 2120 957 2147 admo-

165 2162 223 2186 tum
240 2168 331 2188 nonne
347 2161 484 2196 ignescit?

200 2203 303 2231 ERAN.
319 2204 447 2233 Omnino.

199 2249 304 2278 ORTH.
336 2251 370 2278 Et
394 2256 479 2279 totam
505 2253 592 2288 ipsius
612 2253 792 2281 substantiam
830 2260 957 2290 penetrat

164 2295 254 2330 ignis?

200 2341 303 2369 ERAN.
321 2342 414 2370 Plane.

199 2386 305 2414 Olt'l'll.
335 2389 478 2421 Quomodo
507 2398 574 2426 ergo
607 2399 662 2418 non
689 2396 777 2419 mutat
816 2393 880 2420 ferri
905 2401 955 2420 na-

162 2435 254 2459 turam
265 2439 372 2460 summa
388 2434 463 2467 unio,
485 2439 513 2462 et
525 2443 575 2470 per
589 2440 676 2463 totum
689 2444 833 2471 permeans
845 2438 955 2465 mistio?

198 2518 302 2546 ERAN.
326 2521 412 2549 Mutat
435 2517 559 2557 prorsus.
572 2523 631 2550 Non
659 2524 733 2551 enim
755 2526 873 2560 amplius
898 2527 954 2553 fer-

163 2572 236 2597 rum,
250 2565 297 2592 sed
312 2566 382 2601 ignis
395 2575 455 2596 esse
472 2573 616 2603 censetur;
633 2569 689 2597 imo
704 2570 788 2597 etiam
814 2571 885 2607 ignis
898 2572 953 2600 vim

163 2610 257 2638 habet.

198 2657 303 2685 OltTll.
327 2658 426 2686 Annon
448 2668 514 2696 ergo
544 2662 648 2690 ferrum
671 2656 763 2691 adhuc
786 2664 875 2699 ipsum
904 2673 952 2700 ap-

163 2702 248 2736 pellat
273 2703 360 2736 faber,
390 2709 417 2731 et
443 2705 536 2734 incudi
558 2708 684 2743 imponit,
711 2713 738 2736 et
763 2710 862 2738 malleo
887 2719 951 2746 per-

163 2747 248 2774 cutit?

198 2846 255 2884 (48)
270 2848 325 2884 Μή.
342 2848 482 2878 Ed.ltom.
495 2851 607 2887 elLips.
630 2853 689 2887 μέν.

1019 241 1050 267 τὸ
1063 242 1202 277 διαφέρον,
1219 242 1265 268 καὶ
1279 242 1307 267 ὲν
1324 241 1373 276 μιᾷ
1383 249 1416 274 γε
1431 240 1555 274 ποιότητι
1568 247 1574 254 ⁸
1588 239 1604 274 ἡ
1623 239 1671 274 μὲν
1686 239 1740 274 γὰρ
1761 249 1809 274 με-

1019 286 1110 322 γίστη,
1129 289 1145 322 ἡ
1163 287 1191 313 δὲ
1209 287 1395 322 σμικροτάτη·
1419 286 1467 312 καὶ
1487 286 1502 320 ὴ
1528 285 1576 320 μὲν
1593 285 1718 319 γλυκεῖα,
1743 287 1759 321 ὴ
1781 286 1809 312 δὲ

1020 333 1146 369 ἀλμυράσ
1162 334 1190 360 ὲν
1212 333 1240 359 δέ
1263 341 1293 366 γε
1317 333 1373 364 τοῖς
1393 331 1484 362 ἄλλοις
1501 331 1630 366 πλείστην
1647 331 1809 364 συγγένειαν

1020 379 1094 405 ἔστιν
1109 379 1212 414 εὑρεῖν.
1237 378 1335 413 Ῥυτὴν
1358 377 1413 413 γὰρ
1434 377 1536 412 ἔχουσι,
1565 377 1613 404 καὶ
1638 376 1736 411 ὑγρὰν,
1761 377 1810 403 καὶ

1023 425 1110 462 ῥοώδη
1133 425 1183 461 τὴν
1205 425 1287 459 φύσιν
1303 423 1470 460 ἀμφότεραι-
1482 423 1530 449 καὶ
1543 423 1572 449 τὸ
1589 420 1659 449 εἶναι
1671 423 1699 449 δὲ
1713 423 1810 454 αὐταῖς

1019 471 1119 505 ὁμοίως
1136 470 1256 503 κτιστὺν,
1274 470 1322 496 καὶ
1341 470 1371 496 τὺ
1386 469 1489 504 ἄψυχον
1507 469 1535 495 δὲ
1553 469 1684 500 ὡσαύτως
1707 468 1807 500 κοινὸν,

1020 516 1067 542 καὶ
1084 515 1175 550 μέντοι
1193 516 1240 542 καὶ
1253 515 1333 551 σῶμα
1352 515 1421 550 αὕτη
1445 514 1557 549 κάκείνη
1575 514 1707 540 καλεῖται.
1725 514 1809 540 Οὐδὲν

1020 559 1066 589 οὖν
1086 562 1210 594 ἀπεικὸς,
1233 562 1283 594 τὰς
1301 561 1518 596 ἀγχιστευούσας
1540 561 1636 594 φύσεις
1663 561 1809 594 ὑπομεῖναι

1019 606 1069 641 τὴν
1084 607 1193 642 κρᾶσιν,
1213 607 1261 633 καὶ
1277 606 1393 642 οατέραν
1410 606 1462 633 ὑπὸ
1481 606 1596 642 Οατέρας
1615 605 1808 640 ἀφανισθῆναι.

1027 653 1158 680 Ἐνταῦθα
1175 653 1203 680 δὲ
1220 653 1250 679 τὴ
1266 652 1394 688 διάφορον
1414 653 1537 688 ἄπειρον,
1558 652 1604 679 καὶ
1620 651 1756 683 τοσοῦτον,
1771 650 1810 682 ὡς

1022 698 1158 734 μηδεμίαν
1184 699 1276 725 εἰκόνα
1299 699 1349 734 τῆς
1379 698 1507 734 ἀληθείας
1527 697 1713 734 εὑρίσκεσθαι.
1738 696 1809 730 Ἐγὼ

1022 744 1113 779 μέντοι
1128 744 1261 780 ,δείκνυμι
1279 745 1364 772 πολλὰ
1378 745 1434 772 τῶν
1459 744 1668 780 κεραννυμένων
1691 743 1728 779 μὴ
1751 742 1808 778 (48)

1021 789 1200 825 συγχεόμενα,
1215 790 1271 817 ἀλλ’
1285 791 1423 826 ἀκραιφνῆ
1439 790 1611 826 διαμένοντα.

1055 834 1158 862 ΕΡᾹΝ.
1178 835 1234 862 Καὶ
1247 835 1288 867 τίς
1308 835 1411 871 ἀκήκοε
1430 836 1529 871 κρᾶσιν
1545 835 1663 870 ἄκρατον
1679 832 1808 865 πώποτε;

1054 925 1130 952 ΟΡΘ.
1155 925 1225 960 Ἑγώ
1237 934 1267 952 σε
1279 924 1356 952 τοῦτο
1367 925 1582 960 συνομολογῆσαι
1594 924 1806 959 παρασκευάσω.

1054 972 1156 998 EPAN.
1171 972 1202 998 Εὶ
1227 971 1323 1006 φανείη
1346 971 1377 998 τὺ
1406 970 1592 1007 ῥηθησόμενον
1620 969 1729 1006 ἀληθὲς,
1758 970 1807 996 οὐκ

1019 1017 1195 1053 ἀντιτάξομεν
1207 1018 1239 1053 τῇ
1252 1017 1379 1052 ἀληθείᾳ.

1052 1063 1128 1090 ΟΡΘ.
1152 1063 1311 1098 Ἀπόκριναι
1329 1063 1429 1095 τοίνυν,
1454 1063 1470 1097 ἢ
1502 1061 1650 1094 ἀνανεύων,
1675 1061 1691 1097 ἢ
1724 1069 1807 1088 κατα-

1016 1109 1112 1143 νεύων,
1129 1110 1203 1141 ὃττως
1219 1109 1252 1136 ἄν
1266 1117 1306 1136 σοι
1324 1108 1396 1144 ἔχειν
1409 1109 1423 1135 ὁ
1436 1108 1516 1142 λόγος
1533 1108 1610 1144 δοκῇ.

1050 1198 1069 1224 Ε
1075 1198 1149 1224 ΡΛΝ.
1173 1197 1397 1234 Ἀποκρινοῦμαι.

1051 1245 1125 1272 ΟΡΘ.
1148 1245 1185 1272 Τὸ
1211 1245 1268 1280 φῶς
1286 1245 1394 1280 ἀνίσχον
1410 1245 1499 1272 πάντα
1515 1245 1588 1271 δοκεῖ
1610 1254 1650 1272 σοι
1673 1245 1718 1272 τὸν
1738 1245 1806 1281 ἀέρα

1015 1290 1145 1326 πληροῦν,
1164 1291 1233 1325 πλὴν
1255 1292 1279 1317 εί
1304 1291 1341 1326 μή
1357 1299 1399 1322 τις
1423 1292 1452 1317 ὲν
1479 1291 1598 1327 ἀντρίοις
1619 1291 1749 1324 οἰκίσκοις
1760 1301 1806 1320 κα-

1014 1336 1175 1371 θειργμένος
1191 1336 1343 1370 ἀφώτιστος
1359 1336 1502 1371 διαμένοι;

1049 1383 1153 1408 EPAN.
1170 1383 1248 1409 Δοκεῖ
1261 1391 1317 1418 μοι.

1049 1429 1124 1456 ΟΡΘ.
1142 1430 1197 1455 Καὶ
1209 1429 1268 1455 ὅλον
1282 1429 1315 1454 δι’
1330 1429 1392 1456 ὂλου
1414 1427 1460 1455 τοῦ
1478 1428 1559 1464 ἀέρος
1573 1430 1672 1464 χωρεῖν
1681 1429 1711 1456 τὸ
1727 1430 1803 1465 φῶςς

1049 1475 1151 1501 EPAN.
1173 1475 1229 1501 Καὶ
1245 1475 1324 1502 τοῦτό
1341 1483 1386 1510 μοι
1404 1475 1538 1501 συνδοκεῖ.

1049 1520 1125 1551 ΟΡΘ,
1145 1521 1177 1547 Ἠ
1192 1520 1220 1547 δὲ
1235 1521 1332 1556 κρᾶσις
1347 1520 1377 1547 οὐ
1391 1520 1424 1547 δι’
1445 1520 1512 1547 ὅλων
1526 1520 1581 1547 τῶν
1597 1521 1804 1556 κεραννυμένων

1012 1568 1110 1602 χωρεῖς

1046 1611 1146 1638 EPAN.
1165 1611 1287 1647 Ἀληθές.
1380 1641 1388 1644 ,

1046 1657 1121 1684 ΟΡΘ.
1137 1657 1188 1683 Τὺν
1209 1657 1237 1683 δέ
1250 1666 1282 1692 γε
1306 1658 1510 1694 πεφωτισμένον
1534 1658 1614 1694 ἀέρα.
1635 1657 1665 1684 οὗ
1686 1657 1745 1692 φῶς
1756 1657 1803 1684 καὶ

1010 1704 1128 1740 ὁρῶμεν,
1147 1704 1193 1730 καὶ
1209 1703 1396 1739 όνομάζομεν;

1046 1750 1149 1777 EPAN.
1165 1750 1239 1777 Πάνυ
1261 1758 1303 1784 γε.

1046 1795 1122 1822 ΟΡΘ.
1146 1795 1215 1821 Ἀλλ’
1235 1795 1309 1829 ὅμως
1331 1795 1379 1822 καὶ
1406 1795 1540 1830 παρόντος
1563 1794 1610 1821 τοῦ
1635 1793 1732 1829 φωτδς,
1754 1793 1802 1820 καὶ

1010 1842 1096 1877 ξηρᾶς
1112 1842 1255 1876 ποιότητος
1281 1841 1477 1877 αἰσθανόμεθα,
1490 1842 1536 1868 καὶ
1552 1841 1637 1877 ὑγρᾶς
1648 1850 1654 1856 ·
1672 1840 1802 1872 πολλάκις

1009 1886 1037 1913 δὲ
1050 1886 1158 1922 ψυχρᾶς
1173 1887 1220 1913 καὶ
1237 1886 1353 1922 θερμῆς.

1045 1934 1146 1961 ΕΡΑΝ.
1164 1933 1355 1969 Αίσθανόμεθα
1370 1933 1483 1960 τούτων.
1560 1957 1564 1960 .

1044 1979 1121 2007 ΟΡΘ.
1136 1979 1214 2007 Μετὰ
1242 1979 1270 2006 δέ
1296 1988 1328 2014 γε
1354 1979 1402 2014 τὴν
1427 1978 1475 2005 τοῦ
1506 1978 1593 2013 φωτὸς
1617 1977 1800 2013 ἀναχώρησιν,

1010 2026 1084 2062 μένει
1098 2026 1190 2053 λοιπὸν
1204 2025 1286 2058 αὐτὸς
1300 2025 1360 2052 καθ’
1380 2025 1461 2052 αὑτὸν
1470 2026 1484 2052 ὁ
1501 2025 1567 2061 ἀήρ.

1043 2072 1142 2099 ΕΡΑΝ.
1165 2071 1265 2106 Ἀληοῆ
1283 2071 1379 2097 ταῦτα.

1043 2118 1117 2145 ΟΡΘ.
1131 2118 1272 2152 Σκόπησον
1288 2117 1319 2152 δὴ
1335 2115 1381 2144 οὗν
1395 2118 1442 2144 καὶ
1464 2117 1539 2144 τόδε·
1557 2118 1572 2144 6
1594 2117 1703 2153 σίδηρος
1718 2127 1800 2154 προσ·

1006 2165 1107 2201 ομιλῶν
1119 2164 1158 2200 τῷ
1176 2164 1241 2199 πυρὶ
1252 2163 1455 2199 πυρακτοῦται;

973 2221 994 2248 ι)
1043 2211 1145 2238 EPAN.
1165 2210 1281 2244 Πάνυγε.

1043 2254 1119 2281 ΟΡΘ.
1135 2254 1191 2280 Καὶ
1204 2253 1237 2281 δι’
1253 2254 1316 2289 ὅλης
1334 2263 1366 2289 γε
1391 2255 1440 2290 τῆς
1462 2255 1557 2288 οὐσίας
1570 2255 1654 2283 αὑτοῦ
1674 2257 1759 2291 χωρεῖ
1771 2256 1800 2283 τὺ

1007 2300 1061 2334 πῦρ
1072 2309 1079 2332 ;

1040 2346 1143 2373 EPAN.
1159 2345 1225 2378 Ναί,
1632 2380 1634 2383 ν

1040 2391 1115 2423 ΟΡΘ,
1128 2391 1191 2423 Πῶς
1204 2390 1251 2418 οὖν
1267 2392 1318 2418 οὐκ
1332 2392 1489 2419 ὲναλλάττει
1501 2392 1547 2418 τοῦ
1557 2392 1668 2427 σιδήρου
1683 2392 1732 2428 τὴν
1748 2392 1798 2426 φύ-

1006 2446 1048 2464 σιν
1064 2439 1080 2472 ὴ
1095 2438 1168 2473 ἄκρα
1184 2438 1292 2471 ἰνωσις,
1308 2438 1384 2473 καὶὴ
1404 2438 1437 2465 δι’
1453 2439 1515 2465 ὅλου
1533 2437 1662 2474 χωροῦσά
1683 2447 1714 2472 γε
1730 2439 1798 2473 κρᾶ-

1005 2492 1062 2516 σις;

1040 2528 1141 2562 ΕΡΑΝ,
1159 2530 1213 2556 Καὶ
1232 2530 1285 2565 μὴν
1298 2529 1415 2566 πάμπαν
1434 2529 1601 2556 ὲναλλάττει.
1632 2529 1730 2556 Οὐκέτι
1744 2538 1797 2565 γαρ

1005 2574 1123 2609 σίδηρος,
1141 2575 1210 2602 ἀλλὰ
1227 2575 1282 2611 πῦρ
1298 2574 1368 2602 εἶναι
1384 2575 1541 2611 νομίζεται·
1561 2575 1609 2602 καὶ
1635 2575 1727 2610 μέντοι
1749 2574 1796 2600 καὶ

1003 2619 1052 2655 τὴν
1067 2620 1152 2655 πυρὸς
1165 2621 1306 2657 ἐνέργειαν
1321 2621 1389 2657 ἔχει.

1042 2667 1118 2699 ΟΡΘ,
1136 2667 1234 2694 Οὐκέτι
1254 2669 1342 2696 τοίνυν
1356 2668 1437 2696 αὐτὸν
1452 2669 1467 2695 ὁ
1483 2668 1601 2704 χαλκεὺς
1619 2667 1726 2702 σίδηρον
1740 2667 1797 2693 ὀνο-

1008 2711 1099 2747 μάζει,
1118 2712 1180 2739 οὐδὲ
1203 2713 1242 2749 τῷ
1256 2713 1354 2749 ἄκμονι
1372 2714 1534 2750 προσφέρει,
1552 2713 1613 2740 οὐδέ
1625 2720 1657 2747 γε
1671 2711 1795 2748 ἐπιφέρει

1007 2757 1055 2792 τὴν
1071 2757 1176 2794 σφύραν
1188 2767 1194 2792 ;
