1953 3055
116 186 166 218 157

152 240 257 268 El‘AN.
278 239 457 275 Ὠμολόγηται
468 238 564 266 ταῦτα.

152 285 230 312 ΟΡΘ.
251 285 308 311 Οὐκ
321 285 474 320 ἐλυμήνατο
488 284 544 320 ἄρα
563 284 610 311 τοῦ
635 284 743 320 σιδήρου
765 284 812 320 τήν
825 284 906 319 φύσιν

117 331 131 364 ἡ
149 329 196 356 τοῦ
212 329 299 365 πυρὸς
312 329 414 365 ὁμιλία.
437 330 468 356 El
487 330 577 356 τοίνυν
592 331 621 356 ὲν
635 330 759 365 σώμασιν
773 330 845 356 ἔστιν
860 330 906 356 εὐ-

117 377 176 410 ρεϊν
198 375 350 411 ἀσύγχυτον
375 377 484 411 κρᾶσιν,
508 376 590 410 μανία
613 377 666 411 ἄρα
694 375 782 411 σαφὴς
798 376 844 402 ἐπὶ
857 375 906 409 τῆς

115 422 257 457 ἀκηράτου
278 422 325 448 καὶ
345 421 524 448 ἁναλλοιώτου
539 422 646 456 φύσεως
669 423 798 457 σύγχυσιν
825 423 905 454 νοεῖν,

115 467 166 492 καὶ
183 466 233 501 τῆς
253 466 362 501 φύσεως
376 467 426 501 τῆς
438 467 642 502 ἀναληφθείσης
663 467 816 502 ἀφανισμόν
828 475 834 481 “
860 466 908 493 καὶ

113 509 203 537 ταῦτα
218 510 368 546 ληφθείσης
381 512 425 537 ἐπ’
442 512 586 547 εὐεργεσίᾳ
598 512 644 538 τοῦ
659 512 764 546 γένους.

150 557 254 584 ΕΡΑΝ.
270 557 325 584 Οὐκ
340 557 494 592 ἀφανισμὸν
510 558 560 592 τῆς
575 558 724 593 ληφθείσης
741 557 848 591 φύσεως
862 557 907 583 λέ-

112 611 210 638 γομεν,
224 602 292 629 ἀλλὰ
308 602 356 638 τὴν
372 603 412 635 εἰς
427 603 551 639 θεότητος
567 604 661 630 οὐσίαν
680 603 842 638 μεταϐολήν.

150 689 228 716 ΟΡΘ.
244 690 349 716 Οὐκοῦν
373 689 430 724 ἔχει
446 690 477 716 τὸ
499 689 669 726 ἀνθρώπινον
689 690 766 725 γένος
783 691 830 717 καὶ
854 691 904 727 τὴν

113 735 255 770 προτέραν
265 736 456 770 περιγραφήνὲ

149 779 254 806 ΕΡΑΝ.
269 779 412 814 Οὐδαμῶς.

149 825 228 852 ΟΡΘ.
246 825 316 852 Πότε
334 826 363 853 δὲ
381 825 484 862 ταύτην
500 825 610 858 ἐδέξατο
629 826 678 862 τὴν
701 826 871 862 μεταϐολήν;

149 917 252 944 ΕΡᾹΝ.
266 917 344 944 Μετὰ
357 917 406 953 τὴν
420 917 508 953 ἄκραν
520 918 628 945 ἕνωσιν.

149 962 227 989 οΡΘ.
244 963 350 996 Πηνίκα
368 962 397 989 δὲ
413 962 515 997 ταύτην
529 962 694 997 γεγενῆσθαι
710 963 820 997 λέγειςς

149 1008 252 1036 EPAN.
266 1008 399 1039 Πολλάκις
412 1008 491 1043 ἔφην,
506 1009 581 1044 παρὰ
597 1008 645 1043 τὴν
660 1009 800 1044 σύλληψιν.

147 1054 226 1081 0P8.
243 1054 298 1080 Καὶ
322 1054 376 1089 μὴν
407 1054 476 1089 μετὰ
501 1054 549 1089 τὴν
568 1054 709 1090 σύλληψιν,
725 1056 771 1081 καὶ
788 1055 906 1091 ἔμϐρυον

110 1099 148 1136 ἦν
169 1101 199 1126 ὲν
223 1101 255 1135 τῇ
285 1101 389 1135 μήτρᾳ,
413 1100 462 1126 καὶ
482 1100 590 1135 τεχθεὶς
615 1100 716 1136 βρέφος
742 1101 789 1129 καὶ
808 1099 841 1136 ἦν
858 1103 906 1129 καὶ

111 1144 227 1181 ικλήθη,
245 1145 293 1171 καὶ
313 1145 366 1172 inab
390 1145 527 1180 ποιμένων
550 1146 750 1181 προσεκυνήθη,
768 1147 815 1173 καὶ
840 1155 899 1173 παι-

109 1191 168 1219 δεον
196 1191 328 1222 ὡσαύτως
353 1191 401 1217 καὶ
434 1191 552 1225 ἐγένετο,
567 1191 614 1218 καὶ
640 1191 695 1218 ὑπὸ
703 1190 761 1223 κτοῦ
787 1192 904 1226 ἀγγέλου

111 1237 334 1273 προσηγορεύθη.
353 1235 438 1264 οἶσθα
458 1237 556 1268 ταῦτα,
575 1237 591 1272 ἢ
609 1237 737 1264 πλάττειν
753 1239 828 1272 ἡμᾶς
853 1239 905 1274 μύ-

111 1285 176 1316 θους
189 1285 341 1319 ὑπείληφας
352 1293 360 1316 ;
442 1285 445 1287 ’

147 1331 250 1357 EPAN.
269 1331 362 1357 Ταῦτα
378 1331 394 1366 ἡ
412 1330 467 1357 τῶν
494 1331 575 1358 θείων
599 1331 774 1366 Εὐαγγελίων
799 1331 905 1366 ἱστορία

110 1374 242 1407 διδάσκει,
260 1375 308 1401 καὶ
324 1375 476 1409 ἀντιλέγειν
493 1375 540 1410 οὐχ
553 1373 609 1402 οἶόν
624 1384 664 1403 τε.

146 1420 224 1448 ΟΡΘ.
243 1421 433 1456 Σκοπήσωμεν
460 1420 507 1449 οὖν
530 1423 577 1448 καὶ
595 1422 629 1449 τὰ
648 1422 721 1458 ἑξῆς.
738 1422 795 1458 Οὐχ
812 1423 904 1459 ὁμολο-
932 1444 935 1447 -

110 1466 214 1501 γοῦμεν
231 1467 437 1502 περιτμηθῆναι
453 1467 499 1494 τὸν
517 1467 619 1502 Κύριον
633 1476 640 1497 z

145 1513 250 1540 ΕΡΑΝ.
272 1512 483 1548 Ὀμολογοῦμεν.

647 185 836 216 DIALOGUS
856 185 896 214 II.
917 198 951 202 —
971 187 1216 217 INCONFUSUS.

921 242 944 268 Α
995 240 1098 267 ERAN.
1112 240 1174 267 Haec
1181 240 1215 267 ab
1228 239 1356 266 omnibus
1368 239 1566 266 conceduntur.

1695 183 1744 216 158

993 286 1097 314 ORTH.
1114 287 1172 313 Non
1186 286 1269 321 igitur
1285 286 1352 313 ferri
1377 290 1504 312 naturam
1522 285 1646 320 corrupit
1676 285 1746 320 ignis

957 333 1124 367 conjunctio.
1141 331 1220 364 Quod
1231 331 1253 358 si
1266 331 1348 366 igitur
1360 331 1387 358 in
1397 331 1560 365 corporibus
1574 330 1745 358 inconfusam

957 377 1113 404 mistionem
1128 376 1251 412 reperire
1272 376 1345 407 licet,
1363 376 1506 403 manifesta
1525 376 1629 402 insania
1641 380 1693 407 cst,
1718 376 1746 402 in

958 428 1055 451 natura
1068 431 1128 458 quze
1140 424 1277 458 corrumpi
1294 424 1337 450 vel
1354 423 1452 450 mutari
1470 423 1575 457 nequit,
1605 422 1744 449 confusio-

958 478 1021 497 nem
1053 469 1184 504 cogitare,
1210 474 1410 504 assumptzeque
1435 475 1541 497 natura:
1569 468 1711 495 interitum
1736 475 1743 493 :

958 515 1108 550 przcsertim
1125 522 1187 542 cum
1197 515 1228 541 ad
1239 514 1347 549 generis
1359 514 1521 541 beneficium
1548 517 1686 548 assumpta
1697 512 1741 539 sit.

992 561 1096 588 ERAN.
1107 560 1166 587 Non
1180 560 1297 587 dicimus
1325 559 1442 586 deletam
1458 567 1518 585 esse
1539 563 1664 585 naturam
1684 565 1745 592 quae

958 610 1097 640 assumpta
1111 610 1162 638 est,
1175 605 1222 633 sed
1235 610 1367 632 mutatam
1382 613 1442 633 esse
1457 605 1484 632 in
1508 604 1690 632 substantiam
1702 603 1747 630 di—

957 653 1090 680 vinitatis.

996 699 1074 733 117
1093 697 1196 725 ORTH.
1211 697 1271 724 Non
1284 697 1365 732 igitur
1379 697 1463 724 habet
1482 703 1568 731 genus
1594 694 1745 721 humanum

958 749 986 772 et
996 744 1115 779 priorem
1126 743 1430 778 circumscriptionem?

996 789 1100 817 ERAN.
1113 789 1301 823 Nequaquam.

995 835 1099 864 ORTII.
1135 835 1251 868 Quando
1273 842 1339 862 vero
1372 833 1493 869 suscepit
1514 833 1586 866 hanc
1613 831 1742 860 mutatio~

959 881 1039 909 nem?

993 926 1096 953 ERAN.
1108 926 1173 952 Post
1189 933 1322 952 summam
1339 925 1479 951 unionem.

993 971 1095 999 ORTH.
1119 971 1152 997 Et
1164 971 1274 1005 quando
1284 970 1354 997 hanc
1367 969 1465 996 factam
1483 977 1543 997 esse
1558 969 1646 996 dicis?

994 1017 1094 1044 FRAN.
1113 1017 1189 1051 Smpe
1203 1017 1258 1051 jam
1272 1016 1338 1047 dixi,
1357 1016 1384 1042 in
1398 1015 1585 1050 concrptione.

990 1062 1094 1089 ORTll.
1112 1062 1194 1097 Atqui
1209 1066 1270 1096 post
1282 1061 1491 1096 conceptionem
1511 1065 1539 1087 et
1555 1060 1626 1088 fetus
1643 1061 1743 1088 eratin

955 1111 1045 1140 utero,
1057 1112 1086 1135 et
1112 1113 1193 1135 natus
1210 1107 1300 1134 infans
1313 1107 1321 1117 ⁴
1333 1107 1384 1134 fuit
1398 1111 1425 1134 et
1444 1107 1535 1134 dictus
1547 1111 1599 1139 est,
1615 1110 1643 1134 et
1666 1114 1680 1133 a
1697 1115 1744 1141 pa-

955 1154 1076 1182 storibus
1088 1154 1227 1185 adoratus,
1241 1157 1269 1181 et
1280 1161 1347 1188 puer
1358 1152 1482 1180 similiter
1493 1156 1520 1180 et
1537 1152 1589 1180 fuit
1605 1156 1632 1180 et
1647 1152 1681 1179 ab
1696 1160 1744 1179 an-

954 1201 1015 1236 gelo
1026 1203 1138 1227 vocatus
1162 1205 1205 1227 est
1217 1200 1250 1226 “.
1265 1199 1343 1227 Nosti
1355 1199 1423 1232 hac,
1445 1206 1484 1226 an
1496 1205 1546 1226 nos
1573 1197 1679 1225 fabulas
1691 1198 1742 1225 tin—

955 1254 1019 1282 gere
1032 1245 1198 1273 arbitraris?

988 1333 1092 1362 ERAN.
1118 1333 1181 1360 Ilaec
1203 1333 1359 1359 divinorum
1388 1330 1598 1366 Evangeliorum
1627 1329 1740 1356 historia

954 1379 1044 1411 docet,
1057 1384 1084 1407 et
1097 1378 1247 1407 contradici
1262 1385 1315 1405 non
1327 1381 1425 1412 potest.

988 1425 1093 1453 ORTll.
1108 1424 1223 1459 Reliqua
1233 1423 1316 1451 etiam
1332 1422 1550 1450 consideremus.
1566 1420 1662 1448 Nonne
1674 1427 1741 1447 con-

954 1471 1064 1499 ﬁtemur
1077 1470 1223 1498 Dominum
1238 1469 1322 1496 fuisse
1335 1463 1548 1496 circumcisum?

988 1517 1091 1544 ERAN.
1101 1516 1279 1544 Conﬁtemur.

144 1557 221 1585 0P8.
236 1557 313 1590 Τίνος
328 1556 375 1585 οὖν
392 1559 541 1595 περιτοαής
560 1559 670 1594 σαρκὸς.
685 1559 702 1594 ἦ
722 1559 866 1594 θεότητοςς

988 1563 1093 1592 ORTH.
1112 1563 1260 1597 Cuiusnam
1275 1568 1341 1596 ergo
1359 1559 1411 1587 fuit
1429 1558 1623 1588 circumcisio?
1639 1558 1739 1590 carnis,

144 1645 245 1673 EPAN.
264 1646 322 1680 Τῆς
335 1646 446 1681 σαρκός.

144 1690 222 1718 οΡθ.
240 1690 320 1722 Τίνος
341 1691 370 1718 δὲ
391 1691 422 1717 τὸ
439 1690 580 1724 αὔξεσθαι,
596 1691 645 1718 καὶ
661 1692 828 1727 προκόπτειν
844 1692 901 1729 ἡλι-

107 1737 158 1772 κίᾳ
174 1745 204 1763 τε
220 1737 267 1763 καὶ
285 1737 387 1772 σοφίᾳ;

144 1783 248 1811 ΕΡΔΝ.
265 1783 360 1818 Δῆλον,
375 1783 413 1815 ὡς
424 1783 501 1810 οὐδὲν
514 1783 620 1811 τούτων
633 1784 766 1820 ἁρμόττει
779 1784 898 1820 θεότητι.

144 1872 222 1900 οΡΘ.
240 1872 344 1899 Οὐκοῦν
359 1872 420 1900 οὐδὲ
436 1872 468 1900 τὺ
483 1874 580 1908 πεινῆν
597 1873 646 1900 καὶ
661 1873 743 1909 διψῇν
757 1882 764 1906 ;

143 1918 248 1945 EPAN.
265 1918 407 1954 Οὐδαμῶς.

143 1964 222 1992 οΡΘ.
238 1964 306 1991 οὐδέ
330 1972 363 1999 γε
385 1965 415 1991 τὸ
437 1964 568 2000 βαδίζειν,
586 1964 635 1992 καὶ
656 1965 767 2001 κοπιᾷν,
783 1966 830 1993 καὶ
847 1973 899 1993 καμ-

107 2011 225 2042 θεύδειν,
243 2012 291 2038 καί
307 2012 341 2038 τὰ
353 2011 422 2038 ἄλλα
436 2011 604 2045 ἁπαξαπλῶς
615 2011 650 2039 τὰ
663 2012 793 2045 semina;

145 2058 249 2084 EPAN.
265 2057 410 2093 Οὐδαμῶς.

147 2103 224 2131 οΡθ.
242 2104 274 2130 Et
289 2103 380 2130 τοίνυν
397 2103 473 2138 παρὰ
487 2103 538 2138 τὴν
556 2102 688 2138 σύλληψιν
707 2103 724 2138 ἡ
741 2103 838 2135 ἐνωσις
852 2103 901 2138 γέ-

110 2157 185 2183 γονε,
205 2147 293 2175 ταῦτα
320 2147 350 2174 δὲ
376 2148 465 2174 πάντα
481 2147 551 2183 μετὰ
569 2147 618 2182 τὴν
638 2147 771 2183 σύλληψιν
785 2148 834 2175 καὶ
853 2149 900 2174 τὸν

109 2194 192 2221 τόκον
214 2194 333 2228 ἐγένετο,
357 2194 407 2220 οὐκ
435 2193 489 2230 ἄρα
507 2193 577 2229 μετὰ
600 2193 650 2229 Ιτὴν
673 2193 771 2221 ἕνωσιν
791 2193 841 2230 τὴν
859 2195 900 2221 οι-

110 2241 190 2267 κείαν
203 2240 284 2274 φύσιν
295 2241 312 2275 ὴ
325 2240 501 2276 ἁνθρωπάτης
516 2240 666 2267 ἀπώλεσεν,

148 2286 251 2313 ΕΡΑΝ.
266 2285 324 2312 οὐκ
336 2284 459 2320 ἀκριϐῶς
469 2285 622 2320 ὡρισάμην.
637 2285 716 2313 Μετὰ
731 2286 786 2322 γὰρ
798 2285 847 2322 τὴν
867 2286 899 2313 ὲκ

110 2332 218 2368 νεκρῶν
237 2332 385 2359 ἀνάστασιν
401 2332 418 2367 ἡ
434 2331 503 2367 σὰρξ
517 2331 626 2366 ὲδέξατο
645 2332 695 2367 τὴν
713 2333 754 2364 είς
776 2332 901 2367 θεότητος

110 2379 194 2413 φύσιν
211 2377 372 2413 μεταϐολήν.

145 2424 224 2451 ΟΡΘ,
240 2423 323 2450 οὐδὲν
334 2420 381 2450 οὖν
400 2423 428 2450 ὲν
448 2423 517 2458 αὐτῇ
533 2422 672 2458 μεμένηκε
687 2423 756 2458 μετὰ
772 2424 821 2460 τὴν
834 2423 901 2452 ἀνά-

105 2478 205 2497 στασιν
219 2469 275 2496 τῶν
287 2469 339 2496 ὅσα
350 2469 401 2504 τὴν
415 2468 497 2503 φύσιν
510 2468 596 2504 δηλοῖ.

141 2511 245 2542 EPAN.
265 2515 298 2541 Et
315 2514 480 2550 μεμένηκεν,
495 2515 557 2542 οὐδὲ
581 2515 692 2550 γέγονεν
710 2517 727 2552 ἡ
738 2516 798 2544 θεία
812 2524 898 2552 μετα-

103 2561 182 2596 ϐολὴ.

141 2606 221 2634 ΟΡΘ.
237 2605 301 2638 Πῶς
323 2603 371 2633 οὖν
393 2606 538 2633 ἀπιποῦσι
555 2607 612 2638 τοῖς
629 2607 764 2643 μαθηταῖς
777 2608 824 2635 καὶ
846 2609 896 2640 τὰς

103 2654 202 2689 χεῖρας
215 2651 350 2684 ὑπέδειξε,
367 2652 414 2678 καὶ
428 2652 491 2684 τοὺς
501 2652 602 2685 πόδαςς

140 2697 245 2724 EPAN.
271 2697 315 2729 Ὧς
329 2697 438 2732 εἰσῆλθε
450 2697 505 2724 τῶν
519 2698 610 2734 θυρῶν
629 2699 838 2735 κεκλεισμένων.

140 2743 220 2770 ΟΡΘ.
244 2743 325 2770 Ἀλλὰ
349 2742 469 2778 εἰσῆλθε,
492 2743 547 2770 τῶν
567 2743 657 2779 θυρῶν
680 2745 892 2780 κεκλεισμένων,

102 2788 143 2821 ὥς
160 2788 274 2824 ἐξῆλθεν
288 2789 320 2815 ὲκ
337 2789 455 2824 μήτρας,
467 2789 522 2815 τῶν
537 2789 585 2824 τῆς
603 2789 743 2826 Παρθένου
759 2791 892 2827 κλείθρων

140 2887 163 2904 δ’
178 2887 247 2914 Luc.
259 2895 288 2920 u,
305 2887 321 2914 8
333 2895 422 2923 scqq.;
439 2887 532 2916 Matth.
553 2897 572 2922 ι,
589 2889 636 2916 21.

951 1619 986 1639 an
1003 1609 1173 1637 divinitatis?

984 1656 1088 1684 ERAN.
1103 1655 1213 1682 Carnis.

982 1702 1087 1730 ORTH.
1111 1702 1197 1736 Cujus
1219 1705 1310 1728 autem
1331 1704 1373 1727 est
1389 1707 1530 1731 crescere,
1556 1702 1585 1726 et
1606 1697 1740 1732 prolicere

947 1751 1026 1775 atate
1037 1751 1065 1774 et
1073 1746 1229 1781 sapientia?

984 1792 1087 1820 ERAN.
1104 1791 1215 1820 Clarum
1228 1794 1270 1819 est
1295 1791 1366 1818 nihil
1391 1791 1489 1817 horum
1503 1790 1650 1817 convenire
1670 1788 1740 1815 divi-

947 1837 1039 1864 nitati.

983 1882 1089 1910 ORTH.
1105 1882 1176 1917 Ergo
1187 1881 1365 1914 necesurire,
1384 1888 1435 1909 nec
1448 1880 1536 1909 sitire.

983 1927 1087 1955 ERAN.
1100 1928 1182 1955 Nullo
1194 1928 1289 1955 modo.

984 1973 1089 2002 ORTH.
1102 1973 1156 2001 Sed
1169 1981 1220 2001 nec
1231 1973 1382 2003 ambulare.
1391 1976 1419 2000 et
1434 1971 1552 2007 fatigari,
1564 1975 1591 1998 et
1605 1971 1737 2003 dormire,

949 2023 976 2047 et
992 2020 1055 2050 alia.
1072 2024 1103 2047 ut
1116 2020 1200 2047 semel
1213 2020 1313 2051 dicam,
1328 2019 1474 2055 ejusmodi.

985 2065 1088 2094 ERAN.
1100 2066 1218 2093 Prorsus
1231 2073 1295 2091 non.

984 2111 1089 2140 ORTH.
1106 2111 1134 2138 Si
1149 2119 1214 2145 ergo
1230 2111 1257 2137 in
1272 2110 1452 2145 conceptione
1478 2109 1544 2136 unio
1563 2108 1633 2135 facta
1647 2111 1698 2138 cst,
1710 2111 1738 2134 et

949 2156 1008 2184 haec
1024 2156 1116 2184 omnia
1132 2156 1212 2191 118
1222 2159 1284 2191 post
1297 2155 1505 2190 conceptionem
1517 2159 1545 2181 et
1557 2158 1617 2189 post
1629 2156 1736 2188 partum

949 2203 1120 2235 acciderunt,
1132 2203 1343 2237 haudquaquam
1357 2209 1423 2229 sane
1438 2205 1499 2237 post
1511 2200 1642 2227 unionem
1656 2204 1736 2226 natu—

950 2257 1009 2276 ram
1021 2256 1098 2275 suam
1108 2248 1200 2275 amisit
1211 2247 1379 2274 humanitas.

987 2292 1091 2320 ERAN.
1110 2292 1171 2319 Non
1189 2296 1263 2320 recte
1281 2291 1432 2326 designavi.
1458 2290 1605 2324 Postquam
1626 2287 1699 2316 enim
1721 2295 1742 2314 ἃ

949 2338 1068 2366 mortuis
1083 2337 1243 2370 resurrexit,
1255 2344 1319 2364 caro
1333 2336 1512 2363 mutationem
1531 2335 1559 2361 in
1587 2332 1739 2361 divinitatis

949 2386 1074 2410 naturam
1087 2381 1183 2410 sortita
1194 2386 1246 2409 est.

984 2428 1088 2456 ORTH.
1100 2428 1174 2455 Nihil
1185 2428 1268 2463 igitur
1274 2432 1335 2462 post
1344 2425 1573 2455 resurrectionem
1586 2425 1613 2452 in
1621 2432 1652 2451 ea
1661 2431 1741 2450 man-

950 2476 995 2507 sit,
1006 2475 1080 2510 quod
1092 2479 1217 2502 naturam
1234 2475 1364 2502 declaret.
1717 2468 1721 2472 ”

985 2521 1088 2549 ERAN.
1110 2521 1138 2548 Si
1153 2520 1264 2553 mansit,
1286 2528 1341 2548 non
1354 2519 1476 2547 estfacta
1501 2518 1593 2545 divina
1608 2515 1734 2543 mutatio.

984 2609 1089 2637 ORTH.
1109 2608 1253 2643 Quomodo
1268 2608 1352 2643 igitur
1373 2606 1525 2635 incredulis
1542 2604 1686 2639 discipulis
1707 2608 1738 2630 et.

949 2662 1045 2682 manus
1056 2654 1186 2686 ostendit,
1203 2657 1231 2681 et
1245 2651 1349 2687 pedes?

982 2699 1085 2728 ERAN.
1099 2699 1176 2727 Sicut
1187 2698 1278 2734 januis
1292 2696 1392 2724 clausis
1403 2696 1542 2731 ingressus
1556 2699 1607 2722 est.

982 2745 1087 2773 ORTH.
1113 2744 1167 2772 Sed
1193 2743 1332 2779 ingressus
1345 2745 1396 2774 est,
1414 2741 1506 2776 januis
1529 2739 1639 2771 clausis,
1662 2737 1737 2765 sicut

946 2791 1031 2820 exivit
1046 2798 1080 2818 ex
1090 2793 1181 2823 utero,
1198 2796 1260 2817 cum
1284 2787 1402 2823 Virginis
1418 2787 1539 2815 claustra
1552 2784 1735 2815 obsisterent,
