1953 3055
198 124 250 157 159

691 127 935 158 THEODORETI
954 125 1123 156 EPISCOPI
1142 125 1324 155 CYRENSIS

1773 122 1832 156 160

196 186 225 211 et
241 183 312 210 sicut
325 182 352 209 in
367 182 434 210 mari
451 183 609 210 ambulavit.
640 183 766 211 Nondum
782 188 885 216 autem,
902 188 932 210 ut
944 183 986 210 di-

1042 180 1232 214 έπικειμένων,
1248 180 1286 212 ὼς
1301 179 1348 206 ἐπὶ
1366 177 1501 214 θαλάττης
1520 178 1655 206 ἱϐάδισεν.
1668 177 1781 205 Οὐδέπω
1798 179 1831 205 δὲ

197 229 247 260 cis,
260 233 364 256 natura:
375 227 445 255 facta
463 232 524 255 erat
538 229 663 256 mutatio.

230 317 334 344 ERAN.
346 316 473 344 Ostendit
489 317 622 343 Dominus
635 325 732 344 manus
751 316 898 351 apostolis,
915 316 986 344 sicut

196 370 258 389 cum
269 363 371 390 Jacobo
387 362 507 389 luctatus
522 366 573 389 est.

230 407 334 435 ORTH.
348 407 401 435 Sed
415 416 468 435 non
483 408 547 435 sinit
561 408 693 435 Dominus
708 416 758 434 nos
773 408 812 435 sic
823 408 984 443 intelligere.

194 454 262 481 Nam
279 461 341 480 cum
351 453 477 488 discipuli
488 454 694 488 suspicarentur
705 461 733 480 se
743 454 870 488 spiritum
880 454 984 486 videre,

195 499 399 534 “suspicionem
418 500 488 526 hanc
503 499 636 526 Dominus
652 493 779 530 removit,
795 504 822 526 et
837 499 928 526 carnis
939 507 987 526 na-

195 549 284 572 turam
310 545 517 573 demonstravit.
541 555 549 570 ι
567 544 623 572 Cur
643 546 733 577 enim,
758 545 857 580 inquit,
883 545 986 572 turbati

194 591 272 623 estis,
304 595 332 618 et
356 599 406 618 cur
429 590 610 625 cogitationes
633 591 785 618 ascendunt
805 591 833 617 in
855 591 986 618 cordibus

193 636 425 664 vestris?Videte
442 645 539 664 manus
561 645 646 669 meas,
676 642 703 664 et
721 637 806 671 pedes
822 645 908 667 meos,
922 637 985 672 quia

195 689 245 716 ego
257 682 314 716 ipse
329 690 398 709 sum.
416 683 526 717 Palpate
548 691 602 714 me,
618 687 644 710 et
667 683 768 713 videte,
786 682 849 717 quia
871 682 986 716 spiritus

195 736 305 755 carnem
336 733 363 755 et
387 736 449 755 ossa
475 737 530 756 non
548 729 640 760 habet,
670 729 795 755 sicutme
817 728 916 754 videtis
936 727 986 754 Ita-

195 773 261 800 bere
274 773 306 800 δ’.
323 783 331 798 ι
354 773 389 800 Et
403 773 466 800 vide
484 781 565 808 quam
588 777 715 800 accurate
735 772 843 799 locutus
862 771 906 797 sit.
927 771 985 798 Non

193 819 352 849 enimdixit.
366 826 394 846 se
403 827 513 846 carnem
525 823 552 845 et
567 826 628 846 ossa
641 825 712 849 esse,
727 817 773 844 scd
783 824 892 844 carnem
907 816 988 850 119

195 869 222 892 et
238 872 297 891 ossa
312 865 425 895 habere,
440 868 469 891 ut
491 865 651 893 ostenderet
666 865 740 891 aliud
755 864 866 899 quidem
881 872 942 891 esse
957 863 985 890 id

194 909 267 943 quod
281 909 363 936 habet
384 909 535 937 secundum
545 913 683 941 naturam,
699 909 771 936 aliud
786 917 851 936 vero
867 909 893 936 id
911 909 985 944 quod

196 954 322 981 habetur.
343 954 420 982 Sicut
436 955 510 982 enim
523 954 598 981 aliud
621 958 663 981 est
682 954 708 981 id
725 954 797 989 quod
826 954 984 989 assumpsit,

195 1000 269 1027 aliud
284 1001 357 1035 quod
378 1006 548 1035 assumptum
566 1005 618 1033 est,
638 1008 709 1027 unus
736 1004 827 1027 autem
845 1008 880 1027 ex
893 1000 988 1027 amba-

196 1046 248 1072 bus
260 1045 386 1074 Christus
404 1047 609 1074 consideratur:
622 1047 659 1074 ita
676 1046 780 1073 habens
799 1046 833 1073 ab
860 1054 894 1073 eo
912 1046 986 1081 quod

196 1092 315 1119 habetur
325 1093 476 1128 plurimum
490 1093 592 1126 diﬂ'ert,
605 1101 656 1120 nec
670 1092 795 1120 tamenin
810 1092 878 1119 duas
894 1099 988 1127 perso-

195 1146 245 1165 nas
255 1138 424 1166 dividitenm
438 1139 484 1174 qui
500 1139 527 1166 in
540 1139 583 1166 his
598 1138 769 1174 intelligitur.
783 1138 914 1165 Dominus
926 1138 988 1173 qui-

196 1184 268 1215 dem,
278 1185 468 1212 dubitantibus
476 1185 724 1220 adhuediscipulis,
732 1185 857 1212 etcibum
864 1184 952 1219 petiit,
959 1188 987 1212 et

195 1235 334 1270 sumptum
351 1230 481 1261 comedit,
495 1238 546 1257 nec
559 1230 648 1258 fallaci
663 1234 767 1257 tantum
782 1230 872 1264 specie
889 1237 988 1257 consu-

196 1284 273 1303 mens
283 1277 386 1308 cibum,
398 1285 449 1303 nec
462 1276 584 1311 corporis
596 1276 775 1312 indigentiam
792 1276 905 1311 explens
919 1276 952 1303 ".

231 1322 334 1349 ERAN.
352 1322 432 1357 Atqui
449 1322 566 1349 duorum
582 1322 699 1349 alterum
724 1321 852 1356 amplecti
874 1329 987 1350 necesse

194 1372 246 1395 cst.
261 1368 315 1395 Aut
330 1368 404 1395 enim
433 1368 558 1403 indigens
574 1368 701 1402 sumpsit,
720 1372 768 1394 aut
779 1375 833 1394 non
850 1367 986 1402 indigens,

195 1415 341 1442 comcdere
365 1414 477 1449 quidem
506 1415 582 1442 visus
606 1417 660 1447 est,
686 1417 714 1441 at
726 1413 820 1441 cibum
842 1421 897 1441 non
910 1421 986 1440 sum-

195 1461 260 1496 psit.

1037 225 1109 252 κατὰ
1125 225 1170 252 τὸν
1185 225 1232 252 σὸν
1256 225 1378 260 ἐγεγόνει
1406 224 1486 258 λόγον
1511 224 1561 259 τῆς
1589 224 1695 259 φύσεως
1709 224 1726 259 ἡ
1742 232 1834 259 μετα·-

1037 271 1100 307 6ολή
1107 292 1113 298 .

1072 318 1172 344 ΕΡΑΝ.
1191 317 1292 350 Ἔδειξε
1313 319 1370 349 τοῖς
1396 316 1556 348 ἀποστόλοις
1579 317 1593 342 6
1619 316 1756 351 Δεσπότης
1768 317 1830 351 χεῖ-

1039 372 1098 399 ρας.
1118 363 1155 395 ὡς
1167 363 1298 390 ἐπάλαισε
1314 364 1353 398 τῷ
1370 363 1477 390 Ἰακώὸ.

1072 409 1147 435 ΟΡΘ.
1170 409 1239 435 Ἀλλ’
1257 409 1306 435 οὐκ
1320 409 1351 443 ἑᾷ
1364 409 1434 435 νοεῖν
1447 407 1534 439 οὕτως
1544 408 1558 434 6
1569 407 1680 443 Κύριος.
1698 406 1758 439 Τῶν
1768 406 1830 442 γὰρ

1039 453 1166 488 μαθητῶν
1176 454 1284 488 πνεῦμα
1297 453 1409 489 θεωρεῖν
1427 453 1612 483 τοπασάντων,
1628 452 1743 487 ἐξήλασε
1759 452 1830 487 τήν-

1037 500 1065 526 δε
1086 501 1135 535 τὴν
1147 500 1265 534 ὑποψίαν
1276 501 1289 526 6
1306 500 1419 536 Κύριος,
1436 500 1483 527 καὶ
1502 499 1551 534 τὴν
1568 500 1618 534 τῆς
1644 499 1743 534 σαρκὸς
1771 499 1829 525 ὑπ-

1037 545 1120 577 έδειξε
1136 545 1226 579 φύσιν.
1241 555 1249 571 ί
1262 546 1294 572 Τί
1307 545 1370 580 γὰρ,
1385 546 1462 580 φησὶ,
1475 543 1674 579 τεταραγμένοι
1688 543 1761 575 ἐστὲ,
1775 543 1828 570 καὶ

1036 592 1106 618 διατί
1131 591 1301 626 διαλογισμοὶ
1328 591 1519 618 ἀναϐαίνουσιν
1551 591 1579 616 ὲν
1610 591 1670 620 ταῖς
1697 589 1828 624 καρδίαις

1038 636 1130 672 ὑμῶν;
1151 637 1234 663 Ἴδετε
1255 636 1305 668 τὰς
1328 636 1421 672 χεῖράς
1439 644 1501 670 μου,
1518 636 1564 662 καὶ
1582 635 1643 666 τοὺς
1657 634 1741 666 πόδας
1757 634 1827 668 (49),

1037 683 1077 709 ὅτι
1092 683 1172 714 αὐτὸς
1187 682 1241 716 ἐγώ
1260 683 1326 717 εἰμι.
1342 681 1527 717 Ψηλαρήσατέ
1553 689 1596 716 με,
1612 681 1657 706 καὶ
1685 680 1764 710 ἴδετε,
1782 680 1828 705 ὅτι

1038 727 1146 762 πνεῦμα
1163 728 1253 762 σάρκα
1265 727 1312 753 καὶ
1327 726 1408 753 ὀστέα
1424 727 1474 753 οὐκ
1498 726 1565 760 ἔχει,
1581 725 1672 756 καθὼς
1689 724 1739 759 ἐμὲ
1755 725 1829 750 θεω-

1039 775 1110 809 ρεῖτε
1124 773 1231 808 ἔχοντα.
1249 783 1257 798 ι
1281 772 1335 799 Καὶ
1348 773 1398 805 ὅρα
1410 772 1457 798 τοῦ
1474 773 1594 807 ῥήματος
1609 770 1657 806 τὴν
1671 770 1828 805 ἀκρίϐειαν.

1038 820 1075 846 Oti
1089 819 1143 855 γὰρ
1156 816 1228 850 εἶπε,
1242 818 1331 853 σάρκα
1344 818 1391 844 καὶ
1405 816 1486 844 ὀστέα
1502 817 1577 848 ὅντα,
1588 816 1666 849 ἀλλὰ,
1679 816 1768 851 σάρκα
1778 815 1829 842 καὶ

1002 851 1023 877 Β
1037 851 1119 892 ὀστέα
1129 851 1242 900 γὲχοντα,
1256 851 1299 891 ἵνα
1314 864 1400 900 δείξῃ,
1413 863 1476 890 άλλο
1493 863 1542 898 μὲν
1560 862 1589 889 τδ
1607 862 1668 897 ἔχον
1691 862 1761 888 κατὰ
1777 861 1828 896 τὴν

1038 912 1129 947 φύσιν,
1146 912 1211 938 ἄλλο
1233 912 1262 938 δὲ
1284 911 1315 938 τὸ
1332 911 1472 946 ἐχόμενον.
1492 910 1597 944 Ὥσπερ
1623 908 1677 943 γὰρ
1697 907 1760 935 ἄλλο
1775 906 1830 941 μέν

1037 958 1096 984 ἐστι
1109 958 1140 984 τὸ
1157 958 1249 990 λαϐὸν,
1272 957 1337 984 ἄλλο
1351 957 1379 983 δὲ
1400 956 1431 983 τὸ
1444 955 1555 990 ληφθὲν,
1570 952 1612 986 εἷς
1629 954 1657 980 δὲ
1677 953 1706 986 ἐξ
1725 953 1829 988 ἀμφοῖν

1037 1005 1051 1030 ὁ
1068 1004 1186 1040 Χριστὸς
1202 1003 1360 1039 Θεωρεϊται·
1377 1001 1449 1028 οὕτω
1465 1001 1495 1027 τὺ
1514 1001 1574 1035 ἕχον
1591 1000 1660 1035 πρὸς
1676 999 1707 1025 τὸ
1729 998 1829 1033 ἐχόμε-

1037 1059 1081 1077 νον
1097 1050 1226 1086 πλείστην
1244 1051 1292 1086 μὲν
1303 1050 1359 1085 ἔχει
1375 1048 1517 1083 διαφορὰν,
1531 1048 1581 1074 οὐχ
1592 1048 1632 1078 είς
1641 1046 1688 1073 δύο
1701 1046 1730 1072 δὲ
1742 1044 1829 1080 πρόσ-

1037 1105 1100 1123 ωπα
1132 1096 1240 1132 μερίζει
1266 1096 1311 1123 τὸν
1337 1097 1366 1122 ὲν
1386 1096 1492 1127 τούτοις
1510 1093 1664 1129 νοούμενον.
1687 1093 1716 1118 '0
1736 1092 1829 1126 μέντοι

1037 1143 1140 1178 Κύριος
1151 1141 1375 1178 ἀμφιϐαλλὸντων
1387 1140 1427 1167 ἔτι
1438 1140 1492 1166 τῶν
1511 1138 1650 1175 μαθητῶν,
1665 1137 1712 1164 καὶ
1722 1136 1828 1171 τροφὴν

1037 1188 1133 1223 ᾔτησε,
1148 1188 1195 1214 καὶ
1208 1186 1298 1214 λαϐὼν
1313 1186 1424 1220 ἔφαγεν,
1438 1184 1498 1211 οὔτε
1515 1183 1650 1218 φαντασίᾳ
1660 1182 1708 1216 τὴν
1723 1179 1829 1217 τροφὴν

1038 1233 1203 1266 ἀναλίσκων,
1220 1232 1282 1260 οὔτε
1305 1231 1353 1258 τοῦ
1379 1230 1504 1266 σώματος
1520 1230 1569 1265 τὴν
1588 1228 1682 1264 χρείαν
1704 1225 1828 1262 πληρῶν.

1075 1330 1176 1358 ΕΡΑΝ.
1196 1329 1251 1356 Καὶ
1264 1328 1318 1364 μὴν
1332 1328 1439 1362 ἀνάγκη
1456 1327 1528 1354 δυοῖν
1552 1325 1664 1360 θάτερον
1681 1322 1827 1357 δέξασθαι·

1039 1378 1055 1413 ἢ
1071 1377 1126 1412 γὰρ
1138 1376 1245 1412 δεηθεὶς
1268 1373 1458 1410 μετέλαϐεν,ἢ
1481 1372 1519 1408 μὴ
1540 1371 1666 1407 δεόμενος
1689 1368 1760 1403 ἔδοξε
1777 1369 1829 1405 μὲν

1039 1423 1151 1455 ἐσθίειν,
1168 1422 1268 1457 ἥκιστα
1287 1420 1315 1447 δὲ
1331 1419 1464 1456 μετέλαϐε
1483 1417 1598 1454 τροφῆς,

230 1506 334 1534 ORTH.
353 1507 422 1534 Cibo
442 1507 554 1542 quidem
577 1513 679 1541 corpus
704 1506 859 1533 immortale
884 1506 986 1534 factum

1073 1511 1149 1539 0P6.
1159 1510 1268 1547 Τροφῆς
1281 1509 1331 1545 μὲν
1341 1509 1390 1536 οὐκ
1402 1507 1517 1544 ἔχρῃζεν
1529 1492 1662 1534 ἀθάνατον
1675 1504 1828 1540 γεγενημέ-

195 1561 249 1580 non
267 1553 374 1588 egebat.
388 1553 425 1580 De
441 1553 475 1580 iis
489 1553 562 1580 enim
583 1553 630 1587 qui
650 1556 798 1586 resurgunt
810 1552 879 1579 dixit
891 1553 985 1580 Domi-

195 1606 247 1625 nus
261 1607 268 1624 τ
285 1607 293 1623 ‹
304 1598 344 1625 Ibi
362 1606 451 1632 neque
464 1605 564 1625 uxores
573 1597 688 1629 ducunt,
701 1606 790 1632 neque
803 1598 921 1631 nubunt,
937 1598 986 1626 sed

195 1647 260 1670 sunt
271 1643 342 1670 sicut
357 1643 486 1678 angeli“.
501 1652 510 1668 ι
522 1642 600 1675 Quod
611 1647 702 1670 autem
719 1643 811 1670 cibum
827 1643 984 1678 sumpserit,

195 1693 281 1716 testes
292 1694 357 1716 sunt
371 1689 498 1723 apostoli.
514 1688 582 1716 Nam
596 1688 694 1716 beatus
720 1689 809 1716 Lucas
821 1689 848 1716 in
866 1689 986 1716 Actuum

196 1735 332 1770 prooemio
350 1735 420 1762 dixit
438 1744 443 1761 :
465 1744 475 1760 ς
489 1735 524 1762 Ει
536 1743 652 1762 vescens
668 1743 730 1762 cum
746 1736 877 1770 apostolis
898 1736 987 1763 Domi-

196 1790 259 1813 nus,
286 1781 417 1816 prmcepit
437 1781 478 1808 eis
514 1789 549 1808 ne
574 1781 609 1808 ab
624 1781 832 1816 Hierosolymis
859 1781 986 1810 discede-

197 1831 258 1853 rent
274 1827 306 1852 “.
329 1836 337 1852 ι
359 1826 393 1853 Et
409 1826 600 1854 divinissimus
635 1827 734 1854 Petrus
757 1827 860 1855 clarius
896 1828 985 1863 dixit:

201 1881 210 1897 ι
229 1871 281 1905 Qui
297 1872 468 1900 comedimus
486 1876 514 1900 et
524 1872 645 1900 bibimus
654 1880 716 1900 cum
727 1881 770 1906 eo,
782 1879 927 1908 postquam
943 1881 988 1901 re-

197 1917 318 1945 surrexit
344 1925 359 1944 a
386 1918 502 1945 mortuis
513 1917 546 1945 ⁵⁸.
565 1917 656 1944 tCum
680 1917 753 1945 enim
777 1926 884 1951 eorum,
898 1919 946 1953 qui
959 1919 987 1946 in

197 1963 326 1998 praesenti
336 1967 401 1990 sunt
427 1963 494 1996 vita,
511 1963 654 1998 proprium
670 1963 707 1990 sit
735 1964 893 1996 comedere,
920 1973 988 1992 con-

197 2014 330 2044 gruenter
342 2009 475 2037 Dominus
491 2017 539 2044 per
549 2009 641 2036 cibum
652 2014 680 2036 et
691 2015 785 2044 potum
796 2010 885 2038 carnis
898 2019 989 2038 resur—

197 2056 349 2084 rectionem
360 2055 395 2083 de
404 2056 463 2090 ejus
478 2055 595 2082 veritate
611 2054 804 2083 dubitantibus
817 2056 990 2084 demonstra-

197 2102 247 2128 vit.
265 2102 339 2128 idem
356 2100 440 2128 etiam
455 2108 518 2127 eum
534 2101 638 2128 Lazaro
656 2106 684 2128 ct
697 2101 764 2128 Jairi
778 2100 833 2128 ﬁlia
848 2101 925 2129 fecit.
940 2102 989 2129 Et-

198 2146 272 2173 enim
288 2146 367 2180 120
383 2153 446 2172 cum
460 2146 535 2183 hanc?
556 2146 726 2177 suscitasset,
737 2146 819 2181 jussit
832 2147 858 2175 ei
873 2147 932 2174 dari
949 2147 988 2175 ci-

1037 1567 1082 1585 νον
1090 1558 1119 1584 τὸ
1130 1557 1219 1592 σῶμα.
1231 1556 1285 1583 Καὶ
1295 1555 1349 1591 γὰρ
1360 1555 1486 1589 περὶτῶν
1499 1553 1687 1588 ἀνισταμένων
1701 1553 1714 1578 6
1725 1552 1828 1587 Κύριος

1038 1605 1089 1639 ἔφη
1105 1612 1111 1618 ·
1134 1612 1143 1629 ι
1160 1603 1234 1629 Ἐκεῖ
1248 1600 1309 1628 οὔτε
1322 1600 1469 1635 γαμοῦσιν,
1486 1599 1548 1626 οὔτε
1563 1599 1754 1634 γαμίσκονται,
1770 1597 1826 1624 ἀλλ’

1039 1649 1106 1675 εἰσὶν
1120 1648 1157 1680 ὡς
1173 1646 1283 1682 ἄγγελοι
1301 1645 1369 1681 (50).
1392 1654 1402 1671 ›
1424 1645 1486 1671 Ὅτι
1506 1644 1598 1679 μέντοι
1620 1643 1753 1678 μετέλαϐε
1774 1642 1825 1677 τῆς

1038 1694 1151 1730 τροφῆς,
1167 1693 1304 1728 μάρτυρες
1318 1692 1341 1718 οἱ
1358 1690 1510 1717 ἀπόστολοι.
1525 1690 1554 1716 '0
1568 1689 1677 1725 μὲνγὰρ
1693 1689 1826 1724 μακάριος

1039 1738 1147 1768 Λουκᾶς
1159 1738 1188 1763 ὲν
1202 1737 1241 1772 τῷ
1258 1735 1394 1771 προοιμίῳ
1407 1735 1461 1761 τῶν
1473 1734 1602 1770 Πράξεων
1616 1734 1680 1769 ἔφη,
1689 1733 1726 1764 ὡς
1742 1743 1750 1760 ι
1764 1734 1829 1760 Συν-

1040 1783 1198 1818 αλιζόμενος
1216 1784 1270 1814 τοῖς
1291 1781 1451 1812 ἀποστόλοις
1476 1780 1490 1806 ὁ
1510 1779 1613 1815 Κύριος
1645 1779 1828 1815 παρήγγειλεν

1040 1829 1094 1856 ἀπὸ
1115 1827 1311 1864 Ἰεροσολύμων
1335 1827 1372 1862 μὴ
1387 1824 1561 1862 χωρίζεσθαι.
1575 1835 1585 1852 ι
1610 1826 1638 1852 '0
1651 1825 1680 1852 δὲ
1692 1825 1828 1857 θειότατος

1041 1877 1144 1912 Πέτρος
1161 1875 1329 1910 σαφέστερον
1352 1873 1479 1909 εἴρηκεν·
1499 1881 1508 1898 ‹
1519 1872 1625 1904 Οἴτινες
1643 1871 1828 1907 συνεφάγομεν

1041 1924 1088 1950 καὶ
1103 1921 1266 1956 συνεπίομεν
1282 1919 1368 1955 αὐτῷ,
1382 1919 1453 1954 μετὰ
1472 1918 1503 1946 τδ
1525 1919 1674 1954 ἀναστῆναι
1695 1918 1776 1945 αὐτὸν
1796 1919 1828 1945 ὲκ

1041 1968 1156 2004 νεκρῶν.
1168 1977 1177 1993 ›
1198 1966 1306 2002 Ἐπειδὴ
1323 1966 1377 2001 γὰρ
1399 1965 1453 1992 τῶν
1473 1965 1545 1992 κατὰ
1565 1965 1610 1992 τὸν
1628 1965 1750 2000 παρόντα
1771 1965 1827 2000 βίον

1042 2003 1107 2041 ἴδιον
1119 2014 1150 2041 τὸ
1159 2003 1274 2044 ἐσθίειν,
1291 2011 1448 2046 ἀναγκαίως
1463 2012 1476 2038 6
1489 2010 1591 2045 Κύριος
1603 2012 1653 2046 τῆς
1665 2011 1767 2047 σαρκὸς
1779 2011 1828 2046 τὴν

1041 2057 1188 2084 ἀνάστασιν
1210 2056 1255 2083 διὰ
1274 2055 1401 2091 βρώσεως
1417 2054 1465 2081 καὶ
1481 2055 1587 2087 πόσεως
1604 2055 1688 2088 ἔδειξε
1709 2057 1766 2087 τοῖς
1792 2056 1828 2093 μὴ

1041 2103 1196 2138 νομίζουσιν
1213 2101 1311 2137 ἀληθῆ.
1326 2101 1415 2127 Ταῦτὸ
1425 2100 1453 2126 δὲ
1464 2100 1544 2127 τοῦτο
1557 2101 1603 2128 καὶ
1619 2101 1667 2128 ἐπὶ
1682 2101 1728 2128 τοῦ
1742 2101 1829 2134 Λαζά-

1043 2157 1101 2185 ρου,
1115 2149 1161 2175 καὶ
1175 2148 1221 2175 ἐπὶ
1247 2147 1296 2182 τῆς
1324 2146 1437 2182 Ἰαείρου
1459 2147 1593 2181 πεποίηκε
1615 2147 1759 2183 θυγατρός.
1775 2146 1828 2175 Καὶ

199 2192 265 2218 bum
272 2192 293 2207 ⁸⁷
305 2196 348 2218 :et
356 2191 489 2218 Lazarum
500 2199 594 2218 secum
606 2191 826 2219 discumbentem
839 2192 986 2226 habuit‘”,

1042 2194 1096 2228 γὰρ
1125 2191 1227 2226 ταύτην
1250 2191 1416 2225 ἀναστήσας,
1439 2190 1606 2226 προσέταξεν
1628 2192 1696 2227 αὐτῇ
1720 2191 1828 2227 δοθῆναι

197 2244 291 2264 veram
319 2237 379 2272 ejus
405 2236 638 2264 resurrectionem
662 2236 713 2264 hac
741 2237 849 2264 ratione
875 2238 990 2265 demon-

198 2288 298 2310 strans.

234 2328 338 2356 ERAN.
353 2328 381 2356 Si
396 2328 573 2356 concedimus
584 2329 730 2356 Dominum
745 2337 810 2356 vere
827 2329 990 2362 comedisse,

199 2375 383 2402 concedamus
393 2375 476 2401 ctiam
489 2382 585 2401 omnes
595 2374 722 2402 homines
734 2379 796 2409 post
808 2375 990 2402 resurrectio-

199 2428 261 2447 nem
280 2420 372 2447 cibum
391 2427 501 2454 capere.

234 2465 413 2498 ωιτηουτ
423 2474 471 2500 per
480 2465 626 2500 quamdam
642 2466 887 2500 dispensationem‘
903 2474 917 2494 a
934 2467 989 2494 Do-

199 2510 275 2536 mino
291 2511 361 2538 facta
381 2515 455 2541 sunt.
475 2519 530 2538 non
550 2516 615 2538 sunt
628 2512 720 2546 regula
742 2517 770 2539 et
785 2512 928 2539 decretum
942 2521 990 2540 na‘

201 2559 280 2583 iurat.
295 2556 363 2584 Nam
385 2561 413 2584 et
426 2557 478 2584 alia
489 2557 614 2591 quazdam
632 2557 812 2592 dispensavit,
837 2566 897 2593 qua:
915 2559 989 2586 revi—

199 2602 370 2630 viscentibus
383 2603 495 2631 minimc
506 2603 644 2630 evenient.

198 2682 339 2724 ,,_“.Luc.
355 2691 427 2724 mg.
444 2683 488 2719 58,
505 2686 549 2714 59.
588 2687 609 2702 ⁵³
620 2685 688 2714 Ibid.
710 2687 802 2715 λεί-ιδ.

227 2718 234 2727 “
249 2716 328 2745 Joan.
341 2725 387 2750 xn,
398 2717 425 2744 2.

251 2795 295 2827 49)
313 2795 378 2821 [166.
397 2795 478 2821 Deest
495 2804 555 2829 μου.

251 2796 295 2827 49)
313 2796 378 2821 [Μδ.
397 2796 478 2821 Deest
495 2804 555 2829 μου.

239 2796 295 2866 £50)
309 2829 391 2865 Γάμ.,
410 2829 466 2856 ἀλλ’
476 2831 528 2858 εισ.
546 2832 583 2864 ὡς
598 2831 661 2866 ἄγγ.
673 2833 793 2868 Utraque
805 2833 887 2861 lectio
900 2837 988 2861 exstat

853 2688 874 2703 “
887 2687 968 2714 Marc.
982 2695 1029 2717 xu,
1040 2686 1084 2713 25.

1042 2239 1149 2273 φαγεῖν,
1168 2237 1215 2264 καὶ
1233 2237 1278 2264 τὸν
1299 2236 1423 2272 Λάζαρον
1435 2236 1650 2272 συνεστιώμενον
1661 2236 1728 2273 εἶχε,
1743 2238 1826 2274 ταύτῃ

1041 2284 1148 2315 δεικνὺς
1161 2284 1210 2318 τὴν
1220 2283 1367 2309 ἀνάστασιν
1385 2281 1484 2317 ἀληθῆ.

1077 2329 1179 2356 EPAN.
1190 2328 1221 2354 Et
1230 2327 1342 2362 δοίημεν
1355 2325 1464 2361 ἀληθῶς
1480 2326 1648 2361 βεϐρωκέναι
1658 2326 1703 2353 τὸν
1716 2327 1825 2362 Κύριον,

1040 2375 1130 2410 δῶμεν
1147 2374 1194 2401 καὶ
1211 2373 1316 2405 πάντας
1339 2371 1501 2408 ἀνθρώπους
1526 2373 1594 2407 μετὰ
1609 2373 1659 2408 τὴν
1683 2373 1827 2400 ἀνάστασιν

1043 2420 1233 2456 μεταλαμϐάνε
1239 2427 1262 2446 ιν
1281 2418 1396 2455 τροφῆς.

1073 2466 1150 2494 ΟΡΘ.
1173 2465 1213 2492 Τὰ
1236 2465 1280 2492 διά
1303 2472 1366 2491 τινα
1383 2463 1542 2498 οἰκονομίαν
1563 2463 1616 2489 ὑπὸ
1635 2463 1682 2490 τοῦ
1705 2464 1826 2499 Σωτῆρος

1037 2513 1180 2547 γενόμενα,
1203 2511 1253 2538 οὐκ
1275 2510 1333 2536 ἐστι
1361 2509 1451 2536 κανὼν
1477 2509 1525 2536 καὶ
1548 2509 1610 2545 ὅρος
1634 2509 1684 2544 τῆς
1707 2509 1825 2543 φύσεως·

1037 2559 1098 2585 ἐπεὶ
1114 2557 1162 2584 καὶ
1178 2556 1247 2583 ἀλλα
1267 2555 1328 2582 τινὰ
1347 2554 1534 2590 ᾠκονόμησεν,
1547 2554 1564 2582 ἃ
1579 2555 1634 2587 τοῖς
1649 2555 1825 2582 ἀναθιώσκου-

1039 2614 1081 2632 σιν
1098 2604 1152 2631 οὐδ’
1165 2603 1234 2634 ὅλως
1250 2601 1431 2636 συμϐήσεται.

1354 2681 1376 2697 ⁸⁸
1391 2681 1452 2709 Act.
1467 2689 1493 2713 x,
1508 2681 1552 2708 Μ.
1600 2681 1620 2696 ⁸⁷
1635 2681 1718 2708 Marc.
1731 2688 1757 2711 ν,
1781 2679 1822 2707 45.

1122 2686 1144 2701 ⁸⁸
1155 2685 1215 2713 Act.
1232 2691 1253 2715 I,
1268 2682 1296 2709 4.

1047 2797 1118 2859 apud
1136 2797 1256 2824 Marcum
1276 2797 1337 2824 loco
1354 2804 1434 2831 supra
1459 2796 1552 2826 citato,
1571 2802 1626 2822 non
1646 2795 1739 2823 Matth.
1761 2802 1820 2826 xxtt.

1047 2833 1060 2859 5
1083 2853 1088 2859 .
1106 2837 1136 2859 ut
1154 2833 1180 2859 in
1195 2833 1239 2859 ed.
1257 2832 1342 2859 oriori
1357 2838 1518 2859 expressum
1534 2835 1602 2857 crat.

1044 2832 1088 2864 50,
1106 2837 1136 2859 ut
1154 2833 1180 2860 in
1195 2833 1239 2860 cd.
1257 2832 1342 2867 priori
1357 2838 1518 2867 expressum
1534 2835 1602 2857 crat.
