1953 3055
92 134 144 168 161

127 194 230 221 EPAN.
243 193 310 220 Τίνα
327 193 427 225 ταῦ-ξας

126 238 204 265 οΡθ.
220 237 281 264 Τῶν
294 237 485 272 ἀνισταμένων
501 236 535 264 τὰ
551 235 677 272 σώματα,
697 236 747 262 οὐκ
759 235 885 270 ἄφθαρτα

89 286 240 319 γενήσεται
257 285 302 310 καὶ
316 283 435 310 ἀθάνατα
447 292 455 316 ;

128 329 231 356 EPAN.
264 328 358 360 Οὕτως
382 330 456 364 ἡμᾶς
481 329 494 354 ὀ
524 328 597 359 θεῖος
625 327 731 359 Παῦλος
770 327 883 359 ἐδίδαξε.

93 386 102 401 l
116 376 264 410 Σπείρεται
280 375 344 409 γὰρ,
359 375 422 410 ἔφη,
435 376 464 401 ἐν
477 375 575 409 φθορᾷ,
589 375 726 410 ἐγείρεται
737 375 765 400 ἐν
777 374 885 409 ἀφθαρ-

91 421 148 457 σίᾳ.
167 421 312 455 Σπείρεται
327 421 355 447 ἐν
375 421 484 455 ἀτιμίᾳ,
508 421 645 455 ἐγείρεται
661 421 689 446 ὲν
711 419 784 454 δόξῃ.
803 418 885 446 Σπει-

89 476 169 502 ρεταε
186 468 214 493 ἐν
231 467 369 502 ἀσθενείᾳ,
390 467 528 502 ἐγείρεται
550 467 579 492 ὲν
598 466 722 500 δυνάμει.
739 465 884 502 Σπεὶρεται

89 512 172 547 σῶμα
188 511 315 547 ψυχικὴν,
331 511 467 546 ἐγείρεται
486 511 565 546 σῶμα
584 511 779 545 πνευματικόν.
792 521 802 534 ι

124 599 202 626 ΟΡΘ.
229 598 300 624 Ἀλλ’
316 599 329 624 ὁ
350 597 462 632 Κύριος,
479 597 574 632 ἄπηρα
596 596 643 622 καὶ
661 595 789 630 ἁλώῆητα
814 594 883 621 πάν-

86 654 143 671 των
158 644 312 680 ἀνθρώπων
330 644 444 679 ἐγείρων
457 643 491 669 τὰ
509 642 623 677 σώματα
633 650 639 655 ·
655 641 717 668 οὔτε
732 642 787 676 γὰρ
798 640 883 675 χωλό-

86 700 150 727 της,
168 691 231 717 οὗτε
248 690 384 724 τυφλότης
400 690 429 715 ὲν
440 690 498 720 τοῖς
513 687 704 722 ἁνισταμένοις
715 686 881 721 εὑρίσκεται·

85 738 126 772 τῷ
147 737 242 771 οἰκείῳ
258 736 365 771 σώματι
382 735 431 766 τὰς
456 735 488 760 ἐκ
514 734 569 760 τῶν
595 733 667 768 ἥλων
695 731 883 766 γεγενημένας

85 784 246 818 διατρήσεις
262 782 405 812 κατέλιπε,
422 781 469 807 καὶ
487 780 535 815 τὴν
550 780 600 814 τῆς
617 780 736 814 πλευρᾶς
755 777 881 813 ὠτειλὴν,

85 831 134 856 καὶ
159 829 254 856 τούτου
280 829 417 863 μάρτυρες
438 827 518 858 αὑτός
540 835 571 852 τε
599 827 614 853 ὀ
633 826 745 861 Κύριος,
771 824 882 851 καὶτοῦ

84 877 175 911 Θωμᾶ
185 877 214 903 αἱ
231 876 333 910 χεῖρες.

122 921 225 948 ΕΡᾹΝ.
251 921 371 954 Ἀληθές.

123 968 201 995 ΟΡΘ,
219 968 251 994 Et
268 967 359 994 τοίνυν
383 965 452 1001 μετὰ
474 965 524 1001 τὴν
550 965 698 992 ἀνάστασιν
715 962 825 1001 ,τροφῆς
852 970 881 988 τε

86 1013 239 1050 μετέλαϐεν
266 1014 280 1039 ὁ
296 1012 446 1047 Δεσπότης,
476 1011 524 1037 καὶ
544 1010 593 1042 τὰς
613 1010 706 1044 χεῖρας
727 1007 811 1041 ἔδειξε
835 1007 883 1034 καὶ

84 1062 150 1092 τοὺς
166 1060 250 1091 πόδας
264 1060 320 1091 τοῖς
338 1057 538 1094 μαθηταῖς,καὶ
548 1057 596 1088 τὰς
613 1057 641 1083 ἐν
655 1055 759 1086 τούτοις
772 1054 883 1089 διατρή-

86 1116 144 1138 σεις
167 1106 223 1133 τῶν
241 1105 325 1141 ἥλων,
339 1105 385 1131 καὶ
399 1100 491 1140 μέντοι
505 1112 536 1138 γε
554 1103 601 1130 καὶ
618 1102 668 1137 τὴν
689 1101 817 1136 πλευρὰν,
836 1100 882 1127 καὶ

84 1153 135 1188 τὴν
151 1153 180 1178 ὲν
203 1152 271 1186 αὐτῇ
288 1150 476 1185 γεγενημένην
497 1150 528 1175 ὲκ
550 1149 599 1184 τῆς
621 1147 728 1183 πληγῆς
758 1145 881 1180 ὠτειλὴν,

86 1200 135 1226 καὶ
148 1199 202 1233 ἔφη
220 1197 289 1232 πρὸς
306 1196 422 1228 αὐτούς’
441 1205 450 1221 ι
463 1194 650 1231 Ψηλαφήσατέ
675 1202 719 1229 με,
736 1192 782 1220 καὶ
801 1193 880 1224 ἴδετε,

90 1246 132 1272 ὅτι
149 1244 258 1279 πνεῦμα
285 1243 375 1278 σάρκα
394 1242 441 1269 καὶ
463 1241 544 1268 ὀστέα
568 1242 619 1268 οὐκ
636 1240 702 1275 ἔχει,
718 1238 810 1269 καθὼς
832 1237 882 1273 ἐμὲ

88 1291 218 1326 Θεωρεῖτε
250 1289 363 1323 ἔχοντα·
380 1297 389 1313 ι
418 1288 575 1323 μεμένηκεν
593 1287 647 1322 ἄρα
668 1285 715 1312 καὶ
743 1283 811 1319 μετὰ
833 1283 882 1318 τὴν

88 1337 237 1364 ἀνάστασιν
253 1335 270 1370 ἡ
285 1334 332 1360 τοῦ
350 1333 476 1369 σώματος
497 1333 590 1367 φύσις,
607 1331 653 1358 καὶ
667 1332 708 1362 εἰς
723 1330 821 1365 ἑτέραν
834 1329 881 1355 οὐ-

89 1383 152 1409 σίαν
167 1383 198 1408 οὐ
217 1380 383 1416 μετεὸλήθη.

126 1427 229 1454 ΕΡΛΝ.
248 1425 354 1452 Οὐκοῦν
368 1425 416 1452 καὶ
432 1424 529 1460 θνητόν
542 1423 601 1450 ἐστι
614 1423 661 1450 καὶ
678 1421 800 1457 παθητὸν
813 1419 882 1456 μετὰ

89 1475 140 1510 τὴν
151 1473 316 1505 ἁνάττασινς

127 1520 205 1546 ΟΡΘ.
225 1517 369 1553 οὐδαμῶς,
391 1517 448 1544 ἀλλ’
463 1516 614 1552 ἄφθαρτον,
633 1515 681 1542 καὶ
705 1513 818 1546 ἀπαθὲς,
835 1512 882 1540 καὶ
897 1528 920 1559 c

90 1567 238 1594 ἀθάνατον.

128 1613 232 1640 ΕΡΛΝ.
249 1612 280 1639 Et
308 1610 446 1646 ἄφθαρτον
461 1610 531 1642 ἐστι,
551 1608 598 1635 καῖ
614 1606 731 1638 ἀπαθὲς,
751 1606 799 1633 καὶ
816 1606 884 1633 ἀθά-

90 1669 184 1691 νατον,
208 1660 247 1690 si;
260 1659 358 1693 ἑτέραν
377 1655 579 1692 μεταὸέὸληται
596 1654 688 1689 φύσιν.

127 1706 205 1732 0P9.
235 1704 387 1739 Τοιγαροῦν
406 1703 452 1729 καὶ
471 1702 506 1728 τὰ
529 1701 638 1728 πάντων
663 1699 815 1735 ἀνθρώπων
830 1699 883 1726 σώ-

92 1760 169 1788 ματα
189 1751 229 1780 εἰς
253 1750 350 1785 ἑτέραν
370 1749 464 1775 οὐσίαν
485 1746 732 1782 μεταϐληθήσεται·
760 1745 886 1781 ἀφθαρτα

90 1799 148 1833 γαρ
162 1797 271 1824 ἅπαντα
286 1796 335 1822 καὶ
352 1795 472 1822 ἀθάνατα
492 1793 580 1820 Errat”
598 1794 614 1828 ἢ
630 1793 679 1819 οὐκ
696 1793 818 1827 ἀκήκοας
838 1791 884 1818 τοῦ

96 1843 264 1870 Ἀποττόλου
280 1843 423 1876 λέγοντος·
443 1850 452 1866 ι
469 1841 516 1866 Δεῖ
536 1839 592 1874 γὰρ
612 1839 643 1865 τὸ
664 1839 785 1874 φθαρτὸν
807 1838 885 1865 τοῦτο

91 1888 256 1916 ἑνδὺτατθαι
273 1886 439 1922 ἀφθαρσίαν,
463 1886 510 1912 καὶ
534 1885 564 1911 τὸ
588 1884 684 1920 θνητὸν
709 1884 789 1911 τοῦτο
811 1885 886 1911 ἐνδύ-

92 1935 195 1962 σασθαι
212 1934 383 1963 ἀθανασίαν;
406 1941 415 1958 ι
571 1936 574 1939 ‘

130 1981 233 2008 EPAN.
255 1980 386 2014 Ἀκήκοα.

129 2027 208 2055 οΡΘ.
223 2026 329 2054 Οὐκοῦν
345 2025 422 2060 μένει
441 2025 490 2058 μὲν
506 2024 522 2058 ἠ
537 2023 629 2058 φύσις,
645 2023 844 2058 με,ταῆάλ).εται
858 2023 886 2049 δὲ

93 2075 181 2110 αὐτῆς
197 2074 226 2099 τὸ
245 2072 364 2107 φθαρτὸν
379 2072 418 2102 εἰς
433 2070 598 2105 ἀφθαρσίαν,
617 2069 665 2099 καὶ
685 2068 715 2095 τὸ
732 2069 827 2103 θνητὸν
847 2069 886 2100 εἰς

93 2120 257 2148 ἀθανασίαν.
281 2118 468 2152 Σκοπήσωμεν
495 2115 523 2142 δὲ
556 2115 665 2141 οὕτωτί·
691 2115 721 2140 τὸ
755 2114 886 2141 ἁσθενοῦν

94 2166 176 2201 σῶμα
194 2165 240 2191 καὶ
254 2163 284 2189 τὸ
294 2163 426 2197 ὑγιαῖνον,
450 2161 529 2196 σῶμα
549 2160 686 2195 καλοῦμεν
705 2160 815 2195 ὁμοίως.

131 2253 234 2280 EPAN.
251 2251 343 2286 Ναιχί.

130 2298 208 2325 ΟΡΘ.
223 2297 299 2324 Διατι
311 2305 319 2329 ;

131 2345 235 2372 ΕΡΑΝ.
255 2343 363 2377 Ἐπειδὴ
380 2342 488 2378 μετὲλει
507 2342 556 2376 τῆς
573 2341 658 2375 αὐτῆς
677 2339 771 2372 οὐσίας
783 2339 817 2366 τὰ
833 2340 887 2375 ἀμ-

95 2392 212 2428 φίτερα.

130 2437 208 2465 ΟΡΘ.
224 2436 279 2463 Καὶ
296 2435 349 2470 μὴν
370 2434 499 2468 πλείστην
515 2434 544 2459 ὲν
562 2433 652 2463 αὐτοῖς
669 2432 777 2468 ὁρῶμεν
794 2433 888 2468 διαφο-

94 2485 156 2519 ράν.
182 2483 218 2509 Τδ
245 2482 293 2517 μὲν
324 2481 380 2515 γάρ
409 2481 482 2506 ἐστιν
503 2479 579 2513 ὑγιές
595 2487 625 2505 τε
645 2479 691 2505 καὶ
714 2479 825 2514 ἄρτιον,
841 2479 888 2506 καὶ

92 2530 268 2564 ἀπήμαντονι
283 2527 312 2553 τὸ
325 2526 353 2553 δὲ
369 2526 385 2558 ἦ
400 2525 444 2551 τὴν
464 2524 602 2559 ὀφθαλμὸν
624 2523 842 2558 ἐκκεκομμένον,
869 2524 885 2559 ἢ

91 2576 124 2602 τι
143 2574 239 2605 σκέλος
252 2573 307 2608 ἔχει
326 2571 528 2607 πεπληγμένον,
545 2570 561 2605 ἢ
579 2569 643 2597 ἄλλο
669 2578 694 2596 τι
711 2569 797 2601 πάθος
813 2578 886 2604 παγ-

92 2621 227 2658 χάλεπον.

131 2665 235 2694 ΕΡΛΝ.
258 2663 339 2690 Ἀλλὰ
355 2663 419 2698 περὶ
433 2661 482 2698 τὴν
498 2661 581 2696 αὐτὴν
597 2661 678 2695 φύσιν
701 2660 830 2698 ἑκάτερον
846 2661 889 2696 γί-

93 2722 183 2745 νεται,
204 2712 252 2738 καὶ
268 2710 358 2745 ὑγεία,
377 2710 423 2735 καὶ
437 2708 576 2735 ἀσθένεια.

131 2756 209 2785 ΟΡΘ.
234 2756 339 2784 Οὐκοῦν
361 2755 391 2781 τὺ
414 2755 494 2789 σῶμα
509 2754 605 2780 οὐσίαν
626 2753 751 2788 κλητέον,
772 2755 819 2781 καὶ
839 2755 888 2790 τὴν

92 2805 175 2835 νόσον
191 2803 239 2830 καὶ
255 2803 303 2838 τὴν
321 2801 415 2836 ὑγείαν
433 2799 614 2835 συμϐεϐηκός.

132 2863 155 2880 ⁸⁵
178 2862 187 2890 l
203 2861 266 2888 Cor.
282 2868 326 2892 xv,
343 2859 424 2886 42-”
474 2857 585 2885 "Joan.
605 2857 694 2892 “,2‘7

628 133 817 164 DIALOGUS
837 134 868 163 II
899 147 934 151 -
954 135 1197 168 [NCONFUSUS.

903 191 926 220 Α
976 191 1079 219 ERAN.
1094 193 1222 225 Qumnam
1239 193 1313 220 hinc?

1679 143 1746 174 1C2'

974 237 1079 264 ORTII.
1093 239 1169 266 Anne
1183 239 1409 273 resuscitatorum
1427 248 1543 275 corpora
1561 242 1730 279 incorrupti—

937 284 1003 311 bilia
1017 291 1100 313 erunt.
1115 290 1142 312 et
1157 286 1340 314 immortalia?
1388 303 1393 305 -

973 330 1075 357 ERAN.
1093 330 1139 358 Sic
1170 340 1219 358 nos
1241 332 1352 359 divinus
1364 333 1464 361 Paulus
1484 334 1587 362 docuit.
1612 347 1620 361 ε
1639 336 1729 364 Semi-

935 381 1017 403 natur
1027 376 1112 409 enim,
1130 378 1228 412 inquit,
1245 378 1272 404 in
1285 379 1473 414 corruptione,
1486 381 1574 416 surgit
1587 382 1615 408 in
1638 383 1730 411 incor-

936 423 1075 457 ruptione.
1092 423 1250 450 Sentinatur
1267 424 1293 451 in
1310 424 1471 460 ignominia,
1483 427 1572 462 surgit
1587 428 1616 455 in
1629 429 1726 464 gloria.

936 467 1094 495 Seminatur
1114 468 1141 495 in
1166 469 1342 502 inﬁrmitate,
1364 472 1452 506 surgit
1486 472 1513 499 in
1542 474 1654 502 virtute.
1677 475 1728 503 Se-

936 512 1057 539 minatur
1094 521 1194 548 corpus
1229 515 1357 548 animale,
1385 518 1473 553 surgit
1505 526 1605 554 corpus
1645 521 1726 556 spiri-

935 560 1009 586 tuale
1024 559 1056 586 δ’,
1077 571 1085 586 ι

972 603 1077 632 ORTH.
1092 606 1145 632 Sed
1175 607 1318 640 Dominus,
1346 609 1394 643 qui
1421 609 1534 637 minime
1554 611 1660 644 mutila,
1679 613 1727 640 scd

936 648 1040 684 integra
1055 651 1331 679 omniumhominum
1355 661 1470 688 corpora
1497 656 1612 683 suscitat
1625 657 1727 692 (neque

935 694 1008 721 enim
1022 695 1195 728 claudicatio,
1211 705 1262 724 nec
1283 697 1390 726 caecitas
1408 699 1434 725 in
1459 701 1668 735 resurgenlibus
1681 702 1725 728 in-

933 739 1102 776 venitur).in
1122 749 1172 768 suo
1185 746 1274 770 tamen
1286 751 1403 778 corpore
1420 745 1560 772 clavorum
1578 747 1725 779 foramina,

934 789 963 812 et
982 785 1074 812 lateris
1091 787 1190 814 vulnus
1203 788 1315 823 reliquit
1330 798 1335 814 :
1350 790 1429 824 cujus
1455 791 1493 817 rei
1509 795 1591 819 testes
1606 797 1682 825 sunt,
1698 797 1727 820 et

935 831 993 866 ipse
1005 831 1147 864 Dominus,
1163 839 1191 859 et
1207 842 1304 861 manus
1318 834 1429 862 Thoma:
1444 835 1475 862 ‘9.

969 919 1074 947 ERAN.
1088 921 1189 948 Verum
1202 926 1253 948 est.

968 965 1076 993 ORTH.
1104 966 1133 994 Si
1163 967 1248 1002 igitur
1277 972 1340 1003 post
1366 970 1599 997 resurrectionem
1631 971 1724 998 cibum

934 1013 1052 1047 sumpsit
1075 1013 1221 1046 Dominus,
1249 1022 1402 1050 manusque
1424 1019 1452 1042 et
1476 1016 1560 1050 pedes
1583 1017 1726 1052 discipulis

932 1059 1063 1091 ostendit,
1075 1064 1102 1086 et
1118 1068 1180 1094 qum
1202 1060 1229 1087 in
1247 1060 1290 1087 his
1303 1065 1379 1088 erant
1408 1060 1541 1088 foramina
1571 1062 1723 1094 clavorum,

933 1104 1054 1139 itemque
1068 1105 1138 1132 latus
1153 1113 1216 1132 cum
1229 1105 1326 1132 inﬂicti
1341 1106 1463 1133 vulneris
1473 1106 1598 1141 vestigio,
1612 1113 1640 1135 et
1656 1107 1727 1134 dixit

933 1149 1004 1176 illis:
1026 1150 1102 1184 121
1122 1159 1130 1175 ι
1146 1150 1257 1185 Palpate
1274 1158 1328 1183 me,
1357 1155 1383 1178 et
1397 1150 1502 1183 videte,
1530 1152 1593 1186 quia
1611 1152 1727 1187 spiritus

933 1203 1044 1222 carnem
1068 1200 1096 1222 ct
1121 1203 1182 1222 ossa
1205 1203 1260 1222 non
1280 1195 1374 1227 habet,
1400 1195 1471 1222 sicut
1500 1203 1543 1223 me
1562 1196 1662 1224 videtis
1674 1197 1726 1224 ha-

933 1238 1051 1271 bere”;
1073 1248 1081 1264 ι
1102 1239 1202 1266 mansit
1224 1239 1306 1266 etiam
1322 1243 1384 1274 post
1408 1240 1640 1268 resurrectionem
1662 1249 1724 1269 cor‘

933 1284 1010 1319 poris
1045 1289 1142 1312 natura
1178 1293 1230 1312 nec
1256 1285 1283 1312 in
1298 1285 1379 1313 aliam
1406 1285 1589 1314 substantiam
1618 1291 1726 1315 mutata

934 1334 987 1357 εει.

969 1422 1074 1449 ERAN.
1092 1422 1140 1449 Est
1165 1412 1249 1456 igitur
1275 1426 1302 1449 et
1328 1421 1443 1449 mortale
1453 1415 1490 1449 ‘et
1511 1421 1641 1457 passibile
1665 1426 1729 1458 post

935 1469 1168 1496 resurrectionem
1175 1469 1190 1503 _?

968 1514 1074 1543 OltTIl.
1101 1515 1292 1550 Nequaquam,
1316 1514 1364 1542 sed
1387 1514 1614 1549 incorruptibile,
1631 1519 1659 1542 et
1677 1515 1729 1542 im-

936 1561 1080 1596 passibile,
1095 1565 1123 1588 et
1134 1560 1299 1587 immortale.

972 1606 1075 1634 ERAN.
1092 1606 1120 1634 Si
1139 1610 1181 1633 est
1202 1606 1423 1641 incurruptibile,
1451 1609 1480 1632 et
1503 1606 1684 1641 impassibilc,
1700 1611 1729 1634 ει

936 1653 1100 1684 immortale,
1114 1652 1141 1679 in
1153 1651 1234 1679 aliam
1249 1656 1376 1679 naturam
1389 1655 1526 1679 mutatum
1543 1657 1596 1679 est.

971 1699 1075 1726 ORTII.
1090 1700 1162 1734 Ergo
1180 1699 1304 1726 omnium
1325 1707 1436 1734 quoque
1453 1699 1595 1726 hominum
1612 1707 1728 1735 corpora

936 1745 964 1772 in
980 1745 1060 1772 aliam
1078 1745 1259 1772 substantiam
1282 1745 1470 1772 mutabuntur.
1502 1745 1727 1780 lncorruptibilia

935 1791 1011 1819 enim
1037 1796 1118 1818 erunt
1138 1791 1241 1823 omnia,
1260 1795 1289 1818 et
1318 1791 1493 1818 immortalia.
1522 1792 1600 1818 Anne
1623 1791 1726 1819 audisti

936 1837 1097 1871 Apostolum
1122 1836 1259 1864 dicentem
1278 1845 1284 1863 :
1303 1846 1311 1862 ι
1325 1835 1440 1872 Oportet
1454 1837 1527 1864 enim
1549 1838 1728 1872 corruptibilc

937 1882 990 1909 hoc
1006 1882 1120 1909 induere
1131 1881 1433 1917 incorruptibilitatem,
1446 1886 1474 1909 et
1488 1882 1604 1910 mortale
1616 1883 1669 1910 hoc
1682 1883 1727 1911 in-

935 1929 1021 1956 duere
1033 1929 1267 1958 immortalitatem
1280 1929 1301 1944 “
1314 1928 1326 1955 ?
1347 1937 1357 1953 ›

972 1977 1077 2004 ERAN.
1098 1977 1208 2004 Audivi.

972 2023 1176 2050 0RTH.Manct
1192 2023 1391 2056 igiturnatura,
1409 2024 1532 2048 mutatur
1547 2025 1640 2048 autem
1653 2021 1728 2056 quod

937 2070 997 2105 ejus
1022 2073 1065 2096 est
1090 2068 1271 2103 curruptibile
1294 2068 1322 2094 in
1352 2067 1597 2102 incorruptionem,
1610 2071 1638 2095 et
1655 2067 1729 2103 quod

937 2115 1053 2142 mortale
1071 2114 1154 2141 estin
1173 2113 1417 2140 immortalitatem.
1438 2113 1446 2122 ‘
1464 2112 1508 2140 Sic
1524 2116 1616 2140 autem
1636 2113 1728 2140 consi-

938 2160 1077 2187 dercmus.
1087 2159 1229 2186 lniirmum
1243 2166 1354 2193 corpus,
1372 2157 1483 2193 etquod
1495 2165 1592 2185 sanum
1604 2162 1656 2192 est,
1670 2166 1730 2186 cor-

899 2199 926 2230 Ι)
939 2215 990 2242 pus
1004 2206 1118 2241 perinde
1133 2205 1313 2240 appellamus.

974 2252 1078 2280 ERAN.
1099 2253 1138 2279 lla
1152 2255 1203 2278 est.

974 2300 1079 2327 ORTH.
1092 2299 1177 2330 Onam
1190 2298 1225 2325 ob
1239 2297 1368 2325 causam?

975 2346 1078 2374 ERAN.
1098 2345 1166 2379 Quia
1181 2349 1329 2378 utrumque
1350 2342 1475 2371 eamdem
1495 2342 1579 2370 habet
1600 2342 1728 2371 substan-

940 2392 1017 2419 tiam.

975 2436 1080 2464 OltTl-l.
1098 2436 1130 2463 Et
1140 2440 1229 2462 tamen
1243 2434 1388 2461 maximam
1405 2433 1432 2460 in
1446 2433 1488 2460 his
1499 2434 1638 2461 cernimus
1648 2432 1729 2460 dill‘e—

940 2484 1067 2511 rentiam.
1079 2483 1136 2510 lloc
1150 2482 1223 2510 enim
1236 2488 1333 2508 sanum
1348 2483 1400 2512 est,
1415 2480 1550 2514 integrum
1564 2483 1592 2506 et
1603 2479 1727 2507 illaesum.

939 2531 980 2558 llli
995 2537 1062 2557 vero
1076 2529 1118 2556 vel
1136 2528 1233 2556 oculus
1254 2527 1383 2558 ell'ossus,
1400 2526 1442 2553 vel
1461 2533 1524 2552 crus
1537 2525 1655 2552 fraetum
1674 2529 1727 2558 est,

939 2577 981 2604 vel
998 2575 1072 2603 aliud
1091 2574 1238 2610 quodpiam
1254 2579 1336 2608 grave
1349 2570 1563 2598 incommodum.

968 2663 1075 2691 ERAN.
1092 2662 1145 2690 Sed
1166 2661 1192 2688 in
1214 2660 1310 2687 eadem
1335 2662 1435 2686 natura
1457 2657 1545 2686 haeret
1560 2661 1686 2692 utraque,
1700 2662 1728 2685 et

938 2710 1051 2741 sanitas,
1063 2714 1091 2736 et
1107 2706 1262 2734 inﬁrmitas.

975 2755 1053 2790 122
1067 2752 1171 2781 ORTll.
1185 2751 1294 2785 Corpus
1307 2750 1391 2785 igitur
1405 2748 1599 2784 appellandum
1609 2753 1652 2777 est
1661 2747 1728 2776 sul)-

938 2801 1039 2830 stantia
1057 2809 1062 2826 :
1079 2797 1193 2826 morbus
1209 2804 1275 2824 vero
1284 2801 1311 2824 et
1323 2795 1436 2828 sanitas,
1452 2794 1590 2822 accidens.

743 2859 765 2874 ¹⁰
779 2859 847 2888 Luc.
866 2870 937 2896 xxnv,
948 2860 992 2888 '59.
1031 2858 1071 2885 “l
1087 2857 1149 2885 Cor.
1163 2863 1207 2889 xv,
1223 2855 1265 2882 55.
