1953 3055
233 101 283 134 163

726 98 968 128 TIlEODORETl
989 96 1158 127 EPISCOPI
1178 97 1359 127 CYRENSIS

1809 97 1866 128 16$

265 154 368 183 EliAN.
384 154 485 188 Utique
499 162 504 180 :
523 161 587 180 nam
599 153 708 188 corpori
722 153 780 185 hazc
794 151 968 183 accidunt,et
981 158 1012 177 re

1109 150 1209 176 EPAN.
1229 150 1346 183 [Ιόινυγε⁸
1373 150 1516 185 συμϐαίνει
1530 149 1584 186 γὰρ
1599 150 1636 186 τῷ
1649 135 1750 186 σώματι
1767 152 1860 179 ταῦτά

286 205 343 227 ιιηι.

248 201 343 228 edunt.

232 210 246 229 ε
263 243 368 272 ORTH.
384 243 455 278 Ergo
469 248 496 270 et
508 243 650 278 corruptio
665 245 694 269 et
709 249 783 269 mors
796 241 1021 271 accidentia,non

232 290 393 317 substantiae
413 288 543 316 vocanda:
558 292 623 316 sunt
638 297 644 315 :
661 288 796 316 accedunt
812 286 886 314 enim
898 290 926 313 et
941 293 1019 313 rece~

227 338 240 362 ul
252 341 311 362 unt.

265 380 369 408 ERAN.
386 380 430 407 Sic
445 383 590 407 vocentur.

263 425 366 453 ORTll.
380 425 452 460 Ergo
463 425 546 452 etiam
568 424 711 451 hominum
731 432 856 459 corpora,
881 431 896 451 a
921 431 1017 451 corru-

230 471 325 506 ptione
339 471 451 505 quidem
463 478 526 498 cum
544 474 703 506 resurgunt,
722 478 737 497 a
750 475 839 497 morte
852 470 934 497 etiam
948 470 1018 497 libe-

230 522 337 549 rantur,
354 516 494 551 propriam
513 520 605 543 tamen
618 519 745 543 naturain
758 524 814 542 non
824 515 963 542 amittunt.

264 562 368 596 ERAN.
381 562 451 589 Vera
468 561 547 589 dicis.

264 607 369 635 ORTll.
388 608 461 642 Ergo
474 607 647 635 Dominicum
664 614 773 642 quoque
785 614 886 641 corpus
896 626 903 638 ,
929 605 1018 632 incor-

230 654 358 688 ruptibile
372 653 484 688 quidem
500 653 663 685 resurrexit,
678 656 705 679 et
724 652 909 687 impassibile,
925 656 952 678 et
969 652 1018 678 im-

229 699 354 730 mortale,
364 703 392 726 et
404 699 495 726 divina
505 699 590 734 gloria
599 699 789 734 gloriiicatum,
799 702 848 725 eta
860 697 1019 725 coalcstibus

229 745 412 780 potestatibus
422 745 553 771 aduratur
567 754 573 771 :
588 752 690 779 corpus
703 749 794 771 tamen
808 748 860 776 est,
874 744 1017 779 pristinam

229 790 334 818 habens
349 789 647 825 circumscriptionem.

1071 202 1113 229 γε,
1132 194 1179 220 καὶ
1193 193 1404 228 ἁποσυμΰαίνει.

1107 239 1182 266 ΟΡΘ.
1199 239 1344 274 Τοιγάρτοι
1359 240 1406 266 καὶ
1422 239 1471 276 τὴν
1486 239 1600 275 φθορὰν,
1618 241 1664 268 καὶ
1684 240 1728 268 τὸν
1741 242 1868 270 θάνατον

1072 284 1261 320 συμϐεϐηκὸς,
1280 286 1331 312 οὐκ
1356 285 1449 317 οὐσίας
1472 287 1635 321 ὀνομαστέον
1649 295 1656 302 θ
1678 288 1866 322 συμῦαίνουσι

1071 330 1134 365 γὰρ,
1151 331 1198 357 καὶ
1214 329 1460 366 ἆποσυμϐαίνουσι.

1105 376 1206 403 ΕΡΑΝ.
1224 375 1302 404 Οὕτω
1321 376 1443 412 κλητέον.

1106 423 1182 449 ΟΡΘ.
1199 423 1304 449 Οὐκοῦν
1317 424 1365 450 καὶ
1381 422 1415 450 τὰ
1429 423 1485 450 τῶν
1501 423 1650 458 ἀνθρώπων
1667 424 1791 460 σώματα,
1807 425 1864 460 τῆς

1072 467 1120 502 μὲν
1141 467 1244 503 φθορᾶς
1258 468 1426 502 ἀνιστάμεναι
1445 468 1491 495 καὶ
1511 469 1561 503 τῆς
1585 468 1749 503 θνητότητος
1767 470 1863 497 ἀπαλ-

1069 515 1205 547 λάττεται,
1218 514 1266 549 τὴν
1284 514 1311 540 δέ
1330 523 1361 549 γε
1381 515 1485 541 οίκείαν
1503 515 1552 541 οὐκ
1568 515 1682 542 ἀπολύει
1696 515 1789 550 φύσιν.

1105 561 1206 588 EPAN.
1234 561 1354 596 Ἀληθές.

1105 607 1181 634 ΟΡΘ.
1203 607 1258 634 Καὶ
1272 606 1302 634 τὺ
1314 607 1477 634 Δεσποτικον
1488 607 1634 643 τοιγαροῦν
1647 608 1737 644 σῶμα,
1749 609 1861 644 ἄφθαρ-

1069 662 1113 679 τον
1135 653 1185 688 μὲν
1199 652 1310 687 ἀνέστη,
1327 652 1375 679 καὶ
1389 653 1501 685 ἀπαθὲς,
1525 653 1573 680 καὶ
1595 654 1738 685 ἀθάνατον,
1759 655 1807 681 καὶ
1823 656 1859 690 τῇ

1070 699 1130 734 θείᾳ.
1145 697 1207 733 δόξῃ
1221 697 1426 733 δεδοξασμένον,
1448 699 1495 725 καὶ
1520 699 1595 734 παρὰ
1613 699 1668 726 τῶν
1686 700 1859 735 ἐπουρανίων

1069 743 1265 777 προσκυνεῖται
1290 741 1441 777 δυνάμεων·
1461 743 1540 777 σῶμα
1557 743 1584 768 δὲ
1608 744 1683 778 ὅμως
1707 744 1778 776 ἐστὶ,
1807 744 1860 779 τὴν

1070 788 1206 823 προτέραν
1222 787 1281 822 ἔχον
1292 796 1325 813 πε
1329 787 1476 823 ριγραφήν.

262 835 365 863 ERAN.
381 835 409 862 ln
428 835 472 862 his
484 835 596 870 quidem
612 835 773 863 verisimilia
786 835 879 863 dicere
896 835 1012 864 videris:

1104 834 1205 860 EPAN.
1236 833 1280 860 Ἐν
1306 833 1355 868 μὲν
1393 832 1497 865 τούτοις
1521 833 1614 860 είκότα
1638 834 1729 868 λέγειν
1755 834 1857 866 δοκεῖς.

228 882 276 910 sed
292 886 356 916 post
372 882 562 909 ascensionem
584 882 612 908 in
627 882 723 914 caelos,
737 889 792 908 non
806 886 873 917 puto
886 888 911 909 te
926 882 1017 909 dictu-

227 936 287 954 rum
304 927 377 963 quod
394 935 449 954 non
462 928 491 954 in
506 927 659 955 divinitatis
678 932 805 955 naturam
822 932 957 955 mutatum
970 929 1015 956 sit.

260 972 363 1001 ORTll.
386 974 442 1008 Ego
456 981 522 1000 sane
541 981 596 1000 non
610 973 742 1006 dicerem,
759 973 888 1000 humanis
901 981 1016 1008 persua-

226 1029 272 1048 sus
286 1020 450 1048 rationibus.
469 1020 564 1055 Neque
581 1019 655 1047 cnim
676 1020 746 1047 adeo
760 1029 820 1048 sum
841 1020 1016 1053 temerarius,

226 1070 256 1093 ut
280 1066 383 1101 aliquid
404 1066 504 1098 dicam,
524 1066 557 1093 de
579 1073 633 1100 quo
650 1065 744 1093 divina
759 1067 838 1093 sileat
863 1065 1015 1101 Scriptura.

225 1111 324 1139 Audivi
338 1115 430 1139 autem
447 1111 573 1138 divinum
586 1111 701 1138 Paulum
715 1111 878 1138 clamantem
897 1121 902 1138 :
925 1122 933 1137 ι
947 1111 1018 1139 Con-

225 1157 316 1183 stituit
327 1153 400 1183 Deus
411 1156 484 1183 diem
500 1156 528 1182 in
546 1164 601 1191 quo
613 1156 789 1191 judicaturus
800 1160 842 1183 est
855 1156 950 1183 orbem
961 1161 1015 1183 ter-

226 1209 317 1228 rarum
332 1201 358 1228 in
375 1201 481 1236 justitia
498 1209 548 1236 per
563 1201 653 1228 virum
667 1209 749 1235 quem
763 1200 917 1233 constituit,
935 1200 1017 1228 ﬁdem

226 1248 351 1282 praebens
372 1247 517 1280 omnibus,
536 1247 672 1274 suscitans
689 1254 753 1274 eum
779 1255 794 1274 a
817 1247 935 1274 mortuis
946 1247 978 1274 ".
1003 1256 1012 1273 ι

225 1293 313 1320 Didiei
335 1293 419 1320 etiam
440 1301 455 1320 a
490 1293 593 1320 sanctis
621 1293 748 1328 angelis,
775 1293 835 1320 fore
863 1298 895 1320 ut
924 1293 1017 1320 veniat

223 1346 257 1366 eo
285 1339 366 1366 modo
386 1347 441 1374 quo
466 1339 598 1366 viderunt
626 1339 717 1373 ipsum
746 1339 874 1373 discipuli
902 1344 1016 1366 euntem

224 1384 252 1411 in
269 1385 369 1412 caelum
381 1385 414 1412 ⁸³,
437 1385 572 1412 Viderunt
589 1389 683 1411 autem
705 1384 944 1418 circumscriptam
966 1392 1016 1411 na—

225 1434 326 1461 turam,
349 1438 404 1457 non
428 1430 506 1465 123
530 1430 808 1464 incircumscriptam.
830 1429 931 1456 Audivi
951 1437 1016 1456 vero

224 1476 307 1502 etiam
323 1475 469 1502 Dominum
485 1475 576 1510 ipsum
591 1474 728 1502 dicentem
751 1483 758 1500 :

223 1522 291 1548 lium
309 1521 429 1547 hominis
446 1521 602 1548 venientem
619 1521 648 1547 in
660 1520 783 1547 nubibus
797 1521 858 1548 coeli
873 1520 906 1547 5‘.
928 1530 936 1546 ι
953 1520 1016 1547 Scio

224 1571 316 1594 autem
347 1566 588 1601 circumscriptum
612 1573 673 1594 esse
703 1566 776 1601 quod
801 1565 835 1594 ab
857 1566 1016 1594 hominibus

224 1613 357 1640 cernitur.
374 1613 523 1640 invisibilis
542 1613 616 1640 enim
632 1617 675 1640 est
690 1617 797 1645 natura,
822 1621 883 1647 qua:
906 1621 961 1640 non
973 1617 1016 1641 est

182 1688 186 1691 _
224 1658 442 1693 circumscripta.
458 1658 528 1685 Illud
545 1658 639 1691 etiam,
659 1657 757 1685 sedere
776 1659 805 1685 in
832 1659 932 1686 throno
958 1659 1016 1694 glo-

159 1697 178 1717 ’·
226 1705 283 1737 τίω,
300 1709 328 1732 et
344 1709 464 1732 statuere
486 1712 571 1740 agnos
587 1713 602 1732 a
622 1704 736 1737 dextris,
753 1704 845 1732 luedos
863 1713 929 1732 vero
947 1713 962 1732 a
980 1706 1015 1732 si-

225 1750 363 1782 nistris”,
381 1749 666 1784 circumscriptionem
685 1749 830 1784 signiﬁcat.

257 1795 362 1822 EBAN.
377 1795 449 1830 Ergo
465 1802 499 1822 ne
518 1795 631 1829 quidem
651 1799 714 1822 ante
736 1794 954 1823 incarnationem
971 1796 1013 1823 in-

224 1841 449 1875 circumscriptus
471 1840 532 1868 fuit.
551 1841 619 1868 Nam
642 1840 777 1875 propheta
798 1841 868 1868 vidit
888 1843 976 1877 ipsum
998 1851 1014 1870 a

224 1886 383 1921 Seraphinis
401 1887 602 1914 circumdatum
616 1887 659 1913 σθ’.

259 1931 366 1958 ORTll.
388 1931 449 1958 Non
476 1931 563 1966 ipsam
577 1932 647 1959 vidit
666 1931 801 1967 propheta
819 1932 866 1960 Dei
881 1933 1010 1961 substan—

225 1976 300 2008 tiam,
321 1977 369 2004 sed
383 1977 503 2011 speciem
516 1977 662 2012 quamdam
681 1986 731 2005 suo
751 1978 842 2014 captui
858 1987 1012 2006 accommo-

224 2021 325 2049 datam.
343 2022 407 2049 Post
419 2024 650 2050 resurrectionem
665 2031 742 2056 vero,
757 2031 852 2051 omnes
864 2025 949 2059 ipsam
966 2025 1011 2060 ju-

223 2068 293 2096 dicis
306 2068 444 2095 visibilem
460 2073 574 2095 cerncnt
586 2073 723 2097 naturam.

260 2113 365 2140 ERAN.
381 2113 434 2146 Qui
452 2113 592 2148 pollicitus
603 2123 634 2142 cs
646 2120 671 2142 te
685 2115 755 2142 nihil
773 2115 831 2142 sine
848 2115 1013 2144 testimoniis

222 2159 373 2191 dicturum,
389 2160 515 2194 proprias
529 2160 610 2187 nobis
621 2161 800 2196 cogitationes
815 2163 956 2197 proponis.

258 2203 363 2230 ORTII.
377 2204 433 2239 Ego
458 2205 515 2232 [nec
527 2213 560 2231 ex
578 2205 671 2232 divina
685 2206 826 2241 Scriptura
846 2207 940 2234 didici.
956 2207 1014 2234 Au—

222 2249 278 2277 divi
292 2250 367 2277 enim
382 2251 544 2278 Zachariam
559 2253 720 2287 prophetam
733 2253 868 2280 dicentem
882 2263 888 2281 :
905 2263 913 2280 ι
930 2254 1013 2282 Vide-

223 2295 293 2322 bunt
313 2304 394 2330 quem
415 2297 611 2325 transﬂxerunt
624 2298 657 2325 ³⁸,
675 2308 684 2324 ι
704 2298 848 2331 Quomodo
863 2304 955 2326 autem
971 2307 1014 2327 se-

222 2344 323 2374 quetur
348 2344 462 2368 eventus
487 2342 669 2376 prophetiam.
700 2343 723 2369 si
748 2343 795 2378 qui
814 2343 1013 2371 crucilixerunt

222 2392 277 2411 non
299 2390 449 2420 agnoscent
464 2394 546 2421 quam
567 2388 764 2415 cruciﬁxerunt
789 2390 936 2416 naturam?
958 2390 1014 2417 Au-

223 2429 280 2457 divi
293 2431 376 2458 etiam
392 2431 542 2466 gloriosum
555 2437 702 2469 martyrem
716 2434 887 2468 Stephanum
896 2435 1015 2462 claman-

224 2480 279 2502 tem
295 2485 304 2501 ι
320 2477 408 2504 :Ecce
422 2477 503 2505 video
513 2479 597 2506 caelos
610 2484 730 2514 apertos,
745 2485 772 2507 et
780 2480 879 2507 Filium
893 2481 1015 2508 hominis

223 2524 341 2548 stantem
359 2530 375 2549 a
389 2522 494 2550 dextris
513 2524 561 2550 Dei
571 2524 603 2550 ⁵⁷.
625 2534 634 2550 ι
654 2525 728 2553 Vidit
750 2529 842 2552 autem
857 2525 1013 2559 visibilem,

224 2574 279 2593 non
295 2567 460 2595 invisibilem
472 2573 607 2597 naturam.

770 1475 778 1483 ‘
796 1484 805 1499 ι
824 1474 959 1502 Videbitis
976 1474 1017 1501 Fi-
1029 1492 1051 1521 ϐ

1068 879 1147 907 Μετὰ
1162 880 1191 906 δέ
1209 889 1241 915 γε
1256 880 1304 915 τὴν
1332 880 1372 911 είς
1392 879 1525 914 οὐρανοὺς
1542 879 1690 915 ἀνάληψιν,
1713 881 1762 907 οὐκ
1777 878 1858 915 οἶμαι

1069 935 1099 953 σε
1115 926 1211 960 λέξειν,
1229 926 1266 958 ὡς
1280 926 1330 953 οὐκ
1343 926 1382 957 εἰς
1397 925 1523 959 θεότητος
1537 925 1688 961 μετεϐλήθη
1710 925 1801 961 φύσιν.

1103 972 1179 999 ΟΡΘ.
1208 972 1278 1007 Ἐγὼ
1297 972 1346 1007 μὲν
1368 973 1418 999 οὐκ
1433 972 1466 998 ἂν
1486 971 1579 1008 φαίην,
1595 972 1775 1008 ἀνθρωπίνοις
1792 981 1856 999 πει-

1069 1019 1182 1054 θόμενος
1198 1019 1347 1054 λογισμοῖς.
1363 1019 1400 1045 Οὐ
1412 1018 1466 1054 γὰρ
1479 1018 1565 1051 οὕτως
1580 1020 1638 1054 είμὶ
1655 1019 1769 1055 θρασὺς,
1783 1019 1856 1046 ὥστε

1068 1065 1151 1099 φάναι
1165 1073 1192 1090 τι
1210 1065 1390 1099 σεσιγημένου
1407 1064 1483 1100 παρὰ
1501 1065 1534 1100 τῇ
1555 1064 1614 1099 θείᾳ
1636 1065 1741 1100 Γραφῇ.
1757 1065 1856 1091 Ἤκου-

1068 1120 1102 1138 σα
1124 1111 1216 1146 μέντοι
1233 1110 1280 1137 τοῦ
1298 1111 1372 1138 θείου
1390 1110 1498 1137 Παύλου
1516 1111 1645 1146 βοῶντος,
1665 1111 1705 1137 ὃτι
1723 1120 1732 1137 ι
1752 1112 1856 1145 Ἔστη-

1068 1165 1114 1182 σεν
1139 1157 1153 1182 ὀ
1170 1156 1236 1187 Θεὸς
1261 1156 1317 1191 (51)
1336 1156 1453 1191 ἡμέραν,
1475 1157 1503 1182 ἐν
1567 1156 1658 1191 μέλλει
1680 1157 1784 1191 κρίνειν
1803 1157 1854 1191 τὴν

1071 1202 1235 1237 οἰκουμένην
1252 1203 1280 1227 ὲν
1295 1201 1454 1237 δικαιοσύνῃ
1469 1203 1497 1228 ὲν
1513 1201 1591 1237 ἀνδρὶ
1609 1199 1631 1236 ᾧ
1651 1202 1745 1238 ὥρισε,
1763 1202 1855 1228 πίστιν

1068 1247 1217 1283 παρασχὼν
1231 1248 1324 1280 πᾶσιν,
1341 1248 1497 1283 ἀναστήσας
1511 1248 1543 1274 ὲκ
1557 1248 1662 1284 νεκρῶν
1673 1249 1753 1275 αὐτόν
1768 1248 1852 1283 (52).»

1067 1294 1226 1329 Μεμάθηκα
1246 1293 1275 1320 δὲ
1303 1294 1350 1321 καὶ
1366 1293 1442 1328 παρὰ
1464 1293 1517 1320 τῶν
1544 1295 1628 1328 ἁγίων
1653 1294 1792 1329 ἀγγέλων,
1812 1295 1855 1322 ὃτι

1067 1340 1155 1371 οὕτως
1179 1339 1320 1368 ἐλεύσεται
1338 1340 1368 1366 ὃν
1382 1341 1482 1374 τρόπον
1498 1339 1578 1366 αὐτὸν
1596 1337 1664 1367 εἶδον
1684 1340 1710 1366 oi
1735 1340 1855 1375 μαθηταὶ

1067 1387 1251 1421 πορευόμενον
1268 1386 1308 1418 είς
1323 1386 1368 1413 τὸν
1384 1387 1508 1422 οὐρανόν.
1526 1384 1603 1413 Εἶδον
1620 1386 1648 1413 δὲ
1666 1395 1854 1422 περιγεγραμ-

1069 1432 1154 1467 μένην
1168 1431 1260 1466 φύσιν,
1281 1433 1331 1458 οὐκ
1342 1433 1540 1467 ἁπερίγραφον.
1557 1434 1680 1459 Ἤκουσα
1694 1432 1722 1459 δὲ
1744 1433 1791 1459 καὶ
1807 1432 1853 1458 τοῦ

1067 1479 1171 1515 Κυρίου
1185 1479 1318 1513 λέγοντος·
1336 1488 1345 1504 ι
1365 1479 1482 1513 Ὂᾲεσθε
1499 1479 1543 1505 τὸν
1560 1478 1623 1505 Υίὺν
1640 1478 1686 1505 τοῦ
1710 1477 1853 1513 ἀνθρώπου

1067 1526 1214 1561 ἐρχόμενον
1226 1525 1281 1561 (55)
1294 1525 1339 1552 ἐπὶ
1354 1525 1407 1552 τῶν
1422 1525 1542 1559 νεφελῶν
1562 1525 1608 1552 τοῦ
1620 1524 1744 1561 ούρανοῦ.
1765 1534 1774 1551 ι
1798 1525 1854 1552 Καὶ.

1066 1572 1124 1600 οῖδα
1140 1573 1398 1609 περιγεγραμμένον
1413 1574 1444 1599 τὺ
1466 1573 1511 1599 ὑπ’
1534 1572 1686 1607 ἀνθρώπων
1704 1572 1852 1608 ὁρώμενον.

1073 1619 1197 1651 Ἀθέατος
1210 1620 1264 1655 γὰρ
1278 1621 1294 1654 ἡ
1315 1619 1503 1654 ἀπερίγραφος
1519 1618 1609 1653 φύσις.
1625 1619 1680 1645 Καὶ
1700 1618 1790 1654 μέντοι
1806 1619 1854 1644 καὶ

1065 1666 1107 1698 τὸ,
1136 1665 1246 1692 καθίσαι
1277 1665 1323 1692 ἐπὶ
1349 1664 1443 1700 θρόνου
1471 1664 1561 1699 δόξης.
1591 1664 1640 1691 καὶ
1667 1664 1764 1699 στῆσαι
1791 1665 1854 1695 τοὺς

1067 1712 1116 1747 μὲν
1128 1712 1230 1747 ἁμνοὺς
1243 1712 1275 1737 ὲκ
1290 1711 1395 1743 δεξιῶν,
1409 1711 1471 1742 τοὺς
1483 1710 1511 1737 δὲ
1534 1711 1642 1746 ἐρίφους
1655 1710 1685 1743 ἐξ
1695 1710 1852 1746 εὐωνύμων,

1064 1757 1094 1782 τὸ
1109 1757 1364 1792 περιγεγραμμένον
1379 1756 1463 1790 δηλοῖ.

1101 1803 1201 1829 EPAN.
1234 1803 1338 1829 Οὐκοῦν
1367 1802 1428 1829 οὐδὲ
1459 1802 1512 1838 πρὸ
1543 1803 1591 1838 τῆς
1621 1803 1852 1837 ὲνανθρωπήσεως

1065 1849 1254 1884 ἀπερίγραφος
1270 1846 1312 1883 ἦν.
1324 1848 1390 1874 Ὑπὸ
1404 1848 1459 1884 γὰρ
1479 1848 1533 1875 τῶν
1550 1849 1676 1884 Σεραφὶμ.
1690 1849 1772 1876 αὐτὸν
1784 1847 1851 1875 εἶδεν

1064 1896 1078 1922 ὁ
1098 1896 1241 1930 προφήτης
1261 1894 1453 1930 κυκλούμενον.

1099 1940 1173 1966 ΟΡΘ.
1189 1940 1247 1966 Οὐκ
1265 1939 1350 1974 αὐτὴν
1370 1937 1440 1966 εἶδεν
1462 1941 1476 1966 ὁ
1489 1941 1631 1976 προφήτης
1646 1940 1693 1967 τοῦ
1712 1940 1780 1967 Θεοῦ
1801 1940 1849 1976 τὴν

1064 1984 1168 2015 οὐσίαν,
1187 1984 1244 2010 ἀλλ’
1258 1984 1319 2019 ὄψιν
1331 1985 1392 2012 τινὰ
1412 1986 1444 2020 τῇ
1457 1985 1539 2011 αὑτοῦ
1556 1985 1669 2020 δυνάμει
1685 1985 1849 2020 συμὸαίνου-

1064 2039 1125 2057 σαν.
1145 2031 1222 2057 Μετὰ
1246 2031 1273 2057 δὲ
1299 2031 1349 2066 τὴν
1369 2032 1527 2064 ἀνάστασιν,
1557 2032 1675 2063 ἅπαντες
1697 2032 1782 2068 αὐτὴν
1803 2032 1848 2059 τοῦ

1063 2075 1158 2111 κριτοῦ
1175 2076 1224 2111 τὴν
1241 2076 1382 2111 ὁρωμένην
1405 2076 1516 2111 ὄψονται
1532 2077 1623 2111 φύσιν.

1099 2121 1198 2148 ΕΡΑΝ.
1220 2122 1417 2157 ’Υποσχόμενος
1431 2122 1507 2157 λόγον
1526 2123 1562 2159 μὴ
1578 2123 1666 2158 λέγειν
1680 2124 1847 2159 ἀμάρτυρον,

1027 2160 1049 2187 D
1063 2167 1208 2202 λογισμοὺς
1222 2169 1286 2203 ἡμῖν
1302 2169 1418 2201 οἰκείους
1432 2171 1604 2206 προσφέρεις.

1098 2213 1174 2240 ΟΡΘ.
1200 2212 1269 2246 Ἐγὼ
1283 2214 1370 2240 ταῦτα
1388 2215 1463 2250 παρὰ
1477 2216 1526 2250 τῆς
1539 2215 1614 2247 θείας
1631 2216 1772 2251 ἐδιδάχθην
1784 2217 1846 2251 Γρα-

1063 2259 1124 2292 φῆς.
1141 2258 1263 2284 Ἤκουσα
1276 2259 1330 2294 γὰρ
1343 2260 1477 2295 Ζαχαρίου
1493 2261 1540 2288 τοῦ
1561 2263 1699 2297 προφήτου
1716 2262 1845 2296 λέγοντος·

1065 2312 1074 2328 ι
1095 2303 1225 2337 Ὄψονται
1241 2304 1281 2336 εἰς
1292 2304 1320 2331 ὃν
1336 2304 1525 2341 ἐξεκέντησαν.
1548 2316 1556 2332 ι
1578 2308 1640 2339 Πῶς
1651 2308 1678 2333 δὲ
1691 2308 1784 2341 ἕψεται
1800 2308 1846 2343 τῆς

1062 2348 1231 2383 προφητείας
1252 2349 1282 2375 τὸ
1300 2349 1386 2382 τέλος,
1404 2350 1458 2377 τῶν
1471 2351 1680 2386 ὲσταυρωκότων
1696 2352 1733 2387 μὴ
1750 2360 1844 2387 γνωρι-

1064 2392 1163 2425 ζόντων
1184 2394 1217 2430 ἢν
1234 2394 1410 2430 ἐσταύρωσαν
1424 2396 1524 2430 φύσιν;
1545 2397 1668 2423 Ἤκουσα
1693 2398 1722 2423 δὲ
1743 2397 1787 2423 καὶ
1801 2397 1845 2423 τοῦ

1064 2439 1210 2476 νικηφόρου
1231 2441 1367 2475 Στεφάνου
1391 2442 1515 2477 βοῶντος·
1544 2452 1554 2468 ‹
1582 2443 1648 2470 Ὶδοὺ
1671 2443 1766 2479 θεωρῶ
1787 2444 1844 2475 τοὺς

1063 2485 1197 2520 οὐρανοὺς
1218 2486 1418 2522 ἀνεῳγμένους,
1437 2489 1483 2514 καὶ
1499 2489 1544 2515 τὸν
1562 2489 1626 2516 Υἱὺν
1641 2489 1687 2516 τοῦ
1705 2489 1844 2524 ἀνθρώπου

1063 2531 1197 2567 ἑστηκότα
1223 2533 1255 2560 ἐκ
1280 2533 1375 2566 δεξιῶν
1402 2534 1458 2569 (54)
1481 2535 1526 2561 τοῦ
1547 2536 1625 2563 Θεοῦ.
1647 2546 1655 2561 ι
1676 2534 1736 2563 Εἷδε
1756 2536 1843 2571 δὲτὴν

1063 2577 1217 2614 ὁρωμένην,
1234 2579 1264 2605 ού
1277 2579 1326 2614 τὴν
1340 2580 1455 2615 ἀόρατον
1471 2580 1561 2615 φύσιν.

256 2636 352 2685 ξιιῇοι.
368 2637 535 2685 ,ηνηᾉὸίίς
625 2646 644 2672 ι,
661 2639 704 2667 Η.
739 2641 762 2656 ⁵⁵
772 2640 867 2669 Matth.
879 2651 950 2676 xxvt,
968 2643 1011 2671 64.

1074 2646 1081 2662 ¹
1094 2646 1190 2674 Matth.
1206 2655 1267 2680 xxv,
1280 2647 1374 2675 31-33.
1419 2648 1451 2664 ""
1462 2649 1513 2675 lsa.
1527 2657 1563 2681 vi,
1584 2649 1594 2676 ί
1609 2657 1685 2685 seqq.
1729 2650 1751 2666 ⁸⁵
1765 2650 1841 2678 Zach.

224 2672 328 2703 1H,“).
368 2671 389 2687 '"
407 2672 466 2699 Act.
487 2681 534 2705 vn,
547 2674 591 2700 56.

260 2727 317 2765 (fit)
337 2725 371 2765 Ὠ
386 2729 462 2761 Θεός.
482 2731 521 2757 Ex
538 2739 611 2760 vers.
630 2732 665 2759 30
680 2732 801 2761 additur.

339 2764 386 2805 Ἐκ
402 2774 426 2792 ν.
443 2766 504 2792 αὐτ.
523 2767 669 2805 Proautbv
686 2769 718 2795 ὲκ
735 2770 850 2805 νεκρῶν.

261 2799 318 2834 (53)
343 2799 429 2835 Ἑρχ..
443 2809 470 2827 κ.
487 2809 512 2828 τ.
525 2801 549 2828 λ.
565 2802 669 2830 Omissa
686 2809 749 2832 sunt
763 2799 823 2840 quae
839 2806 857 2833 Ι.
871 2813 894 2834 c.
909 2814 1010 2842 praece-

1066 2738 1315 2777 duntlggeﬁuevov
1323 2741 1364 2777 ἐκ
1373 2740 1468 2773 δεξιῶν
1482 2742 1530 2776 τῆς
1543 2742 1697 2777 δυνάμεως.

1101 2774 1157 2810 (54)
1165 2774 1238 2801 Ἑστ.
1249 2776 1280 2802 ὲκ
1289 2775 1343 2808 δεξ.
1357 2776 1474 2811 Recepta
1486 2774 1577 2810 lectio,
1591 2774 1621 2803 ὲκ
1629 2777 1723 2809 δεξιῶν
1731 2778 1842 2805 ἑστῶτα.
