1953 3055
139 113 194 145 1-35
672 111 860 142 DIALOGUS
882 110 910 140 II

1013 111 1245 142 NCONFUSUS.
1729 116 1780 149 166

176 167 280 194 ΕΡΛΝ.
307 167 401 194 Ταῦτα
433 167 481 202 μὲν
511 165 584 193 οὕτω
610 167 776 203 γέγραπται.
810 167 889 193 ’Λλλὰ
908 166 938 192 τὺ

1026 167 1129 195 ERAN.
1146 168 1209 196 Ilaec
1222 168 1332 203 quidem
1347 168 1387 196 sic
1400 168 1502 204 scripta
1518 173 1582 196 sunt
1597 179 1602 196 :
1617 170 1663 197 sed
1682 179 1781 208 corpus

139 214 234 249 σῶμα,
257 213 325 248 μετὰ
344 213 394 248 τὴν
422 213 461 244 είς
477 213 608 247 οὐρανοὺς
623 212 767 248 ἀνάληψιν,
788 213 839 239 οὐκ
860 210 908 247 οἷμ

1006 214 1251 241 ostaseensionem
1273 215 1301 241 in
1320 215 1404 242 etelos
1424 223 1480 242 non
1503 219 1572 250 puto
1586 216 1777 246 demonstrare

140 267 170 285 σε
190 259 290 291 δείξειν
316 259 369 285 ὑπὸ
386 259 442 285 τῶν
470 259 704 294 πνευματοφόρων
722 259 827 294 ἀνδρῶν
853 267 911 294 προη

1009 266 1016 285 ξ
1034 266 1114 293 posse
1129 266 1229 294 corpus
1243 268 1258 286 a
1274 259 1340 287 viris
1357 259 1461 295 Spiritu
1479 265 1575 288 sancto
1596 261 1695 289 alllatis
1720 270 1780 290 esse

138 305 340 340 αγορευόμενον
355 305 446 339 σῶμα.

397 313 446 339 μα.
990 305 1166 339 appellatum.

174 351 382 378 οΡΘ.Μάλιστα
391 351 441 384 μὲν
454 350 501 378 καὶ
510 351 545 377 τὰ
557 351 745 387 προειρημένα
757 350 804 377 τοῦ
814 351 938 386 σώματος

1026 350 1100 386 124
1128 350 1234 378 ORTll.
1250 351 1366 380 Abunde
1386 352 1497 387 quidem
1515 352 1558 379 vel
1579 360 1611 380 ea
1631 362 1692 388 quae
1707 354 1781 382 dicta

138 394 259 428 ὑπάρχει
271 394 410 428 δηλωτικά
424 403 430 409 ·
450 395 480 420 τὸ
495 395 549 430 γὰρ
563 395 713 430 ὁρώμενον,
737 395 819 431 σῶμα
831 405 838 411 ·
858 396 909 428 δείξ

1007 401 1054 423 unt
1074 405 1175 432 corpus
1189 398 1379 426 demonstrant
1398 408 1405 432 ;
1423 399 1495 434 quod
1509 399 1581 427 enim
1598 401 1778 436 conspicitur,

137 439 167 465 δὲ
187 440 273 474 ὅμως,
295 441 342 466 καὶ
367 439 437 475 μετὰ
456 440 505 476 τὴν
525 440 658 476 ἀνάληψιν
670 441 749 476 σῶμα
771 442 908 477 καλούμεν

1010 449 1089 477 orpus
1101 447 1143 469 est
1157 452 1163 469 :
1181 443 1323 471 ostendam
1338 448 1427 471 tamen
1445 448 1508 479 post
1520 445 1709 472 ascensionem
1722 454 1781 474 eor-

136 484 186 511 τοῦ
203 486 341 512 Δεσπότου
360 485 390 512 τὺ
409 485 498 521 σῶμα.
518 486 652 513 ’Ἄκουσον
670 487 761 513 τοίνυν
782 486 829 513 τοῦ
856 487 907 513 Ἀπ

1010 495 1041 515 us
1067 488 1176 515 Domini
1204 497 1304 523 corpus
1330 497 1391 516 esse
1414 490 1591 524 appellatum.
1617 491 1689 518 Audi
1715 494 1781 527 ergo

138 531 235 558 στόλου
256 531 438 563 διδάσκοντος
457 541 466 557 ι
495 532 589 567 Ἡμῶν
606 532 661 566 γὰρ
681 532 711 559 τδ
732 532 885 568 πολίτευμα

1007 534 1149 568 .postolnm
1168 533 1312 561 docentem
1330 543 1335 560 :
1356 544 1364 560 ι
1381 535 1479 562 Nostra
1493 536 1578 568 enim,
1599 537 1697 572 inquit,
1713 546 1778 566 con-

138 577 266 613 οὐρανοῖς
286 577 414 613 ὑπάρχει,
433 576 463 609 ὲξ
486 574 517 604 οὗ
528 579 574 605 καὶ
589 578 705 614 Σωτῆρα
728 579 909 614 ἀπεκδεχόμεί

1007 579 1109 606 ersatio
1124 579 1150 606 in
1163 580 1240 607 caelis
1254 584 1306 612 est,
1322 580 1395 607 unde
1404 585 1431 607 et
1449 581 1623 610 Servalorem
1635 590 1778 619 exspecta-

136 623 242 658 Κύριον
262 623 365 659 Ἰησοῦν
380 623 450 659 (55),
463 623 493 656 ὃς
510 625 745 659 μετασχηματίσει
757 625 786 651 τὸ
798 625 878 660 σῶμα
888 634 907 651 τ

1009 632 1051 651 IUS
1072 625 1219 651 Dominum
1247 625 1352 657 Jesum,
1376 625 1422 660 qui
1445 625 1652 654 transformabit
1679 636 1780 664 corpus

135 668 331 700 ταπεινώσεως
346 669 437 704 ἡμῶν,
450 670 490 700 εἰς
505 669 536 695 τὸ
550 670 678 703 γενέσθαι
694 670 760 697 αὐτὸ
776 670 906 706 σύμμορίρ

1011 670 1154 697 untilitatis
1170 675 1280 704 nostrm,
1299 677 1330 698 ut
1345 671 1391 698 ﬁat
1404 672 1544 698 conformo
1561 673 1669 707 corpori
1687 674 1780 709 gloria:

136 713 186 740 τοῦ
208 713 334 749 σώματος
351 714 405 750 (56)
417 716 467 750 τῆς
486 715 566 750 δόξης
591 716 685 743 αὐτοῦ.
701 726 710 741 ι
729 717 766 743 Οὐ
783 717 872 744 τοίνυν
897 727 907 744 ε

1008 715 1078 743 )sius
1087 716 1120 742 ⁵⁸.
1137 725 1145 741 ι
1165 716 1223 743 Non
1238 720 1281 744 est
1301 725 1367 752 ergo
1388 722 1523 744 mutatum
1545 717 1573 744 in
1596 718 1678 745 aliam
1699 723 1779 746 natu-

136 760 237 796 ἑτέραν
254 761 455 796 μεταϐέϐληται
481 762 573 796 φύσιν,
589 762 656 789 ἀλλὰ
676 763 815 799 μεμένηκε
842 763 904 799 σῶμ

1008 769 1047 788 am
1061 771 1068 794 ;
1083 762 1130 789 sed
1146 763 1246 789 mansit
1267 771 1377 798 corpus,
1392 763 1485 791 divina
1506 764 1593 799 gloria
1613 764 1736 799 plenum,
1751 769 1779 792 et

136 806 214 838 θείας
227 807 319 842 μέντοι
334 807 413 843 δόξης
425 807 653 843 πεπληρωμένον,
667 810 713 835 καὶ
725 809 814 843 φωτὸς
826 810 907 844 πέμπε

1007 807 1059 835 icis
1075 808 1168 835 radios
1178 808 1308 836 emittens
1319 829 1325 841 ,
1343 809 1387 836 cui
1401 809 1553 836 coniormia
1574 809 1640 837 ﬁent
1663 819 1778 846 corpora

135 853 262 884 ἀκτῖνας·
280 854 377 888 ἐκείνῳ
398 855 434 880 τὰ
456 854 511 880 τῶν
534 855 620 889 ἁγίων
648 855 762 890 σώματα
786 857 906 891 γενήσετη

1006 858 1154 881 motorum.
1173 854 1251 888 Quod
1270 855 1292 881 si
1311 863 1378 882 vero
1404 855 1470 883 illud
1491 855 1519 883 in
1545 856 1626 883 aliam
1652 862 1777 884 naturam

136 898 301 935 σύμμορφα.
314 901 346 926 Et
365 900 394 927 δὲ
408 901 447 932 είς
463 901 561 937 ἑτέραν
574 902 663 928 ἐκεῖνο
675 903 829 939 μετεϐλήθη
841 904 905 938 φύσι

1004 904 1121 926 tutatum
1149 904 1208 931 est,
1238 904 1265 927 et
1292 900 1390 927 horutn
1415 901 1543 928 similiter
1575 901 1775 929 mutabuntur:

133 946 184 972 καὶ
194 945 230 972 τὰ
243 946 347 974 τούτων
361 947 494 978 ὡσαύτως
512 947 761 983 μεταϐληοήσεται.
778 949 904 985 Σύμμορς

1007 947 1067 971 runt
1079 944 1154 971 enim
1169 945 1208 971 illi
1225 945 1388 973 conformia.
1412 946 1439 973 Si
1454 954 1521 974 vero
1538 955 1653 982 corpora
1670 953 1778 975 saneto-

134 991 191 1026 γὰρ
201 990 299 1026 ἐκείνῳ
314 992 472 1026 γενήσεται.
486 993 517 1018 Et
533 992 562 1018 δὲ
579 992 613 1019 τὰ
630 993 685 1020 τῶν
702 993 788 1027 ἁγίων
803 995 905 1028 φυλάττ

1007 997 1046 1016 nn
1063 994 1170 1017 naturae
1186 990 1304 1017 formam
1321 991 1461 1024 retinent,
1482 1000 1583 1027 corpus
1597 1001 1707 1028 quoque
1724 995 1778 1022 Do-

134 1035 183 1063 τδν
198 1037 363 1073 χαρακτῆρα
377 1038 425 1072 τῆς
443 1037 562 1072 φύσεως,
580 1039 627 1065 καὶ
643 1039 674 1066 τὸ
695 1040 860 1067 Δεσποτικὺν
878 1041 905 1077 ἄ(

1006 1035 1137 1063 tinicum‘
1164 1036 1293 1064 similiter
1317 1038 1455 1073 propriam
1486 1038 1669 1066 substantiam
1696 1040 1777 1069 habet

133 1080 267 1113 ὡσαύτως
281 1081 330 1117 τὴν
344 1083 448 1109 οἰκείαν
462 1083 557 1110 οὐσίαν
572 1084 761 1119 ἀμετάϐλητον
779 1085 845 1121 ἔχει.

424 1091 448 1109 ιν
462 1083 557 1110 οὐσίαν
572 1084 761 1119 ἀμετάϐλητον
779 1085 845 1121 ἔχει.
984 1081 1195 1109 immutabilem.

172 1127 277 1153 EPAN.
297 1128 358 1154 Ἴυα
377 1128 468 1154 τοίνυν
485 1129 562 1156 ἔσται
579 1128 618 1164 τῷ
643 1130 802 1166 Δεσποτικῷ
826 1131 933 1167 σώματι

1019 1127 1123 1155 ERAN.
1141 1128 1267 1163 Equalia
1293 1129 1377 1164 igitur
1398 1129 1508 1164 corpori
1530 1130 1675 1158 Dominico
1693 1136 1776 1160 erunt

135 1171 190 1199 τῶν
210 1173 296 1207 ἁγίων
310 1173 345 1200 τὰ
359 1173 473 1209 σώματα
485 1183 492 1208 ;

984 1180 1100 1207 corpora
1112 1177 1270 1200 sanctorum
1282 1174 1292 1200 ?

171 1219 249 1246 0P8.
277 1220 334 1255 Τῆς
363 1220 412 1254 μὲν
437 1220 604 1256 ἀφθαρσίας,
631 1222 677 1248 καὶ
703 1222 795 1257 μέντοι
817 1224 933 1259 καὶτῆς

1019 1218 1125 1245 ORTH.
1145 1218 1418 1254 [incorruptibilitatis
1436 1227 1501 1247 sane
1519 1225 1547 1248 et
1562 1220 1777 1249 immortalitatis

135 1263 287 1295 ἀθανασίας
305 1264 413 1299 μεθέξει
439 1265 487 1291 καὶ
513 1265 610 1292 ταῦτα.
639 1267 805 1303 Κοινωνήσει
834 1268 862 1294 δὲ
886 1277 903 1296 κ

1006 1264 1131 1298 articipes
1152 1269 1243 1292 erunt.
1266 1265 1295 1291 ln
1324 1265 1546 1293 communionem
1575 1267 1657 1293 etiam
1683 1268 1777 1302 gloria:

135 1310 186 1344 τῆς
202 1310 293 1345 δόξης,
310 1310 380 1337 καθὰ
395 1319 477 1346 φησιν
492 1312 506 1337 ὁ
531 1311 702 1344 ’Δπόστολος-
726 1323 735 1339 ι
759 1313 846 1350 Εἴπερ
862 1323 906 1350 συί

1005 1310 1105 1342 enicnt,
1122 1310 1194 1337 sicut
1214 1310 1254 1337 ait
1271 1310 1439 1345 Apostolus:
1460 1321 1468 1336 ι
1485 1311 1513 1338 Si
1528 1312 1640 1346 quidem
1665 1320 1727 1339 cum
1743 1321 1776 1340 eo

136 1356 291 1392 πάσχομεν,
318 1356 361 1384 ἵνα
387 1358 434 1383 καὶ
457 1356 690 1393 συνδοξασθῶμεν.
712 1368 721 1384 ι
747 1359 790 1386 Ἐν
808 1360 836 1387 δέ
855 1369 907 1395 γεπ

1004 1356 1114 1388 alimur,
1128 1359 1158 1382 ut
1175 1356 1258 1383 etiam
1275 1363 1330 1383 una
1343 1356 1530 1391 gloriﬁcemur
1541 1358 1574 1384 ⁸⁵³.
1596 1368 1605 1383 ι
1622 1359 1652 1386 In
1665 1360 1775 1394 quanti-

135 1403 269 1438 ποσότητι
287 1402 355 1428 πολὺ
374 1403 405 1429 τὸ
420 1402 550 1438 διάφορον
566 1402 640 1429 ἐστιν
652 1404 751 1439 εὑρεῖν,
770 1406 817 1432 καὶ
836 1406 906 1432 τοσοὲ

1006 1407 1038 1430 ite
1051 1406 1142 1429 autem
1161 1402 1258 1437 ingens
1271 1406 1312 1429 est
1330 1402 1497 1435 discrimen,
1518 1411 1550 1430 ac
1569 1408 1676 1431 tantum
1691 1413 1777 1440 quan-

134 1455 191 1479 τον,
207 1447 270 1474 ὅσον
292 1447 369 1483 ἡλίου
392 1448 462 1483 πρὸς
487 1447 619 1483 ἀστέρας,
635 1449 736 1483 μᾶλλον
758 1450 786 1477 δὲ
807 1451 869 1477 ὅσον
887 1452 905 1478 5:

1006 1456 1041 1475 un
1053 1452 1095 1475 est
1109 1448 1180 1475 inter
1203 1448 1289 1475 solem
1308 1453 1336 1475 et
1350 1448 1455 1481 stellas,
1471 1450 1514 1476 vel
1529 1451 1621 1484 potius
1637 1451 1709 1477 inter
1728 1451 1777 1478 do-

134 1495 236 1521 σπότον
255 1495 324 1530 πρὸς
337 1495 457 1528 δούλους,
485 1496 533 1523 καὶ
560 1497 607 1524 τοῦ
630 1497 795 1532 φωτίζοντος
819 1499 905 1533 πρὺςι

1005 1494 1089 1520 tinum
1109 1498 1136 1520 et
1154 1501 1258 1525 servos,
1269 1497 1297 1520 et
1317 1494 1389 1520 inter
1404 1494 1606 1522 illuminantcm
1623 1499 1651 1522 et
1675 1496 1776 1523 illumi-

134 1538 330 1575 φωτιζόμενον.
352 1539 528 1567 Μεταδέδωκε
548 1540 576 1568 δὲ
589 1541 663 1576 ὅμως
682 1541 735 1567 τῶν
749 1541 857 1567 οἰκείων
871 1541 905 1567 ὀνε

1003 1543 1087 1566 atum.
1101 1539 1156 1567 Sua
1171 1543 1262 1566 tamen
1278 1540 1390 1567 nomina
1407 1540 1495 1567 servis
1503 1548 1612 1576 quoque
1630 1541 1774 1576 impertiit,

136 1587 231 1621 μάτων
245 1587 303 1617 τοῖς
316 1586 429 1619 δούλοις,
451 1587 498 1613 καὶ
513 1588 570 1622 φῶς
589 1588 768 1622 καλούμενος,
790 1587 847 1622 φῶς
868 1588 907 1614 τοί

1003 1586 1067 1621 ι(ιυί
1089 1586 1137 1613 lux
1157 1586 1329 1621 appellatur,
1355 1586 1446 1613 lucem
1474 1590 1584 1614 sanctos
1618 1587 1774 1621 appellavit.

136 1633 232 1666 ἁγίους
253 1633 392 1659 ἐκάλεσεν·
409 1643 418 1659 ι
430 1633 524 1668 Ὑμεῖς
539 1634 602 1669 γὰρ,
628 1635 719 1668 φησὶν,
742 1634 804 1660 ἐστὲ
823 1634 854 1660 τὸ
873 1633 907 1668 φᾶ

1014 1632 1068 1660 Vos
1083 1632 1168 1664 enim,
1183 1631 1283 1666 inquit,
1301 1631 1369 1659 estis
1382 1632 1428 1658 lux
1441 1632 1535 1658 mundi
1550 1632 1582 1659 “°.
1603 1641 1612 1658 )
1630 1632 1663 1659 Et
1675 1633 1720 1667 qui
1735 1633 1773 1660 sol

135 1679 185 1705 τοῦ
200 1679 316 1714 κόσμου.
337 1688 346 1704 ι
363 1679 418 1706 Καὶ
429 1679 505 1714 ἥλιος
526 1679 699 1715 δικαιοσύνης
718 1679 903 1715 ὀνομαζόμενο

1003 1678 1093 1704 nstitia:
1102 1677 1262 1704 nominatur
1273 1677 1305 1709 ει,
1319 1677 1353 1704 de
1367 1677 1455 1704 servis
1466 1677 1553 1704 dicit:
1574 1687 1582 1703 ι
1603 1678 1680 1705 Tunc
1696 1677 1774 1713 125

136 1724 203 1759 περὶ
220 1723 275 1750 τῶν
301 1723 402 1751 δούλων
415 1725 491 1760 φησί·
513 1734 522 1750 ι
550 1725 616 1751 Τότε
634 1725 822 1760 ἐκλάμψουσιν
841 1726 866 1752 οι
889 1725 907 1752 δι

1003 1722 1204 1758 ilgebuntjnsti
1218 1721 1289 1749 sicut
1305 1722 1347 1749 sol
1358 1722 1390 1749 ".
1411 1731 1420 1747 ι
1442 1721 1603 1750 Secundum
1614 1723 1774 1757 qualitatem

134 1777 210 1796 καίοι
225 1770 264 1800 ὡς
277 1770 292 1796 ὸ
312 1769 398 1804 ἣλιος.
422 1779 431 1795 ›
446 1771 524 1797 Κατὰ
538 1770 569 1796 τὸ
590 1771 666 1797 ποιὶν
689 1771 788 1803 τοίνυν,
805 1771 836 1797 οὺ
859 1780 905 1798 κατ

1003 1776 1056 1804 rgo,
1074 1776 1130 1794 non
1145 1767 1298 1794 secundum
1311 1767 1505 1802 quantitatem,
1521 1768 1673 1795 conformia
1690 1775 1774 1796 erunt

134 1816 166 1841 τὺ
180 1815 277 1848 ποσὸν,
307 1816 457 1851 σύμμορφα
485 1815 562 1842 ἔσται
589 1816 627 1852 τῷ
646 1817 805 1852 Δεσποτικῷ
821 1817 905 1852 σῶμα·

1002 1814 1089 1850 προιὶ
1112 1814 1257 1841 Dominico
1291 1821 1407 1848 corpora
1427 1818 1596 1840 sanctorum.
1629 1815 1699 1842 Ecce
1724 1815 1773 1842 tibi

133 1860 189 1888 τῶν
210 1861 296 1895 ἁγίων
310 1861 344 1888 τὰ
360 1862 485 1897 σώματα.
509 1862 575 1888 Ἰδού
605 1871 644 1889 σοι
662 1863 813 1899 διαρρήδην
830 1863 904 1896 taste

1002 1865 1074 1896 perte
1085 1859 1257 1887 ostendimus
1272 1858 1345 1894 quod
1357 1866 1372 1886 a
1387 1858 1467 1885 nobis
1486 1859 1643 1893 postulasti.
1657 1860 1735 1893 Quod
1751 1861 1773 1887 si

135 1915 187 1941 μεν
212 1907 282 1942 ὅπερ
303 1908 377 1943 ἡμᾶς
403 1907 580 1943 ἐπήγγειλας.
600 1908 632 1934 Et
651 1908 679 1934 δέ
707 1917 748 1935 σοι
769 1909 864 1941 δοκεῖ,
883 1918 906 1935 χι

822 1909 843 1935 εἰ
856 1928 864 1941 ,
883 1909 929 1935 καὶ
981 1907 1031 1935 tibi
1047 1906 1168 1939 videtur,
1182 1905 1262 1933 aliter
1275 1905 1358 1932 etiam
1377 1904 1593 1932 consideremus.

134 1952 238 1988 ἑτέρως
255 1952 335 1979 τοῦτο
350 1955 543 1988 σκοπησωμεν.

171 1998 275 2025 ΕΡΑΝ.
292 1999 385 2025 Πάντα
401 1998 441 2024 δεῖ
455 1998 528 2025 λίθον
546 1999 647 2031 κινεῖν,
668 1999 740 2026 κατὰ
762 1998 811 2034 τὴν
832 2007 929 2034 παροι-

1015 1992 1120 2021 ERAN.
1134 1991 1250 2020 Omnem
1264 1991 1394 2019 convenit
1417 1991 1535 2026 lapidem
1553 1999 1675 2024 movere,
1700 1993 1776 2026 quod:

136 2046 212 2081 μίαν,
232 2045 303 2071 ὣστε
323 2045 355 2071 τὸ
371 2044 471 2076 ἀληθὲς
488 2045 621 2080 ἐξευρεῖν,
635 2044 684 2079 οὐχ
694 2045 794 2080 ἥκιστα
804 2045 833 2072 δὲ
850 2045 905 2072 θείιι

1004 2044 1023 2067 ιι
1043 2040 1071 2066 in
1086 2038 1246 2074 proverbio,
1275 2042 1305 2065 ut
1329 2036 1432 2064 veritas
1457 2037 1635 2064 inveniatur:
1655 2037 1775 2065 maxime

136 2091 331 2127 προκειμένων
346 2090 496 2126 δογμάτων.

979 2093 1044 2113 vero
1061 2093 1123 2112 cum
1136 2084 1169 2111 de
1180 2083 1282 2111 divinis
1297 2082 1473 2117 dogmatibus
1481 2087 1524 2110 est
1540 2083 1654 2118 quaestio

171 2137 248 2164 0P0.
270 2136 339 2163 Εἰπὲ
350 2138 451 2168 τοίνυν,
469 2136 503 2163 τὰ
521 2136 639 2172 μυστικὰ
653 2136 776 2172 σύμϐολα
787 2136 863 2172 παρὰ
874 2138 928 2164 τῶν

1012 2131 1117 2159 ORTH.
1134 2131 1184 2158 Die
1194 2137 1270 2165 ergo,
1282 2129 1398 2164 mystica
1410 2128 1543 2165 symbola,
1561 2137 1622 2164 quae
1636 2129 1693 2156 Deo
1703 2137 1718 2156 a
1731 2137 1774 2156 sa—

139 2183 298 2219 ῐερωμένων
313 2183 351 2218 τῷ
370 2182 430 2218 Θεῷ
443 2183 669 2219 προσφερόμενα,
688 2183 769 2210 τίνων
783 2183 842 2210 ἐστὶ
860 2183 910 2219 σύμ

1003 2177 1141 2205 ξιᾱοιίὴυε
1152 2176 1317 2208 oﬂ‘eruntur,
1326 2182 1444 2210 quarum
1456 2182 1548 2202 rerum
1561 2179 1625 2203 sunt
1635 2175 1774 2212 symbola!

134 2231 201 2257 δολα
211 2239 218 2263 ;

171 2277 274 2304 EPAN.
291 2277 345 2303 Τοῦ
364 2276 531 2303 Δεσποτικοῦ
548 2276 675 2312 σώματός
697 2285 726 2303 τε
740 2278 787 2303 καὶ
801 2276 925 2312 αἵματος.

841 2285 925 2308 ιατος.
1018 2274 1122 2302 ERAN.
1137 2273 1267 2309 Corporis
1283 2277 1311 2300 et
1325 2272 1466 2308 sanguinis
1477 2273 1612 2300 Dominici

169 2323 247 2350 ΟΡΘ.
263 2323 317 2349 Τοῦ
336 2323 422 2354 ὅντως
437 2322 564 2359 σώματος
579 2323 595 2358 ἢ
608 2323 658 2350 οὐκ
671 2323 771 2355 ὕντως;

1013 2320 1118 2349 ORTH.
1137 2319 1198 2347 Veri
1211 2318 1345 2354 corporis,
1361 2326 1395 2346 an
1406 2326 1462 2345 non
1481 2318 1539 2345 veri
1546 2319 1560 2350 2?

171 2370 274 2396 EPAN.
291 2369 344 2396 Τοῦ
360 2370 454 2401 ὅντως.

437 2379 454 2401 ἶ·
1017 2367 1121 2394 ERAN.
1134 2366 1208 2393 Veri.

169 2416 247 2443 ΟΡΘ.
266 2417 392 2451 ’Δριττα-
410 2417 463 2452 χρὴ
477 2416 532 2452 γὰρ
549 2414 619 2443 εἶναι
638 2416 669 2442 τὸ
687 2416 736 2451 τῆς
753 2416 856 2448 είκόνος
875 2416 926 2452 ἀρ-

1016 2412 1120 2440 ΟιιΤιι.
1138 2410 1257 2446 Optime.
1279 2410 1394 2446 Oportet
1415 2410 1490 2438 enim
1513 2409 1639 2445 imaginis
1663 2417 1772 2439 exstare

131 2461 262 2496 χέτυπον.
278 2461 334 2488 Καὶ
348 2461 401 2496 γὰρ
409 2463 433 2488 οἱ
447 2461 588 2498 ζωγράφοι
600 2461 649 2497 τὴν
669 2461 750 2496 φύσιν
766 2461 902 2496 μιμοῦνται

1000 2460 1170 2495 rchetypum.
1185 2459 1253 2486 Nam
1264 2463 1292 2486 et
1303 2458 1425 2493 pictores
1436 2461 1561 2485 naturam
1578 2457 1731 2492 imitantur,
1744 2465 1771 2487 et

133 2507 250 2534 καὶτῶν
263 2508 410 2542 ὁρωμένων
426 2509 562 2544 γράφουσι
578 2508 627 2540 τὰς
645 2509 760 2540 εἰκόνας.

980 2512 1075 2533 eorum
1095 2512 1156 2539 qua:
1171 2503 1379 2539 conspiciuntur
1395 2503 1512 2538 pingunt
1524 2502 1665 2538 imagines.

170 2552 271 2578 EPAN.
295 2552 416 2588 Ἀληθές.

1014 2550 1118 2578 ERAN.
1139 2550 1241 2577 Verum
1255 2554 1306 2577 est.

169 2597 246 2624 οΡΘ.
269 2598 299 2624 Εἰ
311 2598 400 2625 τοίνυν
413 2598 460 2625 τοῦ
474 2598 559 2631 ὅντως
576 2598 703 2634 σώματος
719 2599 852 2628 ἀντίτυπά
867 2601 924 2627 tm

1015 2596 1120 2624 ORTll.
1145 2595 1173 2623 Si
1188 2596 1272 2632 igitur
1283 2603 1380 2623 verum
1395 2603 1496 2630 corpus
1516 2600 1714 2631 repraesentant
1729 2596 1770 2623 di-

133 2642 169 2669 τὰ
186 2642 246 2669 θεῖα
263 2644 409 2679 μυστήρια,
430 2643 508 2680 σῶμα
522 2645 576 2679 ἄρα
596 2645 653 2670 ἐστὶ
675 2645 722 2670 καὶ
739 2645 786 2671 νῦν
807 2643 855 2671 τοῦ
879 2645 904 2670 At

1000 2643 1044 2669 ina
1065 2641 1205 2676 mysteria,
1226 2649 1326 2676 corpus
1341 2647 1407 2675 ergo
1431 2639 1542 2668 Domini
1563 2649 1637 2668 nunc
1661 2649 1770 2677 quoque

167 2732 191 2750 ³⁸
204 2733 322 2769 Philipp.
337 2742 375 2766 nl,
390 2734 434 2767 20,
450 2735 495 2762 21.
531 2735 554 2752 ¹⁹
568 2735 647 2763 Rom.
670 2743 726 2767 vni,
749 2735 791 2762 Π.
815 2734 836 2749 ⁸⁵
854 2734 937 2762 Matth

854 2734 949 2762 Matth.
964 2742 990 2766 v,
1003 2734 1046 2761 M.
1066 2733 1087 2748 “
1099 2732 1214 2762 Malaeh.
1231 2741 1267 2766 tv,
1283 2732 1309 2759 2.
1347 2733 1369 2748 ⁸³
1384 2732 1480 2760 Matth.
1502 2741 1559 2765 xm,
1576 2732 1620 2760 45.

172 2818 229 2854 (55)
256 2819 320 2854 Ὶηο.
339 2818 419 2846 Deest
431 2818 557 2854 Χριστόν.

1016 2814 1071 2849 (50)
1086 2815 1118 2841 Τ.
1138 2815 1209 2850 σώμ.
1227 2815 1299 2843 Loco
1313 2815 1359 2842 cit.
1381 2819 1422 2843 est
1436 2814 1475 2850 τῷ
1490 2814 1606 2850 σώματι.
