1953 3055
175 87 224 119 167
670 85 911 116 TIIEODORETI
932 85 1100 116 EPISCOPI
1119 86 1300 117 CYRENSIS
1750 84 1811 117 158

173 152 274 180 corpus
287 148 345 177 est,
369 152 424 171 non
440 144 470 176 _in
486 143 637 170 divinitatis
661 147 788 170 naturain
811 147 944 169 mutatum

1038 143 1112 169 τότου
1132 143 1162 169 τὺ
1180 143 1270 178 σῶμα,
1285 143 1336 169 οὐκ
1358 142 1397 173 εἰς
1420 142 1546 178 θεότητος
1569 143 1650 178 φύσιν
1664 144 1809 180 μεταϐλη-

174 191 221 218 sed
235 190 328 217 divina
345 189 431 224 gloria
448 189 595 223 repletum.

1019 188 1075 220 θὲν,
1091 189 1159 214 ἀλλὰ
1172 189 1245 220 θείας
1256 188 1335 224 δόξης
1352 188 1534 223 ἀναπλησθέν.

211 235 314 263 ERAN.
338 235 496 270 Opportune
522 234 553 261 de
570 233 672 261 divinis
694 233 833 269 mysteriis
850 233 966 260 intulisti

1053 234 1155 262 EPAN.
1170 235 1216 266 Εἰς
1233 234 1328 270 καιρὸν
1340 233 1386 261 τδν
1400 234 1463 269 περὶ
1479 234 1532 260 τῶν
1551 234 1630 261 θείων
1648 235 1811 270 μυστηρίων

175 288 342 309 sermonem.
356 280 423 306 Nam
439 279 503 306 inde
519 279 568 306 tibi
583 279 726 306 ostendam
744 286 846 314 corpus
859 279 946 305 Domit

1039 280 1147 316 ιίνησας
1158 280 1247 314 λόγον·
1265 279 1390 306 ἐντεῦθέν
1410 288 1452 306 σοι
1465 279 1519 316 γὰρ
1534 279 1613 312 δείξω
1632 279 1679 306 τοῦ
1702 281 1810 306 Δεσπο-

176 326 203 353 in
215 327 296 353 aliam
309 325 410 352 mutari
424 328 561 352 naturam.
578 323 724 359 Responde
738 323 822 359 igitur
839 323 872 350 ad
893 331 947 350 mea

1040 327 1094 354 ικοῦ
1123 327 1248 362 σώματος
1273 327 1323 362 τὴν
1349 327 1389 358 είς
1411 327 1508 362 ἑτέραν
1535 326 1614 361 φύσιν
1641 326 1811 362 μεταϐολήν.

177 371 418 406 interrogationes.

1025 372 1184 407 Ἀπόκριναι
1201 371 1289 398 τοίνυν
1302 371 1369 406 πρὸς
1382 371 1431 402 τὰς
1451 371 1520 406 ἐμὰς
1536 371 1693 406 ἐρωτήσεις.

209 417 314 443 ORTll.
331 414 527 450 Respondebo.

1054 418 1130 446 ΟΡΘ.
1159 417 1381 454 Ἀποκρινοῦμαι.

209 461 312 489 ERAN.
329 461 381 494 Qui
404 462 524 496 appellas
549 461 652 489 donum
678 461 751 495 quod
769 460 885 488 offertur
904 464 968 488 ante

1053 463 1154 489 EPAN.
1173 462 1205 488 Τί
1225 463 1318 494 καλεῖς
1343 462 1374 488 τὸ
1402 462 1624 497 προσφερόμενον
1646 461 1731 496 δῶρον
1752 460 1812 496 πρὸ

177 507 330 534 sacerdotis
345 506 571 534 invocationem?
803 539 806 542 ἢ

803 539 806 542 ,
1019 507 1067 543 τῆς
1089 507 1228 543 ἱερατικῆς
1244 507 1413 542 ἐπικλήσεως
1425 515 1431 539 ;

210 552 315 580 ORTH.
341 552 442 587 Aperte
471 552 618 579 dicendum
633 553 641 562 '
665 559 720 578 non
737 556 789 583 est,
814 551 968 578 verisimile

1054 553 1130 579 ΟΡΘ.
1143 553 1180 579 Οὐ
1192 553 1244 588 χρὴ
1258 553 1350 588 σαφῶς
1361 554 1458 580 εἰπεῖν·
1474 553 1547 585 aluo;
1557 553 1611 588 γάρ
1628 560 1704 583 τινας
1712 551 1813 586 ἀμυή-

177 602 219 626 est
233 598 308 625 enim
325 597 421 624 adesse
439 597 548 632 aliquos
569 597 709 632 mysteriis
725 605 779 624 non
800 597 932 624 initiatos.

458 597 548 632 liquos
569 597 709 632 mysteriis
725 605 779 624 non
800 597 932 624 initiatos.
1019 607 1080 629 τους
1093 600 1229 634 παρεῖναι.

214 643 294 678 126
305 642 407 669 ERAN.
429 642 638 677 Respondentur
653 642 834 677 aenigmatice.

1054 644 1156 670 EPAN.
1174 644 1387 679 Αίνιγματωδῶς
1409 645 1426 679 ἠ
1440 643 1586 680 ἀπόκρισις
1600 643 1679 670 ἔστω.

213 689 318 716 ORTH.
332 688 429 716 Cibum
441 696 475 715 ex
490 688 591 715 talibus
603 688 765 715 seminibus.

1055 690 1131 717 ΟΡΘ.
1146 691 1201 725 Τὴν
1217 691 1249 717 ὲκ
1265 690 1375 717 τοιῶνδε
1395 690 1560 726 σπερμάτων
1577 690 1688 725 τροφήν.

214 734 318 762 ERAN.
330 734 455 761 Alterum
470 741 535 761 vero
555 734 710 769 symbolum
733 733 871 769 quomodo
887 741 969 761 voca-

1055 736 1157 763 EPAN.
1181 736 1217 763 Τὸ
1232 735 1260 763 δὲ
1280 736 1373 771 ἕτερον
1393 736 1527 772 σύμϐολον
1541 735 1601 768 πῶς
1615 735 1787 770 ὀνομάζομεν
1803 741 1812 766 ;

181 781 262 808 mus?

214 826 319 854 ORTH.
334 825 485 854 Commune
501 829 528 852 et
549 825 601 852 hoc
613 831 713 851 nomen
731 829 790 855 est,
806 825 897 859 poculi
909 832 970 860 spe—

1059 825 1134 853 ΟΡΘ.
1152 825 1248 853 Κοινδν
1261 826 1308 853 καὶ
1321 826 1400 853 τοῦτο
1420 825 1516 861 ὄνομα,
1531 826 1653 861 πόματος
1671 822 1740 856 εἶδος
1761 832 1813 859 ση-

180 873 249 899 ciem
261 872 428 907 signiﬁcans.

356 879 428 899 cans.
1024 872 1127 906 μαῖνον.

218 917 320 944 ERAN.
338 918 403 945 Post
413 916 657 944 sanctiﬁcationem
673 923 749 948 vero,
765 916 903 951 quomodo
914 916 972 943 haec

1057 918 1158 944 EPAN.
1175 917 1248 944 Μετὰ
1260 918 1288 944 δέ
1298 926 1330 953 γε
1343 918 1388 945 τὸν
1399 918 1545 953 ἁγιασμὺν,
1558 917 1616 949 πῶς
1627 916 1713 944 ταῦτα
1725 923 1813 951 προσ-

182 964 323 998 appellas?

1022 963 1163 999 αγορεύεις
1173 972 1179 996 ς

215 1008 320 1036 ORTll.
342 1008 448 1043 Corpus
466 1007 570 1035 Christi
585 1013 613 1036 et
627 1008 788 1043 sanguinem
804 1007 916 1035 Christi.

899 1008 916 1035 i.
1058 1009 1134 1036 ΟΡΘ.
1156 1008 1240 1044 Σῶμα
1253 1007 1383 1044 Χριστοῦ,
1399 1009 1446 1035 καὶ
1456 1006 1525 1044 αἷμα
1542 1007 1670 1042 Χριστοῦ.

217 1054 321 1082 ΕΒΑΝ.
341 1054 375 1081 Ει
390 1054 491 1087 credis,
509 1059 534 1082 te
550 1062 650 1090 corpus
659 1053 760 1082 Christi
772 1059 799 1081 et
811 1054 972 1090 sanguinem

1058 1054 1160 1082 EPAN.
1176 1055 1231 1082 Kal.
1245 1055 1384 1086 πιστεύεις
1400 1063 1432 1089 γε
1448 1054 1572 1089 σώματος
1590 1052 1708 1089 Χριστοῦ
1725 1047 1811 1088 μετα-

183 1101 331 1136 percipere
343 1100 354 1127 ’ἓ

1023 1099 1172 1134 λαμϐάνειν
1185 1100 1232 1126 καὶ
1243 1099 1358 1135 αἵματος
1371 1108 1377 1133 ;

219 1146 325 1174 ORTH.
341 1146 381 1173 Ita
392 1146 485 1173 credo.
946 1157 948 1160 ι

946 1157 948 1160 ί
1060 1146 1136 1173 ΟΡΘ.
1157 1145 1235 1173 Οὕτω
1251 1145 1379 1172 πιστεύω.

220 1192 324 1219 ERAN.
350 1191 426 1218 Sicut
447 1198 512 1226 ergo
525 1191 647 1227 symbola
661 1191 795 1219 Dominici
809 1192 933 1227 corporis
946 1195 974 1218 et

1059 1193 1160 1219 EPAN.
1183 1192 1289 1228 ’Ὥσπερ
1301 1191 1390 1218 τοίνυν
1403 1190 1439 1218 τὰ
1449 1190 1571 1225 σύμϐολα
1580 1190 1627 1216 τοῦ
1644 1187 1811 1216 Δεσπστικοῦ

184 1238 335 1273 sanguinis,
357 1237 409 1264 alia
427 1242 492 1265 sunt
503 1241 567 1265 ante
591 1237 742 1265 sacerdotis
761 1239 955 1265 invocationcn

1043 1238 1151 1274 ὡματός
1159 1247 1190 1265 τε
1205 1238 1252 1265 καὶ
1265 1237 1391 1273 αἵματος,
1402 1237 1470 1264 ἄλλα
1482 1237 1530 1272 μέν
1544 1237 1597 1263 εἱσι
1611 1235 1664 1271 πρὸ
1676 1235 1725 1270 τῆς
1737 1236 1812 1270 ίερα-

184 1287 246 1318 post
264 1283 464 1310 invocationem
476 1291 542 1310 vero
555 1287 708 1316 mutantur,
721 1288 749 1311 et
762 1284 815 1311 alia
831 1283 901 1311 ﬁunt
914 1292 920 1310 :
937 1283 955 1310 it

1044 1284 1103 1319 ικῆς
1118 1284 1297 1320 ἐπικλήσεως,
1316 1283 1384 1319 μετὰ
1398 1282 1427 1309 δὲ
1443 1292 1475 1317 γε
1492 1282 1540 1318 τὴν
1566 1281 1711 1316 ἐπίκλησιν
1731 1289 1811 1316 μετα-

185 1329 356 1355 Dominicum
375 1336 475 1364 corpus
497 1333 560 1364 post
583 1329 772 1357 ascensionem
798 1330 826 1357 in
853 1329 956 1357 divinat

1040 1328 1164 1361 ῖάλλεται,
1190 1328 1237 1355 καὶ
1259 1328 1342 1364 ἕτερα
1361 1327 1474 1362 γίνεται·
1503 1327 1575 1354 οὕτω
1598 1326 1628 1353 τὸ
1648 1326 1811 1352 Δεσποτικὸν

184 1374 365 1402 substantiam
376 1378 512 1402 mutatum
524 1380 576 1402 est.

1038 1375 1107 1410 πῶμα
1124 1375 1192 1410 μετὰ
1205 1375 1256 1411 τὴν
1269 1374 1401 1410 ἀνάληψιν
1426 1375 1466 1406 είς
1480 1374 1530 1410 τὴν
1545 1373 1640 1400 οὐσίαν
1656 1372 1809 1408 μετεϐλήθη

1026 1419 1075 1454 τὴν
1089 1419 1173 1446 Θείαν.
1574 1424 1579 1429 ⁷

218 1461 322 1489 ORTII.
338 1461 453 1488 Retibus
471 1469 531 1496 quae
548 1461 606 1496 ipse
620 1462 731 1489 texuisti
752 1467 847 1498 captus
860 1471 899 1491 es.
923 1464 989 1502 Ne-‘

1064 1466 1138 1493 0P6.
1162 1466 1262 1497 Ἐάλως
1278 1464 1321 1497 αἶς
1336 1465 1437 1502 ὖιρηνες
1453 1465 1509 1501 (5'7)
1525 1465 1650 1501 ἄρκυσιν.
1671 1464 1737 1491 Οὐδὲ
1758 1464 1811 1500 γὰρ

480 1488 488 1496 ι
511 1488 528 1489 η
559 1488 567 1496 .
598 1488 602 1489 ν
702 1488 731 1489 η
757 1488 899 1498 ητν-ε-ν-

185 1515 239 1542 que
258 1507 332 1534 enim
354 1506 477 1541 symbola
508 1506 621 1542 mystica
646 1511 708 1542 post
729 1507 956 1535 sanctiﬁcatione:

1039 1511 1096 1537 ιετὰ
1114 1511 1161 1537 τὸ)
1176 1488 1633 1546 ἁγιασμδνῐτὰῖιῖίυσῖτιζιὰ’σύμϐολα
1644 1510 1693 1545 τῆς
1708 1488 1810 1541 οἰκείαις

185 1552 319 1579 recedunt
331 1559 346 1578 a
363 1559 412 1578 sua
422 1555 531 1579 natura.
550 1552 659 1579 Manent
674 1553 748 1579 enim
764 1553 792 1579 in
804 1553 895 1588 priore
910 1554 956 1581 sul

1042 1557 1163 1589 ξίσταται
1182 1557 1299 1592 φύσεως·
1321 1557 1395 1592 μένει
1414 1556 1469 1592 γὰρ
1486 1557 1532 1583 ἐπὶ
1546 1557 1595 1592 τῆς
1613 1556 1749 1592 προτέρας
1765 1557 1812 1583 οὐ-

186 1598 296 1629 stantia,
315 1601 343 1624 et
367 1596 463 1632 ﬁgura,
482 1601 510 1624 et
533 1597 631 1630 forma,
655 1601 684 1625 et
699 1598 821 1633 conspici
848 1600 957 1634 tangiqu

1046 1603 1097 1635 ἰας,
1116 1603 1162 1630 καὶ
1177 1603 1223 1630 τοῦ
1251 1604 1400 1638 σχήματος,
1415 1603 1463 1629 καὶ
1477 1602 1523 1629 τοῦ
1544 1603 1641 1636 εἴδους,
1657 1603 1705 1630 καὶ
1727 1602 1813 1637 ὁρατά

187 1647 311 1678 possunt,
331 1642 401 1669 sicut
415 1647 443 1670 et
455 1643 532 1677 prius
545 1651 552 1669 :
566 1643 757 1678 intelliguntur
767 1648 858 1671 autem
870 1652 902 1672 ea
916 1653 958 1672 ess

1043 1658 1097 1680 στι,
1117 1649 1164 1676 καὶ
1190 1649 1275 1681 ἁπτὰ,
1303 1647 1348 1676 οἷα
1372 1650 1418 1676 καὶ
1437 1650 1568 1685 πρότερον
1592 1647 1636 1685 ἦν’
1662 1650 1762 1675 νοεῖται
1784 1648 1812 1675 δὲ

186 1695 248 1722 quae
264 1688 335 1714 facta
351 1691 425 1720 sunt,
445 1692 473 1715 et
487 1687 648 1720 creduntur,
662 1693 691 1715 et
703 1687 863 1721 adorantur,
878 1693 908 1716 ut
916 1698 957 1724 qu:

1041 1703 1099 1730 ιπερ
1111 1694 1230 1730 ἐγένετο,
1244 1695 1292 1722 καὶ
1314 1695 1481 1728 πιστεύεται,
1498 1695 1545 1722 καὶ
1559 1696 1762 1730 προσκυνεῖται,
1776 1694 1812 1726 ὡς

187 1734 233 1761 illa
252 1733 323 1765 sint,
340 1741 402 1768 qua:
414 1734 576 1760 creduntur.
600 1733 701 1760 Confer
719 1734 802 1770 igitur
830 1735 958 1770 imaginet

1043 1740 1119 1766 κεῖνα
1144 1739 1208 1766 ὄντα
1232 1739 1302 1776 ἆπερ
1325 1740 1492 1767 πιστεύεται.
1518 1739 1645 1775 Παράθες
1664 1739 1754 1766 τοίνυν
1775 1738 1813 1774 τῷ

187 1788 249 1807 cum
267 1780 427 1815 archetypo,
441 1784 469 1807 et
493 1779 600 1807 videbis
618 1780 839 1808 similitudinem.
863 1782 958 1817 Oportt

1040 1783 1175 1820 ιρχετύπιρ
1191 1784 1241 1820 τὴν
1258 1785 1360 1817 εἰκόνα,
1379 1786 1425 1812 καὶ
1441 1785 1501 1820 ὕψει
1516 1785 1566 1821 τὴν
1581 1785 1738 1820 ὁμοιότητα.
1753 1784 1811 1820 Χρὴ

187 1826 261 1853 cnim
280 1825 393 1860 ﬁguram
407 1825 525 1852 similem
539 1833 599 1853 esse
613 1826 734 1853 veritati.
747 1827 816 1854 Illud
827 1827 900 1854 enim
915 1835 958 1855 cor

1042 1830 1083 1866 ’ἀρ
1097 1830 1216 1858 ἑοικέναι
1235 1832 1268 1867 τῇ
1288 1831 1402 1867 ἀληθείᾳ
1414 1831 1460 1858 τὸν
1470 1831 1565 1858 τύπον.
1583 1831 1638 1858 Καὶ
1655 1831 1710 1867 γὰρ
1726 1831 1813 1857 ἐκεῖνο

189 1879 240 1906 pus
259 1872 379 1906 priorem
403 1871 486 1898 habet
500 1871 616 1898 formam
628 1875 656 1898 et
668 1871 793 1907 ﬁguram,
807 1877 835 1900 et
855 1872 960 1901 circum

1041 1877 1058 1903 :b
1073 1877 1152 1912 σῶμα
1165 1877 1196 1904 τὺ
1210 1877 1259 1912 μὲν
1270 1877 1402 1913 πρότερον
1411 1876 1480 1909 εἶδος
1498 1877 1566 1913 εχει,
1588 1877 1636 1904 καὶ
1652 1878 1754 1912 σχῆμα,
1768 1876 1812 1903 καὶ

188 1916 377 1950 scriptionem,
389 1919 417 1942 et
435 1919 464 1942 ut
486 1915 569 1943 semel
595 1915 696 1948 dicam,
710 1916 834 1951 corporis
851 1917 959 1945 substan

1041 1924 1215 1959 περιγραφὴν,
1235 1924 1281 1950 καὶ
1296 1923 1460 1957 ἁπαξαπλῶς
1478 1926 1576 1958 εἰπεῖν,
1590 1925 1640 1960 τὴν
1656 1925 1702 1952 τοῦ
1722 1924 1812 1959 σώμα-

190 1961 276 1989 tiam:
294 1961 448 1988 immortale
472 1964 565 1988 autem
587 1965 649 1996 post
668 1962 901 1990 resurrectionem
914 1983 921 1992 .
950 1971 961 1990 ε

1040 1978 1075 2002 τος
1088 1970 1192 1997 οὐσίαν·
1208 1970 1340 1997 ἀθάνατον
1357 1971 1385 1998 δὲ
1404 1971 1473 2006 μετὰ
1487 1971 1535 2007 τὴν
1550 1971 1699 1998 ἀνάστασιν
1708 1971 1811 2004 γέγονε,

190 2006 311 2034 immune
325 2014 340 2033 a
356 2007 532 2041 corruptione
544 2006 646 2034 factum
660 2010 712 2040 est,
724 2007 873 2043 sedemque
884 2016 899 2036 a
913 2009 961 2036 des

1040 2015 1078 2042 (αἱ
1090 2017 1213 2051 κρεῖττον
1250 2015 1364 2051 φθορᾶς,
1395 2015 1442 2043 καὶ
1465 2006 1519 2051 τῆς
1542 2017 1574 2042 ὲκ
1596 2015 1691 2047 δεξιῶν
1712 2015 1811 2050 ἠξιώθη

191 2052 257 2079 teris
272 2052 413 2086 adeptum,
430 2056 459 2079 et
474 2051 509 2078 ab
523 2053 599 2079 omni
611 2057 739 2080 creatura
755 2053 898 2088 adoratur,
914 2056 961 2090 qui

1039 2060 1176 2096 ιαθὲδρας,
1196 2061 1243 2088 καὶ
1259 2061 1335 2098 παρὰ
1358 2061 1449 2097 πάσης
1470 2062 1661 2097 προσκυνεῖται
1685 2061 1735 2096 τῆς
1754 2061 1810 2087 κτί-

194 2096 272 2131 127
289 2104 391 2131 corpus
405 2096 515 2124 Domini
527 2103 632 2124 natum
647 2097 810 2133 appellatur.

1039 2114 1110 2138 τεως,
1129 2106 1175 2132 ἇτε
1194 2106 1226 2141 δὴ
1241 2096 1321 2141 σῶμα
1344 2096 1514 2142 χρηματίζον
1538 2106 1584 2133 τοῦ
1611 2106 1747 2132 Δεσπότου
1765 2106 1810 2141 τῆς

996 2157 1018 2184 D
1031 2152 1146 2187 φύσεως.

226 2202 329 2230 ERAN.
345 2202 428 2238 Atqui
439 2203 593 2238 symbolum
604 2204 749 2239 mysticum
761 2204 882 2239 priorem
892 2210 981 2233 mutat

1066 2198 1169 2226 EPAN.
1189 2198 1244 2226 Kal.
1260 2198 1313 2234 μὴν
1331 2198 1362 2225 τδ
1381 2199 1511 2234 μυστικὸν
1532 2199 1666 2234 σύμὸολον
1685 2199 1734 2234 τὴν
1749 2207 1811 2233 προ-

193 2247 404 2284 appellationem
420 2257 427 2275 :
441 2255 497 2276 non
509 2248 583 2275 enim
595 2249 714 2284 amplius
727 2248 895 2282 nominatur,
907 2258 962 2285 quo

1039 2244 1113 2280 πέραν
1131 2243 1241 2280 ἀμείϐει
1263 2244 1460 2280 προσηγορίαν·
1475 2245 1566 2271 οὐκέτι
1583 2244 1637 2280 γὰρ
1652 2243 1810 2280 ὀνομάζεται

193 2294 270 2330 prius
279 2294 439 2327 vocabatur,
451 2293 500 2322 sed
508 2302 601 2330 corpus
612 2295 776 2329 appellatur.
791 2294 906 2330 Oportet
915 2303 964 2331 erg

1038 2291 1099 2326 επερ
1109 2290 1241 2326 πρότερον
1250 2291 1384 2322 ἐκαλεῖτο,
1398 2290 1465 2318 ἀλλὰ
1476 2290 1562 2325 σῶμα
1569 2289 1809 2326 προσαγορεύεται.

193 2340 277 2368 etiam
290 2339 427 2367 ueritatem
444 2340 530 2368 Deum
547 2344 576 2368 et
590 2348 644 2367 non
656 2348 750 2376 corpus
767 2341 870 2368 vocari.

1040 2337 1093 2372 Κρὴ
1107 2337 1197 2364 τοίνυν
1211 2337 1257 2364 καὶ
1270 2337 1320 2373 τὴν
1330 2337 1476 2370 ἀλήθειαν
1489 2337 1564 2370 Θεὸν,
1581 2336 1649 2363 ἀλλὰ
1671 2337 1708 2372 μὴ
1731 2334 1811 2371 σῶμα

1032 2381 1184 2409 καλεῖσθαι.

228 2434 333 2463 ORTH.
359 2435 487 2471 lgnorare
504 2435 572 2462 mihi
590 2435 703 2462 videris.
728 2435 789 2462 Non
800 2435 873 2462 enim
888 2443 982 2470 corpus

1067 2428 1143 2455 0P8.
1169 2428 1290 2463 Ἀγνοεῖν
1311 2437 1357 2464 μοι
1373 2427 1471 2460 δοκεῖς.
1492 2427 1531 2454 ού
1552 2427 1606 2464 γὰρ
1621 2427 1706 2462 σῶμα
1726 2427 1809 2461 μόνον,

194 2481 294 2513 solum,
313 2479 362 2507 sed
377 2480 460 2507 etiam
474 2480 551 2515 panis
564 2480 624 2506 vitae
639 2479 797 2506 nominatur
805 2479 837 2505 ⁸³.
853 2479 913 2517 Ipse
928 2479 965 2506 Do

1040 2473 1099 2500 ιλλά
1115 2473 1162 2500 καὶ
1179 2473 1268 2507 ἄρτος
1287 2472 1360 2508 ζωῆς
1379 2473 1553 2508 ὀνομάζεται.
1580 2472 1674 2503 Οὕτως
1697 2471 1777 2503 αὐτὸς
1798 2473 1811 2498 ό

196 2526 288 2554 minus
313 2526 366 2553 hac
385 2526 567 2560 appellatione
582 2532 649 2552 usus
664 2529 716 2556 est,
734 2529 762 2552 et
785 2532 886 2559 corpus
900 2532 965 2559 porr

1039 2519 1134 2554 Κύριος
1146 2520 1351 2555 προσηγόρευσε
1365 2539 1373 2550 ,
1394 2518 1441 2545 καὶ
1457 2518 1523 2545 αὐτὸ
1545 2518 1574 2544 δὲ
1590 2518 1620 2544 τὸ
1640 2517 1729 2552 σῶμα,
1748 2517 1810 2543 θεῖον

195 2572 285 2607 ipsum
299 2570 424 2597 divinum
435 2578 535 2605 corpus
550 2570 730 2605 appellamus,
747 2574 776 2597 et
789 2570 938 2602 viviﬁcum,
955 2578 966 2597 ε

1039 2564 1201 2601 ὗνομάζομεν
1215 2564 1303 2600 σῶμα,
1316 2565 1362 2591 κα)⁵
1375 2563 1517 2596 ζωοποιδν,
1530 2564 1576 2591 καὶ
1586 2563 1759 2594 Δεσποτικδν,
1769 2563 1810 2590 καὶ

195 2616 379 2648 Dominicum,
398 2616 528 2643 docentes
540 2624 594 2643 non
605 2623 750 2644 commune
760 2615 881 2643 hominis
890 2616 966 2651 cuius

1038 2612 1184 2647 Κυριακδν,
1200 2611 1371 2642 διδάσκοντες
1387 2610 1424 2642 ὡς
1438 2611 1469 2637 οὗ
1493 2610 1581 2636 κοινόν
1596 2609 1668 2641 τινός
1683 2610 1755 2635 ἐστιν
1770 2609 1809 2635 ἁν-

196 2662 270 2696 piam
297 2668 368 2694 esse,
396 2661 465 2688 'sed
488 2661 597 2688 Domini
618 2661 704 2689 nostri
727 2661 791 2689 Jesu
804 2660 914 2695 Christi,
932 2668 967 2695 qu

1037 2657 1155 2694 θρώπου⁹
1170 2657 1237 2684 ἀλλὰ
1254 2657 1300 2684 τοῦ
1318 2657 1421 2692 Κυρίου
1435 2656 1512 2692 ὴμῶν
1534 2656 1620 2691 Ἰησοῦ
1640 2655 1772 2692 Χριστοῦ,
1785 2654 1808 2686 ὃς

234 2741 342 2769 "Joan.
356 2748 394 2772 vr,
405 2739 448 2767 51.

235 2799 289 2834 (57)
303 2797 376 2824 Edit.
394 2796 472 2824 Rom.
488 2800 515 2824 et
528 2796 601 2832 Lips.
623 2797 736 2834 ὖφῃνας.
