1953 3055
213 135 262 169 ΠΙ

707 137 740 165 Tl
747 135 950 165 IEODORETi
969 135 1138 164 EPISCOPI
1159 135 1340 166 CYRENSIS

1794 138 1846 173 172

213 191 477 227 fructusgignendos
487 191 667 225 amphusapti
678 190 854 218 non'sunt.—~
863 190 990 225 Ejusdem

1055 192 1087 217 ἐκ
1106 191 1188 225 μέσου
1205 191 1321 224 ἐγένετο,
1339 190 1373 218 τὰ
1389 191 1454 218 ποτὲ
1470 192 1519 227 μὲν
1531 193 1783 229 κιρποφορήσαντα
1796 205 1847 223 κα-

214 247 246 266 ea:
259 239 348 264 eodem
362 237 467 263 libro".
480 236 680 263 Judicatetiam
690 235 844 269 Ebionitas.
860 235 1003 268 Quomodo

212 289 328 320 possunt
340 283 450 315 salvari,
463 283 485 310 si
500 284 572 310 Deus
586 291 640 310 non
651 283 704 310 fuit
714 283 759 317 qui
772 290 870 309 eorum
885 283 1002 310 salutem

212 332 241 358 in
253 335 326 358 terra
333 333 462 364 operatus
469 329 530 355 est?
545 329 587 355 vel
600 329 738 363 quomodo
751 328 779 355 in
787 329 872 355 Deum
886 329 1003 364 migrare

212 377 294 404 homo
316 379 420 411 potest,
443 375 465 402 si
487 375 557 401 Deus
578 374 605 401 in
626 374 766 401 hominem
791 374 1002 409 haudquaquam

211 422 392 457 immigravit?
401 436 436 440 —
444 421 579 455 Ejusdem,
589 428 620 447 ex
628 421 716 447 cadent
724 420 788 447 libro
797 421 830 446 ”.
841 420 893 454 Qui
903 429 936 448 ex
943 421 1003 448 Vir-

209 469 272 504 gine
280 473 373 495 natum
382 467 589 495 Emmanuelem
599 467 797 502 praedicabant,
814 467 941 494 unionem
953 467 1000 493 Dei

209 515 292 542 Verbi
306 522 368 542 cum
378 518 503 541 creatura
517 521 565 543 sua
575 513 767 540 ostendebant.
778 528 811 532 ——
821 512 957 547 Ejusdem,
969 521 1001 539 ea;

208 561 295 587 eodem
305 560 422 595 opere".
436 560 494 587 Non
506 559 578 586 enim
591 559 649 586 haec
658 559 788 593 opinione
798 558 941 590 duntaxat,
953 558 1000 585 sed

207 614 301 634 revera
311 605 516 640 contingebant.
524 605 757 640 Alioqui,1305i
767 604 886 632 hominis
895 609 999 631 tantum

206 652 328 688 speciem
341 652 490 686 praebebat,
503 659 565 679 cum
578 652 659 678 homo
672 659 725 678 non
738 656 821 683 esset,
834 658 900 677 sane
910 658 999 685 neque

207 699 235 726 id
251 698 326 733 quod
337 705 403 725 vere
414 702 483 730 erat,
502 697 554 724 hoc
565 703 606 725 est
621 697 670 724 Dei
686 697 820 731 Spiritus,
840 697 1000 724 remanebat

208 745 317 780 (neque
333 744 405 772 enim
429 744 543 779 spiritus
560 743 649 770 oculis
664 743 741 770 cerni
760 744 881 778 potest),
908 750 998 777 neque

204 790 308 818 veritas
323 790 378 817 ulla
394 790 421 817 in
443 797 476 816 eo
497 794 565 820 erat,
583 789 807 824 quandoquidem
824 789 850 815 id
866 797 921 815 non
937 793 997 815 erat

204 836 278 870 quod
287 836 462 862 cernebatur.
471 835 520 862 Est
529 839 620 862 autem
630 835 759 869 superius
767 843 782 862 a
790 834 871 861 nobis
880 834 995 866 dictum,

204 881 401 912 Abrahamum,
411 881 588 915 reliquosque
598 881 757 915 prophetas,
767 887 816 914 per
823 879 994 915 prophetiam

203 935 267 955 eum
286 927 473 962 conspexisse,
498 927 629 953 nimirum
656 926 682 953 id
703 926 776 960 quod
800 921 923 952 l'uturum
935 931 995 953 erat

204 981 253 1008 per
272 973 363 1000 visum
384 972 576 1008 praedicentes.
606 972 740 1006 Quocirca
761 972 783 999 si
796 979 869 998 nunc
883 979 994 1006 quoque

203 1019 266 1046 talis
281 1019 419 1053 apparuit,
436 1026 498 1046 cutn
512 1026 568 1046 non
581 1023 655 1046 esset
668 1018 742 1052 quod
753 1017 913 1053 apparebat,
928 1025 993 1052 pro-

202 1065 277 1092 fecto
290 1065 380 1092 visum
390 1064 527 1099 quoddam
546 1064 738 1099 propheticum
755 1063 914 1090 hominibus
926 1070 993 1089 con-

203 1110 274 1145 tigit,
291 1113 374 1145 atque
389 1111 459 1138 alius
474 1111 561 1145 ipsius
580 1110 715 1137 adventus
728 1109 929 1144 exspectandus
940 1112 992 1139 est,

202 1156 231 1182 in
245 1163 299 1190 quo
316 1155 379 1183 talis
395 1156 518 1188 exsistet,
535 1155 626 1190 qualis
640 1162 714 1182 nunc
736 1154 898 1189 prophetico
911 1153 993 1180 modo

201 1202 336 1229 cernitur.
354 1202 611 1230 Demonstravimus
623 1209 708 1236 porro
729 1201 800 1228 nihil
824 1200 938 1231 referre,
958 1207 993 1226 an

201 1247 332 1282 opinione
343 1247 478 1283 quispiam
487 1255 550 1275 eum
560 1247 721 1282 apparuisse
729 1246 814 1278 dicat,
824 1254 858 1272 an
866 1254 898 1272 ex
908 1245 993 1272 Maria

200 1291 270 1320 nihil
282 1293 441 1328 sumpsisse.
460 1293 554 1328 Neque
567 1292 640 1320 enim
652 1300 765 1319 carnem
776 1299 808 1319 ac
818 1292 992 1327 sanguinem,

201 1338 303 1374 quibus
322 1347 373 1366 nos
393 1339 520 1371 redemit,
542 1347 606 1366 vere
619 1339 776 1369 habuisset,
802 1338 854 1365 nisi
870 1341 991 1365 veterem

199 1385 297 1412 Adami
314 1385 451 1413 ﬁctionem
469 1385 497 1413 in
512 1393 572 1413 sese
587 1385 777 1412 instaurasset.
795 1383 914 1411 Proinde
929 1382 992 1410 vani

200 1437 228 1459 et
242 1431 319 1458 stulti
331 1435 395 1458 sunt
408 1431 605 1463 Valentiniani,
623 1430 670 1465 qui
685 1431 738 1457 hoc
752 1430 876 1462 tradunt,
892 1433 992 1456 utcar—

198 1475 244 1502 nis
258 1475 341 1503 vitam
356 1475 516 1503 exturbent.

314 1580 413 1608 Sancti
425 1579 561 1616 Hippolyti
577 1581 689 1616 episcopi
706 1585 730 1607 et
744 1581 880 1616 martyris.

232 1669 280 1697 Ea;
294 1670 414 1697 oratione
427 1668 459 1695 de
470 1668 655 1694 distributione
668 1668 839 1694 talentorum.
850 1663 857 1672 ⁸
871 1667 925 1695 llos
938 1675 989 1695 au—

198 1722 256 1744 tem
270 1737 277 1747 ,
303 1719 332 1743 et
345 1723 393 1742 eos
409 1714 455 1750 qui
473 1714 554 1741 aliter
567 1714 710 1744 sentiunt.
736 1713 839 1740 dixerit
852 1713 989 1748 quispiam

201 1761 306 1789 vicinos
319 1768 380 1788 esse
392 1781 399 1793 ,
428 1764 459 1787 ut
481 1759 528 1794 qui
545 1763 639 1786 errent
657 1759 794 1786 similiter.
822 1759 890 1786 Nam
907 1765 934 1786 et
950 1760 987 1786 illi

197 1807 293 1839 etiam,
312 1807 355 1834 vel
370 1806 473 1833 nudum
489 1805 628 1833 hominem
647 1806 813 1833 conﬁtentur
830 1806 989 1841 apparuisse

199 1852 339 1881 Christum
349 1853 377 1879 in
387 1852 454 1884 vita,
465 1851 618 1879 divinitatis
626 1852 686 1886 ejus
696 1852 830 1878 talentum
840 1855 987 1886 negantes:

201 1900 242 1927 vel
258 1900 343 1927 Deum
359 1898 532 1931 conﬁtentes,
547 1899 688 1926 hominem
699 1906 795 1926 rursus
809 1903 920 1934 negant,
938 1899 988 1926 do—

199 1951 295 1974 centes
307 1953 370 1973 eum
392 1945 483 1972 fallaci
497 1945 589 1980 specie
606 1945 789 1980 spectantium
807 1945 884 1980 131
900 1945 989 1972 octllis

197 1992 328 2024 illusisse,
351 1991 426 2018 velut
443 1991 593 2022 hominem,
606 1998 669 2018 cum
680 1991 819 2018 hominem
834 1999 888 2018 non
901 1998 989 2027 gesta-

204 2037 298 2069 verit,
335 2036 384 2064 sed
413 2036 493 2062 inane
523 2036 614 2070 potius
637 2040 776 2070 spectrum
806 2037 906 2068 fuerit,
933 2037 988 2063 sie-

201 2086 231 2109 ut
251 2081 384 2113 Marcion,
414 2085 443 2108 et
472 2080 633 2108 Valentinus
656 2085 684 2108 et
714 2081 848 2114 Gnostici,
868 2082 987 2109 Verbum

199 2135 215 2154 a
243 2134 324 2154 carne
349 2125 511 2153 divellentcs
527 2146 534 2157 ,
567 2126 699 2154 talentum
725 2135 810 2153 unum
825 2147 832 2159 ,
869 2127 921 2154 hoc
945 2132 989 2155 est

1055 237 1122 269 λῶς’
1143 237 1172 270 ἐξ
1187 237 1276 263 αὐτῶν
1290 238 1344 272 γὰρ
1363 238 1393 264 τὸ
1415 238 1485 264 κατὰ
1499 239 1588 274 σάρκα
1604 240 1617 265 ὀ
1632 240 1748 275 Χριστὸς
1761 242 1846 278 ἐκαρ-

1054 282 1209 317 ποφορήϐη,
1230 283 1276 309 καὶ
1297 283 1321 308 οἱ
1338 283 1500 310 ἀπόστολοι·
1519 284 1567 310 νῦν
1585 285 1613 311 δὲ
1632 285 1730 320 μηκέτι
1746 286 1845 314 εὔθετα

1053 329 1211 364 ὑπάρχοντα
1225 330 1292 364 πρὸς
1303 331 1502 365 καρποφορίαν.
1515 346 1547 350 —
1562 331 1617 358 Τοῦ
1631 332 1724 359 αὑτοῦ
1736 333 1770 360 ἐκ
1790 334 1844 361 τοῦ

1053 375 1146 402 αὐτοῦ
1169 376 1273 410 λόγου.
1295 375 1450 411 Ἀνακρίνει
1466 377 1521 412 (66)
1543 378 1571 404 δὲ
1587 378 1635 404 καὶ
1657 379 1720 410 τοὺς
1746 379 1845 406 Ἦϐιώ-

1053 429 1098 446 νου
1117 421 1185 456 (67)”
1206 421 1264 453 πῶς
1284 413 1411 449 δύνανται
1426 422 1482 456 (68)
1500 423 1630 458 σωθῆναι,
1648 425 1672 450 ει
1691 425 1728 460 μὴ
1745 426 1759 451 ὁ
1777 425 1843 457 Θεὸς

1052 464 1111 501 ἧνὸ
1132 467 1182 501 τὴν
1201 468 1337 503 σωτηρίαν
1352 468 1442 494 αὐτῶν
1456 469 1502 495 ἐπὶ
1525 469 1577 504 γῆς
1598 471 1807 506 ὲργασάμενος;
1825 472 1841 507 ἢ

1053 513 1110 544 πῶς
1126 513 1270 549 ἅνθρωπος
1287 515 1407 549 χωρήσει
1425 515 1465 546 εἰς
1480 515 1557 546 Θεὸν,
1576 516 1599 542 εἰ
1617 516 1679 551 μὴὸ
1692 516 1761 549 Θεὸς
1775 518 1844 552 ἐχω-

1053 559 1121 594 ρήοη
1134 560 1173 591 εἰς
1182 560 1324 595 ἄνθρωπον
1335 568 1343 592 ;
1357 575 1390 579 -
1405 561 1459 587 Τοῦ
1468 562 1572 593 αὑτοῦ,
1582 563 1615 588 ἐκ
1628 563 1681 589 τοῦ
1691 564 1786 590 αὐτοῦ
1795 564 1844 590 ,λοι

1051 612 1114 638 του.
1127 604 1158 630 Ol
1167 603 1212 630 τὸν
1223 604 1254 630 ὲκ
1264 603 1313 638 τῆς
1326 604 1642 641 ΠαρθένουἙμμανουὴλ
1649 615 1683 640 κη
1689 607 1840 641 ρὺττοντες,

1050 649 1098 684 τὴν
1114 650 1211 675 ἕνωσιν
1235 648 1283 675 τοῦ
1302 650 1390 683 Λόγου
1412 650 1459 676 τοῦ
1487 651 1556 677 Θεοῦ
1582 652 1650 686 πρὸς
1672 653 1702 678 τὸ
1727 653 1843 688 πλάσμα

1051 696 1134 722 αὑτοῦ
1154 696 1277 731 ἐδήλουν.
1295 711 1329 716 -—
1344 695 1401 723 Τοῦ
1416 697 1509 723 αὑτοῦ
1532 698 1565 723 ἐκ
1583 697 1636 730 τῆς
1653 699 1749 731 αὐτῆς
1766 708 1798 733 π]
1807 709 1842 726 α-

1049 743 1200 777 τματείας.
1212 744 1249 769 υὺ
1262 743 1317 778 γὰρ
1328 743 1440 778 δοκήσει
1451 743 1550 774 ταῦτα,
1572 744 1629 771 ἀλλ’
1648 745 1676 772 ἐν
1692 745 1841 772 ὑποστάσει

1048 789 1176 824 ἀληθείας
1195 789 1309 823 ἐγένετο.
1326 790 1356 815 Εἰ
1370 790 1398 815 δὲ
1416 789 1471 825 (69)
1491 790 1529 825 μὴ
1548 790 1585 816 ὢν
1605 790 1748 826 ἅνθρωπος
1762 792 1840 825 ἐφαί-

1049 844 1110 861 νετο
1119 834 1168 861 avo
1174 844 1273 869 ρωπος,
1285 834 1315 861 οὔ
1321 844 1347 861 τε
1358 835 1372 862 ὅ
1383 833 1415 870 ἦν
1427 835 1605 871 ἐπ’ἀληθεὶας
1616 836 1716 871 ἔμεινε,
1728 838 1840 873 Πνεῦμα

1012 871 1032 898 Β
1046 881 1126 907 Θεοῦ·
1147 881 1209 907 ἐπεὶ
1230 881 1345 916 ἀόρατον
1360 881 1390 907 τὸ
1405 881 1524 916 πνεῦμα·
1543 881 1604 908 οὔτε
1619 883 1732 918 ἀλήθειά
1747 893 1789 916 τις
1803 871 1840 919 ἦν

1046 928 1073 954 ὲν
1094 927 1177 962 αὐτῷ·
1204 927 1236 953 οὐ
1254 927 1307 962 γὰρ
1324 925 1357 961 ἦν
1382 929 1473 954 ἐκεῖνα
1496 927 1566 963 ἅπερ
1586 929 1723 963 ἐφαίνετο.
1745 930 1840 966 Προξε-

1046 981 1134 1007 τιομεν
1147 973 1174 998 δὲ
1185 973 1224 999 ὅτι
1248 972 1385 1007 Ἀϐραὰμ,
1399 973 1447 998 καὶ
1460 973 1485 999 οἱ
1498 973 1586 999 λοιποὶ
1602 975 1752 1009 προφῆται,
1775 984 1839 1010 προ-

1045 1019 1167 1053 φητικῶς
1180 1018 1260 1044 αὑτὸν
1277 1018 1400 1049 ἔϐλεπον,
1417 1018 1447 1044 τὸ
1463 1019 1559 1053 μέλλον
1575 1019 1684 1046 ἔσεσθαι
1699 1021 1732 1047 δι’
1750 1020 1838 1055 ὅψεως

1045 1063 1274 1099 προφητεύοντες.
1294 1064 1324 1089 Ei
1340 1061 1386 1090 οὖν
1407 1063 1454 1090 καὶ
1473 1063 1521 1090 νῦν
1542 1064 1662 1096 τοιοῦτος
1679 1066 1781 1101 ἐφάνη,
1801 1067 1838 1102 μὴ

1044 1108 1081 1136 ὢν
1094 1109 1163 1144 ὅπερ
1174 1109 1309 1143 ἐφαίνετο,
1324 1109 1479 1144 προφητική
1492 1117 1533 1141 τις
1544 1110 1662 1137 ὀπτασια
1674 1111 1769 1144 γέγονε
1783 1113 1838 1142 τοῖς

1044 1155 1202 1191 ἀνθρώποις
1212 1176 1219 1186 ,
1235 1155 1282 1182 καὶ
1295 1156 1335 1182 δεῖ
1350 1156 1396 1182 καὶ
1410 1155 1493 1190 ἄλλην
1508 1156 1668 1191 ἐκδέχεσθαι
1685 1158 1838 1193 παρουσίαν

1044 1202 1138 1234 αὐτοῦ,
1158 1203 1186 1228 ὲν
1237 1201 1358 1233 τοιοῦτος
1378 1201 1465 1234 ἔσται,
1482 1199 1537 1234 οἷος
1552 1202 1599 1228 νῦν
1616 1203 1713 1238 ὁρᾶται
1729 1212 1837 1238 προφη-

1043 1248 1138 1279 τικῶς.
1170 1248 1362 1283 Ἀπεδείξαμεν
1382 1247 1428 1280 δὲ,
1453 1248 1493 1274 ὅτι
1515 1248 1547 1274 τὸ
1568 1249 1633 1274 αὑτό
1651 1250 1708 1275 ἐστι
1728 1249 1837 1285 δοκήσει

1043 1294 1134 1329 λέγειν
1149 1294 1316 1330 πεφηνέναι,
1333 1294 1380 1320 καὶ
1395 1294 1470 1321 οὐδὲν
1481 1295 1513 1320 ἐκ
1528 1295 1578 1330 τῆς
1598 1296 1708 1331 Μαρίας
1726 1297 1838 1332 εἰληφέ-

1043 1349 1096 1367 ναι.
1113 1340 1179 1367 Οὐδὲ
1194 1340 1248 1376 γὰρ
1262 1339 1296 1376 ἦν
1309 1340 1419 1376 ἀληθῶς
1437 1341 1527 1376 σάρκα
1549 1341 1597 1368 καὶ
1612 1339 1683 1376 αἷμα
1699 1342 1836 1378 ὲσχηκὰκ,

1042 1386 1076 1413 δι’
1090 1383 1127 1412 ὧν
1142 1387 1216 1420 ἡμᾶς
1230 1386 1426 1422 ὲξηγοράσατο,
1442 1387 1465 1412 εξ
1481 1386 1519 1421 μὴ
1534 1387 1583 1422 τὴν
1601 1387 1719 1422 ἀρχαίαν
1739 1387 1837 1415 πλάσιν

1042 1430 1090 1457 τοῦ
1112 1430 1197 1465 Ἀδὰμ
1210 1432 1249 1462 εἰς
1263 1431 1359 1458 ἑαυτὸν
1373 1431 1641 1465 ἀνεκεφαλαιώσατο.
1657 1433 1776 1460 Μάταιοι
1790 1431 1837 1460 οὖν

1042 1477 1067 1503 οἱ
1084 1476 1138 1503 ἀπὸ
1163 1476 1334 1509 Βαλεντίνου,
1353 1477 1432 1503 τοῦτο
1451 1477 1679 1513 δογματίζοντες,
1698 1479 1741 1506 ἵνα
1754 1479 1838 1506 ἐκϐά-

1043 1523 1109 1549 λωσι
1128 1523 1178 1558 τὴν
1195 1522 1267 1558 ζωὴν
1286 1524 1336 1558 τῆς
1354 1524 1465 1559 σαρκός.

1065 1578 1120 1605 Τοῦ
1139 1579 1226 1613 ἁγίου
1249 1578 1429 1606 Ἱππολύτου
1446 1579 1616 1616 ἐπισκόπου
1637 1581 1686 1608 καὶ
1709 1582 1818 1616 μάρτυ-

1359 1623 1414 1648 ρος
1434 1615 1501 1649 (70).

1086 1671 1132 1697 Ἐκ
1147 1670 1200 1696 τοῦ
1214 1670 1317 1704 λόγου,
1332 1670 1384 1696 τοῦ
1399 1670 1453 1706 (71)
1468 1672 1512 1704 εἰς
1532 1671 1588 1706 τὴν
1603 1672 1661 1698 τῶν
1679 1672 1837 1702 ταλάντων

1043 1715 1201 1750 διανομήν.
1230 1715 1347 1748 Τούτους
1367 1716 1396 1742 δὲ
1407 1736 1414 1748 ,
1430 1717 1476 1743 καὶ
1491 1718 1553 1749 τοὺς
1573 1718 1762 1753 ἑτεροδὸξους,
1785 1721 1837 1755 φή-

1044 1771 1116 1789 σειεν
1138 1763 1169 1789 ἄν
1188 1771 1230 1794 τις
1250 1764 1380 1798 γειτνιᾷν,
1405 1763 1605 1798 σφαλλομένους
1625 1766 1836 1801 παραπλητξως.

1044 1808 1099 1834 Καὶ
1116 1808 1169 1844 γὰρ
1193 1809 1313 1835 κάκεῖνοι
1324 1829 1331 1839 ,
1349 1810 1407 1845 ἤτοι
1420 1809 1496 1844 ψιλὸν
1513 1810 1656 1846 ἄνθρωπον
1675 1812 1836 1846 ὁμολογοῦτι

1043 1855 1193 1890 πεφηνέναι
1205 1855 1250 1881 τὸν
1263 1856 1379 1891 Χριστὸν
1391 1857 1430 1888 εἰς
1441 1856 1485 1882 τὸν
1503 1856 1570 1891 βίον,
1580 1857 1629 1892 τῆς
1643 1857 1769 1892 Θεότητος
1785 1859 1836 1886 αὐ-

1043 1901 1088 1928 τοῦ
1101 1901 1130 1927 τὸ
1143 1902 1271 1928 τάλαντον
1283 1902 1454 1938 τὶιρνούμενοι⁸
1469 1903 1528 1937 ἦτοι
1539 1903 1584 1930 τὸν
1599 1903 1665 1930 Θεὸν
1674 1904 1836 1939 ὁμολογοῦν-

1042 1955 1099 1978 τες,
1115 1947 1269 1974 ἀναίνονται
1283 1948 1364 1974 πάλιν
1381 1948 1426 1975 τὸν
1441 1948 1595 1984 ἄνθρωπον,
1610 1950 1834 1984 πεφαντασιωκέ-

1042 2001 1087 2019 ναι
1101 1993 1272 2025 διδάσκοντες
1288 1994 1337 2025 τὰς
1354 1993 1429 2028 ὄψεις
1449 1994 1538 2021 αὐτῶν
1559 1995 1614 2022 τῶν
1627 1995 1782 2031 θεωμένων,
1797 1997 1835 2028 ὡς

1043 2037 1185 2073 ἄνθρωπον
1214 2039 1244 2065 οὐ
1272 2040 1424 2075 φορέσαντα
1453 2039 1607 2076 ἄνθρωπον,
1631 2041 1700 2068 ἀλλὰ
1724 2042 1834 2077 δόκησίν

1042 2093 1102 2110 τινα
1118 2085 1284 2121 φασματώδη
1304 2086 1404 2120 μᾶλλον
1417 2086 1569 2121 γεγονέναι,
1580 2084 1635 2114 οἷον
1649 2087 1744 2124 ὥσπερ
1757 2089 1836 2124 Μαρ-

1043 2129 1118 2162 κίων,
1147 2130 1194 2156 καὶ
1216 2130 1391 2162 Οὑαλεντῖνομ
1410 2132 1481 2167 (72),
1506 2132 1552 2158 καὶ
1574 2133 1598 2158 οἱ
1615 2133 1761 2159 Γνωστικοὶ
1785 2134 1833 2168 τῆς

200 2172 426 2202 incarnationem,
453 2171 597 2207 abjiciunt.
618 2187 653 2192 ——
678 2172 815 2207 Ejusdem.
831 2181 862 2199 ex
877 2173 987 2208 rpislola

1048 2177 1143 2212 Iszb;
1166 2177 1386 2209 ἁποδιαστεῶντες
1412 2178 1458 2205 τὸν
1483 2179 1578 2213 Λόγον,
1602 2179 1632 2206 τὸ
1652 2179 1681 2205 ἓν
1703 2179 1833 2207 τάλαντον

199 2218 234 2244 ad
251 2218 366 2253 reginam
378 2217 530 2252 quamdam.
548 2218 687 2246 Primitias
697 2218 780 2253 igitur
790 2218 987 2245 dormientium

1048 2221 1258 2254 ὶποϐάλλονται,
1283 2223 1331 2258 τὴν
1358 2222 1575 2260 ἐνανορώτιησιν.
1598 2240 1632 2244 -
1659 2225 1714 2252 Τοῦ
1739 2226 1833 2252 αὐτοῦ

199 2264 274 2291 hunc
292 2268 380 2296 vocat,
399 2269 526 2299 tanquam
541 2265 755 2300 primogenitum
770 2265 988 2292 mortuorum”.

198 2310 251 2343 Qui
265 2318 427 2346 resurgens,
443 2315 471 2337 et
484 2311 580 2338 volens
594 2311 740 2338 ostendere
757 2311 783 2337 id
805 2311 893 2346 ipsum
913 2319 991 2338 resu—

198 2357 325 2384 scitatum
339 2357 412 2392 quod
424 2361 563 2384 mortuum
583 2358 682 2389 fuerat,
696 2357 889 2385 dubitantibus
906 2358 989 2385 disci-

199 2404 287 2438 pulis,
303 2399 447 2430 accersens
462 2403 606 2436 Thomam,
627 2403 695 2429 dixit
711 2412 717 2429 ε
738 2413 746 2428 ε
762 2403 879 2435 Accede,
898 2404 988 2438 palpa,

197 2454 226 2477 et
247 2449 308 2476 vide
321 2469 328 2481 ,
354 2449 419 2483 quia
435 2448 549 2483 spiritus
564 2455 675 2476 carnem
692 2452 721 2476 et
735 2456 797 2475 ossa
816 2457 869 2476 non
893 2449 988 2482 habet,

235 2526 258 2541 τ’
274 2525 340 2561 Cap.
356 2525 400 2552 59.
438 2526 461 2541 ’³
477 2525 543 2561 Cap.
560 2526 603 2553 se.
651 2526 823 2557 "Lib.v.c.
842 2527 863 2553 ι.

236 2604 289 2640 (66)
316 2605 426 2640 Ἀνακρ.
444 2604 562 2632 Grabius
575 2605 608 2632 ad
621 2605 649 2632 h.
663 2604 682 2632 l.
701 2605 875 2632 commendat
889 2606 984 2633 lectio.

200 2647 262 2667 nem
280 2641 431 2675 ἀνακρινεῖ,
439 2640 499 2675 ejus
515 2644 605 2668 tamen
617 2648 671 2667 non
685 2640 765 2668 video
778 2641 981 2668 necessitatem.

198 2675 319 2711 tremens
337 2674 410 2711 enim
434 2674 461 2701 in
481 2675 573 2703 multis
594 2684 655 2711 qua:
671 2676 829 2711 praacedunt
854 2677 930 2709 locis,
954 2681 984 2704 ut

199 2710 224 2738 ει
240 2710 285 2747 ἤδη
302 2710 450 2747 et_d_uo_b_us
463 2710 773 2747 proximisﬂoquiturm
787 2716 931 2746 priesente.

234 2745 290 2782 (67)
306 2745 372 2777 7116.
391 2744 473 2782 δὶιξιηῖ
495 2746 614 2773 habebat
632 2744 803 2778 Ὶέεόιόνπουξ,
832 2754 865 2774 ex
888 2748 987 2775 vitiosa

195 2780 326 2816 lectione,
345 2788 406 2815 quae
427 2781 483 2816 jam
506 2782 540 2809 ad
561 2782 664 2810 calcem
693 2782 760 2810 edit.
783 2782 861 2810 Hom.
887 2783 986 2810 horum

197 2815 368 2852 dialogorum
380 2815 524 2844 entendata
540 2817 600 2845 fuit.

230 2851 286 2886 L68)
303 2851 359 2879 δύν.
373 2851 423 2879 Ed.
438 2852 516 2880 Rom.
528 2858 554 2881 et
568 2853 641 2888 Lips.
655 2853 775 2882 δύναται.

1041 2269 1075 2294 et
1089 2267 1142 2301 τῆς
1155 2267 1209 2301 (75)
1223 2268 1297 2302 πρὸς
1305 2269 1453 2300 βασιλίδα
1465 2273 1529 2297 τινὰ
1539 2270 1714 2304 ἐπιστολῆς,
1733 2272 1834 2306 Ἀπαρ-

1043 2314 1093 2348 χὴν
1110 2312 1156 2340 οὖν
1170 2314 1263 2341 τοῦτον
1280 2315 1353 2348 λέγει
1365 2315 1419 2341 τῶν
1430 2316 1650 2351 κεκοιμημένων,
1666 2316 1713 2342 iit:
1728 2317 1834 2352 πρωτό-

1041 2367 1120 2385 τοκον
1143 2359 1195 2385 τῶν
1219 2359 1334 2395 νεκρῶν.
1360 2360 1407 2390 Ὃς
1429 2360 1568 2392 ἀναστὰς,
1598 2361 1644 2386 καὶ
1673 2360 1834 2394 βουλόμενος

1043 2404 1240 2436 ἐπιδεικνύναι,
1257 2406 1297 2431 ὅτι
1314 2404 1392 2431 τοῦτο
1413 2403 1447 2441 ἦν
1463 2405 1493 2431 τὸ
1509 2405 1703 2440 ἐγηγερμένον,
1718 2406 1784 2440 ὅπερ
1800 2403 1834 2440 ἦν

1042 2450 1088 2476 καὶ
1103 2450 1284 2485 ἀποθνῆσκον,
1296 2451 1479 2483 δισταζόντων
1493 2451 1548 2478 τῶν
1565 2451 1704 2487 μαθητῶν,
1720 2460 1826 2487 προσκα

917 2527 939 2542 ⁷⁸
951 2527 1055 2555 Coloss.
1078 2537 1096 2561 ι,
1114 2528 1156 2555 l8.

1074 2606 1128 2643 (69)
1139 2607 1177 2634 δέ.
1196 2607 1235 2634 Ex
1250 2607 1294 2640 ed.
1311 2607 1404 2635 Grabii
1422 2609 1565 2637 insertum.

1140 2651 1227 2705 ἕέρτ.
1245 2643 1295 2670 Ed.
1310 2643 1389 2670 Rom.
1403 2649 1432 2671 et
1444 2644 1518 2679 Lips.
1540 2645 1632 2680 μέρος.
1649 2644 1710 2672 Vid.
1727 2652 1754 2680 p,
1774 2643 1832 2677 i27,

1038 2684 1125 2704 SCDOI.
1140 2684 1183 2705 ῧὸ.

1071 2713 1128 2751 (fit)
1143 2712 1189 2739 τοῦ
1210 2714 1249 2744 et;
1268 2721 1296 2740 κ.
1319 2721 1344 2740 τ.
1360 2713 1385 2740 λ.
1403 2712 1594 2743 Hoc-unicum
1609 2719 1651 2743 est
1663 2715 1746 2751 hujus
1760 2722 1830 2749 opu-

1036 2748 1104 2775 sculi
1117 2749 1311 2782 fragmentum.

1072 2783 1128 2818 {72)
1146 2783 1228 2810 Οὺαλ.
1244 2784 1343 2818 Supra,
1360 2784 1528 2816 Βαλεντῖνος.

1074 2818 1130 2857 (75)
1150 2819 1182 2845 ὲκ
1199 2820 1248 2854 τῆς
1269 2828 1296 2845 κ.
1312 2828 1337 2857 τ.
1358 2819 1481 2857 λςιίξιιιι-ει
1504 2821 1585 2857 hujus
1598 2820 1684 2849 libelli
1706 2821 1826 2847 datam-

1038 2855 1141 2888 σμᾰτια
1157 2859 1307 2881 occurrunt
1322 2854 1348 2881 in
1366 2854 1430 2881 dial.
1446 2855 1472 2882 3.
