1953 3055
120 132 174 166 173

120 235 170 265 ἴδε,
192 235 234 260 ὅτι
247 232 358 268 πνεῦμα
378 231 475 258 ὀστοῦν
489 231 535 257 καὶ
557 230 645 264 σάρκα
667 229 716 255 οὐκ
730 229 800 263 ἔχει,
818 228 909 260 καθὼς

118 280 170 314 ἐμὲ
187 279 316 313 θεωρεῖτε
346 277 453 312 ἔχοντα.
479 286 488 301 ι
502 290 533 295 ——
553 275 608 302 Τοῦ
626 274 720 302 αὑτοῦ
734 274 767 300 ἐκ
779 273 832 300 τοῦ
857 274 909 299 λό-

117 335 176 360 γου
201 325 255 360 (74)
270 343 277 354 ,
302 323 355 350 τοῦ
401 323 445 355 εὶς
465 322 517 348 τὸν
543 319 693 348 Ἑλκιινᾶν
716 319 764 346 καὶ
789 320 832 351 εὶς
854 319 911 352 τὴν

121 373 247 398 Ἀνναν.
274 369 329 396 Καὶ
345 368 390 395 διὰ
412 368 489 394 τοῦτο
512 368 588 402 τρεῖς
605 366 696 401 καιροὶ
717 365 764 392 τοῦ
786 363 910 391 ἐνιαυτοῦ

119 415 324 452 προετυποῦντο
336 415 375 445 εἰς
390 413 470 440 αὐτὸν
485 413 530 439 τὸν
549 411 674 446 Σωτῆρα,
691 411 733 437 ἵνα
752 411 787 437 τὰ
804 418 911 444 προφη-

118 462 250 489 τευθέντα
269 461 334 496 περὶ
354 459 437 486 αὑτοῦ
463 459 600 494 μυστήρια
619 456 773 493 ἐπιτελέσῃ.
798 455 843 482 Ἑν
863 455 911 490 μὲν

118 508 159 543 τῷ
175 508 276 541 πάσχα.
294 507 337 532 ἴνα
349 505 444 532 ἑαυτὸν
457 504 577 539 ἐπιδείξῃ
590 503 635 529 τὸν
652 502 783 538 μέλλοντα
795 501 833 532 ὡς
847 501 912 536 πρό-

119 554 204 580 ϐατον
216 551 338 583 θύεσθαι,
350 552 397 578 καὶ
411 550 537 585 ἀληθινὸν
557 549 649 583 πάσχα
664 547 830 579 δείκνυσθαι,
848 546 885 577 ὡς
899 547 913 572 6

125 599 290 628 Ἀπόστολος
304 598 389 631 λέγει,
415 607 424 622 ι
443 596 481 622 T6
494 596 522 622 δὲ
542 596 633 629 πάσχα
656 593 734 629 ἡμῶν
750 593 819 628 ὑπὲρ
833 591 913 626 ἡμῶν

120 647 204 680 ἐτύθη
219 644 335 680 Χριστὸς
347 645 360 670 6
379 643 454 674 Θεός.
472 652 480 668 ι
506 642 550 668 Ἐν
567 641 595 667 δὲ
612 642 644 676 τῇ
664 640 849 674 Πεντηκοστῇ,
869 638 912 664 ἵνα

120 691 288 726 προσημήνῃ
303 689 352 723 τὴν
367 688 421 714 τῶν
441 687 564 722 οὐρανῶν
579 685 728 720 βασιλείαν,
745 683 826 714 αὐτὸς
842 682 915 717 πρῶ·

120 746 167 769 τος
182 738 221 767 εἰς
237 735 368 771 οὐρανοὺς
381 733 495 764 ἀναϐὰς,
507 733 554 758 καὶ
563 732 607 758 τὸν
623 730 764 766 ἄνθρωπον
772 729 857 765 δῶρον
876 727 914 764 τῷ

121 783 183 817 Θεῷ
209 782 405 816 προσενέγκας.
430 794 463 798 -
486 778 540 805 Τοῦ
561 777 655 804 αὐτοῦ
683 776 716 803 ἐκ
729 775 782 802 τοῦ
800 775 893 809 λόγου
906 794 913 806 ,

120 828 175 854 τοῦ
188 827 242 862 (75)
252 827 294 859 εἰς
310 825 367 859 τὴν
380 824 461 857 ᾠδὴν
474 822 530 857 τὴν
542 822 689 856 μεγάλην.
708 821 736 848 '0
751 821 796 847 τὸν
810 820 915 847 ἀπολω-

651 127 839 158 DIALOGUS
858 125 898 154 ll.
918 136 953 140 —
972 124 1218 155 INCUNFUSUS.

118 188 270 223 ὴσάμενος
286 186 332 212 τὸν
343 186 454 220 Θωμᾶν,
471 185 533 218 ἔφη,
549 193 558 208 ι
581 183 675 220 Δεῦρο,
688 182 849 217 ψῃλάφησον
864 183 911 208 καὶ

969 181 1034 208 εἰειιι
1045 190 1088 209 me
1101 182 1202 209 videtis
1217 180 1377 209 habere".n
1394 197 1428 200 —
1446 181 1622 216 Ejusdem,“
1631 188 1751 207 sermone
1794 211 1800 218 1

1700 123 1753 154 ιτι

960 229 988 254 in
1005 228 1151 255 [lett-annm
1166 233 1190 255 et
1203 228 1320 255 Annum.
1348 227 1466 258 Proinde
1483 227 1535 254 tria
1549 227 1613 254 anni
1627 230 1751 261 tempora

961 273 1135 301 Servatorcm
1148 275 1236 308 ipsum
1252 274 1442 309 designabant,
1457 277 1486 300 ut
1497 280 1557 308 quae
1566 272 1601 300 de
1612 273 1672 307 ipso
1683 280 1752 307 pra:—

961 320 1033 347 dicta
1046 324 1125 347 erant
1138 320 1267 355 mysteria
1277 323 1428 354 perageret.
1446 320 1473 346 lu
1487 319 1619 346 Paschate
1628 318 1750 353 quidem.

963 371 993 393 ut
1013 366 1171 393 ostenderet
1195 373 1255 393 sese
1283 371 1411 401 tanquam
1429 373 1508 395 ovem
1530 364 1750 395 sacrificandum,

961 416 988 438 ct
999 419 1095 438 Verum
1106 411 1210 439 Pascha
1221 411 1419 443 exhibiturum,
1432 412 1503 438 sicut
1513 411 1580 438 dicit
1588 410 1750 445 Apostolus:

967 467 976 483 ι
989 459 1090 486 Pascha
1112 463 1204 485 autem
1228 463 1354 485 nostrum
1375 466 1425 492 pro
1442 457 1522 484 nobis
1542 457 1699 484 immolatus
1712 460 1754 484 est

962 502 1088 530 Christus
1101 504 1215 530 Deus".
1230 513 1239 528 ›
1272 503 1301 530 ln
1321 503 1482 530 Pentecoste
1496 510 1578 533 vero,
1595 506 1625 529 ut
1639 510 1753 537 regnum

962 548 1096 576 caelorum
1119 548 1344 583 prmsigniﬁcaret
1354 569 1360 580 ,
1386 552 1416 575 ut
1428 548 1474 582 qui
1491 548 1575 575 caelos
1589 548 1696 582 primus
1708 556 1754 575 as-

963 595 1067 627 cendit,
1091 595 1203 630 Deoquc
1227 595 1292 622 doni
1322 596 1408 622 instar
1433 595 1573 621 hominem
1587 595 1697 622 obtulit.
1721 609 1756 614 ~—

964 640 1101 674 Eiusdem,
1119 649 1149 668 ex
1159 649 1279 668 sermone
1294 641 1322 667 in
1334 648 1460 676 magnum
1474 641 1615 667 canticum.
1633 640 1686 673 Qui
1698 641 1756 675 pri-

964 695 1040 714 mum
1051 687 1190 714 hominem
1206 695 1239 715 ex
1252 691 1322 714 terra
1336 687 1493 718 formatum,
1506 694 1569 713 cum
1582 687 1674 721 lapsus
1684 691 1758 714 esset

965 731 1117 766 mortisque
1137 732 1257 760 vinculis
1270 732 1411 763 astrictus,
1433 739 1467 759 ex
1480 731 1758 759 inﬁmoinfernoeri-

965 779 1041 813 puit,
1067 778 1114 813 qui
1129 786 1145 805 e
1160 778 1268 813 superis
1281 778 1434 809 descendit.
1454 782 1482 805 et
1496 777 1612 805 inferius
1620 778 1768 813 jacentem.

966 825 1000 851 ad
1014 832 1132 859 superna
1143 824 1242 852 extulit
1254 833 1260 851 :
1273 824 1321 859 qui
1333 828 1504 851 mortuorum
1517 823 1568 851 fuit
1579 825 1756 859 evangelista.

120 860 229 900 λόταέκ
241 873 292 907 γῆς
304 870 516 907 πρωτόπλαστον
530 869 681 904 ἄνθρωπον,
700 869 747 894 καὶ
763 869 790 894 ὲν
805 867 914 903 δεσμοῖς

971 869 1049 904 132
1066 870 1223 904 redemptor
1245 870 1410 901 animarum,
1427 874 1455 897 et
1477 870 1648 904 sepultorum
1664 879 1758 898 resur-

122 919 239 945 θανάτου
257 917 451 953 κρατούμενον,
471 914 499 947 ἐξ
510 914 573 950 ᾅδου
588 914 744 941 κατωτὲιτου
761 913 886 945 ἑλκύσας·
902 914 916 939 6

122 964 228 991 ἄνωθεν
242 962 392 994 κατελθὼν,
411 962 458 988 καὶ
470 961 514 991 τὸν
534 961 609 987 κάτω
630 960 668 991 εἰς
685 960 719 986 τὰ
736 959 791 986 ἅνω
807 959 916 993 ἀνενέγ-

122 1018 185 1041 κας*
204 1011 218 1036 6
235 1009 289 1036 τῶν
313 1008 418 1044 νεκρῶν
438 1007 651 1041 εὖαγγελιστὴς,
677 1006 724 1032 καὶ
746 1005 801 1032 τῶν
823 1005 916 1040 ψυχῶν

122 1056 274 1090 λυτρωτὴς,
291 1056 337 1081 καὶ
350 1054 494 1085 ἀνάστασις
509 1053 562 1079 τῶν
573 1052 752 1086 τεθαμμένων
763 1052 914 1086 γινόμενος,

123 1100 201 1132 οὗτος
214 1099 247 1135 ἦν
264 1101 278 1126 6
297 1099 345 1126 τοῦ
367 1098 544 1134 νενικημένου
565 1096 710 1132 ἀνθρώπου
733 1096 916 1131 γεγενημένος

124 1147 232 1182 βοηθὸς,
249 1147 310 1173 κατ’
332 1145 412 1172 αὐτὸν
429 1146 521 1178 ὅμοιος
536 1143 622 1178 αὐτῷ,
645 1142 817 1176 πρωτότοκος
831 1142 917 1176 Λόγος

123 1195 170 1220 τὸν
184 1191 395 1228 πρωιόπλαστον
418 1191 501 1225 Ἀδὰμ
514 1191 543 1216 ὲν
556 1190 589 1224 τῇ
603 1188 733 1224 Παρθένῳ
755 1188 916 1214 ἐπισκεπτό-

127 1248 206 1275 μενος
218 1247 224 1253 ·
241 1240 255 1265 6
277 1236 460 1273 πνευματικὸς
475 1236 521 1263 τόν
538 1235 630 1270 χοῖκὸν
648 1235 677 1261 ὲν
696 1236 729 1270 τῇ
751 1234 842 1269 μήτρᾳ
857 1235 917 1259 ἑπι-

126 1285 227 1320 ζητῶν·
247 1285 261 1311 ὁ
278 1285 322 1311 ἀεὶ
341 1284 394 1316 ζῶν
412 1283 457 1309 τὸν
474 1281 518 1308 διὰ
541 1282 684 1316 παρακοῆς
705 1279 882 1306 ἀποθανόντα·
903 1279 917 1305 6

125 1331 253 1366 οὖράνιος
266 1331 311 1357 τὸν
333 1329 453 1363 ἐπίγειον
469 1329 509 1359 εὶς
523 1327 557 1354 τὰ
578 1327 633 1354 ἄνω
650 1325 749 1352 καλῶν·
772 1326 785 1352 ὁ
805 1325 918 1360 εὐγενὴς

127 1377 172 1404 τὸν
182 1376 274 1403 δοῦλον
286 1376 331 1402 διὰ
342 1375 389 1410 τῆς
405 1375 473 1405 ἰδίας
485 1373 610 1407 ὑπακοῆς
625 1372 767 1407 ἐλεύθερον
780 1371 918 1404 ἀποδεῖξαι

128 1423 222 1449 θέλων·
238 1424 252 1449 6
266 1422 311 1448 τὸν
325 1422 364 1452 εἰς
382 1421 432 1456 γῆν
448 1420 578 1455 λυόμενον
591 1418 742 1453 ἄνθρωπον,
759 1417 805 1443 καὶ
822 1417 919 1452 βρῶμα

127 1470 217 1503 ὄφεως
229 1468 422 1503 γεγενημένον,
438 1468 478 1497 εἰς
489 1465 631 1500 ἀδάμαντα
645 1463 757 1499 τρέψας,
769 1463 814 1489 καὶ
826 1463 918 1490 τοῦτον

128 1515 175 1541 ἐπὶ
184 1514 263 1546 ξύλου
276 1512 475 1548 κρεμασθέντα,
488 1511 590 1546 Κύριον
605 1510 675 1537 κατὰ
687 1509 733 1536 τοῦ
747 1509 919 1544 νενικηκότος

127 1560 288 1591 ἀποδείξας,
303 1558 350 1585 καὶ
364 1558 408 1584 διὰ
426 1557 506 1584 τοῦτο
527 1556 570 1583 διὰ
587 1556 666 1589 ξύλου
682 1554 828 1590 νικηφόρος
846 1555 919 1590 εὑρί-

128 1614 234 1633 σκεται.
247 1620 281 1626 --
295 1604 350 1630 Τοῦ
361 1602 464 1634 αὐτοῦ,
477 1602 511 1628 ἐκ
524 1601 577 1628 τοῦ
590 1600 684 1628 αὑτοῦ
695 1601 798 1635 λόγου,
817 1600 847 1626 Οἱ
865 1599 919 1635 γὰρ

127 1652 175 1678 τὸν
188 1652 252 1677 Υίὸν
271 1650 319 1676 τοῦ
336 1649 404 1676 Θεοῦ
417 1649 549 1684 ἕνσαρκον
567 1647 614 1673 νῦν
625 1647 661 1682 μὴ
679 1646 918 1680 ἐπιγινώσκοντες,

128 1697 327 1731 ἑπιγνὼσονται
342 1695 422 1721 αὐτόν
441 1694 539 1730 κριτὴν
555 1694 582 1719 ὲν
601 1692 665 1728 δόξῃ
687 1692 917 1728 παραγινόμενον,

127 1745 175 1771 τὸν
191 1743 238 1769 νῦν
257 1743 287 1769 ἐν
303 1741 388 1776 ἀδόξῳ
411 1740 518 1776 σώματι
541 1739 730 1774 ὑϐριζόμενον.
744 1754 778 1758 -
796 1738 851 1765 Τοῦ
864 1739 918 1765 αὺ-

128 1789 184 1816 τοῦ
204 1789 238 1816 ἐκ
253 1788 307 1815 τοῦ
331 1786 425 1815 αὑτοῦ
446 1787 548 1821 λόγου.
575 1786 630 1812 Καὶ
654 1785 709 1821 γὰρ
726 1785 750 1811 οἱ
774 1784 919 1811 ἀπόστολοι

129 1836 252 1866 ἐλθόντες
267 1836 308 1865 εἰς
329 1834 359 1860 τὸ
380 1833 510 1869 μνημεῖον
529 1833 562 1867 τῇ
583 1831 675 1867 ἡμέρα
697 1832 730 1866 τῇ
753 1831 846 1866 τρίτῃ,
871 1831 920 1866 οὐχ

130 1882 257 1916 εὕρισκον
280 1880 312 1907 τό
328 1880 406 1914 σῶμα
427 1879 473 1905 τοῦ
501 1877 606 1913 Ἰησοῦ’
627 1877 656 1904 ὃν
678 1877 778 1912 τρόπον
801 1877 854 1903 υἱοὶ
874 1876 919 1903 τοῦ

141 1922 244 1962 Ἰσραὴλ
263 1925 315 1961 τὴν
335 1926 423 1960 ταφὴν
439 1924 485 1951 τοῦ
507 1925 645 1955 Μωῡσέως
669 1924 820 1955 ἀναὸάντες
837 1924 866 1949 ἑν
883 1923 921 1958 τῷ

129 1974 186 2009 ὖρει
212 1974 336 2007 ἐζήτουν,
363 1971 409 1998 καὶ
429 1971 478 2006 οὐχ
503 1969 639 2006 εὕρισκον.
664 1985 698 1989 -
727 1970 783 1996 Τοῦ
812 1969 920 2002 αὑτοῦ,

130 2019 164 2046 ἐκ
183 2018 237 2053 (76)
257 2017 312 2052 τῆς
336 2017 494 2052 ἑρμηνείας
513 2015 566 2043 τοῦ
583 2016 614 2048 β’
637 2015 772 2050 ψαλμοῦ.
800 2013 884 2047 Οὗτος
908 2016 922 2041 6

131 2064 272 2099 προελθὼν
290 2065 330 2095 εἰς
345 2063 389 2090 τὸν
401 2063 514 2098 κόσμον,
524 2062 590 2094 Θεὸς
608 2062 655 2088 καὶ
668 2061 810 2097 ἄνθρωπος
824 2062 918 2096 ἐφανε-

133 2110 218 2147 ρώθη.
240 2110 295 2136 Καὶ
317 2109 362 2135 τὸν
385 2109 433 2144 μὲν
450 2108 592 2144 ἄνθρωπον
613 2107 695 2134 αὑτοῦ
725 2107 843 2138 εὐκόλως
865 2106 922 2133 ἐστι

132 2157 214 2187 νοεῖν,
233 2156 277 2182 ὅτε
297 2155 389 2190 πεινᾷ,
407 2154 455 2180 καὶ
478 2154 571 2189 κοπιᾷ,
589 2153 635 2180 καλ.
650 2153 762 2188 κάμνων
778 2152 857 2188 διψᾷ,
875 2152 923 2179 καὶ

133 2202 238 2228 δειλιῶν
254 2201 360 2235 φεύγει,
374 2201 420 2227 καὶ
435 2200 652 2236 προσευχὸμενος
665 2199 799 2231 λυπεῖται,
814 2199 861 2226 καὶ
876 2199 922 2225 ἐπὶ
938 2216 960 2243 D

133 2246 355 2282 προσκεφαλαίου
371 2245 506 2278 καθεύδει,
526 2245 574 2271 καὶ
585 2245 715 2279 ποτήριον
735 2244 839 2276 πάθους
851 2253 921 2280 παρ-

133 2294 260 2323 αιτεῖται,
284 2293 331 2318 καὶ
348 2290 471 2325 ἀγωνιῶν
485 2291 562 2326 ἱδροῖ,
582 2291 629 2317 καὶ
652 2291 699 2316 ὑπ’
715 2290 830 2324 ἀγγέλου
844 2290 924 2317 δυνα-

135 2338 249 2374 μοῦται,
265 2338 311 2364 καὶ
324 2337 377 2364 ὑπὸ
397 2337 482 2363 ’ἰούδα
499 2336 684 2374 παραδίδοται,
699 2336 747 2363 καὶ
760 2335 923 2372 ἀτιμάξὲται

133 2383 188 2411 ὑπὸ
200 2385 326 2418 Καῖάφα,
344 2383 390 2410 καὶ
402 2383 456 2409 ἀπο
474 2382 594 2418 Ἡρώδου
610 2382 802 2415 ὲξουθεηεῖται,
828 2382 924 2416 μαστί-

132 2430 212 2462 ζεταί
223 2439 251 2456 τε
265 2430 317 2456 ὑπὸ
329 2429 455 2462 Πιλάτου,
468 2429 516 2455 καὶ
529 2428 581 2455 ὑπὸ
596 2428 770 2463 στρατιωτῶν
784 2428 921 2460 παίζεται,

132 2477 182 2503 καὶ
198 2476 251 2502 ὑπὸ
279 2476 413 2503 Ἰουδαίων
434 2475 506 2510 ξύλῳ
528 2475 736 2510 προσπήγνυται
750 2495 756 2507 ,
784 2476 830 2501 καὶ
856 2474 924 2510 πρὶς

132 2522 244 2558 Πατέρα
268 2522 336 2558 βοῶν
358 2522 538 2558 παρατίθεται
554 2522 585 2547 τὸ
609 2521 736 2555 πνεῦμα,
759 2521 806 2547 καὶ
827 2517 924 2547 κλίνων

132 2568 254 2604 κεφαλὴν
277 2570 390 2600 ἑκπνεϊ,
408 2568 456 2595 καὶ
470 2567 589 2603 πλευρὰν
611 2567 696 2602 λόγχῃ
718 2566 844 2593 νύσσεται
857 2586 863 2596 .
877 2566 924 2592 καὶ

133 2614 233 2642 σινδόνι
247 2614 422 2650 ἑλισσόμενος
436 2616 464 2641 ὲν
478 2613 603 2650 μνημείῳ
618 2612 732 2644 τίθεται,
747 2612 794 2639 καὶ
811 2612 923 2648 τριήμε-

171 2696 194 2712 "
207 2696 284 2724 Joan.
303 2704 348 2728 xx,
359 2695 405 2723 27.
444 2696 465 2712 "
484 2695 568 2724 lCor.
581 2704 608 2729 ν,
621 2697 648 2723 7.
688 2696 790 2731 ",Luc.
805 2703 878 2728 xxxv,
893 2695 937 2721 ‘26.

182 2775 226 2809 74)
240 2775 298 2809 λόγ.
312 2774 371 2801 τοῦ.
388 2773 565 2802 Inserendum
578 2774 638 2802 fuit.
652 2774 713 2802 Vid.
725 2782 817 2809 supra,
835 2781 863 2809 ι),
878 2773 921 2800 55.

182 2811 226 2845 ἷ5)
244 2812 276 2837 ἐκ
294 2809 341 2836 τοῦ
359 2817 386 2836 κ.
403 2818 428 2836 τ.
445 2810 470 2837 λ.
487 2809 544 2837 Hoc
560 2814 665 2837 tantum
688 2810 749 2837 loco
771 2809 921 2844 fragmenta

133 2854 165 2876 ex
182 2847 253 2875 libro
269 2846 322 2873 isto
339 2849 454 2872 exstant.

969 915 1065 947 rectio,
1083 915 1127 943 hic
1142 920 1202 943 erat
1227 916 1275 951 qui
1291 916 1393 943 devicti
1405 916 1526 943 hominis
1538 916 1589 943 fuit
1600 916 1757 948 auxiliator.

967 961 1119 988 secundum
1135 961 1225 996 ipsum
1239 962 1337 988 similis
1348 961 1397 993 illi,
1412 961 1625 996 primogenitum
1635 962 1757 989 Verbum

968 1009 1167 1043 protoplastum
1180 1000 1314 1035 Adamum
1325 1008 1353 1035 in
1365 1008 1476 1042 Virgine
1489 1008 1618 1041 visitans;
1630 1009 1759 1044 spiritua-

967 1054 1011 1086 lis,
1027 1058 1166 1081 terrenum
1182 1054 1210 1081 in
1221 1059 1299 1081 utero
1312 1062 1453 1089 quaerens;
1467 1062 1575 1090 semper
1590 1055 1695 1087 vivens,
1710 1063 1759 1090 per

968 1101 1184 1129 inobedicntiam
1208 1105 1362 1133 mortuum;
1389 1100 1522 1132 coalestis,
1552 1104 1692 1128 terrenum
1707 1101 1758 1127 'ad

968 1155 1085 1182 superna
1098 1155 1214 1180 vocans;
1230 1147 1341 1179 nobilis,
1356 1155 1467 1173 servum
1481 1155 1529 1181 per
1541 1155 1617 1174 suam
1629 1147 1760 1174 obedien-

969 1194 1034 1221 tiam
1048 1193 1176 1221 libertate
1191 1194 1294 1228 donare
1310 1193 1422 1225 volens;
1437 1193 1482 1227 qui
1498 1193 1525 1219 in
1539 1197 1640 1220 terram
1656 1194 1760 1221 resolu-

969 1243 1026 1266 tum
1042 1239 1194 1267 hominem.
1211 1239 1359 1272 cibumque
1373 1238 1510 1272 serpentis
1523 1237 1639 1271 factum,
1664 1239 1692 1266 in
1710 1240 1759 1267 ad«

968 1289 1105 1311 amantem
1130 1284 1286 1316 convertit,
1318 1288 1345 1310 et
1370 1283 1444 1310 hunc
1464 1283 1492 1310 in
1507 1284 1582 1318 ligno
1594 1293 1759 1320 suspensum

968 1329 1115 1357 Dominqu
1134 1329 1268 1357 adversus
1284 1329 1416 1356 victorem
1432 1330 1598 1362 declaravit,
1625 1335 1707 1365 atque
1724 1332 1761 1359 ita

969 1384 1019 1410 per
1039 1375 1144 1410 lignum
1159 1375 1248 1403 victor
1263 1375 1456 1402 invenitur.——
1471 1376 1606 1411 Ejusdem,
1626 1385 1657 1404 ea:
1671 1378 1761 1404 eodem

968 1429 1098 1448 sermone.
1136 1420 1188 1454 Qui
1203 1420 1276 1447 enim
1301 1421 1400 1448 Filium
1424 1420 1472 1447 Dci
1499 1421 1671 1448 incarnatum
1688 1431 1761 1449 nunc

970 1474 1023 1493 non
1039 1470 1190 1501 agnoscunt
1203 1486 1209 1498 ,
1235 1469 1384 1500 agnoscent
1399 1465 1487 1500 ipsum
1498 1465 1620 1500 judicem
1637 1466 1761 1501 ingloria

971 1512 1138 1544 venientem,
1153 1519 1234 1546 quem
1248 1519 1322 1538 nunc
1335 1511 1362 1538 in
1373 1519 1488 1546 corpore
1498 1511 1613 1546 inglorio
1621 1516 1762 1539 contume-

970 1559 1014 1586 liis
1030 1558 1199 1586 afﬁciunl.——
1212 1557 1350 1592 Ejusdem,
1365 1565 1396 1584 ea:
1408 1557 1497 1584 eodem
1508 1566 1637 1584 sermone.
1654 1558 1762 1585 Etenim

970 1604 1085 1639 apostoli
1101 1624 1108 1636 ,
1135 1611 1198 1631 cum
1213 1602 1355 1630 venissent
1372 1602 1405 1630 ad
1420 1607 1628 1630 monumentum
1646 1604 1690 1631 die
1705 1609 1761 1632 ter—

971 1651 1046 1682 tio”,
1070 1658 1125 1677 non
1140 1650 1307 1677 invenerunt
1321 1657 1422 1685 corpus
1435 1649 1511 1682 Jesu,
1529 1650 1759 1685 quemadmodum

971 1695 1019 1722 filii
1032 1695 1139 1723 lsraelis
1153 1699 1273 1722 montem
1287 1695 1504 1723 conscendentes
1512 1695 1669 1730 sepulcrum
1680 1695 1762 1723 Mosis

970 1741 1150 1776 quaesierunt,
1159 1745 1188 1767 et
1199 1747 1255 1767 non
1266 1740 1474 1768 invenerunt”.
1483 1756 1518 1760 ——
1530 1740 1667 1776 Ejusdem,
1681 1749 1712 1768 ex
1722 1742 1763 1768 in-

971 1787 1159 1822 terpretatione
1185 1786 1282 1821 psalmi
1310 1795 1339 1814 η.
1357 1786 1416 1819 Hie,
1446 1787 1493 1821 qui
1520 1788 1595 1814 venit
1628 1787 1656 1814 in
1684 1796 1763 1815 mun-

971 1834 1048 1866 dum,
1065 1834 1138 1861 Deus
1158 1838 1186 1861 et
1201 1833 1283 1860 homo
1300 1833 1493 1861 manifestatus
1504 1838 1555 1861 est.
1575 1835 1609 1862 Et
1623 1835 1762 1863 hominem

971 1880 1082 1915 quidem
1096 1887 1160 1907 cum
1171 1880 1256 1908 fuisse
1271 1879 1352 1907 facile
1366 1880 1540 1915 intelligitur,
1553 1881 1617 1908 dum
1633 1883 1721 1910 esurit
1735 1888 1763 1911 et

971 1926 1148 1960 defatigatur,
1175 1930 1202 1953 et
1225 1925 1356 1961 fatigatus
1371 1926 1438 1959 sitit,
1454 1931 1482 1953 et
1496 1933 1622 1955 metuens
1638 1928 1716 1964 fugit,
1736 1935 1764 1956 et

972 1979 1055 1999 orans
1066 1971 1178 1999 tristitia
1188 1971 1316 2003 afﬁcitur,
1327 1976 1356 1999 et
1367 1972 1395 1999 in
1405 1973 1532 2000 cervicali
1542 1973 1653 2007 dormit,
1663 1979 1691 2002 et
1699 1976 1764 2003 cali-

973 2026 1032 2046 cem
1059 2017 1194 2053 passionis
1216 2017 1397 2052 deprecatur,
1416 2022 1443 2045 et
1459 2018 1486 2045 in
1501 2027 1602 2054 angore
1623 2020 1717 2052 sudat,
1735 2027 1764 2047 et

975 2063 1053 2098 133
1068 2062 1102 2089 ab
1118 2063 1214 2097 angelo
1228 2062 1418 2096 confirmatur,
1436 2068 1464 2091 et
1477 2072 1491 2091 a
1504 2065 1574 2092 Juda
1589 2066 1718 2099 traditur,
1736 2073 1763 2095 et

973 2109 1171 2137 contumeliose
1185 2114 1317 2137 tractatur
1334 2118 1349 2137 a
1362 2109 1475 2145 Caipha,
1491 2111 1564 2138 etab
1580 2112 1686 2140 llerode
1699 2121 1764 2140 con-
1810 2131 1812 2135 τ

974 2154 1119 2187 temnitur,
1139 2158 1167 2181 et
1182 2162 1197 2181 a
1209 2154 1297 2181 Pilato
1309 2154 1475 2189 ﬂagellatur,
1493 2160 1521 2182 et
1538 2163 1553 2182 a
1570 2156 1705 2184 militibus
1717 2157 1750 2185 de

975 2201 1081 2228 ridetur
1092 2221 1098 2233 ,
1125 2204 1152 2227 et
1176 2208 1191 2227 a
1215 2200 1318 2228 ludatis
1334 2200 1408 2235 ligno
1421 2200 1550 2236 anigitur,
1568 2207 1596 2230 et
1608 2203 1641 2230 ad
1654 2204 1763 2231 Patrem

974 2247 1095 2274 clamans
1107 2246 1281 2274 commendat
1291 2246 1429 2282 spiritum,
1444 2251 1472 2274 et
1483 2247 1618 2275 inclinans
1630 2254 1711 2284 caput
1719 2258 1764 2277 ex-

972 2293 1068 2328 spirat,
1079 2297 1106 2320 et
1119 2292 1213 2319 lancea
1226 2293 1297 2319 latus
1308 2292 1450 2327 pungitur,
1460 2297 1487 2319 et
1498 2294 1614 2321 sindone
1626 2295 1765 2324 involuta;

973 2338 1000 2364 in
1026 2342 1206 2364 monumento
1221 2337 1349 2372 ponitur,
1377 2341 1405 2364 et
1433 2339 1515 2365 tertio
1530 2338 1575 2366 die
1589 2347 1604 2366 a
1620 2340 1700 2367 Patre
1717 2349 1765 2368 su-

973 2383 1098 2410 scitatur.
1109 2383 1233 2410 Divinam
1247 2391 1312 2410 vero
1326 2383 1411 2418 ipsius
1423 2388 1548 2411 naturam
1563 2385 1657 2413 itidem
1670 2386 1765 2415 distin-

973 2433 1018 2456 cte
1034 2428 1128 2455 videre
1151 2429 1225 2460 licet,
1253 2429 1363 2464 quando
1375 2429 1409 2456 ab
1425 2430 1530 2465 angelis
1546 2431 1687 2465 adoratur,
1706 2437 1733 2460 et
1751 2444 1764 2460 ει

974 2474 1132 2510 pastoribus
1148 2474 1328 2509 conspicitur,
1356 2479 1384 2502 et
1399 2480 1576 2511 exspectatur
1593 2485 1608 2504 a
1625 2478 1764 2511 Simeonc,

974 2526 1001 2548 et
1017 2521 1101 2548 Annm
1116 2525 1230 2548 Ornatur
1246 2521 1403 2549 testimonio
1415 2543 1421 2554 ,
1449 2528 1477 2549 et
1492 2530 1506 2549 a
1524 2523 1607 2559 Magis
1621 2526 1764 2560 quaeritur,

973 2571 1002 2594 et
1019 2575 1067 2602 per
1085 2567 1191 2594 stellam
1207 2567 1356 2599 indicatur,
1375 2573 1403 2596 et
1419 2576 1452 2595 ex
1466 2577 1536 2604 aqua
1558 2570 1584 2597 in
1602 2572 1707 2606 nuptiis
1723 2573 1765 2599 vi~

975 2622 1039 2642 num
1056 2613 1129 2645 facit,
1147 2618 1175 2641 et
1188 2622 1264 2641 mare
1280 2615 1307 2641 vi
1319 2619 1464 2642 ventorum
1478 2617 1610 2650 agitatum
1630 2618 1764 2654 increpat,

977 2696 999 2711 ⁷’
1015 2695 1094 2722 Deut.
1114 2703 1203 2726 xxxw,
1214 2694 1239 2720 6.

1082 2773 1114 2798 ἐκ
1127 2772 1176 2813 τῆς
1199 2781 1225 2798 κ.
1242 2781 1271 2813 Ξ.
1286 2773 1316 2813 ιλ.
1333 2772 1389 2800 lloc
1404 2774 1515 2802 unicum
1531 2780 1573 2807 est
1588 2776 1670 2813 hujus
1683 2786 1767 2813 opus-

976 2808 1032 2848 culi
1042 2808 1234 2849 fragmentum.
1242 2807 1474 2849 Unicqm_quoque
1486 2815 1536 2844 est,
1546 2812 1617 2846 quod
1624 2807 1768 2849 sequi-turn

977 2850 1009 2869 ex
1026 2844 1251 2878 interpretatione
1271 2844 1368 2879 psalmi
1381 2852 1453 2872 χχιιι.
