1959 3052
173 112 223 143 183

672 110 916 141 ΤΗΕΟΒΟΒΕΤΙ
937 111 1106 142 EPISCOPI
1124 111 1308 141 CYRENSIS

1756 108 1813 142 183;

171 166 247 194 tiam.
270 162 423 193 secundum
444 171 526 198 quam
551 167 579 189 et
597 162 722 189 omnium
749 167 792 189 est
822 162 960 189 conditor.

1024 164 1108 190 ιὺσίαν
1121 164 1154 199 ἣν
1171 163 1285 198 ἀνέλαβε
1296 183 1303 196 ,
1326 163 1373 191 καὶ
1395 164 1539 199 λελυμένον
1556 163 1657 199 ἐγείρει
1680 164 1725 191 τὴν
1742 166 1811 192 ναὸν

170 211 316 245 Nunquam
329 213 391 244 post
415 209 555 250 unionem,
580 216 662 243 quam
686 207 741 235 sibi
759 216 792 235 ex
812 208 870 242 ipsa
892 215 960 235 con-

171 257 298 292 ceptione
312 255 391 283 unire
402 255 530 290 dignatus
547 257 598 285 est.
617 254 661 281 vel
680 261 696 280 ιι
722 261 773 281 suo
802 253 903 288 templo
919 261 963 280 re-

170 303 282 333 cedens,
300 302 342 328 vel
367 305 481 336 propter
501 300 670 327 ineﬂ‘abilem
693 300 891 335 benignitatem
912 307 962 326 va-

171 349 230 378 lens
238 348 376 375 recedere.
389 347 443 374 Sed
454 347 527 374 idem
535 350 578 374 est
589 346 760 380 passibilisct
769 345 961 380 impassibilis:

171 392 310 426 passibilis
324 391 476 419 secundum
491 390 704 423 humanitatem,
728 390 905 425 impassibilis
917 398 964 417 se—

174 437 295 465 cundum
313 436 497 470 divinitatem.
517 437 615 464 Videte
632 436 705 463 enim
716 444 723 468 ;
734 436 825 463 videte
835 444 887 468 me,
900 436 964 471 quia

174 483 250 519 14],
273 491 324 518 ego
340 491 412 515 sum,
432 487 460 510 et
485 491 539 510 non
564 487 666 510 mutor.
693 482 866 510 Resuscitato
882 482 966 517 igitur

172 529 274 564 templo
285 537 336 559 suo
344 530 419 557 Deus
432 529 564 561 Verbum,
587 533 616 556 et
636 529 664 556 in
678 529 737 563 ipso
746 532 853 555 naturae
864 532 966 555 nostrae

174 574 378 604 resurrectione
396 582 427 602 ac
438 575 616 602 renovatione
623 574 754 609 perlecta,
766 574 838 601 hanc
845 573 968 608 discipu-

173 621 207 647 lis
219 621 278 648 suis
286 621 437 648 ostendeus
463 620 591 648 dicebat:
613 630 621 646 I
634 620 745 654 Palpate
761 628 804 647 me
818 624 846 647 et
862 619 965 652 videte,

173 675 237 694 nam
249 667 365 702 spiritus
379 675 490 694 carnem
504 672 533 694 et
543 674 605 694 ossa
617 666 775 701 nonLhabct,
785 666 857 694 sicut
866 666 967 694 videtis

174 721 216 740 me
227 712 293 749 (non
301 713 366 745 me,
374 713 432 748 sed)
444 713 546 740 habere
554 713 613 728 ’Μ’
625 721 632 745 ;
649 721 658 739 ι
671 716 735 739 utet
746 712 893 740 habentem
903 715 931 739 et
940 712 967 739 id

172 759 246 794 quod
254 759 372 786 habetur
386 759 578 791 considerans,
591 766 646 785 non
656 758 825 791 mistionem,
834 766 890 785 non
901 765 968 785 eon-

174 805 340 837 versionem,
347 813 398 832 ncc
404 805 608 837 alterationem,
618 804 666 832 sed
674 805 806 832 unionem
817 804 915 832 factam
927 803 968 830 in-

1012 211 1026 235 ὁ
1043 209 1124 241 αὐτὸς
1141 209 1212 236 κατὰ
1227 209 1276 245 τὴν
1298 209 1374 236 θείαν
1391 210 1495 241 οὐσίαν,
1513 210 1574 237 καθ’
1590 210 1623 245 ἣν
1634 211 1682 237 καὶ
1698 210 1810 238 πάντων

1014 255 1132 290 ὑπάρχει
1146 255 1322 291 δημιουργός.
1344 255 1480 282 οὐδέποτε
1504 255 1575 291 μετὰ
1588 255 1637 291 τὴν
1651 255 1758 287 ἕνωσιν.
1773 256 1812 291 ἣν

1014 300 1043 333 ἐξ
1055 300 1141 335 αὐτῆς
1156 302 1206 335 τῆς
1223 301 1383 336 συλλήψεως
1400 301 1488 335 ἑαυτῷ
1503 300 1603 328 ἐνῶσαι
1623 301 1808 335 κατηξίωσεν,

1014 346 1031 381 ἢ
1047 346 1170 378 ἀποστὰς
1191 346 1239 373 τοῦ
1256 347 1358 374 οἰκείου
1381 346 1498 382 ναοῦ,ἦ
1520 347 1672 381 ἀποστῆναι
1692 348 1736 375 διὰ
1757 347 1811 382 τὴν

1015 392 1118 426 ἄφατον
1132 392 1336 428 φιλανθρωπίαν
1346 393 1504 427 δυνάμενος.
1526 392 1596 420 Ἀλλ’
1610 392 1684 419 ἐστιν
1695 394 1709 419 ὁ
1725 393 1810 424 αὐτὸς

1016 438 1139 473 παθητὸς
1157 438 1205 465 καὶ
1220 438 1328 474 ἀπαθής
1341 447 1347 454 ·
1367 438 1489 474 παθητὸς
1506 439 1577 466 κατὰ
1596 438 1645 474 τὴν
1663 438 1810 474 ἀνθρωπό-

1015 492 1094 518 τητα,
1115 483 1222 518 ἀπαθὴς
1238 484 1309 510 κατὰ
1322 484 1372 519 τὴν
1385 484 1511 519 θεότητα.
1543 484 1627 511 Ἴδετε
1655 484 1720 520 γὰρ,
1737 484 1812 510 ῐδετὲ

1019 538 1062 564 με,
1085 529 1127 556 ὅτι
1146 529 1201 563 ἐγώ
1219 531 1287 565 εἰμι,
1302 529 1349 556 καὶ
1362 530 1412 556 οὐκ
1432 530 1591 565 ἠλλοίωμαι.
1613 530 1738 566 Ἐγείρας
1752 539 1812 557 τοι-

1017 575 1120 610 γαροῦν
1139 575 1185 602 τὸν
1202 576 1300 602 ἑαυτοῦ
1316 576 1379 603 ναὸν
1396 577 1410 601 ὁ
1425 577 1492 608 Θεὸς
1507 577 1604 610 Λόγος,
1621 577 1669 603 καὶ
1690 578 1718 603 ὲν
1733 575 1813 611 αὐτῷ

1018 621 1066 657 τῆς
1089 621 1197 656 φύσεως
1219 622 1298 657 ήμῶν
1321 622 1472 649 ἀνάστασιν
1489 623 1535 649 καὶ
1559 622 1709 650 ἀνανέωσιν
1724 623 1813 658 ἐργα-

1019 668 1152 703 σάμενος.
1170 669 1218 694 καὶ
1236 668 1339 703 ταύτην
1356 670 1412 700 τοῖς
1429 669 1525 696 ἑαυτοῦ
1542 669 1678 704 μαθηταῖς
1699 668 1790 700 δείξας
1801 688 1811 700 ,

1019 713 1115 748 ἔλεγε,
1134 723 1143 739 ‹
1170 714 1358 750 Ψηλαφὴσατὲ
1383 723 1433 750 με,
1460 716 1508 742 καὶ
1523 715 1609 747 ἴδετε,
1635 715 1676 742 ὅτι
1702 714 1813 749 πνεῦμα

1020 759 1110 795 σάρκα
1130 760 1177 786 καὶ
1199 759 1281 787 ὀστέα
1301 760 1352 786 οὐκ
1379 760 1434 795 ἔχει
1447 781 1454 792 ,
1471 759 1563 792 καθὼς
1582 761 1633 795 ἐμὲ
1663 760 1812 795 θεωρεῖτε,

1019 805 1069 831 οὐκ
1089 805 1165 836 ὄντα,
1189 804 1246 831 ἀλλ’
1264 805 1360 840 ἔχοντα
1373 813 1379 820 '
1398 815 1407 831 ι
1429 806 1474 831 ἵνα
1496 805 1543 832 καὶ
1565 805 1610 832 τὸν
1635 805 1741 840 ἔχοντα,
1765 805 1815 832 καὶ

174 851 294 886 telligas.
310 851 375 878 ldco
388 856 416 879 et
428 851 544 886 vestigia
556 851 710 883 clavorum,
728 855 754 878 et
768 851 871 877 lancea:
883 850 968 877 ictum

1024 851 1052 877 τδ
1067 851 1124 886 (25)
1142 851 1272 886 ἐχόμενον
1284 852 1467 886 κατανοήσας,
1483 852 1513 878 οὑ
1525 852 1634 886 κρᾶσιν,
1650 851 1680 877 οὐ
1695 851 1812 886 τροπὴν,

174 897 339 924 monstravit
347 898 381 928 97,
396 901 521 924 etcoram
530 896 674 931 discipulis
685 896 806 924 comedit
816 896 883 928 ",ut
893 894 968 922 omni

174 942 280 970 ratione
291 946 397 969 naturze
412 946 514 969 nostrre
535 942 768 969 resurrectionem
786 941 812 967 in
838 949 866 968 se
882 947 967 967 reno-

174 990 264 1013 vatam
274 986 328 1013 illis
341 986 639 1021 persuaderet.Etcutn
646 986 798 1013 secundum
809 986 916 1013 beatam
928 985 968 1012 di—

173 1033 298 1060 vinitatis
313 1033 497 1060 substantiam
511 1032 675 1059 mutationis
690 1035 718 1059 et
733 1032 905 1059 allerationis
920 1039 969 1058 ex-

175 1087 248 1113 pers,
268 1079 458 1114 impassibilis,
487 1079 665 1111 immortalis,
693 1079 768 1106 nulla
790 1078 969 1112 re'indigcns

175 1130 259 1155 esset,
270 1125 413 1160 passiones
423 1133 520 1152 omnes
533 1126 637 1160 templo
651 1133 701 1152 suo
717 1124 814 1151 inferri
831 1123 967 1159 permisit,

176 1175 204 1197 et
217 1171 269 1198 hoc
285 1171 398 1206 propria
422 1171 546 1206 potentia
558 1171 700 1201 excitavit,
715 1175 742 1198 et
767 1178 815 1205 per
833 1170 967 1205 templum

177 1225 258 1244 suum
276 1218 428 1252 perfectam
446 1221 552 1245 naturze
580 1214 697 1244 nostrze'
708 1217 915 1244 renovationcm
931 1216 970 1244 ef-

176 1263 320 1290 fecit.Eos
344 1271 410 1290 vero
423 1263 469 1297 qui
493 1263 590 1290 dicunt
616 1262 722 1289 nudum
745 1263 884 1289 hominem
909 1270 969 1290 esse

176 1308 328 1341 Christum,
344 1309 387 1336 vel
412 1309 531 1344 passioni
554 1309 705 1336 obnoxium
721 1309 809 1336 Deum
836 1309 968 1340 Verbum,

177 1360 225 1382 aut
243 1355 271 1382 in
295 1363 405 1383 carnem
433 1363 609 1387 conversum,
634 1355 677 1383 vel
702 1355 969 1382 consubstantiatum

177 1410 279 1436 corpus
302 1402 444 1434 habuisse,
479 1401 521 1428 vel
538 1401 572 1428 de
606 1402 677 1428 ccelo
701 1401 728 1428 id
756 1401 899 1433 detulisse,
923 1405 971 1428 aut

178 1448 342 1482 phantasma
354 1455 415 1475 esse
433 1455 440 1474 :
455 1447 497 1474 vel
523 1447 569 1482 qui
601 1448 747 1474 mortalem
773 1447 869 1474 dicunt
883 1447 970 1474 Deum

178 1494 301 1521 Verbum
318 1502 388 1528 opus
398 1494 528 1521 habuisse
541 1498 571 1520 ut
586 1501 601 1520 a
618 1494 698 1520 Patre
721 1493 913 1524 suscitaretur,
927 1493 970 1519 vel

179 1538 359 1566 inanimatum
375 1547 475 1573 corpus
489 1538 652 1573 sumpsisse,
668 1538 711 1566 vel
727 1538 786 1565 sine
808 1542 900 1564 mente
924 1537 972 1564 ho-

181 1585 343 1617 minem,vel
358 1584 427 1611 duas
438 1584 542 1611 Christi
552 1588 665 1612 naturas
681 1592 731 1619 per
749 1584 972 1611 commistionem

180 1631 310 1659 confusas
322 1639 406 1658 unam
424 1635 551 1658 naturam
577 1631 663 1658 factas
688 1638 768 1658 esse:
786 1635 815 1658 et
844 1631 890 1665 qui
918 1637 973 1657 non

180 1679 350 1707 conﬁtentur
375 1678 402 1705 in
429 1678 546 1705 Domino
569 1681 665 1705 nostro
689 1677 752 1704 Jesu
775 1677 885 1704 Christo
906 1676 974 1703 duas

180 1733 242 1753 esse
265 1729 380 1751 naturas
404 1723 572 1755 ἰιιεοηῑυδοε.
599 1730 681 1750 unum
708 1727 799 1751 autem
816 1730 972 1757 personam,

184 1771 263 1807 142
272 1775 410 1806 quatenus
424 1777 496 1796 unus
512 1774 554 1796 est
564 1768 703 1801 Christus,
722 1777 794 1796 unus
807 1769 904 1801 Filius,
926 1775 974 1795 eos

181 1818 356 1845 anathemate
371 1816 434 1843 ferit
448 1816 583 1843 catholica
597 1819 625 1842 et
639 1811 790 1849 apostolica
805 1815 975 1842 Ecclesia.—

182 1864 309 1900 Ejusdem
326 1864 357 1890 9°.
373 1863 444 1898 Ergo
455 1862 476 1889 si
492 1870 556 1890 caro
573 1861 630 1896 (‘21)
641 1861 766 1888 omnium
779 1864 808 1888 et
819 1861 847 1887 in
863 1861 975 1888 Christo

183 1908 321 1944 subiacuit
334 1908 452 1942 injuri:e,
466 1906 605 1942 quomodo
626 1906 709 1933 unius
730 1906 887 1933 illam‘eum
903 1906 974 1933 divi—

182 1955 269 1982 nitate
282 1954 376 1981 dicitis
400 1961 461 1980 cssc
485 1952 665 1980 substantiae?
683 1951 711 1979 Si
725 1952 799 1979 enim
813 1952 895 1979 unius
911 1953 976 1979 sub—

183 2000 291 2028 stantia:
304 1999 424 2026 Verbum
441 2003 469 2026 et
484 2007 559 2031 caro,
578 2007 638 2034 qua:
662 1999 696 2026 de
713 2003 787 2026 terra
813 1999 897 2026 habet
923 2008 973 2026 na—

184 2055 284 2078 .uram,
299 2055 348 2074 cur
372 2055 427 2073 non
442 2046 496 2082 (2'1)
515 2046 598 2073 unius
624 2046 787 2074 substantia:
813 2051 975 2074 asseruntur

182 2093 305 2120 Verbum
324 2098 407 2127 atque
430 2093 532 2121 anima.
559 2101 641 2127 quam
668 2093 819 2127 perfectam
847 2092 975 2128 (naturte)

184 2138 307 2172 suscepit
333 2137 597 2172 (humanaz)?Unius
622 2142 714 2165 autem
741 2137 901 2165 substantia:
920 2137 975 2173 (25)

183 2188 226 2210 est
236 2183 359 2210 Verbum
372 2189 435 2209 cum
449 2182 516 2213 Deo.
533 2182 686 2210 secundum
703 2182 850 2210 Paternam
872 2183 977 2216 profes-

184 2231 300 2262 sionem,
316 2234 344 2256 et
362 2229 449 2263 ipsius
467 2229 522 2264 (24)
537 2228 645 2256 Domini
657 2229 849 2260 assertionem,
867 2229 914 2263 qui
926 2229 974 2256 ait:

188 2287 196 2301 ε
209 2276 266 2312 Ego
283 2281 312 2303 et
324 2276 405 2303 Pater
426 2283 512 2302 unum
536 2275 664 2303 sumus‘.
679 2285 688 2300 ι
711 2275 800 2302 Unius
815 2282 881 2310 ergo
909 2274 976 2301 sub-

185 2324 293 2350 stantim
308 2323 390 2350 Pater
401 2329 464 2349 cum
479 2320 613 2357 (terreno)
621 2328 737 2355 corpore
755 2321 931 2355 praedicatur.
944 2320 979 2348 Et

185 2369 275 2397 adhuc
288 2367 470 2403 indignemini
483 2367 603 2398 Arianis,
624 2367 690 2402 quia
705 2366 733 2393 hi
759 2367 855 2394 dicunt
879 2367 979 2393 Filium

185 2416 234 2444 Dei
247 2419 404 2443 creaturam
419 2421 491 2445 esse,
506 2421 569 2440 cum
592 2413 644 2448 ipsi
660 2413 760 2440 dicatis
776 2413 885 2440 Patrem
899 2413 982 2440 unius

219 2493 279 2509 ’5‘"
292 2493 359 2521 Luc,
377 2501 449 2522 xvlv,
463 2492 508 2519 59.
546 2492 567 2507 ⁹⁷
581 2491 658 2520 Joan,
676 2498 720 2523 xx,
733 2490 779 2517 Ἦ.

184 2537 281 2560 cram.,
296 2536 320 2555 c.
339 2529 364 2555 6.
405 2529 413 2543 ¹
426 2528 504 2557 Joan.
525 2535 552 2557 κ,
565 2527 619 2556 5οη

222 2585 278 2620 (21)
296 2585 423 2614 omnium,
447 2585 530 2612 Sirm.
548 2586 628 2611 muni.
650 2584 704 2612 Sed
724 2585 866 2620 sequimur
881 2583 977 2611 |ectio~

222 2592 278 2620 (ιιι)
296 2593 423 2614 omnium,
447 2592 530 2612 sirm.
548 2593 628 2611 0mm.
651 2592 703 2612 seu
724 2592 753 2612 se
775 2592 866 2611 uimur
881 2592 977 2611 Iecuo~

186 2627 261 2651 nem,
275 2629 356 2654 quam
368 2621 488 2647 editores
509 2620 690 2651 Bcnedictiui,
710 2625 728 2647 t.
750 2592 783 2651 lci,
801 2628 827 2654 p.
842 2619 903 2650 716,
918 2619 978 2653 plu-

186 2657 319 2682 rimorum
331 2664 397 2684 msc,
412 2655 541 2690 suifragio
552 2656 642 2682 ornari
656 2660 801 2687 testantur,
817 2662 878 2690 qua:
894 2655 975 2682 etiam

186 2691 273 2718 textui
290 2690 384 2718 Gmco
401 2691 501 2725 optime
519 2691 675 2725 respondet.

224 2726 278 2761 (‘22)
293 2735 340 2753 cur
359 2726 581 2753 nati—Verbum.
608 2726 739 2754 Bened.l.
763 2734 787 2753 c.
803 2735 808 2752 :
823 2733 871 2752 cur
895 2725 977 2752 unius

187 2762 347 2791 substantiae
364 2767 501 2789 asseratur
514 2762 645 2788 Verbum.

226 2797 282 2832 (‘25)
299 2798 462 2824 sttbstunlim.
477 2798 582 2824 Mallem
597 2802 709 2827 natura},
725 2796 776 2824 nisi
791 2796 892 2824 Bened.
911 2804 977 2824 cou-

188 2834 319 2863 senlireut
338 2834 364 2860 in
379 2833 495 2860 lectione
513 2840 594 2869 quam
609 2836 698 2859 textus
715 2832 835 2859 exhibet.

819 2489 841 2505 ’⁸
860 2490 927 2518 Luc.
948 2498 1019 2523 xxtv,

1020 897 1070 923 οὐκ
1094 897 1249 929 ἀλλοίωσιν,
1275 897 1331 924 ἀλλ’
1359 897 1458 923 ἕνωσιν
1482 897 1672 932 γεγενημένην
1698 896 1811 927 ἐπίδοις.

1020 942 1069 968 Διὰ
1084 941 1163 968 τοῦτο
1176 942 1222 968 καὶ
1235 943 1298 974 τοὺς
1310 942 1412 974 τύπους
1427 942 1480 968 τῶν
1492 942 1575 977 ἥλων,
1590 943 1637 968 καὶ
1650 942 1699 977 τῆς
1711 942 1814 976 λόγχης

1019 990 1069 1025 τὴν
1084 988 1158 1021 νύξιν
1173 988 1305 1021 ἐπέδειξε,
1324 989 1370 1015 καὶ
1384 988 1538 1023 ἔμπροσθεν
1554 987 1683 1023 μαθητῶν
1697 988 1813 1021 ἔφαγεν,

1020 1036 1063 1062 ἵνα
1081 1035 1125 1061 διὰ
1137 1035 1245 1062 πάντων
1261 1035 1310 1069 τὴν
1322 1035 1470 1062 ἀνάστασιν
1485 1034 1534 1069 τῆς
1548 1033 1686 1070 ἡμετέρας
1706 1033 1816 1067 φύσεως

1020 1083 1049 1108 ὲν
1063 1081 1135 1116 αὐτῷ
1159 1080 1357 1107 ἁνανεωθεῖσαν
1379 1079 1549 1114 πιστώσηται
1565 1078 1673 1109 αὐτούς.
1695 1077 1750 1104 Καὶ
1773 1077 1816 1103 ὅτι

1021 1127 1090 1154 κατὰ
1107 1127 1156 1162 τὴν
1176 1127 1317 1162 μακαρίαν
1337 1126 1387 1160 τῆς
1404 1126 1532 1161 θεότητος
1549 1125 1643 1152 οὐσίαν
1661 1125 1814 1160 ἄτρεπτος,

1021 1174 1201 1204 ἀναλλοίωτος
1212 1193 1218 1204 ,
1232 1172 1352 1208 ἀπαθὴς,
1371 1172 1517 1203 ἀθάνατος,
1532 1171 1657 1206 ἀνενδεὴς
1672 1170 1814 1200 διατελῶν,

1022 1218 1111 1246 πὰντα
1129 1219 1163 1245 τὰ
1181 1218 1254 1253 πάοη
1278 1219 1353 1245 εἴασε
1373 1218 1445 1245 κατὰ
1469 1217 1645 1252 συγχώρησιν
1662 1216 1699 1252 τῷ
1720 1216 1815 1250 οἰκείῳ

1022 1266 1200 1301 ἐπενεχθῆναι
1228 1265 1285 1300 ναῷ
1299 1285 1305 1297 ,
1323 1264 1371 1291 καὶ
1392 1264 1486 1291 τοῦτον
1512 1266 1544 1300 τῇ
1570 1263 1658 1299 οἰκείᾳ
1681 1263 1815 1298 ἀνέστησε

1021 1311 1146 1346 δυνάμει,
1162 1310 1207 1336 δια
1227 1319 1256 1336 τε
1276 1309 1322 1336 τοῦ
1343 1310 1446 1336 οἰκείου
1471 1309 1535 1336 ναοῦ
1558 1309 1666 1335 τελείαν
1684 1310 1733 1344 τὴν
1749 1309 1816 1335 ἁνα-

1022 1359 1117 1384 νὲωσιν
1128 1358 1177 1392 τῆς
1188 1356 1327 1392 ἡμετέρας
1338 1356 1518 1391 ἐξειργάσατο
1536 1355 1654 1389 φύσεως.
1673 1356 1740 1386 Τοὺς
1755 1355 1814 1390 (‘26)

1021 1403 1050 1430 δὲ
1064 1403 1194 1437 λέγοντας
1209 1402 1285 1437 ψιλὸν
1297 1402 1440 1438 ἄνθρωπον
1459 1401 1505 1428 τὸν
1517 1400 1645 1437 Χριστὸν,
1659 1399 1675 1435 ἦ
1694 1399 1816 1435 παθητὸν

1022 1451 1067 1477 τὸν
1081 1450 1147 1477 Θεὸν
1164 1450 1250 1483 Λόγον
1262 1469 1268 1481 ,
1289 1449 1305 1483 ἢ
1329 1449 1368 1480 εἰς
1391 1449 1481 1485 σᾲρκα
1496 1447 1635 1484 τραπέντα
1648 1468 1655 1480 ,
1677 1447 1692 1482 ἥ
1720 1455 1816 1473 συνου-

1025 1495 1158 1530 σιωμένον
1185 1494 1332 1530 ἐσχηκέναι
1355 1493 1386 1520 τὸ
1409 1494 1504 1529 σῶμα,
1531 1493 1547 1528 ἢ
1570 1492 1715 1528 οὐρανόθεν
1738 1490 1817 1518 τοῦτο

1024 1540 1214 1576 κεκομικέναι,
1239 1540 1255 1574 ἢ
1275 1539 1422 1574 φάντασμα
1437 1538 1507 1565 εἶναι
1521 1539 1556 1574 ,ἣ
1574 1538 1671 1573 θνητὸν
1689 1538 1818 1572 λέγοντας

1024 1587 1069 1614 τον
1083 1587 1149 1614 Θεὸν
1162 1587 1248 1620 Λόγον
1260 1586 1403 1620 δεδεῆσθαι
1419 1586 1469 1620 τῆς
1484 1586 1559 1620 παρὰ
1569 1585 1616 1612 τοῦ
1631 1585 1737 1620 Πστρὺς
1751 1585 1817 1610 ἀνα-

1025 1634 1166 1665 στάσεως,
1191 1632 1323 1668 ῆᾶψυχον
1343 1632 1373 1659 τὸ
1396 1632 1476 1667 σῶμα
1491 1631 1685 1668 ἁνειληςρέναι,
1705 1630 1721 1665 ἢ
1737 1631 1818 1657 ἄνουν

1025 1679 1178 1715 ἄνθρωπον,
1192 1678 1208 1713 ἢ
1227 1679 1276 1710 τὰς
1287 1678 1334 1704 δύο
1349 1677 1446 1713 φῦσεις
1463 1677 1511 1704 τοῦ
1529 1676 1649 1712 Χριστοῦ
1665 1676 1738 1702 κατὰ
1749 1675 1817 1702 ἀνά-

1025 1734 1124 1762 κρασιν
1145 1724 1328 1759 συγχυθείσας
1347 1723 1411 1758 μίαν
1434 1723 1600 1758 γεγενῆσθαι
1617 1722 1708 1757 φύσιν,
1723 1720 1818 1756 καὶμὴ

1025 1769 1228 1806 ὁμολογοῦντας
1241 1769 1280 1802 είς
1302 1768 1403 1804 Κύριον
1419 1769 1499 1803 ἡμῶν
1518 1767 1623 1802 Ἰησοῦν
1638 1767 1756 1803 Χριστὸν
1772 1766 1818 1792 δύο

1026 1817 1121 1852 φύσεις
1139 1814 1208 1842 εἶναι
1225 1815 1406 1850 ἀσυγχύτους,
1423 1814 1451 1840 ἓν
1471 1814 1500 1840 δὲ
1518 1814 1674 1849 πρόσωπον,
1699 1813 1766 1840 καθὸ
1779 1809 1818 1844 εἷς

1026 1864 1154 1900 Χριστὸς,
1170 1862 1210 1894 εἷς
1220 1863 1293 1893 Υἱὸς,
1309 1862 1422 1892 τούτους
1437 1861 1630 1895 ἁναθεματίζει
1644 1861 1660 1895 ή
1675 1859 1816 1894 καθολικὴ,

1027 1910 1074 1937 καὶ
1093 1907 1257 1943 ἁποστολικὴ
1277 1907 1436 1943 Ἐκκλησία.
1450 1907 1543 1934 -Τοῦ
1558 1906 1662 1934 αὑτοῦ.
1679 1905 1783 1933 Οὺκοῦν
1795 1906 1818 1932 εί

1027 1957 1043 1991 ἡ
1058 1955 1112 1982 τῶν
1126 1955 1234 1982 πάντων
1248 1953 1327 1989 σὰρξ,
1344 1955 1372 1980 ἐν
1389 1952 1499 1988 Χριστῷ
1510 1953 1694 1988 ὑποϐέϐληται
1711 1951 1817 1987 ὕϐρεσι,

1028 2000 1087 2031 πῶς
1106 1999 1175 2034 μετὰ
1191 1999 1239 2034 τῆς
1253 1998 1379 2032 θεότητος
1398 1998 1462 2032 μιᾶς
1483 1996 1556 2024 εἶναι
1577 1998 1754 2028 ὑποστάσεως
1775 2005 1818 2023 νο-

1030 2046 1154 2081 μίζεται;
1177 2045 1208 2071 El
1233 2044 1288 2079 γὰρ
1312 2045 1378 2079 μιᾶς
1396 2044 1575 2076 ὑποστάσεως
1591 2045 1605 2070 ὁ
1620 2044 1706 2077 Λόγος
1730 2043 1778 2069 καὶ
1801 2044 1817 2078 ἡ

1029 2091 1097 2126 σὰρξ
1113 2091 1129 2126 ἡ
1147 2090 1201 2117 ἀπὸ
1223 2092 1272 2125 γῆς
1288 2089 1337 2125 τὴν
1353 2091 1435 2124 φύσιν
1456 2089 1575 2125 ἔχουσα,
1599 2091 1663 2125 μιᾶς
1682 2090 1736 2125 ἄρα
1754 2090 1816 2116 ὑπο-

1029 2137 1150 2167 στάσεως
1163 2136 1178 2162 6
1197 2135 1282 2169 Λόγος
1302 2135 1350 2162 καὶ
1367 2136 1383 2170 ἡ
1401 2135 1490 2171 ψυχὴ,
1511 2137 1544 2171 ἦν
1563 2136 1670 2162 τελείαν
1694 2135 1818 2162 ἀνέλαϐε.

1029 2183 1100 2214 Μιᾶς
1120 2182 1172 2217 γὰρ
1186 2181 1294 2216 φύσεώς
1315 2183 1388 2208 ἐστιν
1402 2181 1416 2207 6
1430 2182 1515 2216 Λόγος
1533 2182 1601 2217 μετὰ
1615 2182 1662 2208 τοῦ
1679 2181 1758 2213 Θεοῦ,
1774 2181 1819 2208 καὶ

1029 2229 1100 2255 κατὰ
1119 2231 1168 2264 τὴν
1180 2228 1225 2254 τοῦ
1240 2227 1354 2262 Πατρὸς,
1371 2228 1418 2254 καὶ
1434 2228 1516 2255 αὑτοῦ
1532 2227 1579 2254 τοῦ
1596 2227 1660 2254 Υἱοῦ
1675 2227 1818 2262 ὁμολογίαν

1028 2275 1077 2310 τὴν
1105 2275 1259 2308 λέγουσαν,
1287 2283 1296 2299 ‹
1323 2274 1394 2308 Ἐγὼ
1415 2275 1462 2301 καὶ
1481 2275 1494 2300 ὁ
1516 2274 1612 2309 Πατὴρ
1631 2274 1660 2300 ἓν
1685 2275 1784 2308 ἐσμενσ
1808 2283 1816 2298 ι

1029 2321 1128 2348 οὐκοῦν
1144 2321 1190 2347 καὶ
1206 2322 1219 2346 ὁ
1237 2321 1332 2356 Πατὴρ
1347 2321 1396 2355 τῆς
1411 2321 1496 2356 αὐτῆς
1510 2321 1605 2352 οὐσίας
1622 2321 1691 2356 μετὰ
1704 2321 1751 2347 τοῦ
1766 2320 1817 2346 σώ-

1032 2375 1117 2402 ματος
1130 2367 1233 2401 ὀφείλει
1248 2367 1418 2402 νομίζεσθαι.
1433 2367 1488 2394 Καὶ
1500 2367 1526 2394 τί
1539 2367 1579 2394 ἔτι
1593 2369 1650 2399 τοῖς
1671 2368 1818 2402 ’Ᾱρειανιῖς

1029 2413 1138 2448 χολᾶτε,
1152 2414 1207 2444 τοῖς
1219 2413 1329 2447 λέγουσι
1341 2413 1386 2439 τὸν
1398 2412 1463 2439 Υἱὺν
1477 2412 1606 2447 τοῦ-Θεοῦ
1618 2412 1723 2448 κτίσμα
1738 2410 1818 2446 εἶναι,

1033 2491 1064 2518 41
1081 2498 1169 2526 seqq.;
1188 2491 1266 2518 Joan.
1281 2499 1335 2523 xxi,
1356 2490 1389 2517 l9.
1401 2498 1478 2526 seqq.
1531 2491 1554 2507 "
1571 2490 1610 2518 De
1629 2490 1763 2517 incarnat.
1778 2498 1818 2518 sa-

1071 2583 1125 2619 (οι)
1142 2583 1257 2610 Domini.
1279 2582 1356 2610 Hanc
1375 2590 1484 2618 quoque
1503 2583 1649 2619 lectionem
1667 2582 1751 2612 habet
1763 2581 1816 2608 edi-

1032 2620 1072 2647 tio
1084 2618 1185 2646 Bened.
1195 2619 1255 2645 Non
1273 2618 1352 2645 licuit
1363 2618 1453 2653 itaque
1468 2619 1592 2646 scribere
1608 2618 1679 2649 Filii,
1689 2625 1752 2646 cum
1763 2621 1815 2643 lex-

1033 2659 1090 2682 tum
1103 2663 1118 2682 e
1132 2653 1256 2681 versione
1268 2654 1416 2681 emendare
1431 2654 1507 2681 nefas
1517 2654 1563 2681 sit.

1068 2689 1175 2724 (9.5)16.
1193 2689 1275 2716 Sirm.
1293 2688 1413 2716 habebat
1438 2689 1493 2716 τόν.
1513 2690 1565 2718 Sed
1591 2689 1736 2724 legendum
1763 2694 1818 2715 esse

1051 2730 1097 2752 uto
1114 2725 1154 2751 το.

1031 2733 1205 2794 νυίὲϐἶὶτοὺς
1216 2774 1251 2779 -
1265 2759 1346 2786 duros.
1361 2759 1502 2794 ἐκκλησία,
1521 2759 1583 2787 [hec
1597 2758 1742 2795 fragmenti
1760 2765 1819 2793 pars

1031 2800 1120 2822 exstat
1130 2794 1212 2822 etiam
1225 2795 1295 2829 apud
1315 2795 1434 2822 Leonem
1449 2795 1639 2830 Byzantiuuni.
1655 2799 1681 2822 ut
1697 2795 1752 2829 jam
1767 2801 1819 2822 mor

1032 2835 1152 2858 nuerunt
1169 2830 1289 2858 editores
1306 2830 1406 2858 Bcncd.
1420 2830 1438 2857 l.
1458 2839 1481 2858 ε.
