1959 3052
152 113 209 145 185

706 117 896 154 DIALOGUS
916 120 957 150 II.
975 132 1011 137 —
1025 121 1274 155 INCONFUSUS.

1744 123 1795 158 180

150 169 234 196 αἰιτοὶ
263 168 391 202 λέγοντες
413 169 457 196 τὸν
476 169 588 205 Πατέρα
608 171 675 205 μιᾶς
703 169 774 198 εἶναι
803 172 873 207 μετὰ
894 172 945 198 τῶν

1002 181 1063 201 cum
1088 176 1223 204 creaturis
1250 184 1312 204 esse
1334 177 1514 204 substantize?
1530 193 1564 197 —
1580 177 1706 213 Ejusdem
1725 181 1793 215 (56),

151 215 314 249 κτισμάτων
325 215 435 248 mining:
460 231 495 237 -η
513 216 568 244 Τοῦ
593 217 686 244 αὐτοῦ
712 218 746 244 ἐκ
780 217 834 252 τῆς
865 219 941 252 πρὸς

151 260 324 293 Γρατιανὸν
361 261 415 287 τὸν
430 261 564 293 βασιλέα
583 262 760 296 ἐπιστολῆς.
783 264 949 297 Φυλάξωμεν

149 304 286 340 διαίρεσιν
302 305 358 340 (27)
374 305 499 341 θεότητος
511 308 557 334 καὶ
569 308 680 343 σαρκός.
693 306 740 340 Εἷς
750 309 806 343 (28)
817 311 872 341 τοῖς
886 311 949 336 ἑκα-

150 352 245 386 τέροις
261 352 442 388 ἀποκρίνεται
455 354 469 379 ὁ
479 354 542 385 Υἱὸς
554 354 601 380 τοῦ
615 354 694 387 Θεοῦ,
710 356 805 391 ἐπειδή
825 357 854 382 ἐν
874 356 949 391 αὐτῷ

150 396 287 433 ἑκάτεραι
308 398 406 433 φύσεις
427 400 508 426 εἰσίν.
535 401 565 426 '0
589 401 670 433 αὐτὸς
699 402 793 432 λαλεῖ,
817 402 875 429 ἀλλ’
900 403 949 438 οὺχ

152 443 198 469 ἐνὶ
216 444 271 478 ('29)
295 445 429 475 πάντοτε,
450 445 508 472 ἀλλ’
526 446 614 481 ἑτέρω
633 447 738 483 τρόπῳ.
758 448 880 484 Πρόσεχε
901 449 949 475 αὺ-

150 490 201 515 τὸν
218 490 284 524 (50),
300 490 348 516 νῦν
366 491 416 526 μὲν
435 492 515 524 δόξαν
527 492 724 528 φθεγγόμενον,
740 490 788 520 νῦν
800 494 827 520 δὲ
844 494 949 530 ἀνθρώ-

151 545 220 562 πινα
243 537 328 572 πάθη.
361 538 405 568 Ὧς
429 538 495 569 Θεὸς
519 537 595 564 λαλεῖ
613 539 647 565 τὰ
665 539 740 572 θεῖα,
764 540 913 576 ἐπειδήπερ
934 541 948 567 ὁ

151 583 240 616 Λόγος
254 583 328 609 ἐστίν
341 593 347 599 ·
372 583 410 615 ὡς
425 584 569 619 ἄνθρωπος
585 584 659 619 λέγει
676 585 710 611 τὰ
724 586 840 612 ταπεινὰ
854 607 861 619 ,
877 588 949 613 ἐπει-

148 628 276 664 δήπερέν
285 630 317 664 τῇ
330 630 383 665 ἐμῇ
395 630 545 657 ὑποστάσει
560 630 635 657 λαλεῖ
648 631 754 665 (31).-
773 631 828 658 Τοῦ
839 632 946 664 αὑτοῦ,

146 675 186 702 ἐκ
207 675 260 702 τοῦ
272 676 367 703 αὐτοῦ
387 676 493 711 λόγου,
516 677 598 704 ὐθεν
613 678 701 704 ἐκεῖνο
714 678 744 704 τὸ
761 678 945 712 ἀναγνωσοὲν,

147 721 190 754 ὡς
214 723 229 748 ὀ
242 722 346 758 Κύριος
362 723 413 758 τῆς
426 723 505 758 δόξης
530 724 712 759 ἐσταύρωται,
731 724 768 759 μὴ
793 726 825 760 τῇ
848 725 946 752 ἑαυτοῦ

146 767 214 804 δόξῃ
240 769 431 804 σταυρωθέντα
460 770 627 805 νομίσωμεν.
658 770 727 797 Ἀλλ’
752 770 846 806 ἐπειδὴ
870 768 946 802 οὗτος

147 813 218 846 Θεὸς
230 823 259 841 τε
272 815 321 841 καὶ
336 815 494 850 ἅνθρωπος.
521 816 592 842 κατὰ
605 816 656 851 μὲν
670 817 720 850 τὴν
732 815 848 851 θεότητα
866 816 943 848 Θεὸς,

147 860 223 886 κατὰ
237 860 264 886 δὲ
278 861 328 897 τὴν
338 861 491 897 πρόπληψιν
502 862 551 896 τῆς
567 863 668 898 σαρκὸς
679 863 823 898 ἄνθρωπος
840 864 945 898 Ἰησοῦς

147 905 269 940 Χριστὸς
280 927 288 938 ,
313 907 326 933 ὁ
346 907 448 943 Κύριος
466 908 515 943 τῆς
530 908 608 944 δόξης
623 909 811 944 ἐσταυρῶσθαι
825 910 943 944 λέγεται.

147 952 206 979 Καὶ
223 953 276 988 γὰρ
286 954 423 989 ἑκατέρας
440 955 551 990 μετέχει
561 954 678 988 φύσεως,
691 956 831 982 τουτέστιν
844 956 947 992 ἀνθρω-

148 998 234 1033 πίνης
249 999 296 1024 καὶ
314 999 398 1030 Gaia;
417 1000 462 1026 Ἐν
476 1001 508 1035 τῇ
526 1000 573 1026 τοῦ
589 1000 735 1036 ἀνθρώπου
750 1003 804 1036 γὰρ
815 1001 895 1036 φύσει
915 1001 946 1029 τὸ

149 1043 238 1074 πάθος
263 1044 427 1078 ὑπέμεινεν,
452 1045 495 1071 ῖνα
519 1045 682 1080 ἀδιαιρέτως
703 1046 749 1072 καὶ
769 1046 872 1080 Κύριος
894 1046 946 1081 τῆς

145 1088 238 1124 δόξης,
251 1089 299 1116 καὶ
314 1089 374 1121 Υἱὸς
389 1090 533 1125 ἀνθρώπου
548 1089 618 1117 εἶναι
633 1091 746 1125 λέγηται
758 1093 771 1118 ὁ
783 1091 887 1122 παθὼν,
901 1101 946 1118 κα-

147 1134 204 1166 θὼς
215 1135 384 1170 γέγραπται,
401 1146 410 1162 ι
435 1137 464 1163 ὐ
480 1138 512 1163 ἐκ
531 1137 577 1164 τοῦ
595 1137 710 1174 οὐρανοῦ
728 1139 858 1170 καταϐάς.
881 1149 890 1164 ι
911 1155 946 1160 -

153 1181 280 1215 Ὀμοίως
302 1182 337 1208 ἐκ
356 1183 409 1217 (3'2)
428 1183 481 1210 τοῦ
497 1183 602 1211 αὑτοῦ.
623 1185 784 1218 Σιγὰτωσαν
808 1185 869 1219 (55)
891 1193 946 1211 τοι-

148 1227 254 1262 γαροῦν
273 1229 300 1255 αἱ
316 1229 380 1264 περὶ
392 1229 446 1256 τῶν
466 1229 554 1263 λόγων
570 1230 683 1265 μάταιαι
695 1229 835 1266 ζητήσεις.
845 1231 877 1257 'll
891 1231 945 1266 γὰρ

149 1273 274 1308 βασιλεία
290 1275 338 1301 τοῦ
355 1275 434 1307 Θεοῦ,
448 1275 541 1307 καθὼς
555 1276 724 1311 γέγραπται,
737 1277 787 1303 οὐκ
798 1277 827 1304 ὲν
839 1276 945 1308 πειϐοἰς

148 1319 237 1354 λόγων
253 1321 335 1351 ἐστὶν,
352 1322 408 1348 ἀλλ’
423 1323 452 1348 ὲν
467 1322 601 1354 ἀποδείξει
620 1322 771 1358 δυνάμεως.
783 1323 946 1358 Φυλάξωμεν

149 1365 198 1400 τὴν
222 1366 355 1401 διαφορὰν
376 1367 424 1402 τῆς
439 1367 539 1402 σαρκὸς
555 1367 662 1402 καὶτῆς
674 1367 810 1402 θεότητος.
826 1366 874 1399 Εἷς
891 1367 946 1403 γὰρ

148 1411 218 1438 Θεοῦ
232 1412 303 1444 Υἱὸς,
316 1411 355 1445 εἷς
369 1413 487 1449 ἑκάτερα
499 1413 586 1446 λαλεῖ,
599 1414 749 1449 ἐπειδήπερ
766 1413 885 1448 ἑκατέρα
896 1413 946 1447 φύ-

151 1467 195 1490 σις
210 1460 285 1486 ἐστὶν
302 1461 331 1486 ὲν
345 1460 430 1495 αὐτῷ.
440 1460 511 1486 Ἀλλ’
527 1461 551 1487 εἰ
568 1460 616 1487 καὶ
635 1460 717 1492 αὐτὸς
729 1460 820 1490 λαλεῖ,
844 1460 892 1495 οὐχ
906 1461 944 1486 ὲνὶ

1003 228 1035 247 ea:
1052 221 1164 256 cpistola
1182 223 1217 249 ad
1233 222 1394 250 Gratianum
1410 224 1596 259 imperatorem
1609 225 1628 251 ‘.
1647 225 1794 254 Servemus

1001 267 1208 296 distinctionem
1219 270 1371 297 divinitatis
1382 275 1409 297 et
1421 271 1522 298 carnis.
1539 271 1617 299 Unus
1633 272 1660 298 in
1675 276 1793 307 utraque

1003 313 1058 349 (57)
1074 315 1196 349 loquitur
1211 316 1257 343 Dei
1271 317 1368 349 Filius,
1379 317 1443 351 quia
1454 317 1482 344 in
1493 317 1591 345 eodem
1603 317 1659 354 (58)
1675 323 1792 353 utraque

1000 364 1099 388 natura
1108 365 1159 388 est.
1177 361 1253 396 143
1265 361 1299 388 Et
1314 361 1335 389 si
1347 361 1420 389 idem
1435 362 1570 397 loquitur,
1586 370 1639 389 non
1651 370 1707 390 uno
1722 370 1794 390 sent-

1000 413 1050 441 per
1060 407 1182 442 loquitur
1196 407 1287 435 modo.
1305 408 1419 436 Intende
1429 409 1456 435 in
1470 416 1503 435 eo
1515 409 1570 444 (59)
1584 417 1658 436 nunc
1675 409 1792 444 gloriam

1000 452 1060 485 Dei,
1070 460 1145 480 nunc
1158 454 1278 481 hominis
1290 455 1448 488 passiones:
1462 455 1539 490 quasi
1550 455 1605 491 (40)
1620 455 1693 482 Deus
1704 455 1792 490 loqui-

1001 503 1046 526 tur
1060 508 1121 535 qua:
1136 505 1200 528 sunt
1213 501 1318 532 divina,
1333 501 1397 536 quia
1407 502 1527 529 Verbum
1539 506 1597 529 est:
1615 503 1693 537 quasi
1709 503 1792 530 homo

999 545 1066 573 dicit
1082 554 1143 581 qua:
1155 552 1219 575 sunt
1232 547 1350 575 humana
1367 547 1434 583 (tl),
1449 548 1513 582 quia
1532 548 1558 575 in
1586 556 1646 575 mea
1660 549 1790 576 substan-

1000 590 1037 617 tia
1056 591 1231 625 loquebatur.
1246 591 1432 627 —Ejusdem,
1451 600 1482 618 ea:
1495 592 1584 618 eodem
1602 592 1695 618 libro”.
1713 592 1790 620 Unde

999 637 1066 664 illud
1084 637 1138 672 (42)
1166 637 1240 672 quod
1258 637 1359 665 lectum
1372 641 1414 665 est
1431 638 1451 670 ⁸,
1473 638 1620 665 Dominum
1639 638 1791 673 majestatis

998 683 1160 710 cruciﬁxum
1177 691 1247 715 esse,
1268 691 1323 710 non
1340 683 1418 718 quasi
1435 684 1462 710 in
1479 683 1621 718 majestate
1630 691 1679 711 sua
1697 684 1790 711 cruci-

997 728 1081 756 ﬁxum
1095 733 1233 764 putemus,
1248 729 1294 757 sed
1313 730 1376 764 quia
1397 729 1470 756 idem
1494 730 1577 761 Deus,
1596 729 1669 757 idem
1691 729 1786 761 homo,

997 783 1047 811 per
1060 776 1233 804 divinitatem
1245 776 1327 808 Deus,
1345 783 1394 810 per
1406 776 1611 811 susceptionem
1632 776 1726 804 carnis
1737 776 1789 803 ho-

997 830 1043 849 mo
1072 822 1152 849 Jesus
1172 821 1317 854 Christus,
1340 823 1473 849 Dominus
1498 822 1651 857 majestatis
1683 822 1789 849 dicitur

997 867 1155 898 cruciﬁxus,
1180 868 1244 902 quia
1261 875 1375 895 consors
1399 867 1546 901 utriusque
1570 871 1684 899 naturae,
1700 867 1726 893 id
1746 870 1788 894 est

997 913 1125 941 humanae
1147 915 1246 946 atque'
1263 913 1374 944 divinae,
1390 913 1417 939 in
1438 916 1537 940 natura
1560 912 1680 939 hominis
1702 912 1788 940 subiit

996 958 1170 993 passionem:
1195 963 1225 986 ut
1255 958 1405 985 indiscrete
1424 962 1452 986 et
1481 958 1613 985 Dominus
1636 958 1788 993 maiestatis

997 1005 1105 1032 dicatur
1116 1013 1177 1032 esse
1194 1005 1240 1040 qui
1254 1013 1351 1040 passus
1368 1010 1420 1037 est,
1434 1009 1462 1031 et
1474 1004 1547 1031 ﬁlius
1564 1003 1694 1035 hominis,
1716 1004 1789 1031 sicut

996 1048 1130 1083 scriptum
1142 1053 1198 1075 est:
1220 1059 1228 1074 ι
1240 1048 1293 1082 Qui
1311 1048 1457 1076 descendit
1469 1048 1504 1075 de
1515 1049 1585 1076 cmlo
1601 1048 1621 1075 ⁵.
1636 1058 1644 1073 ι
1660 1063 1696 1070 τ-
1708 1048 1786 1080 Item.

997 1101 1028 1120 ex
1053 1093 1142 1120 eodem
1158 1094 1178 1120 °.
1206 1093 1310 1121 Sileant
1334 1094 1417 1128 igitur
1439 1094 1536 1121 inanes
1559 1093 1594 1120 de
1611 1093 1788 1123 sermonibus

995 1140 1173 1174 quaestiones,
1189 1140 1255 1174 quia
1268 1148 1384 1175 regnum
1402 1140 1462 1172 Dei,
1479 1140 1552 1167 sicut
1565 1141 1698 1175 scriptum
1710 1143 1752 1167 est
1766 1141 1786 1172 ⁷,
1804 1131 1809 1140 ’

995 1193 1052 1214 non
1065 1186 1092 1212 in
1108 1186 1288 1221 persuasione
1295 1186 1372 1213 verbi
1385 1191 1438 1218 est,
1450 1186 1498 1214 sed
1515 1187 1542 1213 in
1557 1187 1719 1214 ostensione
1731 1186 1789 1213 vir-

997 1231 1073 1259 tutis.
1086 1231 1234 1258 Servemus
1244 1231 1451 1258 distinctionem
1464 1231 1619 1258 divinitatis
1638 1236 1667 1258 et
1686 1232 1786 1258 carnis.

999 1277 1078 1313 144
1097 1277 1174 1304 Unus
1188 1277 1215 1304 in
1228 1281 1345 1311 utraque
1359 1277 1483 1312 loquitur
1500 1277 1548 1304 Dei
1561 1277 1658 1308 Filius,
1675 1277 1741 1311 quia
1760 1277 1787 1304 in

995 1321 1092 1348 eodem
1111 1325 1227 1355 utraque
1242 1326 1340 1348 natura
1355 1326 1406 1348 est.
1423 1321 1480 1348 Etsi
1495 1321 1568 1348 idem
1580 1322 1714 1356 loquitur.
1731 1330 1787 1348 non

997 1374 1053 1394 uno
1070 1374 1179 1401 semper
1207 1367 1330 1401 loquitur
1361 1367 1453 1394 modo.
1479 1367 1593 1394 Intende
1610 1367 1638 1394 in
1660 1375 1695 1394 eo
1713 1376 1787 1395 nunc

996 1412 1111 1447 gloriam
1127 1412 1186 1444 Dei,
1208 1420 1282 1439 nunc
1297 1412 1419 1439 hominis
1443 1412 1596 1447 passiones.
1613 1411 1696 1445 Quasi
1715 1412 1787 1439 Deus

996 1457 1119 1493 loquitur
1134 1466 1194 1492 quae
1208 1463 1273 1485 sunt
1287 1458 1392 1490 divina,
1405 1457 1470 1492 quia
1486 1457 1608 1485 Verbum
1635 1462 1690 1484 est:
1708 1457 1786 1491 quasi

151 1505 244 1539 μέντοι
259 1514 291 1539 γε
310 1506 427 1532 πὰντοτε
443 1507 538 1542 τρόπῳ
553 1506 639 1533 λαλεῖ.
664 1507 748 1541 Ὀρᾷς
765 1506 819 1542 γὰρ
831 1507 858 1532 ὲν
870 1506 944 1542 αὖτῷ

1002 1506 1078 1532 nomo
1091 1504 1158 1531 dicit
1172 1511 1204 1531 ea
1224 1512 1286 1538 quae
1301 1508 1366 1530 sunt
1377 1504 1508 1534 humana.
1522 1503 1587 1537 quia
1605 1503 1632 1529 in
1650 1503 1702 1529 hac
1719 1503 1787 1530 sub--

149 1550 198 1576 νῦν
215 1551 264 1585 μὲν
277 1550 355 1583 δόξαν
372 1551 451 1582 Θεοῦ,
462 1551 509 1577 νῦν
525 1551 553 1577 δὲ.
568 1551 640 1586 πάθη
655 1551 801 1586 ἀνθρώπου
815 1551 883 1586 (54).
901 1552 944 1583 Ὠς

149 1595 218 1627 Θεὸς
234 1596 310 1622 λαλεῖ
321 1596 357 1622 τὰ
376 1597 446 1628 θεῖα,
462 1597 610 1632 ἐπειδήπερ
626 1597 727 1630 Λόγος·
745 1597 782 1628 ὡς
801 1596 944 1632 ἄνθρωπος

150 1641 228 1668 λαλεῖ
241 1642 276 1668 τὰ
293 1641 465 1678 ἀνθρώπινα,
486 1642 637 1677 ἐπειδήπερ
660 1643 690 1669 ὲν
698 1642 785 1677 ταύτῃ
803 1642 893 1670 ἐλάλει
908 1644 942 1677 τῇ

152 1688 242 1723 φύσει.
253 1704 288 1708 -—
299 1688 353 1715 Τοῦ
364 1689 468 1720 αὐτοῦ,
478 1689 512 1716 ἐκ
524 1689 576 1715 τοῦ
584 1689 678 1723 λόγου
692 1689 744 1716 τοῦ
758 1688 826 1722 περὶ
838 1687 892 1722 τῆς
899 1688 945 1716 ἐν·

150 1733 373 1767 ανθρωπήσεως
384 1733 437 1760 τοῦ
452 1735 564 1767 Κυρίου
583 1734 658 1761 κατὰ
675 1732 943 1767 Ἀπολιναριστῶν.

158 1779 228 1805 Ἀλλ’
246 1780 275 1804 ὲν
292 1780 348 1814 ὅσῳ
360 1779 470 1811 τούτους
484 1779 645 1815 ἐλέγχομεν,
659 1780 818 1815 ἀνεφύησαν
842 1781 945 1815 ἕτεροι,

151 1825 279 1859 λέγοντες
300 1826 330 1852 τό
351 1835 381 1852 τε
395 1826 475 1861 σῶμα
496 1826 543 1853 τοῦ
559 1826 678 1862 Χριστοῦ
694 1827 741 1853 καὶ
763 1827 812 1861 τὴν
830 1826 945 1862 θεότητα

154 1872 220 1906 μιᾶς
234 1871 342 1906 etiam;
354 1870 437 1899 εἶναι.
445 1873 523 1904 Heio;
537 1873 604 1908 ᾇδης
616 1874 666 1908 τὴν
677 1872 811 1908 τοσαύτην
822 1872 944 1907 βλασφη-

154 1916 221 1952 μίαν
235 1917 366 1952 ὲρεύξατο
380 1918 435 1953 (55)
450 1927 456 1950 ;
479 1919 612 1953 ’Λρειανοὶ
624 1919 679 1953 γὰρ
694 1918 744 1954 ἤδη
765 1918 946 1953 τυγχάνουσιν

153 1963 340 2000 ἀνεκτότεροι,
357 1961 395 1992 ὧν
408 1965 424 2000 ἡ
448 1965 564 1992 ἀπιστία
577 1964 621 1992 διὰ
636 1965 748 1997 τούτους
760 1966 924 2000 κρατύνεται
935 1985 943 1999 ,

188 2035 199 2049 ¹
212 2035 250 2062 De
264 2034 326 2066 ﬁde,
345 2035 392 2062 lib.
410 2043 440 2067 ιι,
454 2043 478 2061 c.
492 2035 519 2062 9.
557 2034 567 2050 '
586 2034 667 2066 Ibid.,
683 2042 707 2061 c.
721 2035 746 2061 7.
780 2034 790 2050 ⁴
805 2035 816 2062 [
829 2034 892 2062 Cor.
912 2042 941 2067 ιι,

1026 2034 1127 2062 ⁵Ιοοιι.
1147 2041 1186 2065 ιιι,
1205 2033 1247 2060 15.

153 2077 183 2102 ιι,
199 2070 226 2097 4.
264 2070 275 2085 ⁸
291 2070 328 2097 De
341 2070 445 2097 incarn.
463 2077 590 2102 sacram,
608 2077 633 2097 c.
651 2070 677 2097 6.
716 2070 725 2086 '
740 2069 807 2097 ibid.

190 2136 247 2174 (27)
265 2137 347 2171 διαίρ.
364 2137 414 2164 Ed.
434 2137 513 2164 Rom.
532 2140 560 2164 et
576 2136 650 2171 Lips.
667 2136 695 2162 h.
711 2137 731 2163 l.
749 2135 832 2163 habet
843 2135 946 2171 διαιρέ-

155 2182 246 2243 σέῗξέ)
261 2205 310 2239 εἷς.
328 2207 379 2234 Ed.
401 2207 480 2233 Rom.
498 2211 526 2234 et
549 2207 625 2242 Lips.
651 2206 732 2243 ειηιιι
759 2210 875 2243 utraque
894 2205 945 2233 ista

995 1550 1094 1577 stantia
1117 1548 1489 1585 loquebatur.—Ejusdem',
1508 1557 1539 1576 ex
1556 1549 1622 1576 libro
1641 1549 1671 1575 de
1698 1550 1787 1575 incur—

996 1597 1106 1624 natione
1122 1596 1229 1623 Domini
1245 1600 1339 1623 contra
1356 1595 1574 1631 Apollinaristas.
1586 1595 1639 1623 Sed
1655 1595 1720 1622 dum
1736 1595 1786 1622 hos

996 1643 1199 1677 redarguimus,
1218 1646 1365 1677 emergunt
1377 1642 1434 1673 alii,
1446 1641 1494 1676 qui
1507 1649 1619 1669 carnem
1635 1640 1743 1668 Domini
1759 1643 1787 1667 et

995 1689 1169 1716 divinitatem
1185 1689 1282 1715 dicunt
1292 1688 1374 1715 unius
1387 1695 1447 1715 esse
1462 1692 1577 1714 naturae.
1599 1687 1664 1719 Quae
1679 1689 1786 1714 tantum

996 1735 1170 1769 sacrilegium
1180 1734 1287 1761 inferna
1301 1734 1484 1761 vomuerunt?
1500 1733 1560 1760 Jam
1585 1732 1788 1760 tolerabiliores

996 1784 1061 1808 sunt
1072 1780 1178 1811 Ariani,
1194 1787 1311 1814 quorum
1329 1786 1377 1813 per
1393 1779 1459 1805 istos
1478 1778 1601 1813 perﬁdia:
1621 1778 1706 1805 robur
1721 1777 1787 1804 ado-

996 1827 1086 1858 lescit,
1101 1830 1132 1853 ut
1148 1827 1251 1861 majore
1274 1825 1453 1852 contentione
1477 1829 1602 1852 asserunt
1620 1825 1739 1855 Patrem.
1758 1827 1787 1850 et

999 1873 1112 1905 Filium,
1127 1876 1155 1900 et
1171 1872 1305 1907 Spiritum
1322 1877 1447 1899 sanctum
1469 1872 1552 1899 unius
1570 1880 1625 1899 non
1646 1879 1706 1898 esse
1719 1870 1785 1898 sub-

998 1919 1122 1950 stantiaa;
1140 1918 1205 1953 quia
1227 1918 1271 1945 isti
1296 1917 1468 1944 divinitatem
1488 1917 1595 1944 Domini
1625 1921 1653 1944 et
1676 1923 1786 1944 carnem

998 1965 1161 1993 substantia:
1176 1964 1259 1991 unius
1272 1964 1365 1991 dicere
1378 1967 1564 1991 tentaverunt.
1574 1962 1745 1998 ~Ejuxdem
1762 1962 1785 1995 ’,

1286 2033 1296 2048 '
1312 2033 1350 2060 De
1369 2033 1533 2066 ﬁde,lib.n,
1544 2032 1637 2067 (τιμε).
1675 2031 1707 2059 "l
1722 2031 1784 2059 Cor.

1037 2135 1091 2170 (55)
1107 2136 1148 2169 ἐρ.
1165 2135 1285 2171 Utraque
1294 2136 1379 2163 editio
1395 2135 1538 2170 ὴρεύξατο.

1037 2171 1092 2206 (5ο)
1108 2171 1157 2198 llic
1174 2172 1250 2198 locus
1268 2172 1295 2198 in
1315 2171 1382 2198 edit.
1397 2171 1480 2198 Sirm.
1501 2171 1536 2197 ita
1552 2170 1686 2206 allegatus
1702 2175 1783 2198 erat:

1003 2206 1039 2233 De
1052 2206 1113 2240 ﬁde,
1129 2207 1176 2233 lib.
1193 2215 1217 2233 (ι.
1231 2207 1256 2233 4.
1271 2207 1363 2233 Exstat
1374 2214 1406 2233 eo
1417 2214 1497 2240 quem
1517 2205 1585 2232 infra
1604 2206 1787 2240 expressimus

155 2241 274 2270 editione
289 2251 344 2270 non
360 2243 506 2277 apponitur
517 2241 648 2277 puttetum
663 2242 696 2269 ad
712 2242 868 2276 praecedens
882 2250 946 2276 σαρ-
962 2241 984 2269 D
998 2243 1068 2272 loco.
1084 2246 1103 2269 t.
1121 2242 1153 2273 ll,
1176 2242 1220 2269 ed.
1241 2242 1342 2268 Bencd.
1364 2250 1390 2276 p.
1411 2241 1472 2277 ιδεμ
1487 2249 1572 2277 segm.
1592 2241 1635 2277 '_77.
1650 2241 1786 2275 Integrtnn

155 2280 212 2310 κὸς,
230 2286 281 2306 nec
294 2278 394 2305 deinde
406 2277 552 2311 ειᾱ-φύσεις
567 2279 646 2308 εἰσὶν,
663 2277 710 2304 sed
730 2284 782 2303 una
797 2277 868 2304 serie
880 2284 945 2311 pro-

155 2313 282 2348 greditur
299 2313 389 2340 oratio
406 2320 494 2348 usque
510 2313 543 2340 ad
561 2313 575 2339 ὀ
590 2313 671 2343 αὐτὸς
687 2312 774 2342 λαλεῖ,
789 2312 845 2348 rubi
873 2319 946 2348 pun-

155 2347 230 2376 ctum
248 2349 371 2384 ponitur,
396 2352 423 2374 et
440 2347 474 2374 ad
494 2348 763 2384 ερςιυβιιενπάντοτε.
781 2347 868 2374 Aliam
885 2347 945 2384 dis-

156 2382 308 2446 tincionen
333 2387 444 2411 secutus
460 2387 502 2410 est
518 2383 662 2418 Strigelius
678 2383 705 2409 in
720 2382 946 2416 interpretatione

156 2427 204 2446 sua
243 2424 326 2446 atina.

155 2427 204 2446 sua
220 2420 326 2446 Latina.

192 2455 247 2495 (29)
265 2455 313 2480 ἐνί.
394 2454 474 2495 llam.
485 2453 598 2495 et-Lips.
615 2453 690 2487 ἡμῖν.
705 2452 798 2480 Graeca
815 2452 842 2479 h.
856 2452 875 2479 l.
889 2459 944 2479 non

156 2488 222 2518 satis
236 2489 404 2524 respondent.
418 2489 503 2516 textui
518 2488 626 2524 Latino.
645 2522 664 2524 ᾉ
676 2522 693 2524 η
732 2504 759 2524 -ι

191 2525 248 2561 (50)
273 2521 330 2551 ἄλλ’
346 2525 385 2561 ετ.
401 2533 446 2560 τρ.
464 2532 512 2561 τιρ.
533 2523 624 2550 αὐτόν.
645 2522 718 2561 ﬁdit.
732 2522 812 2551 Rom.
827 2526 855 2549 et
868 2521 942 2557 Lips.

156 2558 212 2587 ἀλλ’
229 2558 306 2592 ἔστω,
319 2558 546 2595 τρ6π‹;)’πρᾲτεχε
564 2558 678 2595 {san-.9.

191 2596 248 2630 (3|)
269 2595 306 2627 ὡς
321 2592 354 2615 -ἐ-
367 2592 457 2621 ὺιτοσί
471 2593 555 2630 λαλεῖ.
573 2593 636 2620 llaec
658 2593 725 2620 satis
748 2592 857 2620 diversa
880 2597 945 2619 sunt

157 2632 190 2658 ab
210 2631 243 2658 iis
266 2638 327 2665 qua:
338 2629 438 2657 deinde
449 2629 519 2665 infra
532 2629 670 2665 leguntur.

196 2666 251 2697 (3-2)
268 2663 308 2692 ἐκ.
325 2664 513 2700 Supptendum
529 2663 589 2691 iuit.

192 2701 249 2737 (55‘)
265 2698 421 2734 Σιγάτιιῐσαν
432 2699 641 2737 -δννόιιιεωςζ
656 2698 718 2726 llmc
739 2703 804 2726 sunt
829 2707 861 2727 ea
885 2709 946 2736 quae

156 2734 258 2765 omissa
272 2741 349 2764 erant
364 2737 392 2763 in
411 2734 689 2770 superioribus,Qn:e
702 2739 865 2769 sequuntur.
896 2734 946 2770 ὶρυ-

157 2773 283 2807 λάξωμεν
301 2780 328 2798 χ,
346 2780 372 2798 τ.
389 2771 414 2797 λ.
434 2769 497 2797 cum
517 2774 592 2797 textu
610 2769 707 2796 Latino
729 2777 784 2796 non
797 2773 863 2798 satis
881 2779 946 2799 con-

158 2808 284 2835 veniunt.

192 2842 248 2879 (3t)
263 2842 340 2869 ἀν’)ο.
360 2841 409 2868 Ed.
423 2841 502 2869 Rom.
517 2845 543 2868 ct
555 2840 630 2875 Lips.
642 2839 802 2876 ἀνθρώπων.

995 2284 1060 2305 vero
1076 2277 1165 2304 locum
1183 2277 1245 2303 vide
1262 2285 1322 2311 pag.
1339 2284 1409 2310 seq..
1428 2276 1473 2303 ubi
1484 2276 1576 2303 Graeca
1596 2275 1786 2310 interpretatio

994 2312 1087 2340 multis
1102 2312 1189 2339 modis
1202 2313 1236 2339 al)
1248 2312 1300 2339 hoc
1314 2313 1373 2340 loco
1385 2311 1486 2338 ditl‘ert.

1031 2347 1085 2381 (37)
1101 2347 1238 2382 Loquitur.
1255 2347 1360 2374 Mallem
1381 2346 1518 2382 respondet
1546 2345 1587 2376 (ut
1609 2345 1786 2382 habetistri-

994 2383 1103 2418 gelius),
1123 2383 1145 2409 si
1160 2382 1255 2410 liceret
1278 2386 1381 2418 textum
1397 2389 1430 2408 ex
1448 2381 1674 2415 interpretatione
1690 2381 1783 2408 Graeca

994 2417 1151 2448 emendare,
1163 2418 1236 2452 quod
1249 2417 1314 2444 mihi
1331 2424 1384 2452 non
1397 2424 1484 2452 sumo.

1034 2452 1089 2487 (58)
1109 2450 1217 2479 Eodém.
1237 2451 1426 2486 Supplendum
1440 2451 1494 2478 hoc
1508 2450 1569 2477 fuit.
1586 2450 1681 2478 Exstat
1703 2450 1784 2483 infra,

997 2488 1053 2515 imo
1067 2487 1149 2514 etiam
1165 2488 1192 2514 in
1205 2487 1272 2515 edit.
1290 2487 1428 2514 Benediet.

1034 2522 1090 2558 (59)
1106 2523 1131 2549 in
1150 2531 1188 2549 eo.
1205 2522 1404 2558 rSupplevimus
1420 2521 1479 2548 haec
1502 2521 1596 2552 verba,
1621 2529 1682 2556 quae
1701 2521 1784 2549 etiam

998 2558 1079 2588 infra,
1092 2562 1120 2585 et
1133 2558 1159 2584 in
1180 2557 1223 2585 ed.
1240 2557 1340 2584 Bened.
1354 2560 1471 2584 exstant.

1034 2592 1087 2628 (40)
1105 2594 1191 2625 quasi.
1208 2593 1363 2628 Delevimus
1374 2593 1460 2628 rquia.
1485 2591 1557 2628 quod
1576 2591 1602 2618 in
1617 2591 1684 2618 edit.
1699 2591 1782 2628 Sirm.

995 2625 1176 2664 praecedebat,
1194 2627 1243 2655 sed
1270 2635 1358 2662 neque
1372 2625 1401 2654 in
1425 2631 1498 2654 textu
1525 2625 1636 2658 Grazco,
1652 2635 1740 2662 neque
1755 2627 1783 2654 in

996 2665 1064 2691 edit.
1081 2664 1181 2691 Bened.
1199 2666 1295 2690 exstat.

1034 2699 1089 2734 (41)
1105 2701 1233 2726 humana.
1246 2698 1283 2724 lta
1299 2705 1408 2734 quoque
1417 2697 1466 2734 red.
1486 2697 1506 2724 l.
1524 2705 1548 2724 c.
1564 2697 1623 2734 Non
1640 2697 1721 2734 licuit
1735 2697 1784 2723 ita-

997 2732 1051 2770 que
1067 2735 1217 2770 rescribere
1232 2732 1351 2770 humilia,
1372 2733 1493 2770 etsi_hoc
1506 2733 1591 2770 magis
1607 2732 1783 2770 responderet

996 2767 1056 2797 voci
1077 2768 1201 2798 ταπεινὰ.
1215 2777 1263 2802 pro
1278 2777 1330 2802 (pla
1346 2767 1414 2795 intra
1429 2768 1528 2803 legitur
1543 2767 1711 2802 ἀνθρώπινα.

1034 2806 1089 2839 (ιιὶ)
1107 2804 1179 2831 Unde
1202 2801 1356 2832 illudfetc.
1369 2801 1501 2837 CouiCad
1518 2803 1545 2830 h.
1570 2804 1588 2830 l.
1607 2803 1736 2831 Scholion
1754 2801 1782 2828 in

994 2841 1060 2869 edit.
1077 2840 1213 2867 Bcnedict.
1234 2844 1253 2866 t.
1270 2839 1301 2870 ll,
1317 2847 1344 2874 ιι,
1363 2839 1423 2866 481.
