1959 3052
188 126 237 158 187

683 123 927 154 ΤΗΕΟΒΟΗΕΤΙ
949 122 1118 152 EPISCOPI
1137 121 1320 152 CYRENSIS

1767 118 1824 152 188

186 181 219 208 Et
236 181 280 208 hic
298 179 366 207 mihi
383 180 543 215 frequenter
563 179 664 207 Nicaeni
692 179 802 206 concilii
821 183 967 206 tractatum

1026 176 1090 203 ὥστε
1108 176 1211 212 μείζονι
1225 176 1281 212 (ό9)
1300 174 1454 210 φιλονεικίᾳ
1472 173 1594 210 Πατέρα,
1615 173 1664 201 καὶ
1675 173 1749 206 Υἱδν,
1770 175 1824 201 καὶ

186 235 215 254 sc
234 232 326 255 tenere
342 230 548 254 commemorat.
564 226 618 252 Sed
634 225 661 252 in
681 225 728 252 illo
741 229 860 252 tractatu
881 230 974 260 patres

186 273 286 305 nostri,
299 281 353 299 non
371 280 492 303 carnem,
511 271 559 299 sed
576 272 624 298 Dei
649 271 781 302 Verbum,
798 271 882 298 unius
908 272 975 299 sub-

185 318 293 346 stantiae
310 326 372 345 cum
390 319 469 345 Patre
482 325 542 345 esse
562 317 711 350 dixerunt;
729 321 756 344 et
769 317 892 344 Verbum
910 317 974 352 qui-

186 364 248 390 dem
258 371 292 391 ex
311 367 423 398 paterna
436 363 604 398 processisse
618 362 785 394 substantia,
795 370 905 390 carnem
923 371 973 390 au-

152 440 157 447 c
186 414 240 436 tem
252 417 286 436 ex
298 409 409 444 Virgine
428 417 489 436 esse
504 409 624 437 confessi
637 413 711 436 sunt.
730 409 876 442 Quomodo
890 410 974 445 igitur

184 455 286 482 Nicazni
299 456 409 482 concilii
419 463 520 482 nomen
532 455 702 487 obtenditur,
716 459 743 482 et
756 463 827 482 nova
836 455 973 484 inducun-

185 504 231 526 tur
246 507 307 534 quae
317 507 458 534 nunquam
472 500 558 527 nostri
577 508 689 527 sensere
701 501 837 535 majores?
846 516 882 520 —
894 501 974 536 Ejus-

184 545 242 570 dem
257 545 289 577 '°,
307 549 398 571 contra
414 538 694 579 Apollinarium.'Noli
712 544 789 579 145
804 544 888 579 igitur
903 543 971 580 (45),

183 595 212 618 et
229 595 271 622 tu,
285 591 436 617 secundum
457 594 583 617 naturam
610 590 795 625 interpretari,
814 590 887 624 quod
905 598 974 624 pra:—

184 639 228 662 tcr
252 634 407 662 divinitatis
436 638 561 661 naturam
591 639 642 661 est.
672 635 740 661 Nam
759 635 810 662 etsi
838 634 937 662 credas
957 642 971 662 a

182 679 294 708 Christo
305 688 397 707 veram
413 680 468 715 (44)
484 687 595 707 carnem
606 688 665 707 esse
683 685 850 715 susceptam,
863 687 890 708 et
903 681 972 708 oﬂ'e-

184 734 229 754 ras
242 726 480 762 tranﬁgurandum
497 733 598 761 corpus
612 726 667 761 (45)
682 727 826 758 altaribus,
840 734 896 753 non
913 727 972 754 dis-

183 772 292 808 tinguas
320 777 411 799 tamen
433 777 559 799 naturam
583 772 736 800 divinitatis
750 776 778 800 et
792 773 928 807 corporis,
944 776 972 799 et

184 816 233 842 tibi
250 816 367 843 dicitur:
389 826 397 841 ι
410 816 437 843 Si
451 821 524 844 recte
538 817 649 849 oll‘eras,
661 824 716 844 non
735 822 809 844 recte
825 821 916 845 autem
931 817 972 845 di-

182 863 271 895 vidas,
285 863 415 898 peccasti,
429 863 541 898 quiesce
557 865 577 879 ”
591 864 658 898 (46).
673 873 682 889 ι
700 864 795 892 Divide
816 864 890 891 enim
915 863 971 900 (47)
991 861 1010 888 Β

181 909 255 944 quod
269 916 374 941 meum,
387 909 479 937 divide
492 910 566 944 quod
579 918 659 937 suum
675 904 818 938 verbiest.
833 911 890 946 Ego
898 910 972 946 quod

180 960 242 981 erat
259 955 335 982 illius
354 963 409 982 non
419 955 602 987 habebam,et
615 955 660 982 ille
672 955 745 990 quod
761 963 854 983 meum
869 961 972 983 estnon

182 999 314 1026 habebat.
331 999 458 1034 Suscepit
473 999 547 1034 quod
573 1007 665 1026 meum
691 1004 743 1033 est,
768 1005 798 1028 ut
815 1001 973 1036 impertiret

180 1045 255 1080 quod
269 1053 348 1072 suum
370 1049 422 1072 est.
442 1045 568 1081 Suscepit
582 1054 638 1073 non
661 1052 691 1073 ut
703 1047 895 1080 confunderet,
923 1047 972 1075 sed

181 1095 212 1118 ut
226 1091 535 1126 repleret.—Ejusdem,
550 1096 608 1127 post
618 1093 743 1128 pauca".
762 1093 893 1120 Desinant
906 1101 972 1128 ergo

181 1136 273 1164 dicere
301 1141 428 1163 naturam
454 1136 536 1163 Verbi
560 1137 587 1164 in
619 1138 744 1172 corporis
768 1142 894 1165 naturam
911 1146 971 1166 esse

181 1186 324 1215 mutatam,
341 1191 375 1211 ne
390 1184 450 1218 pari
474 1184 705 1218 interpretatione
729 1184 857 1212 videatur
871 1188 970 1211 natura

180 1229 264 1256 Verbi
280 1229 308 1256 in
325 1230 482 1264 contagium
499 1234 603 1256 mutata
614 1230 728 1265 peccati.
743 1230 826 1257 Aliud
839 1234 881 1257 est
893 1230 968 1257 enim

179 1274 253 1308 quod
268 1274 425 1309 assumpsit,
437 1279 465 1302 et
474 1275 548 1302 aliud
558 1275 631 1310 quod
643 1280 812 1310 assumptum
825 1276 971 1303 est.Virtus

179 1319 256 1346 venit
271 1319 298 1346 in
312 1319 463 1354 Virginem,
479 1320 552 1347 sicut
569 1324 597 1347 et
619 1321 733 1355 angelus
748 1321 780 1347 ad
801 1329 861 1347 eam
881 1321 968 1348 dixit:

184 1374 192 1389 ι
205 1365 273 1398 Quia
287 1365 376 1392 virtus
391 1365 526 1392 Altissimi
543 1365 722 1393 obumbrabit
739 1371 765 1393 te
784 1367 814 1393 ".
829 1376 837 1391 ι
850 1366 904 1393 Sed
919 1374 969 1393 na-

180 1414 237 1435 tum
251 1414 294 1437 est
306 1417 406 1445 corpus
421 1418 455 1437 ex
468 1410 595 1445 Virgine:
610 1415 638 1438 et
651 1411 714 1438 ideo
726 1412 846 1438 caalestis
857 1412 970 1446 quidem

179 1456 336 1488 descensio,
349 1457 395 1483 sed
418 1457 539 1483 humana
549 1457 694 1491 conceptio
705 1461 757 1484 est.
771 1457 829 1484 Non
844 1465 910 1493 ergo
921 1466 969 1485 ea-

179 1501 241 1528 dem
249 1502 339 1528 carnis
350 1502 439 1537 potuit
456 1510 517 1529 esse
529 1502 740 1537 divinitatisque
752 1507 861 1530 natura.

1027 223 1104 256 ἅγιον
1133 222 1245 257 Πνεῦμα
1266 222 1330 257 μιᾶς
1357 221 1450 252 οὐσίας
1470 220 1507 255 μὴ
1532 220 1640 254 λέγειν·
1666 219 1822 255 ἐπειδήπερ

1026 266 1098 296 οὗτοι
1113 269 1162 304 τὴν
1177 269 1293 304 θεότητα
1308 267 1355 294 τοῦ
1370 267 1473 303 Κυρίου
1487 287 1494 299 ,
1506 266 1553 294 καὶ
1570 267 1620 302 τὴν
1634 266 1734 302 σάρκα,
1753 266 1822 302 μιᾶς

1026 315 1134 349 φύσεως
1150 315 1236 341 εἰπεῖν
1253 313 1446 349 ἐπεχείρησαν.
1462 329 1496 334 -
1513 313 1568 340 Τοῦ
1581 313 1684 340 αὐτοῦ.
1705 313 1760 340 Καὶ
1773 308 1823 339 οὗ·

1025 371 1070 393 τος
1089 362 1118 387 δέ
1135 370 1179 396 μοι
1202 360 1322 395 συνεχῶς
1343 361 1393 394 τῆς
1412 361 1440 386 ὲν
1464 359 1567 395 Νικαίᾳ.
1586 359 1695 386 συνόδου
1720 358 1822 385 ἑαυτὸν

1027 407 1152 442 κατέχειν
1165 407 1214 442 τὴν
1228 406 1335 432 ἔκθεσιν
1348 405 1418 441 (50)·
1431 405 1488 432 ἀλλ’
1501 406 1531 431 ὲν
1546 405 1638 440 ἐκείνῃ
1650 406 1682 440 τῇ
1696 404 1821 436 ἐξετάσει

1025 454 1049 479 οἱ
1067 453 1196 488 ἡμέτεροι
1226 452 1350 487 Πατέρες
1362 473 1369 485 ,
1382 451 1443 486 οὐχὶ
1459 451 1509 486 τὴν
1534 451 1641 486 σάρκα,
1658 450 1704 476 τὸν
1721 450 1749 476 δὲ
1768 449 1819 476 τοῦ

1026 499 1092 526 Θεοῦ
1110 498 1205 532 Λόγον,
1224 499 1255 524 ἐκ
1272 499 1336 533 μιᾶς
1352 498 1400 524 σὺν
1416 497 1473 531 (51)
1493 497 1532 532 τῷ
1543 496 1630 532 Πατρὶ
1643 496 1737 527 οὐσίας
1746 493 1820 522 εἶναι

1025 546 1162 581 εἰρήκασι.
1187 545 1242 571 Καὶ
1262 545 1307 570 τὸν
1331 544 1380 579 μὲν
1403 544 1489 577 Λόγον
1509 544 1541 570 ὲκ
1565 543 1616 577 τῆς
1640 542 1687 568 τοῦ
1710 541 1820 577 Πατρδς

1025 590 1257 627 προσεληλυθέναι
1274 590 1334 624 (52)
1350 589 1445 620 οὐσίας
1458 609 1466 622 ,
1488 589 1538 623 τὴν
1557 588 1585 614 δὲ
1606 589 1695 623 σάρκα
1714 588 1746 614 ὲκ
1767 587 1820 622 τῆς

1024 637 1163 673 Παρθένου
1175 638 1321 671 τυγχάνειν
1331 636 1535 670 ὡμολογήκασι.
1551 634 1600 661 Διὰ
1612 634 1638 661 τί
1650 634 1740 660 τοίνυν
1751 634 1820 668 ἡμῖν

1023 683 1054 709 τὸ
1068 682 1117 717 μὲν
1132 683 1181 717 τῆς
1195 683 1223 708 ὲν
1240 681 1343 716 Nimia.
1358 681 1547 716 προτείνουσιν
1561 679 1657 715 ὄνομα,
1673 679 1819 713 εἰσάγουσι

1024 729 1052 756 δὲ
1071 728 1173 761 καινὰ,
1199 727 1247 755 καὶ
1265 727 1337 762 ἆπερ
1360 727 1410 753 οὐκ
1438 726 1609 761 ὲνεθύμησαν
1638 726 1663 752 οἱ
1687 725 1820 760 ἡμέτεροι

1024 776 1151 810 πρόγονοι
1162 783 1168 807 ;
1186 789 1221 794 -
1233 774 1288 801 Τοῦ
1300 773 1403 804 αὐτοῦ,
1413 772 1487 799 κατὰ
1505 771 1726 805 Ἀπολιναρίου.
1738 771 1819 805 Μήτε

1025 821 1057 847 σὺ
1079 820 1139 847 θέλε
1164 820 1220 856 (55)
1246 820 1333 846 τοίνυν
1350 818 1422 845 κατὰ
1443 818 1524 853 φύσιν
1548 818 1605 844 ἴσον
1622 817 1672 852 τῆς
1687 816 1819 850 θεότητος

1024 864 1136 893 εἶναιτὸ
1149 866 1238 900 σῶμα.
1262 865 1323 891 Κᾶν
1347 864 1401 899 γὰρ
1417 864 1568 898 πιστεύσῃς
1582 862 1620 894 ὼς
1645 861 1746 896 ἀληθὲς
1771 861 1817 896 εἴη

1025 912 1055 939 τὸ
1077 912 1157 946 σῶμα
1179 911 1227 938 τοῦ
1249 910 1380 946 Χριστοῦ,
1399 910 1445 935 καὶ
1460 907 1651 944 προσκομίσῃς
1668 907 1708 942 τῷ
1724 907 1820 934 θυσια-

1024 958 1129 993 στηρίῳ
1146 957 1214 992 πρὸς
1231 956 1422 992 μεταποίησιν,
1439 955 1476 991 μὴ
1491 953 1629 990 διαστίξῃς
1649 954 1678 979 δὲ
1698 953 1747 988 τὴν
1768 951 1817 978 τοῦ

1024 1002 1149 1038 σώματος
1165 1003 1212 1029 καὶ
1234 1002 1284 1037 τῆς
1298 1002 1425 1037 θεότησος
1440 1001 1531 1035 φύσιν,
1549 999 1667 1035 ἐροῦμεν
1692 999 1740 1025 καὶ
1763 998 1816 1030 σοὶ,

1030 1059 1039 1074 ι
1053 1049 1117 1075 Ἐὰν
1133 1048 1220 1084 ὀρθῶς
1232 1047 1430 1082 προσενέγκῃς,
1439 1046 1525 1082 ὀρθῶς
1531 1045 1559 1071 δὲ
1569 1044 1713 1080 μὴδιέλῃς,
1723 1044 1817 1079 ἥμαρ-

1022 1103 1078 1126 τες,
1099 1094 1247 1129 ήσύχασον.
1268 1103 1278 1120 ν
1298 1093 1372 1119 Δίελε
1389 1093 1444 1127 γὰρ
1452 1092 1514 1126 τόγε
1524 1091 1645 1126 ὑπάρχον
1658 1090 1745 1125 ἡμῶν,
1768 1089 1818 1116 καὶ

1022 1141 1089 1173 ὅπερ
1105 1141 1204 1166 οἰκεῖον
1220 1139 1266 1166 τοῦ
1283 1139 1380 1173 Λόγου.
1401 1137 1506 1164 Οὐκοῦν
1521 1137 1577 1171 ἐγὼ
1593 1136 1644 1171 μὲν
1668 1137 1719 1162 οὐκ
1739 1133 1817 1170 εἶχον

1022 1187 1090 1222 ὅπερ
1114 1186 1236 1220 ὑπῆρχεν
1265 1184 1366 1211 αὑτοῦ·
1393 1185 1498 1214 ἐκεῖνος
1524 1182 1552 1209 δὲ
1577 1182 1627 1208 οὐκ
1652 1179 1724 1216 εἶχεν
1747 1180 1817 1215 ὅπερ

1022 1233 1144 1267 ὑπῆρχεν
1158 1231 1233 1266 ἐμόν.
1246 1231 1302 1257 Καὶ
1315 1230 1409 1257 ἔλαϐεν
1420 1230 1488 1263 ὅπερ
1504 1229 1626 1263 ὑπῆρχεν
1639 1227 1716 1262 ἐμὸν,
1730 1234 1815 1261 μετα-

1021 1278 1114 1305 δώσων
1125 1277 1179 1304 τῶν
1185 1276 1293 1303 οἰκείων
1305 1277 1381 1311 ἡμῖν·
1396 1274 1529 1302 καὶτοῦτο
1543 1273 1612 1309 πρὸς
1621 1272 1817 1307 ἀναπλήρωσιν

1021 1324 1051 1350 οὐ
1072 1324 1202 1358 σύγχυσιν
1217 1321 1369 1354 ἀνεδέξατο.
1394 1337 1430 1341 -
1449 1320 1503 1348 Τοῦ
1520 1319 1624 1350 αὑτοῦ,
1637 1319 1701 1353 μετ’
1715 1318 1814 1352 ὀλίγα.

1022 1368 1227 1395 Παυσάσοωσαν
1246 1367 1337 1394 τοίνυν
1358 1367 1382 1393 οἱ
1407 1367 1532 1401 λέγοντες
1558 1365 1629 1400 ὼςὴ
1652 1363 1700 1390 τοῦ
1725 1363 1814 1397 Λόγου

1022 1414 1102 1449 φύσις
1123 1415 1161 1445 είς
1178 1413 1279 1448 σαρκὺς
1300 1412 1499 1448 μεταϐέϐληται
1515 1411 1611 1446 φύσιν·
1632 1410 1677 1436 ἵνα
1701 1410 1737 1445 μὴ
1749 1409 1814 1445 δόξῃ

1022 1458 1222 1494 μεταδληθεῖσα
1237 1457 1308 1484 κατὰ
1320 1457 1369 1492 τὴν
1384 1457 1469 1491 αὐτὴν
1486 1456 1635 1492 ἑρμηνείαν
1650 1455 1815 1490 γεγενῆσθαι

1021 1505 1068 1530 καὶ
1080 1503 1155 1538 ἢτοῦ
1177 1503 1264 1536 Λόγου
1280 1502 1360 1537 φύσις
1381 1503 1436 1534 τοῖς
1456 1501 1503 1528 τοῦ
1518 1501 1646 1536 σώματος
1669 1500 1814 1536 παθήμασι

180 1546 337 1581 σύμφθορος
362 1547 433 1581 (54).
459 1547 574 1582 Ἕτερον
599 1548 655 1583 γάρ
682 1550 739 1574 ἐστι
755 1549 785 1575 τὸ
806 1549 969 1584 προσλαϐὸν,
991 1551 1038 1576 καὶ
1053 1549 1147 1585 ἔτερόν
1169 1549 1227 1575 ἐστι
1242 1549 1272 1575 τὺ
1291 1547 1475 1583 προσληφθέν.
1495 1547 1615 1582 Δύναμις
1650 1544 1731 1582 ἦλθεν
1767 1547 1814 1572 ἐπὶ

179 1593 228 1628 τὴν
244 1592 399 1627 Παρθένον,
412 1593 450 1625 ὡς
463 1594 477 1619 ό
490 1593 606 1627 ἄγγελος
618 1594 687 1629 πρὸς
704 1594 789 1630 αὐτὴν
805 1594 888 1628 λέγει.
922 1605 931 1621 ‹
947 1595 1008 1622 Ὅτι
1027 1596 1141 1630 δύναμις
1174 1595 1303 1629 Ὑψίστου
1326 1594 1481 1621 ἐπισκιάσει
1502 1602 1553 1620 σοι.
1581 1603 1590 1619 ι
1620 1593 1692 1619 Ἀλλ’
1709 1593 1742 1619 ὲκ
1767 1591 1814 1619 τοῦ

180 1639 306 1673 σώματος
316 1638 349 1675 ἦν
361 1640 410 1674 τῆς
425 1640 564 1676 Παρθένου
584 1641 614 1667 τὸ
626 1642 722 1676 τεχθέν
735 1650 742 1657 ·
755 1642 803 1668 καὶ
821 1642 864 1669 διὰ
879 1643 968 1675 τοῦτο,
989 1643 1049 1670 θεία
1069 1644 1118 1678 μὲν
1154 1643 1170 1678 ἡ
1194 1641 1346 1673 κατάϐασις
1370 1641 1439 1675 (55),
1458 1641 1475 1676 ὴ
1492 1640 1520 1667 δὲ
1545 1639 1676 1676 σύλληψις
1709 1639 1814 1675 ἀνθρω-

180 1683 255 1719 πίνη.
272 1684 328 1710 Οὐκ
340 1684 410 1719 αὑτὴ
425 1682 471 1711 οὖν
485 1685 601 1718 ἠδύνατο
611 1685 658 1711 τοῦ
669 1694 700 1711 τε
720 1685 776 1721 (56)
789 1685 915 1721 σώματος
928 1687 1045 1723 πνεῦμα,
1066 1688 1112 1714 καὶ
1125 1687 1174 1722 τῆς
1190 1686 1316 1721 θεότητος
1333 1685 1424 1720 φύσις.
1455 1708 1462 1713 κ

321 1750 413 1779 Sancti
437 1752 530 1780 Basilii
552 1754 664 1789 episcopi
687 1753 824 1781 Cwsarew.

217 1817 258 1846 Ea:
268 1820 386 1846 oratione
404 1820 459 1856 (48)
476 1821 507 1847 de
520 1822 670 1856 gratiarum
685 1823 796 1849 actione.
808 1822 897 1855 Quare
907 1830 970 1850 cum

181 1865 300 1892 amicum
322 1865 449 1902 lacrymis
471 1872 635 1902 prosecutus
654 1872 706 1900 est,
727 1873 834 1896 naturae
844 1869 972 1896 humanae

180 1911 339 1938 societatem
355 1911 412 1945 ipse
422 1911 552 1943 ostendit,
565 1917 593 1938 et
601 1920 651 1939 nos
662 1913 696 1939 ab
704 1920 817 1940 excessu
828 1913 855 1940 in
867 1917 971 1940 utram-

180 1963 234 1990 que
254 1959 359 1990 partem
379 1957 516 1989 liberavit,
536 1964 587 1984 nec
608 1958 719 1985 mollius
733 1958 819 1993 frangi
836 1958 969 1989 adversis,
988 1963 989 1966 ‘

180 2008 232 2028 nec
257 2001 316 2028 sine
339 2009 420 2029 sensu
439 2002 556 2030 tristium
570 2011 630 2030 esse
645 2004 816 2038 permittens.
833 2003 971 2037 Quemad-

181 2047 293 2075 modum
311 2048 394 2082 igitur
410 2049 508 2076 esuriit
521 2050 652 2076 Dominus
666 2050 753 2077 solido
768 2051 832 2078 cibo
852 2050 904 2085 ipsi
922 2051 972 2077 ab-

182 2097 301 2127 sumpto,
312 2097 340 2120 et
350 2094 420 2121 sitiit
431 2094 593 2122 hurniditate
607 2095 685 2131 148
702 2096 728 2123 in
739 2104 855 2131 corpore
867 2096 972 2125 exhau-

220 2180 242 2197 '°
257 2181 295 2209 De
309 2181 412 2209 incarn.
436 2190 597 2216 sacram.,c.
615 2185 641 2212 4.

219 2272 275 2312 (ῥὸ)
289 2273 349 2300 Noli
359 2274 484 2312 igitur—_
496 2275 576 2312 divin.
594 2281 720 2312 ria/viruit:
729 2281 776 2304 est.
788 2277 850 2304 Haec
858 2277 969 2312 quidem

183 2309 220 2345 ab
229 2309 450 2343 interpretatione
460 2309 551 2345 Grazca
563 2310 635 2337 haud
648 2319 743 2345 parum
763 2309 903 2344 diﬂ‘erunt,
918 2321 968 2340 no-

183 2344 285 2370 luimus
298 2350 387 2381 augem
413 2344 569 2381 quidquam
579 2344 696 2378 mutare,
714 2347 777 2381 quia
799 2348 893 2375 Latina
905 2356 966 2375 cum

183 2383 257 2405 textu
275 2379 319 2406 ed.
335 2379 472 2406 Benedict.
485 2380 654 2408 exactissime
667 2379 842 2409 conveniunt.

220 2414 388 2452 (M)_vera_n_1.
408 2413 556 2452 inserenda
582 2415 632 2442 fuit
653 2416 711 2444 haec
725 2425 788 2449 vox,
809 2425 869 2452 qua:
883 2418 964 2445 etiam

183 2453 271 2475 exstat
284 2449 310 2475 in
326 2448 393 2475 edit.
408 2447 509 2475 Bened.

221 2483 275 2518 (45)
291 2482 411 2518 trans/ig.
429 2491 531 2518 corpus.
549 2484 688 2518 Miramur,
701 2487 735 2514 ab
755 2487 904 2514 editoribus
919 2488 970 2514 Be-

184 2517 258 2557 ned._
276 2518 303 2544 in
330 2517 512 2557 scholionhuie
531 2519 591 2557 loco
605 2521 635 2554 (t.
658 2521 689 2552 ll,
707 2530 733 2556 p.
758 2522 819 2557 709)
834 2523 968 2557 subjecto,

184 2553 305 2598 potuisse
315 2553 388 2598 serio
403 2552 520 2598 deflendi.
533 2552 670 2598 Nostrum,
685 2552 746 2597 eum
759 2552 816 2584 haec
830 2552 969 2598 allegaret,

185 2587 304 2627 pluisse
312 2588 428 2627 dogmati
438 2587 783 2627 detranssubstanliatione
794 2587 968 2627 patrocinari.

185 2621 238 2650 Sed
258 2621 296 2658 die?
313 2623 364 2650 hac
379 2624 536 2658 quastione
566 2626 654 2658 aptior
680 2628 732 2654 erit
764 2621 871 2655 dicendi
895 2629 970 2655 loeus

186 2662 259 2684 tomo
275 2657 307 2689 ν,
325 2658 345 2685 si
369 2657 402 2685 de
428 2657 480 2685 ﬁde
499 2657 663 2688 Theodoreti
692 2668 786 2690 contra
808 2663 969 2691 Garnerium

186 2692 397 2726 disputabimus.

222 2727 283 2789 (1(61).
294 2729 404 2789 quiesce.
420 2729 502 2756 Abest
517 2738 531 2756 a
546 2735 619 2758 textu
638 2731 771 2761 Ambrosii
784 2734 810 2761 in
829 2733 895 2762 edit.
922 2733 970 2761 Ben

187 2769 250 2790 neo.
265 2769 283 2789 Ι.
301 2771 325 2790 C.

223 2798 279 2831 (47)
297 2799 376 2826 enini.
393 2799 496 2827 Pariter
512 2800 596 2827 abest.
615 2802 632 2828 l.
649 2809 671 2828 (ι.

224 2833 278 2868 (48)
297 2833 430 2867 Oratione,
448 2843 494 2862 seu
514 2835 603 2869 potius
617 2837 739 2864 Hmnilia.

981 1749 1002 1777 ο
1049 1756 1104 1783 Τοῦ
1119 1756 1204 1790 ἁγίου
1225 1755 1387 1782 Βασιλείαν
1407 1755 1574 1782 ἐπισκόπου
1590 1754 1778 1787 Καισαρείας.

1064 1822 1116 1848 Ἐκ
1135 1822 1187 1848 τοῦ
1205 1821 1270 1856 περὶ
1284 1821 1477 1856 εὐχαριστίας
1495 1821 1599 1856 λόγου.
1615 1822 1713 1856 Διόπερ
1724 1821 1814 1848 ἐπιδα-

1024 1867 1129 1902 κρύσας
1143 1867 1182 1902 τῷ
1193 1867 1273 1902 φίλῳ,
1290 1867 1371 1898 αὑτός
1385 1875 1416 1901 γε
1429 1866 1479 1902 τὴν
1495 1866 1636 1893 κοινωνίαν
1652 1867 1700 1901 τῆς
1713 1866 1814 1901 ἀνθρω-

1025 1912 1106 1946 πίνης
1128 1911 1186 1946 (57)
1209 1911 1318 1945 φύσεως
1341 1911 1507 1943 ἐπεδείξατο,
1529 1911 1577 1937 καὶ
1595 1911 1669 1946 ἡμᾶς
1689 1910 1743 1937 τῶν
1770 1911 1813 1944 ἐφ’

1024 1957 1145 1992 ἑκάτερα
1165 1957 1324 1993 ὑπερϐολῶν
1343 1957 1533 1991 ἠλευθέρωσε·
1557 1957 1625 1992 μήτε
1651 1956 1812 1991 καταμαλα-

1025 2003 1149 2036 κίζεσθαι
1167 2004 1234 2038 πρὸς
1246 2003 1279 2029 τὰ
1299 2002 1382 2037 πάθη,
1398 2002 1466 2038 μήτε
1485 2002 1656 2037 ἀναισθήτως
1671 2002 1741 2037 ἔχειν
1759 2002 1813 2030 τῶν

1024 2049 1157 2084 λυπηρῶν
1173 2040 1340 2085 ἐπιτρεπων.
1358 2048 1401 2080 Ὡς
1417 2046 1463 2074 οὖν
1482 2048 1643 2081 κατεδέξατο
1654 2049 1701 2082 τὴν
1718 2049 1812 2075 πεῖναν

1026 2096 1040 2121 ὁ
1055 2096 1168 2132 Κύριος,
1179 2096 1229 2132 τῆς
1244 2096 1356 2132 στερεᾶς
1367 2095 1471 2130 τροφῆς
1481 2094 1705 2130 διαπνευοθείσης
1720 2094 1794 2129 αύτῷ
1803 2114 1810 2126 ,

694 2185 714 2200 ¹¹
732 2185 805 2215 Gen.
819 2194 855 2218 ιν,
875 2186 901 2213 7.
941 2186 962 2201 "

1028 2186 1134 2214 incarn.
1148 2193 1312 2218 sacram.,c.
1330 2184 1357 2212 6.
1396 2185 1418 2201 ¹³
1435 2185 1500 2213 Luc.
1519 2194 1537 2217 ι,

1059 2277 1114 2312 (49)
1130 2278 1251 2312 Utraque
1267 2277 1362 2307 editio,
1378 2275 1477 2311 μείζων
1494 2275 1652 2312 φιλονεικία.

1057 2312 1103 2345 (50
1132 2311 1249 2338 ἔκθεσιν,
1266 2312 1407 2339 Ελείιίὶεεο
1419 2312 1530 2338 videtur
1540 2311 1665 2338 verbum.

1057 2314 1114 2417 (51f
1131 2347 1190 2382 σύν.
1212 2346 1262 2374 Ed.
1283 2347 1362 2373 Rom.
1380 2350 1408 2374 et
1422 2347 1496 2381 Lips.
1515 2347 1553 2386 ἐν.

1057 2383 1102 2417 (52
1128 2382 1239 2417 προσελ.
1263 2382 1420 2417 Legendum
1438 2389 1498 2409 esse
1515 2381 1626 2408 Videtur
1651 2390 1665 2407 τ

1056 2383 1102 2419 (52

1020 2417 1104 2444 θέναι.

1131 2347 1190 2382 σύν.
1212 2346 1262 2374 Ed.
1283 2347 1362 2373 Rom.
1380 2350 1408 2374 et
1422 2347 1496 2381 Lips.
1515 2347 1553 2382 ἐν.

1128 2382 1239 2417 προσελ.
1263 2382 1420 2417 Legendum
1438 2389 1498 2409 esse
1515 2381 1626 2408 videtur
1651 2381 1804 2417 προεληλυ-

984 2438 1006 2466 ο
1022 2438 1113 2486 "'35)
1127 2452 1176 2479 Ed.
1193 2452 1272 2479 Rom.
1288 2456 1315 2479 et
1328 2451 1402 2486 Lips.
1416 2452 1506 2478 τοίνυν
1520 2451 1591 2478 θέλε.

1057 2454 1179 2523 (ὕληνκαὶ
1189 2502 1224 2506 —
1236 2486 1399 2523 quppoopog.
1425 2486 1487 2523 Haec
1504 2495 1520 2514 a
1535 2491 1591 2523 text

1070 2488 1114 2522 54)
1133 2488 1224 2513 καὶ-
1236 2486 1399 2521 σύμφθορος.
1425 2486 1487 2514 Haec
1504 2495 1520 2514 ιι
1535 2491 1610 2514 textu
1630 2486 1726 2515 Latino
1744 2487 1809 2515 satis

1022 2521 1086 2550 sunt
1104 2522 1220 2549 diversa.
1238 2521 1295 2549 Nec
1311 2521 1401 2549 minus
1417 2522 1501 2549 verba
1520 2522 1614 2549 ultima
1637 2523 1694 2549 ἀλλ’
1716 2523 1749 2548 ἐκ
1764 2521 1809 2550 τοῦ

1023 2558 1147 2592 σώματος
1165 2565 1191 2584 κ.
1209 2566 1233 2584 τ.
1250 2557 1275 2583 λ.

1059 2590 1114 2627 (55)
1132 2592 1291 2623 κατάὸασις.
1321 2590 1413 2624 Qualis
1431 2590 1512 2618 fuerit
1530 2591 1574 2619 hic
1590 2591 1748 2624 descensus,
1764 2600 1810 2618 ex-

1022 2628 1133 2663 ponitur
1150 2627 1333 2663 aﬁNostroadi
1343 2627 1412 2660 Eph.
1424 2634 1466 2663 νιν]
1479 2627 1591 2663 ιοΝιψ
1603 2631 1623 2654 ι.
1643 2627 1687 2663 lli,
1707 2636 1733 2662 p.
1748 2627 1807 2663 42.5.

1059 2663 1114 2697 (56)
1133 2662 1179 2687 τοῦ
1196 2670 1236 2687 τε.
1255 2661 1305 2688 Ed.
1320 2662 1399 2697 Rom.
1412 2662 1439 2688 e't
1456 2661 1529 2696 Lips.
1546 2662 1635 2689 τοῦτο.
1650 2662 1679 2688 In
1699 2661 1809 2697 reliquis

1021 2696 1158 2724 consentit
1169 2700 1286 2731 utraque
1303 2696 1398 2724 editiu.
1412 2696 1465 2723 Sed
1483 2696 1608 2731 suspicor
1625 2696 1699 2724 hunc
1721 2696 1807 2731 locum

1021 2733 1049 2760 in
1065 2732 1164 2759 mendo
1180 2730 1290 2761 cubare.
1303 2736 1331 2758 et
1348 2731 1494 2766 legendum
1520 2730 1591 2763 esse,
1609 2732 1658 2758 οὐκ
1676 2732 1743 2766 αὑτὴ
1765 2730 1808 2758 οὖν

1022 2769 1037 2802 ὴ
1055 2767 1169 2801 δύναμις
1189 2766 1236 2792 τοῦ
1258 2774 1288 2792 τε
1303 2766 1429 2802 σώματος
1457 2766 1566 2801 πνεῦμα.
1585 2766 1633 2793 καὶ
1657 2767 1707 2802 τῆς

1043 2811 1111 2829 υσις.

1133 2837 1208 2873 ἁνθρ.
1223 2837 1272 2864 Ed.
1291 2837 1403 2869 liened.,
1419 2842 1437 2863 t.
1458 2837 1489 2869 Il,
1504 2845 1530 2872 [ι.
1551 2837 1595 2869 ‘29,
1609 2837 1791 2872 ἀνθρωπείας.

1753 2767 1806 2793 erit.
