1959 3052
155 151 214 184 18‘)

709 151 846 181 DIALOG
853 151 900 181 US
913 151 954 181 II.
972 165 1006 168 —
1024 151 1269 183 INCONFUSUS.

1745 155 1796 188 190

151 208 205 235 καὶ
218 206 266 242 τὴν
281 206 360 241 δίψαν
377 207 547 243 προσήκατο,
567 206 615 239 ἧς
636 206 784 242 ὑγρότητος
805 207 948 235 ἀναλωθεί-

1006 213 1057 240 sta,
1073 213 1101 236 et
1117 208 1282 244 defatigatus
1295 213 1337 237 est
1357 209 1448 237 nervis
1460 218 1491 238 ac
1502 210 1635 238 musculis
1646 217 1678 238 ex
1695 211 1795 240 itinere

153 261 210 288 σης
221 252 271 287 τῆς
283 252 312 278 ἐν
326 251 364 286 τῷ
383 251 506 287 σώματι·
524 251 572 278 καὶ
588 252 730 285 ἐκοπίασε,
744 252 798 279 τῶν
817 252 892 287 μυῶν
902 252 950 278 καὶ

151 299 214 325 τῶν
229 297 331 333 νεύρων
346 298 378 324 ἐκ
393 298 444 332 τῆς
454 297 611 333 ὁδοιπορίας
620 298 829 334 ὑπερταθέντων
840 306 847 314 ο
858 299 888 324 οὐ
900 298 950 333 τῆς

153 345 288 379 θεότητος
305 343 344 379 τῷ
356 344 474 378 καμάτῳ
487 344 652 380 πιεζομένης
664 344 732 379 (58),
748 344 816 370 ἀλλὰ
831 345 876 370 τοῦ
896 344 950 370 σώ-

155 399 245 426 ματος
259 390 294 416 τὰ
310 390 342 416 ἐκ
365 390 414 424 τῆς
436 389 543 424 φύσεως
562 389 798 417 ἐπακολουθοῦντα
820 390 950 426 συμπτώ-

156 443 236 470 ματα
255 435 401 470 δεχομένου
412 443 419 450 ·
441 435 513 462 οὕτω
534 436 581 461 καὶ
599 435 629 462 τὸ
646 435 762 472 δάκρυον
778 437 946 472 προσήκατο,

152 481 190 507 τὸ
207 481 321 515 φυσικὸν
335 481 367 516 τῇ
384 481 466 516 σαρκὶ
481 480 652 514 ἐπιγίνεσθαι
668 481 826 517 σύμπτωμα
841 490 949 517 συγχω-

155 526 215 561 ρῶν
225 527 290 561 (59).
298 541 332 546 -
343 526 398 553 Τοῦ
409 527 513 557 αὑτοῦ,
521 529 565 560 εἰς
577 527 610 554 τὸ
624 528 698 554 κατὰ
708 529 868 563 Εὑνομίου.
878 527 949 562 Ἐγὼ

154 573 213 607 γὰρ
235 573 282 600 καὶ
300 573 330 598 τὺ
346 573 374 600 ὲν
397 574 488 608 μορφῇ
503 573 572 599 Θεοῦ
586 573 730 609 ὑπάρχειν,
746 574 803 600 ἴσον
818 574 948 600 δύνασθαι

153 617 197 652 τῷ
219 618 247 644 ἐν
265 617 345 653 οὐσίᾳ
370 617 437 644 θεοῦ
464 618 520 653 (60)
538 619 672 654 ὑπάρχειν
688 619 768 654 φημι.
791 620 834 651 Ὠς
850 620 903 656 γὰρ
918 620 948 646 τὸ

155 663 268 698 μορφὴν
284 663 459 698 ἀνειληφέναι
475 664 580 696 δούλου,
596 666 624 692 ἐν
638 667 670 700 τῇ
687 665 766 700 οὐσίᾳ
780 665 829 700 τῆς
841 665 948 701 ὁινοριι)⁴

1000 254 1116 280 nimium
1140 255 1279 287 extensis;
1300 263 1354 282 non
1372 263 1502 290 oppressa
1522 255 1616 282 Iabere
1640 255 1794 288 divinitate,

1001 299 1047 326 sed
1070 307 1185 333 corpore
1207 308 1267 334 qua:
1291 300 1377 334 ipsius
1402 305 1527 327 naturam
1553 301 1678 328 comitari
1708 304 1796 329 solent

1001 344 1153 371 accidentia
1166 346 1318 373 sustinente
1332 355 1338 372 :
1353 347 1389 374 ita
1400 355 1510 382 quoque
1524 347 1635 375 admisit
1648 348 1793 384 lacrymas,

1003 390 1165 424 permittens
1178 395 1207 417 ut
1229 392 1304 418 carni
1318 392 1456 419 accideret
1470 393 1542 428 quod
1554 393 1578 420 ci
1594 395 1795 421 eratnaturale.

1001 434 1181 470 —Ejusdem,
1195 440 1287 462 contra
1302 437 1474 465 Eunomium.
1485 439 1541 473 Ego
1558 438 1642 470 enim,
1663 439 1690 466 in
1710 440 1795 467 forma

1004 481 1053 508 Dei
1088 489 1147 509 esse
1181 482 1252 509 idem
1280 491 1341 510 esse
1368 485 1421 516 aio,
1443 493 1474 512 ac
1506 485 1533 512 in
1565 486 1719 513 substantia
1746 487 1795 514 Dei

1001 534 1072 554 esse.
1103 527 1179 555 Sicut
1205 529 1278 555 enim
1313 529 1429 556 formam
1460 530 1531 556 servi
1560 531 1745 566 accepisse“,
1768 533 1795 560 in

1002 573 1128 601 humanae
1146 577 1249 601 naturae
1270 575 1423 602 substantia
1441 575 1586 602 Dominum
1604 576 1688 604 fuisse
1710 577 1795 612 signi-

1001 619 1065 647 ﬁcat
1082 628 1088 646 :
1106 620 1142 646 ita
1167 620 1188 647 si
1204 620 1265 655 quis
1280 620 1347 647 dicit
1374 621 1402 647 in
1430 621 1518 648 forma
1541 622 1589 649 Dei
1606 630 1676 655 esse,
1697 623 1796 651 divina:

1001 670 1107 694 natura:
1120 666 1315 700 proprietatem
1328 666 1380 700 ipsi
1393 666 1530 693 attribuit.

154 711 276 745 πάππος
292 712 339 737 τὸν
356 711 457 747 Κύριον
469 712 548 747 ἡμῶν
567 713 731 748 γεγενῆσθαι
752 713 889 748 σημαίνει,
925 713 1011 746 οὕτως
1028 713 1115 747 λέγων
1130 713 1186 746 (Gl)
1218 714 1247 740 ἐν
1274 715 1364 750 μορφῇ
1384 714 1453 740 Θεοῦ
1477 715 1623 750 ὑπάρχειν,
1649 714 1700 751 τῆς
1721 715 1796 747 θείας

151 757 251 789 οὐσίας
265 758 414 793 παρίστησι
428 757 486 794 (62)
500 758 549 794 τὴν
566 759 697 794 ίδιότητα.

205 816 261 843 Τοῦ
273 816 359 851 ἁγίου
374 818 540 852 Γρηγορίου
559 818 727 846 ἐπισκόπου
741 819 912 850 Ναζὶανζοῦ,

1075 818 1151 854 147
1178 819 1270 848 Sancti
1287 818 1405 855 Gregorii
1423 820 1535 855 episcopi
1551 819 1723 847 Nazianzcui.

199 874 248 900 Ἐκ
258 873 311 900 τοῦ
325 875 420 908 λόγου
430 874 485 901 τοῦ
499 876 542 908 εις
555 876 611 911 (65)
627 876 684 910 τὴν
697 876 771 903 νέαν
784 876 947 911 Κιχριακήν.

1037 875 1079 902 Ea:
1093 878 1212 903 oratione
1226 877 1257 904 de
1273 886 1339 904 nova
1357 877 1508 903 Dominica.
1527 875 1682 903 Venturum
1700 883 1796 904 rursus

156 919 256 952 Ἴὶξειν
279 920 336 955 (64)
355 921 437 947 πάλιν
462 921 531 956 μετὰ
552 923 602 957 τῆς
616 923 722 955 ἐνδόξου
743 923 825 950 αὑτοῦ
846 932 948 959 παρου-

158 966 233 998 σίας,
258 967 386 1002 κρίνοντα
412 967 516 1000 ζῶντας
548 969 596 995 καὶ
620 969 745 1004 νεκρούς.
771 969 869 996 Οὐκέτι
898 969 947 1004 μὲν

156 1012 259 1046 σάρκα,
279 1012 333 1050 οὑκ¹
354 1012 500 1047 ἀσώματον
518 1013 558 1047 δὲ,
580 1011 621 1046 οἷς
637 1015 692 1050 (65)
705 1015 787 1046 αὐτὸς
799 1013 869 1042 οἶδεν
883 1016 948 1050 ἀλη-

156 1057 213 1090 θῶς
231 1058 431 1095 θεοειδεστέρου
457 1059 594 1095 σώματος,
610 1061 654 1087 ἵνα
677 1061 725 1087 καὶ
742 1061 811 1097 ὀφθῇ
826 1061 878 1087 ὑπὸ
892 1061 947 1087 τῶν

155 1104 391 1140 ὲκκεντησάντων,
417 1105 464 1132 καὶ
496 1106 575 1141 μείνῃ
610 1106 676 1137 Θεὸς
703 1106 756 1139 ἔξω
781 1106 944 1142 παχύτητος.

155 1165 192 1171 --
210 1150 268 1178 Τοῦ
293 1151 404 1184 αὐτοῦ,
437 1152 470 1179 ἐκ
490 1152 546 1186 τῆς
561 1152 636 1186 πρὸς
652 1152 948 1186 Κληδόνιονὲπιστο-

156 1196 217 1231 λῆς
239 1196 306 1230 (66).
327 1196 427 1228 Φύσεις
453 1198 503 1231 μὲν
521 1197 575 1233 γὰρ
589 1198 636 1224 δύο
652 1197 718 1229 Θεὸς
742 1199 788 1224 καὶ
806 1198 947 1234 ἄνθρωπος

157 1243 220 1269 ἐπεὶ
238 1243 287 1270 καὶ
300 1243 373 1280 ψυχὴ
387 1244 436 1271 κα).
453 1244 549 1279 σῶμα·
567 1243 620 1270 υἱοὶ
632 1244 660 1270 δὲ
681 1245 712 1270 οὐ
729 1244 775 1271 δύο
795 1244 861 1280 (67).
880 1244 947 1271 Οὐδὲ

157 1289 213 1324 γᾶρ
235 1289 354 1315 ἐνταῦθα
373 1290 419 1316 δύο
433 1289 584 1326 ἄνθρωποι,
600 1291 624 1316 εί
646 1290 693 1316 καὶ
713 1290 799 1322 οὕτως
813 1292 827 1317 ὁ
842 1291 948 1323 Παῦλος

157 1335 238 1360 καλεῖ
263 1334 318 1370 (68)
339 1335 369 1362 τὸ
387 1337 461 1367 ἐντὸς
478 1335 527 1362 τοῦ
554 1336 716 1372 ἀνθρώπου,
740 1337 786 1363 καὶ
808 1337 838 1362 τὸ
858 1337 945 1369 ἐκτός.

156 1380 214 1406 Καὶ
231 1381 254 1406 εἰ
273 1380 314 1406 δεῖ
325 1381 466 1415 συντόμως
486 1382 584 1412 εἰπεῖν,
599 1381 663 1408 ἄλλο
674 1382 724 1416 μὲν
737 1382 784 1408 καὶ
797 1381 860 1409 ἄλλο
871 1383 905 1408 τὰ
918 1382 947 1414 ἐξ

157 1422 194 1452 ὧν
212 1427 225 1452 ὁ
247 1426 352 1461 Σωτὴρ,
377 1427 438 1453 ἐπεὶ
466 1426 503 1462 μὴ
524 1426 623 1453 ταύτὸν
639 1427 683 1453 τδν
700 1427 797 1462 ὁρατὸν
814 1427 852 1462 τῷ
865 1428 948 1461 ἀορά-

156 1481 197 1507 τῳ
211 1472 278 1508 (69),
298 1473 346 1499 καὶ
360 1473 390 1499 τὺ
410 1473 525 1508 ἄχρονον
540 1473 580 1508 τῷ
603 1474 655 1500 ὑπὸ
669 1474 784 1509 χρόνον·
804 1475 853 1500 οὐκ
868 1474 947 1506 ἄλλος

156 1519 184 1544 δὲ
204 1519 251 1544 καὶ
265 1519 354 1550 ἄλλος,
372 1519 409 1555 μὴ
423 1520 532 1553 τένοιτο.
546 1535 580 1540 -
597 1520 652 1547 Τοῦ
661 1520 764 1553 αὑτοῦ,
775 1520 808 1547 ἐκ
825 1521 880 1555 (70)
892 1521 946 1554 τῆς

1001 928 1063 948 cum
1089 923 1206 957 gloriosa
1228 931 1276 950 sua
1294 922 1451 958 praesentia,
1473 922 1661 956 judicaturum
1678 921 1756 949 vivos
1768 926 1795 949 et

1001 972 1125 996 mortuos
1142 970 1173 1001 η,
1188 977 1242 995 non
1253 969 1371 1004 amplius
1382 968 1494 1003 quidem
1507 975 1628 999 carnem,
1642 975 1693 994 nec
1704 972 1795 995 tamen

1001 1013 1205 1049 incorporeum.
1232 1015 1370 1042 diviniore
1395 1021 1519 1049 prorsus,
1542 1013 1614 1040 sicut
1634 1013 1691 1048 ipse
1706 1014 1794 1045 novit,

1000 1061 1125 1095 corporis
1139 1061 1241 1095 specie,
1259 1065 1289 1088 ut
1301 1064 1329 1087 et
1341 1060 1528 1094 conspiciatur
1539 1059 1574 1086 ab
1590 1059 1623 1086 iis
1639 1059 1686 1093 qui
1704 1067 1795 1094 pupu-

1000 1111 1100 1141 gerunt
1114 1114 1178 1134 cum
1197 1107 1228 1138 ”,
1246 1110 1274 1133 et
1286 1110 1397 1133 maneat
1411 1106 1483 1133 Deus
1496 1105 1630 1133 crassitiei
1642 1114 1751 1141 expers.
1761 1121 1791 1127 —

1001 1153 1139 1188 Ejusdem,
1153 1161 1184 1180 ex
1195 1153 1305 1188 epistola
1321 1153 1355 1180 ad
1367 1151 1534 1180 Cledom‘um.
1553 1152 1663 1179 Natum
1682 1152 1794 1186 quidem

1001 1199 1074 1231 duae,
1086 1199 1159 1226 Deus
1176 1205 1204 1226 et
1218 1199 1312 1230 homo,
1333 1198 1397 1233 quia
1415 1203 1443 1225 et
1460 1198 1549 1225 anima
1563 1202 1590 1224 et
1609 1205 1708 1232 corpus
1723 1207 1729 1224 :
1746 1197 1794 1224 ﬁlii

1000 1254 1067 1273 vero
1091 1253 1268 1280 nequaquam
1291 1245 1356 1271 duo.
1374 1245 1469 1279 Neque
1491 1244 1565 1271 enim
1590 1244 1635 1270 hic
1655 1243 1711 1270 duo
1731 1248 1794 1270 sunt

1000 1291 1138 1322 homines,
1156 1292 1163 1300 ”
1177 1290 1286 1318 etiamsi
1305 1290 1407 1317 Paulus
1421 1289 1461 1317 sic
1476 1289 1610 1324 loquitur,
1625 1297 1687 1316 cum
1699 1289 1794 1323 appel-

1000 1338 1040 1365 lat
1063 1337 1224 1364 interiorem
1252 1337 1392 1363 hominem
1417 1340 1445 1364 et
1469 1335 1634 1362 exteriorem
1650 1335 1682 1361 ³⁷.
1696 1335 1746 1367 Ac,
1766 1338 1792 1361 ut

1000 1382 1158 1409 summatim
1172 1382 1272 1413 dicam,
1285 1381 1360 1408 aliud
1379 1381 1490 1416 quidem
1510 1385 1538 1408 et
1552 1380 1626 1407 aliud
1639 1384 1744 1406 suntea
1761 1387 1792 1406 ex

1000 1427 1101 1463 quibus
1127 1427 1270 1459 Salvator;
1293 1426 1358 1461 quia
1379 1434 1434 1453 non
1450 1426 1521 1453 idem
1540 1430 1582 1453 est
1595 1425 1713 1457 visibilc,
1731 1433 1793 1452 eum

1000 1473 1145 1505 invisibili,
1157 1477 1185 1500 et
1202 1472 1334 1507 temporis
1343 1480 1442 1507 expers
1458 1480 1520 1499 cum
1535 1477 1722 1506 temperance.
1734 1472 1792 1498 Non

1000 1523 1043 1546 est
1052 1523 1143 1546 tamen
1155 1518 1236 1550 alius,
1249 1523 1277 1545 et
1291 1518 1372 1550 alius,
1386 1518 1472 1545 absit!
1486 1533 1514 1537 —
1524 1518 1661 1553 Ejusdem,
1671 1525 1702 1544 ea:
1712 1518 1794 1553 priori

158 1565 233 1598 πρὸς
247 1565 416 1598 Κληδόνων
436 1564 581 1599 προτέρας
600 1565 756 1599 ἐκθέσεως.
776 1567 810 1592 Εἴ
820 1575 862 1598 τις
883 1567 948 1593 ἀτω-

1002 1565 1164 1600 εεροείιὶοηε
1183 1565 1218 1591 ad
1234 1564 1401 1591 Ctedanium.
1421 1563 1448 1591 Si
1467 1564 1532 1598 quis
1545 1564 1698 1598 depositam
1718 1572 1795 1592 nunc

155 1611 370 1637 τεοείσῦαι“νῦν
392 1612 441 1647 τὴν
462 1611 553 1647 σάρκα
575 1611 649 1646 λέγει
674 1612 741 1646 (71),
763 1612 810 1638 κα)¹
840 1612 947 1647 γυμνὴν

156 1654 228 1682 εἶναι
254 1656 304 1691 τὴν
336 1655 453 1692 Θεότητα
483 1655 620 1691 σώματος,
645 1656 713 1682 ἀλλὰ
742 1656 779 1690 μὴ
808 1655 875 1690 μετὰ
899 1656 946 1682 τοῦ

157 1702 375 1737 προσλήμματος
390 1702 437 1728 καὶ
452 1699 531 1734 εἶναι,
548 1702 595 1728 καὶ
614 1701 701 1736 ἥξειν,
717 1701 754 1737 μὴ
773 1702 822 1728 ἴδοι
839 1703 888 1737 τὴν
903 1703 947 1729 δό-

157 1748 206 1779 ξαν
223 1747 272 1781 τῆς
298 1747 459 1782 παρουσίας.
481 1746 537 1773 Ποῦ
573 1747 628 1782 γὰρ
647 1747 678 1773 τὺ
693 1747 772 1782 σῶμα
791 1747 847 1778 νῦν,
873 1748 897 1774 εὶ
910 1747 947 1783 μὴ

158 1792 230 1827 μετὰ
245 1792 292 1818 τοῦ
314 1792 528 1827 προσλαϐόντος
546 1793 584 1819 Οὐ
605 1795 660 1828 γὰρ
674 1793 706 1828 δὴ
726 1793 796 1820 κατὰ
810 1794 873 1824 τοὺς
885 1794 946 1819 Μα-

157 1839 268 1873 νιχαίων
283 1838 382 1873 λήρους
397 1837 436 1873 τῷ
457 1838 526 1873 ἡλίῳ
542 1839 756 1870 ὲναποτέθειται,
777 1839 821 1865 ἵνα.
844 1838 946 1874 τιμηθῇ

157 1884 201 1911 διὰ
214 1885 262 1918 τῆς
280 1885 437 1920 (inpiae-ﬁ
454 1886 493 1916 εἰς
506 1885 552 1911 τὸν
569 1885 639 1920 ἀέρα
659 1885 740 1920 ἑχέθη
760 1886 808 1911 καὶ
826 1885 944 1920 διελύθη,

157 1932 195 1962 ὡς
217 1931 309 1966 φωνῆς
331 1931 423 1964 φύσις,
446 1931 495 1957 καὶ
513 1931 599 1966 ὀδμῆς
620 1931 707 1966 ῥύσις,
733 1931 781 1957 καὶ
803 1931 947 1966 ἀστραπῆς

156 1977 255 2013 δρόμος
269 1977 318 2012 οὐχ
334 1977 494 2012 ἱσταμένης.
516 1977 571 2003 Ποῦ
587 1977 615 2003 δὲ
642 1977 690 2004 καὶ
708 1977 763 2011 (79.)
779 1977 809 2003 τὸ
821 1977 947 2012 ψηλαφη-

159 2023 238 2058 θῆναι
253 2023 310 2058 (75)
329 2023 398 2058 μετὰ
409 2024 458 2058 τὴν
468 2022 627 2055 ἀνάστασιν,
644 2024 672 2050 έν
689 2023 744 2058 (74)
797 2023 947 2060 ὀφθήσεταί

157 2077 224 2095 ποτε
245 2069 298 2096 ὑπὸ
312 2073 367 2096 τῶν
386 2069 627 2103 ὲκκεντησὰντων;
647 2069 744 2104 θεότης
763 2070 791 2096 δὲ
811 2070 867 2104 (75)
885 2070 948 2096 κοιί)⁵

158 2115 256 2150 ἑαυτὴν
285 2115 410 2149 ἀόρατος.
428 2129 462 2134 -
479 2115 534 2141 Τοῦ
546 2114 651 2146 αὑτοῦ,
669 2115 703 2141 ἑκ
717 2115 769 2141 τοῦ
794 2115 859 2148 περὶ
878 2115 963 2142 ΥΙοῦ-

156 2161 249 2194 ,λόγου
266 2159 419 2193 δευτέρου.
439 2159 483 2192 Ὠς
496 2159 547 2194 μὲν
560 2160 615 2195 γὰρ
633 2160 729 2193 Λόγος.
745 2159 806 2186 οὗτε
827 2161 947 2194 ὑπήκοος

157 2202 201 2239 ἦν,
216 2204 272 2231 οὔτ’
284 2205 401 2240 ἀνήκοος
412 2212 419 2220 ·
436 2204 489 2230 τῶν
501 2204 557 2238 γὰρ
569 2204 620 2230 ὑπὸ
630 2205 710 2239 χεῖρα
722 2204 820 2236 ταῦτα,
836 2204 947 2231 καὶτῶν

193 2286 215 2302 ιδ
227 2286 343 2320 Philipp.
357 2293 385 2317 n,
400 2286 427 2312 δ.
467 2285 488 2301 ι·
501 2286 583 2319 Actu,
605 2288 648 2314 ll.

194 2377 249 2412 (58)
268 2377 341 2409 πιεζ.
356 2378 407 2404 Ed.
422 2378 535 2409 Bcned.,
553 2382 574 2404 t.
587 2377 620 2409 II,
633 2386 660 2412 p.
673 2378 718 2408 59,
736 2378 939 2412 δαμαζομένηε.
958 2378 980 2406 D

192 2413 246 2446 (59)
261 2412 373 2439 οὔτω-
384 2421 461 2447 συγχ.
476 2412 539 2440 Ilzec
554 2413 672 2448 adjicere
685 2413 773 2440 visum
793 2417 844 2445 est,
863 2421 897 2440 ne
915 2413 941 2440 in

157 2448 246 2475 medio
261 2447 469 2482 abrumperetur
484 2449 579 2475 oratio.

193 2483 248 2516 (60)
267 2483 300 2509 Et
317 2483 397 2510 Rom.
415 2487 441 2509 et
460 2483 532 2517 Lips.
551 2482 619 2516 Θεῷ.
633 2482 721 2510 Minus
732 2488 817 2510 recte.

192 2517 249 2578 (61)
265 2517 322 2546 οὔτ,
339 2518 397 2552 λέγ.
410 2517 483 2545 Edit.
504 2518 618 2550 Bencd.,
639 2522 657 2544 t.
672 2518 693 2548 l,
710 2526 738 2552 p.
751 2518 815 2551 2'50,
833 2518 904 2545 οὕτω
919 2518 947 2545 δὲ

157 2561 204 2579 ’και
219 2561 259 2578 το.

192 2587 246 2622 (6·2.
266 2587 361 2622 napis.
379 2587 452 2614 Loco
473 2587 518 2614 cit.
538 2587 662 2622 sequitur
679 2587 798 2618 πάντως.

192 2622 247 2656 (65)
267 2623 319 2649 εἰσ.
335 2631 360 2649 τ.
373 2631 396 2648 ν.
409 2623 480 2656 Κυρ.
493 2623 540 2650 Vcl
563 2623 654 2657 potius
665 2623 703 2653 εἰς
719 2623 748 2649 τὸ
762 2623 840 2657 ἇγιον
855 2623 951 2657 βάπτι-

159 2665 223 2693 σμα,
255 2657 283 2684 ln
313 2657 365 2693 hac
392 2657 464 2693 enim
489 2658 623 2690 oratione,
653 2665 714 2691 qua:
742 2664 785 2685 est
801 2658 953 2693 quadrage—

159 2692 234 2728 sima.
248 2700 302 2719 non
321 2692 348 2719 in
376 2700 408 2719 ea
437 2692 474 2719 De
491 2701 558 2720 nova
574 2693 722 2724 ﬂaminica,
740 2701 800 2727 quae
817 2698 859 2721 est
879 2701 947 2728 qua-

159 2727 421 2789 dragesinéaﬂtertia,
440 2732 528 2755 exstat
546 2728 591 2755 hic
607 2728 694 2760 locus,
728 2733 746 2755 Ι.
777 2729 797 2761 I,
817 2728 882 2756 edit.
898 2729 948 2755 Pa-

159 2770 216 2789 ns..
236 2770 262 2789 ι).
331 2783 338 2789 .

159 2763 216 2791 ris..
236 2770 262 2791 ι).
276 2763 338 2789 671.

193 2783 220 2830 (6
228 2770 362 2831 lli-figas;
377 2806 404 2824 κ.
419 2805 444 2824 τ.
461 2798 487 2824 λ.
505 2796 568 2825 Ilaac
587 2797 727 2825 cohaerent
744 2806 807 2826 cum
824 2798 946 2831 πίστευε,

160 2833 228 2866 quod
246 2833 383 2867 praecedit.

193 2865 254 2901 (65)
268 2865 308 2899 οἷς
318 2883 350 2887 ——
362 2867 440 2903 ἀζιηθ.
455 2868 502 2895 Ed.
524 2868 609 2896 Paris.
629 2866 670 2900 οἷς
684 2869 762 2901 ait“);
778 2867 831 2895 οἶδε
847 2868 945 2903 λόγοις.

701 2286 722 2302 ¹⁶
735 2286 818 2313 Zaeh.
847 2294 893 2318 xxi,
914 2285 957 2312 10.

998 1619 1110 1638 (ιλιι-ηοω
1126 1611 1204 1642 dicit,
1227 1614 1256 1638 et
1269 1610 1371 1637 nudam
1387 1618 1447 1638 esse
1467 1610 1640 1638 divinitatem
1656 1610 1716 1636 sine
1730 1617 1788 1636 cor-

998 1664 1077 1690 pore,
1102 1663 1157 1682 non
1185 1658 1277 1682 autem
1298 1663 1360 1682 cum
1384 1659 1523 1690 assumpta
1541 1659 1618 1690 parte
1642 1659 1670 1681 ct
1689 1662 1749 1682 esse
1765 1658 1790 1682 et

997 1707 1141 1729 venturam
1160 1709 1231 1733 esse,
1252 1701 1389 1729 adventus
1408 1702 1470 1737 ejus
1484 1702 1599 1737 gloriam
1613 1709 1668 1728 non
1685 1705 1791 1728 cernat.

998 1747 1050 1775 Ubi
1064 1748 1138 1775 enim
1152 1755 1227 1775 nunc
1243 1751 1285 1775 est
1298 1755 1407 1782 corpus.
1427 1747 1479 1774 nisi
1491 1755 1553 1774 cum
1569 1755 1602 1774 eo
1618 1747 1665 1782 qui
1683 1754 1786 1775 assum-

998 1793 1073 1828 psit?
1085 1793 1144 1820 Non
1153 1794 1227 1821 enim
1238 1793 1391 1820 secundum
1400 1801 1486 1828 nugas
1497 1793 1708 1820 Manichaeorum
1720 1793 1791 1827 apud

998 1841 1082 1868 solem
1094 1845 1136 1868 est
1145 1841 1312 1876 depositum,
1325 1845 1356 1867 ut
1366 1841 1519 1867 honoretur
1529 1847 1578 1874 per
1586 1839 1792 1869 contumeliam,

997 1891 1046 1913 aut
1073 1887 1152 1921 148
1178 1887 1205 1913 in
1222 1894 1314 1914 aerem
1337 1886 1468 1913 ditIusum
1485 1890 1514 1912 et
1527 1887 1678 1912 resolutum
1693 1890 1746 1916 est,
1763 1893 1791 1915 ut

997 1933 1074 1960 vocis
1100 1936 1209 1964 natura,
1231 1937 1260 1959 ct
1284 1932 1378 1959 odoris
1401 1931 1496 1963 lluxio,
1513 1936 1541 1958 et
1564 1931 1680 1966 fulguris
1695 1939 1791 1959 cursus

999 1978 1112 2005 minime
1141 1978 1327 2005 subsistentia.
1353 1978 1404 2005 Ubi
1432 1985 1499 2004 vero
1525 1978 1706 2004 contrectatio
1732 1984 1790 2011 post

997 2024 1240 2055 resurrectionem,
1271 2024 1298 2050 in
1314 2023 1571 2063 qua‘conspicietur
1596 2023 1744 2057 aliquando
1754 2023 1787 2052 ab

999 2069 1033 2097 iis
1046 2070 1092 2104 qui
1108 2077 1170 2096 eum
1185 2069 1358 2096 conﬁxerunt
1371 2069 1381 2095 τί
1393 2069 1461 2096 Nam
1479 2068 1610 2096 divinitas
1631 2076 1680 2103 pcr
1699 2075 1728 2094 se
1752 2073 1794 2095 est

999 2114 1156 2142 invisibilis.
1165 2129 1200 2135 -η
1210 2114 1347 2149 Ejusdem,
1360 2122 1392 2140 ea;
1404 2113 1520 2140 secunda
1529 2114 1648 2140 oratione
1665 2112 1697 2138 de
1714 2111 1793 2139 Filia.

999 2160 1141 2194 Quatenus
1158 2160 1230 2187 enim
1251 2160 1380 2192 Verbum,
1399 2168 1488 2194 neque
1504 2160 1636 2187 obediens
1653 2162 1723 2190 erat,
1743 2167 1791 2186 ne-

1001 2214 1055 2240 que
1070 2206 1242 2232 inobediens.
1261 2205 1323 2232 Ilaec
1336 2205 1409 2232 enim
1427 2213 1522 2232 eorum
1539 2205 1586 2240 qui
1602 2203 1705 2231 subditi
1720 2208 1784 2230 sunt

997 2287 1017 2302 "
1036 2286 1058 2314 Il
1084 2286 1147 2314 Cor.
1176 2295 1212 2318 rv,
1236 2286 1399 2320 l6;Ephes.
1415 2293 1454 2317 nr,
1474 2286 1516 2313 16.

1032 2377 1092 2417 (66).
1106 2377 1259 2412 ἐπιστολῆς.
1279 2377 1389 2404 Scilicet
1412 2385 1445 2404 ex
1463 2377 1550 2412 prima
1573 2377 1606 2404 ad
1626 2375 1790 2405 Cledonium

996 2413 1162 2482 θρξῗίὶίῗῃέύο.
1180 2446 1310 2482 Sequitur
1327 2447 1386 2473 οὐδὲ
1399 2446 1465 2480 θεοὶ,
1483 2446 1509 2473 in
1527 2446 1594 2474 edit.
1612 2447 1712 2480 Paris.,
1733 2453 1752 2475 t.
1771 2452 1792 2482 Ι,

995 2490 1023 2518 p.
1042 2484 1102 2510 739.

1033 2518 1088 2560 (68)
1108 2517 1185 2543 καλεῖ
1194 2532 1244 2560 ‘——‘
1255 2517 1342 2560 ἐ-κταξς.
1355 2517 1429 2544 Loco
1447 2517 1493 2560 ci't.
1513 2520 1566 2549 est,
1585 2517 1616 2543 τὸ
1639 2517 1714 2549 ἐντὸς
1738 2518 1785 2544 τοῦ

998 2551 1142 2586 ἀνθρώπου
1159 2553 1205 2578 καὶ
1221 2551 1250 2578 τὸ
1264 2552 1341 2582 ante;
1353 2553 1570 2587 προσηγόρευσε.

1049 2588 1092 2620 69)
1111 2587 1179 2614 Ibid.
1199 2587 1228 2613 τὸ
1244 2587 1357 2620 ἀόρατον
1371 2587 1408 2620 τῷ
1424 2587 1525 2621 ὁρατῷ.

1050 2623 1093 2657 70)
1113 2623 1144 2648 ὲκ
1161 2636 1197 2641 ——
1211 2622 1355 2653 ἐκθέσεως.
1373 2622 1411 2649 Ex
1429 2622 1524 2649 eadem
1548 2621 1673 2657 cpistola.
1691 2630 1723 2650 ex
1737 2630 1788 2657 qua

1002 2657 1078 2692 prior
1094 2657 1170 2684 locus
1182 2657 1417 2691 desumptuscrat.
1432 2657 1462 2683 In
1475 2657 1569 2684 eadem
1579 2657 1676 2692 pagina
1691 2661 1788 2685 exstat.

1034 2692 1089 2726 (71)
1106 2692 1164 2725 λέγ.
1184 2692 1234 2718 Ed.
1253 2692 1338 2718 Paris.
1357 2692 1440 2726 λέγοι.

1035 2726 1090 2788 (7:3)
1110 2726 1165 2773 καί.
1182 2727 1244 2753 Des.
1264 2727 1282 2753 I.
1298 2735 1322 2766 c_.

1047 2763 1090 2788 7o)
1104 2761 1168 2788 υῇλ.
1187 2761 1226 2788 Ib.
1245 2769 1320 2788 senui

1047 2762 1090 2796 75)
1104 2761 1168 2796 tim)?
1187 2761 1226 2788 Ib.
1245 2762 1368 2795 sequitur
1380 2760 1470 2788 αὐτόν.

1104 2764 1168 2796 ψηλ.
1187 2764 1226 2788 lb.
1245 2764 1368 2795 sequitur
1380 2764 1470 2788 αὐτόν.

1082 2764 1092 2868 ξ
1154 2794 1309 2865 ῆὺόφξὲοίί).
1329 2797 1345 2832 ἢ
1361 2795 1538 2832 ὀφθήσεσθαι.

1048 2798 1080 2824 74

1049 2831 1091 2867 Ἱῖἰ)
1111 2832 1148 2859 δέ.
1157 2831 1200 2860 VII).
1221 2832 1283 2867 γάρ.

1036 2793 1047 2868 ἓ
