1959 3052
196 113 248 148 195

701 111 948 142 THEODORETI
968 111 1138 141 EPISCOPI
1158 111 1341 142 CYRENSIS

1785 108 1839 142 196

194 173 265 208 facit,
281 171 406 207 designat
420 170 578 206 Apostolus,
592 169 670 204 152
684 169 732 196 sed
745 168 858 195 humilis
869 168 896 195 in
906 168 993 195 altum

1047 168 1151 195 Οὐκοῦν
1171 168 1202 194 οὑ
1222 169 1273 204 τὴν
1293 162 1461 204 ἒιιροαιώνιον
1478 167 1596 203 ὓπαρξιν
1608 166 1655 193 τοῦ
1676 167 1777 202 Κυρίου
1792 167 1840 195 διὰ

195 217 377 248 evectionem,
389 224 449 251 qum
463 224 478 243 a
491 215 612 242 dexteris
622 214 671 241 Dei
683 214 754 241 facta
765 217 815 241 est.
829 213 990 241 Declaratur

193 263 268 290 enim
283 270 334 297 per
348 262 401 288 hoc
416 261 530 288 verbum
546 259 658 295 pietatis
667 259 839 295 mysterium.
853 258 905 291 Qui
916 259 990 286 enim

194 308 273 340 dixit,
301 317 311 333 ι
328 307 440 335 dextera
463 306 510 334 Dei
531 307 677 338 cxaltatus,
700 315 708 330 ι
724 313 851 332 arcanam
867 305 991 340 mysterii

194 354 431 389 dispensationem
448 357 542 388 aperte
560 351 699 387 patefacit,
716 351 789 386 quod
802 351 915 378 dextera
931 351 991 383 Dei,

193 408 254 434 qua:
275 399 368 427 omnia
387 398 522 430 condidit,
543 405 604 432 qua:
623 401 666 424 est
682 397 826 428 Dominus,
846 404 896 430 per
910 404 992 431 quem

194 447 286 473 omnia
305 446 376 473 facta
389 449 463 477 sunt,
478 449 506 472 et
524 445 583 472 sine
601 452 655 478 quo
669 443 740 470 nihil
757 443 884 470 subsistit
896 450 994 470 eorum

195 498 255 523 quae
267 490 343 517 {acta
357 493 432 522 sunt,
448 490 506 524 ipsa
526 488 666 516 hominem
687 487 740 514 sibi
763 487 872 514 unitum
889 488 917 514 in
927 495 993 522 pro-

196 534 284 569 priam
303 535 449 561 sustulerit
464 533 664 560 sublimitatem
682 540 732 567 per
744 532 884 559 unionem.

1044 213 1090 241 τοῦ
1119 214 1248 248 ἐποίησε
1271 214 1392 249 ῥήματος
1421 213 1587 249 παρίστησιν
1614 214 1628 239 6
1657 212 1837 243 ’Λπόστολοςο

1045 260 1113 288 ἀλλὰ
1124 260 1174 295 τὴν
1185 259 1232 286 τοῦ
1246 259 1375 286 ταπεινοῦ
1393 259 1462 294 πρὸς
1479 259 1509 286 τὺ
1526 259 1628 294 ὑψηλὸν
1644 259 1838 293 μεταποίησιν,

1045 306 1095 341 τὴν
1110 305 1166 342 (24)
1187 307 1219 332 ὲκ
1237 305 1334 338 δεξιῶν
1347 305 1394 332 τοῦ
1412 305 1480 331 Θεοῦ
1503 304 1701 340 γεγενημένην.
1716 305 1839 339 Σαφηνί-

1046 351 1123 384 ζεται
1136 351 1191 387 γὰρ
1204 352 1260 386 (25)
1275 351 1319 378 διὰ
1335 351 1433 377 τούτου
1451 351 1498 377 τοῦ
1518 352 1642 386 ῥήματος
1655 350 1685 376 τὸ
1701 350 1749 385 τῆς
1761 350 1842 376 εὐσε-

1045 399 1121 430 ϐείας
1137 398 1296 434 μυστήριον.
1316 399 1345 424 Ὁ
1361 398 1416 432 γὰρ
1427 398 1523 429 εἰπὼν,
1538 407 1548 423 ‹
1565 397 1605 432 Τῇ
1616 396 1691 432 δεξιᾷ
1704 395 1750 422 τοῦ
1770 395 1840 422 Θεοῦ

1045 443 1174 479 ὑψωθεὶς,
1192 453 1202 470 ι
1225 443 1350 478 φανερῶς
1374 442 1542 470 ὲκκαλύπτει
1561 443 1611 478 τὴν
1624 443 1778 478 ἀπόρρητον
1790 442 1840 468 τοῦ

1047 491 1196 526 μυστηρίου
1221 490 1277 525 (‘26)
1294 489 1461 524 οἰκονομίαν,
1487 489 1527 515 ὅτι
1542 489 1558 524 ὴ
1572 488 1647 521 δεξιὰ
1663 489 1709 515 τοῦ
1723 488 1802 520 Θεοῦ,
1822 490 1840 524 ἡ

1046 533 1177 568 ποιητικὴ
1198 532 1253 558 τῶν
1269 531 1324 567 (27)
1342 532 1426 558 ὅντων
1443 531 1564 564 πάντων,
1587 532 1648 567 ἥτις
1661 532 1734 558 ἐστὶν
1750 533 1763 558 6
1781 530 1840 557 Κύ-

197 590 267 617 ριος,
288 580 322 607 δι’
340 577 370 606 οὗ
387 579 422 605 τὰ
439 579 527 605 πάντα
544 580 663 613 ἐγένετο,
699 579 746 605 καὶ
774 577 805 606 οὗ
823 579 907 615 χωρὶς
925 579 1029 615 ὑπέστη
1049 580 1106 606 τῶν
1122 580 1274 615 γεγονότων
1298 578 1354 614 (28)
1369 579 1455 611 οὐδὲν,
1474 577 1544 613 αὓτη
1568 578 1623 614 (29)
1637 579 1683 605 τὸν
1704 578 1839 605 ἑνωθέντα

197 626 267 662 πρὸς
285 626 369 660 αὐτὴν
389 624 534 660 ἄνθρωπον
558 625 598 655 εἰς
620 624 650 650 τὸ
678 624 743 650 ἴδιον
767 625 906 660 ἀνήγαγεν
933 624 989 660 (50)
1011 624 1078 658 ὕψος
1095 625 1139 652 διὰ
1152 625 1202 660 τῆς
1217 624 1341 656 ἑνώσεως
1355 624 1424 660 (51).

339 681 430 708 Sancti
444 680 618 716 Amplzilouhii
632 681 743 717 episcopi
756 681 848 708 Iconii.

236 740 275 767 Ea;
298 739 418 766 oratione
440 740 468 765 in
491 738 558 765 illud
581 746 590 765 :
615 747 623 763 ‹
641 737 723 764 Pater
746 745 817 764 meus
840 738 927 773 major
953 747 994 766 me

200 791 239 814 est
253 787 286 813 “.
307 796 314 812 I
338 786 469 813 Discerne
488 786 618 819 deinceps
639 789 760 816 naturas,
779 792 860 811 unam
877 784 935 817 Dei,
952 785 992 812 al-

1080 682 1135 709 Τοῦ
1150 683 1237 717 ἁγίου
1259 682 1452 717 Ἀμφιλοχίου
1467 682 1636 708 ἐπισκόπου
1663 681 1801 709 Ἰκονίου.

1088 739 1138 766 Ἐκ
1154 739 1206 766 τοῦ
1219 740 1312 774 λόγου
1324 739 1377 766 τοῦ
1389 740 1433 771 εὶς
1447 739 1508 770 21),:
1520 739 1546 764 '0
1559 738 1661 772 Πατήρ
1666 747 1726 772 μου
1733 738 1841 773 μείζων

1044 786 1103 820 μού
1118 786 1213 812 ἐστιν.
1228 795 1237 811 ι
1249 785 1393 820 Διάκρινον
1404 785 1460 819 (32)
1472 784 1565 811 λοιπὸν
1575 784 1625 817 τὰς
1636 785 1742 819 φύσεις,
1752 786 1801 820 τήν
1810 793 1841 811 τε

198 837 284 860 teram
302 832 432 859 hominis.
450 832 544 866 Neque
561 831 634 858 enim
649 838 682 858 ex
699 831 754 858 Deo
770 831 900 858 excidens
912 832 994 858 homo

1047 831 1094 858 τοῦ
1111 831 1190 863 Θεοῦ,
1199 831 1249 866 τήν
1257 839 1286 857 τε
1295 831 1342 857 τοῦ
1349 831 1397 857 ἀνθ
1403 830 1506 866 ριὶιπου.
1519 829 1586 856 Οὔτε
1596 831 1651 866 γὰρ
1657 830 1728 856 κατὰ
1736 830 1842 857 ἐκπτωο

198 879 286 906 factus
303 883 363 910 est,
386 886 475 912 neque
499 877 666 912 proliciens,
692 884 724 903 ex
743 877 854 904 homine
868 877 997 904 Deus.—

198 925 342 962 Ejusdem,
360 933 391 952 et
407 925 528 952 oratione
547 925 574 951 in
597 923 665 951 illud
682 932 690 950 :
710 933 718 948 ι
740 923 799 950 Non
816 928 899 959 potest
911 923 995 950 Filius

198 972 343 1007 quidquam
365 971 451 1006 facere
473 978 504 997 ea;
524 971 609 1006 aeipso
633 971 666 997 ".
695 981 703 996 ι
726 971 790 998 Post
813 969 995 997 resurrectio-

198 1025 262 1044 nem
286 1017 360 1043 enim
384 1015 517 1043 Dominus
543 1021 691 1051 utrumque
716 1016 853 1048 ostendit,
874 1021 902 1042 et
921 1015 995 1050 quod

198 1070 300 1097 corpus
317 1069 372 1088 non
386 1061 422 1088 sit
439 1061 501 1092 tale,
517 1065 545 1088 et
562 1061 636 1095 quod
651 1062 678 1088 id
695 1061 785 1097 ipsum
803 1061 993 1088 resurrcxerit.

198 1109 302 1143 Repete
319 1107 451 1134 memoria
467 1107 621 1134 historiam.
638 1107 723 1134 Erant
737 1107 865 1142 discipuli
881 1115 996 1142 congre-

198 1155 253 1190 gati
268 1159 329 1189 post
340 1155 496 1188 passionem
508 1158 536 1181 et
552 1154 795 1185 resurrectionem,
809 1157 910 1180 etcum
923 1153 995 1181 fores

198 1203 291 1228 essent
310 1201 410 1228 clausa:
426 1199 460 1233 ’⁸,
482 1200 560 1227 stetit
580 1200 608 1227 in
625 1200 716 1227 medio
736 1207 833 1227 eorum
851 1200 993 1232 Dominus,

198 1247 272 1282 quod
284 1251 347 1274 ante
360 1247 516 1282 passionem
527 1254 669 1281 nunquam
681 1245 793 1273 fecerat.
807 1246 849 1274 Au
861 1254 925 1273 vero
940 1254 995 1273 non

198 1297 307 1328 poterat
321 1292 449 1321 Christus
465 1293 518 1320 hoc
539 1296 567 1319 et
582 1297 661 1319 antea
677 1292 785 1319 facere?
802 1292 880 1327 153
896 1292 994 1320 Omnia

198 1340 271 1368 enim
299 1341 354 1367 Deo
376 1340 385 1349 ‘
404 1339 546 1375 possibilia
569 1342 642 1366 sunt.
670 1339 724 1366 Sed
749 1343 812 1366 ante
838 1339 993 1373 passionem

198 1393 253 1413 non
279 1385 359 1417 fecit,
384 1393 418 1413 ne
440 1385 574 1413 visionem
597 1392 658 1412 esse
682 1385 926 1420 dispensationem,
951 1387 993 1414 vel

199 1432 355 1467 opinionem
370 1431 521 1463 existimes,
538 1439 607 1458 neve
623 1430 794 1466 spiritualem
813 1436 894 1466 putes
911 1432 993 1459 Chri-

198 1479 233 1506 sti
250 1486 375 1508 carnem,
391 1485 444 1505 nec
466 1485 481 1504 e
498 1477 576 1505 ctelis
596 1477 788 1510 descendisse,
811 1485 863 1505 nec
878 1478 992 1506 alterius

198 1532 259 1552 esse
282 1523 458 1554 substantiae,
475 1527 502 1550 et
525 1531 540 1550 a
564 1527 657 1550 nostra
681 1530 763 1550 carne
783 1523 906 1550 diversa}.
932 1523 995 1551 Haec

199 1570 272 1597 enim
287 1569 378 1596 omnia
394 1569 504 1603 quidam
522 1568 574 1596 sibi
589 1568 682 1595 animo
697 1568 839 1603 ﬁngentes,
857 1573 885 1596 et
901 1569 995 1596 Domi-

200 1623 265 1643 num
283 1623 331 1650 per
350 1615 408 1642 hinc
425 1622 454 1642 se
478 1615 615 1642 honorare
631 1615 809 1648 arbitrantes,
827 1623 883 1642 non
901 1623 995 1643 recor-

200 1662 301 1689 dantur
316 1669 345 1688 se
361 1665 493 1695 praetextu
511 1660 660 1695 gratiarum
689 1660 807 1688 actionis
829 1662 996 1690 contumelia

201 1707 290 1742 ipsum
308 1706 431 1738 allicere,
456 1710 485 1733 et
508 1706 653 1733 veritatem
675 1706 812 1733 mendacii
839 1714 969 1734 accusare
988 1715 994 1733 :

201 1757 232 1780 ut
247 1753 370 1780 omittam
390 1753 463 1787 quod
480 1753 654 1780 mendacium
670 1752 705 1780 sit
721 1760 736 1779 a
761 1752 866 1780 ratione
881 1761 997 1788 prorsus

200 1801 331 1828 alienum.
357 1799 386 1826 Si
407 1799 481 1826 enim
499 1798 574 1826 aliud
591 1799 740 1833 assumpsit
754 1806 865 1833 corpus,
881 1799 947 1833 quid
962 1799 996 1826 ad

200 1854 292 1874 meum
303 1845 411 1876 attinet,
428 1844 501 1879 quod
515 1844 602 1871 salute
615 1843 738 1879 indiget?
751 1843 779 1871 Si
791 1851 901 1871 carnem
915 1851 930 1871 e
942 1852 997 1871 co:-

200 1892 235 1919 lis
251 1890 398 1922 transtulit,
416 1890 482 1925 quid
497 1890 530 1917 ad
546 1898 659 1917 carnem
677 1897 776 1921 meam,
793 1897 854 1924 qua:
869 1897 901 1916 ex
924 1894 997 1917 terra

200 1936 560 1972 sumptaest?-—-Ejusdem,
570 1944 602 1962 ex
617 1936 709 1962 eadem
724 1937 854 1963 oratione.
865 1937 995 1971 Propter-

199 1993 233 2013 ea
245 1985 329 2019 igitur
342 1991 397 2010 non
420 1987 484 2010 ante
507 1982 674 2016 passionem,
689 1981 737 2009 sed
753 1986 814 2016 post
829 1982 995 2016 passionem,

198 2031 290 2067 januis
306 2030 416 2060 clausis,
432 2030 509 2056 stetit
528 2028 661 2056 Dominus
683 2028 710 2055 in
732 2027 823 2055 medio
844 2028 996 2063 discipulo-

200 2081 278 2106 rum,
297 2078 327 2100 ut
352 2072 424 2100 scias
439 2072 497 2099 fore
518 2076 548 2099 ut
563 2071 646 2099 etiam
668 2073 785 2099 animale
803 2080 904 2107 corpus
917 2076 996 2099 tuum

200 2120 365 2148 seminatum
389 2123 514 2153 resurgat
538 2126 639 2153 corpus
662 2118 816 2152 spirituale.
840 2119 879 2146 Ne
903 2123 996 2147 autem

1007 1504 1028 1532 C

1049 886 1091 904 σιν
1100 877 1132 903 ὲκ
1144 876 1211 903 Θεοῦ
1224 877 1334 911 γέγονεν
1344 876 1500 911 ἄνθρωπος,
1508 876 1569 902 οὔτε
1578 876 1649 902 κατὰ
1660 877 1801 911 προκοπὴν
1810 876 1841 908 ἐξ

1048 922 1192 958 ἀνθρώπου
1202 923 1279 954 Θεός.
1297 937 1331 944 —-
1350 923 1406 949 Τοῦ
1419 923 1523 952 αὑτοῦ.
1534 923 1568 949 ἐκ
1578 923 1631 949 τοῦ
1641 924 1733 958 ,λόγου
1744 924 1787 955 εἰς
1795 922 1839 954 τὸ,

1051 979 1059 994 ι
1069 970 1110 996 Οὐ
1124 969 1272 996 δύναταιὸ
1285 969 1350 1002 Υιὸς
1362 969 1458 996 ποιεῖν
1465 969 1514 1003 ἀφ’
1530 969 1639 996 ἑαυτοῦ
1653 968 1752 996 οὐδέν.
1763 969 1841 996 Μετὰ

1047 1016 1100 1051 γὰρ
1112 1016 1162 1050 τὴν
1170 1016 1319 1043 ἀνάστασιν
1327 1017 1340 1042 6
1351 1015 1455 1051 Κύριος
1464 1015 1498 1042 τὰ
1509 1015 1700 1051 συναμφότερα
1706 1015 1839 1047 δείκνυσι,

1047 1062 1095 1089 καὶ
1109 1063 1151 1088 ὅτι
1173 1062 1203 1088 οὺ
1219 1062 1339 1096 τοιοῦςρν
1355 1062 1385 1088 τὸ
1402 1061 1492 1097 σῶμα,
1507 1062 1554 1088 καὶ
1568 1062 1608 1088 ὅτι
1627 1061 1706 1088 τοῦτο
1728 1062 1841 1088 ἀνιστά-

1048 1117 1138 1144 μενον.
1153 1108 1358 1143 Ἀναμνήσθητι
1373 1109 1421 1143 τῆς
1436 1106 1666 1143 ἰστορίαςΪΗσαν
1679 1109 1702 1134 οἱ
1720 1107 1841 1143 μαθηταὶ

1047 1154 1250 1189 συνειλεγμένοι
1262 1154 1332 1190 μετὰ
1347 1154 1378 1180 τὸ
1392 1154 1478 1186 πάθος
1491 1155 1539 1181 καὶ
1553 1154 1603 1189 τὴν
1615 1155 1773 1185 ἀνάστασιν,
1793 1153 1840 1180 καὶ

1045 1201 1100 1228 τῶν
1110 1200 1200 1236 θυρῶν
1214 1201 1417 1236 κεκλεισμένων
1429 1200 1493 1236 ἔστη
1510 1201 1592 1235 μέσος
1603 1201 1692 1227 αὐτῶν
1702 1201 1717 1226 6
1725 1201 1839 1234 Κύριος.

1046 1247 1181 1274 Οὐδέποτε
1196 1247 1276 1273 τοῦτο
1298 1247 1351 1282 πρὸ
1372 1246 1420 1273 τοῦ
1446 1246 1549 1278 πάθους
1571 1246 1694 1281 εποίησε.
1717 1247 1762 1280 Μὴ
1784 1247 1840 1280 γὰρ

1045 1293 1096 1320 οὐκ
1121 1292 1237 1328 ἠδύνατο
1255 1294 1269 1319 6
1290 1292 1408 1328 Χριστὸς
1434 1294 1482 1319 καὶ
1505 1292 1591 1319 πάλαι
1613 1292 1692 1318 τοῦτο
1710 1293 1838 1327 ποιῆσαις

1045 1338 1134 1364 πάντα
1143 1337 1198 1373 γὰρ
1209 1337 1247 1372 τῷ
1256 1337 1316 1372 Θεῷ
1326 1337 1436 1364 δυνατά.
1456 1337 1525 1364 Ἀλλ’
1539 1338 1589 1364 οὐκ
1600 1339 1711 1372 ἐποίησε
1727 1339 1779 1374 πρὸ
1791 1338 1839 1364 τοῦ

1045 1382 1160 1415 πάοους,
1176 1382 1219 1409 ἴνα
1233 1381 1270 1418 μὴ
1286 1382 1400 1418 νομίσῃς
1411 1383 1561 1417 φαντασίαν
1579 1383 1628 1418 τὴν
1644 1384 1808 1419 οἰκονομίαν1
1821 1384 1838 1420 ἢ

1044 1429 1165 1463 δόκησιν,
1188 1429 1256 1464 μηδὲ
1279 1429 1467 1464 πνευματικὴν
1485 1429 1580 1464 οἰηθῇς
1594 1429 1639 1456 τοῦ
1656 1430 1775 1465 Χριστοῦ
1791 1430 1840 1465 τὴν

1046 1475 1217 1511 σάρκα,μηδὲ
1228 1474 1258 1506 ἐξ
1270 1474 1392 1509 οὐρανῶν
1404 1475 1597 1507 κατελθοῦσαν,
1607 1476 1674 1511 μηδὲ
1685 1476 1840 1512 ἐτερούσεον

1045 1522 1079 1556 τῇ
1096 1520 1220 1556 ἡμετέρᾳ
1240 1521 1332 1556 σαρκί.
1349 1519 1442 1548 Ταῦτα
1462 1521 1515 1556 γὰρ
1536 1522 1624 1547 πάντα
1647 1521 1719 1553 τινὲς
1737 1530 1840 1555 φαντα-

1047 1568 1167 1600 σθέντες,
1181 1567 1228 1594 καὶ
1242 1567 1384 1603 σεμνύνειν
1391 1567 1549 1602 νομίζοντες
1561 1567 1604 1594 διὰ
1613 1567 1715 1594 τούτων
1730 1568 1775 1594 τὸν
1784 1568 1840 1594 Κύ-

1048 1623 1121 1651 ριον,
1150 1614 1279 1650 λελήθασι
1307 1615 1377 1649 σφᾶς
1401 1614 1500 1646 αὐτοὺς
1524 1614 1568 1641 διὰ
1587 1617 1637 1649 τῆς
1665 1615 1840 1650 εὐχαριστίας

1048 1660 1284 1697 βλασφημοῦντες,
1302 1661 1349 1688 καὶ
1365 1660 1463 1695 ψεῦδος
1476 1661 1693 1696 κατηγοροῦντες
1707 1661 1757 1696 τῆς
1773 1661 1840 1695 ἀλη-

1047 1707 1132 1739 θείας,
1157 1707 1226 1743 πρδς
1248 1707 1278 1733 τὸ
1305 1707 1352 1734 καὶ
1378 1706 1552 1733 παντάπασιν
1578 1707 1674 1740 ἄλογον
1691 1707 1721 1733 τὸ
1743 1707 1840 1742 ψεῦδος

1047 1754 1201 1789 τυγχάνειν.
1226 1753 1256 1779 Εἰ
1277 1752 1330 1787 γὰρ
1358 1753 1451 1787 ἕτερον
1475 1743 1588 1779 ἀνέλαϐε
1607 1752 1697 1788 σῶμα,
1721 1754 1746 1779 τί
1772 1753 1840 1788 πρὸς

1046 1799 1077 1826 τὸ
1093 1799 1159 1834 ὲμδν
1171 1799 1202 1825 τὸ
1218 1798 1268 1833 τῆς
1286 1798 1423 1834 σωτηρίας
1438 1798 1582 1834 δεόμενον;
1608 1799 1639 1825 Et
1668 1799 1696 1831 ἐξ
1718 1800 1840 1835 οὐρανῶν

1047 1845 1187 1880 κατήγαγε
1213 1845 1314 1881 σάρκα,
1339 1844 1365 1871 τί
1387 1844 1456 1880 πρὸς
1479 1845 1528 1880 τὴν
1542 1845 1612 1880 ἐμὴν
1633 1846 1722 1880 σάρκα
1738 1846 1788 1880 τὴν
1806 1847 1839 1872 ἐκ

1047 1892 1096 1926 τῆς
1112 1892 1163 1926 γῆς
1179 1890 1347 1926 εῑλημμένην
1360 1899 1366 1923 ς
1392 1905 1427 1910 -
1442 1890 1497 1917 Τοῦ
1513 1890 1616 1921 αὑτοῦ,
1630 1891 1664 1917 ἐκ
1682 1890 1734 1917 τοῦ
1746 1892 1839 1917 αὑτοῦ

1047 1939 1150 1973 λόγου.
1164 1937 1213 1964 Διὰ
1229 1937 1315 1964 ταῦτα
1331 1938 1379 1972 μὲν
1395 1935 1452 1969 οὖν,
1471 1937 1501 1963 οὺ
1517 1937 1570 1972 πρὸ
1586 1937 1632 1963 τοῦ
1647 1937 1759 1968 πάθους,
1773 1937 1840 1965 ἀλλὰ

1049 1983 1119 2019 μετὰ
1134 1983 1164 2010 τὺ
1177 1983 1279 2015 πάθος,
1299 1983 1352 2010 τῶν
1371 1983 1460 2018 θυρῶν
1476 1983 1676 2018 κεκλεισμένων
1700 1983 1765 2018 ἔστη
1785 1984 1839 2010 τῶν

1049 2029 1178 2065 μαθητῶν
1194 2030 1276 2065 μέσος
1294 2030 1308 2056 6
1330 2029 1443 2064 Κύριος.
1461 2029 1504 2055 ἵνα
1519 2029 1600 2064 γνῷς,
1619 2030 1659 2056 ὄτι
1674 2030 1722 2056 καὶ
1742 2029 1788 2056 σοῦ
1810 2030 1840 2056 τὸ

1046 2075 1161 2110 ψυχικὸν
1178 2075 1257 2110 σῶμα
1279 2076 1383 2111 σπαρὲν
1400 2076 1534 2110 ἐγείρεται
1551 2075 1630 2110 σῶμα
1644 2077 1836 2110 πνευματικόν.

1049 2121 1108 2149 Ἵνα
1123 2122 1151 2148 δὲ
1175 2122 1212 2158 μὴ
1230 2121 1312 2149 πάλιν
1329 2121 1391 2149 ἄλλο
1409 2123 1523 2159 νομίσῃς
1544 2120 1613 2149 εἶναι
1642 2122 1673 2148 τδ
1694 2118 1840 2157 ἀνιστάμε-

199 2175 296 2195 rursus
308 2166 382 2194 aliud
393 2174 453 2193 esse
464 2170 544 2201 putes
555 2165 622 2192 illud
631 2165 704 2199 quod
717 2165 879 2198 resurrexit,
891 2166 994 2193 Thoma

1048 2176 1102 2200 νον,
1120 2167 1166 2194 τοῦ
1192 2168 1278 2203 Θωμᾶ
1293 2167 1362 2205 πρὸς
1386 2168 1434 2204 τὴν
1458 2168 1606 2195 ἀνάστασιν
1625 2169 1837 2202 ἁπιστήσαντος,

199 2213 432 2241 resurrectionem
455 2219 511 2238 non
535 2211 676 2243 credente,
697 2211 819 2238 ostendit
839 2211 865 2238 ei
883 2212 997 2247 vestigia

199 2260 340 2287 clavorum
355 2263 382 2286 et
392 2259 550 2286 vulnerum.
564 2257 605 2284 An
620 2264 685 2284 vero
699 2257 820 2292 seipsum
835 2265 932 2286 sanare
942 2266 998 2286 non

198 2310 317 2341 poterat,
330 2304 479 2340 etquidem
495 2307 556 2339 post
577 2303 820 2335 resurrectionem,
836 2303 883 2338 qui
902 2311 997 2331 omnes

199 2351 280 2378 etiam
296 2356 359 2378 ante
376 2349 609 2377 resurrectionem
632 2349 792 2375 sanaverat?
809 2348 863 2376 Sed
880 2357 928 2384 per
944 2349 997 2376 hoc

199 2396 321 2431 quidem,
336 2395 410 2430 quod
431 2395 570 2422 clavorum
586 2393 701 2427 vestigia
723 2394 886 2427 ostenderit,
906 2395 996 2430 ipsum

200 2443 268 2471 illud
283 2441 405 2478 (corpus)
419 2449 480 2469 esse
495 2439 594 2475 probat
608 2448 614 2465 :
628 2447 677 2474 per
692 2440 764 2467 istud
778 2449 854 2473 vero,
871 2442 946 2476 quod
956 2442 997 2477 ja-

200 2488 263 2516 nuis
277 2487 379 2515 clausis
398 2487 539 2521 ingressus
561 2484 613 2516 sit,
639 2485 760 2513 ostendit
778 2487 829 2514 tale
847 2496 901 2514 non
919 2496 995 2522 esse;

235 2566 258 2582 "
276 2565 354 2593 Joan.
373 2573 427 2597 xw,
440 2564 485 2593 28.
524 2565 546 2580 ¹⁷
560 2565 639 2592 Joan.
658 2565 742 2597 v,19.
782 2566 804 2581 ’κ
815 2566 892 2594 Joan.
908 2575 952 2598 xx,
968 2567 1010 2594 19.

247 2637 291 2672 ΞΑ)
307 2645 332 2663 τ.
347 2637 380 2663 ἐκ
392 2636 447 2670 δεξ.
458 2637 527 2664 Ibid.
539 2638 582 2664 διὰ
595 2638 646 2672 τῆς
656 2638 758 2671 δεξιᾶς.

246 2672 291 2708 25)
311 2672 376 2708 γάρ.
389 2672 428 2700 Ib.
443 2673 568 2707 sequitur
581 2674 637 2700 καί.

246 2707 291 2743 26)
312 2707 390 2742 μυστ.
408 2707 446 2734 Ita
473 2708 517 2735 ed.
533 2708 611 2736 Rom.
624 2713 652 2736 et
664 2708 738 2743 Lips.
752 2707 880 2735 Eamde
897 2708 992 2736 lectio-

200 2750 263 2779 nem
278 2743 338 2779 h._l.
355 2743 437 2770 habet
450 2743 493 2779 ed.
509 2743 595 2771 Paris.
622 2743 802 2771 Diseessimus
818 2744 910 2779 itaque
921 2752 937 2771 a
954 2745 992 2771 lc-

201 2778 289 2806 ctione
303 2777 384 2805 Sirm.
406 2777 484 2805 Θεοῦ.

236 2813 291 2849 (‘27)
310 2813 360 2849 Ed.
377 2814 462 2841 Paris.
479 2813 587 2840 πάντων
613 2814 666 2841 τῶν
684 2814 780 2842 ὅντων.
797 2814 846 2841 Ed.
863 2815 944 2842 Rom.
963 2819 991 2841 et

200 2847 214 2875 Ι
223 2850 273 2885 ips.
282 2847 346 2875 ’τῶν
358 2849 441 2876 ῦντων
458 2849 575 2876 πάντων.

1043 2214 1179 2241 δείκνυσιν
1206 2214 1282 2249 αὐτῷ
1303 2215 1367 2246 τοὺς
1384 2214 1488 2247 τύπους
1516 2214 1571 2241 τῶν
1593 2215 1676 2250 ἥλων,
1704 2215 1839 2241 δείκνυσιν

1044 2260 1119 2295 αὐτῷ
1135 2260 1189 2287 τῶν
1202 2260 1367 2295 τραυμάτων
1381 2260 1416 2287 τὰ
1434 2261 1505 2296 ἴχνη.
1520 2257 1585 2296 Ἆρ’
1605 2261 1655 2287 οὐκ
1671 2261 1763 2295 ῐσχνεν
1777 2261 1839 2287 ἑαυ-

1043 2306 1089 2333 τὸν
1115 2306 1252 2338 ἰάσασθαι,
1271 2306 1417 2333 καὶταῦτα
1437 2306 1505 2341 μετὰ
1526 2306 1688 2338 ἀνάστασιν,
1705 2308 1718 2333 6
1735 2307 1839 2338 πάντας

1045 2352 1091 2379 καὶ
1119 2352 1172 2386 πρὸ
1199 2352 1249 2387 τῆς
1269 2352 1444 2384 ἀναστάσεως
1459 2353 1622 2388 ἰασάμενοςς
1646 2353 1726 2379 Ἀλλὰ
1749 2353 1782 2379 δι’
1802 2350 1839 2379 ὼν

1045 2397 1095 2433 μὲν
1120 2398 1184 2429 τοὺς
1208 2398 1310 2430 τύπους
1327 2398 1381 2425 τῶν
1406 2399 1479 2433 ἥλων
1500 2399 1629 2431 δείκνυσι,
1657 2399 1839 2434 παραδίδωσιν

1043 2443 1084 2469 ὅτι
1100 2443 1190 2470 τοῦτο·
1208 2444 1241 2470 δι’
1264 2440 1301 2470 ὧν
1310 2443 1339 2470 δὲ
1350 2444 1552 2479 κεκλεισμένων
1562 2444 1616 2470 τῶν
1628 2444 1718 2479 θυρῶν
1732 2445 1838 2477 εἴσεισι,

1043 2489 1179 2516 δείκνυσιν
1206 2490 1247 2517 ὅτι
1266 2490 1296 2516 οὺ
1318 2490 1434 2517 τοιοῦτο.
1459 2490 1545 2517 Τοῦτο
1567 2491 1627 2526 μὲν,
1646 2490 1689 2517 ἵνα
1707 2483 1837 2526 πληρώση

1091 2675 1136 2710 29)
1152 2675 1192 2702 Ib.
1208 2676 1288 2710 αὐτή.

1153 2710 1223 2738 Ibid.
1239 2709 1306 2744 ὕψος
1322 2711 1454 2746 ἀνήγαγε.

1154 2747 1198 2782 ἐν.
1208 2746 1247 2773 Ib.
1261 2744 1447 2782 ἀνακράσεως.

1082 2779 1250 2816 (sentem).
1275 2790 1302 2808 κ.
1330 2779 1356 2808 τ.
1382 2782 1408 2808 λ.
1436 2781 1570 2809 Eumdem
1598 2780 1764 2812 locum.etsi
1775 2786 1835 2808 cum

1045 2815 1135 2850 aliqua
1150 2817 1280 2854 varietate
1294 2817 1429 2850 lectionis,
1445 2817 1507 2845 vide
1519 2824 1612 2851 supra,
1631 2824 1658 2852 p.
1677 2816 1722 2844 68.

1092 2638 1126 2665 28
1151 2647 1211 2673 γεγ.
1229 2639 1279 2667 Ed.
1297 2640 1385 2668 Paris.
1407 2640 1501 2668 ὅντων.

1092 2675 1126 2702 29
1152 2675 1192 2702 Ib.
1208 2676 1288 2710 αὐτή.

1092 2709 1127 2736 50
1153 2710 1223 2738 Ibid.
1239 2710 1306 2744 ὕψος
1322 2711 1454 2746 ἀνήγαγε.

1093 2745 1122 2772 51
1154 2747 1192 2772 ἐν.
1208 2746 1247 2773 Ib.
1261 2747 1447 2782 ἀνακράσεως.

1095 2780 1128 2807 52
1154 2781 1250 2813 Διάκρ.
1275 2790 1302 2808 κ.
1330 2790 1356 2808 τ.
1382 2782 1408 2808 λ.
1436 2782 1501 2809 Eum
