1959 3052
118 122 170 154 197

678 123 868 154 DIALOGUS
881 124 922 153 ΙΙ.
940 136 975 141 —
989 125 1239 157 lNCONFUSUS.
1708 128 1760 163 398

114 181 164 206 τὸν
178 179 280 214 τρόπον
300 178 348 213 τῆς
365 178 534 212 οἰκονομίας.
555 178 666 212 ἐγείρας
681 179 725 204 τὸν
742 177 914 212 νενεκρωμέ-

968 179 1058 214 ipsum
1078 181 1200 215 quidem,
1218 186 1249 209 ιιι
1267 181 1482 216 dispensationis
1504 190 1604 210 ntunus
1622 183 1759 218 ίιιῳιε-ιίιι,

113 234 173 252 νον·
199 226 230 253 οὒ
255 224 377 251 τοιοῦτον
401 223 441 256 δὲ,
460 223 503 250 ἵνα
522 223 560 258 μὴ
577 224 657 250 πάλιν
671 223 795 258 ὑποπέσῃ
816 222 914 257 φθορᾷ,

116 270 189 306 μηδὲ
202 270 283 297 πάλιν
298 270 404 304 ὑποστῇ
422 268 547 295 θάνατον.

118 373 177 400 Τοῦ
184 373 335 408 μακαρίου
353 372 500 433 Θεοφίλὲυ
513 371 572 433 ιςδδ)
585 371 756 398 ἐπισκόπου
775 370 913 402 Ἀλεξαν-

477 415 510 433 os
523 414 570 433 ac.

473 414 570 441 ρειας.

145 466 196 492 Ἐκ
206 464 265 492 τῶν
273 463 347 491 κατὰ
355 463 533 498 Ὠριγένους.
542 462 610 489 Οὔτε
616 463 667 497 τῆς
674 464 690 498 ἡ
694 462 757 497 μετέ
762 462 830 498 ραςύ
834 461 915 497 μοιώ-

117 519 200 542 σεως,
214 509 282 544 πρὸς
300 509 334 544 ἣν
353 507 564 542 κεκοινώνηκεν,
575 508 614 538 είς
629 507 756 542 θεότητος
772 506 853 541 φύσιν
867 515 916 541 με-

113 555 335 590 ταὸαλλομένης,
352 553 414 580 οὔτε
426 554 475 588 τῆς
491 552 618 587 θεότητος
644 551 726 578 αὑτοῦ
742 551 914 586 τρεπομένης

114 603 157 633 εἰς
165 601 214 636 τὴν
224 599 363 635 ἡμετέραν
374 599 515 633 ὁμοίωσιν.
529 598 614 624 Μένει
626 597 680 632 γὰρ
695 597 709 623 ὃ
719 595 752 632 ἦν
764 597 812 623 ἀπ’
826 597 915 632 ἀρχῆς

113 647 194 678 Θεὸς·
205 647 279 682 μένει
289 646 335 672 καὶ
346 645 396 679 τὴν
413 644 491 679 ἡμῶν
500 644 528 670 ὲν
540 643 628 678 ἑαυτῷ
640 642 857 678 παρασκευάζων
866 643 916 668 ὕπ-

113 691 300 729 αρξιν.-Τοῦ
307 690 412 723 αὑτοῦ,
419 690 452 716 ἐκ
461 689 515 724 τῆς
525 689 621 723 αὐτῆς
629 689 913 724 πραγματείας.Ἀλλ¹

113 740 146 765 οὐ
160 740 216 773 γὰρ
230 737 279 773 οὐχ
292 736 436 772 ἡσυχάζων
450 735 532 762 πάλιν
542 734 724 770 βλασφημεῖς,
738 734 914 769 συκοφαντῶν

113 785 162 811 τὸν
177 784 242 810 Υἰὸν
255 783 301 809 τοῦ
315 782 393 815 Θεοῦ,
406 782 454 808 καὶ
468 782 556 815 λέγων
571 782 663 812 αὐτοῖς
676 782 796 817 ῥήμασιν
817 780 913 814 οὕτως·

114 831 151 857 Ὠ
157 839 225 866 ςπερ
235 831 250 856 6
260 830 323 860 Υίὺς
335 828 382 855 καὶ
389 828 484 863 Πατὴρ
492 828 521 854 ἓν
533 828 613 860 εἰσιν,
623 826 695 853 οὕτω
705 827 752 853 καὶ
761 827 793 862 ἣν
803 827 913 862 εἴληφεν

112 879 128 905 6
145 877 210 908 Υἱὸς
221 876 323 911 ψυχὴν,
342 875 388 901 καὶ
405 875 497 906 αὐτὸς,
513 874 541 900 ἓν
558 874 637 900 εἰσιν·
654 873 760 907 ἀγνοῶν
775 874 816 899 ὅτι
832 874 845 900 6
861 873 911 908 μὲν

112 925 181 956 Υἱὸς
189 923 236 949 καὶ
247 924 260 949 6
274 922 368 957 Πατὴρ
378 922 407 948 ἓν
418 921 470 947 εἱσι
482 920 527 947 διὰ
537 920 586 955 τὴν
597 919 661 954 μίαν
675 919 781 950 οὐσίαν,
797 919 844 951 κα).
862 919 911 955 τὴν

112 970 202 1005 αὐτὴν
208 969 332 1005 θεότητα·
341 969 358 1002 ὴ
368 967 395 993 δὲ
406 967 480 1001 ψυχὴ
489 966 536 993 καὶ
544 966 558 992 6
567 965 638 997 Υίὺς,
648 965 728 1000 ἑτέρα
739 966 806 1000 πρὸς
815 965 912 1000 ἑτέραν

112 1016 190 1042 ἐστὶν
210 1015 288 1042 οὐσία
312 1022 343 1040 τε
367 1014 413 1039 καὶ
435 1013 525 1047 φύσις.
546 1013 578 1038 Εἰ
598 1012 652 1047 γὰρ
672 1011 765 1046 ὥσπερ
784 1011 798 1037 6
816 1011 911 1047 Πατὴρ

113 1064 163 1090 καὶ
187 1062 202 1087 6
225 1061 290 1092 Υἱὸς
306 1061 336 1087 ἓν
355 1061 434 1091 εἰσιν,
451 1058 523 1086 οὕτω
542 1059 590 1085 καὶ
603 1059 619 1093 ὴ
634 1058 706 1093 ψυχὴ
720 1057 767 1084 τοῦ
783 1057 847 1084 Υἱοῦ
864 1058 912 1084 καὶ

111 1110 128 1136 6
149 1109 214 1140 Υἱὸς
233 1108 263 1135 ἓν
285 1108 365 1140 εἰσιν,
382 1105 459 1132 ἔσται
488 1105 536 1131 καὶ
556 1105 571 1131 6
583 1104 677 1139 Πατὴρ
689 1104 737 1130 καὶ
751 1104 766 1139 ή
782 1103 854 1138 ψυχὴ
870 1102 909 1135 ἓν,

113 1155 163 1182 καὶ
181 1154 254 1187 λέξει
270 1153 336 1179 ποτὲ
363 1152 411 1179 καὶ
436 1152 453 1186 ή
481 1150 555 1186 ψυχὴ
580 1149 627 1176 τοῦ
650 1148 724 1176 Υἱοῦ·
747 1158 756 1174 ι
780 1149 808 1175 '0
823 1149 912 1183 ἑωρα-

113 1201 173 1232 κὼς
205 1200 268 1235 ἐμὲ,
301 1199 409 1234 ἑώρακε
437 1197 484 1224 τὸν
513 1197 634 1232 Πατέρα.
658 1205 668 1221 ι
694 1195 764 1222 Ἀλλ’
780 1195 830 1222 οὐκ
853 1194 911 1222 ἐστι

113 1246 206 1277 τοῦτο,
224 1245 262 1281 μὴ
277 1245 392 1278 γένοιτο.
407 1243 436 1270 ’0
450 1244 504 1278 γὰρ
516 1242 579 1273 Tib;
594 1243 642 1269 ml.
652 1241 666 1267 6
679 1242 774 1277 Πατὴρ
785 1241 824 1274 ἓν,
836 1241 912 1267 ἔπει-

114 1292 149 1328 δὴ
169 1292 207 1327 μὴ
226 1292 351 1326 διάφοροι
371 1289 530 1325 ποιότητες·
549 1289 565 1324 ἠ
591 1288 620 1315 δὲ
646 1288 720 1324 ψυχὴ
738 1288 786 1314 καὶ
801 1288 815 1314 6
836 1287 910 1319 Υἱὺς,

115 1338 165 1365 καὶ
177 1339 211 1372 τῇ
228 1337 318 1371 φύσει,
339 1336 385 1362 καὶ
400 1337 434 1371 τῇ
451 1335 530 1370 οὐσίᾳ.
545 1335 648 1370 ἕτερον,
667 1333 763 1369 ἐπειδὴ
779 1334 827 1360 καὶ
842 1333 910 1369 αὑτὴ

115 1385 157 1412 6'."
183 1383 266 1411 αὑτοῦ
284 1383 396 1417 γέγονεν
421 1381 566 1418 ὁμοούσιος
596 1383 661 1417 ἡμῖν
689 1381 861 1416 ὑπάρχουσα.
879 1380 911 1406 Εἰ

115 1430 173 1465 γὰρ
188 1426 210 1463 ᾦ
233 1429 327 1464 τρόπῳ
344 1428 358 1454 6
378 1428 473 1463 Πατὴρ
491 1428 538 1454 καὶ
552 1428 567 1453 6
591 1427 656 1458 Υἱός
678 1427 746 1452 εἰσιν
766 1426 805 1458 ἓν,
825 1425 911 1460 τούτῳ

116 1476 156 1510 τῷ
176 1475 269 1510 τρόπῳ
283 1474 331 1500 καὶ
354 1475 370 1508 η
388 1473 460 1509 ψυχὴ
478 1473 525 1500 καλ⁵
542 1473 556 1499 6
577 1473 641 1504 Υἱὸς
656 1473 685 1499 ἓν
699 1474 763 1504 εἰσι,
780 1472 850 1500 κατὰ
867 1473 911 1499 τὸν

967 219 1068 261 corpus
1084 232 1225 255 mortuum
1241 228 1440 261 resuscitando,
1463 236 1517 255 non
1537 229 1589 256 tale
1608 235 1710 260 autem,
1727 239 1759 256 ne

967 280 1064 300 rursus
1073 273 1223 301 obnoxium
1231 278 1305 302 esset
1315 274 1497 310 corruptioni,
1507 283 1558 302 nec
1570 275 1669 302 iterum
1680 276 1760 302 morti

966 319 1167 346 succumberet.

1039 375 1118 412 154
1136 376 1212 403 Beati
1226 376 1359 412 Theophili
1374 377 1488 412 episcopi
1508 376 1686 404 Alexandria’.

1001 463 1043 490 Ea:
1056 464 1088 490 iis
1103 473 1161 499 qua:
1174 465 1278 500 scripsit
1293 465 1418 492 adversus
1433 465 1584 501 Origenem.
1597 466 1653 493 Nec
1663 466 1758 493 simili-

967 509 1062 536 tudine
1080 515 1184 543 nostra,
1197 518 1278 545 quam
1295 511 1455 546 assumpsit,
1468 512 1495 538 in
1513 511 1665 539 divinitatis
1679 518 1759 539 natu-

966 563 1024 582 ram
1044 560 1160 589 mutata,
1175 564 1227 583 nec
1245 557 1388 584 divinitate
1403 558 1490 592 ipsius
1505 557 1532 584 in
1549 558 1757 584 similitudinem

965 605 1087 629 nostram
1100 610 1241 630 conversa.
1256 603 1346 630 Manet
1360 603 1445 635 enim,
1460 603 1533 638 quod
1549 603 1583 630 ab
1597 603 1676 630 initio
1687 609 1757 634 erat,

965 647 1038 675 Deus
1053 657 1060 674 ε
1073 652 1166 675 manet
1176 648 1269 680 etiam,
1282 652 1404 676 nostram
1416 649 1443 675 in
1457 649 1548 683 seipse
1561 649 1683 676 retinens
1695 649 1759 675 sub-

965 692 1104 719 stantiam.
1115 707 1150 712 —
1162 692 1298 727 Ejusdem,
1315 701 1347 719 ex
1369 693 1459 720 eodem
1477 701 1563 729 opere.
1578 693 1613 720 At
1626 700 1692 719 vero
1704 700 1757 719 non

965 737 1095 765 desinens
1104 738 1204 765 iterum
1213 739 1396 773 blasphemas,
1406 739 1505 766 Filium
1516 739 1564 765 Dei
1576 738 1757 771 calumnians,

965 787 994 810 et
1011 783 1055 810 his
1068 783 1160 810 verbis
1176 788 1257 811 utens
1277 793 1282 810 :
1307 783 1544 817 Quemadmodum
1568 784 1656 810 Filius
1670 787 1697 810 et
1709 783 1758 810 Pa-

966 834 1008 856 ter
1017 837 1102 856 unum
1118 835 1192 862 sunt,
1206 830 1245 858 sic
1262 835 1290 857 et
1309 831 1400 857 anima
1416 838 1498 865 quam
1512 830 1659 864 assumpsit
1673 830 1758 856 Filius

963 879 991 902 et
1002 875 1060 910 ipse
1074 883 1158 902 unum
1173 880 1237 903 sunt
1253 885 1259 902 :
1277 876 1405 903 nesciens
1417 875 1490 910 quod
1503 875 1589 902 Filius
1601 875 1711 910 quidem
1729 880 1757 902 et

962 921 1043 948 Pater
1059 929 1145 948 unum
1166 921 1221 948 sint
1243 926 1357 957 propter
1385 929 1466 948 unam
1484 922 1491 931 ‘
1511 921 1703 953 substantiam,
1728 927 1756 948 et

962 967 1086 995 eamdem
1103 967 1275 995 divinitatem
1291 977 1297 995 :
1311 967 1402 995 anima
1417 971 1507 994 autem
1522 972 1549 994 et
1570 968 1655 994 Filius
1666 967 1757 994 diver-

962 1021 1020 1040 sam
1050 1014 1122 1040 inter
1147 1021 1177 1040 se
1205 1013 1386 1040 substantiam
1418 1013 1537 1040 habeant
1563 1017 1590 1040 et
1616 1018 1755 1040 naturam.

963 1060 991 1088 Si
1013 1060 1087 1087 enim
1110 1060 1182 1087 sicut
1205 1060 1286 1086 Pater
1301 1063 1329 1086 et
1352 1060 1437 1087 Filius
1455 1067 1541 1086 unum
1565 1063 1645 1088 sunt.
1666 1059 1707 1086 sic
1727 1062 1756 1086 et

962 1106 1052 1133 anima
1067 1106 1126 1132 Filii
1143 1111 1171 1133 et
1186 1106 1273 1133 Filius
1286 1113 1371 1133 unum
1392 1110 1467 1137 sunt,
1484 1109 1566 1133 erunt
1582 1110 1609 1132 et
1630 1105 1710 1132 Pater
1727 1110 1756 1132 et

961 1152 1052 1179 anima
1065 1160 1160 1184 unum,
1173 1156 1200 1179 et
1213 1152 1286 1180 dicet
1298 1152 1446 1187 aliquando
1460 1153 1542 1179 etiam
1562 1151 1622 1178 Filii
1640 1151 1729 1179 anima
1747 1161 1755 1179 :

966 1207 975 1224 α
992 1198 1044 1232 Qui
1055 1198 1125 1226 vidit
1138 1206 1192 1230 me,
1207 1198 1277 1225 vidit
1293 1199 1402 1226 Patrem
1420 1199 1453 1225 ν’.
1480 1208 1488 1224 ι
1504 1198 1557 1226 Sed
1579 1206 1634 1225 non
1650 1199 1687 1225 ita
1702 1203 1754 1229 est.

962 1244 1052 1271 absit!
1073 1244 1140 1271 Nam
1162 1244 1247 1271 Filius
1261 1249 1289 1271 et
1313 1245 1394 1272 Pater
1414 1252 1499 1271 unum
1524 1249 1598 1277 sunt,
1621 1244 1685 1279 quia
1699 1252 1755 1272 non

962 1295 1027 1317 sunt
1059 1290 1174 1318 diversae
1196 1291 1343 1325 qualitates
1367 1300 1373 1318 :
1395 1291 1486 1318 anima
1510 1299 1576 1317 vero
1603 1295 1630 1317 et
1653 1290 1754 1322 Filius,

962 1341 990 1364 et
1011 1342 1109 1364 natura
1137 1341 1165 1364 et
1186 1337 1340 1364 substantia
1368 1337 1516 1368 diﬂerunt,
1547 1337 1612 1371 quia
1640 1340 1669 1362 et
1698 1336 1756 1370 ipsa

962 1391 1072 1418 quoque
1101 1390 1150 1418 per
1178 1390 1241 1409 eum
1274 1383 1344 1409 facta
1377 1387 1435 1415 est,
1461 1382 1584 1409 eamdem
1612 1381 1755 1408 nobisequ

963 1429 1068 1457 habens
1081 1429 1272 1456 substantiam.
1291 1428 1319 1455 Si
1333 1428 1417 1460 enim,
1433 1427 1662 1463 quemadmodum
1676 1427 1756 1454 Pater

963 1479 991 1502 et
1003 1475 1088 1502 Filius
1099 1482 1184 1501 unum
1195 1478 1268 1506 sunt,
1284 1474 1323 1501 sic
1336 1475 1427 1501 anima
1439 1478 1465 1501 et
1481 1474 1566 1501 Filius
1582 1482 1666 1501 unum
1681 1479 1755 1504 sunt.

122 1522 278 1557 Ὢριγένην,
305 1520 382 1546 ἔσται
405 1519 453 1546 καὶ
469 1520 485 1554 ή
504 1519 588 1554 ψυχὴ,
608 1519 646 1551 ὡς
661 1520 675 1546 ὁ
690 1519 763 1551 Υἱὸς,
784 1519 910 1554 ἀπαύγα-

967 1525 994 1547 ut
1009 1520 1067 1547 vult
1080 1519 1222 1554 Origenes,
1237 1520 1289 1546 erit
1303 1524 1329 1547 et
1346 1520 1447 1551 anima,
1466 1520 1537 1547 sicut
1551 1520 1645 1551 Filius,
1667 1520 1757 1554 spien-

118 1576 177 1602 σμα
193 1567 242 1601 τῆς
257 1565 336 1601 δόξης
348 1565 394 1592 τοῦ
411 1566 488 1598 Θεοῦ,
507 1565 555 1592 καὶ
570 1567 715 1601 χαρακτὴρ
729 1566 778 1601 τῆς
793 1566 913 1592 ὑποστά-

117 1622 190 1645 σεως
209 1612 304 1639 αὐτοῦ.
326 1612 407 1638 Ἀλλὰ
435 1612 488 1647 μὴν
516 1611 645 1638 ἀδύνατον
671 1611 760 1638 τοῦτο·
783 1611 914 1640 ἀδύνατον

117 1659 174 1694 ἄρα
190 1660 236 1685 καὶ
251 1658 296 1684 τὸν
307 1658 372 1685 Υἱὺν
390 1659 436 1684 καὶ
458 1658 508 1693 τὴν
521 1657 610 1693 ψυχὴν
631 1657 713 1684 αὐτοῦ
727 1657 754 1684 ἓν
769 1655 848 1688 εἶναι,
866 1666 915 1684 κα-

119 1706 209 1741 Θὰπερ
225 1705 306 1737 αὐτὸς
332 1705 379 1731 καὶ
402 1706 417 1732 6
436 1704 530 1740 Πατὴρ
552 1704 581 1730 ἓν
607 1705 671 1730 εἰσι.
691 1705 744 1731 Καὶ
763 1704 789 1730 τί
806 1704 914 1739 ποιήσει

118 1755 202 1781 πάλιν
222 1752 311 1788 ἑαυτῷ
339 1748 528 1788 περιτὶίπτων;
556 1752 659 1787 Γράφει
685 1752 738 1787 γὰρ
756 1750 851 1780 οὕτως.
876 1751 914 1777 Ub

118 1800 206 1834 δήπου
221 1799 276 1834 γὰρ
288 1799 305 1833 ή
319 1798 510 1833 τεταραγμένη
533 1799 579 1823 καὶ
590 1797 739 1832 περίλυπος
754 1794 822 1823 οὖσα
841 1795 914 1831 ψυχὴ

118 1847 133 1873 6
150 1845 307 1879 Μονογενὴς
319 1845 366 1871 καὶ
381 1844 552 1880 πρωτότοκος
565 1843 656 1879 πάσης
670 1843 785 1874 κτίσεως
797 1842 914 1877 ἐτύγχα-

119 1900 166 1919 νεν
185 1889 263 1918 οὖσα.
295 1891 324 1916 Ὀ
336 1890 391 1925 γὰρ
404 1890 470 1921 Θεὸς
485 1890 580 1924 Λόγος,
594 1889 632 1920 ὡς
645 1889 776 1924 κρείττων
795 1889 844 1923 τῆς
864 1889 915 1922 ψυ-

120 1939 172 1973 χῆς
189 1936 342 1971 τυγχάνων,
359 1936 439 1967 αὐτὸς
458 1935 543 1967 ὸΥίός
559 1944 652 1970 φησιν,
670 1945 680 1961 ε
702 1934 843 1967 Ἐξουσίαν
860 1934 916 1969 ἔχω

121 1982 207 2008 θεῖναι
235 1980 330 2015 αὐτὴν,
343 1981 389 2007 καὶ
413 1980 538 2012 ἐξουσίαν
555 1981 609 2015 ἔχω
624 1979 714 2006 λαϐεῖν
739 1980 836 2014 αὑτήν.
855 1989 864 2006 ι
883 1980 915 2006 Εἰ

120 2027 211 2054 τοίνυν
221 2027 351 2063 κρείττων
363 2026 436 2052 ἐστὶν
448 2027 461 2053 6
473 2026 535 2057 Υἱὸς
547 2027 596 2061 τῆς
607 2026 704 2052 ἑαυτοῦ
713 2025 813 2061 ψυχῆς,
821 2025 916 2061 ὥσπερ

121 2072 168 2100 οὖν
179 2074 226 2100 καὶ
237 2073 369 2108 κρείττων
382 2072 566 2107 ὡμολόγηται,
576 2071 634 2103 πῶς
650 2073 666 2107 ἡ
677 2072 748 2107 ψυχὴ
761 2072 854 2098 τούτου
872 2072 916 2098 ῐσα

122 2119 193 2154 Θεῷ,
206 2119 253 2146 καὶ
269 2120 298 2144 ἐν
324 2119 415 2153 μορφῇ
437 2117 535 2150 aia-toﬁ;
561 2117 650 2152 Αὐτὴν
661 2117 716 2152 γὰρ
737 2115 807 2143 εἷναί
825 2125 916 2151 φαμεν

122 2167 172 2201 την
185 2164 241 2200 (54)
253 2163 413 2191 κενώσασαν
423 2163 533 2199 ἑαυτὴν.
545 2164 591 2190 καὶ
600 2163 706 2199 μορφὴν
718 2163 811 2190 δούλου
820 2162 915 2189 λαϐοῦ-

125 2220 184 2238 σαν.
195 2211 259 2243 Ταῖς
270 2212 320 2238 ὺπε
326 2210 432 2245 Malui;
441 2210 495 2236 τῶν
509 2209 639 2236 ἀσεϐειῶν
650 2209 847 2244 ἐπισημότερος
862 2208 915 2235 τῶν

124 2257 212 2284 Dle
222 2256 369 2292 αἱρετικῶν
383 2257 500 2290 ἐγένετο,
513 2256 550 2287 ὡς
566 2255 807 2291 ὲπεσημηνάμεθα.
823 2256 852 2281 Ιτίί
862 2255 916 2290 γὰρ

124 2303 154 2328 ὲν
170 2302 260 2336 μορφῇ
282 2300 350 2327 Θεοῦ
368 2301 484 2335 ὑπάρχει
503 2301 516 2326 6
530 2300 624 2334 Λόγος,
638 2300 683 2326 καὶ
698 2299 742 2326 ῐσσ.
758 2299 818 2334 Θεῷ
832 2300 915 2331 ἐστιν,

125 2349 154 2374 ὲν
179 2348 270 2382 μορφῇ
297 2346 326 2373 δὲ
353 2347 420 2373 Θεοῦ
434 2347 567 2382 ὑπάρχειν
579 2347 624 2372 καὶ
633 2345 677 2372 ἴσα
689 2344 749 2378 Θεῷ
761 2345 810 2381 τὴν
828 2345 916 2380 ψυχὴν

125 2394 172 2420 τοῦ
186 2393 313 2428 Σωτῆρος
324 2393 419 2425 οἴεται,
435 2392 572 2427 τολμήσας
587 2391 658 2418 οὕτω
674 2391 789 2425 γράψαι,
808 2391 867 2422 πῶς
887 2391 918 2417 τὸ

129 2440 185 2466 ἴσον
202 2439 325 2474 κρεῖττόν
340 2440 415 2470 tam;
432 2438 473 2465 Τὰ
484 2438 537 2474 γὰρ
548 2437 737 2473 ὑποδεϐηκότα
761 2437 810 2472 τὴν
839 2437 919 2471 φύσιν

125 2485 181 2512 τῶν
191 2485 261 2520 ὑπὲρ
273 2485 342 2512 αὐτὰ
355 2487 476 2520 κρεῖττον
496 2485 640 2520 μαρτυρεῖ.

130 2543 187 2570 Τοῦ
207 2543 295 2577 ἀτίου
325 2542 462 2569 Ἰωάννου
477 2541 529 2569 τοῦ
551 2540 777 2577 Χρυσοστόμου,
795 2541 916 2567 ἐπισκό-

304 2584 365 2604 που
380 2576 738 2608 Κωνσταντινουπόλεως.

170 2624 242 2652 Ἀπὸ
262 2625 356 2659 λόγου
381 2623 416 2650 ἐν
441 2622 478 2657 τῇ
503 2623 618 2657 μεγάλῃ
640 2622 790 2655 ἐκκλησίᾳ
810 2621 919 2656 ,ρηθέν-

162 2694 187 2710 ¹⁹
200 2693 279 2720 Joan.
293 2700 349 2724 nv,
367 2692 393 2719 9.
434 2692 456 2708 '°
469 2691 573 2720 Coloss.
594 2691 670 2724 ι,15.
710 2690 731 2705 ³¹
745 2690 823 2718 Joau.
843 2697 871 2723 ι,
884 2690 929 2718 18.

165 2753 222 2789 (55)
240 2753 320 2789 Aliud
347 2752 431 2789 hujus
450 2751 594 2787 scriptoris
618 2750 800 2785 fragmentum
830 2754 919 2776 exstat

128 2789 210 2819 infra.
228 2788 255 2815 in
269 2788 333 2815 dial.
346 2788 373 2815 ὗ.

167 2824 223 2859 (3t)
242 2824 301 2858 τήν.
316 2822 365 2859 Ed.
386 2822 516 2859 Romset
534 2821 607 2856 Lips.
626 2820 795 2859 przemittllnt
811 2820 851 2851 ὃς.
870 2819 918 2859 sed

131 2855 222 2888 minus
235 2855 314 2886 bene.
339 2857 456 2892 Strigelii
474 2855 661 2891 interpretatio
681 2865 686 2881 :
705 2865 712 2880 ι
738 2855 823 2890 Ipsam
847 2855 920 2881 enim

965 1566 1016 1593 dor
1033 1566 1126 1602 gloriae
1143 1566 1201 1596 Dei.
1217 1569 1245 1593 et
1263 1566 1405 1593 character
1419 1566 1578 1592 substantia:
1597 1565 1691 1600 ipsius.
1711 1566 1757 1591 At-

941 1632 943 1634 -
965 1612 1011 1647 qui
1024 1612 1077 1639 hoe
1091 1611 1148 1639 ﬁeri
1161 1612 1266 1646 nequit.
1283 1611 1454 1646 lmpossibile
1465 1616 1507 1638 est
1522 1611 1616 1646 igitur,
1631 1615 1660 1638 ut
1674 1611 1758 1638 Filius

965 1662 992 1685 et
1004 1659 1063 1693 ejus
1077 1658 1166 1684 anima
1181 1665 1266 1684 unum
1285 1657 1350 1688 sint,
1367 1657 1437 1684 sicut
1453 1657 1510 1692 ipse
1531 1661 1558 1684 et
1578 1657 1658 1683 Pater
1673 1665 1756 1683 unum

965 1709 1038 1732 sunt.
1056 1704 1134 1739 155
1155 1704 1188 1731 Et
1210 1704 1275 1738 quid
1299 1704 1381 1730 faciet
1408 1711 1504 1730 rursus
1527 1703 1579 1730 sibi
1603 1702 1653 1738 ipsi
1676 1711 1758 1738 repu-

965 1751 1069 1785 gnans?
1083 1750 1127 1777 Sic
1136 1751 1208 1776 enim
1221 1750 1318 1786 scribit
1333 1759 1338 1776 :
1354 1750 1530 1784 Nequaquam
1549 1750 1658 1776 turbata
1670 1754 1697 1776 et
1711 1751 1758 1776 tri-

966 1797 1015 1823 stis
1032 1796 1121 1824 anima
1136 1796 1297 1830 Unigenilus
1318 1800 1387 1827 erat,
1407 1800 1435 1822 et
1449 1796 1654 1830 Primogenitus
1668 1796 1758 1822 omnis

965 1848 1099 1871 creatura:
1114 1843 1146 1869 ³ο.
1161 1843 1228 1869 Nam
1244 1843 1316 1869 Deus
1330 1842 1461 1873 Verbum,
1477 1846 1506 1869 ut
1524 1842 1614 1868 anima
1628 1846 1757 1876 prresdan-

967 1890 1030 1922 tior,
1052 1890 1109 1924 ipse
1127 1889 1212 1916 Filius
1234 1890 1272 1916 ait
1295 1898 1301 1915 :
1319 1898 1327 1913 ι
1347 1888 1510 1915 Potestatem
1527 1887 1756 1926 habeo‘pnnemli

965 1943 1037 1967 eam,
1059 1940 1087 1962 et
1108 1939 1270 1970 potestatem
1294 1934 1383 1961 habeo
1396 1934 1553 1961 assumendi
1576 1942 1636 1961 eam
1656 1934 1687 1961 ³⁸.
1704 1943 1712 1958 1
1729 1934 1757 1960 Si

967 1982 1049 2017 igitur
1063 1981 1147 2008 Filius
1158 1983 1333 2016 prmstantior
1348 1985 1388 2007 est
1413 1980 1502 2007 anima
1520 1989 1578 2008 sua.
1595 1980 1666 2007 sicut
1686 1988 1757 2014 pra--

967 2028 1127 2055 stantiorem
1140 2035 1199 2054 esse
1212 2027 1239 2054 in
1251 2027 1375 2054 confesso
1386 2031 1437 2058 est,
1450 2026 1587 2061 quomodo
1598 2027 1657 2061 ejus
1668 2027 1756 2052 anima

966 2075 1079 2110 aequalis
1089 2079 1130 2101 est
1143 2074 1209 2104 Deo,
1220 2077 1247 2100 et
1260 2073 1286 2100 in
1299 2073 1386 2100 forma
1400 2073 1503 2108 ipsius?
1514 2073 1600 2107 Ipsam
1613 2073 1685 2099 enim
1698 2080 1758 2099 esse

967 2121 1096 2152 dicimus,
1112 2128 1173 2155 quae
1195 2120 1312 2154 seipsam
1330 2119 1490 2151 cxiuanivit,
1509 2123 1537 2146 et
1554 2119 1626 2145 servi
1643 2118 1757 2145 formam

967 2168 1072 2203 accepit
1089 2168 1122 2194 ".
1140 2167 1229 2200 Quare
1246 2166 1398 2201 (Origenes)
1415 2173 1511 2193 omnes
1530 2165 1598 2192 alios
1617 2165 1759 2192 hmrelicos

968 2214 1108 2249 impietate
1128 2217 1249 2248 superat,
1265 2216 1295 2238 ut
1314 2212 1573 2239 demonstravimus.
1592 2211 1621 2238 Si
1635 2211 1709 2238 enim
1732 2211 1758 2237 in

969 2261 1055 2288 forma
1072 2260 1120 2287 Dei
1135 2264 1176 2286 est
1191 2259 1321 2290 Verbum,
1335 2263 1363 2286 et
1374 2258 1430 2285 Deo
1444 2262 1485 2285 est
1496 2258 1611 2292 :equale,
1628 2258 1656 2284 iu
1673 2257 1758 2284 forma

970 2314 1035 2334 vero
1050 2305 1096 2332 Dei
1111 2312 1181 2336 esse,
1199 2309 1227 2331 et
1241 2304 1373 2338 aequalem
1390 2310 1450 2330 esse
1463 2303 1519 2329 Deo
1534 2303 1653 2329 animam
1668 2302 1760 2329 Salva-

971 2352 1038 2379 toris
1053 2354 1145 2386 putat,
1163 2350 1209 2385 qui
1236 2350 1276 2376 sic
1299 2349 1422 2376 scribere
1437 2356 1522 2375 ausus
1544 2353 1599 2379 est,
1623 2348 1760 2382 quomodo

969 2397 1041 2432 quod
1058 2400 1100 2423 est
1112 2396 1216 2430 :equale
1229 2394 1405 2429 pra-stantius
1419 2393 1477 2421 est?
1489 2393 1554 2426 Quae
1572 2393 1645 2420 enim
1663 2397 1760 2419 natura

968 2442 1098 2470 inferiora
1114 2445 1188 2472 sunt,
1199 2448 1295 2467 eorum
1308 2448 1369 2474 qum
1383 2447 1465 2474 supra
1482 2439 1539 2474 ipsa
1553 2443 1615 2466 sunt
1631 2443 1761 2473 praestan—

970 2488 1035 2515 tiam
1053 2491 1200 2514 testantur.

1005 2542 1097 2570 Sancti
1114 2541 1226 2568 Joannis
1245 2539 1557 2602 Cltmsosltemi'episcopi
1577 2537 1726 2566 Constanti-

1287 2584 1354 2602 ηουο
1368 2580 1443 2602 itam.

1287 2580 1443 2611 nopotitam’.

1009 2623 1050 2650 Ea;
1072 2623 1191 2650 oratione
1212 2631 1292 2658 quam
1314 2623 1342 2650 in
1361 2630 1458 2657 magna
1474 2619 1582 2648 ecclesia
1605 2620 1704 2647 habuit.
1723 2620 1762 2648 Ac

967 2691 989 2706 ³¹
1003 2691 1119 2726 Philipp.
1135 2699 1164 2722 ιι,
1186 2691 1212 2717 7.

970 2757 1030 2778 esse
1048 2750 1164 2777 dicimus
1181 2750 1295 2776 formam
1325 2750 1396 2776 servi
1423 2757 1438 2776 a
1455 2749 1525 2776 Filio
1551 2753 1728 2783 assumptam.
1750 2758 1759 2774 ›

972 2785 1052 2846 ﬁliam
1073 2785 1164 2820 prodit
1187 2785 1344 2816 lectionem,
1364 2784 1414 2812 nisi
1431 2793 1464 2812 ex
1481 2784 1591 2818 ingenio
1605 2783 1641 2811 sit
1668 2790 1761 2809 emen-

993 2827 1044 2846 aia.

993 2827 1044 2847 illa.
