1959 3052
196 119 249 152 139

698 116 941 146 TIIEODORETI
960 115 1129 145 EPISCOPI
1149 115 1332 146 CYRENSIS

1771 115 1826 148 200

195 174 327 203 Dominus
344 173 454 208 quidem
471 177 533 203 tuus
548 172 574 198 in
590 172 689 199 ccelum
705 171 803 198 extulit
815 171 954 198 hominem
977 178 983 196 :

1037 178 1096 202 τος.
1116 171 1170 197 Καὶ
1185 171 1199 197 ὁ
1219 170 1269 206 μὲν
1294 169 1433 205 Δεσπότης
1451 177 1497 197 σου
1508 170 1545 202 εἰς
1558 170 1670 205 οὐρανὸν
1685 171 1826 208 ἀνήγαγεν

196 227 225 248 tu
240 225 331 248 autem
349 227 400 246 nec
417 219 506 246 forum
518 218 570 252 ipsi
584 217 722 244 concedis.
736 217 789 244 Sed
801 217 867 252 quid
882 216 943 244 dico
954 217 983 243 in

196 266 312 294 cmlum?
331 266 357 292 in
377 265 458 300 regali
478 264 575 290 throno
591 263 734 290 collocavit
748 272 754 289 :
770 267 799 289 tu
816 270 881 290 vero
900 262 984 289 etiam

196 319 230 339 cx
247 312 316 338 urbe
342 311 418 337 illum
439 309 756 344 expellis—Ejusdem,
778 309 804 335 in
826 309 984 344 principium

196 357 292 393 psalmi
307 365 359 384 xu.
376 356 435 383 Non
454 361 542 383 cessat
555 356 656 383 Paul-us
671 356 700 382 in
716 355 880 382 hodiernum
898 362 985 389 usque

195 403 269 430 diem
287 403 294 412 '
311 402 403 429 dicere
420 410 426 428 ι
444 411 452 426 ι
472 401 524 428 Pro
542 401 652 428 Christo
676 401 810 435 legatione
827 400 983 435 fungimur,

196 453 325 482 tanquam
342 448 397 473 Deo
412 447 575 474 exhortante
597 455 647 481 per
656 454 717 477 nos.
737 447 914 474 obsecramus
936 453 986 481 pro

198 494 279 529 156
292 493 404 521 Christo
414 513 420 525 ,
432 493 647 520 reconciliamini
672 494 726 520 Deo
744 494 777 521 ³³.
788 493 844 520 Nec
859 500 924 520 vero
940 493 986 520 hic

195 539 317 567 substitit
329 548 336 566 :
349 539 397 567 sed
411 543 438 566 et
452 539 486 566 de
499 542 544 565 tua
559 543 655 565 natura
667 538 783 573 sumptis
794 538 932 572 primitiis,
944 545 986 565 se-

197 586 259 613 dem
276 585 419 619 occupavit
434 592 517 618 supra
531 591 639 611 omnem
657 584 851 618 principatum,
868 587 896 610 et
907 588 986 618 pote-

196 636 294 659 statem
304 651 310 663 ,
326 635 354 658 et
376 631 505 658 virtutem
516 651 522 662 ,
538 634 566 657 et
591 638 672 657 omne
696 638 796 657 nomen
811 629 884 664 quod
899 629 988 656 nomi-

196 680 288 707 natur,
302 683 355 702 non
372 675 459 702 solum
478 674 505 701 in
519 675 570 701 hoc
583 675 693 706 szeculo,
705 681 800 701 verum
814 674 896 701 etiam
908 674 936 700 in
946 674 988 701 l'u-

196 726 260 749 turo
276 722 308 747 ³⁵.
327 721 398 753 Quid
411 721 475 747 huic
489 720 587 747 honori
602 721 754 754 comparari
768 720 875 754 potest?
889 719 988 747 Primi-

196 767 241 794 tiae
255 767 363 801 generis
385 766 482 797 nostri,
497 765 570 800 quod
587 766 614 792 in
636 770 690 792 tam
713 765 807 792 multis
821 765 947 796 oll‘endit,
961 769 989 792 et

197 812 347 847 ignominia
366 811 492 838 allectum
505 815 556 842 est,
571 811 598 838 in
613 815 687 837 tanta
701 810 869 837 sublimitate
881 810 986 841 sedent,

197 861 327 892 tantoque
342 857 446 884 honore
458 856 597 883 fruuntur.
610 871 644 875 —
655 856 794 890 Ejusdem.
815 855 847 881 de
861 855 986 882 divisione

197 903 359 938 linguarum.
381 902 473 936 Cogita
496 902 569 928 enim
588 901 667 936 quale
690 901 726 928 sit
749 901 843 928 videre
859 905 987 928 naturam

197 952 319 975 nostram
331 955 413 982 supra
427 946 577 974 Cherubim
588 946 662 978 vehi,
675 950 703 973 et
713 954 820 973 omnem
836 947 986 981 angelicam

197 997 359 1028 potestatem
387 992 477 1020 eidem
513 992 707 1019 circumfusam
739 1000 808 1019 esse.
838 992 987 1019 Considera

198 1039 278 1066 etiam
295 1038 371 1065 Pauli
390 1038 561 1073 sapientiam,
575 1042 642 1072 quot
662 1038 773 1065 nomina
788 1038 942 1072 conquirat,
958 1042 988 1065 ut.

196 1082 298 1110 Christi
311 1091 375 1118 erga
388 1091 437 1110 nos
447 1091 567 1110 amorem
579 1083 707 1110 ostendat
720 1083 752 1110 ⁵⁵.
766 1083 826 1110 Non
838 1083 911 1110 enim
923 1083 988 1110 sint-

196 1129 305 1162 pliciter
326 1128 394 1155 dixit
415 1130 541 1164 gratiam,
556 1137 607 1156 nec
622 1129 782 1164 simpliciter
804 1129 920 1161 divitias,
938 1129 987 1157 sed

197 1175 337 1201 eminentes
361 1175 464 1201 divitias
481 1175 575 1209 gratim
589 1176 617 1201 in
636 1175 987 1210 bonitate.—Ejusdem,ea:

197 1222 316 1248 oratione
332 1221 492 1256 dogmatica,
513 1221 581 1256 quod
598 1221 733 1248 humiliter
749 1222 819 1248 dicta
835 1227 859 1248 et
876 1222 947 1256 facta
969 1230 986 1248 α

196 1266 309 1298 Christo,
337 1275 388 1292 non
411 1271 518 1302 propter
535 1267 739 1294 imbecillitatem
769 1269 892 1302 potentia:
916 1268 985 1295 dictu

196 1316 221 1338 et
237 1312 307 1346 facta
319 1313 382 1343 sint,
407 1313 450 1338 sed
472 1317 578 1348 propter
603 1313 692 1340 varias
720 1313 922 1348 dispensationis
941 1323 987 1340 ra—

197 1358 287 1384 tiones.
303 1359 335 1384 Ει
347 1362 408 1392 post
420 1359 661 1389 resurrectionem,
679 1359 852 1386 incredulum
864 1359 985 1394 discipu-

196 1404 253 1430 lum
266 1404 373 1436 videns,
389 1411 444 1430 non
465 1404 601 1430 recusavit
622 1403 671 1438 ipsi
687 1409 714 1431 et
728 1405 841 1431 vulnera
856 1409 884 1432 et
896 1406 986 1432 clavo-

197 1458 257 1477 rum
280 1450 393 1483 vestigia
415 1449 570 1481 ostendere,
586 1453 614 1476 et
636 1457 734 1477 manus
755 1450 892 1477 contactui
914 1451 985 1478 cica-

199 1495 280 1522 trices
293 1495 441 1528 subjicere,
456 1498 482 1521 et
497 1494 565 1521 dixit
585 1503 591 1520 :
608 1504 617 1519 ‹
634 1494 772 1528 Scrutare,
787 1500 815 1522 et
834 1495 906 1527 vide,
920 1496 984 1530 quia

196 1541 309 1575 spiritus
323 1548 432 1567 carnem
449 1544 478 1567 et
489 1548 550 1567 ossa
561 1548 616 1567 non
632 1540 714 1568 habet
727 1541 759 1568 ³⁸.
776 1550 784 1566 ι
798 1541 832 1567 Et
849 1541 911 1568 ideo
931 1549 986 1568 non

197 1586 324 1622 perfecta:
333 1586 420 1613 aetatis
430 1585 566 1613 hominem
576 1586 610 1612 ab
621 1586 699 1613 initio
708 1586 839 1621 suscepit,
849 1587 896 1613 sed
907 1587 988 1614 susti-

198 1633 291 1660 nuitet
300 1633 416 1667 concipi,
428 1631 504 1666 157
511 1636 538 1658 et
546 1632 631 1661 nasci.
640 1636 667 1658 et
674 1632 744 1659 laete
758 1632 902 1664 nutriri,et
911 1636 987 1660 tanto

198 1683 321 1714 tempore
332 1679 359 1705 in
370 1683 441 1706 terra
449 1679 562 1711 versari,
574 1683 603 1705 ut
612 1683 640 1705 et
656 1679 787 1712 temporis
795 1678 985 1711 diuturnitate,

199 1729 227 1752 et
240 1725 300 1751 aliis
310 1724 449 1755 ominibus,
462 1724 513 1750 hoc
525 1723 613 1759 ipsum
625 1723 984 1759 conﬁrtnarct.—Ejusdem,

198 1771 321 1798 adversus
340 1779 381 1796 eos
412 1770 456 1804 qui
473 1770 562 1796 dicunt
585 1770 716 1798 immanes
737 1779 776 1797 res
792 1772 923 1798 humanas
936 1780 986 1807 gu-

197 1816 316 1843 bernare.
330 1816 402 1843 Nihil
414 1820 473 1843 erat
486 1816 597 1842 homine
608 1816 698 1847 vilius,
711 1822 740 1843 et
754 1817 822 1843 nihil
839 1817 986 1852 gloriosius

198 1862 309 1890 homine
324 1862 426 1890 factum
441 1867 491 1890 est.
506 1863 531 1888 ls
548 1867 608 1889 erat
619 1866 758 1896 postrema
773 1870 836 1896 pars
851 1869 986 1892 creatura}

197 1908 338 1935 rationalis
350 1917 356 1934 2
375 1907 421 1934 sed
439 1907 522 1942 pedes
533 1907 687 1941 caputl’acti
701 1911 775 1939 sunt,
789 1912 817 1935 et
827 1909 854 1934 in
867 1910 984 1944 regalem

197 1955 289 1982 sedem
315 1955 403 1981 evecti
431 1957 495 1980 sunt
507 1961 557 1988 per
578 1953 722 1987 primitias.
749 1954 983 1987 Quemadmodum

197 2001 270 2028 enim
282 2001 363 2028 homo
378 2001 514 2035 quispiam
534 2000 656 2027 liberalis
670 2006 697 2028 et
717 2001 888 2036 magniﬁcus,
914 2011 984 2030 nau-

196 2046 302 2082 fragum
318 2046 435 2081 aliquem
450 2053 574 2077 cernens,
589 2047 636 2080 qui
649 2046 695 2073 vix
717 2047 821 2074 nudum
846 2055 946 2083 corpus
968 2057 983 2076 e

196 2091 327 2119 ﬂuctibus
339 2092 463 2124 servarit,
483 2091 589 2126 supinis
607 2099 669 2118 eum
688 2093 815 2120 manibus
831 2094 944 2129 exeipit,
956 2099 984 2121 et

197 2139 339 2174 splendida
353 2142 428 2165 veste
443 2143 532 2170 ornat,
549 2143 577 2165 et
595 2138 622 2165 in
644 2147 751 2166 summo
765 2140 853 2174 gradu
868 2141 983 2169 honoris

1003 838 1024 865 Β

1035 214 1176 250 ἄνθρωπον
1193 236 1201 248 ,
1240 217 1272 242 σὺ
1299 216 1327 242 δὲ
1369 215 1430 242 οὕτε
1461 216 1562 250 ἀγορᾶς
1596 216 1671 252 αὐτῷ
1714 218 1826 253 μεταδί-

1034 260 1098 292 δως.
1138 261 1193 287 Καὶ.
1236 261 1262 287 τί
1296 261 1369 295 λέγω
1404 261 1444 292 εἰς
1478 260 1620 296 οὐρανόν;
1651 263 1690 293 είς
1730 261 1827 298 θρόνον

1035 305 1145 332 ἐκάθισε
1179 306 1318 341 βασιλικὸν
1335 327 1342 339 ,
1388 307 1420 333 σὺ
1465 307 1492 333 δὲ
1539 307 1587 333 καὶ
1630 307 1680 341 τῆς
1720 308 1826 340 πόλεως

1035 351 1196 383 ἐξελαύνεις.
1209 367 1243 371 -
1265 351 1323 378 Τοῦ
1340 351 1443 382 αὐτοῦ,
1459 352 1502 384 εις
1520 351 1577 386 τὴν
1595 351 1694 386 ἀρχὴν
1709 352 1763 379 τοῦ
1774 346 1825 386 μα’

1035 396 1168 430 ψαλμοῦ.
1204 397 1241 423 Οὐ
1277 397 1393 423 παύεται
1427 397 1533 428 Παῦλος
1569 397 1649 432 μέχρι
1688 399 1737 430 τῆς
1777 398 1827 432 σή-

1038 433 1232 476 μερονθέγων,
1250 451 1259 468 ι
1284 442 1369 477 ’Υπὲρ
1385 442 1502 477 Χριστοῦ
1512 443 1709 478 πρεσϐεύομεν,
1725 443 1762 475 ὼς
1777 443 1825 469 τοῦ

1036 487 1102 514 Θεοῦ
1116 487 1338 523 παρακαλοῦντος
1348 488 1381 515 δι’
1390 489 1542 523 ήμῶν(55),
1554 489 1669 524 δεόμεθα
1684 490 1754 524 ὑπὲρ
1762 490 1828 524 Χρι-

1037 534 1111 565 στοῦ,
1129 534 1317 569 καταλλάγητε
1324 534 1362 569 τῷ
1373 534 1442 570 Θεῷ.
1455 543 1463 560 ι
1477 535 1530 561 Καὶ
1545 535 1605 561 οὐδὲ
1616 534 1732 561 ἐνταῦθα
1748 535 1825 569 ἔστη,

1037 579 1105 606 ἀλλὰ
1119 580 1165 606 καὶ
1179 580 1233 617 ᾁπδ
1248 581 1298 614 τῆς
1319 581 1426 615 φύσεως
1445 580 1494 614 τῆς
1512 582 1562 615 σῆς
1583 581 1673 607 λαϐὼν
1687 581 1825 616 ἀπαρχὴν,

1038 625 1164 652 ἐκάθισεν
1178 626 1235 653 ἄνω
1250 626 1340 661 πάσης
1363 626 1461 661 ἀρχῆς,
1480 627 1526 653 καὶ
1556 626 1691 659 ἐξουσίας,
1709 628 1756 654 καὶ
1779 627 1827 653 δυ-

1037 671 1156 707 νάμεως,
1172 672 1218 698 καὶ
1232 672 1333 704 παντὸς
1349 671 1480 707 ὀνόματος
1495 672 1695 707 ὀνομαζομένου
1706 692 1712 703 ,
1729 674 1759 699 οὺ
1777 673 1826 708 μό-

1038 725 1082 744 νον
1096 718 1125 743 ὲν
1138 718 1176 753 τῷ
1192 718 1268 744 αἰῶνι
1296 719 1393 753 τούτῳ,
1419 718 1486 744 ἀλλὰ
1508 718 1555 744 καὶ
1578 719 1607 745 ὲν
1689 718 1824 753 μέλλοντι.

1039 764 1072 790 Τί
1093 763 1148 798 (56)
1163 765 1265 799 ταύτης
1285 765 1342 791 ἴσον
1356 765 1454 798 γένοιτ’
1479 765 1511 791 ἂν
1529 765 1579 799 τῆς
1599 765 1680 800 τιμῆς
1698 765 1773 799 (57);
1792 765 1826 791 Ἡ

1039 810 1151 845 ἀπαρχὴ
1167 810 1212 836 τοῦ
1227 811 1321 844 γένους
1335 811 1423 846 ἡμῶν,
1439 810 1486 836 τοῦ
1506 811 1622 840 τοσαῦτα
1638 819 1825 845 προσκεκρου-

1039 849 1126 887 nam,
1136 856 1182 882 τοῦ
1191 857 1375 891 ἠτιμωμένον,
1387 857 1415 882 ἐν
1424 855 1486 890 ὕφει
1496 856 1614 890 τοσούτῳ
1629 856 1745 890 κάθηται
1757 855 1825 889 (58),

1038 901 1085 927 καὶ
1101 902 1234 937 τοσαύτης
1262 902 1392 928 ἀπολαύει
1410 903 1465 936 (59)
1486 903 1578 936 τιμῆς.
1591 916 1626 922 -
1644 901 1698 928 Τοῦ
1720 901 1824 932 αὑτοῦ,

1037 947 1102 982 περὶ
1115 948 1168 981 τῆς
1179 948 1327 982 γλωσσῶν
1342 948 1522 982 διαιρέσεως.
1542 948 1682 982 Ἐννόησον
1697 948 1760 982 γὰρ,
1770 944 1826 974 οἷον

1037 993 1110 1020 ἐστιν
1130 994 1192 1020 ἰδεῖν
1206 995 1255 1030 τὴν
1279 994 1415 1029 ἡμετέραν
1438 993 1518 1028 φύσιν
1540 993 1586 1019 ὲπὶ
1615 993 1661 1019 τοῦ
1686 992 1827 1028 Χεροοσὶμ

1036 1040 1196 1075 ὀχουμένην,
1213 1040 1261 1066 καὶ
1281 1041 1370 1066 πᾶσαν
1386 1040 1454 1074 αὐτῇ
1479 1039 1529 1074 τὴν
1548 1038 1698 1073 ἀγγελικὴν
1713 1046 1826 1072 περικε-

1037 1086 1157 1120 χυμένην
1184 1085 1307 1120 δύναμιν.
1335 1086 1435 1111 Σκόπει
1457 1085 1485 1111 δὲ
1512 1085 1558 1111 καὶ
1582 1084 1688 1111 Παύλου
1709 1084 1824 1118 σοφίαν,

1037 1132 1107 1159 πόσα
1121 1131 1241 1166 ὀνόματα
1264 1132 1397 1166 ἐπιζητεῖ,
1414 1131 1486 1157 ὥστε
1500 1131 1674 1165 παραστῆσαι
1693 1130 1738 1156 τοῦ
1757 1130 1826 1164 Χρι-

1038 1178 1099 1205 στοῦ
1117 1178 1165 1213 τὴν
1186 1178 1402 1213 φιλανθρωπίαν.
1423 1177 1460 1203 Οὑ
1490 1176 1544 1212 γὰρ
1563 1175 1638 1202 εἶπεν
1655 1175 1748 1206 ἁπλῶς
1769 1174 1828 1208 τὴν

1037 1224 1135 1258 χάριν,
1151 1224 1211 1250 οὐδὲ
1229 1224 1281 1250 τὸν
1303 1223 1435 1250 πλοῦτον
1457 1222 1559 1253 ἁπλῶς,
1577 1221 1644 1247 ἀλλὰ
1667 1221 1720 1247 τὸν
1732 1213 1825 1253 ὕπερ-

1037 1270 1188 1297 ΰὰλλοντα
1212 1269 1346 1296 πλοῦτον
1365 1269 1419 1302 τῆς
1440 1269 1560 1302 χάριτος
1579 1267 1613 1293 ἐν
1633 1267 1824 1301 χρηστότητι.

1035 1331 1071 1336 ——
1084 1316 1138 1342 Τοῦ
1153 1316 1258 1347 αὑτοῦ,
1274 1315 1333 1342 ἀπὸ
1347 1315 1402 1350 (40)
1412 1314 1590 1349 δογματικοῦ
1613 1314 1716 1348 λόγου,
1732 1312 1775 1338 ὅτι
1789 1311 1827 1338 τὰ

1036 1361 1182 1393 ταπεινῶς
1207 1361 1347 1395 εἰρημένα
1377 1361 1426 1387 κιι).
1453 1358 1736 1394 γεγενημένα-παρὰ
1758 1359 1826 1391 Χρι-

1036 1407 1129 1438 στοῦ.
1153 1408 1189 1434 οὺ
1206 1407 1242 1434 δι’
1269 1407 1429 1434 ἀσθένειαν
1459 1405 1612 1440 δυνάμεως
1628 1405 1742 1439 ἐγίνετο
1769 1404 1826 1439 (bl)

1035 1454 1084 1480 καὶ
1100 1453 1229 1487 ἐλέγετο,
1244 1452 1323 1480 ἀλλὰ
1337 1453 1374 1478 δι’
1390 1452 1560 1486 οἰκονομίας
1577 1451 1757 1487 διαφόρους-,η
1770 1450 1826 1476 Καὶ

1000 1511 1022 1541 C
1040 1498 1111 1534 μετὰ
1125 1499 1172 1534 τὴν
1188 1498 1345 1530 ἀνάστασιν,
1363 1498 1409 1524 τὸν
1430 1497 1554 1532 μαθητὴν
1570 1496 1631 1523 ἰδὼν
1646 1496 1824 1527 ἀπιστοῦντα,

1038 1546 1069 1572 οὐ
1087 1544 1265 1581 παρῃτήσατο
1280 1545 1356 1580 αὐτῷ
1372 1545 1420 1571 καὶ
1435 1543 1579 1579 τραύματα
1596 1543 1643 1569 καὶ
1656 1542 1739 1568 τύπον
1752 1542 1825 1576 ἥλων

1038 1590 1186 1624 ἐπιδεῖξαι,
1204 1591 1251 1617 καὶ
1281 1590 1370 1626 χειρὸς
1390 1591 1445 1625 ἀφῇ
1465 1590 1515 1620 τὰς
1539 1588 1652 1619 ὠτειλὰς
1670 1587 1824 1618 ὑποϐαλεῖν,

1037 1637 1085 1664 καὶ
1102 1635 1179 1663 εἶπεν
1204 1637 1271 1671 (42),
1291 1646 1301 1662 ι
1327 1636 1499 1672 Ἐρεύνησον,
1519 1636 1566 1662 καὶ
1583 1636 1637 1668 ἴδε,
1653 1635 1693 1660 ὅτι
1716 1633 1825 1667 πνεῦμα

1039 1683 1127 1719 σάρκα
1144 1684 1190 1710 καὶ
1205 1682 1286 1709 ὀστέα
1303 1683 1354 1709 οὐκ
1378 1682 1445 1717 ἔχει.
1461 1691 1470 1707 ι
1487 1682 1536 1708 Διὰ
1552 1680 1631 1707 τοῦτο
1653 1679 1716 1706 οὒτε
1729 1678 1758 1711 ἐξ
1774 1679 1824 1713 ἀρ-

1037 1729 1086 1764 χῆς
1114 1728 1220 1759 τελείας
1243 1727 1351 1763 ἡλικίας
1377 1727 1422 1753 τὸν
1448 1725 1589 1761 ἄνθρωπον
1611 1723 1751 1755 ἀνέλαῦεν,
1767 1723 1825 1749 ἀλλ’

1037 1774 1167 1809 ἠνέσχετο
1190 1773 1236 1799 καὶ
1255 1772 1449 1807 συλληφθῆναι,
1478 1772 1525 1798 καὶ
1544 1771 1684 1806 τεχθῆναι,
1708 1772 1755 1798 καὶ
1775 1780 1825 1805 γα-

1038 1819 1300 1855 λακτοτροφηθῆναι,
1314 1818 1369 1846 ξκαὶ
1391 1817 1516 1845 τοσοῦτον
1540 1817 1635 1853 χρόνον
1651 1817 1696 1844 ἐπὶ
1709 1817 1757 1852 τῆς
1774 1817 1826 1852 γῆς

1036 1865 1185 1900 διατρίψαι,
1214 1866 1259 1892 ἴνα
1280 1866 1326 1892 καὶ
1341 1865 1380 1900 τῷ
1409 1865 1491 1899 μήκει
1509 1864 1556 1890 τοῦ
1580 1864 1686 1898 χρόνου,
1706 1864 1825 1894 καὶτοῖς

1036 1911 1124 1943 ἄλλοις
1133 1911 1218 1938 ἆπασι
1235 1910 1290 1945 (45)
1306 1910 1384 1936 τοῦτο
1399 1909 1464 1936 αὐτὸ
1482 1908 1698 1944 πιστώσηται.--
1707 1907 1760 1934 T013
1772 1909 1825 1934 ιιὺ-

1035 1958 1099 1988 τοῦ.
1111 1957 1185 1990 πρὸς
1200 1956 1432 1990 τοὺςλέγονρας,
1445 1955 1488 1982 ὅτι
1498 1955 1638 1989 δαίμονες
1647 1954 1683 1980 τὰ
1693 1953 1752 1980 τῶν
1767 1953 1824 1988 (Η)

1034 2004 1197 2036 ἀνθρώπων
1217 2002 1396 2029 διοικοῦσιν.
1416 2002 1500 2028 Οὐδὲν
1522 1999 1556 2037 ἦν
1566 2001 1755 2035 εὐτελέστερον
1777 2000 1824 2026 ἁν-

1035 2049 1158 2085 θρώπου,
1171 2049 1218 2075 καὶ
1235 2048 1311 2074 οὐδὲν
1332 2048 1427 2081 γέγονε
1440 2047 1602 2083 τιμιώτερον
1612 2044 1768 2081 ἀνθρώπου.
1787 2044 1825 2071 Τὸ

1034 2095 1148 2130 ἔσχατον
1165 2095 1245 2129 μέρος
1259 2093 1309 2128 τῆς
1323 2093 1436 2127 λογικῆς
1452 2092 1566 2122 κτίσεως
1581 2089 1658 2121 οὗτος
1680 2088 1724 2124 ἦν.
1755 2088 1822 2116 Ἀλλ’

1034 2142 1059 2168 οἰ
1076 2141 1154 2172 πόδες
1170 2140 1293 2173 ἐγένοντο
1307 2138 1422 2173 κεφαλὴ,
1437 2138 1483 2164 καὶ
1500 2138 1539 2169 εἰς
1554 2137 1598 2163 τὸν
1615 2136 1708 2170 θρόνον
1728 2134 1823 2168 ἀνηνέ-

197 2185 329 2213 collocat:
347 2185 383 2212 ita
399 2185 470 2211 Deus
485 2192 547 2220 erga
566 2189 690 2212 naturam
711 2190 831 2214 nostram
846 2195 875 2214 se
888 2189 981 2222 gessit.

1036 2187 1141 2223 χθησαν
1166 2187 1212 2212 τὸν
1239 2185 1377 2220 βασιλικὸν
1398 2184 1442 2211 διὰ
1463 2184 1512 2219 τῆς
1534 2183 1672 2218 ἁπαρχῆς.
1690 2182 1823 2216 Καθάπερ

197 2235 284 2262 Homo
309 2242 369 2270 qua:
390 2235 508 2262 habebat
521 2235 611 2262 omnia
631 2234 796 2269 perdiderat,
814 2234 981 2266 libertatem,

196 2281 424 2309 consuetudinem
441 2289 503 2308 cum
513 2281 579 2312 Deo,
593 2280 836 2308 commorationem
860 2280 887 2306 in
902 2287 982 2314 para-

196 2327 266 2358 disoI
278 2327 362 2354 vitam
376 2326 539 2354 calamitatis
549 2330 700 2360 expertem,
715 2326 722 2334 ⁶
734 2324 848 2359 etquasi
866 2332 899 2351 ex
916 2331 984 2351 nau-

196 2373 283 2408 fragio
293 2373 395 2404 nudus,
409 2373 449 2399 sic
464 2372 541 2399 illine
552 2376 718 2398 excesserat.
738 2371 791 2398 Sed
808 2371 881 2397 Deus
907 2370 984 2396 illum

196 2420 336 2455 excipiens
349 2420 443 2447 statim
460 2419 580 2450 vestivit,
592 2422 621 2445 et
641 2418 772 2453 paulatim
793 2425 875 2444 manu
893 2417 982 2444 dedu-

1035 2234 1090 2270 γὰρ
1105 2233 1247 2269 ἄνθρωπος
1261 2231 1401 2266 φιλότιμός
1425 2238 1465 2261 τις
1479 2229 1526 2256 καὶ
1543 2227 1739 2264 μεγαλόδωρος,
1763 2226 1824 2252 ἰδών

1033 2288 1094 2306 τινα
1106 2280 1138 2306 ὲκ
1148 2278 1277 2312 ναυαγίου
1293 2276 1468 2312 διαφυγόντα,
1485 2275 1532 2302 καὶ
1557 2274 1587 2300 τὸ
1616 2273 1696 2308 σῶμα.
1720 2272 1822 2306 γυμνὸν

1034 2325 1086 2351 ὑπὸ
1108 2323 1162 2360 (άὸ)
1184 2323 1238 2349 τῶν
1262 2322 1392 2358 κυμάτων
1419 2320 1551 2348 διασῶσαι
1568 2318 1715 2353 δυνηθέντα
1730 2319 1821 2353 μόνον,

1033 2370 1179 2404 δεξάμενος
1206 2369 1315 2400 ὑπτίαις
1338 2369 1396 2399 ταῖς
1420 2366 1508 2402 χερσὶ,
1531 2364 1648 2400 λαμπρᾷ
1662 2363 1728 2397 ((46)
1745 2371 1822 2397 περι-

1035 2415 1127 2442 δάλλει
1141 2416 1174 2450 τῇ
1192 2415 1284 2450 στολῇ,
1299 2413 1425 2448 καὶπρὸς
1435 2412 1517 2447 τιμὴν
1532 2411 1593 2444 ἄγει
1608 2410 1664 2444 (Η)
1679 2410 1749 2435 ἀνωτ
1756 2409 1820 2434 itur

233 2508 254 2524 “
265 2508 288 2535 II
300 2508 398 2535 Conv.
414 2500 459 2534 ‘20.
497 2507 520 2523 "
537 2506 654 2542 Philipp.
669 2514 698 2537 ιι,
714 2506 741 2533 9.
779 2506 801 2521 ³⁸
814 2505 916 2540 Ephes.
931 2513 950 2538 ι,
964 2504 981 2530 2

1047 2504 1069 2520 ³⁸
1082 2504 1161 2532 Joan.
1174 2512 1218 2535 xx,
1235 2503 1279 2530 27.

231 2587 289 2623 (55)
305 2588 381 2624 δεόμ.
413 2588 460 2614 ὑπ.
484 2587 535 2622 Χρ.
567 2587 629 2614 Des.
661 2586 688 2612 in
705 2585 750 2613 ed.
783 2585 888 2618 Savilii,
909 2588 930 2612 t.
957 2584 980 2617 l,

196 2624 331 2693 “(tibist
349 2657 451 2691 ταύτης
476 2665 502 2683 κ.
522 2665 548 2682 τ.
570 2656 594 2682 λ.
619 2656 691 2684 Loco
713 2656 759 2683 cit.
779 2655 982 2690 praemittuntur

196 2693 336 2721 nonnulla.

230 2728 288 2789 (57x
301 2737 359 2762 τιμ.
376 2725 445 2754 Ibid.
463 2726 586 2760 sequitur
602 2727 675 2757 ὅταν,
694 2726 771 2761 signo
789 2725 980 2760 interrogatio-

230 2771 237 2789 ι
252 2772 266 2789 a
303 2762 386 2789 τιιιῆς
402 2764 463 2789 post
481 2761 622 2789 ἀπολαύει.
639 2760 736 2789 Dosito.

195 2760 239 2792 nis
252 2760 285 2790 ad
303 2760 386 2796 τιμῆς
402 2764 463 2796 post
481 2761 622 2793 ἀπολαύει,
639 2760 736 2795 posito.

231 2797 286 2864 (58)
307 2797 349 2837 «Ib.
367 2796 524 2835 καθέζηται.

231 2833 274 2864 (59
301 2832 369 2859 Ibtd.
386 2831 521 2864 ἀπολαύῃ.

229 2831 284 2864 (59)
301 2832 369 2859 Ibid.
386 2831 521 2864 ἀπολαύῃ.

1082 2583 1126 2618 40)
1145 2584 1223 2618 δογμ.
1244 2583 1303 2610 Vid.
1323 2590 1405 2618 supra
1421 2590 1450 2618 p.
1464 2581 1511 2618 63,
1525 2579 1612 2618 solio].
1626 2579 1670 2606 88.

1083 2614 1225 2651 Μ)ὲγ.’
1240 2619 1277 2644 ὲλ.
1300 2614 1365 2644 νίᾱί
1374 2614 1439 2644 ibid.
1460 2615 1546 2643 schol.
1566 2614 1610 2641 90.

1071 2653 1126 2687 (4⁸2)
1145 2652 1200 2680 εἴπ.
1216 2653 1266 2680 Ed.
1283 2653 1385 2683 Savilii,
1405 2653 1501 2687 εἰπεῖν.

1082 2689 1126 2716 45)
1139 2689 1178 2716 Ib.
1200 2688 1301 2715 ἅπασιν
1319 2688 1385 2716 αὐτὸ
1403 2686 1492 2713 τοῦτο.

1082 2722 1126 2756 44)
1143 2732 1167 2750 τ.
1187 2723 1265 2758 ἀνορ.
1286 2723 1326 2750 lb.
1347 2722 1516 2758 ἀνθρώπινα.

1072 2759 1127 2791 (45)
1146 2758 1215 2785 Ibid.
1232 2757 1286 2784 ἀπὸ
1302 2758 1356 2784 τῶν
1375 2757 1515 2791 κυμριτων.

1083 2791 1127 2827 46)
1146 2793 1185 2820 Ib.
1203 2793 1331 2828 λαμπρὰν
1351 2791 1486 2828 περιὸάλῃ
1502 2791 1609 2827 στολήν.

1083 2829 1128 2864 Π)
1145 2828 1215 2855 Ibid.
1230 2829 1332 2865 ἀγάγῃ.
