1959 3052
146 196 197 230 211

641 199 885 230 THEODORETI
904 200 1074 232 EPISCOPI
1093 201 1276 232 CYRENSIS

1730 199 1784 232 ξιξ

145 260 205 280 ram
219 251 414 284 humanitatis.
439 252 606 280 cernebatur
631 253 784 281 secundum
812 263 936 288 carnem,

994 255 1039 290 τὴν
1056 255 1157 291 σάρκα,
1173 255 1291 292 ἀόρατος
1308 255 1379 283 κατά
1404 256 1435 288 τὺ
1453 256 1578 291 πνεῦμα·
1596 258 1780 294 κρατοῦμενος

146 307 201 326 non
213 298 379 326 cernebatur
391 298 543 326 secundum
559 299 689 333 spiritum
706 309 714 333 ;
741 301 937 329 continebatur

147 344 300 372 secundum
320 350 432 378 corpus,
444 343 581 371 contineri
593 352 647 371 non
663 349 771 380 poterat
783 346 936 374 secundum

145 389 266 416 Verbum
271 409 278 416 .
512 395 517 400 ‘
871 387 875 390 ”

145 446 226 473 Attici
248 445 361 474 eviscooi
388 444 690 482 Congontiuopolituni,
711 454 742 473 ea:
764 446 876 482 epistola
902 446 939 473 ad

447 480 634 516 Eupsycliium.

183 537 254 571 Quid
268 546 332 573 ergo
346 537 437 565 facere
447 536 590 573 ‘oportuit
611 538 869 573 sapientissimum?
882 538 936 566 As-

145 589 262 619 sumptaa
285 584 378 612 carnis
406 585 577 616 interventu,
602 588 631 611 et
658 584 707 611 Dei
723 584 806 612 Verbi
834 584 937 611 unione

145 638 208 657 cum
224 630 336 657 homine
352 638 386 657 ex
403 630 488 657 Maria
512 633 588 662 nato,
604 629 635 657 ﬁt
663 634 824 664 utrumque,
842 634 872 657 ut
889 629 937 665 qui

145 683 181 705 ex
198 682 316 711 utroque
333 676 428 704 unitus
443 680 502 704 erat
518 676 655 708 Christus,
670 675 816 703 divinitate
841 675 936 710 dispo-

145 731 226 754 nens,
245 722 273 749 in
284 730 333 749 sua
344 722 521 757 impassibilis
532 726 638 749 naturae
653 725 777 749 maneret
790 721 937 757 dignitate,

145 773 174 796 et
190 776 272 796 carne
290 769 473 804 congrediens
485 776 547 796 cum
564 773 665 800 morte,
685 768 768 795 simul
793 772 938 804 cognatam

145 814 238 842 carnis
253 819 378 841 naturam
391 814 504 842 doceret
516 820 634 842 mortem
653 823 702 850 per
733 818 851 842 morlem
869 822 937 842 con-

148 866 281 893 temnere,
300 861 382 889 simul
399 863 484 890 etiam
496 863 559 890 novi
578 863 820 898 Testamentijura
849 867 938 890 morte

146 913 197 934 sua
208 906 395 934 conﬁrmaret.

145 1006 240 1042 Cyrilli
249 1008 361 1043 episcopi
379 1007 571 1049 Alexandrini,
590 1016 622 1035 ex
642 1008 754 1044 epistola
786 1008 822 1035 ad
843 1007 939 1036 Nesto—

500 1052 539 1070 rm
544 1053 568 1070 ll!
573 1065 578 1071 .

181 1100 215 1127 Et
236 1099 310 1135 quod
333 1099 449 1127 diversa:
471 1100 584 1135 quidem
610 1101 665 1127 sint
689 1105 805 1132 naturae,
822 1109 883 1136 quae
909 1101 935 1128 in

145 1153 240 1173 veram
254 1146 387 1173 unitatem
399 1146 573 1178 coaluerunt,
587 1155 658 1174 unus
670 1151 761 1174 tamen
774 1155 809 1174 ex
821 1151 937 1181 utraque

146 1191 219 1218 Deus
238 1199 270 1219 ac
285 1191 383 1225 Filius,
401 1199 456 1218 non
473 1192 582 1219 sublata
602 1197 761 1219 naturarum
781 1192 937 1220 diﬁerentia

146 1241 259 1272 propter
271 1238 596 1274 unionem.~—Ejusdem,
616 1248 648 1266 ea:
663 1239 774 1275 epistola
791 1240 872 1275 168
890 1239 938 1267 ad-

147 1292 234 1311 versus
242 1284 400 1312 Orientales.
410 1286 530 1313 Duarum
540 1286 615 1313 enim
624 1290 784 1313 naturarum
795 1286 860 1313 unio
867 1286 938 1313 facta

144 1334 206 1357 est:
237 1330 301 1357 ideo
327 1339 412 1358 unum
439 1331 591 1363 Christum,
614 1339 699 1358 unum
718 1331 829 1364 Filium,
851 1339 936 1358 unum

146 1376 292 1404 Dominum
316 1377 492 1406 conﬁtemur.
517 1377 675 1405 Secundum
694 1377 765 1404 hanc
787 1377 938 1404 inconfusas

146 1421 257 1449 unionis
278 1421 498 1457 intelligentiam,
517 1422 681 1449 conﬁtemur
702 1426 826 1449 sanctam
844 1422 937 1456 Virgi-

145 1475 209 1495 nem
223 1475 284 1495 esse
297 1468 452 1503 Deiparam,
470 1468 543 1503 quod
561 1468 609 1495 Dei
631 1468 750 1495 Verbum
765 1467 937 1495 incarnatum

146 1518 175 1541 et
186 1514 268 1541 homo
286 1512 398 1547 factum,
414 1519 443 1542 et
456 1522 489 1541 ex
508 1514 566 1549 ipsa
590 1514 773 1549 conceptione
793 1514 846 1541 sibi
870 1518 938 1541 tem-

147 1561 222 1595 plum
230 1568 264 1588 ex
273 1569 306 1588 ea
316 1565 455 1596 sumptum
467 1561 579 1589 unierit.
592 1577 623 1581 —
632 1561 770 1596 Ejusdem.
778 1561 855 1588 Unus
863 1561 936 1588 enim

989 302 1060 330 κατά
1071 303 1100 329 τὸ
1116 302 1207 339 σῶμα,
1222 302 1377 339 ἀκράτητος
1389 302 1460 330 κατά
1477 303 1524 331 τὸν
1538 304 1636 338 Λόγον.

994 445 1151 480 Ἄττικοῦη
1186 445 1358 473 ἐπισκόπου
1404 447 1755 480 Κωνσταγτινουπόλεως
1770 466 1780 480 ,

1068 480 1103 507 ἐκ
1120 479 1176 515 τῆς
1192 481 1249 516 (85)
1267 481 1342 515 πρὸς
1355 482 1515 516 Εὐψύχιον
1525 482 1701 517 ἐπιστολῆς.

1024 536 1057 563 Τί
1069 537 1159 564 τοίνυν
1175 538 1258 573 ἐχρῆν
1271 538 1317 565 τὸν
1330 539 1468 573 πάνσοφον
1491 538 1756 574 πραγματεύσασθαι
1771 547 1780 572 ;

988 583 1122 619 Μεσιτείᾳ
1137 584 1187 618 τῆς
1201 584 1422 620 προσληφθείσης
1440 575 1552 621 σαρκός,
1566 585 1613 613 καὶ
1627 585 1723 612 ἑνώσει
1733 586 1781 612 τοῦ

988 628 1057 655 Θεοῦ
1074 628 1160 663 Λόγου
1174 628 1242 664 πρὸς
1256 628 1302 655 τὸν
1319 630 1351 655 ὲκ
1364 629 1474 665 Μαρίας
1487 629 1641 665 ἄνθρωπον,
1661 629 1780 664 ἑκάτερα

988 674 1112 708 γίνεται,
1134 673 1204 700 ὥστε
1232 674 1278 700 τὸν
1307 674 1337 706 ἐξ
1362 674 1463 710 ἀμεροῖν
1488 674 1626 710 ἡνωμένον
1652 674 1779 710 Χριστὸν,

989 720 1097 755 θεότητι
1110 720 1160 756 μὲν
1175 720 1372 755 διατιθέμενον,
1389 721 1436 748 ἐπὶ
1449 721 1496 747 τοῦ
1513 720 1615 747 οἰκείου
1630 721 1718 756 μεῖναι
1729 719 1780 754 τῆς

988 766 1112 798 ἀπαθοῦς
1128 766 1235 800 φύσεως
1253 766 1419 801 ἀξιώματος,
1436 767 1519 802 σαρκὶ
1529 767 1558 793 δὲ
1571 766 1678 800 θανάτῳ
1694 774 1780 801 προσ-

988 809 1168 844 ομιλήσαντα,
1189 809 1258 845 ὁμοῦ
1285 810 1334 845 μὲν
1359 810 1499 843 ἀποδεῖξαι
1526 812 1561 846 τῇ
1585 809 1713 846 ὁμοφύλῳ
1730 810 1781 845 τῆς

990 856 1092 891 σαρκὸς
1104 856 1184 891 φύσει
1197 856 1247 892 τὴν
1259 856 1329 883 κατά
1340 856 1387 883 τοῦ
1404 856 1520 884 Θανάτου
1538 856 1582 883 διὰ
1602 856 1648 883 τοῦ
1662 856 1779 884 θανάτου

989 902 1151 938 ὑπεροψίαν,
1175 902 1243 938 ὁμοῦ
1265 902 1293 929 δὲ
1319 902 1502 939 κρατύνεσθαι
1530 904 1563 939 τῇ
1591 903 1703 938 τελευτῇ
1731 902 1782 937 τῆς

953 935 973 965 Β
990 935 1088 984 καινῆξ
1104 935 1242 985 Διαθήκης
1257 948 1292 975 τὰ
1306 935 1410 976 δίκαια.

990 1006 1153 1041 Κυρίλλου,
1167 1005 1338 1041 ἐπισκᾉρπου
1355 1004 1592 1041 ἈλεξανδρεΙας.
1608 1005 1642 1031 ἐκ
1655 1004 1713 1040 (86)
1726 1003 1781 1039 τῆς

1158 1041 1233 1074 πρὸς
1251 1039 1417 1074 Νεστόριυν·
1432 1039 1608 1075 ἐπιστολῆς.

1025 1098 1081 1126 Καὶ
1093 1098 1134 1124 ὅτι
1148 1097 1273 1132 διάφοροι
1287 1097 1337 1133 μὲν
1359 1097 1388 1123 αί
1402 1096 1470 1131 πρὸς
1497 1096 1612 1131 ἑνότητα
1639 1096 1689 1130 τὴν
1714 1095 1781 1129 ἀλη-

972 1145 1066 1180 ιθινὴν
1090 1144 1292 1179 συνενεχθεῖσαι
1309 1143 1365 1180 (87)
1384 1144 1491 1179 φύσεις,
1515 1140 1555 1174 εἷς
1577 1143 1598 1169 δ’
1623 1142 1653 1176 ἐξ
1680 1142 1797 1177 ἀμφοῖν,

988 1192 1055 1224 Θεὸς
1076 1192 1123 1219 καὶ
1138 1191 1203 1223 Υἱὸς
1220 1191 1287 1224 (88).
1303 1191 1352 1225 οὐχ
1368 1190 1406 1222 ὡς
1421 1190 1470 1224 τῆς
1486 1189 1539 1216 τῶν
1557 1189 1665 1223 φύσεων
1687 1188 1781 1222 διαιροο

990 1239 1039 1275 ρᾶς
1053 1238 1231 1274 ἀνῃρημένης
1243 1237 1286 1263 διὰ
1293 1236 1342 1272 τὴν
1352 1236 1459 1263 ἕνωσιν,
1467 1251 1502 1255 —
1512 1234 1567 1263 Τοῦ
1573 1234 1717 1266 αὑτοῦ,ὲκ
1725 1233 1780 1268 (89)

988 1284 1045 1319 τῆς
1064 1285 1139 1319 πρὸς
1156 1283 1227 1316 τοὺς
1243 1283 1442 1316 ἀνατολικοὺς
1457 1281 1635 1315 ἐπιστολῆς.
1658 1281 1710 1307 Δύο
1725 1280 1781 1315 γὰρ

988 1331 1097 1366 φύσεων
1111 1330 1208 1361 ἓνωσις
1222 1329 1328 1363 γέγονε·
1342 1329 1382 1355 διὸ
1405 1328 1453 1355 ἕνα
1478 1327 1606 1364 Χριστὺν,
1630 1327 1679 1353 ἕνα
1703 1326 1780 1358 Υἱὸν,

988 1376 1036 1404 ἕνα
1065 1375 1167 1411 Κύριον
1195 1373 1391 1409 ὁμολογοῦμεν.
1412 1372 1491 1400 Κατὰ
1519 1372 1621 1407 ταύτην
1650 1371 1700 1407 τὴν
1731 1370 1780 1406 τῆς

988 1421 1143 1456 ἀσυγχύτου
1161 1420 1285 1452 ἐνώσεως
1300 1419 1415 1450 ἔννοιαν,
1434 1418 1619 1454 ὁμολογοῦμεν
1635 1417 1684 1452 τὴν
1698 1415 1780 1451 ἁγίαν

990 1467 1128 1503 Παρθένον
1145 1466 1287 1498 Θεοτόκον,
1303 1464 1349 1491 διὰ
1364 1464 1410 1491 τὸν
1421 1464 1468 1490 τοῦ
1482 1463 1549 1490 Θεοῦ
1570 1464 1654 1497 Λόγον
1671 1471 1780 1498 σαρκω-

989 1513 1069 1548 θῆναι
1084 1513 1131 1539 καὶ
1143 1511 1363 1547 ὲνανθρωπῆσαι,
1385 1510 1433 1537 καὶ
1457 1510 1486 1542 ἐξ
1509 1510 1595 1544 αὐτῆς
1614 1510 1665 1545 τῆς
1682 1508 1780 1544 συλλή-

989 1559 1061 1594 ψεως
1080 1559 1180 1585 ὲνῶσαι
1198 1557 1287 1592 ἐαυτῷ
1313 1557 1359 1583 τὸν
1377 1556 1406 1590 ἐξ
1432 1556 1518 1590 αὐτῆς
1546 1555 1683 1589 ληφθέντα
1705 1554 1780 1581 ναόν.

148 1606 279 1634 Dominus
295 1606 376 1635 Jesus
387 1607 524 1639 Christus,
534 1606 643 1634 etiamsi
656 1614 711 1633 non
727 1606 864 1641 ignoretur
883 1605 937 1632 dif-

994 1621 1027 1625 —
1043 1605 1097 1632 Τοῦ
1111 1603 1215 1631 αὐτοῦ.
1225 1599 1272 1634 Εἷς
1283 1602 1338 1639 γὰρ
1349 1602 1450 1638 Κύριος
1468 1600 1571 1636 Ἰησοῦς
1583 1601 1710 1649 Χριστος,
1730 1599 1780 1626 κᾶν

148 1652 263 1679 ferentia
276 1657 450 1685 naturarum,
465 1661 499 1680 ex
515 1653 617 1688 quibus
628 1652 727 1680 factam
739 1652 856 1680 dicimus
867 1651 938 1679 incf—

148 1697 258 1725 fabilem
276 1698 601 1734 unionem—Ejusdem.
623 1698 779 1725 Laudantes
795 1698 888 1734 igitur,
909 1702 939 1724 ut

148 1742 217 1775 dixi,
232 1742 345 1770 modum
363 1744 572 1776 incarnationis,
590 1744 715 1772 videmus
735 1743 804 1771 duas
826 1747 940 1770 naturas

149 1787 221 1816 inter
234 1795 264 1815 se
282 1789 445 1817 convenisse
464 1789 566 1817 unione
590 1789 778 1824 inseparabili,
797 1788 857 1816 sine
874 1796 940 1816 con-

148 1833 267 1866 fusione,
287 1838 315 1861 et
334 1835 393 1862 sine
410 1835 557 1862 divisione.
577 1835 648 1863 Caro
663 1835 738 1863 enim
760 1842 824 1862 caro
841 1839 893 1866 est,
912 1839 940 1861 et

151 1888 205 1906 non
224 1880 363 1913 divinitas,
385 1880 493 1908 etiamsi
511 1880 559 1908 Dei
576 1888 640 1908 caro
653 1880 725 1908 facta
744 1881 781 1908 sit
806 1879 940 1908 Similiter

148 1926 231 1953 etiam
248 1925 366 1953 Verbum
384 1930 437 1959 est,
455 1930 484 1954 et
498 1933 553 1953 non
567 1934 643 1958 caro,
664 1925 773 1953 etiamsi
799 1925 939 1961 propriam

148 1971 202 1999 sibi
216 1980 328 2000 carnem
339 1972 436 2000 fecerit
446 1980 495 2008 per
507 1972 750 2007 dispensationem.
760 1971 939 2007 ——-Eju.sdem,

149 2026 176 2045 ιη
195 2019 354 2054 expositione
372 2018 497 2054 Ερίεεοιαε
513 2019 548 2046 ad
558 2019 689 2047 Hebrceos.
716 2019 774 2046 Etsi
795 2019 869 2046 enim
897 2018 941 2045 di-

149 2072 237 2092 versxc
255 2072 289 2092 ac
305 2065 378 2092 inter
395 2073 425 2092 se
442 2065 591 2100 inaequales
614 2065 804 2101 intelligantur
819 2065 854 2092 ad
878 2064 941 2091 uni—

151 2114 234 2137 tatem
248 2115 353 2138 natura:
373 2111 558 2143 concurrisse,
575 2112 678 2144 carnis,
696 2112 818 2147 inquam,
837 2116 865 2139 et
880 2111 940 2144 Dei,

152 2165 222 2183 unus
231 2161 323 2184 tamen
332 2156 423 2184 factus
433 2161 475 2184 est
487 2157 534 2192 qui
546 2165 579 2185 ex
591 2158 716 2192 utrisque
726 2162 836 2185 constat
844 2157 940 2184 Filius.

151 2202 329 2238 ~Ejusdem,
354 2203 383 2230 in
401 2204 562 2239 expositione
591 2204 708 2240 ejusdem
725 2203 863 2239 Epislohe.
884 2204 941 2231 Etsi

151 2249 259 2276 dicatur
276 2249 447 2285 unigenitum
465 2250 512 2278 Dei
534 2251 654 2278 Verbum
670 2251 744 2278 carni
760 2250 943 2286 personaliter

989 1653 1006 1687 ἡ
1028 1651 1082 1678 τῶν
1096 1649 1203 1684 φύσεων
1231 1648 1269 1684 μὴ
1297 1649 1428 1684 ἀγνοῆται
1457 1647 1585 1683 διαςςορὰ,
1615 1647 1645 1679 ἐξ
1668 1643 1707 1673 ὧν
1732 1646 1782 1682 τὴν

990 1697 1149 1733 ἀπόρρητον
1163 1695 1261 1722 ἕνωσιν
1274 1694 1432 1731 πεπρᾶχθαι
1445 1694 1547 1729 φαμέν.
1562 1709 1596 1713 -
1609 1693 1664 1720 Τοῦ
1676 1692 1780 1720 αὐτοῦ.
1807 1691 1809 1693 ’

990 1743 1134 1774 Αἰνοῦντες
1147 1742 1248 1774 τοίνυν,
1269 1742 1307 1773 ὡς
1321 1741 1400 1775 ἔφην,
1416 1742 1465 1776 τῆς
1487 1740 1721 1775 ὲνανθρωπήσεως
1736 1739 1782 1765 τὸν

990 1789 1101 1825 τρόπον,
1113 1787 1220 1823 ὁρῶμεν
1244 1787 1285 1814 ὅτι
1311 1787 1357 1814 δύο
1381 1786 1476 1820 φύσεις
1499 1785 1628 1821 συνῆλθον
1653 1784 1782 1819 ἀλλήλαις

991 1835 1052 1862 καθ’
1064 1835 1162 1861 ἕνωσιν
1177 1834 1362 1861 ἀδιάσπαστον
1376 1832 1537 1868 ἁσυγχύτως
1548 1832 1594 1859 καὶ
1607 1831 1780 1867 ἀδιαιρέτως.

996 1881 1029 1908 'H
1044 1881 1099 1916 γὰρ
1115 1879 1184 1915 σὰρξ
1201 1879 1270 1915 σάρξ
1287 1880 1356 1911 ἐστι,
1380 1877 1428 1905 καὶ
1442 1878 1472 1904 οὺ
1498 1876 1593 1912 θεότης
1616 1885 1669 1908 τις,
1691 1876 1716 1902 εί
1735 1878 1783 1902 καὶ

991 1926 1087 1961 γέγονε
1103 1925 1171 1952 Θεοῦ
1199 1924 1278 1960 σάρξ.
1299 1923 1416 1960 Ὁμοίως
1443 1923 1471 1950 δὲ
1495 1923 1542 1950 καὶ
1566 1923 1580 1950 ό
1605 1923 1692 1956 Λόγος
1717 1922 1783 1953 Θεός

992 1973 1062 2003 ἐστι.
1080 1971 1127 1999 καὶ
1143 1972 1174 1998 οὐ
1190 1971 1270 2007 σὰρξ,
1284 1971 1308 1997 εἰ
1321 1971 1369 1997 καὶ
1382 1970 1450 1996 ἰδίαν
1465 1970 1611 2004 ἐποιήσατο
1627 1969 1677 2004 τὴν
1693 1967 1784 2004 σάρκα

991 2018 1181 2054 οἰκονομικῶς.
1196 2034 1232 2039 ——
1249 2018 1305 2045 Τοῦ
1324 2017 1418 2044 αὐτοῦ
1431 2018 1475 2049 είς
1487 2015 1543 2050 (90)
1554 2015 1716 2050 ἑρμηνείαν
1727 2013 1782 2048 τῆς

992 2065 1067 2100 πρὸς
1093 2065 1247 2099 Ἐϐραίους
1273 2063 1449 2095 ἐπιστολῆς.
1480 2063 1511 2088 Εἰ
1538 2061 1593 2096 γὰρ
1609 2060 1657 2087 καὶ
1683 2061 1784 2086 νοοῖντο

992 2111 1126 2146 διάφοροι.
1144 2111 1190 2136 καὶ
1202 2109 1331 2145 ἀλλήλαις
1342 2108 1439 2139 ἄνισοι,
1460 2108 1514 2134 τῶν
1529 2108 1570 2138 είς
1585 2107 1699 2142 ἑνότητα
1721 2114 1783 2132 συν-

992 2157 1201 2194 δεδραμηκότων
1215 2157 1242 2183 αἱ
1267 2155 1373 2190 φύσεις.
1390 2155 1489 2190 σαρκὸς,
1505 2153 1619 2188 δὲλέγω
1633 2154 1681 2179 καὶ
1704 2151 1783 2184 Θεοῦ,

993 2204 1051 2231 ἀλλ’
1060 2202 1106 2231 οὖν
1115 2200 1155 2235 εἷς
1162 2203 1309 2238 γενόμενος
1317 2203 1330 2228 ὁ
1339 2201 1368 2233 ἐξ
1377 2201 1478 2236 ἀμφοῖν
1487 2201 1560 2232 Υἱός.
1571 2215 1606 2220 -
1614 2199 1669 2227 Τοῦ
1677 2198 1781 2231 αὐτοῦ,

993 2250 1037 2282 εις
1054 2248 1112 2282 τὴν
1127 2248 1288 2282 ἑρμηνείαν
1303 2246 1357 2281 τῆς
1374 2246 1469 2280 αὐτῆς
1485 2244 1662 2278 ἐπιστολῆς.
1686 2244 1745 2271 Κᾶν
1760 2245 1784 2270 εί

152 2296 159 2303 “
177 2294 294 2327 unitum,
315 2302 369 2322 non
392 2295 510 2323 dicimus
536 2300 627 2324 tamen
652 2300 814 2324 naturarum
827 2297 898 2324 inter
911 2304 939 2324 se

994 2295 1097 2330 λέγοιτο
1112 2294 1193 2329 τυχὸν
1208 2293 1329 2329 ἡνῶσθαι
1345 2293 1427 2327 σαρκὶ
1440 2291 1500 2318 καθ’
1513 2291 1660 2318 ὑπόστασιν
1673 2291 1687 2317 ὁ
1706 2298 1782 2325 μονο·

151 2339 249 2367 factam
263 2348 322 2367 esse
331 2341 414 2368 ullam
424 2341 625 2374 confusionem,
634 2342 682 2370 sed
692 2346 838 2377 utramque
848 2341 942 2377 potius

152 2386 178 2413 id
200 2394 261 2413 esse
287 2386 360 2422 quod
384 2387 625 2423 est.—Ejusdem,
656 2396 687 2415 ex
704 2387 826 2416 Scholiis.
854 2388 942 2416 Homo

151 2431 309 2459 nominatus
330 2436 381 2463 est.
402 2440 465 2459 cum
480 2433 517 2460 sit
530 2437 628 2460 natura
642 2433 724 2465 Deus,
743 2434 817 2468 quod
831 2442 864 2461 ex
878 2434 943 2461 Vir—

151 2476 214 2511 gine
237 2481 333 2504 natum
344 2481 387 2505 est
402 2478 449 2506 Dei
466 2478 554 2506 Patris
570 2479 702 2511 Verbum,
718 2480 848 2514 quoniam
864 2480 942 2507 simi-

151 2523 215 2550 liter
225 2531 258 2550 ac
273 2531 323 2550 nos
339 2524 466 2559 sanguini
485 2524 699 2552 communicavit
715 2529 744 2552 et
758 2526 877 2553 carni“.
898 2525 943 2553 Sic

152 2568 225 2595 enim
242 2568 269 2595 in
284 2569 366 2596 terris
377 2570 512 2605 apparuit,
530 2570 610 2605 169
621 2579 676 2598 non
689 2571 818 2599 amittens
829 2571 856 2599 id
870 2571 944 2607 quod

152 2619 222 2644 erat,
239 2613 288 2640 sed
316 2621 460 2643 assumens
480 2616 661 2644 humanitatis
684 2620 811 2645 naturam
840 2617 868 2645 in
886 2611 945 2646 sua

190 2695 211 2710 ἰ
229 2693 311 2722 llebr.
328 2702 345 2721 ιι
375 2695 417 2722 M.

192 2761 247 2796 (85)
268 2762 300 2798 ἐκ
316 2762 364 2798 τῇς
381 2770 408 2788 κ.
422 2770 448 2798 τ.
466 2767 489 2789 Α.
513 2762 628 2790 Unicum
653 2761 834 2797 fragmentum
857 2761 940 2798 hujus

155 2797 297 2832 scriptoris
307 2804 323 2824 a
335 2797 508 2825 Theodoreto
522 2801 669 2824 servatum.

192 2832 246 2868 (86)
264 2832 468 2868 ἐκέ-ἐπιστολ.
482 2832 549 2868 limo
576 2837 619 2859 est
645 2836 742 2866 quarta
768 2832 894 2867 epistola,
913 2832 939 2859 in

154 2868 220 2896 c-lit.
236 2867 278 2896 Io.
296 2867 419 2899 Auhcrti,
434 2871 453 2894 t.
467 2867 500 2899 Υ,
520 2875 546 2902 p.
564 2875 592 2898 u,
609 2875 636 2902 p.
654 2867 699 2894 25.

190 2904 247 2939 (87)
267 2912 354 2939 συνεν.
372 2903 444 2939 Loco
457 2906 503 2939 cit.
518 2907 560 2929 est
574 2902 758 2939 συναχθεῖσαι.

193 2937 248 2975 (88)
265 2939 302 2966 lb.
319 2938 357 2971 ἐξ.
372 2938 533 2974 ἀμφοτέρων
546 2937 663 2973 Χριστὸς
677 2938 723 2964 xz".
740 2939 809 2970 Υἱός.

993 2341 1075 2376 γενὴς
1091 2340 1138 2367 τοῦ
1156 2339 1225 2366 Θεοῦ
1251 2339 1346 2373 Λὸγος,
1369 2339 1419 2364 οὐκ
1441 2337 1574 2373 ἀνάχυσιν
1594 2345 1655 2363 τινα
1672 2336 1722 2371 τὴν
1745 2337 1786 2367 είς

993 2388 1111 2423 ἀλλήλας
1125 2387 1180 2414 τῶν
1204 2386 1313 2421 φύσεων
1340 2384 1498 2420 πεπρᾶχθαι
1525 2383 1625 2418 φαμὲν,
1652 2382 1734 2417 οὔσης
1755 2381 1785 2408 δὲ

996 2435 1096 2470 μᾶλλον
1113 2434 1247 2470 ἑκατέρας
1260 2433 1333 2460 τοῦθ’
1345 2434 1413 2468 ὅπερ
1429 2432 1550 2458 ὲστίν.-
1564 2430 1621 2457 Τοῦ
1633 2429 1738 2461 αὑτοῦ,
1750 2428 1785 2455 ὲκ

994 2481 1047 2508 τοῦ
1063 2480 1122 2508 ἀπὸ
1139 2479 1198 2506 τῶν
1212 2480 1357 2514 Σχολίων.
1374 2477 1534 2512 Ἄνθρωπος
1548 2474 1603 2509 (9i)
1616 2475 1786 2510 ὠνόμασται,

994 2527 1084 2555 καίτοι
1096 2526 1166 2553 κατὰ
1179 2526 1259 2560 φύσιν
1272 2525 1403 2560 ὑπάρχων
1414 2523 1489 2556 Θεὸς,
1503 2524 1518 2549 ὁ
1531 2523 1562 2550 ἐκ
1573 2521 1713 2557 Παρθένου
1729 2520 1784 2556 (92)

995 2573 1102 2609 Πατρδς
1118 2573 1215 2606 Λόγος,
1229 2571 1266 2605 ᾠς
1283 2570 1460 2606 μετεσχηκὼς
1471 2569 1586 2604 αἵματος
1611 2568 1659 2594 καὶ⁴
1684 2567 1786 2602 σαρκὸς

996 2618 1196 2655 παραπλησίως
1211 2618 1287 2653 ἡμῖν.
1306 2615 1396 2652 Ὠφθη
1411 2615 1466 2651 γὰρ
1487 2613 1559 2641 οὕτω
1573 2614 1630 2645 τοῖς
1652 2613 1699 2639 ἐπὶ
1721 2612 1784 2647 γῆς,

1102 2762 1276 2789 ὲκ-ὲπιστ.
1305 2761 1399 2789 Exstat
1415 2760 1442 2788 in
1472 2759 1539 2787 edit.
1557 2759 1682 2791 Auhcrti,
1701 2763 1720 2785 t.
1742 2759 1785 2790 Vl,

994 2805 1021 2832 p.
1040 2797 1091 2824 157
1102 2805 1159 2831 seq.

1032 2831 1086 2866 (90)
1103 2832 1142 2862 si;
1163 2841 1190 2858 κ.
1204 2841 1228 2858 τ.
1245 2831 1270 2858 λ.
1286 2830 1431 2866 lnlercidit
1442 2830 1493 2866 iste
1506 2829 1586 2857 liber.

1032 2864 1087 2900 (91)
1108 2867 1267 2901 Ἀνθρωπος
1280 2875 1306 2893 κ.
1325 2874 1350 2892 τ.
1364 2866 1388 2892 λ.
1411 2865 1461 2892 Hic
1482 2865 1559 2893 locus
1575 2864 1703 2899 cxstatin
1720 2864 1785 2891 edit.

997 2902 1121 2932 Auhcrti,
1137 2906 1155 2928 ι.
1171 2901 1202 2933 ν,
1217 2909 1244 2936 p.
1261 2910 1278 2933 ι,
1295 2910 1321 2936 p.
1339 2901 1399 2928 780.

1035 2937 1090 2972 (9‘2)
1106 2937 1187 2972 mp0.
1206 2935 1279 2965 Loco
1295 2935 1342 2964 cit.
1355 2941 1395 2964 est
1408 2935 1487 2964 Θεοῦ.
