1959 3052
217 145 271 180 219

713 151 956 184 THEODORETI
976 155 1146 189 EPISCOPI
1162 157 1344 189 CYRENSIS
1381 166 1387 171 ”

1800 162 1860 195 2Ξο

219 205 227 213 ·
243 202 271 230 in
291 203 355 231 sede
376 211 390 231 a
405 203 527 233 dexteris
543 205 705 234 collocatum
722 215 794 242 esse,
813 213 841 237 et
855 209 910 237 alia
925 211 998 240 mult;

1063 212 1111 239 καὶ
1124 213 1192 241 ἄλλα.
1206 214 1235 241 δὲ
1249 214 1363 241 πλεῖστα
1378 213 1454 250 παρὰ
1470 215 1520 251 τῆς
1534 215 1615 253 κενῆς
1629 216 1705 253 ὑμῶν
1719 219 1857 255 αἱρέσεως

218 254 279 282 qua:
293 256 308 275 a
320 257 388 276 vana
402 250 498 278 haeresi
510 255 600 278 vestra
614 252 787 287 rejiciuntur.

255 294 357 322 ERAN.
378 295 434 322 Cur
454 296 562 324 tandem
580 297 663 332 igitur
677 299 724 334 qui
740 300 930 329 confusionem
951 302 1009 337 pri-

218 349 280 368 mus
304 341 421 374 induxit,
441 347 545 370 tantam
565 343 592 371 in
611 346 704 375 verbis
726 347 785 375 suis
804 348 1009 378 distinctionem

217 387 383 415 constituit?

251 431 356 459 ORTH.
378 433 456 469 Cogit
478 436 521 463 vis
543 437 669 465 veritatis
690 440 818 467 assentiri
842 442 929 470 etiam
949 452 1008 477 eos,

216 476 264 510 qui
284 477 462 507 vehementer
479 480 518 508 illi
535 488 696 516 repugnant.
710 484 774 517 Sed,
790 486 812 514 si
828 488 877 515 tibi
888 489 1008 524 videtur,

215 522 299 549 etiam
325 523 360 551 de
383 525 588 560 impatibilitate
609 529 717 556 Domini
747 538 904 561 sermonem
929 534 1008 563 insti-

216 569 337 596 tuemus.

252 613 355 640 ERAN.
378 614 437 643 Seis
458 617 539 644 etiam
561 619 680 647 musicos
693 622 783 650 solere
798 623 910 652 chordis
927 626 1008 660 quie-

215 660 271 684 tem
288 660 451 693 concedere,
465 667 493 690 et
515 664 562 690 has
581 666 745 699 paxillorum
764 669 944 699 conversione
961 680 1007 700 re-

215 703 336 731 mittere.
350 705 427 738 Quod
441 706 464 734 si
475 708 557 736 etiam
569 717 601 737 ea
615 718 676 745 quae
691 713 797 742 ratione
813 719 841 742 et
856 717 946 744 anima
959 725 1007 745 ea-

214 752 286 780 rent,
306 750 425 783 quietem
448 752 566 788 aliquam
581 754 750 790 desiderant,
764 759 915 788 absurdum
936 763 1006 790 nihil

213 793 361 823 fecerimus
377 805 436 830 nos,
451 799 497 833 qui
516 800 613 828 anima:
628 807 655 829 et
672 804 787 832 rationis
798 807 947 841 participes
961 816 1006 836 su-

212 846 286 872 mus,
303 841 325 867 si
341 842 462 873 laborem
475 844 580 872 viribus
594 847 750 876 metiamur.
763 850 928 881 Dill‘eramus
940 862 1005 890 ergo

213 884 242 912 in
257 886 417 916 crastinum.

246 929 352 958 ORTIl.
374 933 507 963 Hortatur
528 937 640 972 quidem
663 939 775 968 divinus
799 942 884 971 David
909 944 954 973 die
973 954 1005 974 ac

210 980 292 1004 nocte
318 977 412 1007 divina
435 981 545 1017 eloquia
571 985 698 1013 meditari
719 995 726 1014 :
746 985 792 1014 ﬁat
814 993 906 1018 tamen
929 992 1003 1026 quod

210 1020 321 1055 dixisti,
345 1028 373 1051 et
395 1025 423 1053 in
444 1028 595 1057 crastinum
620 1031 755 1067 reliquam
780 1033 1002 1070 disquisitionem

210 1073 394 1098 reservemus.

1061 257 1173 285 ὲκσαλλό
1177 267 1243 293 μενα
1248 278 1255 286 .

1096 304 1197 331 ΕΡΑΝ.
1219 305 1274 331 Καὶ
1285 304 1312 331 τί
1325 304 1424 340 δήποτε
1438 305 1488 341 τὴν
1504 307 1604 342 κρᾶσιν
1615 298 1723 344 πρῶτίς
1733 310 1855 346 εἰσάγων

1060 349 1196 385 τοσαύτην
1212 350 1348 378 ὲντέϐεικε
1367 352 1423 384 τοῖς
1437 351 1528 387 λόγοις
1541 353 1690 390 διαίρεσινς

1095 447 1171 474 ΟΡΘ.
1192 447 1319 479 Βιᾱζεται
1332 447 1382 482 τῆς
1397 448 1524 483 ἀληθείας
1540 449 1557 484 ἡ
1577 449 1692 485 δύναμις
1715 451 1763 478 καὶ
1785 452 1853 484 τοὺς

1059 493 1129 526 ἄγαν
1143 493 1210 528 αὐτῇ
1227 493 1397 528 μαχομένους
1420 494 1476 525 ⁸τοῖς
1502 496 1568 530 παρ’
1583 496 1670 531 αὐτῆς
1693 496 1853 531 λεγομένοις

1060 538 1216 566 συνθέσθαι.
1237 538 1308 566 Ἀλλ’
1319 539 1346 565 εἴ
1356 548 1397 566 σοι
1409 539 1492 572 δοκεῖ,
1506 540 1554 567 καὶ
1567 541 1613 568 τὸν
1630 542 1696 578 περὶ
1709 543 1758 578 τῆς
1778 543 1853 571 ἁπα-

1059 583 1135 615 Θείας
1146 584 1194 610 τοῦ
1210 585 1312 620 Κυρίου
1323 586 1480 620 κινήσωμεν
1492 587 1580 621 λόγον.

1094 630 1196 657 ΕΡΛΝ.
1216 628 1292 658 Οἶσθ*
1305 631 1345 658 ὅτι
1360 632 1408 659 καὶ
1422 633 1471 664 τὰς
1482 633 1583 668 χορδὰς
1599 634 1623 661 οἱ
1647 634 1772 669 μουσικοὶ
1788 634 1850 661 δια-

1058 676 1156 703 παύειν
1178 676 1300 710 εἰώθασι,
1326 678 1373 704 καὶ
1390 677 1494 713 χαλῶσι
1508 679 1623 712 ταύτας..
1637 680 1700 712 τοὺς
1713 679 1849 713 σκόλοπας

1058 723 1298 759 περιστρέφοντες.
1315 724 1345 750 Εἰ
1370 724 1398 750 δὲ
1431 724 1478 751 καὶ
1504 724 1538 751 τὰ
1568 725 1648 760 λόγου
1680 725 1726 752 καὶ
1756 725 1849 761 ψυχῆς

1057 768 1174 803 πάμπαν
1192 769 1348 804 στερημένα
1372 770 1458 796 δεῖταί
1485 779 1558 803 τινος
1584 771 1754 806 ἀναπαύλης,
1771 772 1849 799 οὐδὲν

1057 815 1111 850 ἄρα
1128 815 1264 851 δράσομεν
1279 816 1394 848 ἀπεικὸς
1410 818 1433 843 οἳ
1447 817 1535 852 ψυχῆς
1556 818 1603 844 καὶ
1627 817 1706 852 λόγου
1723 818 1848 854 μετειλη-

1056 860 1144 895 χότες,
1163 860 1327 895 μετροῦντες
1345 862 1378 896 τῇ
1394 861 1508 897 δυνάμει
1522 862 1568 888 τὸν
1580 862 1671 889 πόνον.
1693 861 1848 888 Ἀναϐαλώ-

1056 905 1127 941 μεθα
1141 906 1231 932 τοίνυν
1246 907 1286 938 εἰς
1298 906 1402 942 αὔριον.

1091 951 1168 977 ΟΡΘ.
1196 951 1225 977 '0
1239 951 1289 986 μὲν
1304 951 1375 983 θεῖος
1390 951 1473 979 Δαόὶδ
1486 951 1594 988 νύκτωρ
1605 951 1651 978 καὶ
1666 951 1726 986 μεθ’
1739 951 1846 986 ἡμέραν

1054 996 1109 1023 τῶν
1130 996 1210 1023 θείων
1224 997 1358 1023 ποιεῖσθαι
1372 997 1470 1032 λογίων
1483 998 1532 1034 τὴν
1551 997 1666 1033 μελέτην
1688 997 1844 1032 παρεγγυᾷ·

1054 1041 1175 1074 γενέσθω
1189 1041 1219 1076 δὲ
1235 1041 1308 1076 ὅμως
1321 1042 1389 1078 ὅπερ
1408 1043 1532 1077 εἴρηκας,
1551 1043 1598 1069 καὶ
1618 1042 1782 1078 φυλάξωμεν
1805 1042 1846 1074 εἰς

1053 1084 1103 1120 τὴν
1118 1084 1263 1120 ὑστεραίαν
1277 1085 1324 1112 τοῦ
1341 1085 1502 1122 λειπομένου
1521 1087 1570 1124 τὴν
1586 1087 1710 1122 ἔρευναν.

791 1267 1256 1346 ΑΠΑΘΗΣ.

865 1387 1139 1435 ΔΙΑΛΟΓΟΣ
1163 1394 1218 1436 Γ.

696 1476 944 1505 ΟΡΘΟΔΟΞΟΣ
973 1481 1046 1508 ΚΑΙ
1077 1483 1350 1514 ΕΡΔΝΙΣΤΗΣ.

715 1646 1321 1721 IMPATIBILIS.

811 1777 1110 1825 DIALOGUS
1149 1783 1220 1828 ill

680 1872 984 1906 ORTHODOXUS
1004 1877 1058 1907 ET
1079 1879 1362 1914 ERANISTES.

475 2025 718 2060 ORTHODOXUS.

240 2076 319 2113 175
343 2079 420 2112 Quod
447 2081 625 2113 immutabilis
646 2088 681 2114 sit
704 2089 777 2117 Deus
807 2091 936 2124 Verbum.
966 2099 994 2122 et

203 2120 287 2149 homo
320 2123 408 2152 factus
440 2127 486 2159 sit,
524 2136 578 2156 non
617 2131 644 2158 in
680 2141 791 2162 carnem
831 2145 992 2172 conversus,

203 2167 252 2194 sed
283 2171 403 2198 humana
426 2174 547 2207 perfecta
567 2184 707 2214 assumpta
728 2186 838 2212 natura.
869 2184 896 2212 in
918 2186 993 2220 prio-

203 2214 281 2242 ribus
300 2215 534 2251 disputationibus
549 2223 809 2256 demonstravimus.
830 2214 994 2262 Quod-vero

202 2261 286 2289 etiam
320 2269 382 2298 post
415 2266 544 2295 unionem
573 2273 704 2300 nanserit
723 2275 813 2309 qualis
840 2283 909 2311 erat,
938 2287 993 2306 non

203 2307 311 2341 mistus,
330 2309 500 2346 impatihilis,
518 2315 707 2352 immutabilis,
727 2320 993 2360 incircumscriptus,

201 2357 230 2380 et
246 2355 319 2389 quod
337 2361 462 2386 naturam
479 2367 646 2397 assmnptam
666 2366 797 2402 integram
811 2373 992 2406 conservarit,

203 2402 348 2436 perspicue
372 2412 422 2432 nos
449 2406 540 2435 divina
569 2409 727 2445 Scriptura,
753 2419 780 2441 et
809 2415 992 2445 Eeelesiarum

203 2446 340 2481 doctores,
374 2455 402 2478 et
428 2453 505 2480 orbis
531 2460 666 2484 terrarum
695 2459 799 2488 lumina
826 2462 991 2492 docuerunt.

203 2491 300 2520 Restat
316 2502 382 2530 ergo
399 2497 479 2524 nobis
503 2503 532 2525 ut
548 2499 582 2527 de
599 2502 726 2535 passione
739 2505 821 2531 verba
841 2506 991 2535 faciamus:

202 2539 277 2572 quod
295 2540 374 2575 longe
392 2542 568 2571 utilissimum
586 2547 650 2579 erit,
663 2547 726 2582 quia
744 2548 807 2577 inde
825 2552 905 2579 nobis
918 2554 992 2580 salu-

204 2584 272 2611 taria
289 2585 390 2614 ﬂuenta
407 2589 528 2617 exhibita
546 2595 620 2620 sunt.

239 2629 439 2661 ERANISTES.
459 2635 514 2671 Ego
531 2645 640 2673 quoque
665 2641 810 2675 perutilem
837 2643 910 2672 hunc
935 2653 991 2672 ser-

202 2683 311 2705 monem
331 2679 389 2707 fore
403 2681 506 2716 judico.
524 2683 658 2713 Creterum
674 2687 800 2715 ordinem
823 2697 878 2725 quo
896 2691 990 2719 hacte-

202 2729 256 2750 nus
277 2723 318 2750 usi
336 2733 431 2754 smnus
447 2736 501 2754 non
519 2737 629 2764 sequar,
647 2731 696 2759 sed
719 2733 777 2768 ipse
802 2734 987 2771 interrogabo.

235 2768 341 2798 ORTll.
359 2772 416 2807 Ego
438 2781 504 2801 vero
526 2777 708 2810 respondebo,
727 2787 778 2806 nec
801 2768 988 2810 ordinis—mu-

203 2816 333 2844 tationem
353 2826 423 2853 aegre
442 2820 536 2848 feram.
557 2823 623 2850 Nam
642 2825 688 2859 qui
706 2826 848 2854 veritatem
871 2830 989 2863 patrm-i-

203 2861 247 2889 uio
259 2870 308 2890 sua
322 2863 453 2895 defendit.
474 2875 526 2894 non
543 2868 711 2904 interrogans
731 2871 829 2903 solum.
843 2874 889 2900 sed
907 2875 988 2902 etiam

1337 2043 1542 2073 ΟΡΘΟΔΟΞΟΣ.

1082 2095 1142 2122 Ὅτι
1163 2095 1213 2131 μὲν
1231 2096 1366 2132 ἄτρεπτος
1383 2099 1398 2125 ὸ
1418 2099 1483 2130 Θεὸς
1499 2101 1584 2135 Λόγος
1597 2122 1603 2134 ,
1625 2103 1672 2129 καὶ
1700 2103 1838 2140 ἑνηνθρώ-

1046 2149 1132 2175 πησεν
1154 2141 1205 2168 οὐκ
1229 2143 1269 2174 είς
1295 2143 1385 2178 σάρκα
1410 2147 1548 2180 τραπεὶς,
1575 2148 1633 2174 ἀλλ’
1662 2149 1836 2185 ἀνθρωπείαν

1046 2186 1126 2221 φύσιν
1144 2187 1248 2215 τελείαν
1270 2188 1370 2222 λαϐὼν,
1391 2191 1419 2216 ὲν
1433 2193 1490 2224 τοῖς
1510 2193 1628 2228 πρόσθεν
1639 2195 1834 2231 ὲξητασμένοις

1045 2233 1226 2269 ἀπεδείξαμεν
1249 2235 1348 2270 λόγοις.
1374 2237 1436 2264 Ὅτι
1461 2238 1489 2266 δὲ
1512 2240 1558 2267 καὶ
1584 2242 1654 2275 μετὰ
1668 2242 1718 2277 τὴν
1739 2243 1834 2270 ἕνωσιν

1047 2280 1202 2315 μεμένηκεν
1216 2278 1271 2313 οἶος
1283 2280 1326 2317 ἦν,
1343 2283 1492 2319 ἀκήρατος.
1509 2285 1630 2322 ἀπαθὴς,
1644 2288 1832 2322 ἀναλλοίωτος,

1044 2325 1251 2362 ἀπερίγραφος,
1274 2328 1320 2355 καὶ
1340 2329 1377 2361 ὡς
1397 2331 1431 2365 ἣν
1454 2331 1569 2359 ἀνέλαὸε
1592 2333 1672 2367 φύσιν
1695 2334 1832 2371 ἀκραιφνῆ

1044 2371 1205 2408 διετήρησε,
1219 2374 1313 2409 σαφῶς
1329 2376 1402 2411 ἡμᾶς
1421 2377 1436 2412 ἡ
1462 2377 1520 2404 θεία
1537 2377 1633 2415 Γραφὴ
1647 2400 1656 2411 ,
1677 2380 1725 2407 καὶ
1742 2381 1833 2416 μέντοι

1045 2418 1091 2445 καὶ
1105 2420 1160 2446 τῶν
1180 2420 1349 2457 Ἐκκλησιῶν
1368 2423 1393 2449 οἱ
1410 2423 1567 2452 διδάσκαλοι
1581 2447 1588 2456 ,
1615 2426 1660 2453 καὶ
1680 2427 1730 2462 τῆς
1745 2429 1834 2455 οἰκου-

1045 2465 1130 2500 μένης
1147 2467 1171 2492 ot
1189 2467 1331 2503 φωστῆρες
1347 2469 1480 2502 ἐδίδαξαν,
1499 2471 1601 2498 Λοιπὸν
1618 2472 1707 2500 τοίνυν
1728 2475 1796 2508 ἡμῖν
1818 2475 1832 2501 ὁ

1045 2512 1108 2547 περὶ
1123 2513 1169 2539 τοῦ
1184 2513 1287 2545 πάθους
1300 2515 1444 2550 πρόκειται
1458 2516 1546 2550 λόγος,
1556 2517 1594 2549 ὡς
1606 2519 1722 2554 μάλιστα
1733 2521 1832 2557 προύρ-

1043 2559 1181 2590 γιαίτατος
1196 2558 1243 2585 ὧν.
1263 2559 1348 2592 Αὐτὸς
1362 2560 1417 2597 γὰρ
1431 2563 1498 2598 ἡμῖν
1517 2562 1551 2589 τὰ
1566 2564 1687 2600 σωτήρια
1700 2567 1831 2601 προσενή-

1043 2610 1104 2636 νοχε
1119 2603 1237 2638 νάματα.

1079 2648 1283 2677 ΕΡΑΝΙΣἸῊΣ.
1314 2651 1489 2688 Ὀνησιφόρον
1521 2653 1570 2688 μὲν
1591 2654 1669 2688 κάγὼ
1689 2654 1762 2682 τόνδε
1787 2656 1831 2682 τὸν

1043 2693 1121 2728 λόγον
1143 2695 1291 2730 ὑπείληφα.
1308 2697 1365 2732 Τῆς
1384 2698 1475 2732 μέντοι
1488 2699 1626 2735 προτέρας
1638 2701 1689 2727 οὐκ
1702 2701 1829 2735 ἀνέξομαι

1043 2739 1156 2772 τάξεως,
1174 2740 1242 2767 ἀλλὰ
1257 2740 1312 2774 ἐγὼ
1328 2742 1377 2774 τὰς
1392 2743 1542 2778 ἐρωτήσεις
1557 2745 1717 2780 ποιήσομαι.

1079 2786 1154 2813 υΡΘ.
1180 2787 1249 2821 Ἐγὼ
1265 2788 1293 2814 δὲ
1314 2789 1534 2825 ἀποκρινοῦμαι,
1554 2791 1600 2817 καὶ
1620 2791 1669 2818 οὐκ
1683 2792 1823 2828 ὁρῤωδήσο

1044 2832 1090 2866 τῆς
1115 2833 1218 2866 τάξεως
1239 2835 1288 2869 τὴν
1309 2836 1471 2870 ἐναλλαγήν.
1497 2837 1526 2863 '0
1546 2836 1601 2872 γὰρ
1624 2838 1672 2871 τῆς
1703 2838 1829 2873 ἀληθείας

1045 2877 1202 2912 συνήγορος,
1215 2878 1263 2905 οὐκ
1278 2879 1385 2913 ἐρωτῶν
1398 2879 1488 2914 gul/0v,
1502 2881 1568 2907 ἀλλὰ
1583 2881 1626 2907 καὶ
1644 2880 1828 2917 ἐρωτώμενος,
