1959 3052
113 195 162 228 221

631 187 823 220 DIALOGUS
842 187 900 218 III.
914 200 949 205 —
967 185 1213 217 IMPATIBILIS.

112 256 169 291 εχει
185 253 235 289 τῆς
251 251 382 288 ἀληθείας
394 250 426 278 τδ
441 249 552 287 κρότος.
567 248 652 284 Ἕρου
666 246 755 273 τοίνυν
770 245 808 278 ὡς
822 245 895 272 ἐδου-

982 248 1147 279 terrogatus,
1172 240 1297 269 veritatis
1323 239 1438 268 victoria
1467 238 1582 273 potitur.
1607 236 1746 271 Interroga

110 300 206 328 λήθης.

147 302 161 327 θ
199 319 206 326 .

129 302 249 374 ἠΕΊξΑΝ.
269 345 337 372 Τίνα
351 343 381 370 τὺ
393 341 479 374 πάθος
488 339 730 376 ὑπομεμενηκέναι
744 339 835 373 λέγεις
848 346 857 372 ;

146 434 222 462 0P8.
245 433 299 460 Τὸν
317 431 420 466 Κύριον
432 429 512 465 ἡμῶν
534 427 638 462 Ἰησοῦν
653 426 781 462 Χριστόν.

146 479 252 508 ΕΡΔΝ.
270 477 431 513 Ἄνθρωπος
449 473 497 502 οὖν
521 475 588 510 ἡμῖν
610 473 732 509 παρέσχε
746 473 798 507 τὴν
814 480 903 509 σωτη-

113 527 174 562 ρίαν
186 534 192 540 ·

143 570 223 598 0P8.
238 569 400 604 ’Δνθρωπον
413 566 467 601 γὰρ
478 563 548 592 εἶναι
563 564 609 591 τὸν
622 563 726 599 Κύριον
746 562 826 598 ἡμῶν
847 562 901 597 ἰη-

109 616 177 644 σοῦν
193 615 310 651 Χριστὸν
328 612 595 648 συνωμολογήσαμεν
612 609 710 644 μόνον;

146 661 248 688 EPAN.
261 659 319 687 Νῦν
332 660 424 695 δρισαι
437 658 463 684 τι
474 657 520 684 τὸν
534 655 652 691 Χριστδν
665 652 736 681 εἶναι
751 654 895 686 πιστεύεις.

145 705 222 732 οΡθ.
244 704 308 731 Υἱὺν
336 703 384 730 τοῦ
419 702 487 729 Θεοῦ
514 701 562 729 τοῦ
589 700 692 733 ζῶντος
721 699 900 734 ὲνανθρωπή-

109 759 207 778 σαντα.

145 797 249 824 EPAN.
275 796 305 824 '0
321 796 349 823 δὲ
364 794 411 822 τοῦ
429 794 497 821 Θεοῦ
509 793 567 825 υἱὸς
585 792 648 824 Θεός
661 799 668 825 ;

143 843 222 870 οΡΘ.
238 843 305 875 Θεὸς
327 842 377 877 τὴν
394 840 478 876 αὐτὴν
508 839 603 866 οὐσίαν
619 839 690 874 ἔχων
712 837 753 874 τῷ
769 845 898 872 γεγεννη-

108 889 169 917 κάτι
185 889 256 923 Θεῷ.

145 935 249 963 ΕΡΛΝ.
267 934 334 966 Θεὸς
351 931 399 966 οὖν
415 933 447 960 τδ
461 932 548 964 πάθος
562 931 721 966 ὑπέμεινεν.

144 981 223 1008 ΟΡΘ.
249 981 280 1007 El
304 979 451 1015 ἀσώματος
474 978 514 1014 τῷ
531 976 642 1012 σταυρῷ
657 974 821 1012 προσηλώθη
835 994 843 1006 ,
866 975 899 1008 τῇ

108 1028 220 1063 θεότητι
233 1027 263 1053 τὺ
279 1026 366 1058 πάθος
379 1025 515 1062 ἅρμοσον·
530 1024 554 1050 el
567 1024 594 1049 δὲ
611 1023 702 1057 σάρκα
719 1020 809 1047 λαϐὼν
824 1021 902 1054 ἐνην-

108 1071 259 1107 θρὼπησε,
281 1071 308 1098 τι
325 1071 426 1105 δήποτε
447 1069 479 1096 τδ
499 1069 550 1104 μὲν
564 1068 686 1103 παθητὸν
711 1067 758 1102 ἐᾷς
777 1064 900 1095 ἀπαθὲς,

108 1118 140 1144 τὸ
153 1118 182 1144 δὲ
196 1117 301 1149 ἀπαθὲς
316 1116 479 1147 ὑποϐάλλεις
489 1116 527 1151 τῷ
543 1115 640 1146 πάθει;

146 1163 249 1190 ΕΡΑΝ,
271 1162 351 1189 Ἀλλὰ
374 1162 465 1197 σάρκα
485 1161 580 1187 τούτου
603 1159 684 1195 χάριν
706 1155 900 1192 προσείληφεν,

109 1210 155 1235 ἶνα
170 1209 214 1235 διὰ
228 1209 274 1235 τοῦ
291 1208 413 1244 παθητοῦ
432 1208 463 1234 τὸ
477 1207 581 1238 ἀπαθὲς
599 1205 732 1240 ὑπομείνῃ
746 1202 777 1229 τὸ
788 1201 884 1231 πάθος.

147 1254 225 1281 οΡΘ.
253 1253 361 1289 Ἀπαθῆ
388 1253 498 1285 καλεῖς,
517 1252 565 1279 καὶ
586 1250 672 1282 πάθος
688 1248 763 1284 αὺτῷ
779 1254 904 1283 προσαρ-

112 1301 233 1336 μόττεις.

147 1346 252 1374 ΕΡΔΝ.
267 1345 350 1373 Εἶπον
368 1347 409 1373 ὅτι
423 1345 514 1382 σάρκα
528 1344 624 1371 ἐλαὸεν
636 1343 681 1369 ἵνα
698 1340 783 1376 πάθῃ.

149 1437 226 1465 οΡΘ.
243 1437 274 1464 Εἰ
286 1437 368 1472 φύσιν
387 1436 515 1472 δεκτικὴν
529 1434 585 1470 εἶχε
595 1434 642 1460 τοῦ
654 1432 769 1463 πάθους,
784 1431 831 1458 καὶ
844 1430 908 1465 δίχα

111 1485 216 1521 σαρκὸς
229 1483 331 1511 ἔπαθεν
345 1483 378 1511 ἄν
388 1492 394 1499 ·
411 1481 526 1518 περιττὴ
541 1480 631 1508 τοίνυν
646 1481 663 1515 ἡ
679 1478 757 1514 σάρξ.

150 1573 251 1602 ΕΡΔΝ.
273 1572 307 1599 Ἦ
323 1571 384 1598 θεία
403 1571 483 1605 φύσις
506 1569 657 1600 ἀθάνατος,
675 1567 759 1603 θνητὴ
775 1567 804 1594 δὲ
825 1566 842 1601 ἡ
857 1566 907 1600 τῆς

112 1619 228 1655 σαρκός.
257 1617 364 1652 Ἦνὼθη
379 1617 469 1643 τοίνυν
482 1617 515 1651 τῇ
538 1615 623 1650 θνητῇ
645 1615 662 1650 ἡ
682 1613 817 1643 ἀθάνατος
829 1632 836 1645 ,
863 1611 905 1638 ἵνα

109 1665 247 1700 γεύσηται
265 1663 299 1690 δι’
315 1663 422 1697 ἐκείνης
434 1661 560 1688 θανάτου.

150 1710 228 1737 ΟΡΘ.
254 1709 294 1736 Τὸ
315 1708 395 1743 φύσει
422 1707 557 1735 ἀθάνατον
584 1705 646 1732 οὐδὲ
671 1703 710 1740 τῷ
728 1702 817 1738 θνητῷ
841 1710 907 1728 συν-

113 1756 268 1791 απτόμενον
283 1754 414 1790 ὑπομένει
431 1753 546 1780 θάνατον
556 1759 562 1766 ·
579 1751 626 1777 καὶ
646 1749 725 1776 τοῦτο
746 1748 837 1784 ῥᾴδιον
849 1747 908 1774 δια-

115 1809 232 1836 γνωναι.

151 1846 254 1874 EPAN.
279 1844 433 1877 Ἀπόδειξον
457 1842 552 1873 τοῦτο,
571 1842 620 1869 καὶ
645 1839 727 1866 λύσον
747 1838 798 1873 τὴν
820 1837 908 1872 ἀμφι-

115 1894 263 1929 σϐήτησιν.

154 1927 231 1967 όΡΘ.
245 1938 301 1973 Τὴν
312 1936 486 1973 ἀνθρωπείαν
501 1932 592 1970 ψυχὴν
605 1933 740 1960 ἀθάνατον
759 1927 829 1957 εἶναι
845 1928 908 1965 φὴς,

115 1988 133 2023 ἢ
153 1987 252 2022 θνητήν
264 1994 272 2019 ;

153 2033 256 2061 EPAN.
283 2030 441 2058 Ἀθάνατον.

154 2078 233 2105 0P8.
246 2078 284 2104 Τὸ
299 2077 329 2103 δὲ
343 2075 423 2111 σῶμα
438 2074 546 2110 θνητὸν,
559 2073 576 2108 ἢ
592 2072 727 2100 ἀθάνατον
741 2080 749 2104 ;

155 2123 257 2151 ΕΡΔΝ.
276 2121 404 2157 Δηλονότι
419 2119 528 2154 θνητόν.

156 2167 233 2194 ΟΡΘ.
255 2167 303 2193 Ἐκ
319 2166 348 2192 δὲ
361 2165 464 2192 τούτων
478 2164 532 2191 τῶν
548 2161 657 2198 φύσεών
674 2170 766 2197 φαμεν
780 2160 911 2187 συνεστά-

119 2223 165 2241 ναι
180 2213 227 2240 τὸν
243 2212 385 2248 ἄνθρωπον
401 2219 409 2244 ;

158 2258 260 2287 EPAN.
277 2258 357 2285 Οὕτω
367 2256 468 2292 φαμέν.

152 2305 229 2333 0P8.
243 2304 372 2339 Συνήφθη
387 2304 477 2330 τοίνυν
487 2302 518 2329 τδ
528 2302 663 2329 ἀθάνατον
675 2300 714 2336 τῷ
727 2300 827 2336 θνητῷ.

158 2351 261 2379 EPAN.
278 2350 402 2385 Ἀληθές,

156 2398 234 2426 ΟΡΘ.
258 2397 338 2424 Ἀλλὰ
356 2397 406 2432 τῆς
419 2395 566 2430 συναφείας
579 2395 664 2430 ἤγουν
678 2395 801 2425 ὲνὼσεως
815 2392 912 2428 λυομέ-

119 2453 183 2480 νης,
208 2443 240 2470 τὸ
256 2444 306 2478 μὲν
318 2442 415 2477 θνητὸν
431 2442 539 2477 δέχεται
561 2449 609 2468 του
634 2440 751 2467 θανάτου
766 2440 813 2466 τδν
835 2439 897 2474 ὅρον
907 2458 915 2471 ,

121 2491 202 2526 μένει
223 2490 251 2517 δὲ
273 2488 410 2520 ἀθάνατος
429 2489 446 2524 ἠ
471 2488 563 2524 ψυχὴ,
588 2487 678 2514 καίτοι
701 2487 750 2522 τῆς
777 2485 916 2521 ἁμαρτίας

119 2535 327 2570 ἐπενεγκούσης
346 2535 392 2562 τδν
415 2534 542 2562 θάνατον.
561 2534 596 2560 Ἦ
625 2533 671 2568 οὐχ
702 2533 755 2568 ἡγῇ
779 2531 916 2567 τιμωρίαν

119 2581 195 2610 εἶναι
211 2581 257 2608 τὴν
273 2581 389 2608 θάνατον
399 2589 407 2614 ;

158 2628 264 2655 ΕΡΑΝ.
283 2627 316 2655 Ἦ
327 2626 387 2654 θεία
401 2626 480 2654 τοῦτο
490 2626 612 2653 διδάσκει
624 2624 729 2660 Γραφὴ.
745 2623 814 2659 Παρ⁴
829 2622 916 2657 αὐτῆς

121 2674 178 2709 γὰρ
198 2673 384 2710 μανθάνομεν,
399 2673 438 2705 ὡς
452 2671 648 2707 ἀπαγορεύσας
661 2670 700 2705 τῷ
727 2670 814 2705 Ἀδὰμ
827 2670 840 2696 ὁ
851 2668 917 2700 Θεὸς

121 2719 173 2747 τοῦ
191 2719 277 2754 φυτοῦ
290 2720 341 2754 τῆς
360 2719 488 2754 γνώσεως
508 2718 558 2753 τὴν
575 2716 737 2752 μετάληψιν,
757 2716 898 2751 ἐπήγαγεν
909 2723 916 2730 ·

125 2776 136 2792 ε
149 2762 188 2802 ⁷1⁸1
205 2765 227 2792 δ’
241 2766 274 2793 ἂν
289 2766 383 2802 ἡμέρᾳ
401 2766 507 2800 φάγητε
521 2764 569 2791 ἀπ’
580 2763 674 2796 αὑτοῦ,
696 2761 803 2798 θανάτῳ
817 2761 921 2789 ἀποθα-

123 2812 228 2840 νεῖσθε.
245 2821 255 2838 ι

167 2899 188 2915 "
204 2898 274 2928 Gcn.
295 2907 329 2931 ιι,
354 2899 395 2926 Π.

953 291 1036 326 igitur
1055 295 1084 317 ut
1099 289 1210 316 voluisti

989 336 1070 371 176
1091 334 1196 362 ERAN.
1217 333 1369 367 Quemnam
1390 333 1461 361 dicis
1484 331 1639 367 passionem
1659 328 1745 356 susti-

952 381 1065 408 nuisse?

987 426 1093 454 ORTH.
1111 425 1257 453 Dominum
1278 429 1402 452 nostrum
1418 423 1511 451 Jesum
1528 421 1681 449 Christum.

986 473 1090 500 EBAN.
1109 471 1197 499 Homo
1214 471 1297 507 igitur
1310 471 1390 498 nobis
1407 469 1501 497 attulit
1518 466 1655 496 salutem?

1011 559 1117 588 ORTH.
1136 559 1318 586 Hominemne
1342 558 1429 585 solum
1448 563 1509 583 esse
1529 556 1676 582 Dominum
1694 559 1745 579 no-

951 612 1039 634 strum
1056 607 1148 634 Jesum
1164 605 1305 633 Christum
1323 603 1441 631 confessi
1457 601 1571 629 sumus?

988 652 1091 680 ERAN.
1111 652 1190 679 Nune
1218 651 1286 678 doce
1304 649 1370 684 quid
1392 649 1533 676 Christum
1551 654 1612 674 esse
1637 645 1744 672 credas.

986 698 1093 727 ORTH.
1112 697 1211 730 Filium
1228 696 1275 724 Dei
1293 695 1347 723 vivi
1365 695 1506 722 hominem
1524 693 1639 720 factum.

987 792 1090 820 ERAN.
1108 791 1156 818 Dci
1175 795 1266 818 autem
1284 789 1369 816 Filius
1382 796 1416 815 an
1433 787 1523 814 Dcus?

986 838 1092 867 ORTli.
1111 838 1184 865 Deus
1205 837 1330 864 eamdem
1355 834 1460 862 habens
1481 833 1661 861 substantiam
1683 839 1745 859 cum

951 887 1008 913 Dco
1020 885 1066 920 qui
1080 884 1184 920 genuit.

989 932 1092 960 ERAN.
1112 932 1184 958 Deus
1201 930 1284 965 igitur
1299 933 1455 963 passionem
1473 924 1616 952 sustinuit.

989 977 1094 1006 ORTH.
1112 977 1140 1004 Si
1163 977 1222 1004 sine
1238 981 1354 1009 corpore
1374 973 1450 1000 cruci
1467 971 1563 999 aﬂixus
1579 975 1632 1001 est,
1647 968 1747 996 divini-

956 1025 1003 1053 tati
1021 1024 1175 1059 passionem
1191 1021 1292 1048 tribue.
1310 1020 1378 1047 Cum
1400 1022 1492 1045 autem
1509 1025 1590 1044 carne
1609 1019 1747 1050 assumpta

955 1071 1038 1098 homo
1060 1069 1149 1096 factus
1165 1068 1210 1099 sit,
1228 1074 1278 1093 cur
1296 1065 1323 1092 id
1341 1064 1414 1100 quod
1431 1063 1545 1098 patibile
1561 1066 1602 1089 est
1621 1061 1675 1096 pati
1693 1068 1747 1087 non

955 1115 1033 1146 sinis.
1051 1119 1078 1141 et
1093 1112 1245 1147 impatibile
1262 1110 1375 1146 subjieis
1391 1106 1530 1144 passioni?

991 1159 1094 1187 ERAN.
1114 1157 1167 1185 Sed
1185 1157 1247 1184 ideo
1265 1162 1376 1183 carnem
1394 1152 1553 1187 assumpsit,
1567 1154 1594 1177 ut
1613 1157 1662 1184 per
1678 1147 1749 1183 pati-

956 1207 1012 1234 bile
1030 1206 1056 1232 id
1074 1204 1148 1239 quod
1165 1207 1225 1230 erat
1243 1200 1395 1236 impatibile
1412 1198 1570 1234 passionem
1589 1195 1748 1223 sustineret.

992 1251 1098 1280 οιιτιι.
1123 1247 1306 1284 lmpatibilem
1326 1253 1418 1277 vocas,
1436 1248 1465 1272 et
1485 1242 1640 1278 passionem
1663 1239 1750 1267 ascri-

957 1299 1010 1326 bis.

992 1341 1096 1371 ERAN.
1115 1339 1175 1368 Dixi
1190 1337 1264 1375 quod
1281 1343 1392 1365 carnem
1410 1333 1603 1369 assumpserit,
1621 1335 1652 1358 ut
1673 1333 1751 1365 patc-

960 1394 1048 1418 retur.

993 1434 1098 1463 ORTH.
1117 1432 1145 1461 Si
1172 1435 1298 1459 naturam
1326 1427 1423 1455 habuit
1450 1432 1577 1460 capacem
1606 1421 1751 1458 passionis,

960 1483 1042 1510 etiam
1060 1480 1120 1507 sine
1137 1486 1220 1506 carne
1236 1475 1293 1512 pati
1309 1477 1426 1510 poterat.
1444 1472 1653 1507 Supervacanca
1670 1467 1753 1502 igitur

961 1532 1004 1556 est
1021 1534 1096 1554 caro.

996 1571 1100 1600 ERAN.
1128 1569 1224 1598 Divina
1251 1571 1350 1594 natura
1378 1562 1542 1592 immortalis
1571 1563 1632 1591 est;
1662 1557 1754 1586 carnis

959 1627 1036 1651 vero,
1054 1615 1189 1644 mortalis.
1207 1613 1289 1642 Unita
1307 1615 1349 1639 est
1365 1611 1458 1645 itaque
1482 1606 1592 1635 mortali
1612 1606 1753 1632 immorta-

961 1665 1005 1697 lis,
1024 1668 1054 1691 ut
1071 1670 1120 1698 per
1135 1662 1208 1688 illam
1225 1661 1347 1695 gustaret
1364 1661 1492 1683 mortem.

996 1695 1101 1738 DRTlI.
1119 1706 1197 1741 Quod
1215 1709 1313 1732 natura
1330 1701 1484 1730 immortale
1507 1703 1559 1730 est,
1577 1698 1604 1725 id
1622 1703 1711 1731 neque
1731 1695 1755 1722 si

962 1755 1070 1783 mortali
1093 1753 1286 1788 conjungatur,
1308 1753 1425 1776 mortem
1444 1746 1535 1774 subit:
1558 1748 1586 1773 et
1604 1743 1657 1770 hoc
1677 1741 1757 1768 facile

961 1806 1004 1830 est
1021 1807 1198 1836 cognoscere.

1000 1833 1079 1883 17:7
1096 1845 1200 1874 ERAN.
1219 1844 1278 1871 Hoc
1294 1842 1465 1882 demonstra,
1479 1841 1508 1866 et
1522 1836 1629 1872 explica
1643 1834 1670 1862 id
1682 1833 1757 1869 quod

964 1892 1130 1923 dubitationi
1147 1897 1241 1918 ansam
1255 1889 1370 1925 praebet.

999 1938 1105 1967 ORTH.
1120 1936 1273 1963 Humanam
1285 1934 1404 1961 animam
1414 1929 1598 1958 immortalem
1606 1934 1667 1955 esse
1676 1925 1758 1958 dicis,

964 1994 999 2014 an
1011 1982 1173 2012 mortalem?

1002 2029 1103 2058 ERAN.
1119 2026 1317 2056 Immortalem.

999 2075 1105 2104 ORTH.
1123 2073 1229 2108 Corpus
1243 2076 1347 2104 autem,
1365 2069 1494 2101 mortale,
1507 2076 1542 2095 an
1553 2065 1726 2094 immortale?

1001 2120 1105 2149 EllAN.
1122 2119 1235 2146 Mortale
1250 2117 1323 2144 haud
1337 2115 1432 2144 dubie.

1001 2166 1106 2195 ORTH.
1135 2165 1175 2192 Ex
1197 2164 1242 2192 his
1260 2170 1327 2190 vero
1348 2160 1457 2190 naturis
1475 2162 1603 2188 constare
1617 2156 1757 2185 hominem

967 2212 1101 2242 dicimus?

929 2272 951 2300 ι)
967 2235 1105 2287 mvEllAl‘l.
1123 2257 1168 2285 Sic
1183 2235 1311 2283 dicimus.

999 2304 1105 2333 ORTH.
1134 2300 1293 2330 Immortale
1308 2299 1393 2335 igitur
1417 2295 1526 2324 mortali
1538 2293 1695 2329 copulatum
1707 2296 1759 2319 est.

1001 2349 1105 2379 ERAN.
1124 2349 1225 2376 Verum
1240 2350 1292 2374 est.

999 2394 1105 2426 ORTH.
1120 2393 1174 2421 Sed
1189 2391 1376 2427 copulatione,
1390 2388 1448 2416 sive
1459 2387 1562 2415 unione
1574 2385 1761 2416 soluta,mor-

965 2442 1020 2470 tale
1039 2441 1151 2476 quidem
1176 2438 1275 2466 mortis
1288 2436 1341 2472 legi
1356 2435 1541 2469 obtemperat;
1565 2435 1659 2458 manet
1668 2433 1760 2456 autem

967 2488 1059 2516 anima
1080 2484 1259 2516 immortalis,
1287 2481 1413 2518 quamvis
1425 2483 1569 2515 peccatum
1585 2480 1701 2504 mortem
1717 2474 1760 2501 in-

968 2532 1134 2561 troduxerit.
1150 2531 1190 2559 An
1200 2538 1267 2558 vero
1277 2536 1385 2564 pmnam
1399 2534 1460 2554 esse
1471 2529 1587 2552 mortem
1598 2531 1652 2550 non
1663 2521 1761 2557 putas?

1003 2621 1106 2650 ERAN.
1128 2619 1225 2648 Divina
1241 2619 1294 2646 hoc
1305 2617 1385 2645 docet
1399 2614 1552 2650 Scriptura.
1570 2613 1579 2623 '
1590 2612 1631 2640 Ex
1642 2619 1673 2639 ea
1685 2611 1759 2638 enim

967 2668 1100 2697 discimus
1114 2667 1210 2698 Deum,
1225 2672 1288 2693 cum
1300 2663 1404 2691 Adamo
1417 2668 1495 2688 esum
1508 2659 1616 2687 arboris
1636 2657 1760 2686 scientia:

969 2714 1171 2751 interdixissek
1186 2711 1321 2747 adjecisse
1345 2718 1352 2736 :
1374 2718 1384 2734 ι
1397 2707 1457 2742 Quo
1473 2706 1518 2735 die
1538 2703 1716 2734 comederitis
1728 2710 1762 2730 ex

970 2769 1013 2795 ca,
1029 2764 1119 2788 morte
1134 2756 1290 2786 moriemini
1300 2756 1348 2783 θ’.»

1610 2848 1626 2872 Δ

1693 177 1746 208 222
1804 165 1809 171 '
