  <div class='ocr_page' id='page_1' title='image "/cluster/home/n/w/nwhite01/storage/ocr_20150623/83/njp.32101007877440/119.png"; bbox 0 0 1959 3052; ppageno 0'>
   <div class='ocr_carea' id='block_1_1' title="bbox 211 99 264 131">
    <p class='ocr_par' dir='ltr' id='par_1_1' title="bbox 211 99 264 131">
     <span class='ocr_line' id='line_1_1' title="bbox 211 99 264 131; baseline 0.019 -1"><span class='ocrx_word' id='word_1_1' title='bbox 211 99 264 131; x_wconf 76' lang='grc'><strong>227</strong></span> 
     </span>
    </p>
   </div>
   <div class='ocr_carea' id='block_1_2' title="bbox 249 155 501 183">
    <p class='ocr_par' dir='ltr' id='par_1_2' title="bbox 249 155 501 183">
     <span class='ocr_line' id='line_1_2' title="bbox 249 155 501 183; baseline -0.008 0"><span class='ocrx_word' id='word_1_2' title='bbox 249 155 353 183; x_wconf 78' lang='lat' dir='ltr'><strong>ERAN.</strong></span> <span class='ocrx_word' id='word_1_3' title='bbox 371 155 501 183; x_wconf 85' lang='lat' dir='ltr'><strong>Omnino.</strong></span> 
     </span>
    </p>
   </div>
   <div class='ocr_carea' id='block_1_3' title="bbox 248 199 999 235">
    <p class='ocr_par' dir='ltr' id='par_1_3' title="bbox 248 199 999 235">
     <span class='ocr_line' id='line_1_3' title="bbox 248 199 999 235; baseline -0.003 -7"><span class='ocrx_word' id='word_1_4' title='bbox 248 201 353 228; x_wconf 78' lang='lat' dir='ltr'><strong>()RTH.</strong></span> <span class='ocrx_word' id='word_1_5' title='bbox 381 201 427 229; x_wconf 86' lang='lat' dir='ltr'><strong>Sic</strong></span> <span class='ocrx_word' id='word_1_6' title='bbox 440 202 522 228; x_wconf 88' lang='lat' dir='ltr'><strong>etiam</strong></span> <span class='ocrx_word' id='word_1_7' title='bbox 537 200 667 227; x_wconf 86' lang='lat' dir='ltr'><strong>vitiorum</strong></span> <span class='ocrx_word' id='word_1_8' title='bbox 685 199 827 227; x_wconf 85' lang='lat' dir='ltr'><strong>doctorem</strong></span> <span class='ocrx_word' id='word_1_9' title='bbox 847 199 951 235; x_wconf 85' lang='lat' dir='ltr'><strong>duplici</strong></span> <span class='ocrx_word' id='word_1_10' title='bbox 967 207 999 226; x_wconf 88' lang='lat' dir='ltr'><strong>ac</strong></span> 
     </span>
    </p>
   </div>
   <div class='ocr_carea' id='block_1_4' title="bbox 213 246 551 282">
    <p class='ocr_par' dir='ltr' id='par_1_4' title="bbox 213 246 551 282">
     <span class='ocr_line' id='line_1_4' title="bbox 213 246 551 282; baseline -0.006 -8"><span class='ocrx_word' id='word_1_11' title='bbox 213 247 312 282; x_wconf 87' lang='lat' dir='ltr'><strong>triplici</strong></span> <span class='ocrx_word' id='word_1_12' title='bbox 331 255 410 282; x_wconf 68' lang='lat' dir='ltr'><strong>poena</strong></span> <span class='ocrx_word' id='word_1_13' title='bbox 422 246 551 282; x_wconf 76' lang='lat' dir='ltr'><strong>dignum?</strong></span> 
     </span>
    </p>
   </div>
   <div class='ocr_carea' id='block_1_5' title="bbox 248 293 534 320">
    <p class='ocr_par' dir='ltr' id='par_1_5' title="bbox 248 293 534 320">
     <span class='ocr_line' id='line_1_5' title="bbox 248 293 534 320; baseline -0.007 0"><span class='ocrx_word' id='word_1_14' title='bbox 248 293 352 320; x_wconf 77' lang='lat' dir='ltr'><strong>ERAN.</strong></span> <span class='ocrx_word' id='word_1_15' title='bbox 369 293 468 319; x_wconf 84' lang='lat' dir='ltr'><strong>Verum</strong></span> <span class='ocrx_word' id='word_1_16' title='bbox 482 295 534 318; x_wconf 82' lang='lat' dir='ltr'><strong>est.</strong></span> 
     </span>
    </p>
   </div>
   <div class='ocr_carea' id='block_1_6' title="bbox 248 337 1000 374">
    <p class='ocr_par' dir='ltr' id='par_1_6' title="bbox 248 337 1000 374">
     <span class='ocr_line' id='line_1_6' title="bbox 248 337 1000 374; baseline -0.003 -9"><span class='ocrx_word' id='word_1_17' title='bbox 248 337 352 365; x_wconf 81' lang='lat' dir='ltr'><strong>ORTH.</strong></span> <span class='ocrx_word' id='word_1_18' title='bbox 383 337 513 364; x_wconf 80' lang='lat' dir='ltr'><strong>Diabolus</strong></span> <span class='ocrx_word' id='word_1_19' title='bbox 528 345 594 364; x_wconf 88' lang='lat' dir='ltr'><strong>vero</strong></span> <span class='ocrx_word' id='word_1_20' title='bbox 618 346 671 374; x_wconf 85' lang='lat' dir='ltr'><strong>qua</strong></span> <span class='ocrx_word' id='word_1_21' title='bbox 689 339 717 365; x_wconf 94' lang='lat' dir='ltr'><strong>in</strong></span> <span class='ocrx_word' id='word_1_22' title='bbox 734 343 812 374; x_wconf 87' lang='lat' dir='ltr'><strong>parte</strong></span> <span class='ocrx_word' id='word_1_23' title='bbox 829 337 1000 365; x_wconf 73' lang='lat' dir='ltr'><strong>censendus?</strong></span> 
     </span>
    </p>
   </div>
   <div class='ocr_carea' id='block_1_7' title="bbox 215 383 860 419">
    <p class='ocr_par' dir='ltr' id='par_1_7' title="bbox 215 383 860 419">
     <span class='ocr_line' id='line_1_7' title="bbox 215 383 860 419; baseline 0 -9"><span class='ocrx_word' id='word_1_24' title='bbox 215 384 397 411; x_wconf 85' lang='lat' dir='ltr'><strong>Doctoremne</strong></span> <span class='ocrx_word' id='word_1_25' title='bbox 412 391 472 410; x_wconf 82' lang='lat' dir='ltr'><strong>esse</strong></span> <span class='ocrx_word' id='word_1_26' title='bbox 487 383 614 416; x_wconf 86' lang='lat' dir='ltr'><strong>dicimus,</strong></span> <span class='ocrx_word' id='word_1_27' title='bbox 627 393 662 411; x_wconf 85' lang='lat' dir='ltr'><strong>an</strong></span> <span class='ocrx_word' id='word_1_28' title='bbox 677 384 860 419; x_wconf 82' lang='lat' dir='ltr'><strong>discipulum?</strong></span> 
     </span>
    </p>
   </div>
   <div class='ocr_carea' id='block_1_8' title="bbox 171 422 1000 464">
    <p class='ocr_par' dir='ltr' id='par_1_8' title="bbox 171 422 1000 464">
     <span class='ocr_line' id='line_1_8' title="bbox 171 422 1000 464; baseline 0.002 -10"><span class='ocrx_word' id='word_1_29' title='bbox 171 422 173 425; x_wconf 62' lang='grc'><em>’</em></span> <span class='ocrx_word' id='word_1_30' title='bbox 247 428 348 455; x_wconf 65' lang='lat' dir='ltr'><strong>ERAN.</strong></span> <span class='ocrx_word' id='word_1_31' title='bbox 377 428 525 455; x_wconf 72' lang='lat' dir='ltr'><strong>Doctorum</strong></span> <span class='ocrx_word' id='word_1_32' title='bbox 548 429 700 456; x_wconf 85' lang='lat' dir='ltr'><strong>doctorem.</strong></span> <span class='ocrx_word' id='word_1_33' title='bbox 733 430 793 464; x_wconf 87' lang='lat' dir='ltr'><strong>Ipse</strong></span> <span class='ocrx_word' id='word_1_34' title='bbox 814 430 887 456; x_wconf 88' lang='lat' dir='ltr'><strong>enim</strong></span> <span class='ocrx_word' id='word_1_35' title='bbox 910 428 1000 456; x_wconf 84' lang='lat' dir='ltr'><strong>omnis</strong></span> 
     </span>
    </p>
   </div>
   <div class='ocr_carea' id='block_1_9' title="bbox 212 473 660 508">
    <p class='ocr_par' dir='ltr' id='par_1_9' title="bbox 212 473 660 508">
     <span class='ocr_line' id='line_1_9' title="bbox 212 473 660 508; baseline 0.004 -9"><span class='ocrx_word' id='word_1_36' title='bbox 212 473 270 499; x_wconf 89' lang='lat' dir='ltr'><strong>vitii</strong></span> <span class='ocrx_word' id='word_1_37' title='bbox 288 477 316 499; x_wconf 88' lang='lat' dir='ltr'><strong>et</strong></span> <span class='ocrx_word' id='word_1_38' title='bbox 330 477 408 507; x_wconf 85' lang='lat' dir='ltr'><strong>pater</strong></span> <span class='ocrx_word' id='word_1_39' title='bbox 422 477 450 499; x_wconf 87' lang='lat' dir='ltr'><strong>et</strong></span> <span class='ocrx_word' id='word_1_40' title='bbox 465 474 593 508; x_wconf 80' lang='lat' dir='ltr'><strong>magister</strong></span> <span class='ocrx_word' id='word_1_41' title='bbox 608 480 660 501; x_wconf 86' lang='lat' dir='ltr'><strong>est.</strong></span> 
     </span>
    </p>
   </div>
   <div class='ocr_carea' id='block_1_10' title="bbox 245 517 999 555">
    <p class='ocr_par' dir='ltr' id='par_1_10' title="bbox 245 517 999 555">
     <span class='ocr_line' id='line_1_10' title="bbox 245 517 999 555; baseline 0 -10"><span class='ocrx_word' id='word_1_42' title='bbox 245 517 350 545; x_wconf 80' lang='lat' dir='ltr'><strong>ORTH.</strong></span> <span class='ocrx_word' id='word_1_43' title='bbox 381 518 432 551; x_wconf 83' lang='lat' dir='ltr'><strong>Qui</strong></span> <span class='ocrx_word' id='word_1_44' title='bbox 447 518 532 553; x_wconf 81' lang='lat' dir='ltr'><strong>igitur</strong></span> <span class='ocrx_word' id='word_1_45' title='bbox 552 519 678 547; x_wconf 81' lang='lat' dir='ltr'><strong>homines</strong></span> <span class='ocrx_word' id='word_1_46' title='bbox 703 520 783 554; x_wconf 85' lang='lat' dir='ltr'><strong>primi</strong></span> <span class='ocrx_word' id='word_1_47' title='bbox 798 520 857 555; x_wconf 83' lang='lat' dir='ltr'><strong>ejus</strong></span> <span class='ocrx_word' id='word_1_48' title='bbox 870 519 999 554; x_wconf 82' lang='lat' dir='ltr'><strong>discipuli</strong></span> 
     </span>
    </p>
   </div>
   <div class='ocr_carea' id='block_1_11' title="bbox 176 563 338 590">
    <p class='ocr_par' dir='ltr' id='par_1_11' title="bbox 176 563 338 590">
     <span class='ocr_line' id='line_1_11' title="bbox 176 563 338 590; baseline 0 0"><span class='ocrx_word' id='word_1_49' title='bbox 176 573 179 574; x_wconf 64' lang='lat'><strong><em>&#39;</em></strong></span> <span class='ocrx_word' id='word_1_50' title='bbox 209 563 338 590; x_wconf 80' lang='lat' dir='ltr'><strong>fuerunt?</strong></span> 
     </span>
    </p>
   </div>
   <div class='ocr_carea' id='block_1_12' title="bbox 246 610 575 637">
    <p class='ocr_par' dir='ltr' id='par_1_12' title="bbox 246 610 575 637">
     <span class='ocr_line' id='line_1_12' title="bbox 246 610 575 637; baseline -0.003 0"><span class='ocrx_word' id='word_1_51' title='bbox 246 611 351 637; x_wconf 76' lang='lat' dir='ltr'><strong>ERAN.</strong></span> <span class='ocrx_word' id='word_1_52' title='bbox 370 610 456 637; x_wconf 83' lang='lat' dir='ltr'><strong>Adam</strong></span> <span class='ocrx_word' id='word_1_53' title='bbox 471 615 500 637; x_wconf 88' lang='lat' dir='ltr'><strong>et</strong></span> <span class='ocrx_word' id='word_1_54' title='bbox 509 610 575 637; x_wconf 87' lang='lat' dir='ltr'><strong>Eva.</strong></span> 
     </span>
    </p>
   </div>
   <div class='ocr_carea' id='block_1_13' title="bbox 247 655 1001 690">
    <p class='ocr_par' dir='ltr' id='par_1_13' title="bbox 247 655 1001 690">
     <span class='ocr_line' id='line_1_13' title="bbox 247 655 1001 690; baseline 0.001 -8"><span class='ocrx_word' id='word_1_55' title='bbox 247 655 351 683; x_wconf 82' lang='lat' dir='ltr'><strong>ORTII.</strong></span> <span class='ocrx_word' id='word_1_56' title='bbox 380 656 410 682; x_wconf 87' lang='lat' dir='ltr'><strong>In</strong></span> <span class='ocrx_word' id='word_1_57' title='bbox 430 663 499 690; x_wconf 88' lang='lat' dir='ltr'><strong>quos</strong></span> <span class='ocrx_word' id='word_1_58' title='bbox 511 660 602 682; x_wconf 88' lang='lat' dir='ltr'><strong>autem</strong></span> <span class='ocrx_word' id='word_1_59' title='bbox 619 655 672 682; x_wconf 85' lang='lat' dir='ltr'><strong>lata</strong></span> <span class='ocrx_word' id='word_1_60' title='bbox 684 659 726 682; x_wconf 89' lang='lat' dir='ltr'><strong>est</strong></span> <span class='ocrx_word' id='word_1_61' title='bbox 741 655 837 683; x_wconf 89' lang='lat' dir='ltr'><strong>mortis</strong></span> <span class='ocrx_word' id='word_1_62' title='bbox 848 657 1001 687; x_wconf 74' lang='lat' dir='ltr'><strong>sententia?</strong></span> 
     </span>
    </p>
   </div>
   <div class='ocr_carea' id='block_1_14' title="bbox 245 701 909 736">
    <p class='ocr_par' dir='ltr' id='par_1_14' title="bbox 245 701 909 736">
     <span class='ocr_line' id='line_1_14' title="bbox 245 701 909 736; baseline 0 -8"><span class='ocrx_word' id='word_1_63' title='bbox 245 701 347 728; x_wconf 75' lang='lat' dir='ltr'><strong>ERAN.</strong></span> <span class='ocrx_word' id='word_1_64' title='bbox 368 701 396 727; x_wconf 84' lang='grc' dir='ltr'><strong>ιιι</strong></span> <span class='ocrx_word' id='word_1_65' title='bbox 410 701 543 728; x_wconf 85' lang='lat' dir='ltr'><strong>Adamum</strong></span> <span class='ocrx_word' id='word_1_66' title='bbox 556 705 583 728; x_wconf 86' lang='lat' dir='ltr'><strong>et</strong></span> <span class='ocrx_word' id='word_1_67' title='bbox 598 709 693 728; x_wconf 87' lang='lat' dir='ltr'><strong>omnes</strong></span> <span class='ocrx_word' id='word_1_68' title='bbox 704 702 764 735; x_wconf 84' lang='lat' dir='ltr'><strong>ejus</strong></span> <span class='ocrx_word' id='word_1_69' title='bbox 775 706 909 736; x_wconf 81' lang='lat' dir='ltr'><strong>posteros.</strong></span> 
     </span>
    </p>
   </div>
   <div class='ocr_carea' id='block_1_15' title="bbox 244 746 1000 781">
    <p class='ocr_par' dir='ltr' id='par_1_15' title="bbox 244 746 1000 781">
     <span class='ocr_line' id='line_1_15' title="bbox 244 746 1000 781; baseline 0.001 -9"><span class='ocrx_word' id='word_1_70' title='bbox 244 746 347 773; x_wconf 73' lang='lat' dir='ltr'><strong>ORTH.</strong></span> <span class='ocrx_word' id='word_1_71' title='bbox 368 746 499 780; x_wconf 64' lang='lat' dir='ltr'><strong>Disripuli</strong></span> <span class='ocrx_word' id='word_1_72' title='bbox 516 754 582 781; x_wconf 78' lang='lat' dir='ltr'><strong>ergo</strong></span> <span class='ocrx_word' id='word_1_73' title='bbox 600 754 695 780; x_wconf 74' lang='lat' dir='ltr'><strong>pmnas</strong></span> <span class='ocrx_word' id='word_1_74' title='bbox 709 746 820 773; x_wconf 85' lang='lat' dir='ltr'><strong>luerunt</strong></span> <span class='ocrx_word' id='word_1_75' title='bbox 831 754 926 773; x_wconf 89' lang='lat' dir='ltr'><strong>eorum</strong></span> <span class='ocrx_word' id='word_1_76' title='bbox 940 755 1000 781; x_wconf 62' lang='lat' dir='ltr'><strong>quae</strong></span> 
     </span>
    </p>
   </div>
   <div class='ocr_carea' id='block_1_16' title="bbox 211 791 999 827">
    <p class='ocr_par' dir='ltr' id='par_1_16' title="bbox 211 791 999 827">
     <span class='ocr_line' id='line_1_16' title="bbox 211 791 999 827; baseline 0.001 -9"><span class='ocrx_word' id='word_1_77' title='bbox 211 793 281 819; x_wconf 88' lang='lat' dir='ltr'><strong>male</strong></span> <span class='ocrx_word' id='word_1_78' title='bbox 297 791 389 819; x_wconf 86' lang='lat' dir='ltr'><strong>edocti</strong></span> <span class='ocrx_word' id='word_1_79' title='bbox 406 792 514 818; x_wconf 84' lang='lat' dir='ltr'><strong>fuerant</strong></span> <span class='ocrx_word' id='word_1_80' title='bbox 530 800 537 818; x_wconf 90' lang='lat'><strong>:</strong></span> <span class='ocrx_word' id='word_1_81' title='bbox 552 792 711 826; x_wconf 79' lang='lat' dir='ltr'><strong>magistrum</strong></span> <span class='ocrx_word' id='word_1_82' title='bbox 727 797 831 823; x_wconf 86' lang='lat' dir='ltr'><strong>autem,</strong></span> <span class='ocrx_word' id='word_1_83' title='bbox 850 801 932 827; x_wconf 82' lang='lat' dir='ltr'><strong>quem</strong></span> <span class='ocrx_word' id='word_1_84' title='bbox 947 794 999 820; x_wconf 91' lang='lat' dir='ltr'><strong>du-</strong></span> 
     </span>
    </p>
   </div>
   <div class='ocr_carea' id='block_1_17' title="bbox 703 98 1335 129">
    <p class='ocr_par' dir='ltr' id='par_1_17' title="bbox 703 98 1335 129">
     <span class='ocr_line' id='line_1_17' title="bbox 703 98 1335 129; baseline -0.002 0"><span class='ocrx_word' id='word_1_85' title='bbox 703 98 944 129; x_wconf 78' lang='lat' dir='ltr'><strong>TIIEODORETI</strong></span> <span class='ocrx_word' id='word_1_86' title='bbox 966 98 1133 128; x_wconf 85' lang='lat' dir='ltr'>EPISCOPI</span> <span class='ocrx_word' id='word_1_87' title='bbox 1153 98 1335 128; x_wconf 77' lang='lat' dir='ltr'><strong>CYRENSIS</strong></span> 
     </span>
    </p>
   </div>
   <div class='ocr_carea' id='block_1_18' title="bbox 1017 153 1321 187">
    <p class='ocr_par' dir='ltr' id='par_1_18' title="bbox 1017 153 1321 187">
     <span class='ocr_line' id='line_1_18' title="bbox 1017 153 1321 187; baseline 0.003 -8"><span class='ocrx_word' id='word_1_88' title='bbox 1017 156 1037 183; x_wconf 75' lang='grc' dir='ltr'>Α</span> <span class='ocrx_word' id='word_1_89' title='bbox 1088 153 1187 179; x_wconf 83' lang='grc' dir='ltr'>ΕΡΑΝ.</span> <span class='ocrx_word' id='word_1_90' title='bbox 1205 154 1321 187; x_wconf 82' lang='grc' dir='ltr'>Πάνυγε.</span> 
     </span>
    </p>
   </div>
   <div class='ocr_carea' id='block_1_19' title="bbox 1783 96 1848 128">
    <p class='ocr_par' dir='ltr' id='par_1_19' title="bbox 1783 96 1848 128">
     <span class='ocr_line' id='line_1_19' title="bbox 1783 96 1848 128; baseline 0 0"><span class='ocrx_word' id='word_1_91' title='bbox 1783 96 1848 128; x_wconf 73' lang='grc'><strong>228</strong></span> 
     </span>
    </p>
   </div>
   <div class='ocr_carea' id='block_1_20' title="bbox 1089 199 1843 234">
    <p class='ocr_par' dir='ltr' id='par_1_20' title="bbox 1089 199 1843 234">
     <span class='ocr_line' id='line_1_20' title="bbox 1089 199 1843 234; baseline 0.003 -9"><span class='ocrx_word' id='word_1_92' title='bbox 1089 199 1166 225; x_wconf 86' lang='grc' dir='ltr'><strong>ΟΡΘ.</strong></span> <span class='ocrx_word' id='word_1_93' title='bbox 1193 199 1330 230; x_wconf 77' lang='grc' dir='ltr'>Ὡσαύτως</span> <span class='ocrx_word' id='word_1_94' title='bbox 1343 199 1371 225; x_wconf 78' lang='grc' dir='ltr'>δὲ</span> <span class='ocrx_word' id='word_1_95' title='bbox 1386 200 1433 226; x_wconf 75' lang='grc' dir='ltr'>καὶ</span> <span class='ocrx_word' id='word_1_96' title='bbox 1445 199 1490 225; x_wconf 58' lang='grc' dir='ltr'>τὴν</span> <span class='ocrx_word' id='word_1_97' title='bbox 1505 199 1554 234; x_wconf 83' lang='grc' dir='ltr'>τῆς</span> <span class='ocrx_word' id='word_1_98' title='bbox 1571 199 1680 232; x_wconf 79' lang='grc' dir='ltr'>κακίας,</span> <span class='ocrx_word' id='word_1_99' title='bbox 1692 199 1843 232; x_wconf 74' lang='grc' dir='ltr'><strong>διπλασίας</strong></span> 
     </span>
    </p>
   </div>
   <div class='ocr_carea' id='block_1_21' title="bbox 1053 244 1543 281">
    <p class='ocr_par' dir='ltr' id='par_1_21' title="bbox 1053 244 1543 281">
     <span class='ocr_line' id='line_1_21' title="bbox 1053 244 1543 281; baseline 0.002 -11"><span class='ocrx_word' id='word_1_100' title='bbox 1053 245 1101 271; x_wconf 77' lang='grc' dir='ltr'>καὶ</span> <span class='ocrx_word' id='word_1_101' title='bbox 1117 245 1280 279; x_wconf 72' lang='grc' dir='ltr'><strong>τριπλασίας</strong></span> <span class='ocrx_word' id='word_1_102' title='bbox 1296 245 1370 278; x_wconf 76' lang='grc' dir='ltr'>ἄξιον</span> <span class='ocrx_word' id='word_1_103' title='bbox 1387 244 1543 281; x_wconf 83' lang='grc' dir='ltr'>τιμωρίας;</span> 
     </span>
    </p>
   </div>
   <div class='ocr_carea' id='block_1_22' title="bbox 1089 286 1337 321">
    <p class='ocr_par' dir='ltr' id='par_1_22' title="bbox 1089 286 1337 321">
     <span class='ocr_line' id='line_1_22' title="bbox 1089 286 1337 321; baseline 0.004 -9"><span class='ocrx_word' id='word_1_104' title='bbox 1089 287 1189 312; x_wconf 85' lang='grc' dir='ltr'><strong>ΕΡΛΝ.</strong></span> <span class='ocrx_word' id='word_1_105' title='bbox 1214 286 1337 321; x_wconf 80' lang='grc' dir='ltr'>Ἀληθές.</span> 
     </span>
    </p>
   </div>
   <div class='ocr_carea' id='block_1_23' title="bbox 1090 331 1841 368">
    <p class='ocr_par' dir='ltr' id='par_1_23' title="bbox 1090 331 1841 368">
     <span class='ocr_line' id='line_1_23' title="bbox 1090 331 1841 368; baseline 0.007 -10"><span class='ocrx_word' id='word_1_106' title='bbox 1090 332 1167 359; x_wconf 82' lang='grc' dir='ltr'><strong>ΟΡΘ.</strong></span> <span class='ocrx_word' id='word_1_107' title='bbox 1186 332 1237 358; x_wconf 86' lang='grc' dir='ltr'><strong>Τὸν</strong></span> <span class='ocrx_word' id='word_1_108' title='bbox 1251 332 1280 359; x_wconf 82' lang='grc' dir='ltr'>δὲ</span> <span class='ocrx_word' id='word_1_109' title='bbox 1298 332 1421 358; x_wconf 77' lang='grc' dir='ltr'>διάϐολον</span> <span class='ocrx_word' id='word_1_110' title='bbox 1442 333 1520 365; x_wconf 85' lang='grc' dir='ltr'>ποίας</span> <span class='ocrx_word' id='word_1_111' title='bbox 1538 332 1629 360; x_wconf 75' lang='grc' dir='ltr'>θετέον</span> <span class='ocrx_word' id='word_1_112' title='bbox 1651 332 1780 368; x_wconf 75' lang='grc' dir='ltr'>μερίδος;</span> <span class='ocrx_word' id='word_1_113' title='bbox 1796 331 1841 358; x_wconf 87' lang='grc' dir='ltr'>δι·</span> 
     </span>
    </p>
   </div>
   <div class='ocr_carea' id='block_1_24' title="bbox 1053 375 1573 414">
    <p class='ocr_par' dir='ltr' id='par_1_24' title="bbox 1053 375 1573 414">
     <span class='ocr_line' id='line_1_24' title="bbox 1053 375 1573 414; baseline 0.004 -11"><span class='ocrx_word' id='word_1_114' title='bbox 1053 377 1186 404; x_wconf 78' lang='grc' dir='ltr'>δάσκαλον</span> <span class='ocrx_word' id='word_1_115' title='bbox 1201 375 1271 404; x_wconf 82' lang='grc' dir='ltr'>εἷναί</span> <span class='ocrx_word' id='word_1_116' title='bbox 1284 386 1383 412; x_wconf 77' lang='grc' dir='ltr'>φαμεν,</span> <span class='ocrx_word' id='word_1_117' title='bbox 1399 378 1415 412; x_wconf 88' lang='grc' dir='ltr'>ἢ</span> <span class='ocrx_word' id='word_1_118' title='bbox 1435 379 1573 414; x_wconf 82' lang='grc' dir='ltr'>μαθητήν;</span> 
     </span>
    </p>
   </div>
   <div class='ocr_carea' id='block_1_25' title="bbox 1090 421 1842 457">
    <p class='ocr_par' dir='ltr' id='par_1_25' title="bbox 1090 421 1842 457">
     <span class='ocr_line' id='line_1_25' title="bbox 1090 421 1842 457; baseline 0 -9"><span class='ocrx_word' id='word_1_119' title='bbox 1090 422 1189 448; x_wconf 79' lang='grc' dir='ltr'><strong>ΕΡΛΝ,</strong></span> <span class='ocrx_word' id='word_1_120' title='bbox 1202 422 1374 448; x_wconf 82' lang='grc' dir='ltr'>Διδαοκάλων</span> <span class='ocrx_word' id='word_1_121' title='bbox 1389 423 1438 457; x_wconf 81' lang='grc' dir='ltr'>μὲν</span> <span class='ocrx_word' id='word_1_122' title='bbox 1448 421 1494 449; x_wconf 77' lang='grc' dir='ltr'>οὖν</span> <span class='ocrx_word' id='word_1_123' title='bbox 1503 423 1670 450; x_wconf 72' lang='grc' dir='ltr'>διδάσκαλον.</span> <span class='ocrx_word' id='word_1_124' title='bbox 1685 423 1769 454; x_wconf 59' lang='grc' dir='ltr'>Δῦτδς</span> <span class='ocrx_word' id='word_1_125' title='bbox 1782 421 1842 457; x_wconf 78' lang='grc' dir='ltr'>γὰρ</span> 
     </span>
    </p>
   </div>
   <div class='ocr_carea' id='block_1_26' title="bbox 1054 466 1744 503">
    <p class='ocr_par' dir='ltr' id='par_1_26' title="bbox 1054 466 1744 503">
     <span class='ocr_line' id='line_1_26' title="bbox 1054 466 1744 503; baseline 0.004 -11"><span class='ocrx_word' id='word_1_126' title='bbox 1054 466 1144 500; x_wconf 76' lang='grc' dir='ltr'>πάσης</span> <span class='ocrx_word' id='word_1_127' title='bbox 1161 467 1260 498; x_wconf 79' lang='grc' dir='ltr'>κακίας</span> <span class='ocrx_word' id='word_1_128' title='bbox 1274 467 1332 494; x_wconf 68' lang='grc' dir='ltr'>ἐστὶ</span> <span class='ocrx_word' id='word_1_129' title='bbox 1346 468 1392 494; x_wconf 76' lang='grc' dir='ltr'>καὶ</span> <span class='ocrx_word' id='word_1_130' title='bbox 1407 469 1496 503; x_wconf 73' lang='grc' dir='ltr'>πατὴρ</span> <span class='ocrx_word' id='word_1_131' title='bbox 1512 469 1558 495; x_wconf 77' lang='grc' dir='ltr'>καὶ</span> <span class='ocrx_word' id='word_1_132' title='bbox 1573 468 1744 499; x_wconf 75' lang='grc' dir='ltr'>διδάσκαλος.</span> 
     </span>
    </p>
   </div>
   <div class='ocr_carea' id='block_1_27' title="bbox 1089 512 1836 549">
    <p class='ocr_par' dir='ltr' id='par_1_27' title="bbox 1089 512 1836 549">
     <span class='ocr_line' id='line_1_27' title="bbox 1089 512 1836 549; baseline 0.003 -11"><span class='ocrx_word' id='word_1_133' title='bbox 1089 512 1164 539; x_wconf 85' lang='grc' dir='ltr'><strong>ΟΡΘ.</strong></span> <span class='ocrx_word' id='word_1_134' title='bbox 1181 513 1259 543; x_wconf 78' lang='grc' dir='ltr'>Τίνες</span> <span class='ocrx_word' id='word_1_135' title='bbox 1271 512 1299 539; x_wconf 79' lang='grc' dir='ltr'>δὲ</span> <span class='ocrx_word' id='word_1_136' title='bbox 1314 513 1368 548; x_wconf 80' lang='grc' dir='ltr'>ἄρα</span> <span class='ocrx_word' id='word_1_137' title='bbox 1390 513 1483 540; x_wconf 81' lang='grc' dir='ltr'>τούτου</span> <span class='ocrx_word' id='word_1_138' title='bbox 1498 513 1648 549; x_wconf 82' lang='grc' dir='ltr'>ἀνθρώπων</span> <span class='ocrx_word' id='word_1_139' title='bbox 1664 513 1768 549; x_wconf 83' lang='grc' dir='ltr'>πρῶτοι</span> <span class='ocrx_word' id='word_1_140' title='bbox 1785 522 1836 546; x_wconf 80' lang='grc' dir='ltr'>γε·</span> 
     </span>
    </p>
   </div>
   <div class='ocr_carea' id='block_1_28' title="bbox 1059 557 1341 592">
    <p class='ocr_par' dir='ltr' id='par_1_28' title="bbox 1059 557 1341 592">
     <span class='ocr_line' id='line_1_28' title="bbox 1059 557 1341 592; baseline 0.007 -10"><span class='ocrx_word' id='word_1_141' title='bbox 1059 557 1182 591; x_wconf 77' lang='grc' dir='ltr'>ίένηνται</span> <span class='ocrx_word' id='word_1_142' title='bbox 1200 558 1318 592; x_wconf 81' lang='grc' dir='ltr'>μαθηταί</span> <span class='ocrx_word' id='word_1_143' title='bbox 1333 566 1341 591; x_wconf 87' lang='grc'>;</span> 
     </span>
    </p>
   </div>
   <div class='ocr_carea' id='block_1_29' title="bbox 1091 602 1535 640">
    <p class='ocr_par' dir='ltr' id='par_1_29' title="bbox 1091 602 1535 640">
     <span class='ocr_line' id='line_1_29' title="bbox 1091 602 1535 640; baseline 0.007 -12"><span class='ocrx_word' id='word_1_144' title='bbox 1091 603 1192 630; x_wconf 85' lang='lat' dir='ltr'><strong>EPAN.</strong></span> <span class='ocrx_word' id='word_1_145' title='bbox 1211 603 1239 629; x_wconf 84' lang='lat'><strong>&#39;0</strong></span> <span class='ocrx_word' id='word_1_146' title='bbox 1265 604 1359 638; x_wconf 74' lang='grc' dir='ltr'>Ἀδὰμ,</span> <span class='ocrx_word' id='word_1_147' title='bbox 1378 604 1453 640; x_wconf 79' lang='grc' dir='ltr'>καὶὴ</span> <span class='ocrx_word' id='word_1_148' title='bbox 1470 602 1535 632; x_wconf 78' lang='grc' dir='ltr'>Εὕα.</span> 
     </span>
    </p>
   </div>
   <div class='ocr_carea' id='block_1_30' title="bbox 1091 649 1822 685">
    <p class='ocr_par' dir='ltr' id='par_1_30' title="bbox 1091 649 1822 685">
     <span class='ocr_line' id='line_1_30' title="bbox 1091 649 1822 685; baseline 0.007 -11"><span class='ocrx_word' id='word_1_149' title='bbox 1091 649 1165 675; x_wconf 85' lang='grc' dir='ltr'><strong>ΟΡΘ.</strong></span> <span class='ocrx_word' id='word_1_150' title='bbox 1183 649 1261 680; x_wconf 81' lang='grc' dir='ltr'>Τίνες</span> <span class='ocrx_word' id='word_1_151' title='bbox 1273 649 1300 676; x_wconf 79' lang='grc' dir='ltr'>δὲ</span> <span class='ocrx_word' id='word_1_152' title='bbox 1315 649 1364 685; x_wconf 87' lang='grc' dir='ltr'>τὴν</span> <span class='ocrx_word' id='word_1_153' title='bbox 1380 649 1471 684; x_wconf 77' lang='grc' dir='ltr'>ψῆφον</span> <span class='ocrx_word' id='word_1_154' title='bbox 1487 651 1533 677; x_wconf 83' lang='grc' dir='ltr'>τοῦ</span> <span class='ocrx_word' id='word_1_155' title='bbox 1549 650 1664 678; x_wconf 81' lang='grc' dir='ltr'>θανάτου</span> <span class='ocrx_word' id='word_1_156' title='bbox 1677 650 1822 684; x_wconf 81' lang='grc' dir='ltr'>ἐδέξαντο;</span> 
     </span>
    </p>
   </div>
   <div class='ocr_carea' id='block_1_31' title="bbox 1090 694 1712 731">
    <p class='ocr_par' dir='ltr' id='par_1_31' title="bbox 1090 694 1712 731">
     <span class='ocr_line' id='line_1_31' title="bbox 1090 694 1712 731; baseline 0.008 -11"><span class='ocrx_word' id='word_1_157' title='bbox 1090 694 1190 722; x_wconf 79' lang='lat' dir='ltr'><strong>EPAN.</strong></span> <span class='ocrx_word' id='word_1_158' title='bbox 1213 695 1241 720; x_wconf 85' lang='lat'><strong>&#39;0</strong></span> <span class='ocrx_word' id='word_1_159' title='bbox 1260 695 1355 730; x_wconf 73' lang='grc' dir='ltr'>Ἀδὰμ.</span> <span class='ocrx_word' id='word_1_160' title='bbox 1368 696 1414 722; x_wconf 72' lang='grc' dir='ltr'>καὶ</span> <span class='ocrx_word' id='word_1_161' title='bbox 1427 697 1480 722; x_wconf 80' lang='grc' dir='ltr'>πᾶν</span> <span class='ocrx_word' id='word_1_162' title='bbox 1495 697 1571 723; x_wconf 84' lang='grc' dir='ltr'>τοῦδε</span> <span class='ocrx_word' id='word_1_163' title='bbox 1585 697 1615 724; x_wconf 73' lang='grc' dir='ltr'>τὸ</span> <span class='ocrx_word' id='word_1_164' title='bbox 1625 698 1712 731; x_wconf 83' lang='grc' dir='ltr'>γένος.</span> 
     </span>
    </p>
   </div>
   <div class='ocr_carea' id='block_1_32' title="bbox 1089 740 1841 779">
    <p class='ocr_par' dir='ltr' id='par_1_32' title="bbox 1089 740 1841 779">
     <span class='ocr_line' id='line_1_32' title="bbox 1089 740 1841 779; baseline 0.007 -13"><span class='ocrx_word' id='word_1_165' title='bbox 1089 740 1165 767; x_wconf 83' lang='grc' dir='ltr'><strong>ΟΡΘ.</strong></span> <span class='ocrx_word' id='word_1_166' title='bbox 1189 741 1220 766; x_wconf 84' lang='grc' dir='ltr'><strong>Οἱ</strong></span> <span class='ocrx_word' id='word_1_167' title='bbox 1242 740 1362 776; x_wconf 76' lang='grc' dir='ltr'>μαθηταὶ</span> <span class='ocrx_word' id='word_1_168' title='bbox 1376 741 1430 776; x_wconf 85' lang='grc' dir='ltr'>ἆρα</span> <span class='ocrx_word' id='word_1_169' title='bbox 1447 742 1522 773; x_wconf 72' lang='grc' dir='ltr'>δίκας</span> <span class='ocrx_word' id='word_1_170' title='bbox 1535 743 1630 770; x_wconf 69' lang='grc' dir='ltr'>ἔδοσαν</span> <span class='ocrx_word' id='word_1_171' title='bbox 1646 743 1715 779; x_wconf 76' lang='grc' dir='ltr'>ὑπὲρ</span> <span class='ocrx_word' id='word_1_172' title='bbox 1737 740 1775 770; x_wconf 78' lang='grc' dir='ltr'>ὧν</span> <span class='ocrx_word' id='word_1_173' title='bbox 1790 752 1841 770; x_wconf 80' lang='grc' dir='ltr'>κα-</span> 
     </span>
    </p>
   </div>
   <div class='ocr_carea' id='block_1_33' title="bbox 1054 785 1841 825">
    <p class='ocr_par' dir='ltr' id='par_1_33' title="bbox 1054 785 1841 825">
     <span class='ocr_line' id='line_1_33' title="bbox 1054 785 1841 825; baseline 0.008 -14"><span class='ocrx_word' id='word_1_174' title='bbox 1054 785 1108 817; x_wconf 83' lang='grc' dir='ltr'>κῶς</span> <span class='ocrx_word' id='word_1_175' title='bbox 1125 785 1302 821; x_wconf 72' lang='grc' dir='ltr'><strong>ἐδιδάχθησαν</strong></span> <span class='ocrx_word' id='word_1_176' title='bbox 1313 794 1320 802; x_wconf 88' lang='grc'>·</span> <span class='ocrx_word' id='word_1_177' title='bbox 1338 787 1382 813; x_wconf 85' lang='grc' dir='ltr'>τὸν</span> <span class='ocrx_word' id='word_1_178' title='bbox 1399 787 1427 813; x_wconf 79' lang='grc' dir='ltr'><strong>δέ</strong></span> <span class='ocrx_word' id='word_1_179' title='bbox 1442 795 1472 822; x_wconf 81' lang='grc' dir='ltr'><strong>γε</strong></span> <span class='ocrx_word' id='word_1_180' title='bbox 1493 787 1661 822; x_wconf 80' lang='grc' dir='ltr'>διδάσκαλον,</span> <span class='ocrx_word' id='word_1_181' title='bbox 1683 789 1713 816; x_wconf 78' lang='grc' dir='ltr'>ὃν</span> <span class='ocrx_word' id='word_1_182' title='bbox 1735 790 1841 825; x_wconf 78' lang='grc' dir='ltr'><strong>ἀρτίως</strong></span> 
     </span>
    </p>
   </div>
   <div class='ocr_carea' id='block_1_34' title="bbox 210 831 998 873">
    <p class='ocr_par' dir='ltr' id='par_1_34' title="bbox 210 837 998 873">
     <span class='ocr_line' id='line_1_34' title="bbox 210 837 998 873; baseline 0.003 -10"><span class='ocrx_word' id='word_1_183' title='bbox 210 837 274 872; x_wconf 87' lang='lat' dir='ltr'><strong>plici</strong></span> <span class='ocrx_word' id='word_1_184' title='bbox 300 845 332 864; x_wconf 87' lang='lat' dir='ltr'><strong>ac</strong></span> <span class='ocrx_word' id='word_1_185' title='bbox 349 837 449 872; x_wconf 83' lang='lat' dir='ltr'><strong>triplici</strong></span> <span class='ocrx_word' id='word_1_186' title='bbox 467 845 547 872; x_wconf 58' lang='lat' dir='ltr'><strong>poena</strong></span> <span class='ocrx_word' id='word_1_187' title='bbox 566 837 678 872; x_wconf 81' lang='lat' dir='ltr'><strong>dignum</strong></span> <span class='ocrx_word' id='word_1_188' title='bbox 693 838 867 871; x_wconf 81' lang='lat' dir='ltr'><strong>dicebamus,</strong></span> <span class='ocrx_word' id='word_1_189' title='bbox 890 847 998 873; x_wconf 74' lang='lat' dir='ltr'><strong>pmnam</strong></span> 
     </span>
    </p>
   </div>
   <div class='ocr_carea' id='block_1_35' title="bbox 1068 831 1839 873">
    <p class='ocr_par' dir='ltr' id='par_1_35' title="bbox 1068 831 1839 869">
     <span class='ocr_line' id='line_1_35' title="bbox 1068 831 1839 869; baseline 0.006 -12"><span class='ocrx_word' id='word_1_190' title='bbox 1068 831 1200 867; x_wconf 81' lang='grc' dir='ltr'>ἱρήκαμεν</span> <span class='ocrx_word' id='word_1_191' title='bbox 1218 832 1361 863; x_wconf 74' lang='grc' dir='ltr'>διπλασίας</span> <span class='ocrx_word' id='word_1_192' title='bbox 1376 831 1446 859; x_wconf 83' lang='grc' dir='ltr'>εἶναι</span> <span class='ocrx_word' id='word_1_193' title='bbox 1462 833 1507 859; x_wconf 77' lang='grc' dir='ltr'>καὶ</span> <span class='ocrx_word' id='word_1_194' title='bbox 1523 834 1685 869; x_wconf 72' lang='grc' dir='ltr'>τριπλασίας</span> <span class='ocrx_word' id='word_1_195' title='bbox 1704 843 1735 868; x_wconf 84' lang='grc' dir='ltr'><strong>γε</strong></span> <span class='ocrx_word' id='word_1_196' title='bbox 1755 835 1839 862; x_wconf 81' lang='grc' dir='ltr'>κολά-</span> 
     </span>
    </p>
   </div>
   <div class='ocr_carea' id='block_1_36' title="bbox 209 881 511 917">
    <p class='ocr_par' dir='ltr' id='par_1_36' title="bbox 209 881 511 917">
     <span class='ocr_line' id='line_1_36' title="bbox 209 881 511 917; baseline 0.003 -10"><span class='ocrx_word' id='word_1_197' title='bbox 209 882 331 909; x_wconf 81' lang='lat' dir='ltr'><strong>evasisse</strong></span> <span class='ocrx_word' id='word_1_198' title='bbox 347 881 511 917; x_wconf 76' lang='lat' dir='ltr'><strong>(dicemus)?</strong></span> 
     </span>
    </p>
   </div>
   <div class='ocr_carea' id='block_1_37' title="bbox 247 927 517 955">
    <p class='ocr_par' dir='ltr' id='par_1_37' title="bbox 247 927 517 955">
     <span class='ocr_line' id='line_1_37' title="bbox 247 927 517 955; baseline 0 -1"><span class='ocrx_word' id='word_1_199' title='bbox 247 929 255 937; x_wconf 88' lang='lat'><strong><em>‘</em></strong></span> <span class='ocrx_word' id='word_1_200' title='bbox 271 927 374 954; x_wconf 82' lang='lat' dir='ltr'><strong>ERAN.</strong></span> <span class='ocrx_word' id='word_1_201' title='bbox 395 927 517 955; x_wconf 79' lang='lat' dir='ltr'><strong>Videtur.</strong></span> 
     </span>
    </p>
   </div>
   <div class='ocr_carea' id='block_1_38' title="bbox 245 971 999 1006">
    <p class='ocr_par' dir='ltr' id='par_1_38' title="bbox 245 971 999 1006">
     <span class='ocr_line' id='line_1_38' title="bbox 245 971 999 1006; baseline 0.003 -8"><span class='ocrx_word' id='word_1_202' title='bbox 245 971 350 998; x_wconf 74' lang='lat' dir='ltr'><strong>OltTH.</strong></span> <span class='ocrx_word' id='word_1_203' title='bbox 379 972 411 999; x_wconf 87' lang='lat' dir='ltr'><strong>Et</strong></span> <span class='ocrx_word' id='word_1_204' title='bbox 437 975 539 1003; x_wconf 77' lang='lat' dir='ltr'><strong>tamen,</strong></span> <span class='ocrx_word' id='word_1_205' title='bbox 568 971 693 1006; x_wconf 80' lang='lat' dir='ltr'><strong>quamvis</strong></span> <span class='ocrx_word' id='word_1_206' title='bbox 709 972 768 999; x_wconf 67' lang='lat' dir='ltr'><strong>haac</strong></span> <span class='ocrx_word' id='word_1_207' title='bbox 789 972 826 999; x_wconf 88' lang='lat' dir='ltr'><strong>ita</strong></span> <span class='ocrx_word' id='word_1_208' title='bbox 849 973 919 1000; x_wconf 81' lang='lat' dir='ltr'><strong>facta</strong></span> <span class='ocrx_word' id='word_1_209' title='bbox 933 973 999 1006; x_wconf 85' lang='lat' dir='ltr'><strong>sint,</strong></span> 
     </span>
    </p>
   </div>
   <div class='ocr_carea' id='block_1_39' title="bbox 212 1016 842 1051">
    <p class='ocr_par' dir='ltr' id='par_1_39' title="bbox 212 1016 842 1051">
     <span class='ocr_line' id='line_1_39' title="bbox 212 1016 842 1051; baseline 0.003 -9"><span class='ocrx_word' id='word_1_210' title='bbox 212 1017 317 1051; x_wconf 90' lang='lat' dir='ltr'><strong>justum</strong></span> <span class='ocrx_word' id='word_1_211' title='bbox 329 1017 450 1051; x_wconf 69' lang='lat' dir='ltr'><strong>judicent</strong></span> <span class='ocrx_word' id='word_1_212' title='bbox 463 1020 490 1043; x_wconf 89' lang='lat' dir='ltr'><strong>et</strong></span> <span class='ocrx_word' id='word_1_213' title='bbox 505 1016 607 1044; x_wconf 87' lang='lat' dir='ltr'><strong>scimus</strong></span> <span class='ocrx_word' id='word_1_214' title='bbox 618 1022 646 1044; x_wconf 89' lang='lat' dir='ltr'><strong>et</strong></span> <span class='ocrx_word' id='word_1_215' title='bbox 658 1018 842 1045; x_wconf 82' lang='lat' dir='ltr'><strong>nominamus.</strong></span> 
     </span>
    </p>
   </div>
   <div class='ocr_carea' id='block_1_40' title="bbox 245 1061 497 1089">
    <p class='ocr_par' dir='ltr' id='par_1_40' title="bbox 245 1061 497 1089">
     <span class='ocr_line' id='line_1_40' title="bbox 245 1061 497 1089; baseline 0.004 -1"><span class='ocrx_word' id='word_1_216' title='bbox 245 1061 349 1089; x_wconf 77' lang='lat' dir='ltr'><strong>ERAN.</strong></span> <span class='ocrx_word' id='word_1_217' title='bbox 368 1062 497 1089; x_wconf 81' lang='lat' dir='ltr'><strong>Maxime.</strong></span> 
     </span>
    </p>
   </div>
   <div class='ocr_carea' id='block_1_41' title="bbox 245 1107 1002 1144">
    <p class='ocr_par' dir='ltr' id='par_1_41' title="bbox 245 1107 1002 1144">
     <span class='ocr_line' id='line_1_41' title="bbox 245 1107 1002 1144; baseline 0.004 -9"><span class='ocrx_word' id='word_1_218' title='bbox 245 1107 414 1135; x_wconf 78' lang='lat' dir='ltr'><strong>0RTll.Cur</strong></span> <span class='ocrx_word' id='word_1_219' title='bbox 426 1116 502 1143; x_wconf 82' lang='lat' dir='ltr'><strong>ergo,</strong></span> <span class='ocrx_word' id='word_1_220' title='bbox 514 1116 576 1135; x_wconf 91' lang='lat' dir='ltr'><strong>cum</strong></span> <span class='ocrx_word' id='word_1_221' title='bbox 589 1109 626 1136; x_wconf 88' lang='lat' dir='ltr'><strong>sit</strong></span> <span class='ocrx_word' id='word_1_222' title='bbox 636 1109 738 1144; x_wconf 87' lang='lat' dir='ltr'><strong>justus,</strong></span> <span class='ocrx_word' id='word_1_223' title='bbox 753 1110 833 1144; x_wconf 75' lang='lat'><strong>182</strong></span> <span class='ocrx_word' id='word_1_224' title='bbox 851 1110 929 1138; x_wconf 73' lang='lat' dir='ltr'><strong>mala:</strong></span> <span class='ocrx_word' id='word_1_225' title='bbox 938 1110 1002 1138; x_wconf 60' lang='lat' dir='ltr'><strong>doc,</strong></span> 
     </span>
    </p>
   </div>
   <div class='ocr_carea' id='block_1_42' title="bbox 211 1154 725 1190">
    <p class='ocr_par' dir='ltr' id='par_1_42' title="bbox 211 1154 725 1190">
     <span class='ocr_line' id='line_1_42' title="bbox 211 1154 725 1190; baseline 0.004 -10"><span class='ocrx_word' id='word_1_226' title='bbox 211 1154 293 1181; x_wconf 79' lang='lat' dir='ltr'><strong>trime</strong></span> <span class='ocrx_word' id='word_1_227' title='bbox 306 1154 441 1181; x_wconf 86' lang='lat' dir='ltr'><strong>rationem</strong></span> <span class='ocrx_word' id='word_1_228' title='bbox 455 1155 490 1181; x_wconf 88' lang='lat' dir='ltr'><strong>ab</strong></span> <span class='ocrx_word' id='word_1_229' title='bbox 502 1162 535 1182; x_wconf 88' lang='lat' dir='ltr'><strong>eo</strong></span> <span class='ocrx_word' id='word_1_230' title='bbox 548 1162 602 1182; x_wconf 92' lang='lat' dir='ltr'><strong>non</strong></span> <span class='ocrx_word' id='word_1_231' title='bbox 618 1155 725 1190; x_wconf 80' lang='lat' dir='ltr'><strong>exegit?</strong></span> 
     </span>
    </p>
   </div>
   <div class='ocr_carea' id='block_1_43' title="bbox 245 1198 1002 1235">
    <p class='ocr_par' dir='ltr' id='par_1_43' title="bbox 245 1198 1002 1235">
     <span class='ocr_line' id='line_1_43' title="bbox 245 1198 1002 1235; baseline 0.004 -9"><span class='ocrx_word' id='word_1_232' title='bbox 245 1198 347 1226; x_wconf 73' lang='lat' dir='ltr'><strong>EllAN.</strong></span> <span class='ocrx_word' id='word_1_233' title='bbox 375 1198 628 1234; x_wconf 83' lang='lat' dir='ltr'><strong>lnexstinguibilem</strong></span> <span class='ocrx_word' id='word_1_234' title='bbox 644 1200 695 1234; x_wconf 90' lang='lat' dir='ltr'><strong>ipsi</strong></span> <span class='ocrx_word' id='word_1_235' title='bbox 724 1200 854 1235; x_wconf 76' lang='lat' dir='ltr'><strong>gehenna:</strong></span> <span class='ocrx_word' id='word_1_236' title='bbox 866 1201 1002 1229; x_wconf 84' lang='lat' dir='ltr'><strong>ﬂammam</strong></span> 
     </span>
    </p>
   </div>
   <div class='ocr_carea' id='block_1_44' title="bbox 209 1245 1000 1281">
    <p class='ocr_par' dir='ltr' id='par_1_44' title="bbox 209 1245 1000 1281">
     <span class='ocr_line' id='line_1_44' title="bbox 209 1245 1000 1281; baseline 0.005 -11"><span class='ocrx_word' id='word_1_237' title='bbox 209 1245 380 1279; x_wconf 72' lang='lat' dir='ltr'><strong>praeparavit.</strong></span> <span class='ocrx_word' id='word_1_238' title='bbox 411 1245 569 1272; x_wconf 65' lang='lat' dir='ltr'><strong>iDiscedite</strong></span> <span class='ocrx_word' id='word_1_239' title='bbox 598 1246 691 1278; x_wconf 83' lang='lat' dir='ltr'><strong>enim,</strong></span> <span class='ocrx_word' id='word_1_240' title='bbox 721 1246 828 1281; x_wconf 87' lang='lat' dir='ltr'><strong>inquit,</strong></span> <span class='ocrx_word' id='word_1_241' title='bbox 853 1247 1000 1280; x_wconf 82' lang='lat' dir='ltr'><strong>maledicti,</strong></span> 
     </span>
    </p>
   </div>
   <div class='ocr_carea' id='block_1_45' title="bbox 212 1290 1001 1326">
    <p class='ocr_par' dir='ltr' id='par_1_45' title="bbox 212 1290 1001 1326">
     <span class='ocr_line' id='line_1_45' title="bbox 212 1290 1001 1326; baseline 0.006 -10"><span class='ocrx_word' id='word_1_242' title='bbox 212 1290 242 1317; x_wconf 85' lang='lat' dir='ltr'><strong>iu</strong></span> <span class='ocrx_word' id='word_1_243' title='bbox 263 1290 353 1325; x_wconf 73' lang='lat' dir='ltr'><strong>ignem</strong></span> <span class='ocrx_word' id='word_1_244' title='bbox 371 1295 517 1323; x_wconf 64' lang='lat' dir='ltr'><strong>aeternum,</strong></span> <span class='ocrx_word' id='word_1_245' title='bbox 535 1292 582 1326; x_wconf 88' lang='lat' dir='ltr'><strong>qui</strong></span> <span class='ocrx_word' id='word_1_246' title='bbox 599 1298 711 1326; x_wconf 89' lang='lat' dir='ltr'><strong>paratus</strong></span> <span class='ocrx_word' id='word_1_247' title='bbox 723 1298 765 1320; x_wconf 88' lang='lat' dir='ltr'><strong>est</strong></span> <span class='ocrx_word' id='word_1_248' title='bbox 781 1293 891 1320; x_wconf 78' lang='lat' dir='ltr'><strong>diabolo</strong></span> <span class='ocrx_word' id='word_1_249' title='bbox 907 1298 936 1321; x_wconf 82' lang='lat' dir='ltr'><strong>et</strong></span> <span class='ocrx_word' id='word_1_250' title='bbox 951 1303 1001 1321; x_wconf 85' lang='lat' dir='ltr'><strong>an-</strong></span> 
     </span>
    </p>
   </div>
   <div class='ocr_carea' id='block_1_46' title="bbox 209 1335 1001 1372">
    <p class='ocr_par' dir='ltr' id='par_1_46' title="bbox 209 1335 1001 1372">
     <span class='ocr_line' id='line_1_46' title="bbox 209 1335 1001 1372; baseline 0.008 -11"><span class='ocrx_word' id='word_1_251' title='bbox 209 1335 278 1370; x_wconf 77' lang='lat' dir='ltr'><strong>gelis</strong></span> <span class='ocrx_word' id='word_1_252' title='bbox 292 1336 351 1370; x_wconf 75' lang='lat' dir='ltr'><strong>ejus</strong></span> <span class='ocrx_word' id='word_1_253' title='bbox 361 1337 393 1362; x_wconf 85' lang='lat'><strong>“.</strong></span> <span class='ocrx_word' id='word_1_254' title='bbox 406 1345 414 1360; x_wconf 80' lang='grc' dir='ltr'><strong>ι</strong></span> <span class='ocrx_word' id='word_1_255' title='bbox 435 1335 485 1363; x_wconf 89' lang='lat' dir='ltr'><strong>Hic</strong></span> <span class='ocrx_word' id='word_1_256' title='bbox 500 1340 591 1364; x_wconf 86' lang='lat' dir='ltr'><strong>autem</strong></span> <span class='ocrx_word' id='word_1_257' title='bbox 608 1341 754 1372; x_wconf 89' lang='lat' dir='ltr'><strong>propterea</strong></span> <span class='ocrx_word' id='word_1_258' title='bbox 772 1338 800 1365; x_wconf 89' lang='lat' dir='ltr'><strong>in</strong></span> <span class='ocrx_word' id='word_1_259' title='bbox 814 1344 901 1366; x_wconf 85' lang='lat' dir='ltr'><strong>morte</strong></span> <span class='ocrx_word' id='word_1_260' title='bbox 916 1339 1001 1367; x_wconf 85' lang='lat' dir='ltr'><strong>disci—</strong></span> 
     </span>
    </p>
   </div>
   <div class='ocr_carea' id='block_1_47' title="bbox 211 1378 1001 1416">
    <p class='ocr_par' dir='ltr' id='par_1_47' title="bbox 211 1378 1001 1416">
     <span class='ocr_line' id='line_1_47' title="bbox 211 1378 1001 1416; baseline 0.009 -12"><span class='ocrx_word' id='word_1_261' title='bbox 211 1378 283 1412; x_wconf 87' lang='lat' dir='ltr'><strong>pulis</strong></span> <span class='ocrx_word' id='word_1_262' title='bbox 309 1387 364 1406; x_wconf 89' lang='lat' dir='ltr'><strong>non</strong></span> <span class='ocrx_word' id='word_1_263' title='bbox 385 1379 526 1415; x_wconf 73' lang='lat' dir='ltr'><strong>jungitur,</strong></span> <span class='ocrx_word' id='word_1_264' title='bbox 546 1380 611 1416; x_wconf 85' lang='lat' dir='ltr'><strong>quia</strong></span> <span class='ocrx_word' id='word_1_265' title='bbox 629 1385 756 1408; x_wconf 84' lang='lat' dir='ltr'><strong>naturam</strong></span> <span class='ocrx_word' id='word_1_266' title='bbox 782 1382 865 1410; x_wconf 80' lang='lat' dir='ltr'><strong>habet</strong></span> <span class='ocrx_word' id='word_1_267' title='bbox 888 1384 1001 1411; x_wconf 84' lang='lat' dir='ltr'><strong>immor-</strong></span> 
     </span>
    </p>
   </div>
   <div class='ocr_carea' id='block_1_48' title="bbox 213 1423 307 1451">
    <p class='ocr_par' dir='ltr' id='par_1_48' title="bbox 213 1423 307 1451">
     <span class='ocr_line' id='line_1_48' title="bbox 213 1423 307 1451; baseline -0.011 0"><span class='ocrx_word' id='word_1_268' title='bbox 213 1423 307 1451; x_wconf 82' lang='lat' dir='ltr'><strong>talem.</strong></span> 
     </span>
    </p>
   </div>
   <div class='ocr_carea' id='block_1_49' title="bbox 245 1469 999 1509">
    <p class='ocr_par' dir='ltr' id='par_1_49' title="bbox 245 1469 999 1509">
     <span class='ocr_line' id='line_1_49' title="bbox 245 1469 999 1509; baseline 0.008 -13"><span class='ocrx_word' id='word_1_269' title='bbox 245 1469 350 1497; x_wconf 77' lang='lat' dir='ltr'><strong>ORTH.</strong></span> <span class='ocrx_word' id='word_1_270' title='bbox 369 1470 425 1498; x_wconf 87' lang='lat' dir='ltr'><strong>Nec</strong></span> <span class='ocrx_word' id='word_1_271' title='bbox 441 1470 525 1506; x_wconf 80' lang='lat' dir='ltr'><strong>igitur</strong></span> <span class='ocrx_word' id='word_1_272' title='bbox 539 1471 587 1506; x_wconf 89' lang='lat' dir='ltr'><strong>qui</strong></span> <span class='ocrx_word' id='word_1_273' title='bbox 602 1471 718 1498; x_wconf 80' lang='lat' dir='ltr'><strong>maxima</strong></span> <span class='ocrx_word' id='word_1_274' title='bbox 731 1472 846 1500; x_wconf 87' lang='lat' dir='ltr'><strong>crimina</strong></span> <span class='ocrx_word' id='word_1_275' title='bbox 859 1479 999 1509; x_wconf 86' lang='lat' dir='ltr'><strong>perpetra-</strong></span> 
     </span>
    </p>
   </div>
   <div class='ocr_carea' id='block_1_50' title="bbox 209 1516 998 1551">
    <p class='ocr_par' dir='ltr' id='par_1_50' title="bbox 209 1516 998 1551">
     <span class='ocr_line' id='line_1_50' title="bbox 209 1516 998 1551; baseline 0.01 -11"><span class='ocrx_word' id='word_1_276' title='bbox 209 1519 275 1541; x_wconf 88' lang='lat' dir='ltr'><strong>runt</strong></span> <span class='ocrx_word' id='word_1_277' title='bbox 302 1519 390 1542; x_wconf 87' lang='lat' dir='ltr'><strong>morte</strong></span> <span class='ocrx_word' id='word_1_278' title='bbox 414 1516 497 1550; x_wconf 81' lang='lat' dir='ltr'><strong>plecti</strong></span> <span class='ocrx_word' id='word_1_279' title='bbox 522 1521 653 1551; x_wconf 87' lang='lat' dir='ltr'><strong>possunt,</strong></span> <span class='ocrx_word' id='word_1_280' title='bbox 683 1517 706 1544; x_wconf 89' lang='lat' dir='ltr'><strong>si</strong></span> <span class='ocrx_word' id='word_1_281' title='bbox 736 1523 861 1546; x_wconf 89' lang='lat' dir='ltr'><strong>naturam</strong></span> <span class='ocrx_word' id='word_1_282' title='bbox 878 1520 998 1548; x_wconf 87' lang='lat' dir='ltr'><strong>habeant</strong></span> 
     </span>
    </p>
   </div>
   <div class='ocr_carea' id='block_1_51' title="bbox 209 1559 411 1587">
    <p class='ocr_par' dir='ltr' id='par_1_51' title="bbox 209 1559 411 1587">
     <span class='ocr_line' id='line_1_51' title="bbox 209 1559 411 1587; baseline 0.01 -2"><span class='ocrx_word' id='word_1_283' title='bbox 209 1559 411 1587; x_wconf 75' lang='lat' dir='ltr'><strong>immortalem?</strong></span> 
     </span>
    </p>
   </div>
   <div class='ocr_carea' id='block_1_52' title="bbox 244 1606 605 1634">
    <p class='ocr_par' dir='ltr' id='par_1_52' title="bbox 244 1606 605 1634">
     <span class='ocr_line' id='line_1_52' title="bbox 244 1606 605 1634; baseline 0.006 -2"><span class='ocrx_word' id='word_1_284' title='bbox 244 1606 345 1632; x_wconf 77' lang='lat' dir='ltr'><strong>ERAN.</strong></span> <span class='ocrx_word' id='word_1_285' title='bbox 365 1606 396 1633; x_wconf 91' lang='lat' dir='ltr'><strong>ln</strong></span> <span class='ocrx_word' id='word_1_286' title='bbox 411 1606 537 1634; x_wconf 80' lang='lat' dir='ltr'><strong>confesso</strong></span> <span class='ocrx_word' id='word_1_287' title='bbox 554 1611 605 1634; x_wconf 86' lang='lat' dir='ltr'><strong>est.</strong></span> 
     </span>
    </p>
   </div>
   <div class='ocr_carea' id='block_1_53' title="bbox 243 1650 999 1688">
    <p class='ocr_par' dir='ltr' id='par_1_53' title="bbox 243 1650 999 1688">
     <span class='ocr_line' id='line_1_53' title="bbox 243 1650 999 1688; baseline 0.011 -12"><span class='ocrx_word' id='word_1_288' title='bbox 243 1650 347 1677; x_wconf 76' lang='lat' dir='ltr'><strong>()ltTH.</strong></span> <span class='ocrx_word' id='word_1_289' title='bbox 380 1651 409 1677; x_wconf 87' lang='lat' dir='ltr'><strong>Si</strong></span> <span class='ocrx_word' id='word_1_290' title='bbox 435 1659 500 1687; x_wconf 78' lang='lat' dir='ltr'><strong>ergo</strong></span> <span class='ocrx_word' id='word_1_291' title='bbox 530 1660 582 1680; x_wconf 88' lang='lat' dir='ltr'><strong>nec</strong></span> <span class='ocrx_word' id='word_1_292' title='bbox 602 1653 661 1688; x_wconf 88' lang='lat' dir='ltr'><strong>ipse</strong></span> <span class='ocrx_word' id='word_1_293' title='bbox 678 1653 812 1681; x_wconf 84' lang='lat' dir='ltr'><strong>scelerum</strong></span> <span class='ocrx_word' id='word_1_294' title='bbox 825 1655 953 1684; x_wconf 81' lang='lat' dir='ltr'><strong>inventor</strong></span> <span class='ocrx_word' id='word_1_295' title='bbox 970 1661 999 1685; x_wconf 84' lang='lat' dir='ltr'><strong>et</strong></span> 
     </span>
    </p>
   </div>
   <div class='ocr_carea' id='block_1_54' title="bbox 202 1697 998 1735">
    <p class='ocr_par' dir='ltr' id='par_1_54' title="bbox 202 1697 998 1735">
     <span class='ocr_line' id='line_1_54' title="bbox 202 1697 998 1735; baseline 0.01 -13"><span class='ocrx_word' id='word_1_296' title='bbox 202 1697 339 1731; x_wconf 75' lang='lat' dir='ltr'><strong>.magister</strong></span> <span class='ocrx_word' id='word_1_297' title='bbox 354 1702 440 1725; x_wconf 86' lang='lat' dir='ltr'><strong>morte</strong></span> <span class='ocrx_word' id='word_1_298' title='bbox 454 1697 569 1726; x_wconf 68' lang='lat' dir='ltr'><strong>affectus</strong></span> <span class='ocrx_word' id='word_1_299' title='bbox 582 1704 624 1727; x_wconf 88' lang='lat' dir='ltr'><strong>est</strong></span> <span class='ocrx_word' id='word_1_300' title='bbox 636 1705 749 1735; x_wconf 89' lang='lat' dir='ltr'><strong>propter</strong></span> <span class='ocrx_word' id='word_1_301' title='bbox 765 1700 998 1730; x_wconf 87' lang='lat' dir='ltr'><strong>immortalitatem</strong></span> 
     </span>
    </p>
   </div>
   <div class='ocr_carea' id='block_1_55' title="bbox 210 1744 999 1778">
    <p class='ocr_par' dir='ltr' id='par_1_55' title="bbox 210 1744 999 1778">
     <span class='ocr_line' id='line_1_55' title="bbox 210 1744 999 1778; baseline 0.01 -10"><span class='ocrx_word' id='word_1_302' title='bbox 210 1747 324 1774; x_wconf 75' lang='lat' dir='ltr'><strong>naturze,</strong></span> <span class='ocrx_word' id='word_1_303' title='bbox 351 1744 490 1778; x_wconf 88' lang='lat' dir='ltr'><strong>quomodo</strong></span> <span class='ocrx_word' id='word_1_304' title='bbox 513 1752 569 1771; x_wconf 94' lang='lat' dir='ltr'><strong>non</strong></span> <span class='ocrx_word' id='word_1_305' title='bbox 593 1746 788 1774; x_wconf 87' lang='lat' dir='ltr'><strong>cohorrescitis</strong></span> <span class='ocrx_word' id='word_1_306' title='bbox 806 1747 929 1776; x_wconf 89' lang='lat' dir='ltr'><strong>dicentes</strong></span> <span class='ocrx_word' id='word_1_307' title='bbox 946 1749 999 1776; x_wconf 90' lang='lat' dir='ltr'><strong>im-</strong></span> 
     </span>
    </p>
   </div>
   <div class='ocr_carea' id='block_1_56' title="bbox 211 1788 947 1825">
    <p class='ocr_par' dir='ltr' id='par_1_56' title="bbox 211 1788 947 1825">
     <span class='ocr_line' id='line_1_56' title="bbox 211 1788 947 1825; baseline 0.01 -11"><span class='ocrx_word' id='word_1_308' title='bbox 211 1788 387 1815; x_wconf 84' lang='lat' dir='ltr'><strong>mortalitatis</strong></span> <span class='ocrx_word' id='word_1_309' title='bbox 407 1793 436 1816; x_wconf 84' lang='lat' dir='ltr'><strong>et</strong></span> <span class='ocrx_word' id='word_1_310' title='bbox 455 1789 570 1825; x_wconf 78' lang='lat' dir='ltr'><strong>justitize</strong></span> <span class='ocrx_word' id='word_1_311' title='bbox 585 1790 689 1818; x_wconf 80' lang='lat' dir='ltr'><strong>fontem</strong></span> <span class='ocrx_word' id='word_1_312' title='bbox 702 1797 816 1820; x_wconf 88' lang='lat' dir='ltr'><strong>mortem</strong></span> <span class='ocrx_word' id='word_1_313' title='bbox 829 1793 947 1822; x_wconf 86' lang='lat' dir='ltr'><strong>obiisse?</strong></span> 
     </span>
    </p>
   </div>
   <div class='ocr_carea' id='block_1_57' title="bbox 245 1877 1001 1916">
    <p class='ocr_par' dir='ltr' id='par_1_57' title="bbox 245 1877 1001 1916">
     <span class='ocr_line' id='line_1_57' title="bbox 245 1877 1001 1916; baseline 0.008 -12"><span class='ocrx_word' id='word_1_314' title='bbox 245 1877 348 1905; x_wconf 79' lang='lat' dir='ltr'><strong>ERAN.</strong></span> <span class='ocrx_word' id='word_1_315' title='bbox 379 1878 406 1905; x_wconf 92' lang='lat' dir='ltr'><strong>Si</strong></span> <span class='ocrx_word' id='word_1_316' title='bbox 423 1887 487 1905; x_wconf 85' lang='lat' dir='ltr'><strong>eum</strong></span> <span class='ocrx_word' id='word_1_317' title='bbox 514 1884 611 1907; x_wconf 88' lang='lat' dir='ltr'><strong>contra</strong></span> <span class='ocrx_word' id='word_1_318' title='bbox 626 1880 795 1908; x_wconf 85' lang='lat' dir='ltr'><strong>voluntatem</strong></span> <span class='ocrx_word' id='word_1_319' title='bbox 820 1890 929 1916; x_wconf 88' lang='lat' dir='ltr'><strong>passum</strong></span> <span class='ocrx_word' id='word_1_320' title='bbox 940 1891 1001 1911; x_wconf 85' lang='lat' dir='ltr'><strong>esse</strong></span> 
     </span>
    </p>
   </div>
   <div class='ocr_carea' id='block_1_58' title="bbox 209 1922 1000 1963">
    <p class='ocr_par' dir='ltr' id='par_1_58' title="bbox 209 1922 1000 1963">
     <span class='ocr_line' id='line_1_58' title="bbox 209 1922 1000 1963; baseline 0.008 -14"><span class='ocrx_word' id='word_1_321' title='bbox 209 1922 374 1955; x_wconf 77' lang='lat' dir='ltr'><strong>diceremus,</strong></span> <span class='ocrx_word' id='word_1_322' title='bbox 391 1924 497 1958; x_wconf 89' lang='lat' dir='ltr'><strong>justum</strong></span> <span class='ocrx_word' id='word_1_323' title='bbox 518 1924 632 1952; x_wconf 85' lang='lat' dir='ltr'><strong>haberet</strong></span> <span class='ocrx_word' id='word_1_324' title='bbox 650 1931 811 1960; x_wconf 70' lang='lat' dir='ltr'><strong>praetextum</strong></span> <span class='ocrx_word' id='word_1_325' title='bbox 829 1927 928 1959; x_wconf 88' lang='lat' dir='ltr'><strong>oratio,</strong></span> <span class='ocrx_word' id='word_1_326' title='bbox 947 1936 1000 1963; x_wconf 84' lang='lat' dir='ltr'><strong>qua</strong></span> 
     </span>
    </p>
   </div>
   <div class='ocr_carea' id='block_1_59' title="bbox 209 1969 1003 2008">
    <p class='ocr_par' dir='ltr' id='par_1_59' title="bbox 209 1969 1003 2008">
     <span class='ocr_line' id='line_1_59' title="bbox 209 1969 1003 2008; baseline 0.009 -13"><span class='ocrx_word' id='word_1_327' title='bbox 209 1976 225 1996; x_wconf 85' lang='lat' dir='ltr'><strong>a</strong></span> <span class='ocrx_word' id='word_1_328' title='bbox 239 1969 315 1996; x_wconf 84' lang='lat' dir='ltr'><strong>vobis</strong></span> <span class='ocrx_word' id='word_1_329' title='bbox 323 1977 497 1997; x_wconf 85' lang='lat' dir='ltr'><strong>accusamur.</strong></span> <span class='ocrx_word' id='word_1_330' title='bbox 509 1970 576 1997; x_wconf 87' lang='lat' dir='ltr'><strong>Cum</strong></span> <span class='ocrx_word' id='word_1_331' title='bbox 589 1976 682 1998; x_wconf 87' lang='lat' dir='ltr'><strong>autem</strong></span> <span class='ocrx_word' id='word_1_332' title='bbox 697 1977 846 2007; x_wconf 75' lang='lat' dir='ltr'><strong>spontanea</strong></span> <span class='ocrx_word' id='word_1_333' title='bbox 860 1975 951 2008; x_wconf 85' lang='lat' dir='ltr'><strong>passio</strong></span> <span class='ocrx_word' id='word_1_334' title='bbox 974 1980 1003 2002; x_wconf 87' lang='lat' dir='ltr'><strong>et</strong></span> 
     </span>
    </p>
   </div>
   <div class='ocr_carea' id='block_1_60' title="bbox 209 2015 1003 2050">
    <p class='ocr_par' dir='ltr' id='par_1_60' title="bbox 209 2015 1003 2050">
     <span class='ocr_line' id='line_1_60' title="bbox 209 2015 1003 2050; baseline 0.009 -10"><span class='ocrx_word' id='word_1_335' title='bbox 209 2021 284 2041; x_wconf 91' lang='lat' dir='ltr'><strong>mors</strong></span> <span class='ocrx_word' id='word_1_336' title='bbox 308 2015 464 2042; x_wconf 87' lang='lat' dir='ltr'><strong>voluntaria</strong></span> <span class='ocrx_word' id='word_1_337' title='bbox 487 2023 502 2042; x_wconf 87' lang='lat' dir='ltr'><strong>a</strong></span> <span class='ocrx_word' id='word_1_338' title='bbox 526 2015 607 2042; x_wconf 90' lang='lat' dir='ltr'><strong>nobis</strong></span> <span class='ocrx_word' id='word_1_339' title='bbox 620 2017 795 2050; x_wconf 64' lang='lat' dir='ltr'><strong>praedicetur,</strong></span> <span class='ocrx_word' id='word_1_340' title='bbox 824 2027 879 2046; x_wconf 91' lang='lat' dir='ltr'><strong>non</strong></span> <span class='ocrx_word' id='word_1_341' title='bbox 895 2027 945 2047; x_wconf 92' lang='lat' dir='ltr'><strong>nos</strong></span> <span class='ocrx_word' id='word_1_342' title='bbox 958 2028 1003 2047; x_wconf 88' lang='lat' dir='ltr'><strong>ac-</strong></span> 
     </span>
    </p>
   </div>
   <div class='ocr_carea' id='block_1_61' title="bbox 208 2059 1004 2096">
    <p class='ocr_par' dir='ltr' id='par_1_61' title="bbox 208 2059 1004 2096">
     <span class='ocr_line' id='line_1_61' title="bbox 208 2059 1004 2096; baseline 0.008 -11"><span class='ocrx_word' id='word_1_343' title='bbox 208 2060 341 2091; x_wconf 88' lang='lat' dir='ltr'><strong>cusandi,</strong></span> <span class='ocrx_word' id='word_1_344' title='bbox 370 2059 418 2087; x_wconf 86' lang='lat' dir='ltr'><strong>sed</strong></span> <span class='ocrx_word' id='word_1_345' title='bbox 438 2059 574 2087; x_wconf 86' lang='lat' dir='ltr'><strong>laudanda</strong></span> <span class='ocrx_word' id='word_1_346' title='bbox 591 2062 650 2096; x_wconf 86' lang='lat' dir='ltr'><strong>ejus</strong></span> <span class='ocrx_word' id='word_1_347' title='bbox 670 2061 803 2090; x_wconf 86' lang='lat' dir='ltr'><strong>immensa</strong></span> <span class='ocrx_word' id='word_1_348' title='bbox 828 2064 855 2090; x_wconf 97' lang='lat' dir='ltr'><strong>in</strong></span> <span class='ocrx_word' id='word_1_349' title='bbox 874 2064 1004 2092; x_wconf 84' lang='lat' dir='ltr'><strong>homines</strong></span> 
     </span>
    </p>
   </div>
   <div class='ocr_carea' id='block_1_62' title="bbox 209 2103 1004 2144">
    <p class='ocr_par' dir='ltr' id='par_1_62' title="bbox 209 2103 1004 2144">
     <span class='ocr_line' id='line_1_62' title="bbox 209 2103 1004 2144; baseline 0.009 -14"><span class='ocrx_word' id='word_1_350' title='bbox 209 2103 375 2138; x_wconf 83' lang='lat' dir='ltr'><strong>benignitas.</strong></span> <span class='ocrx_word' id='word_1_351' title='bbox 406 2105 506 2132; x_wconf 87' lang='lat' dir='ltr'><strong>Volcns</strong></span> <span class='ocrx_word' id='word_1_352' title='bbox 519 2106 592 2132; x_wconf 86' lang='lat' dir='ltr'><strong>enim</strong></span> <span class='ocrx_word' id='word_1_353' title='bbox 610 2114 706 2141; x_wconf 90' lang='lat' dir='ltr'><strong>passus</strong></span> <span class='ocrx_word' id='word_1_354' title='bbox 721 2112 774 2140; x_wconf 84' lang='lat' dir='ltr'><strong>est,</strong></span> <span class='ocrx_word' id='word_1_355' title='bbox 801 2114 830 2136; x_wconf 86' lang='lat' dir='ltr'><strong>et</strong></span> <span class='ocrx_word' id='word_1_356' title='bbox 844 2117 892 2136; x_wconf 90' lang='lat' dir='ltr'><strong>sua</strong></span> <span class='ocrx_word' id='word_1_357' title='bbox 906 2109 1004 2144; x_wconf 77' lang='lat' dir='ltr'><strong>sponte</strong></span> 
     </span>
    </p>
   </div>
   <div class='ocr_carea' id='block_1_63' title="bbox 208 2149 419 2178">
    <p class='ocr_par' dir='ltr' id='par_1_63' title="bbox 208 2149 419 2178">
     <span class='ocr_line' id='line_1_63' title="bbox 208 2149 419 2178; baseline 0.009 -3"><span class='ocrx_word' id='word_1_358' title='bbox 208 2153 325 2176; x_wconf 85' lang='lat' dir='ltr'><strong>mortem</strong></span> <span class='ocrx_word' id='word_1_359' title='bbox 340 2149 419 2178; x_wconf 88' lang='lat' dir='ltr'><strong>obiit.</strong></span> 
     </span>
    </p>
   </div>
   <div class='ocr_carea' id='block_1_64' title="bbox 244 2236 1001 2276">
    <p class='ocr_par' dir='ltr' id='par_1_64' title="bbox 244 2236 1001 2276">
     <span class='ocr_line' id='line_1_64' title="bbox 244 2236 1001 2276; baseline 0.009 -13"><span class='ocrx_word' id='word_1_360' title='bbox 244 2236 349 2264; x_wconf 79' lang='lat' dir='ltr'><strong>ORTH.</strong></span> <span class='ocrx_word' id='word_1_361' title='bbox 382 2237 528 2271; x_wconf 81' lang='lat' dir='ltr'><strong>Divinam,</strong></span> <span class='ocrx_word' id='word_1_362' title='bbox 556 2243 587 2266; x_wconf 82' lang='lat' dir='ltr'><strong>ut</strong></span> <span class='ocrx_word' id='word_1_363' title='bbox 611 2243 734 2274; x_wconf 85' lang='lat' dir='ltr'><strong>apparet,</strong></span> <span class='ocrx_word' id='word_1_364' title='bbox 752 2245 877 2268; x_wconf 82' lang='lat' dir='ltr'><strong>naturam</strong></span> <span class='ocrx_word' id='word_1_365' title='bbox 891 2242 1001 2276; x_wconf 86' lang='lat' dir='ltr'><strong>penitus</strong></span> 
     </span>
    </p>
   </div>
   <div class='ocr_carea' id='block_1_65' title="bbox 209 2282 1000 2317">
    <p class='ocr_par' dir='ltr' id='par_1_65' title="bbox 209 2282 1000 2317">
     <span class='ocr_line' id='line_1_65' title="bbox 209 2282 1000 2317; baseline 0.008 -8"><span class='ocrx_word' id='word_1_366' title='bbox 209 2282 351 2317; x_wconf 76' lang='lat' dir='ltr'><strong>ignoratis.</strong></span> <span class='ocrx_word' id='word_1_367' title='bbox 378 2283 510 2311; x_wconf 84' lang='lat' dir='ltr'><strong>Dominus</strong></span> <span class='ocrx_word' id='word_1_368' title='bbox 532 2284 605 2311; x_wconf 84' lang='lat' dir='ltr'><strong>enim</strong></span> <span class='ocrx_word' id='word_1_369' title='bbox 641 2285 713 2312; x_wconf 90' lang='lat' dir='ltr'><strong>Deus</strong></span> <span class='ocrx_word' id='word_1_370' title='bbox 741 2285 809 2313; x_wconf 93' lang='lat' dir='ltr'><strong>nihil</strong></span> <span class='ocrx_word' id='word_1_371' title='bbox 825 2287 884 2314; x_wconf 91' lang='lat' dir='ltr'><strong>vult</strong></span> <span class='ocrx_word' id='word_1_372' title='bbox 903 2295 1000 2315; x_wconf 90' lang='lat' dir='ltr'><strong>eorum</strong></span> 
     </span>
    </p>
   </div>
   <div class='ocr_carea' id='block_1_66' title="bbox 209 2329 1001 2370">
    <p class='ocr_par' dir='ltr' id='par_1_66' title="bbox 209 2329 1001 2370">
     <span class='ocr_line' id='line_1_66' title="bbox 209 2329 1001 2370; baseline 0.009 -15"><span class='ocrx_word' id='word_1_373' title='bbox 209 2336 271 2363; x_wconf 66' lang='lat' dir='ltr'><strong>quae</strong></span> <span class='ocrx_word' id='word_1_374' title='bbox 282 2329 317 2356; x_wconf 85' lang='lat' dir='ltr'><strong>ab</strong></span> <span class='ocrx_word' id='word_1_375' title='bbox 331 2329 418 2364; x_wconf 90' lang='lat' dir='ltr'><strong>ipsius</strong></span> <span class='ocrx_word' id='word_1_376' title='bbox 431 2334 530 2357; x_wconf 88' lang='lat' dir='ltr'><strong>natura</strong></span> <span class='ocrx_word' id='word_1_377' title='bbox 544 2330 705 2358; x_wconf 87' lang='lat' dir='ltr'><strong>abhorrent.</strong></span> <span class='ocrx_word' id='word_1_378' title='bbox 721 2332 815 2360; x_wconf 87' lang='lat' dir='ltr'><strong>Potest</strong></span> <span class='ocrx_word' id='word_1_379' title='bbox 823 2338 915 2361; x_wconf 83' lang='lat' dir='ltr'><strong>autem</strong></span> <span class='ocrx_word' id='word_1_380' title='bbox 928 2342 1001 2370; x_wconf 61' lang='lat' dir='ltr'><strong>quaa-</strong></span> 
     </span>
    </p>
   </div>
   <div class='ocr_carea' id='block_1_67' title="bbox 213 2375 1003 2416">
    <p class='ocr_par' dir='ltr' id='par_1_67' title="bbox 213 2375 1003 2416">
     <span class='ocr_line' id='line_1_67' title="bbox 213 2375 1003 2416; baseline 0.01 -15"><span class='ocrx_word' id='word_1_381' title='bbox 213 2382 323 2410; x_wconf 90' lang='lat' dir='ltr'><strong>cunque</strong></span> <span class='ocrx_word' id='word_1_382' title='bbox 338 2375 398 2403; x_wconf 87' lang='lat' dir='ltr'><strong>vult</strong></span> <span class='ocrx_word' id='word_1_383' title='bbox 414 2384 420 2402; x_wconf 94' lang='lat'>:</span> <span class='ocrx_word' id='word_1_384' title='bbox 436 2376 496 2403; x_wconf 81' lang='lat' dir='ltr'><strong>vult</strong></span> <span class='ocrx_word' id='word_1_385' title='bbox 510 2380 602 2403; x_wconf 87' lang='lat' dir='ltr'><strong>autem</strong></span> <span class='ocrx_word' id='word_1_386' title='bbox 620 2380 726 2404; x_wconf 87' lang='lat' dir='ltr'><strong>tantum</strong></span> <span class='ocrx_word' id='word_1_387' title='bbox 747 2384 853 2407; x_wconf 70' lang='lat' dir='ltr'><strong>naturae</strong></span> <span class='ocrx_word' id='word_1_388' title='bbox 865 2388 921 2408; x_wconf 66' lang='lat' dir='ltr'><strong>sua:</strong></span> <span class='ocrx_word' id='word_1_389' title='bbox 940 2385 1003 2416; x_wconf 82' lang='lat' dir='ltr'><strong>apta</strong></span> 
     </span>
    </p>
   </div>
   <div class='ocr_carea' id='block_1_68' title="bbox 210 2421 446 2455">
    <p class='ocr_par' dir='ltr' id='par_1_68' title="bbox 210 2421 446 2455">
     <span class='ocr_line' id='line_1_68' title="bbox 210 2421 446 2455; baseline 0.008 -8"><span class='ocrx_word' id='word_1_390' title='bbox 210 2425 236 2447; x_wconf 88' lang='lat' dir='ltr'><strong>cl</strong></span> <span class='ocrx_word' id='word_1_391' title='bbox 254 2421 446 2455; x_wconf 77' lang='lat' dir='ltr'><strong>congruentia.</strong></span> 
     </span>
    </p>
   </div>
   <div class='ocr_carea' id='block_1_69' title="bbox 245 2466 1001 2505">
    <p class='ocr_par' dir='ltr' id='par_1_69' title="bbox 245 2466 1001 2505">
     <span class='ocr_line' id='line_1_69' title="bbox 245 2466 1001 2505; baseline 0.009 -13"><span class='ocrx_word' id='word_1_392' title='bbox 245 2466 348 2494; x_wconf 72' lang='lat' dir='ltr'><strong>ERAN.</strong></span> <span class='ocrx_word' id='word_1_393' title='bbox 367 2467 423 2494; x_wconf 84' lang='lat' dir='ltr'><strong>Nos</strong></span> <span class='ocrx_word' id='word_1_394' title='bbox 437 2467 588 2497; x_wconf 88' lang='lat' dir='ltr'><strong>didicimus</strong></span> <span class='ocrx_word' id='word_1_395' title='bbox 603 2470 697 2497; x_wconf 89' lang='lat' dir='ltr'><strong>omnia</strong></span> <span class='ocrx_word' id='word_1_396' title='bbox 708 2469 764 2497; x_wconf 91' lang='lat' dir='ltr'><strong>Deo</strong></span> <span class='ocrx_word' id='word_1_397' title='bbox 776 2470 918 2505; x_wconf 82' lang='lat' dir='ltr'><strong>possibilia</strong></span> <span class='ocrx_word' id='word_1_398' title='bbox 929 2479 1001 2500; x_wconf 84' lang='lat' dir='ltr'><strong>esse.</strong></span> 
     </span>
    </p>
   </div>
   <div class='ocr_carea' id='block_1_70' title="bbox 245 2547 997 2591">
    <p class='ocr_par' dir='ltr' id='par_1_70' title="bbox 245 2547 997 2591">
     <span class='ocr_line' id='line_1_70' title="bbox 245 2547 997 2591; baseline 0.013 -17"><span class='ocrx_word' id='word_1_399' title='bbox 245 2547 348 2575; x_wconf 79' lang='lat' dir='ltr'><strong>ORTH.</strong></span> <span class='ocrx_word' id='word_1_400' title='bbox 377 2549 445 2577; x_wconf 88' lang='lat' dir='ltr'><strong>Cum</strong></span> <span class='ocrx_word' id='word_1_401' title='bbox 464 2548 608 2580; x_wconf 80' lang='lat' dir='ltr'><strong>indeﬁnite</strong></span> <span class='ocrx_word' id='word_1_402' title='bbox 628 2553 761 2588; x_wconf 85' lang='lat' dir='ltr'><strong>loqueris,</strong></span> <span class='ocrx_word' id='word_1_403' title='bbox 785 2555 997 2591; x_wconf 84' lang='lat' dir='ltr'><strong>comprehendis</strong></span> 
     </span>
    </p>
   </div>
   <div class='ocr_carea' id='block_1_71' title="bbox 209 2592 996 2635">
    <p class='ocr_par' dir='ltr' id='par_1_71' title="bbox 209 2592 996 2635">
     <span class='ocr_line' id='line_1_71' title="bbox 209 2592 996 2635; baseline 0.013 -16"><span class='ocrx_word' id='word_1_404' title='bbox 209 2592 293 2620; x_wconf 85' lang='lat' dir='ltr'><strong>etiam</strong></span> <span class='ocrx_word' id='word_1_405' title='bbox 309 2602 341 2621; x_wconf 84' lang='lat' dir='ltr'><strong>ca</strong></span> <span class='ocrx_word' id='word_1_406' title='bbox 361 2595 440 2631; x_wconf 76' lang='lat'><strong>183</strong></span> <span class='ocrx_word' id='word_1_407' title='bbox 457 2604 519 2631; x_wconf 67' lang='lat' dir='ltr'><strong>quae</strong></span> <span class='ocrx_word' id='word_1_408' title='bbox 533 2597 644 2627; x_wconf 84' lang='lat' dir='ltr'><strong>diabolo</strong></span> <span class='ocrx_word' id='word_1_409' title='bbox 661 2600 841 2628; x_wconf 82' lang='lat' dir='ltr'><strong>conveniunt.</strong></span> <span class='ocrx_word' id='word_1_410' title='bbox 857 2601 909 2635; x_wconf 85' lang='lat' dir='ltr'><strong>Qui</strong></span> <span class='ocrx_word' id='word_1_411' title='bbox 921 2602 996 2630; x_wconf 90' lang='lat' dir='ltr'><strong>enim</strong></span> 
     </span>
    </p>
   </div>
   <div class='ocr_carea' id='block_1_72' title="bbox 249 2670 522 2705">
    <p class='ocr_par' dir='ltr' id='par_1_72' title="bbox 249 2670 522 2705">
     <span class='ocr_line' id='line_1_72' title="bbox 249 2670 522 2705; baseline 0.011 -8"><span class='ocrx_word' id='word_1_412' title='bbox 249 2670 271 2685; x_wconf 81' lang='grc'>⁸³</span> <span class='ocrx_word' id='word_1_413' title='bbox 287 2670 383 2699; x_wconf 74' lang='lat' dir='ltr'><strong>Matth.</strong></span> <span class='ocrx_word' id='word_1_414' title='bbox 402 2679 472 2705; x_wconf 76' lang='lat' dir='ltr'><strong>xxv,</strong></span> <span class='ocrx_word' id='word_1_415' title='bbox 491 2673 522 2700; x_wconf 79' lang='grc' dir='ltr'><strong>ιι</strong></span> 
     </span>
    </p>
   </div>
   <div class='ocr_carea' id='block_1_73' title="bbox 211 2747 999 2811">
    <p class='ocr_par' dir='ltr' id='par_1_73' title="bbox 211 2747 999 2811">
     <span class='ocr_line' id='line_1_73' title="bbox 211 2747 999 2811; baseline 0.008 -38"><span class='ocrx_word' id='word_1_416' title='bbox 211 2747 390 2811; x_wconf 49' lang='grc' dir='ltr'><strong>γεεῖκξὶηδιαφ.</strong></span> <span class='ocrx_word' id='word_1_417' title='bbox 413 2748 552 2778; x_wconf 78' lang='lat' dir='ltr'><strong>Excidisle</strong></span> <span class='ocrx_word' id='word_1_418' title='bbox 573 2750 681 2778; x_wconf 81' lang='lat' dir='ltr'><strong>videtur</strong></span> <span class='ocrx_word' id='word_1_419' title='bbox 707 2749 824 2787; x_wconf 76' lang='grc' dir='ltr'>ἐροῦμεν</span> <span class='ocrx_word' id='word_1_420' title='bbox 850 2756 897 2779; x_wconf 84' lang='lat' dir='ltr'><strong>aut</strong></span> <span class='ocrx_word' id='word_1_421' title='bbox 912 2752 999 2780; x_wconf 87' lang='lat' dir='ltr'><strong>simile</strong></span> 
     </span>
    </p>
   </div>
   <div class='ocr_carea' id='block_1_74' title="bbox 1051 877 1738 915">
    <p class='ocr_par' dir='ltr' id='par_1_74' title="bbox 1051 877 1738 915">
     <span class='ocr_line' id='line_1_74' title="bbox 1051 877 1738 915; baseline 0.004 -12"><span class='ocrx_word' id='word_1_422' title='bbox 1051 885 1119 908; x_wconf 81' lang='grc' dir='ltr'>σεως</span> <span class='ocrx_word' id='word_1_423' title='bbox 1136 877 1221 909; x_wconf 78' lang='grc' dir='ltr'>ἄξιον.</span> <span class='ocrx_word' id='word_1_424' title='bbox 1235 878 1282 904; x_wconf 78' lang='grc' dir='ltr'>καὶ</span> <span class='ocrx_word' id='word_1_425' title='bbox 1298 877 1346 914; x_wconf 81' lang='grc' dir='ltr'>τὴν</span> <span class='ocrx_word' id='word_1_426' title='bbox 1360 879 1493 914; x_wconf 81' lang='grc' dir='ltr'>τιμωρίαν</span> <span class='ocrx_word' id='word_1_427' title='bbox 1506 879 1646 914; x_wconf 77' lang='grc' dir='ltr'>διαφυγεῖν</span> <span class='ocrx_word' id='word_1_428' title='bbox 1662 880 1719 915; x_wconf 74' lang='lat' dir='ltr'><strong>(l4)</strong></span> <span class='ocrx_word' id='word_1_429' title='bbox 1731 889 1738 914; x_wconf 87' lang='lat'><strong>;</strong></span> 
     </span>
    </p>
   </div>
   <div class='ocr_carea' id='block_1_75' title="bbox 1091 923 1316 950">
    <p class='ocr_par' dir='ltr' id='par_1_75' title="bbox 1091 923 1316 950">
     <span class='ocr_line' id='line_1_75' title="bbox 1091 923 1316 950; baseline 0.009 -2"><span class='ocrx_word' id='word_1_430' title='bbox 1091 923 1190 950; x_wconf 83' lang='lat' dir='ltr'><strong>EPAN.</strong></span> <span class='ocrx_word' id='word_1_431' title='bbox 1207 924 1316 950; x_wconf 81' lang='grc' dir='ltr'><strong>Ἔοικεν</strong></span> 
     </span>
    </p>
   </div>
   <div class='ocr_carea' id='block_1_76' title="bbox 1088 968 1838 1006">
    <p class='ocr_par' dir='ltr' id='par_1_76' title="bbox 1088 968 1838 1006">
     <span class='ocr_line' id='line_1_76' title="bbox 1088 968 1838 1006; baseline 0.003 -12"><span class='ocrx_word' id='word_1_432' title='bbox 1088 968 1164 995; x_wconf 77' lang='grc' dir='ltr'><strong>ΟΡΘ.</strong></span> <span class='ocrx_word' id='word_1_433' title='bbox 1189 968 1259 994; x_wconf 74' lang='grc' dir='ltr'>Ἀλλ’</span> <span class='ocrx_word' id='word_1_434' title='bbox 1274 969 1349 1003; x_wconf 78' lang='grc' dir='ltr'>ὅμως</span> <span class='ocrx_word' id='word_1_435' title='bbox 1361 969 1409 995; x_wconf 80' lang='grc' dir='ltr'>καὶ</span> <span class='ocrx_word' id='word_1_436' title='bbox 1425 968 1528 996; x_wconf 82' lang='grc' dir='ltr'>τούτων</span> <span class='ocrx_word' id='word_1_437' title='bbox 1548 969 1620 996; x_wconf 79' lang='grc' dir='ltr'>οὕτω</span> <span class='ocrx_word' id='word_1_438' title='bbox 1633 970 1838 1006; x_wconf 76' lang='grc' dir='ltr'><strong>γεγενημένων,</strong></span> 
     </span>
    </p>
   </div>
   <div class='ocr_carea' id='block_1_77' title="bbox 1050 1012 1748 1052">
    <p class='ocr_par' dir='ltr' id='par_1_77' title="bbox 1050 1012 1748 1052">
     <span class='ocr_line' id='line_1_77' title="bbox 1050 1012 1748 1052; baseline 0.007 -14"><span class='ocrx_word' id='word_1_439' title='bbox 1050 1012 1154 1039; x_wconf 76' lang='grc' dir='ltr'>δίκαιον</span> <span class='ocrx_word' id='word_1_440' title='bbox 1169 1013 1215 1040; x_wconf 80' lang='grc' dir='ltr'><strong>τὸν</strong></span> <span class='ocrx_word' id='word_1_441' title='bbox 1233 1015 1338 1050; x_wconf 83' lang='grc' dir='ltr'>κριτὴν,</span> <span class='ocrx_word' id='word_1_442' title='bbox 1353 1015 1400 1042; x_wconf 75' lang='grc' dir='ltr'><strong>καὶ</strong></span> <span class='ocrx_word' id='word_1_443' title='bbox 1414 1016 1492 1050; x_wconf 77' lang='grc' dir='ltr'>ἴσμεν</span> <span class='ocrx_word' id='word_1_444' title='bbox 1509 1015 1555 1042; x_wconf 69' lang='grc' dir='ltr'>καὶ</span> <span class='ocrx_word' id='word_1_445' title='bbox 1569 1016 1748 1052; x_wconf 79' lang='grc' dir='ltr'>ὀνομάζομεν.</span> 
     </span>
    </p>
   </div>
   <div class='ocr_carea' id='block_1_78' title="bbox 1087 1059 1338 1089">
    <p class='ocr_par' dir='ltr' id='par_1_78' title="bbox 1087 1059 1338 1089">
     <span class='ocr_line' id='line_1_78' title="bbox 1087 1059 1338 1089; baseline 0.012 -4"><span class='ocrx_word' id='word_1_446' title='bbox 1087 1059 1189 1086; x_wconf 78' lang='grc' dir='ltr'><strong>ΕΡᾹΝ.</strong></span> <span class='ocrx_word' id='word_1_447' title='bbox 1202 1060 1338 1089; x_wconf 79' lang='grc' dir='ltr'>Μάλιστα.</span> 
     </span>
    </p>
   </div>
   <div class='ocr_carea' id='block_1_79' title="bbox 1087 1106 1839 1144">
    <p class='ocr_par' dir='ltr' id='par_1_79' title="bbox 1087 1106 1839 1144">
     <span class='ocr_line' id='line_1_79' title="bbox 1087 1106 1839 1144; baseline 0.005 -12"><span class='ocrx_word' id='word_1_448' title='bbox 1087 1106 1163 1134; x_wconf 84' lang='grc' dir='ltr'><strong>ΟΡΘ.</strong></span> <span class='ocrx_word' id='word_1_449' title='bbox 1178 1107 1210 1133; x_wconf 83' lang='grc' dir='ltr'>Τί</span> <span class='ocrx_word' id='word_1_450' title='bbox 1226 1107 1323 1143; x_wconf 81' lang='grc' dir='ltr'>δήποτε</span> <span class='ocrx_word' id='word_1_451' title='bbox 1336 1107 1424 1134; x_wconf 78' lang='grc' dir='ltr'>τοίνυν</span> <span class='ocrx_word' id='word_1_452' title='bbox 1436 1107 1540 1140; x_wconf 84' lang='grc' dir='ltr'>δίκαιος</span> <span class='ocrx_word' id='word_1_453' title='bbox 1551 1108 1599 1141; x_wconf 84' lang='grc' dir='ltr'><strong>ὢν,</strong></span> <span class='ocrx_word' id='word_1_454' title='bbox 1613 1109 1663 1136; x_wconf 80' lang='grc' dir='ltr'>οὐκ</span> <span class='ocrx_word' id='word_1_455' title='bbox 1677 1108 1839 1144; x_wconf 68' lang='grc' dir='ltr'>εἰσέπραξεν</span> 
     </span>
    </p>
   </div>
   <div class='ocr_carea' id='block_1_80' title="bbox 1053 1151 1659 1187">
    <p class='ocr_par' dir='ltr' id='par_1_80' title="bbox 1053 1151 1659 1187">
     <span class='ocr_line' id='line_1_80' title="bbox 1053 1151 1659 1187; baseline 0.008 -11"><span class='ocrx_word' id='word_1_456' title='bbox 1053 1151 1158 1177; x_wconf 79' lang='grc' dir='ltr'>ἐκεῖνον</span> <span class='ocrx_word' id='word_1_457' title='bbox 1176 1152 1225 1186; x_wconf 78' lang='grc' dir='ltr'>τῆς</span> <span class='ocrx_word' id='word_1_458' title='bbox 1237 1153 1327 1187; x_wconf 82' lang='grc' dir='ltr'>κακῆς</span> <span class='ocrx_word' id='word_1_459' title='bbox 1339 1153 1514 1186; x_wconf 86' lang='grc' dir='ltr'>διδασκαλίας</span> <span class='ocrx_word' id='word_1_460' title='bbox 1525 1154 1640 1186; x_wconf 80' lang='grc' dir='ltr'><strong>εὐθύνας</strong></span> <span class='ocrx_word' id='word_1_461' title='bbox 1651 1163 1659 1186; x_wconf 90' lang='lat'><strong>;</strong></span> 
     </span>
    </p>
   </div>
   <div class='ocr_carea' id='block_1_81' title="bbox 1088 1197 1837 1235">
    <p class='ocr_par' dir='ltr' id='par_1_81' title="bbox 1088 1197 1837 1235">
     <span class='ocr_line' id='line_1_81' title="bbox 1088 1197 1837 1235; baseline 0.004 -13"><span class='ocrx_word' id='word_1_462' title='bbox 1088 1197 1189 1223; x_wconf 82' lang='lat' dir='ltr'><strong>EPAN.</strong></span> <span class='ocrx_word' id='word_1_463' title='bbox 1199 1197 1276 1232; x_wconf 85' lang='grc' dir='ltr'>Λὺτῷ</span> <span class='ocrx_word' id='word_1_464' title='bbox 1282 1198 1330 1233; x_wconf 88' lang='grc' dir='ltr'>τὴν</span> <span class='ocrx_word' id='word_1_465' title='bbox 1337 1198 1467 1225; x_wconf 77' lang='grc' dir='ltr'>ἄσϐεστον</span> <span class='ocrx_word' id='word_1_466' title='bbox 1474 1198 1523 1233; x_wconf 81' lang='grc' dir='ltr'>τῆς</span> <span class='ocrx_word' id='word_1_467' title='bbox 1531 1199 1642 1235; x_wconf 78' lang='grc' dir='ltr'><strong>γεέννης</strong></span> <span class='ocrx_word' id='word_1_468' title='bbox 1652 1198 1837 1226; x_wconf 82' lang='grc' dir='ltr'><strong>κατεσκεύασε</strong></span> 
     </span>
    </p>
   </div>
   <div class='ocr_carea' id='block_1_82' title="bbox 1053 1241 1838 1280">
    <p class='ocr_par' dir='ltr' id='par_1_82' title="bbox 1053 1241 1838 1280">
     <span class='ocr_line' id='line_1_82' title="bbox 1053 1241 1838 1280; baseline 0.005 -13"><span class='ocrx_word' id='word_1_469' title='bbox 1053 1241 1153 1275; x_wconf 73' lang='grc' dir='ltr'>φλόγα.</span> <span class='ocrx_word' id='word_1_470' title='bbox 1177 1251 1186 1267; x_wconf 70' lang='grc' dir='ltr'><strong>ε</strong></span> <span class='ocrx_word' id='word_1_471' title='bbox 1207 1243 1360 1277; x_wconf 75' lang='grc' dir='ltr'><strong>Πορεύεσθε</strong></span> <span class='ocrx_word' id='word_1_472' title='bbox 1376 1243 1439 1278; x_wconf 79' lang='grc' dir='ltr'>γὰρ,</span> <span class='ocrx_word' id='word_1_473' title='bbox 1457 1245 1549 1279; x_wconf 75' lang='grc' dir='ltr'>φησὶν,</span> <span class='ocrx_word' id='word_1_474' title='bbox 1562 1245 1586 1270; x_wconf 85' lang='grc' dir='ltr'>οἱ</span> <span class='ocrx_word' id='word_1_475' title='bbox 1603 1244 1786 1280; x_wconf 78' lang='grc' dir='ltr'>κατηραμένοι</span> <span class='ocrx_word' id='word_1_476' title='bbox 1798 1246 1838 1276; x_wconf 86' lang='grc' dir='ltr'><strong>είς</strong></span> 
     </span>
    </p>
   </div>
   <div class='ocr_carea' id='block_1_83' title="bbox 1053 1286 1838 1325">
    <p class='ocr_par' dir='ltr' id='par_1_83' title="bbox 1053 1286 1838 1325">
     <span class='ocr_line' id='line_1_83' title="bbox 1053 1286 1838 1325; baseline 0.005 -13"><span class='ocrx_word' id='word_1_477' title='bbox 1053 1286 1082 1312; x_wconf 77' lang='grc' dir='ltr'>τὸ</span> <span class='ocrx_word' id='word_1_478' title='bbox 1099 1286 1153 1322; x_wconf 78' lang='grc' dir='ltr'>πῦρ</span> <span class='ocrx_word' id='word_1_479' title='bbox 1170 1287 1199 1312; x_wconf 70' lang='grc' dir='ltr'>τὸ</span> <span class='ocrx_word' id='word_1_480' title='bbox 1212 1287 1332 1317; x_wconf 81' lang='grc' dir='ltr'>αίώνιον.</span> <span class='ocrx_word' id='word_1_481' title='bbox 1348 1288 1378 1314; x_wconf 80' lang='grc' dir='ltr'>τὸ</span> <span class='ocrx_word' id='word_1_482' title='bbox 1394 1289 1592 1324; x_wconf 86' lang='grc' dir='ltr'>ἡτοιμασμένον</span> <span class='ocrx_word' id='word_1_483' title='bbox 1608 1289 1644 1324; x_wconf 80' lang='grc' dir='ltr'>τῷ</span> <span class='ocrx_word' id='word_1_484' title='bbox 1662 1289 1777 1325; x_wconf 74' lang='grc' dir='ltr'>διαὸόλῳ</span> <span class='ocrx_word' id='word_1_485' title='bbox 1792 1291 1838 1317; x_wconf 80' lang='grc' dir='ltr'>καὶ</span> 
     </span>
    </p>
   </div>
   <div class='ocr_carea' id='block_1_84' title="bbox 1053 1333 1838 1370">
    <p class='ocr_par' dir='ltr' id='par_1_84' title="bbox 1053 1333 1838 1370">
     <span class='ocr_line' id='line_1_84' title="bbox 1053 1333 1838 1370; baseline 0.004 -13"><span class='ocrx_word' id='word_1_486' title='bbox 1053 1333 1109 1363; x_wconf 79' lang='grc' dir='ltr'>τοῖς</span> <span class='ocrx_word' id='word_1_487' title='bbox 1130 1333 1256 1366; x_wconf 77' lang='grc' dir='ltr'>ἀγγέλοις</span> <span class='ocrx_word' id='word_1_488' title='bbox 1276 1333 1367 1360; x_wconf 76' lang='grc' dir='ltr'>αὑτοῦ.</span> <span class='ocrx_word' id='word_1_489' title='bbox 1392 1343 1401 1360; x_wconf 73' lang='grc' dir='ltr'><strong>ι</strong></span> <span class='ocrx_word' id='word_1_490' title='bbox 1425 1334 1557 1361; x_wconf 82' lang='grc' dir='ltr'>Ἐνταῦθα</span> <span class='ocrx_word' id='word_1_491' title='bbox 1579 1334 1624 1366; x_wconf 84' lang='grc' dir='ltr'><strong>δὲ,</strong></span> <span class='ocrx_word' id='word_1_492' title='bbox 1648 1336 1742 1361; x_wconf 83' lang='grc' dir='ltr'>τούτου</span> <span class='ocrx_word' id='word_1_493' title='bbox 1759 1335 1838 1370; x_wconf 81' lang='grc' dir='ltr'>χάριν</span> 
     </span>
    </p>
   </div>
   <div class='ocr_carea' id='block_1_85' title="bbox 1053 1378 1839 1416">
    <p class='ocr_par' dir='ltr' id='par_1_85' title="bbox 1053 1378 1839 1416">
     <span class='ocr_line' id='line_1_85' title="bbox 1053 1378 1839 1416; baseline 0.004 -12"><span class='ocrx_word' id='word_1_494' title='bbox 1053 1378 1103 1404; x_wconf 75' lang='grc' dir='ltr'>οὐκ</span> <span class='ocrx_word' id='word_1_495' title='bbox 1130 1379 1309 1414; x_wconf 73' lang='grc' dir='ltr'>ἐκοινώνησεν</span> <span class='ocrx_word' id='word_1_496' title='bbox 1334 1380 1380 1406; x_wconf 81' lang='grc' dir='ltr'>τοῦ</span> <span class='ocrx_word' id='word_1_497' title='bbox 1405 1380 1520 1407; x_wconf 84' lang='grc' dir='ltr'>θανάτου</span> <span class='ocrx_word' id='word_1_498' title='bbox 1541 1381 1597 1413; x_wconf 80' lang='grc' dir='ltr'>τοῖς</span> <span class='ocrx_word' id='word_1_499' title='bbox 1619 1381 1771 1416; x_wconf 79' lang='grc' dir='ltr'><strong>μαθηταῖς,</strong></span> <span class='ocrx_word' id='word_1_500' title='bbox 1800 1380 1839 1411; x_wconf 86' lang='grc' dir='ltr'>ὡς</span> 
     </span>
    </p>
   </div>
   <div class='ocr_carea' id='block_1_86' title="bbox 1055 1423 1381 1459">
    <p class='ocr_par' dir='ltr' id='par_1_86' title="bbox 1055 1423 1381 1459">
     <span class='ocr_line' id='line_1_86' title="bbox 1055 1423 1381 1459; baseline 0.009 -10"><span class='ocrx_word' id='word_1_501' title='bbox 1055 1423 1137 1458; x_wconf 82' lang='grc' dir='ltr'>φύσιν</span> <span class='ocrx_word' id='word_1_502' title='bbox 1152 1424 1221 1459; x_wconf 78' lang='grc' dir='ltr'>ἔχων</span> <span class='ocrx_word' id='word_1_503' title='bbox 1238 1425 1381 1452; x_wconf 84' lang='grc' dir='ltr'>ἀθάνατον.</span> 
     </span>
    </p>
   </div>
   <div class='ocr_carea' id='block_1_87' title="bbox 1090 1469 1837 1507">
    <p class='ocr_par' dir='ltr' id='par_1_87' title="bbox 1090 1469 1837 1507">
     <span class='ocr_line' id='line_1_87' title="bbox 1090 1469 1837 1507; baseline 0.003 -12"><span class='ocrx_word' id='word_1_504' title='bbox 1090 1469 1165 1495; x_wconf 81' lang='grc' dir='ltr'><strong>ΟΡΘ.</strong></span> <span class='ocrx_word' id='word_1_505' title='bbox 1180 1469 1249 1496; x_wconf 80' lang='grc' dir='ltr'><strong>Οὐδὲ</strong></span> <span class='ocrx_word' id='word_1_506' title='bbox 1259 1470 1283 1496; x_wconf 77' lang='grc' dir='ltr'>οἱ</span> <span class='ocrx_word' id='word_1_507' title='bbox 1297 1470 1330 1496; x_wconf 88' lang='grc' dir='ltr'><strong>τὰ</strong></span> <span class='ocrx_word' id='word_1_508' title='bbox 1343 1470 1459 1506; x_wconf 85' lang='grc' dir='ltr'>μέγιστα</span> <span class='ocrx_word' id='word_1_509' title='bbox 1471 1471 1525 1507; x_wconf 80' lang='grc' dir='ltr'>ἄρα</span> <span class='ocrx_word' id='word_1_510' title='bbox 1535 1471 1777 1507; x_wconf 77' lang='grc' dir='ltr'>πλημμελήσαντες</span> <span class='ocrx_word' id='word_1_511' title='bbox 1789 1470 1837 1497; x_wconf 78' lang='grc' dir='ltr'>θα-</span> 
     </span>
    </p>
   </div>
   <div class='ocr_carea' id='block_1_88' title="bbox 1051 1515 1836 1554">
    <p class='ocr_par' dir='ltr' id='par_1_88' title="bbox 1051 1515 1836 1554">
     <span class='ocr_line' id='line_1_88' title="bbox 1051 1515 1836 1554; baseline 0.006 -13"><span class='ocrx_word' id='word_1_512' title='bbox 1051 1515 1132 1542; x_wconf 81' lang='grc' dir='ltr'>νάτου</span> <span class='ocrx_word' id='word_1_513' title='bbox 1147 1516 1247 1543; x_wconf 79' lang='grc' dir='ltr'>οἴονται</span> <span class='ocrx_word' id='word_1_514' title='bbox 1265 1518 1422 1552; x_wconf 78' lang='grc' dir='ltr'>μετασχεῖν,</span> <span class='ocrx_word' id='word_1_515' title='bbox 1445 1519 1470 1544; x_wconf 86' lang='grc' dir='ltr'>εἰ</span> <span class='ocrx_word' id='word_1_516' title='bbox 1487 1518 1567 1553; x_wconf 81' lang='grc' dir='ltr'>φύσιν</span> <span class='ocrx_word' id='word_1_517' title='bbox 1588 1518 1722 1546; x_wconf 84' lang='grc' dir='ltr'>ἀθάνατον</span> <span class='ocrx_word' id='word_1_518' title='bbox 1739 1518 1836 1554; x_wconf 80' lang='grc' dir='ltr'>ἔχοιεν.</span> 
     </span>
    </p>
   </div>
   <div class='ocr_carea' id='block_1_89' title="bbox 1084 1603 1402 1639">
    <p class='ocr_par' dir='ltr' id='par_1_89' title="bbox 1084 1603 1402 1639">
     <span class='ocr_line' id='line_1_89' title="bbox 1084 1603 1402 1639; baseline 0.009 -10"><span class='ocrx_word' id='word_1_519' title='bbox 1084 1603 1187 1630; x_wconf 81' lang='lat' dir='ltr'><strong>EPAN.</strong></span> <span class='ocrx_word' id='word_1_520' title='bbox 1213 1603 1402 1639; x_wconf 79' lang='grc' dir='ltr'>Ὠμολὸγηται.</span> 
     </span>
    </p>
   </div>
   <div class='ocr_carea' id='block_1_90' title="bbox 1086 1650 1837 1688">
    <p class='ocr_par' dir='ltr' id='par_1_90' title="bbox 1086 1650 1837 1688">
     <span class='ocr_line' id='line_1_90' title="bbox 1086 1650 1837 1688; baseline 0.004 -13"><span class='ocrx_word' id='word_1_521' title='bbox 1086 1650 1162 1676; x_wconf 88' lang='grc' dir='ltr'><strong>ΟΡΘ.</strong></span> <span class='ocrx_word' id='word_1_522' title='bbox 1182 1650 1213 1676; x_wconf 75' lang='lat' dir='ltr'><strong>El</strong></span> <span class='ocrx_word' id='word_1_523' title='bbox 1229 1651 1320 1677; x_wconf 83' lang='grc' dir='ltr'>τοίνυν</span> <span class='ocrx_word' id='word_1_524' title='bbox 1335 1651 1395 1677; x_wconf 82' lang='grc' dir='ltr'>οὐδὲ</span> <span class='ocrx_word' id='word_1_525' title='bbox 1412 1650 1495 1684; x_wconf 76' lang='grc' dir='ltr'>αὐτὸς</span> <span class='ocrx_word' id='word_1_526' title='bbox 1509 1651 1523 1677; x_wconf 81' lang='grc' dir='ltr'><strong>ὁ</strong></span> <span class='ocrx_word' id='word_1_527' title='bbox 1539 1651 1588 1687; x_wconf 81' lang='grc' dir='ltr'>τῆς</span> <span class='ocrx_word' id='word_1_528' title='bbox 1603 1651 1703 1684; x_wconf 80' lang='grc' dir='ltr'>κακίας</span> <span class='ocrx_word' id='word_1_529' title='bbox 1723 1651 1837 1688; x_wconf 72' lang='grc' dir='ltr'>εὑρετὴς</span> 
     </span>
    </p>
   </div>
   <div class='ocr_carea' id='block_1_91' title="bbox 1052 1694 1839 1733">
    <p class='ocr_par' dir='ltr' id='par_1_91' title="bbox 1052 1694 1839 1733">
     <span class='ocr_line' id='line_1_91' title="bbox 1052 1694 1839 1733; baseline 0.004 -14"><span class='ocrx_word' id='word_1_530' title='bbox 1052 1694 1100 1720; x_wconf 73' lang='grc' dir='ltr'>καὶ</span> <span class='ocrx_word' id='word_1_531' title='bbox 1111 1694 1271 1726; x_wconf 77' lang='grc' dir='ltr'>διδάσκοι).ος</span> <span class='ocrx_word' id='word_1_532' title='bbox 1285 1696 1417 1731; x_wconf 82' lang='grc' dir='ltr'>μετέλαχε</span> <span class='ocrx_word' id='word_1_533' title='bbox 1430 1696 1547 1723; x_wconf 85' lang='grc' dir='ltr'>θανάτου</span> <span class='ocrx_word' id='word_1_534' title='bbox 1566 1697 1610 1724; x_wconf 82' lang='grc' dir='ltr'>διὰ</span> <span class='ocrx_word' id='word_1_535' title='bbox 1626 1697 1674 1733; x_wconf 84' lang='grc' dir='ltr'>τὴν</span> <span class='ocrx_word' id='word_1_536' title='bbox 1688 1698 1839 1724; x_wconf 78' lang='grc' dir='ltr'>ἀθανασίαν</span> 
     </span>
    </p>
   </div>
   <div class='ocr_carea' id='block_1_92' title="bbox 1052 1740 1839 1779">
    <p class='ocr_par' dir='ltr' id='par_1_92' title="bbox 1052 1740 1839 1779">
     <span class='ocr_line' id='line_1_92' title="bbox 1052 1740 1839 1779; baseline 0.006 -14"><span class='ocrx_word' id='word_1_537' title='bbox 1052 1740 1104 1774; x_wconf 80' lang='grc' dir='ltr'>τῆς</span> <span class='ocrx_word' id='word_1_538' title='bbox 1119 1740 1229 1774; x_wconf 83' lang='grc' dir='ltr'>φύσεως</span> <span class='ocrx_word' id='word_1_539' title='bbox 1244 1761 1251 1771; x_wconf 85' lang='lat'><strong>,</strong></span> <span class='ocrx_word' id='word_1_540' title='bbox 1265 1741 1325 1773; x_wconf 83' lang='grc' dir='ltr'>πῶς</span> <span class='ocrx_word' id='word_1_541' title='bbox 1343 1742 1374 1768; x_wconf 87' lang='grc' dir='ltr'>οὺ</span> <span class='ocrx_word' id='word_1_542' title='bbox 1399 1743 1551 1778; x_wconf 62' lang='grc' dir='ltr'>πεφρίκατε</span> <span class='ocrx_word' id='word_1_543' title='bbox 1573 1743 1699 1778; x_wconf 83' lang='grc' dir='ltr'>λέγοντες</span> <span class='ocrx_word' id='word_1_544' title='bbox 1721 1744 1771 1779; x_wconf 73' lang='grc' dir='ltr'>τὴν</span> <span class='ocrx_word' id='word_1_545' title='bbox 1791 1744 1839 1778; x_wconf 73' lang='grc' dir='ltr'>τῆς</span> 
     </span>
    </p>
   </div>
   <div class='ocr_carea' id='block_1_93' title="bbox 1051 1785 1838 1824">
    <p class='ocr_par' dir='ltr' id='par_1_93' title="bbox 1051 1785 1838 1824">
     <span class='ocr_line' id='line_1_93' title="bbox 1051 1785 1838 1824; baseline 0.005 -14"><span class='ocrx_word' id='word_1_546' title='bbox 1051 1785 1203 1817; x_wconf 77' lang='grc' dir='ltr'>ἀθανασίας</span> <span class='ocrx_word' id='word_1_547' title='bbox 1233 1786 1281 1813; x_wconf 72' lang='grc' dir='ltr'>καὶ</span> <span class='ocrx_word' id='word_1_548' title='bbox 1313 1787 1488 1824; x_wconf 76' lang='grc' dir='ltr'>δικαιοσύνης</span> <span class='ocrx_word' id='word_1_549' title='bbox 1517 1788 1609 1824; x_wconf 78' lang='grc' dir='ltr'>πηγὴν</span> <span class='ocrx_word' id='word_1_550' title='bbox 1639 1789 1838 1824; x_wconf 78' lang='grc' dir='ltr'>μετεσχηκέναι</span> 
     </span>
    </p>
   </div>
   <div class='ocr_carea' id='block_1_94' title="bbox 1052 1830 1184 1864">
    <p class='ocr_par' dir='ltr' id='par_1_94' title="bbox 1052 1830 1184 1864">
     <span class='ocr_line' id='line_1_94' title="bbox 1052 1830 1184 1864; baseline 0 -7"><span class='ocrx_word' id='word_1_551' title='bbox 1052 1830 1184 1864; x_wconf 84' lang='grc' dir='ltr'>οανάτου;</span> 
     </span>
    </p>
   </div>
   <div class='ocr_carea' id='block_1_95' title="bbox 1090 1878 1836 1916">
    <p class='ocr_par' dir='ltr' id='par_1_95' title="bbox 1090 1878 1836 1916">
     <span class='ocr_line' id='line_1_95' title="bbox 1090 1878 1836 1916; baseline 0.004 -13"><span class='ocrx_word' id='word_1_552' title='bbox 1090 1878 1192 1905; x_wconf 77' lang='lat' dir='ltr'><strong>EPAN.</strong></span> <span class='ocrx_word' id='word_1_553' title='bbox 1211 1879 1242 1905; x_wconf 76' lang='grc' dir='ltr'><strong>ΕΞ</strong></span> <span class='ocrx_word' id='word_1_554' title='bbox 1270 1879 1319 1913; x_wconf 82' lang='grc' dir='ltr'>μὲν</span> <span class='ocrx_word' id='word_1_555' title='bbox 1340 1879 1476 1911; x_wconf 83' lang='grc' dir='ltr'>ἀκουσίως</span> <span class='ocrx_word' id='word_1_556' title='bbox 1496 1879 1577 1907; x_wconf 74' lang='grc' dir='ltr'>αὐτὸν</span> <span class='ocrx_word' id='word_1_557' title='bbox 1598 1880 1836 1916; x_wconf 79' lang='grc' dir='ltr'>ὑπομεμενηκέναι</span> 
     </span>
    </p>
   </div>
   <div class='ocr_carea' id='block_1_96' title="bbox 1053 1924 1842 1962">
    <p class='ocr_par' dir='ltr' id='par_1_96' title="bbox 1053 1924 1842 1962">
     <span class='ocr_line' id='line_1_96' title="bbox 1053 1924 1842 1962; baseline 0.003 -12"><span class='ocrx_word' id='word_1_558' title='bbox 1053 1924 1083 1950; x_wconf 82' lang='grc' dir='ltr'>τὸ</span> <span class='ocrx_word' id='word_1_559' title='bbox 1098 1924 1183 1956; x_wconf 83' lang='grc' dir='ltr'>πάθος</span> <span class='ocrx_word' id='word_1_560' title='bbox 1199 1924 1331 1960; x_wconf 76' lang='grc' dir='ltr'>ἐλέγομεν</span> <span class='ocrx_word' id='word_1_561' title='bbox 1346 1925 1413 1960; x_wconf 83' lang='grc'>(15),</span> <span class='ocrx_word' id='word_1_562' title='bbox 1436 1925 1515 1960; x_wconf 75' lang='grc' dir='ltr'>ἔσχεν</span> <span class='ocrx_word' id='word_1_563' title='bbox 1534 1924 1567 1952; x_wconf 80' lang='grc' dir='ltr'>ἂν</span> <span class='ocrx_word' id='word_1_564' title='bbox 1583 1926 1718 1961; x_wconf 64' lang='grc' dir='ltr'>πρόφασιν</span> <span class='ocrx_word' id='word_1_565' title='bbox 1739 1927 1756 1962; x_wconf 84' lang='grc' dir='ltr'><strong>ἡ</strong></span> <span class='ocrx_word' id='word_1_566' title='bbox 1778 1924 1842 1952; x_wconf 73' lang='grc' dir='ltr'>καθ’</span> 
     </span>
    </p>
   </div>
   <div class='ocr_carea' id='block_1_97' title="bbox 1055 1970 1834 2006">
    <p class='ocr_par' dir='ltr' id='par_1_97' title="bbox 1055 1970 1834 2006">
     <span class='ocr_line' id='line_1_97' title="bbox 1055 1970 1834 2006; baseline 0.003 -11"><span class='ocrx_word' id='word_1_567' title='bbox 1055 1970 1132 2004; x_wconf 87' lang='grc' dir='ltr'>ήμῶν</span> <span class='ocrx_word' id='word_1_568' title='bbox 1152 1970 1217 2005; x_wconf 82' lang='grc' dir='ltr'>παρ’</span> <span class='ocrx_word' id='word_1_569' title='bbox 1232 1970 1308 2005; x_wconf 79' lang='grc' dir='ltr'>ὑμῶν</span> <span class='ocrx_word' id='word_1_570' title='bbox 1321 1970 1449 2005; x_wconf 83' lang='grc' dir='ltr'>γινομένη</span> <span class='ocrx_word' id='word_1_571' title='bbox 1471 1970 1624 2006; x_wconf 82' lang='grc' dir='ltr'>κατηγορία</span> <span class='ocrx_word' id='word_1_572' title='bbox 1634 1970 1753 1997; x_wconf 86' lang='grc' dir='ltr'>δικαίαν.</span> <span class='ocrx_word' id='word_1_573' title='bbox 1766 1971 1797 1997; x_wconf 83' lang='grc' dir='ltr'>Εί</span> <span class='ocrx_word' id='word_1_574' title='bbox 1812 1971 1834 1998; x_wconf 75' lang='grc' dir='ltr'>δ’</span> 
     </span>
    </p>
   </div>
   <div class='ocr_carea' id='block_1_98' title="bbox 1053 2014 1836 2052">
    <p class='ocr_par' dir='ltr' id='par_1_98' title="bbox 1053 2014 1836 2052">
     <span class='ocr_line' id='line_1_98' title="bbox 1053 2014 1836 2052; baseline 0.003 -11"><span class='ocrx_word' id='word_1_575' title='bbox 1053 2014 1214 2050; x_wconf 75' lang='grc' dir='ltr'>αὐθαίρετον</span> <span class='ocrx_word' id='word_1_576' title='bbox 1224 2015 1255 2042; x_wconf 85' lang='grc' dir='ltr'>τὸ</span> <span class='ocrx_word' id='word_1_577' title='bbox 1268 2016 1350 2048; x_wconf 82' lang='grc' dir='ltr'>πάθος</span> <span class='ocrx_word' id='word_1_578' title='bbox 1363 2016 1410 2042; x_wconf 74' lang='grc' dir='ltr'>καὶ</span> <span class='ocrx_word' id='word_1_579' title='bbox 1419 2017 1433 2043; x_wconf 82' lang='grc' dir='ltr'><strong><em>ὁ</em></strong></span> <span class='ocrx_word' id='word_1_580' title='bbox 1445 2016 1559 2048; x_wconf 83' lang='grc' dir='ltr'>θάνατος</span> <span class='ocrx_word' id='word_1_581' title='bbox 1572 2016 1722 2048; x_wconf 76' lang='grc' dir='ltr'>ἐθελούσιος</span> <span class='ocrx_word' id='word_1_582' title='bbox 1735 2016 1836 2052; x_wconf 77' lang='grc' dir='ltr'>κηρύσ-</span> 
     </span>
    </p>
   </div>
   <div class='ocr_carea' id='block_1_99' title="bbox 1056 2062 1836 2098">
    <p class='ocr_par' dir='ltr' id='par_1_99' title="bbox 1056 2062 1836 2098">
     <span class='ocr_line' id='line_1_99' title="bbox 1056 2062 1836 2098; baseline 0.003 -11"><span class='ocrx_word' id='word_1_583' title='bbox 1056 2069 1132 2087; x_wconf 84' lang='grc' dir='ltr'>σεται</span> <span class='ocrx_word' id='word_1_584' title='bbox 1149 2062 1215 2097; x_wconf 77' lang='grc' dir='ltr'>παρ’</span> <span class='ocrx_word' id='word_1_585' title='bbox 1229 2062 1319 2097; x_wconf 81' lang='grc' dir='ltr'>ἡμῶν,</span> <span class='ocrx_word' id='word_1_586' title='bbox 1340 2063 1372 2088; x_wconf 82' lang='grc' dir='ltr'>οὺ</span> <span class='ocrx_word' id='word_1_587' title='bbox 1392 2063 1554 2098; x_wconf 82' lang='grc' dir='ltr'>κατηγορεῖν</span> <span class='ocrx_word' id='word_1_588' title='bbox 1566 2062 1654 2097; x_wconf 77' lang='grc' dir='ltr'>ἡμῶν,</span> <span class='ocrx_word' id='word_1_589' title='bbox 1667 2062 1724 2089; x_wconf 79' lang='grc' dir='ltr'>ἀλλ’</span> <span class='ocrx_word' id='word_1_590' title='bbox 1743 2063 1836 2097; x_wconf 78' lang='grc' dir='ltr'>ὑμνεῖν</span> 
     </span>
    </p>
   </div>
   <div class='ocr_carea' id='block_1_100' title="bbox 1059 2106 1837 2143">
    <p class='ocr_par' dir='ltr' id='par_1_100' title="bbox 1059 2106 1837 2143">
     <span class='ocr_line' id='line_1_100' title="bbox 1059 2106 1837 2143; baseline 0.001 -11"><span class='ocrx_word' id='word_1_591' title='bbox 1059 2107 1194 2141; x_wconf 82' lang='grc' dir='ltr'>προσήκει</span> <span class='ocrx_word' id='word_1_592' title='bbox 1208 2106 1258 2141; x_wconf 83' lang='grc' dir='ltr'>τὴν</span> <span class='ocrx_word' id='word_1_593' title='bbox 1271 2107 1320 2141; x_wconf 85' lang='grc' dir='ltr'>τῆς</span> <span class='ocrx_word' id='word_1_594' title='bbox 1330 2107 1534 2142; x_wconf 81' lang='grc' dir='ltr'>φιλανθρωπίας</span> <span class='ocrx_word' id='word_1_595' title='bbox 1549 2107 1711 2143; x_wconf 79' lang='grc' dir='ltr'>ὑπερϐολήν.</span> <span class='ocrx_word' id='word_1_596' title='bbox 1731 2107 1837 2142; x_wconf 83' lang='grc' dir='ltr'>Ἐθελή-</span> 
     </span>
    </p>
   </div>
   <div class='ocr_carea' id='block_1_101' title="bbox 1019 2151 1834 2196">
    <p class='ocr_par' dir='ltr' id='par_1_101' title="bbox 1019 2151 1834 2196">
     <span class='ocr_line' id='line_1_101' title="bbox 1019 2151 1834 2196; baseline 0.001 -19"><span class='ocrx_word' id='word_1_597' title='bbox 1019 2167 1043 2196; x_wconf 72' lang='lat' dir='ltr'><strong>D</strong></span> <span class='ocrx_word' id='word_1_598' title='bbox 1058 2159 1107 2182; x_wconf 87' lang='grc' dir='ltr'><strong>σας</strong></span> <span class='ocrx_word' id='word_1_599' title='bbox 1121 2151 1176 2186; x_wconf 88' lang='grc' dir='ltr'><strong>γὰρ</strong></span> <span class='ocrx_word' id='word_1_600' title='bbox 1197 2151 1329 2185; x_wconf 76' lang='grc' dir='ltr'>πέπονθε,</span> <span class='ocrx_word' id='word_1_601' title='bbox 1354 2152 1401 2178; x_wconf 76' lang='grc' dir='ltr'>καὶ</span> <span class='ocrx_word' id='word_1_602' title='bbox 1422 2151 1560 2187; x_wconf 79' lang='grc' dir='ltr'>βουληθεὶς</span> <span class='ocrx_word' id='word_1_603' title='bbox 1575 2151 1621 2178; x_wconf 78' lang='grc' dir='ltr'>τοῦ</span> <span class='ocrx_word' id='word_1_604' title='bbox 1636 2151 1751 2178; x_wconf 66' lang='grc' dir='ltr'>θανάτου</span> <span class='ocrx_word' id='word_1_605' title='bbox 1772 2160 1834 2186; x_wconf 87' lang='grc' dir='ltr'>μετ-</span> 
     </span>
    </p>
   </div>
   <div class='ocr_carea' id='block_1_102' title="bbox 1056 2196 1184 2230">
    <p class='ocr_par' dir='ltr' id='par_1_102' title="bbox 1056 2196 1184 2230">
     <span class='ocr_line' id='line_1_102' title="bbox 1056 2196 1184 2230; baseline 0 -8"><span class='ocrx_word' id='word_1_606' title='bbox 1056 2196 1184 2230; x_wconf 84' lang='grc' dir='ltr'>έσχηκεν.</span> 
     </span>
    </p>
   </div>
   <div class='ocr_carea' id='block_1_103' title="bbox 1089 2205 1833 2278">
    <p class='ocr_par' dir='ltr' id='par_1_103' title="bbox 1089 2205 1833 2278">
     <span class='ocr_line' id='line_1_103' title="bbox 1126 2205 1184 2223; baseline 0.017 -1"><span class='ocrx_word' id='word_1_607' title='bbox 1126 2205 1184 2223; x_wconf 88' lang='grc' dir='ltr'>κεν.</span> 
     </span>
     <span class='ocr_line' id='line_1_104' title="bbox 1089 2205 1833 2278; baseline 0.003 -11"><span class='ocrx_word' id='word_1_608' title='bbox 1089 2205 1164 2268; x_wconf 49' lang='grc' dir='ltr'><strong>ὖᾌθ.</strong></span> <span class='ocrx_word' id='word_1_609' title='bbox 1173 2242 1302 2276; x_wconf 74' lang='grc' dir='ltr'>Πὰμπαν,</span> <span class='ocrx_word' id='word_1_610' title='bbox 1309 2241 1346 2273; x_wconf 88' lang='grc' dir='ltr'>ὼς</span> <span class='ocrx_word' id='word_1_611' title='bbox 1356 2240 1438 2274; x_wconf 81' lang='grc' dir='ltr'>ἔοικε,</span> <span class='ocrx_word' id='word_1_612' title='bbox 1445 2242 1493 2277; x_wconf 81' lang='grc' dir='ltr'>τὴν</span> <span class='ocrx_word' id='word_1_613' title='bbox 1501 2241 1576 2268; x_wconf 86' lang='grc' dir='ltr'>θείαν</span> <span class='ocrx_word' id='word_1_614' title='bbox 1586 2242 1737 2278; x_wconf 73' lang='grc' dir='ltr'>ἠγνοήκατε</span> <span class='ocrx_word' id='word_1_615' title='bbox 1746 2243 1833 2277; x_wconf 80' lang='grc' dir='ltr'>φύσιν.</span> 
     </span>
    </p>
   </div>
   <div class='ocr_carea' id='block_1_104' title="bbox 1059 2285 1833 2323">
    <p class='ocr_par' dir='ltr' id='par_1_104' title="bbox 1059 2285 1833 2323">
     <span class='ocr_line' id='line_1_105' title="bbox 1059 2285 1833 2323; baseline 0.001 -10"><span class='ocrx_word' id='word_1_616' title='bbox 1059 2287 1089 2313; x_wconf 84' lang='grc'><strong>’0</strong></span> <span class='ocrx_word' id='word_1_617' title='bbox 1102 2288 1156 2322; x_wconf 77' lang='grc' dir='ltr'><strong>γὰρ</strong></span> <span class='ocrx_word' id='word_1_618' title='bbox 1172 2287 1310 2322; x_wconf 73' lang='grc' dir='ltr'>Δεσπότης</span> <span class='ocrx_word' id='word_1_619' title='bbox 1318 2287 1384 2319; x_wconf 75' lang='grc' dir='ltr'>Θεὸς</span> <span class='ocrx_word' id='word_1_620' title='bbox 1393 2288 1469 2314; x_wconf 75' lang='grc' dir='ltr'>οὐδὲν</span> <span class='ocrx_word' id='word_1_621' title='bbox 1483 2285 1521 2314; x_wconf 84' lang='grc' dir='ltr'>ὦν</span> <span class='ocrx_word' id='word_1_622' title='bbox 1534 2288 1572 2323; x_wconf 73' lang='grc' dir='ltr'>μὴ</span> <span class='ocrx_word' id='word_1_623' title='bbox 1584 2287 1688 2322; x_wconf 79' lang='grc' dir='ltr'>πέφυκε</span> <span class='ocrx_word' id='word_1_624' title='bbox 1700 2288 1833 2323; x_wconf 76' lang='grc' dir='ltr'>βούλεται,</span> 
     </span>
    </p>
   </div>
   <div class='ocr_carea' id='block_1_105' title="bbox 1054 2332 1833 2369">
    <p class='ocr_par' dir='ltr' id='par_1_105' title="bbox 1054 2332 1833 2369">
     <span class='ocr_line' id='line_1_106' title="bbox 1054 2332 1833 2369; baseline 0 -10"><span class='ocrx_word' id='word_1_625' title='bbox 1054 2333 1144 2359; x_wconf 76' lang='grc' dir='ltr'>πάντα</span> <span class='ocrx_word' id='word_1_626' title='bbox 1167 2333 1196 2359; x_wconf 82' lang='grc' dir='ltr'>δὲ</span> <span class='ocrx_word' id='word_1_627' title='bbox 1212 2333 1262 2359; x_wconf 83' lang='grc' dir='ltr'>ὅσα</span> <span class='ocrx_word' id='word_1_628' title='bbox 1280 2332 1404 2368; x_wconf 80' lang='grc' dir='ltr'>βούλεται</span> <span class='ocrx_word' id='word_1_629' title='bbox 1417 2332 1539 2359; x_wconf 78' lang='grc' dir='ltr'>δύναται.</span> <span class='ocrx_word' id='word_1_630' title='bbox 1562 2333 1688 2360; x_wconf 83' lang='grc' dir='ltr'>Βούλεται</span> <span class='ocrx_word' id='word_1_631' title='bbox 1703 2333 1731 2360; x_wconf 83' lang='grc' dir='ltr'>δὲ</span> <span class='ocrx_word' id='word_1_632' title='bbox 1753 2334 1787 2361; x_wconf 75' lang='grc' dir='ltr'><strong>τὰ</strong></span> <span class='ocrx_word' id='word_1_633' title='bbox 1802 2334 1833 2369; x_wconf 82' lang='grc' dir='ltr'>τῇ</span> 
     </span>
    </p>
   </div>
   <div class='ocr_carea' id='block_1_106' title="bbox 1052 2377 1668 2415">
    <p class='ocr_par' dir='ltr' id='par_1_106' title="bbox 1052 2377 1668 2415">
     <span class='ocr_line' id='line_1_107' title="bbox 1052 2377 1668 2415; baseline 0.002 -11"><span class='ocrx_word' id='word_1_634' title='bbox 1052 2378 1142 2413; x_wconf 81' lang='grc' dir='ltr'>οἰκείᾳ</span> <span class='ocrx_word' id='word_1_635' title='bbox 1156 2377 1238 2412; x_wconf 77' lang='grc' dir='ltr'>φύσει</span> <span class='ocrx_word' id='word_1_636' title='bbox 1254 2379 1397 2415; x_wconf 82' lang='grc' dir='ltr'>πρόσφορά</span> <span class='ocrx_word' id='word_1_637' title='bbox 1408 2387 1438 2405; x_wconf 81' lang='grc' dir='ltr'><strong>τε</strong></span> <span class='ocrx_word' id='word_1_638' title='bbox 1455 2378 1502 2406; x_wconf 80' lang='grc' dir='ltr'>καὶ</span> <span class='ocrx_word' id='word_1_639' title='bbox 1518 2378 1668 2414; x_wconf 83' lang='grc' dir='ltr'>πρέποντα.</span> 
     </span>
    </p>
   </div>
   <div class='ocr_carea' id='block_1_107' title="bbox 1086 2465 1836 2503">
    <p class='ocr_par' dir='ltr' id='par_1_107' title="bbox 1086 2465 1836 2503">
     <span class='ocr_line' id='line_1_108' title="bbox 1086 2465 1836 2503; baseline 0.001 -12"><span class='ocrx_word' id='word_1_640' title='bbox 1086 2465 1190 2493; x_wconf 78' lang='lat' dir='ltr'><strong>EPAN.</strong></span> <span class='ocrx_word' id='word_1_641' title='bbox 1211 2465 1306 2501; x_wconf 82' lang='grc' dir='ltr'>Ἡμεῖς</span> <span class='ocrx_word' id='word_1_642' title='bbox 1326 2465 1528 2502; x_wconf 83' lang='grc' dir='ltr'>μεμαθήκαμεν</span> <span class='ocrx_word' id='word_1_643' title='bbox 1547 2466 1655 2494; x_wconf 68' lang='grc' dir='ltr'>ἅπαντα</span> <span class='ocrx_word' id='word_1_644' title='bbox 1676 2465 1779 2493; x_wconf 82' lang='grc' dir='ltr'>δυνατὰ</span> <span class='ocrx_word' id='word_1_645' title='bbox 1797 2467 1836 2503; x_wconf 76' lang='grc' dir='ltr'>τῷ</span> 
     </span>
    </p>
   </div>
   <div class='ocr_carea' id='block_1_108' title="bbox 1050 2511 1833 2594">
    <p class='ocr_par' dir='ltr' id='par_1_108' title="bbox 1050 2511 1833 2594">
     <span class='ocr_line' id='line_1_109' title="bbox 1050 2511 1120 2539; baseline 0.029 -2"><span class='ocrx_word' id='word_1_646' title='bbox 1050 2511 1085 2538; x_wconf 87' lang='grc' dir='ltr'>Θε</span> <span class='ocrx_word' id='word_1_647' title='bbox 1092 2511 1106 2518; x_wconf 78' lang='grc'><em>”</em></span> <span class='ocrx_word' id='word_1_648' title='bbox 1113 2531 1120 2539; x_wconf 92' lang='grc'><strong><em>.</em></strong></span> 
     </span>
     <span class='ocr_line' id='line_1_110' title="bbox 1085 2520 1833 2594; baseline 0 -10"><span class='ocrx_word' id='word_1_649' title='bbox 1085 2520 1162 2586; x_wconf 59' lang='grc' dir='ltr'><strong>ίξΡΘ.</strong></span> <span class='ocrx_word' id='word_1_650' title='bbox 1183 2557 1328 2594; x_wconf 75' lang='grc' dir='ltr'>’Δορίστως</span> <span class='ocrx_word' id='word_1_651' title='bbox 1339 2558 1556 2594; x_wconf 78' lang='grc' dir='ltr'>ἀποφαινόμενος</span> <span class='ocrx_word' id='word_1_652' title='bbox 1568 2557 1833 2594; x_wconf 75' lang='grc' dir='ltr'>συμπεριλαμϐάνεις</span> 
     </span>
    </p>
   </div>
   <div class='ocr_carea' id='block_1_109' title="bbox 1050 2603 1831 2641">
    <p class='ocr_par' dir='ltr' id='par_1_109' title="bbox 1050 2603 1831 2641">
     <span class='ocr_line' id='line_1_111' title="bbox 1050 2603 1831 2641; baseline 0.003 -11"><span class='ocrx_word' id='word_1_653' title='bbox 1050 2603 1088 2639; x_wconf 79' lang='grc' dir='ltr'>τῷ</span> <span class='ocrx_word' id='word_1_654' title='bbox 1105 2603 1176 2640; x_wconf 77' lang='grc' dir='ltr'>λόγῳ</span> <span class='ocrx_word' id='word_1_655' title='bbox 1191 2604 1239 2631; x_wconf 77' lang='grc' dir='ltr'>καὶ</span> <span class='ocrx_word' id='word_1_656' title='bbox 1252 2604 1303 2631; x_wconf 83' lang='grc' dir='ltr'><strong>ὅσα</strong></span> <span class='ocrx_word' id='word_1_657' title='bbox 1327 2604 1464 2640; x_wconf 77' lang='grc' dir='ltr'>προσήκει</span> <span class='ocrx_word' id='word_1_658' title='bbox 1482 2606 1517 2641; x_wconf 79' lang='grc' dir='ltr'>τῇ</span> <span class='ocrx_word' id='word_1_659' title='bbox 1535 2604 1582 2632; x_wconf 80' lang='grc' dir='ltr'>τοῦ</span> <span class='ocrx_word' id='word_1_660' title='bbox 1595 2603 1718 2631; x_wconf 81' lang='grc' dir='ltr'>διαϐόλου</span> <span class='ocrx_word' id='word_1_661' title='bbox 1734 2603 1831 2641; x_wconf 82' lang='grc' dir='ltr'>μερίδι.</span> 
     </span>
    </p>
   </div>
   <div class='ocr_carea' id='block_1_110' title="bbox 1057 2753 1632 2797">
    <p class='ocr_par' dir='ltr' id='par_1_110' title="bbox 1057 2753 1632 2797">
     <span class='ocr_line' id='line_1_112' title="bbox 1057 2753 1632 2797; baseline 0.012 -16"><span class='ocrx_word' id='word_1_662' title='bbox 1057 2753 1113 2790; x_wconf 77' lang='grc'><strong>(15)</strong></span> <span class='ocrx_word' id='word_1_663' title='bbox 1130 2755 1169 2783; x_wconf 78' lang='grc' dir='ltr'><strong>ἐλ.</strong></span> <span class='ocrx_word' id='word_1_664' title='bbox 1189 2755 1262 2784; x_wconf 81' lang='lat' dir='ltr'><strong>Edit.</strong></span> <span class='ocrx_word' id='word_1_665' title='bbox 1276 2757 1353 2786; x_wconf 83' lang='lat' dir='ltr'><strong>Rom.</strong></span> <span class='ocrx_word' id='word_1_666' title='bbox 1370 2763 1397 2788; x_wconf 82' lang='lat' dir='ltr'><strong>et</strong></span> <span class='ocrx_word' id='word_1_667' title='bbox 1417 2757 1490 2796; x_wconf 80' lang='lat' dir='ltr'><strong>Lips.</strong></span> <span class='ocrx_word' id='word_1_668' title='bbox 1508 2759 1632 2797; x_wconf 76' lang='grc' dir='ltr'>λέγομεν.</span> 
     </span>
    </p>
   </div>
  </div>
