1959 3052
85 140 142 169 2‘19

610 134 798 165 DIALOGUS
819 133 875 163 ill.
896 145 930 150 --
950 133 1193 164 lMPATlBILIS.

1670 130 1724 161 2Ἱο

92 193 124 219 '0
143 193 197 228 γὰρ
212 190 356 222 ἀποὶύτως
373 191 460 218 πάντα
474 189 575 222 εἰπὼν,
590 190 637 217 καὶ
656 189 691 216 τὰ
711 189 813 224 ἀγαθὰ,
833 189 880 216 καὶ

958 189 1057 216 )solute
1074 189 1165 216 omnia
1188 189 1266 221 dicit,
1295 188 1377 216 simul
1394 188 1464 216 bona
1487 192 1515 215 et
1529 187 1573 214 his
1586 187 1721 214 contraria

85 240 122 265 si
143 229 251 264 τουτων
258 236 367 263 ἐναντία
384 236 455 263 κατὰ
470 236 568 263 ταύτὸν
587 237 707 272 εἴρηκεν.

124 283 228 311 EPA'N.
252 282 281 308 Ὀ
295 280 342 309 οὖν
364 283 487 316 γενναῖος
511 281 574 308 Ἰὼϐ
588 282 638 309 οὐκ
653 280 795 312 ἀπολύτως
809 281 883 316 εῐρη-

86 340 148 364 κεν,
172 340 182 356 ι
201 327 266 357 Οἶδα
281 329 322 356 ὅτι
342 329 430 356 πάντα
452 328 581 363 δύνασαι,
598 329 725 356 ἀδυνατεῖ
740 328 769 355 δέ
784 337 825 355 σοι
840 329 885 354 οὺ-

87 378 150 409 δέν;
174 387 183 403 ι

124 423 202 451 ΟΡΘ.
225 423 256 450 El.
278 423 426 457 ἀναγνοίης
445 422 480 448 τὰ
496 420 536 457 τῷ
557 420 654 455 δικαίῳ
673 419 862 455 προειρημένα
875 439 883 451 ,

87 470 138 496 καὶ
151 469 198 496 τὸν
212 468 316 496 τούτων
341 469 371 500 ἐξ
395 467 510 494 ἐκείνων
524 465 652 501 εὑρήσεις
674 464 786 491 σκοπόν.
811 464 883 498 Ἐφη

86 516 116 542 δὲ
130 515 235 547 οὕτως’
257 523 266 540 ι
285 514 428 550 Μνήσθητι
440 514 482 540 ὅτι
495 511 579 548 πηλόν
601 520 634 546 με
651 510 783 542 ἔπλασας,
800 511 839 541 είς
856 509 884 536 δὲ

87 562 144 597 γῆν
161 571 195 597 με
208 561 402 597 ἀποστρέφεις
415 559 472 595 (16)
482 559 498 594 ἢ
509 558 603 594 οὑχὼς
617 558 688 591 γάλα
704 566 737 592 με
751 555 883 592 ἥμελξας,

87 608 195 643 ἔπηξας
209 607 238 634 δέ
261 616 295 643 με
308 604 355 634 ἴσα
371 605 464 642 τυρῷ;
487 604 580 640 Δέρμα
596 604 644 631 καὶ
660 603 744 637 κρέας
758 602 885 633 ὲνέδυσάς
915 625 921 629 .

90 663 138 690 με,
155 654 260 685 ὀστέοις
276 653 304 679 δὲ
324 652 372 679 καὶ¹
387 652 495 686 νεύροις
512 650 620 684 ὲνεῑρὰς
638 656 682 684 με’
701 648 773 682 ζωὴν
789 647 817 673 δὲ
838 646 885 673 καὶ

89 700 167 726 ἔλεον
187 698 248 725 ἔθου
271 698 335 733 παρ’
350 697 411 732 ἐμοὶ
424 716 432 729 ,
450 697 467 731 ἡ
486 695 515 722 δὲ
536 694 673 730 ἐπισκοπῇ
691 702 736 720 σου
752 691 884 727 ἐφύλαττέ

90 754 144 781 μου
153 745 185 772 τὸ
196 744 315 779 πνεῦμα.
327 753 337 769 ι
350 742 463 774 Τούτοις
474 741 580 774 ἐπάγει,
593 750 602 765 ι
615 739 708 766 Ταῦτα
717 739 786 774 ἔχων
794 739 822 764 ὲν
830 738 883 773 (l7)

89 791 222 828 ἐμαυτῷ,
247 788 305 816 οἶδα
326 789 366 816 ὃτι
391 789 480 815 πάντα
494 786 628 817 δύνασαι,
648 785 776 812 ἀδυνατεῖ
794 793 834 810 σοι
857 783 884 810 δὲ

89 838 180 866 οὐδέν.
193 847 202 863 ι
219 835 324 863 οὐκοῦν
344 835 395 861 ὅσα
410 833 514 864 τούτοις
528 830 683 866 συμϐαίνει,
701 829 747 856 καὶ
765 829 797 864 τῇ
815 829 885 864 ἀκη-

91 884 168 920 pii-up
184 882 264 917 φύσει
278 880 394 916 πρέπειν
410 879 462 913 ἔφη
474 878 542 914 (l8),
559 876 599 912 τῷ
612 875 667 903 τῶν
681 875 750 902 ὂλων
763 873 840 909 aug);

131 974 233 1001 EPAN.
251 973 334 1000 Οὐδὲν
350 971 481 998 ἀδύνατον
498 969 537 1004 τῷ
552 967 751 1002 παντοδυνάμῳ
765 965 836 1001 Θεῷ.

130 1020 208 1047 ΟΡΘ.
229 1019 284 1046 Καὶ
300 1018 330 1045 τδ
345 1016 518 1052 ἁμαρτάνειν
534 1014 589 1049 ἄρα
607 1012 721 1040 δυνατὸν
735 1012 775 1046 τῷ
789 1020 888 1038 παντο-

93 1066 209 1100 δυνὰμῳ
221 1064 292 1099 Θεῷ.
306 1062 377 1090 κατά
389 1070 421 1096 γε
435 1061 481 1087 τὸν
494 1061 555 1095 ὅρον
572 1058 617 1085 τὸν
634 1057 679 1084 σόν
692 1065 698 1072 η

131 1112 234 1140 ΕΡΑΝ.
255 1109 398 1144 Οὐδαμῶς.

129 1158 208 1186 υΡΘ.
227 1157 276 1184 Διὰ
291 1156 318 1183 τί
328 1165 336 1188 ;

131 1204 236 1232 EPAN.
263 1202 428 1236 Ἐπειδὴπερ
444 1200 474 1227 οὗ
498 1198 631 1235 βούλεται.

132 1251 209 1278 ΟΡΘ.
223 1246 260 1277 οὗ
270 1249 298 1275 δὲ
311 1248 391 1283 χάριν
403 1247 433 1273 οὐ
451 1245 593 1280 βούλει-ειη

132 1296 234 1326 ΕΡΑΝ.
254 1294 364 1329 Ἐπειδὴ
376 1293 426 1328 τῆς
438 1291 546 1327 φύσεως
559 1290 668 1325 ἐκείνης
677 1289 708 1315 τὸ
721 1287 890 1324 ἁμαρτάνειν

95 1345 249 1378 ἀλλότριον.

134 1389 211 1417 ΟΡΘ.
235 1387 324 1415 Πολλὰ
347 1385 437 1412 τοῖνυν
459 1384 490 1410 οὺ
508 1383 636 1410 δύναται·
655 1380 740 1408 πολλὰ
762 1381 816 1417 γὰρ
832 1381 891 1415 εἴδη

97 1437 153 1472 πλη
158 1445 178 1472 μ
181 1435 249 1471 μελη
253 1434 356 1469 μάτων.

134 1481 236 1509 ΕΡΔΝ.
252 1479 338 1507 Οὐδὲν
350 1477 404 1504 τῶν
419 1476 547 1503 τοιούτων
562 1475 578 1510 ἦ
594 1473 736 1510 βουλητὸν,
751 1473 768 1509 ἢ
781 1472 892 1499 δυνατὸν

96 1529 139 1565 τῷ
155 1527 223 1562 Θεῷ.
742 1552 747 1554 ἒ

133 1567 210 1600 ϋΡΘ.
226 1570 297 1598 Οὔτε
317 1569 370 1606 μὴν
387 1569 488 1600 ἐκεῖνα,
506 1566 524 1593 ἃ.
540 1567 589 1601 τῆς
605 1564 713 1601 φύσεώς
727 1565 800 1590 ἐστιν
815 1564 892 1590 ἐναν-

95 1620 143 1647 τὶα
155 1618 207 1653 τῆς
220 1617 306 1647 θείας.

133 1663 237 1693 EPAN.
256 1663 325 1689 Ποῖα
341 1659 430 1688 ταῦτα
441 1668 449 1692 ;

133 1709 211 1736 0P0.
224 1705 298 1739 υἶον,
316 1706 374 1741 φῶς
396 1703 490 1739 νοερόν
506 1711 536 1730 τε
555 1703 602 1730 καὶ
619 1700 747 1737 ἀληθινὸν
759 1697 830 1726 εἶναι
847 1699 893 1726 τὸν

96 1756 166 1783 θεὸν
186 1752 379 1789 ἐδιδάχθημεν.

132 1800 237 1829 EPAN.
263 1798 394 1834 Ἀληθῶς.

134 1847 213 1876 ΟΡΘ.
237 1845 307 1873 Ἀλλ’
321 1845 370 1871 οὐκ
387 1843 421 1870 ἃν
439 1843 522 1869 αὑτὸν
541 1841 662 1878 φαίημεν
678 1840 782 1871 σκότος,
801 1839 817 1874 ἦ
832 1838 893 1873 βου-

97 1894 215 1929 ληθῆναι
226 1913 233 1925 ,
248 1892 265 1928 ἢ
280 1890 428 1927 δυνηθῆναι
443 1888 581 1924 γενέσθαι.

137 1940 240 1968 EPAN.
256 1938 403 1973 Οὐδαμῶς.

136 1986 213 2014 ΟΡΘ.
229 1986 314 2013 Πάλιν
325 1984 442 2020 ἀόρατον
456 1981 539 2009 αὑτοῦ
554 1980 604 2016 τὴν
617 1979 699 2015 φύσιν
715 1980 731 2016 ἠ
748 1979 806 2006 υεία
819 1978 894 2012 λέγει

101 2033 209 2070 Γραφή-

139 2079 241 2107 EPAN.
259 2078 339 2105 Οὕτω
353 2076 438 2112 λέγει.

138 2125 215 2152 0P8.
244 2123 314 2151 Ἀλλ’
328 2122 430 2158 ὁρατὴν
445 2120 531 2156 αὐτὴν
547 2119 599 2146 οὔκ
616 2118 650 2146 ἂν
669 2118 793 2152 εἴποιμεν
814 2115 895 2142 δύνα-

103 2172 165 2200 σθαι
178 2169 305 2205 γενέσθαι
317 2169 393 2196 ποτέ.

139 2217 240 2243 EPAN.
262 2216 300 2243 Οὐ
317 2215 396 2250 δῆτα.

139 2263 215 2289 ΟΡΘ.
232 2261 301 2289 Οὔτε
317 2261 371 2296 μὴν
384 2258 572 2294 καταληπτὴν.

140 2309 242 2336 EPAN.
261 2308 299 2334 Οὐ
315 2307 381 2343 γάρ.

140 2355 219 2383 ΟΡΘ.
249 2352 459 2389 ’Δκατάληπτος
475 2351 530 2387 γάρ
545 2350 605 2377 ἐστι
615 2367 624 2382 ,
641 2348 692 2375 καὶ
715 2346 835 2382 πάμπαν
849 2346 898 2373 ἀν-

103 2403 226 2437 ἐφικτος.

140 2447 243 2475 EPAN.
267 2445 368 2481 ’Δληθῆ
383 2445 484 2480 λέγεις.

140 2493 216 2521 ΟΡΘ.
234 2491 339 2520 Οὐκοῦν
353 2491 414 2518 οὐδὲ
426 2491 441 2518 ὁ
453 2490 491 2517 ὢν
504 2489 602 2525 γένοιτ’
616 2487 650 2516 ἂν
665 2487 716 2515 οὐκ
730 2486 777 2514 ὢν.

139 2539 241 2568 ΕΡΛΝ.
260 2539 380 2573 Ἄπαγε.

139 2585 216 2614 οΡΘ.
233 2584 301 2612 Οὐδὲ
315 2592 348 2619 γι
361 2584 375 2610 ὁ
389 2581 485 2618 Πατὴρ
501 2580 578 2614 Υἱός.
628 2607 630 2609 ,

140 2631 244 2660 ΕΡΔΝ.
264 2630 326 2657 Τῶν
338 2629 488 2657 ἀδυνάτων.

140 2678 217 2706 ΟΡΘ.
237 2677 306 2704 υῦδὲ
320 2684 353 2711 τε
367 2675 515 2711 ἀγέννητος
534 2675 588 2710 ἄρα
604 2670 816 2708 γεγεννημένος.

140 2757 164 2774 ⁸⁵
179 2757 233 2785 Job
248 2765 283 2789 x,
305 2756 350 2784 15.
387 2754 410 2771 "
427 2754 494 2783 ibid.
512 2752 587 2782 9-12.
626 2750 649 2767 “
666 2749 732 2778 ibid.
753 2749 796 2776 15.

344 2825 425 2852 Deest
444 2823 534 2850 πάλιν.

351 2860 465 2895 σεαυτῷ.

141 2827 330 2900 ίῖίέζῗξῖέῗεέι

935 235 1138 269 complectitur.
1227 260 1241 276 .

970 279 1074 307 ERAN.
1094 280 1192 307 Annon
1210 281 1334 308 absolute
1346 281 1426 308 fortis
1435 279 1607 308 Jobusdixit
1620 288 1627 306 :
1640 289 1649 304 ι
1662 278 1723 306 Seio

935 329 961 352 te
974 325 1064 353 omnia
1084 334 1175 361 posse,
1200 331 1228 354 et
1243 327 1311 354 nihil
1330 327 1378 354 tibi
1391 334 1451 355 esse
1471 326 1640 361 impossibile
1649 325 1694 352 “‘P
1712 334 1721 350 ι

969 411 1073 439 ORTll.
1089 411 1117 439 Si
1135 412 1235 447 legeris
1249 420 1309 447 quae
1324 419 1338 439 a
1350 412 1424 447 justo
1436 416 1500 439 ante
1513 411 1586 438 dicta
1601 414 1675 442 sunt,
1686 409 1718 438 l'a-

935 458 987 485 cilc
1005 458 1102 484 horum
1114 465 1227 492 scopum
1238 465 1272 485 ex
1285 457 1339 484 illis
1348 458 1481 484 invenies.
1493 457 1537 484 Sic
1552 457 1626 484 enim
1639 457 1723 483 dixit:

939 513 948 529 ι
968 504 1104 531 Memento
1127 509 1153 531 te
1168 504 1240 531 sicut
1255 504 1343 530 lutum
1359 503 1494 529 formasse
1511 510 1565 534 me,
1580 502 1606 528 in
1622 506 1724 529 terram

935 554 1026 577 autem
1042 558 1085 577 me
1104 557 1200 577 rursus
1212 549 1360 577 convertis.
1379 549 1475 575 Nonne
1498 548 1570 575 sicut
1594 548 1636 575 lac
1652 548 1722 574 mul-

935 595 995 623 sisti
1011 603 1054 622 me
1066 615 1072 626 ,
1093 599 1120 622 et
1133 596 1205 623 sicut
1218 602 1328 622 caseum
1342 596 1348 604 '
1367 602 1410 621 me
1431 593 1600 628 coagulasti?
1615 593 1687 620 Pelle
1699 599 1725 620 et

935 642 1065 670 carnibus
1091 642 1203 670 induisti
1225 642 1397 674 me,ossibus
1412 645 1441 668 et
1456 640 1548 668 nervis
1566 640 1726 675 compegisti

936 697 990 721 me,
1016 689 1099 716 vitam
1119 693 1147 715 et
1168 688 1386 715 misericordiam
1397 687 1517 714 tribuisti
1534 687 1612 718 mihi,
1632 686 1725 713 visita—

937 734 975 761 tio
990 738 1034 761 tua
1057 734 1206 762 custodivil
1220 734 1346 769 spiritum
1364 742 1454 760 meum
1466 734 1498 760 π.
1515 743 1523 758 ι
1545 733 1642 760 Postea
1661 732 1727 759 sub-

934 781 1046 816 jungit:
1066 790 1075 805 ‹
1092 780 1155 807 “me
1180 780 1286 807 habens
1312 779 1339 806 in
1365 779 1487 814 mcipso,
1505 779 1563 806 scio
1590 783 1615 805 te
1637 778 1728 805 omnia

937 834 1027 860 pesse,
1049 830 1076 852 ct
1096 825 1230 853 nihiltibi
1249 833 1309 852 esse
1333 824 1545 860 impossibile“.
1569 833 1578 850 ›
1607 823 1648 850 An
1662 831 1729 858 ergo

904 865 922 891 Β
939 879 1110 906 qumcunque
1128 871 1172 898 his
1198 870 1366 898 conveniunt
1386 870 1469 897 etiam
1493 869 1728 903 incorruptibilem

940 919 1039 946 decere
1050 923 1177 946 naturam
1191 917 1270 950 dixit,
1287 917 1480 944 universorum
1496 917 1603 944 Deum?

972 964 1076 991 ERAN.
1087 964 1160 991 Nihil
1175 971 1229 990 non
1244 968 1335 998 potest
1345 963 1392 998 qui
1405 962 1496 989 omnia
1508 966 1598 997 potest
1614 961 1694 988 Deus.

975 1010 1080 1038 Oll'l'll.
1092 1011 1163 1046 Ergo
1172 1010 1255 1037 etiam
1269 1017 1383 1045 peccare
1392 1013 1482 1044 potest
1495 1009 1542 1044 qui
1555 1012 1597 1036 est
1607 1007 1731 1042 omnipo-

941 1060 1001 1083 tens
1018 1057 1100 1089 Deus,
1112 1060 1143 1083 ut
1156 1061 1184 1083 tu
1196 1056 1308 1091 quidem
1320 1055 1428 1084 definis.

974 1103 1076 1130 EllAN.
1091 1103 1172 1130 Nullo
1187 1102 1270 1129 modo

974 1148 1080 1175 ORTH.
1096 1148 1186 1181 Quare
1197 1145 1224 1174 ἰδ’

974 1195 1076 1221 ERAN.
1097 1194 1166 1227 Quia
1184 1202 1239 1221 non
1255 1194 1323 1221 vult.

974 1241 1080 1268 OR’l‘ll.
1097 1241 1153 1269 Cur
1164 1246 1255 1268 autem
1270 1249 1323 1269 non
1335 1241 1414 1269 vult?

977 1287 1080 1314 ERAN.
1094 1287 1162 1321 Quia
1179 1295 1294 1322 peccare
1310 1287 1429 1314 alienum
1442 1291 1484 1313 est
1496 1285 1530 1312 ab
1544 1285 1589 1312 illa
1605 1289 1713 1311 natura.

977 1378 1082 1406 ORTH.
1101 1377 1185 1405 Multa
1198 1384 1264 1412 ergo
1280 1385 1334 1404 non
1355 1381 1456 1411 potest,
1479 1383 1540 1402 eum
1556 1379 1732 1410 peccatorum

943 1425 1028 1452 multa
1042 1424 1096 1451 sint
1112 1431 1222 1459 genera.

975 1470 1078 1498 ERAN.
1090 1469 1163 1497 Nihil
1179 1469 1277 1496 horum
1290 1472 1338 1495 aut
1349 1467 1408 1494 vult
1421 1470 1468 1493 aut
1478 1470 1568 1501 potest
1579 1465 1662 1493 Deus.

982 1568 1063 1604 184
1076 1566 1181 1594 ORTH.
1199 1565 1330 1600 Adeoque
1349 1572 1401 1592 nec
1417 1564 1462 1591 illa
1484 1572 1544 1599 qum
1565 1563 1666 1591 divinae
1687 1571 1735 1591 na-

948 1619 1017 1642 tura:
1033 1612 1171 1641 contraria
1188 1615 1261 1639 sunt.

978 1659 1082 1688 ERAN.
1097 1658 1227 1691 Quamam
1238 1660 1304 1684 sunt
1319 1655 1401 1682 hac?

975 1706 1079 1734 OBTll.
1090 1705 1175 1738 Quale
1187 1708 1239 1736 est,
1255 1702 1328 1738 quod
1341 1701 1539 1737 intelligentem
1549 1706 1577 1728 et
1591 1708 1682 1727 veram
1693 1699 1735 1727 lu-

944 1761 1003 1781 cem
1017 1753 1103 1780 Deum
1115 1759 1175 1778 esse
1189 1749 1346 1777 didicimus.

981 1798 1085 1826 ERAN.
1104 1798 1205 1824 Verum
1216 1799 1268 1822 est.

982 1843 1087 1871 Oll'l‘ll.
1108 1842 1161 1869 Sed
1177 1848 1267 1875 neque
1287 1839 1413 1867 tenebras
1430 1838 1518 1873 ipsum
1531 1838 1601 1865 velle
1616 1841 1737 1872 el/posse

948 1890 1007 1918 ﬁeri
1024 1889 1184 1916 dixerimus.

982 1934 1086 1962 ERAN.
1097 1933 1178 1960 Nullo
1188 1931 1280 1958 modo.

982 1979 1087 2008 OltTH.
1104 1979 1239 2006 Przeterea
1251 1974 1418 2003 invisibilcm
1438 1973 1525 2008 ipsius
1538 1977 1662 1999 naturam
1677 1979 1738 1999 esse

946 2027 1039 2055 divina
1049 2025 1116 2053 dicit
1133 2024 1286 2058 Scriptura.

982 2072 1084 2100 ERAN.
1102 2071 1147 2098 Sic
1161 2070 1237 2098 dicit.

976 2118 1082 2146 ORTH.
1102 2116 1155 2144 Sed
1176 2115 1311 2144 visibilem
1327 2121 1391 2141 eum
1411 2112 1469 2140 ﬁeri
1489 2110 1637 2146 aliquando
1659 2117 1738 2150 posse

948 2173 1002 2193 non
1015 2163 1176 2190 dixerimus.

913 2205 937 2234 Ι)
985 2209 1088 2236 ERAN.
1103 2208 1224 2235 Minime.

981 2254 1088 2282 OBTH.
1101 2254 1196 2288 Neque
1208 2259 1274 2279 vero
1289 2248 1580 2285 comprehensibilem.

979 2300 1083 2328 ERAN.
1094 2299 1284 2334 Nequaquam.

983 2346 1088 2375 ORTH.
1109 2346 1158 2372 Est
1166 2344 1240 2372 enim
1256 2339 1552 2376 incomprehensibilis,
1564 2341 1592 2366 et
1607 2337 1640 2366 ad
1658 2344 1739 2373 quam

949 2393 1067 2430 pertingi
1083 2399 1199 2428 prorsus
1208 2398 1264 2417 non
1273 2389 1370 2425 possit.

986 2438 1090 2468 ERAN.
1107 2438 1179 2466 Vera
1198 2436 1278 2463 dicis.

987 2485 1091 2513 OBTH.
1106 2484 1178 2519 Ergo
1193 2490 1244 2510 nec
1255 2480 1301 2517 qui
1315 2483 1357 2508 est
1369 2479 1427 2507 ﬁeri
1439 2481 1530 2513 potest
1543 2480 1573 2503 ut
1587 2483 1642 2504 non
1658 2475 1704 2503 sit.

987 2530 1091 2559 ERAN.
1109 2530 1205 2557 Absit!

983 2576 1089 2605 ORTH.
1101 2575 1196 2610 Neque
1211 2578 1241 2601 ut
1255 2573 1302 2609 qui
1322 2573 1402 2600 Pater
1413 2575 1454 2599 est
1474 2570 1510 2598 sit
1525 2569 1621 2597 Filius.

986 2622 1091 2651 ERAN.
1110 2620 1285 2656 lmpossibile
1296 2622 1349 2646 est.

986 2667 1092 2696 ORTH.
1113 2667 1206 2701 Neque
1219 2669 1250 2692 ut
1260 2663 1399 2699 ingenitus
1414 2661 1450 2690 sit
1462 2661 1582 2698 genitus.

989 2811 1044 2848 (18)
1056 2808 1223 2848 scit—656).
1237 2808 1288 2837 Ed.
1316 2808 1396 2836 Rom.
1420 2811 1448 2834 et
1470 2805 1545 2841 Lips.
1569 2801 1746 2832 τὸν-Θεόν.

951 2847 1040 2877 Ninus
1054 2847 1133 2874 bene.
