1974 3052
233 133 284 164 963

270 190 339 216 Tune
355 189 492 217 arbitraris
508 193 633 220 mortuos,
649 187 788 217 Nicer-ate.

270 225 320 256 Qui
335 233 362 252 se
377 225 494 251 omnibus
510 224 602 250 dedere
615 224 674 250 vine
685 223 798 257 gaudiis.

273 260 382 294 l’ugisse
398 259 512 294 Numen,
529 263 558 284 ut
574 258 705 284 latentes?
720 257 842 294 protinus

270 294 317 320 Est
332 294 405 320 luris
421 293 521 324 oculus.
537 297 630 319 cuncta
646 297 720 318 acute
736 293 880 326 pervidens.

270 328 456 362 (Jeiniimmque
470 328 515 354 sub
531 331 601 353 terra
617 327 687 362 viam
702 335 755 353 esse
769 328 910 362 credimus.

272 362 329 390 Una
344 367 381 389 est
397 361 511 397 piorum,
529 362 573 388 sed
589 361 719 388 malorum
734 365 771 388 est
786 361 881 388 altera.

233 417 316 452 855
329 418 364 444 Et
377 421 438 452 post
455 424 540 451 pauca
558 425 564 442 ι

268 473 328 504 Jus.
345 482 376 500 ne
392 473 453 508 quid
468 481 549 503 erres.
565 472 656 506 inferis
672 480 772 506 quoque
779 477 818 508 est
832 480 910 499 suum
925 480 934 498 :

271 508 345 540 Quod
360 508 405 534 ille
420 508 485 534 dicet
501 507 629 534 Dominus
641 508 758 533 omnium
773 507 854 534 Deus.

235 563 350 596 Quando
375 563 449 589 enim
472 570 527 589 non
545 569 641 589 omnes
657 561 704 596 qui
727 562 907 596 delinquunt,
930 569 1024 596 poenas

237 609 282 635 hic
293 608 461 642 persolvunt,
474 615 562 641 neque
578 606 689 634 virtutis
698 607 804 642 pugiles
822 615 923 634 corona
937 606 1022 641 digni,

237 653 418 680 certaminum
435 652 545 686 praemia
572 652 663 679 cuncti
687 660 738 687 pro
760 652 866 679 meritis
885 653 930 679 hic
953 652 1024 679 acci-

238 699 316 734 piunt
336 699 414 732 :jure
433 698 537 732 optimo
561 698 611 724 istc
630 698 739 724 oculum
761 698 852 724 omnia
872 697 1023 724 intuentem

238 745 358 772 ostendit
382 748 410 771 et
434 744 556 771 futurum
571 744 705 778 judicium
724 743 859 778 prmdixit,
885 747 915 769 ut
929 746 956 769 et
978 742 1024 769 illa

239 792 404 819 metuentes,
424 792 451 814 et
462 788 536 814 hunc
552 788 646 815 videre
662 788 813 819 credentes,
829 787 863 813 ad
874 787 1025 821 expetenda

733 129 976 160 TIIEODORETI
996 129 1165 160 EPISCOPI
1185 127 1366 158 CYRENSIS

1803 121 1859 154 9M

1035 192 1058 218 Α
1107 187 1166 213 Οἴει
1184 186 1225 212 σὺ
1244 186 1314 218 τοὺς
1329 184 1485 216 θανόντας,
1499 179 1522 210 ὦ
1542 181 1705 218 Νικήρατε,

1111 220 1227 255 Τρυφῆς
1240 221 1363 253 ἀπάσης
1379 217 1598 255 μεταλαϐόντας
1614 217 1649 255 ἐν
1659 217 1731 249 βίφ.

1108 253 1292 290 Περεύγέναι
1312 254 1345 281 τὸ
1360 254 1453 290 Ocior,
1473 253 1513 290 ὡς
1528 253 1717 290 λεληρότᾳςς

1110 285 1194 317 Ἔστι
1210 285 1303 322 Δίκης
1315 287 1476 323 ὀφθαλμὸς,
1494 287 1573 323 ὃςντὰ
1584 286 1676 323 πᾴζθξ
1689 285 1752 320 ὁρᾷ.

1107 325 1161 352 Καὶ
1176 324 1213 358 δὴ
1224 325 1245 340 ³¹
1256 319 1320 360 τιρὒ
1332 319 1477 360 ξὶδηιίᾷὐρ
1493 322 1609 360 τρίξους
1688 319 1846 356 νομίζομεν

1108 360 1187 386 Μίαν
1196 355 1254 393 μὲν
1267 355 1387 385 δικαίων
1399 366 1405 372 -
1421 356 1526 391 ἑτέραν
1541 355 1575 382 δὲ
1591 355 1719 382 ἀσεϐῶν.

1074 417 1128 444 Καὶ
1145 418 1203 452 μετ’
1218 416 1296 450 ὀλίγα
1307 423 1320 430 ’ν

1108 471 1210 504 Μηδὲν
1228 469 1387 503 πλαΥηΘῇς
1398 478 1405 486 ·
1419 470 1485 496 ἐστι
1498 468 1557 504 κάν
1573 468 1595 484 ³¹
1612 466 1688 501 ᾅδου
1701 467 1802 501 κρίσις
1813 487 1821 498 ,

1110 507 1217 539 Ἢνπερ
1229 505 1346 538 ποιήσει
1364 504 1435 537 Θεὸς
1448 505 1464 531 ό
1478 503 1597 530 πάντων
1606 503 1770 536 Δεσπότης.

1079 563 1188 598 Ἐπειδὴ
1206 563 1259 598 γὰρ
1284 563 1333 598 οὐχ
1356 563 1475 592 ἅπαντες
1499 562 1523 587 ot
1552 559 1777 595 πλημμελοῦντες
1793 558 1861 594 τῇδε

1073 609 1175 634 τίνουσι
1201 609 1288 643 δίκην,
1315 607 1376 634 οὔτε
1404 607 1457 642 μὴν
1482 607 1506 632 οἱ
1533 605 1663 638 ἁξιόνικοι
1684 604 1734 639 τῆς
1759 604 1862 638 ἀρετῆς

1075 653 1189 688 ἀθληταὶ
1213 653 1247 679 τὰ
1263 653 1317 679 τῶν
1337 651 1450 686 ἀγώνων
1478 649 1549 678 ἆθλα
1568 651 1667 681 πάντες
1687 649 1755 684 πρὸς
1779 651 1860 683 ἀξίαν

1076 699 1172 725 ἐνθάδε
1188 698 1356 733 κομίζονται,
1373 697 1442 733 [καὶ]
1465 697 1487 713 ³³
1509 697 1580 731 μάλα
1597 696 1708 727 εἰκότως
1724 692 1802 727 οὗτος
1815 695 1865 721 τὸν

1076 745 1164 771 πάντα
1182 744 1322 779 ἐφορῶντα
1347 743 1482 774 ἐπέδειξεν
1500 742 1649 776 ὀφθαλμὸν,
1667 743 1714 768 καὶ
1735 741 1785 776 τὴν
1799 742 1863 768 ἐσο-

1078 791 1160 825 μένην
1173 790 1359 825 προηγόρευσε
1372 789 1471 823 κρίσιν·
1482 788 1526 814 ἴνα
1539 789 1653 814 κάκεῖνα
1665 788 1861 822 δειμαίνοντες,

239 834 349 861 virtutis
363 833 510 860 certamina
528 833 600 860 ultro
612 833 702 860 cuncti
713 833 886 864 accederent,
903 839 954 859 nec
969 836 1027 858 tur—

1083 836 1124 862 καὶ
1140 835 1233 862 τοῦτον
1248 836 1313 870 όρᾷν
1332 834 1503 865 πιστεύοντες
1523 834 1555 866 ³⁸,
1570 833 1687 864 ἅπαντες
1716 833 1779 864 τοὺς
1800 833 1864 865 ἀξι-

240 879 371 906 barentur
397 877 470 912 quod
498 878 622 904 laborum
647 877 759 912 praemia
783 885 838 904 non
868 881 1023 904 cernerent.

241 922 388 950 Thebanus
399 922 481 948 etiam
498 921 645 954 Pindarus,
662 921 758 948 Fatum
775 929 808 948 ac
817 921 965 948 Fortunam
980 929 1028 947 va—

243 968 302 995 lere
324 967 442 1002 jubens,
459 966 674 1001 omnipotentem
692 967 740 994 Dei
767 966 896 994 virtutem
921 966 1029 1001 ignaros

245 1013 326 1041 docet
341 1021 348 1040 :

282 1113 355 1141 Potia
372 1117 409 1140 est
427 1113 508 1145 Deus,
525 1113 625 1147 inquit,
660 1116 726 1140 atrae
743 1112 825 1139 noctis
848 1119 863 1139 e
883 1112 994 1139 tenebris

282 1148 384 1175 Purum
397 1149 479 1183 jubar
496 1155 639 1183 exserere:

282 1182 356 1210 Potir
374 1180 442 1210 tetra
457 1182 569 1217 caligine
587 1180 691 1208 clarum

284 1218 342 1244 Diei
358 1217 445 1244 lumen
463 1217 581 1244 obruere.

245 1273 383 1301 Aristonis
409 1277 499 1299 autem
529 1272 602 1299 ﬁlius
617 1271 788 1299 manifestius
816 1271 896 1298 nobis
913 1271 1032 1298 ostendit

249 1327 340 1346 rerum
352 1318 474 1345 omnium
484 1317 642 1350 Praesidem,
659 1317 744 1344 totius
757 1317 832 1344 orbis
848 1317 1030 1352 gubernacula

245 1364 371 1391 manibus
382 1364 579 1390 continentem.
594 1363 623 1390 ln
638 1363 746 1398 Legibus
762 1363 834 1390 enim
842 1363 899 1390 haec
911 1363 978 1390 dicit
990 1362 1028 1398 (p.

246 1409 336 1442 716A)
353 1417 360 1435 :
377 1417 386 1434 ‹
402 1409 474 1435 Deus
494 1408 595 1442 itaque,
612 1407 871 1443 utantiquusetiam
883 1415 974 1435 sermo
987 1412 1029 1435 te-

246 1458 345 1485 statur,
365 1453 529 1488 principium
545 1461 636 1480 rerum
646 1453 884 1485 omnium,ﬁneul,
897 1453 1032 1480 medium—

1079 881 1210 916 εράστους
1221 881 1269 915 τῆς
1283 880 1384 914 ἀρετῆς
1399 879 1506 913 ἀγῶνας
1522 879 1698 906 ἀσπάσωνται
1712 879 1745 910 ³⁵,
1761 879 1807 905 καὶ
1824 879 1863 914 μὴ

1078 925 1273 960 δυσχεραίνωσι
1290 925 1326 960 μὴ
1339 925 1455 960 ὁρῶντες
1469 925 1524 951 τῶν
1535 925 1621 950 πόνων
1633 924 1790 959 τάπίχειρα.
1806 925 1865 951 Καὶ

1078 971 1211 1006 Πίνδαρος
1222 971 1249 997 δὲ
1262 971 1275 997 ὁ
1290 970 1418 1004 Θηὸαῖος,
1436 969 1573 1005 ὲρρὦοαι
1591 969 1695 1005 φράσας
1710 969 1865 1005 εἱμαρμένῃ

1079 1016 1125 1043 καὶ
1137 1016 1207 1052 τύχῃ
1222 1016 1268 1042 καὶ
1286 1016 1454 1051 πεπρωμένῃ
1467 1035 1475 1047 .
1489 1015 1538 1051 τὴν
1551 1015 1676 1050 παναλκῆ
1687 1015 1801 1049 δύναμιν
1816 1014 1864 1041 τοῦ

1078 1061 1145 1088 Θεοῦ
1160 1062 1280 1088 διδάσκει
1294 1062 1356 1093 τοὺς
1371 1061 1550 1096 ἀγνοοῦντας·

1137 1115 1198 1148 Θεῷ
1208 1115 1274 1151 γὰρ,
1285 1117 1361 1150 φησὶ.
1375 1116 1507 1143 δυνατὸν
1515 1116 1550 1143 ἐκ
1559 1117 1705 1151 μελαίνας

1133 1151 1249 1183 Νυκτὸς
1260 1151 1406 1184 ἀμίαντον·
1416 1151 1504 1184 ὄρσαι
1520 1152 1543 1167 ³⁸
1558 1152 1644 1185 φάος.

1132 1185 1311 1219 Κελαινεςςέῑ
1321 1186 1342 1201 ³⁷
1357 1184 1391 1211 δὲ
1401 1187 1502 1220 σκότει
1512 1184 1645 1220 καλύψαι

1131 1221 1269 1254 Καθαρὸν
1283 1220 1394 1254 ἁμέρας
1405 1219 1509 1253 σέλας.

1087 1277 1117 1304 ’0
1133 1276 1161 1303 δέ
1172 1285 1204 1310 γε
1225 1276 1386 1312 Ἀρίστωνος
1405 1277 1572 1312 σαφέστερον
1595 1277 1777 1303 ἐπιδείκνυσιν
1797 1276 1865 1312 ἡμῖν

1081 1322 1135 1349 τῶν
1152 1321 1221 1348 ὅλων
1239 1321 1283 1348 τὸν
1299 1321 1435 1357 Πρύτανιν
1448 1322 1502 1349 τῶν
1512 1322 1558 1348 τοῦ
1572 1322 1671 1354 παντὸς
1683 1322 1783 1349 οἰάκων
1794 1321 1867 1349 ὲπει-

1081 1367 1219 1403 λημμένον
1246 1368 1278 1395 ³⁵.
1297 1369 1377 1402 Λέγει
1392 1368 1420 1394 δὲ
1435 1368 1519 1395 ταῦτα
1531 1369 1559 1394 ὲν
1578 1369 1634 1400 τοῖς
1657 1369 1784 1402 Νόμοις·
1802 1377 1812 1394 ι
1835 1367 1867 1394 Ὀ

1084 1413 1132 1448 μὲν
1149 1412 1180 1448 δὴ
1194 1413 1270 1444 Θεὸς,
1285 1413 1323 1444 ὼς
1339 1414 1385 1440 καὶ
1398 1414 1412 1440 ὁ
1423 1413 1536 1446 παλαιὸς
1550 1413 1637 1447 λύγος,
1655 1414 1743 1449 ἀρχὴν
1759 1414 1807 1440 καὶ
1820 1422 1866 1439 τε-

1082 1458 1179 1493 λευτὴν
1197 1459 1244 1485 καὶ
1265 1459 1335 1493 μέσα
1348 1458 1402 1485 τῶν
1422 1458 1507 1485 ὄντων
1526 1459 1652 1486 ἁπάντων
1669 1459 1749 1494 ἔχων,
1774 1459 1867 1494 εὐθείᾳ

246 1506 300 1532 que
313 1497 485 1532 complexus,
498 1500 572 1523 recta
592 1497 711 1531 perﬁcit,
727 1497 878 1524 secundum
905 1501 1031 1523 naturam

1083 1503 1227 1538 περαίνει,
1249 1503 1319 1529 κατὰ
1340 1503 1420 1537 φύσιν
1437 1503 1700 1538 περιπορευόμενος·
1722 1502 1760 1538 τῷ
1775 1502 1803 1529 δὲ
1824 1503 1868 1529 ἀεὶ

246 1544 337 1571 omnia
347 1543 581 1571 circumlustrans.
593 1542 673 1569 Juxta
683 1542 756 1569 hunc
768 1546 858 1569 autem
869 1549 976 1576 semper
988 1549 1031 1568 se-

247 1588 362 1623 quiturJ
371 1588 473 1619 ustitia,
486 1587 569 1614 ultrix
583 1594 678 1614 eorum
686 1587 732 1622 qui
746 1595 761 1614 a
773 1587 864 1614 divina
879 1587 938 1622 lege
955 1587 1034 1614 aber-

248 1638 319 1660 rant.
329 1634 379 1660 Cui
389 1633 532 1660 adhaerens
540 1632 586 1667 qui
595 1633 692 1659 beatus
700 1633 809 1659 futurus
816 1636 869 1664 est,
879 1631 991 1659 humilis
1002 1639 1034 1659 ac

249 1679 389 1706 modestus
400 1678 585 1712 subsequitur.
604 1677 703 1712 Siquis
716 1685 781 1704 vero
791 1678 918 1712 jactantia
935 1677 1033 1709 elatus,

247 1723 331 1758 856
343 1726 390 1749 aut
402 1721 526 1757 pecuniis
539 1726 650 1749 evectus
669 1721 711 1748 vel
723 1721 884 1753 honoribus,
902 1726 949 1748 aut
971 1723 1034 1756 pul-

250 1769 316 1795 chra
339 1767 464 1802 corporis
490 1767 661 1799 habitudine,
675 1767 818 1802 juventute
841 1766 922 1793 simul
939 1774 970 1793 ac
988 1766 1036 1793 de—

250 1813 352 1840 mentia
367 1813 551 1840 inﬂammatur
572 1812 674 1845 animo,
698 1819 753 1839 non
781 1812 839 1839 sine
860 1812 1035 1844 contumelia,

251 1864 380 1893 tanquam
399 1866 450 1886 nec
471 1857 593 1893 principe
603 1859 659 1893 jam
685 1865 735 1885 nec
751 1858 821 1885 duce
838 1858 968 1893 indigeat,
986 1857 1035 1885 sed

251 1904 297 1938 qui
314 1904 385 1938 potis
398 1904 434 1931 sit
446 1904 503 1938 ipse
514 1904 582 1931 alios
594 1903 705 1936 ducere,
722 1903 848 1930 desertus
860 1903 940 1930 aDeo
954 1903 1037 1930 relin-

252 1950 345 1984 quitur
359 1958 365 1976 ι
386 1949 497 1976 relictus
511 1956 587 1981 vero,
604 1952 632 1975 et
645 1949 707 1976 aliis
723 1949 860 1976 similibus
876 1948 928 1975 sibi
940 1948 1037 1983 adjun—

251 1995 304 2023 clis
320 1995 449 2027 exsultat,
475 1995 566 2022 omnia
583 1995 665 2022 simul
678 1994 855 2022 conturbans.
882 1994 922 2021 Ac
943 1994 1037 2021 multis

252 2040 361 2075 quidem
373 2039 482 2067 videtur
494 2041 593 2075 aliquis
602 2048 662 2067 esse
678 2049 684 2066 ι
699 2044 761 2074 post
774 2044 879 2067 certum
892 2047 957 2067 vero
970 2043 1038 2066 tem-

253 2089 314 2119 pus,
336 2092 390 2111 non
408 2084 571 2119 culpabilem
593 2084 708 2119 justitiaa
731 2091 840 2119 poenam
866 2084 987 2116 subiens,
1010 2088 1038 2111 et

253 2130 373 2165 seipsum
385 2134 413 2157 et
427 2130 538 2156 domum
553 2133 581 2156 et
596 2130 734 2156 civitatem
751 2129 861 2164 penitus
875 2129 1033 2156 subvertit.)

254 2175 334 2203 llisce
350 2175 441 2202 verbis
458 2174 637 2209 philosophus
660 2174 744 2201 totius
758 2173 852 2200 mundi
879 2173 1039 2200 Curatorem

254 2220 384 2252 ostendit,
395 2224 422 2247 et.
437 2221 496 2255 ejus
510 2220 673 2254 quandoque
689 2227 752 2254 erga
767 2219 914 2246 nonnullos
924 2219 1042 2246 toleran-

254 2265 331 2297 tiam,
343 2268 371 2291 et
378 2264 506 2291 damnum
519 2264 580 2291 inde
589 2263 780 2298 insipientibus
786 2264 959 2298 provenicns,
966 2271 1041 2298 quaa-

255 2318 308 2345 que
323 2310 375 2337 illis
386 2310 496 2336 demum
508 2308 645 2343 pernicies
657 2309 685 2335 in
696 2313 837 2343 posterum
853 2308 993 2335 alienatur.
1011 2308 1040 2334 1n

255 2355 351 2390 Gorgia
379 2360 470 2382 autem
487 2353 614 2389 supplicii
627 2361 724 2380 causas
746 2354 869 2388 exponit.
887 2353 982 2380 dicens
995 2354 1038 2389 (p.

255 2400 307 2428 525
330 2400 362 2435 A)
386 2409 393 2426 :
414 2409 422 2425 ι
439 2399 570 2434 Congruit
586 2403 677 2426 autem
696 2398 770 2426 omni
790 2399 837 2433 qui
860 2399 887 2425 in
907 2399 1041 2433 supplicio

256 2446 421 2473 constitutus
439 2450 491 2477 est,
501 2445 565 2472 dum
579 2445 613 2471 ab
627 2444 682 2471 alio
693 2444 858 2479 supplicium
876 2449 952 2471 recte
970 2444 1040 2479 pati-

258 2495 313 2522 tur,
324 2495 354 2517 ut
367 2491 409 2518 vel
420 2490 478 2525 ipse
501 2490 565 2517 inde
575 2489 671 2517 melior
682 2489 739 2521 ﬁat,
748 2491 757 2500 '
770 2490 1042 2524 cmolumcntumque

257 2536 357 2570 capiat,
373 2537 416 2563 vel
441 2536 547 2563 caeteris
572 2535 608 2563 sit
625 2535 761 2570 exemplo,
785 2539 815 2562 ut
831 2535 954 2563 videntes
978 2543 1041 2562 eum

258 2581 313 2616 pati
332 2589 393 2616 quae
417 2581 535 2616 patitur,
561 2581 660 2609 timore
685 2580 794 2615 impulsi
817 2580 884 2608 ﬁant
904 2581 1041 2608 meliores.

1082 1547 1228 1586 ξυνέπεται
1242 1547 1320 1582 Δίκη,
1333 1547 1387 1573 τῶν
1398 1548 1622 1582 ἀπολειπομένων
1636 1547 1683 1574 τοῦ
1695 1547 1767 1574 θείου
1783 1547 1867 1582 νόμον

1083 1594 1215 1629 τιμωρός·
1234 1591 1268 1629 ἦς
1284 1595 1298 1620 ὁ
1322 1594 1371 1628 μὲν
1393 1595 1596 1630 εὐδαιμονήσειν
1614 1594 1717 1629 μέλλων
1741 1594 1868 1629 ὲχόμενο;

1083 1638 1224 1670 ξυνέπεται
1232 1640 1358 1670 ταπεινὸς
1370 1639 1416 1665 καὶ
1427 1640 1643 1674 κεκοσμημένος.
1653 1639 1685 1665 El
1694 1638 1722 1665 δέ
1733 1647 1774 1670 τις
1790 1639 1867 1673 ἐξαρ-

1084 1683 1139 1714 Θεὶς
1151 1683 1203 1709 ὑπὸ
1215 1683 1409 1719 μεγαλαυχίας,
1424 1684 1440 1719 ἢ
1452 1685 1589 1719 χρήμασιν
1600 1684 1779 1719 ἐπαιρόμενος
1793 1683 1809 1719 ἢ
1823 1692 1866 1709 τι-

1086 1728 1172 1763 μαῖςῆ
1184 1729 1230 1754 καὶ
1239 1728 1362 1763 σώματος
1368 1729 1513 1764 εὐμορφίᾳ,
1524 1729 1582 1764 ἃμα
1589 1729 1694 1764 νεότητι
1701 1730 1748 1756 καὶ
1754 1729 1866 1763 ἁνοίᾳ³⁹.

1086 1773 1214 1807 φλέγεται
1223 1773 1271 1808 τὴν
1279 1773 1366 1809 ψυχὴν
1378 1773 1437 1808 μεθ’
1448 1774 1562 1810 ὕϐρεως,
1571 1775 1643 1810 ὡςδή
1656 1783 1687 1808 τε
1700 1774 1761 1801 οὔτε
1773 1774 1868 1810 ἄρχον-

1085 1826 1132 1849 τος
1143 1817 1205 1844 οὔτε
1220 1816 1252 1844 αὖ
1265 1819 1396 1854 ἡγεμόνος
1405 1819 1539 1854 δεόμενος,
1552 1820 1619 1847 ἀλλὰ
1628 1821 1673 1846 καὶ
1682 1820 1770 1851 ἄλλοις
1779 1819 1870 1850 ἱκανὶς

1085 1860 1122 1887 ὣν
1135 1862 1262 1896 ἡγεῖσθαι
1274 1883 1280 1893 ,
1310 1862 1503 1890 καταλείπεται
1517 1863 1620 1899 ἕρημος
1634 1863 1700 1890 Θεοῦ
1712 1871 1719 1878 ·
1744 1863 1869 1890 καταλει-

1086 1906 1162 1941 φθεὶς
1170 1907 1209 1939 δὲ,
1220 1907 1266 1933 καὶ
1278 1907 1317 1933 ἔτι
1331 1908 1427 1940 ἄλλους
1439 1909 1576 1940 τοιούτους
1591 1908 1760 1944 προσλαϐὼν,
1773 1909 1871 1943 σκιρτᾷ

1086 1953 1228 1988 ταράττων
1242 1953 1300 1988 ἅμα
1314 1954 1413 1985 πάντα,
1428 1955 1475 1981 καὶ
1491 1955 1597 1986 πολλοῖς
1613 1964 1684 1981 τισιν
1704 1955 1791 1987 ἔδοξεν
1803 1952 1871 1981 εἷναί

1086 2005 1140 2030 τις,
1159 1997 1226 2032 μετὰ
1241 1997 1269 2024 δὲ
1284 1998 1379 2032 χρόνον
1399 1998 1524 2032 ὑποσχὼν
1540 1997 1675 2033 τιμωρίαν
1690 1998 1721 2024 οὐ
1744 1997 1871 2032 μεμπτὴν
1912 1989 1916 1993 ’

1087 2043 1120 2076 τῇ
1135 2041 1206 2077 δίκῃ,
1222 2043 1316 2069 ἑαυτόν
1326 2051 1356 2069 τε
1366 2043 1412 2069 καὶ
1425 2041 1498 2069 οἷκον
1510 2044 1557 2070 καὶ
1571 2043 1645 2069 πόλιν
1657 2042 1741 2077 ἄρδην
1754 2042 1871 2068 ἀνάστα-

1088 2095 1133 2112 τον
1146 2086 1266 2121 ἐποίησε.
1295 2096 1304 2112 ι
1323 2087 1372 2113 Διὰ
1389 2087 1490 2113 τούτων
1513 2088 1526 2113 6
1540 2087 1683 2121 φιλόσοφος
1699 2086 1746 2113 καὶ
1764 2085 1809 2112 τὸν
1824 2085 1871 2111 τοῦ

1089 2130 1188 2162 παντὸς
1202 2130 1285 2162 ἔδειξε
1301 2130 1456 2166 Κηδεμόνα,
1470 2131 1517 2157 καὶ
1529 2131 1578 2165 τὴν
1592 2131 1637 2157 ὲ.πὶ
1651 2139 1730 2157 τινων
1745 2129 1802 2156 ἐσθ’
1818 2130 1873 2165 ὅπῃ

1056 2174 1078 2202 ι)
1093 2175 1295 2210 μακροθυμίαν,
1315 2176 1362 2202 καὶ
1378 2175 1427 2210 τὴν
1447 2175 1571 2202 ἐντεῦθεν
1589 2177 1644 2207 τοῖς
1657 2176 1779 2210 ἀνοήτοις
1791 2183 1874 2210 προσ-

1091 2221 1254 2256 γιγνομένην
1263 2221 1363 2257 λώϐην,
1374 2222 1421 2248 καὶ
1434 2222 1484 2257 τὴν
1499 2223 1538 2253 εἰς
1553 2221 1666 2256 ὕστερον
1677 2221 1767 2251 αὐτοῖς
1779 2221 1874 2253 ὲπιφε-

1092 2267 1209 2302 ρομένην
1224 2267 1420 2302 πανωλεθρίαν.
1441 2267 1486 2294 Ἐν
1506 2267 1534 2294 δέ
1545 2275 1575 2301 γε
1591 2267 1628 2302 τῷ
1642 2266 1751 2301 Γοργίᾳ
1767 2266 1812 2292 καὶ
1825 2265 1874 2296 τὰς

1091 2312 1141 2346 τῆς
1156 2312 1290 2347 τιμωρίας
1303 2313 1392 2344 αἰτίας
1408 2312 1499 2347 δηλοῖ,
1516 2313 1602 2346 λέγων
1623 2312 1671 2338 ὡδί
1683 2319 1689 2325 ’
1709 2320 1719 2337 ι
1737 2311 1874 2346 Προσήκει

1092 2356 1120 2383 δὲ
1138 2357 1219 2383 παντὶ
1233 2356 1271 2392 τῷ
1284 2357 1313 2383 ὲν
1328 2357 1446 2393 τιμωρίᾳ
1457 2357 1524 2389 ὄντι,
1537 2357 1589 2384 ὑπὸ
1601 2356 1681 2384 ἄλλου
1693 2355 1780 2391 ὀρθῶς
1790 2363 1874 2388 τιμω-

1095 2402 1234 2437 ρουμένῳ,
1247 2401 1287 2437 [ἢ]
1306 2401 1420 2437 βελτίονι
1435 2403 1457 2418 ⁸ο
1472 2401 1614 2436 γίγνεσθαι
1628 2401 1686 2437 [καὶ
1698 2398 1873 2433 ὁνίνασθαι·]

1092 2446 1109 2482 ἢ
1133 2446 1307 2481 παράδειγμα
1323 2447 1414 2479 ἄλλοις
1429 2447 1571 2481 γίγνεσθαι
1581 2455 1588 2462 ·
1603 2447 1636 2472 ἶν’
1648 2446 1747 2472 ἐκεῖνοι
1760 2444 1875 2479 ὁρῶντες

1092 2490 1253 2528 [πάσχοντα]
1267 2491 1284 2518 ἃ.
1299 2491 1332 2517 ἂν
1343 2492 1435 2528 πάσχῃ
1446 2492 1480 2524 ⁵³,
1506 2491 1677 2527 φοϐούμενοι,
1704 2489 1824 2525 βελτίους
1839 2489 1876 2522 γί-

1093 2545 1221 2571 γνωνται.
1236 2537 1296 2563 Εἰσὶ
1306 2537 1334 2563 δὲ
1349 2538 1374 2564 οι
1389 2538 1438 2572 μὲν
1455 2537 1638 2572 ὠφελούμενοι
1651 2545 1678 2563 τε
1691 2537 1737 2562 καὶ
1751 2535 1828 2570 δίκην
1837 2535 1875 2561 δι-

1094 2581 1184 2612 δόντες
1194 2581 1254 2615 μὺπὺ
1271 2582 1339 2608 θεῶν
1353 2591 1383 2609 τε
1402 2582 1450 2609 καὶ
1464 2582 1624 2618 ἀνθρώπων·
1639 2579 1722 2614 οὗτοι,
1744 2581 1769 2608 οἳ
1785 2581 1818 2608 ἂν
1840 2580 1876 2606 lti-

898 2649 940 2677 γι
947 2649 1013 2677 Ri/E
1030 2649 1231 2678 LECTIONES.

296 2708 316 2724 "
333 2707 381 2734 καὶ
394 2707 436 2742 δή.
449 2708 497 2735 καί
509 2708 542 2741 δὴ
555 2708 602 2735 καί
614 2708 644 2735 C.
657 2707 726 2734 Tum
753 2706 814 2742 ᾆδον
830 2706 913 2742 Sirm.
953 2706 975 2722 "
989 2706 1053 2742 xdv.
1065 2707 1093 2742 ὲν
1103 2705 1134 2733 C.
1152 2706 1180 2742 3'
1193 2705 1261 2742 [καί]
1276 2714 1330 2733 om.
1346 2706 1377 2734 C.
1416 2707 1439 2723 ³⁸
1451 2707 1498 2734 καὶ
1513 2707 1607 2734 τοῦτον
1621 2707 1686 2742 όρᾷν
1705 2705 1876 2742 πιστεύοντες

260 2751 315 2770 om.
332 2743 379 2769 Va.
418 2739 440 2759 ³⁵
455 2739 639 2770 ἀσπάσωνται.
657 2739 823 2768 ἀσπάσονται
886 2776 889 2777 ν
903 2741 926 2777 ξθ
939 2741 1028 2777 ὕρσαιἴ
1043 2741 1132 2777 όρίσαι
1146 2739 1236 2777 CLff’
1255 2739 1416 2776 κελαινεφέϊ.
1433 2742 1599 2777 κελαινεφέει
1621 2739 1652 2769 C.

1703 2741 1726 2758 ³⁸
1749 2741 1877 2776 ἐπειλημ-

263 2767 566 2813 ξίέῖονξέπιλημμέξονῂ
576 2767 765 2813 οῖοέγεὲῳι.
791 2767 817 2803 ιι.
842 2767 943 2804 ειιίάτιε
955 2767 983 2803 in
999 2767 1120 2807 meam,
1134 2775 1282 2810 [1500501
1298 2767 1339 2811 sq.
1368 2767 1616 2813 noscitatis,
1627 2767 1659 2808 ὃ,
1696 2776 1720 2792 ω
1743 2767 1876 2811 ῆβελτῖἢ

262 2819 319 2838 om.
334 2811 364 2838 C.
401 2811 422 2827 “
439 2811 547 2846 πάσχοι.
562 2813 653 2846 πάσχῃ
669 2812 700 2838 C.
