1974 3052
115 154 166 184 965

378 151 595 181 ΟΒᾸΞΟΑΒΗΜ
614 150 764 180 AFFECT.
782 150 903 180 CURA’I

953 151 1043 180 .—\'I
1077 149 1124 179 UE
1141 150 1398 180 PROVIDENTIA
1419 151 1494 180 DEI.

1687 153 1738 185 9ὑῦ

116 218 182 245 σιμα
206 209 228 225 δ’
244 209 429 245 ἁμαρτήματα
454 207 648 243 ἁμαρτάνωσιν
670 207 704 233 ⁸³.
722 206 779 242 [90]
801 207 896 241 Ὅμως

953 206 1017 232 Sunt
1031 213 1096 233 vero
1113 206 1159 240 qui
1174 206 1318 233 utilitatem
1338 206 1461 241 capiunt,
1483 215 1633 242 pinnasque
1644 208 1696 235 diis
1710 212 1739 236 ct

114 255 143 282 δὲ
155 255 188 281 δι’
205 254 359 289 ἀλγηδόνων
373 254 420 281 καὶ
434 253 537 280 ὀδυνῶν
558 252 680 286 γίγνεται
694 251 784 283 αὐτοῖς
796 253 812 286 ή
825 251 896 285 ὠφέ-

115 301 185 332 λεια,
208 300 255 327 καὶ
271 299 376 332 ἐνθάδε,
392 299 439 326 καὶ
454 300 482 325 ὲν
499 298 562 333 ᾅδου
577 306 583 312 ·
597 297 657 324 οὐδὲ
675 297 728 331 γὰρ
744 293 829 322 οἷόντε
851 296 897 323 ἆλ-

118 346 171 376 λως
185 345 293 377 ἀδικίας
303 343 533 372 ἀπαλλάττεσθαι.
551 343 582 370 Οἳ
598 343 620 370 δ’
635 343 668 369 ἂν
679 343 712 369 τά
727 342 828 376 ἔσχατα
841 342 897 368 ἁδι-

117 392 235 426 κήσωσι,
252 391 299 417 καὶ
316 390 361 416 διὰ
377 390 411 417 τὰ
424 389 536 416 τοιαῦτα
555 389 710 423 ἀδικήματα
724 388 828 415 ἀνίατοι
850 387 897 421 γέ-

116 444 212 462 νωνται
225 455 233 467 ,
250 437 282 462 ὲκ
296 435 399 462 τούτων
418 434 451 460 τὰ
468 433 677 469 παραδείγματα
693 432 816 466 γίγνεται
828 440 834 447 δ
851 431 898 457 καὶ

116 478 186 508 οὗτοι
197 500 204 512 ,
219 481 295 508 αὐτοὶ
311 481 358 516 μὲν
379 479 470 506 οὐκέτι
485 479 619 505 ὀνίνανται
634 478 718 510 οὐδὲν,
736 478 783 504 ἆτε
795 477 898 504 ἀνίατοι

116 526 191 557 ὄντες
203 533 210 540 ·
228 525 303 552 ἄλλοι
328 525 355 551 δὲ
379 525 514 551 ὀνίνανται
526 544 533 556 ,
550 524 573 550 οί
588 523 701 554 τούτους
721 522 838 558 δρῶντες
855 522 898 548 διὰ

117 571 164 602 τὰς
180 571 317 606 ἁμαρτίας
333 570 383 602 τὰς
402 569 532 605 μεγίστας
551 568 574 585 ⁸⁵
587 568 634 595 καὶ
650 567 832 602 ὀδυνηρότατα
852 567 899 593 καὶ

118 616 293 651 φοϐερώτατα
307 615 364 651 [τὰ]
376 614 449 649 πάθη
462 613 625 648 πάσχοντας,
636 612 682 639 καὶ
698 612 741 638 τὸν
754 613 795 638 ἀεὶ
805 611 899 646 χρόνον

118 662 236 697 ἀτεχνῶς
259 661 469 696 παραδείγματα
492 658 706 694 ἀνηρτημένους.
732 667 741 683 ι
760 657 853 684 Ταῦτα
876 657 898 683 δ’

118 708 203 734 ἔοικεν
218 707 231 732 ό
243 706 384 741 φιλόσοφος
397 707 429 732 ὲκ
439 704 492 730 τῶν
506 704 584 730 θείων
599 703 776 738 σεσυληκέναι
785 702 898 736 Λογίων.

120 754 237 780 Ἤκουσε
260 753 314 787 γὰρ
330 751 438 782 πάντως
454 750 514 776 τίνα
540 750 562 765 ⁵⁸
582 749 703 783 Μωῡσῆς
725 750 739 775 ὁ
758 748 900 779 θεσπέσιος

119 798 255 832 είρηκέναι
267 796 417 832 ξυνέγραψε
431 794 470 830 τῷ
483 794 583 830 Φαραῷ
605 795 650 820 τὸν
665 794 741 826 Θεὸν,
755 794 795 820 ὅτι
825 803 834 819 ι
854 794 900 825 Εἰς

119 843 184 870 αὐτὸ
199 842 278 868 τοῦτο
294 841 422 876 ἐξήγειρά
437 849 481 871 σε,
495 841 566 871 ὅπως
588 839 750 872 ἐνδείξωμαι
774 840 802 865 ἐν
821 839 862 865 σοὶ
877 838 900 854 ⁸⁸

951 252 1109 279 hominibus
1121 252 1200 279 luunt
1215 261 1220 278 :
1235 252 1254 278 ii
1266 252 1403 284 videlicet,
1424 253 1470 286 qui
1483 253 1613 280 sanabilia
1628 259 1740 288 peccata

950 299 1116 332 pcccartmt],
1139 297 1240 332 quibus
1266 301 1356 324 tamen
1381 297 1490 324 nonnisi
1508 306 1557 332 per
1579 299 1688 326 dolores
1713 304 1741 328 ct

951 343 1089 369 cruciatus
1103 348 1131 370 et
1146 343 1174 370 in
1190 343 1241 370 hac
1253 343 1308 370 vita
1325 347 1353 370 et
1368 343 1439 377 apud
1458 343 1561 370 inferos
1579 345 1683 371 utilitas
1696 345 1740 372 illa

951 389 1094 423 contingit.
1113 388 1206 423 Neque
1223 388 1296 416 enim
1313 388 1393 415 aliter
1414 393 1528 423 possunt
1547 389 1581 416 ab
1596 390 1740 424 iniquitate

951 433 1065 468 expiari.
1077 433 1128 466 Qui
1144 441 1211 460 vero
1222 437 1344 460 extrema
1362 433 1485 467 quaedam
1500 433 1679 466 admiserunt.
1701 441 1742 462 at—

951 487 1004 513 que
1018 480 1053 506 oh
1064 479 1218 514 huiusmodi
1233 483 1343 514 peccata
1358 479 1524 506 insanabiles
1537 479 1601 506 facti
1612 484 1685 512 sunt,
1707 481 1740 508 ab

952 524 996 551 his
1010 524 1132 558 exempla
1147 524 1208 551 aliis
1221 524 1299 551 ﬁunt.
1321 525 1409 558 Atque
1424 524 1452 550 hi
1469 525 1579 558 quidem
1596 526 1742 553 utilitatem

949 566 1006 601 jam
1021 569 1071 603 ipsi
1101 569 1202 595 nullam
1216 569 1338 604 capiunt,
1351 573 1444 603 utpote
1460 569 1628 597 insanabiles
1641 580 1647 596 :
1659 571 1741 606 857

952 614 998 641 alii
1013 619 1102 641 tamen
1116 614 1179 641 inde
1193 614 1350 649 proﬁciunt,
1365 614 1412 648 qui
1426 615 1476 641 hos
1485 615 1586 648 vident,
1607 615 1642 642 ob
1657 617 1743 643 niaxi—

953 667 996 686 ma
1009 667 1104 686 eorum
1127 663 1248 693 peccata,
1267 659 1416 686 horribiles
1432 663 1459 686 et
1480 660 1671 687 acerbissimas
1686 662 1742 695 pati

952 711 1064 741 poenas,
1080 704 1301 738 sempiternoque
1321 707 1443 739 tempore
1462 704 1496 731 ad
1511 705 1663 739 exemplum
1679 705 1743 733 sub-

953 750 1023 776 latos
1050 757 1118 777 esse.
1137 759 1145 774 ι
1165 749 1282 776 Videtur
1293 753 1388 776 autem
1406 750 1586 784 philosophus
1597 751 1680 778 haece
1699 758 1743 778 sa—

953 794 1007 821 eris
1020 794 1207 821 voluminibus
1231 793 1392 821 suﬁ‘uratus.
1415 795 1532 821 Prorsus
1545 795 1618 821 enim
1635 795 1742 822 audivit

953 847 1014 874 quae
1033 840 1179 874 deiloquus
1198 840 1287 867 Moses
1303 840 1415 874 scripsit
1437 840 1572 866 Pharaoni
1594 841 1681 868 Deum
1700 841 1743 868 di-

118 890 167 923 την
181 887 296 922 δύναμιν
319 895 369 921 μου
382 906 389 918 ,
404 887 450 912 καὶ
467 887 541 917 ὅπως
554 884 682 920 διαγγελῇ
707 884 738 910 τὸ
751 884 836 918 ὄνομα
850 892 900 918 μου

953 885 1042 912 xisse:
1060 894 1069 911 ι
1081 885 1109 912 In
1125 885 1178 912 hoc
1198 885 1286 920 ipsum
1309 889 1335 912 te
1357 886 1494 918 excitavi,
1512 890 1542 913 ut
1555 887 1695 914 ostendam
1713 887 1742 914 in

119 934 147 959 ὲν
166 932 240 967 πάσῃ
258 933 291 966 τῇ
309 932 356 966 γῇ.
376 941 385 956 ι
414 930 589 965 Παμπονήρῳ
604 930 658 964 γάρ
672 937 713 954 τοι
728 927 902 963 γεγενημένῳ

954 934 981 958 te
1004 931 1155 965 potentiam
1187 938 1296 962 meam,
1326 934 1354 958 et
1380 935 1410 957 ut
1436 931 1616 958 annuntietur
1640 940 1740 959 nomen

119 978 213 1013 ἐκείνῳ
229 977 402 1008 παντοδαπὰς
417 976 543 1007 κολάσεις
557 976 708 1009 ἐπήνεγκεν
725 975 738 1000 ὁ
752 974 818 1005 Sed;
829 983 835 990 ·
853 974 902 1008 οὐχ

953 983 1045 1003 meum
1061 975 1089 1002 in
1103 975 1230 1002 universa
1246 980 1318 1003 terra
1329 975 1353 1002 ιι.
1375 985 1383 1002 ι
1402 976 1443 1003 illi
1461 977 1533 1003 enim
1546 977 1741 1005 scelestissimo

119 1023 189 1050 ὥστε
211 1024 313 1050 ἐκεῖνον
337 1022 474 1057 ἀποφῆναι
491 1021 615 1056 βελτίονα
642 1021 722 1055 (ᾔδει
749 1019 803 1055 γὰρ
820 1019 902 1046 αὑτοῦ

953 1021 1005 1056 iam
1016 1021 1114 1048 effecto
1126 1021 1217 1048 varias
1235 1021 1308 1048 Deus
1330 1029 1362 1048 ac
1376 1021 1541 1056 multiplices
1555 1030 1652 1057 poenas
1669 1023 1742 1050 intu-

119 1070 166 1097 καὶ
181 1069 227 1095 τὸν
243 1068 305 1094 νοῦν
322 1067 466 1094 ἀντίτυπον
479 1087 485 1098 ,
503 1067 549 1093 καὶ
565 1066 596 1092 τὺ
612 1065 696 1097 πάθος
714 1064 880 1100 ἀνήκεστον)
895 1085 901 1097 ,

121 1115 177 1142 ἀλλ’
199 1115 272 1146 ὅπως
292 1114 326 1140 τὰ
353 1114 416 1149 περὶ
438 1113 543 1139 ἐκείνου
559 1111 715 1147 διηγήματα
733 1112 814 1138 πᾶσιν
832 1112 904 1145 ὼιρετ

119 1160 194 1191 λείας
211 1160 232 1175 ⁸⁷
247 1159 362 1194 γένηται
378 1158 585 1192 παραδείγματα
605 1157 636 1184 ⁸⁸.
654 1157 786 1191 Καθάπερ
805 1156 857 1192 γὰρ
874 1156 902 1183 αί

123 1205 214 1236 πόλεις
237 1203 367 1239 τρέφουσι
386 1203 448 1234 τοὺς
464 1202 586 1237 δημίους,
603 1201 671 1228 ὥστε
690 1202 753 1233 τοὺς
773 1201 902 1236 ἀνδροφό-

122 1259 183 1282 νους
206 1251 253 1277 καὶ
268 1249 450 1284 τοιχωρύχους
475 1249 521 1275 καὶ
548 1249 610 1279 τοὺς
635 1247 691 1283 [τὰῖ
714 1248 737 1264 δ’
753 1247 820 1274 ἄλλα
836 1247 903 1273 ἅττα

124 1294 348 1330 παρανομοῦντας
370 1294 413 1319 διὰ
426 1293 528 1319 τούτων
552 1293 676 1325 κολάζειν
690 1301 696 1307 ·
712 1292 762 1319 οὐκ
783 1291 904 1318 ἐπαινοῦ-

124 1348 167 1366 σαι
183 1340 230 1375 μὲν
246 1339 334 1366 αὐτῶν
347 1338 416 1365 ἀλλὰ
433 1338 479 1364 καὶ
495 1337 555 1363 λίαν
579 1336 705 1372 μισοῦσαι
721 1337 770 1370 τὴν
784 1336 830 1362 τοῦ
844 1335 902 1370 βίου

123 1383 291 1419 προαίρεσιν,
308 1382 471 1417 ἁνεχόμεναι
486 1380 509 1397 ¹⁰
523 1380 551 1406 δὲ
567 1381 616 1414 τῆς
632 1379 733 1406 τούτων
751 1378 902 1413 ὑπηρεσίας

123 1429 167 1456 διὰ
190 1429 239 1463 τὴν
264 1428 378 1463 χρείαν·
408 1426 496 1457 οὕτως
520 1426 534 1452 ὁ
557 1424 617 1461 [τῆς
642 1424 773 1459 μεγίστης
800 1424 903 1455 πόλεως

122 1473 210 1509 τοῦδε]
232 1474 252 1489 ¹¹
270 1473 316 1499 τοῦ
332 1473 432 1507 κόσμου
455 1471 604 1507 πρύτανις,
627 1468 670 1497 οἷα
691 1470 804 1504 δημίους
827 1469 903 1500 Ιτινὰς

123 1520 242 1556 γίνεσθαι
260 1519 394 1554 ξυγχωρεῖ
414 1518 437 1533 δ’
452 1518 513 1548 τοὺς
527 1517 673 1552 τυράννους
683 1536 690 1547 ,
705 1515 774 1542 ὥστε
786 1515 829 1541 διὰ
842 1514 903 1541 τού-

122 1575 176 1592 των
200 1565 294 1601 ποινὴν
322 1564 385 1595 τοὺς
412 1563 577 1594 ἀσεϐοῦντας
603 1562 650 1588 καὶ
679 1550 938 1596 παρανομοῦνταςθ

123 1611 294 1646 εἰσπράττειν
307 1618 314 1625 ·
332 1609 446 1644 ὕστερον
461 1608 490 1635 δὲ
504 1608 553 1634 καὶ
567 1607 678 1638 τούτους
695 1605 793 1637 αὐτοὺς
807 1612 904 1631 παντε-

123 1656 163 1682 λεῖ
175 1655 343 1691 παραδίδωσι
356 1653 476 1689 τιμωρίᾳ
486 1674 494 1686 ,
510 1652 660 1687 ἐπειδήπερ
673 1652 722 1686 οὺχ
732 1651 769 1682 ὡς
780 1650 839 1685 Θεῷ
848 1650 905 1676 δια-

123 1702 273 1733 κονοῦντες,
289 1701 345 1727 ἀλλ’
356 1699 443 1735 οἰκείᾳ
455 1699 573 1734 πονηρίᾳ
587 1698 767 1728 δουλεύοντες,
782 1696 817 1723 τὰ
828 1696 904 1723 δεινὰ

124 1749 213 1774 ἐκεῖνα
224 1747 383 1782 δεδράκασιν
393 1745 426 1773 ⁸³.
436 1744 531 1775 Οὕτως
544 1743 722 1779 ἡμαρτηκότα
736 1742 781 1768 τὸν
798 1740 905 1777 Ἰσραὴλ

123 1794 156 1827 τῇ
171 1792 224 1818 τῶν
247 1791 398 1826 Ἀσσυρίων
412 1790 534 1825 ὠμότητι
551 1788 741 1823 παραδέδωκεν
754 1787 777 1803 ⁸⁸
787 1795 794 1802 ·
811 1786 903 1821 ἐπειδὴ

123 1837 152 1864 δὲ
173 1835 245 1864 οῦτοι
265 1837 314 1871 τῆς
335 1835 469 1870 τιμωρίας
494 1835 525 1860 οὺ
552 1834 701 1867 διέγνωσαν
724 1832 769 1858 τὸν
794 1832 904 1864 σκοπὸν,

123 1883 274 1917 τηνικαῦτα
298 1882 345 1909 καὶ
366 1881 468 1908 τούτων
487 1879 642 1910 καταλύσας
664 1878 713 1912 τὴν
735 1876 903 1908 δυναστείαν,

124 1928 227 1963 ἑτέροις
255 1926 390 1954 δουλεύειν
416 1926 566 1960 ἠνάγκασε.
591 1923 646 1950 Καὶ
672 1923 758 1949 ταῦτα
792 1922 904 1953 Ἡσαΐας

124 1972 171 1998 καὶ
194 1971 322 2005 Ἱεζεκιὴλ
339 1970 385 1997 καὶ
402 1969 501 2000 πάντες
516 1969 540 1995 οἰ
557 1967 695 2002 προφῆται
710 1967 854 2002 διαρρήδην
867 1966 905 1992 δι-

123 2018 263 2044 δάσκουσι·
282 2018 346 2051 παρ’
367 2012 403 2042 ὧν
416 2035 423 2047 ,
442 2013 530 2049 οἶμαι,
546 2015 560 2040 ὁ
577 2013 689 2040 Πλάτων
709 2012 757 2043 τὰς
779 2011 905 2047 ἀφορμὰς

99 2058 104 2064 ”
124 2061 333 2096 κεκλοφὼς,ἔς;η
350 2061 412 2092 τοὺς
433 2060 549 2090 ἀνιάτως
569 2057 758 2092 διακειμένους
776 2057 818 2087 είς
832 2056 905 2091 ὡερέ-

124 2107 198 2134 λειαν
211 2107 311 2143 ἐτέρων
327 2106 510 2133 παιδεύεσθαι.
527 2105 586 2131 Κάν
597 2104 636 2139 τῷ
653 2103 769 2137 Φιλήϐῳ
781 2103 810 2129 δὲ
826 2102 905 2129 πάλιν

124 2152 170 2177 τὸν
184 2152 247 2187 περὶ
258 2152 305 2186 τῆς
319 2150 447 2187 Προνοίας
460 2149 591 2185 ἐκράτυνε
602 2149 687 2183 λόγον’
705 2158 713 2174 I
728 2148 830 2179 Πάντες
841 2148 904 2183 γὰρ,

125 2197 202 2232 φησὶ,
220 2195 405 2231 ξυμφωνοῦσιν
420 2196 444 2222 οἱ
462 2195 557 2229 σοφοὶ,
576 2195 659 2225 ὅντως
677 2194 788 2225 ἑαυτοὺς
807 2193 906 2229 σεμνύ-

125 2251 214 2274 νοντες
226 2262 232 2274 ,
248 2242 284 2273 ὡς
300 2241 361 2273 νοῦς
374 2241 431 2267 ἐστι
447 2239 572 2275 βασιλεὺς
589 2240 655 2275 ἡμῖν
674 2238 790 2274 οὐρανοῦ
809 2247 837 2265 τε
861 2239 908 2265 καὶ

124 2288 186 2323 γῆς.
201 2287 256 2314 Καὶ
272 2287 336 2318 ἴσως
351 2284 381 2314 εὖ
406 2286 524 2319 λέγουσι.
544 2284 594 2311 Διὰ
613 2284 799 2320 σμικροτέρων
821 2284 849 2311 δὲ
860 2304 866 2315 ,
883 2285 907 2310 εξ

126 2334 215 2370 βούλει
228 2334 262 2366 ⁸⁵,
284 2333 333 2368 τὴν
350 2332 493 2366 ἐπίσκεψιν
515 2331 598 2358 αὑτοῦ
616 2331 662 2357 τοῦ
682 2330 775 2364 γένους
790 2329 910 2364 ποιησώ-

128 2380 207 2415 μεθα.
227 2389 236 2404 ι
261 2377 327 2405 Εἶτα
343 2377 530 2413 ξυλλογισμοῖς
544 2376 711 2411 παμπόλλοις
727 2376 908 2411 χρησάμενος,

125 2425 248 2458 ἐπήγαγε
260 2423 356 2449 ταῦτα’
376 2432 385 2447 ε
403 2421 498 2448 Βούλει
512 2421 539 2448 δὲ
563 2421 610 2447 καὶ
627 2422 707 2456 ἡμεῖς
720 2421 776 2452 τοῖς
793 2420 909 2456 πρόσθεν

124 2470 344 2505 ὡμολογημένοις
357 2468 542 2503 ξυμφήσωμεν
554 2467 587 2500 ⁵⁸,
597 2466 634 2499 ὡς
647 2466 733 2494 ταῦτα
744 2465 829 2497 οὕτως
842 2466 908 2500 ἔχει,

161 2549 174 2569 ¹³
191 2548 276 2576 Exod.
294 2556 330 2581 Ix,
348 2547 390 2575 16.

952 1066 995 1098 lit,
1007 1074 1061 1093 non
1080 1071 1109 1094 ut
1125 1066 1202 1094 illum
1218 1070 1360 1094 meliorem
1373 1067 1493 1094 eﬂiceret
1504 1068 1593 1101 (norat
1610 1068 1683 1096 enim
1692 1069 1743 1096 du-

953 1111 1090 1138 rissimam
1107 1112 1167 1146 ejus
1194 1117 1314 1140 mentem
1334 1113 1517 1148 morbumque
1539 1113 1741 1150 insanabilem),

953 1156 1000 1184 sed
1020 1161 1051 1183 ut
1063 1165 1094 1184 ea
1110 1165 1170 1192 quae
1181 1157 1245 1185 olim
1262 1157 1296 1184 de
1321 1157 1380 1192 ipso
1394 1158 1531 1185 narranda
1549 1162 1628 1186 erant
1640 1180 1647 1191 ,
1665 1160 1742 1187 utilia

952 1202 1059 1229 cunctis
1074 1203 1197 1237 exempla
1210 1202 1316 1230 ﬁerent.
1333 1202 1408 1230 Sicut
1427 1203 1501 1230 enim
1517 1203 1642 1237 civitates
1653 1205 1743 1232 carni-

952 1246 1017 1274 ﬁces
1030 1247 1115 1279 alunt,
1131 1255 1180 1282 per
1196 1255 1265 1282 quos
1282 1252 1310 1275 et
1330 1248 1490 1283 parricidas,
1507 1253 1534 1276 et
1557 1249 1696 1281 latrones.
1714 1254 1743 1277 et

953 1293 1014 1319 aliis
1037 1293 1189 1320 sceleribus
1209 1293 1399 1328 delinquentes
1411 1315 1417 1327 ,
1437 1302 1516 1329 paena
1540 1295 1671 1328 afﬁciunt,
1686 1304 1742 1328 non

953 1336 1095 1363 laudantes
1104 1337 1226 1371 quidem.
1235 1337 1281 1364 sed
1295 1345 1406 1364 exosum
1420 1338 1552 1365 habentes
1562 1338 1624 1365 vitae
1632 1338 1741 1365 illorum

952 1381 1118 1414 institutum,
1134 1390 1228 1410 eorum
1243 1387 1331 1410 tamen
1348 1383 1529 1410 ministerium
1544 1383 1579 1409 ob
1593 1384 1741 1417 necessita-

953 1430 1008 1453 tem
1022 1426 1197 1454 admittentes
1211 1436 1218 1453 :
1235 1428 1271 1455 ita
1285 1431 1313 1454 et
1324 1436 1427 1462 magnae
1440 1427 1535 1454 mundi
1547 1428 1629 1463 hujus
1642 1428 1742 1456 civita-

954 1471 990 1498 tis
1005 1471 1192 1504 Gubernator,
1221 1477 1349 1508 tyrannos
1376 1480 1426 1500 ceu
1451 1473 1593 1500 carniﬁces
1610 1473 1740 1508 quosdam

954 1523 1014 1543 esse
1032 1517 1144 1551 patitur,
1163 1520 1193 1543 ut
1208 1525 1257 1551 per
1267 1524 1314 1544 eos
1331 1517 1365 1544 ab
1383 1517 1473 1552 impiis
1488 1523 1515 1545 et
1532 1518 1633 1552 iniquis
1653 1517 1742 1546 homi-

954 1562 1036 1589 nibus
1048 1569 1143 1596 ptenas
1154 1563 1244 1597 exigat
1262 1571 1268 1588 :
1292 1571 1354 1590 mox
1367 1567 1458 1591 tamen
1473 1564 1583 1592 eosdem
1603 1565 1677 1599 ipsos
1694 1573 1742 1592 ex-

954 1607 1092 1634 actissimo
1102 1607 1250 1635 traditurus
1257 1611 1299 1635 est
1309 1608 1444 1643 supplicio
1455 1618 1461 1635 :
1471 1609 1571 1643 quippe
1581 1610 1638 1644 qui.
1647 1617 1700 1637 non
1711 1615 1742 1637 ut

953 1653 1002 1680 Dei
1012 1652 1140 1685 ministri,
1157 1653 1203 1680 sed
1219 1661 1275 1680 sua:
1292 1653 1413 1687 ipsorum
1430 1653 1598 1688 improbitati
1619 1655 1741 1682 servien-

954 1703 1006 1731 tes,
1017 1707 1086 1727 sazva
1102 1700 1147 1727 illa
1160 1699 1322 1726 intulerunt.
1338 1699 1422 1734 858
1431 1699 1469 1726 Ita
1483 1704 1642 1734 peccantem
1654 1700 1742 1728 Israe-

953 1744 1007 1771 lem
1028 1744 1200 1780 Assyriorum
1224 1744 1334 1772 smvitia:
1360 1744 1482 1771 tradidit.
1502 1744 1570 1777 Quia
1595 1753 1661 1772 vero
1677 1752 1742 1772 cau-

954 1797 1010 1817 sam
1027 1793 1055 1816 et
1081 1790 1125 1817 isti
1152 1789 1326 1824 pmmeillius
1347 1797 1402 1817 non
1422 1795 1618 1825 cognoverunt,
1643 1791 1740 1819 borum

954 1835 1035 1862 etiam
1056 1835 1200 1869 imperium
1218 1839 1358 1866 evertens,
1381 1835 1442 1862 aliis
1455 1843 1502 1862 eos
1519 1836 1622 1864 servire
1640 1838 1739 1871 coegit.

954 1880 1043 1915 Atque
1055 1880 1113 1907 hzec
1124 1880 1237 1912 Isaiasi,
1258 1885 1286 1907 et
1300 1880 1426 1907 Ezechiel
1437 1881 1459 1912 ἰ,
1477 1884 1505 1907 et
1516 1889 1611 1909 omnes
1626 1883 1744 1918 prophe—

936 1926 989 1951 ‘taa
1010 1925 1182 1959 apertissime
1196 1924 1310 1957 docent;
1328 1933 1344 1951 a
1370 1925 1480 1959 quibus,
1503 1930 1532 1952 ut
1551 1925 1658 1960 opinor,
1675 1927 1742 1955 seri.-

955 1968 1037 1996 bendi
1053 1969 1224 1996 occasionem
1244 1969 1397 2003 surripiens
1410 1969 1498 2001 Plato,
1515 1977 1562 1996 eos
1575 1971 1620 2004 qui
1633 1971 1743 1998 insana-

955 2014 1024 2041 biles
1037 2014 1101 2041 facti
1115 2017 1188 2046 sunt,
1210 2014 1244 2040 ad
1264 2013 1380 2041 aliorum
1398 2014 1543 2041 utilitatem
1566 2015 1646 2049 plecti
1663 2016 1741 2044 dixit.

955 2059 1057 2087 Iterum
1071 2060 1079 2069 '
1095 2067 1161 2086 vero
1173 2064 1200 2086 e'.
1215 2059 1242 2086 in
1262 2059 1368 2086 Philebo
1387 2059 1569 2087 Providentiae
1589 2060 1742 2089 doctrinam

955 2100 1178 2140 conﬁrmavitip.
1196 2104 1231 2131 28
1245 2104 1276 2139 C)
1292 2113 1298 2131 :
1322 2114 1331 2130 ε
1348 2104 1449 2132 Omnes
1464 2105 1552 2137 enim,
1577 2105 1682 2140 inquit,
1700 2114 1743 2134 sa-

956 2151 1063 2185 pientes
1072 2150 1260 2182 consentiunt,
1275 2158 1335 2177 sese
1346 2150 1420 2184 ipsos
1441 2158 1535 2178 revera
1556 2151 1742 2184 honestantes,

960 2196 1128 2223 intellectum
1150 2203 1241 2230 regem
1266 2195 1328 2222 caeli
1353 2203 1384 2222 ac
1407 2199 1486 2222 terra:
1510 2195 1589 2223 nobis
1611 2204 1671 2224 esse
1688 2205 1694 2223 :
1712 2205 1744 2224 ac

961 2240 1077 2267 fortasse
1094 2240 1164 2267 bene
1179 2240 1265 2266 aiunt.
1282 2239 1414 2266 Minutius
1429 2243 1530 2271 autem,
1546 2240 1569 2266 si
1583 2240 1634 2272 vis,
1655 2241 1744 2275 ipsum

959 2292 1045 2319 genus
1057 2284 1242 2319 inspiciamus.
1256 2293 1265 2309 ι
1279 2284 1348 2311 Tum
1360 2284 1569 2318 quamplurimis
1582 2285 1745 2320 syllogismis

957 2337 1033 2362 usus,
1046 2330 1105 2356 haec
1118 2329 1241 2364 adjunxit
1256 2338 1262 2354 :
1282 2338 1291 2354 ί
1311 2329 1403 2361 Visne,
1420 2332 1450 2356 ut
1462 2332 1490 2356 et
1499 2336 1549 2356 nos
1561 2329 1595 2356 iis
1607 2338 1667 2364 qua),
1681 2334 1744 2358 ante

958 2375 1107 2410 approbata
1136 2379 1200 2402 sunt
1214 2374 1410 2406 assentiamur,
1429 2375 1502 2409 quod
1520 2375 1579 2401 htec
1598 2375 1635 2401 ita
1653 2382 1682 2402 se
1696 2375 1745 2402 ha-
1769 2400 1771 2407 λ

957 2420 1040 2447 beant
1054 2428 1060 2446 :
1073 2427 1161 2454 neque
1179 2420 1268 2447 solum
1290 2423 1419 2455 putemus
1437 2420 1526 2447 aliena
1545 2420 1605 2447 sine
1621 2420 1745 2455 periculo

959 2466 1050 2494 dicere
1074 2474 1126 2494 nos
1150 2470 1287 2502 oportere,
1312 2466 1359 2493 sed
1376 2469 1404 2493 et
1423 2473 1567 2493 commune
1589 2466 1743 2501 periculum

435 2547 441 2567 ί
461 2547 513 2574 lsa.
531 2554 550 2578 ι,
567 2545 580 2572 1
599 2553 674 2580 seqq.
715 2544 722 2570 i
742 2544 843 2572 Ezech.
860 2552 917 2577 xm,
936 2545 948 2571 1
965 2552 1041 2580 seqq.

764 2627 882 2655 VABl/E
903 2626 1101 2655 LECTIONES.

162 2697 186 2714 “
197 2698 221 2724 οἳ
235 2697 267 2725 ἂν
279 2698 383 2732 ἰάσιμα.
396 2696 421 2723 οἶ
432 2695 454 2723 δ’
465 2695 598 2732 ἀνιάσιμα
608 2695 640 2732 (2.
677 2695 700 2711 ⁸³
714 2695 1134 2732 ἅμαρτᾲνωσινΣ-ἁμαρτάνουσιν
1152 2695 1183 2723 C.
1217 2695 1244 2732 ff
1258 2695 1307 2726 τὰς
1326 2694 1466 2732 μεγίστας.
1493 2695 1526 2722 τὰ
1552 2695 1668 2732 μέγιστα
1692 2695 1744 2732 Vb.

127 2733 152 2749 δ’
165 2719 272 2759 actia
279 2719 445 2760 Viri-1;
453 2719 600 2761 σῐὶξέῐξτάέ
612 2719 696 2757 sirm.
714 2719 1183 2766 integit};vgf‘gtaatazzaz:
1216 2730 1240 2746 ιε
1264 2719 1689 2766 ἆᾶρξέἑί’τξιᾷἇέὶι.ξᾶεαῖέέιόξῐγζια
1702 2719 1743 2758 ’ἇξ

127 2768 348 2807 παραδείγματος
378 2767 426 2807 γει.
443 2766 656 2807 ,παραδείγματι
688 2765 739 2793 γι).

790 2765 815 2801 δή
830 2764 886 2801 [τά]
901 2773 956 2792 om.
973 2764 1006 2793 Ὁ.
1019 2800 1027 2801 7
1046 2766 1068 2782 '°
1086 2766 1260 2801 άνεχόμεναι.
1280 2764 1475 2801 ἀναδεχόμεναι
1491 2764 1589 2801 διίιτιὶἨ
1612 2765 1633 2781 ⁵¹
1649 2764 1744 2801 [τῆς-

125 2798 217 2838 τοῦδε]
230 2798 273 2830 oin
301 2803 346 2829 Va.
385 2802 407 2817 "
422 2798 546 2838 γίνεσῇαι
555 2798 712 2838 gyristh
725 2798 851 2838 γςιέσρᾱι
865 2798 998 2838 ξυγχωρεῖ
1012 2800 1062 2838 C._
1085 2800 1108 2816 ⁵³
1126 2798 1304 2838 δεδράκασινζ
1322 2798 1482 2838 δεδράκασιν
1503 2798 1553 2838 C._
1572 2799 1595 2815 "
1626 2798 1741 2835 πᾶράδέ-

125 2834 224 2864 Sume-1'.
248 2837 405 2872 παρέδωκεν
425 2834 455 2863 C.
493 2836 516 2851 "
535 2834 635 2869 βούλειῖ
649 2834 730 2870 βούλῃ
743 2835 774 2862 C.
793 2835 816 2851 "
836 2835 1030 2870 ξυμφήσωμεν.
1050 2835 1227 2870 ξυμφήσομεν
1241 2834 1271 2861 C.
1292 2835 1513 2870 ξυμφωνήσωμεν
1527 2834 1608 2863 Sirm.
