1965 3051
132 147 195 183 1001

427 150 646 181 ὓΒλΈΟΑΗΗΜ
664 150 814 181 AFFECT.
834 150 911 182 CUR

963 152 1010 182 [0.
1024 152 1132 183 *Ἧι
1155 153 1203 182 ΒΕ
1223 153 1458 184 SACRIFICIIS.

1686 154 1753 188 1002

129 206 199 241 ρίοις
212 205 234 221 ³⁷
255 206 311 238 τοῖς
327 207 454 242 συνήθεσι
474 206 636 242 χρήσασθαι,
655 207 811 240 ἀναγκαίως
831 216 911 242 προσ-

966 208 994 235 in
1009 205 1181 241 muneribus,
1201 216 1290 244 neque
1315 209 1481 237 laboriosum
1504 215 1530 238 te
1546 210 1597 238 fcoi
1618 212 1645 238 in
1661 212 1751 240 thure.

127 251 259 279 :iOsmsv'
280 261 289 278 ι
308 252 434 286 ’Δφέλετε
457 253 478 268 ³⁸
500 253 550 284 τὰς
574 253 706 288 πονηρίας
731 252 831 288 [ὑμῶν]
862 253 916 279 ἀπὸ

125 296 182 323 τῶν
192 296 287 332 ψυχῶν
302 297 390 331 ὑμῶν,
409 297 540 324 ἀπέναντι
565 297 620 324 τῶν
647 297 793 332 ὀφθαλμῶν
822 305 884 332 μου.
903 306 912 322 ι

126 342 213 369 Τοῦτο
229 342 258 369 δὲ
281 342 374 377 σαφῶς
398 343 448 378 τὴν
467 342 515 369 τοῦ
538 342 671 377 παναγίον
692 342 878 377 βαπτίσματος
892 343 914 359 ³³

125 387 274 415 αἰνίττεται
288 388 402 423 δωρεάν.
419 389 480 415 Κάν
493 388 533 424 τῷ
554 389 629 424 μέσῳ
641 389 669 415 δὲ
680 388 732 424 τῆς
749 389 916 424 προφητείας

126 433 208 460 πάλιν
222 434 237 460 ὁ
250 433 298 459 τοῦ
313 434 454 468 προφήτου
465 433 532 465 Θεὸς
545 433 589 460 διὰ
602 434 649 460 τοῦ
663 434 803 469 προφήτου
820 434 913 469 φησίν·

127 487 137 503 (
155 478 193 504 Οὐ
217 478 264 504 νῦν
286 478 404 506 ἐκάλεσα
431 487 473 511 σε,
503 478 611 511 Ἰακὼϐ,
633 479 694 506 οὐδὲ
724 479 854 506 κοπιάσαι
885 487 914 505 σε

123 524 251 559 ἐποίησα,
278 524 397 560 Ἰσραήλ.
415 525 472 551 οὐκ
492 525 611 560 ἧνεγκάς
631 533 676 560 μοι
698 524 820 560 πρόϐατα
839 524 913 561 [τῆς]

123 568 339 604 ὀλοκαρπώσεώς
356 578 413 601 σου.
426 570 488 596 οὐδὲ
503 571 532 596 ὲν
552 571 612 602 ταῖς
629 569 737 601 θυσίαις
754 579 800 596 σου
824 569 914 602 ἐδόξα-

125 616 175 646 σὰς
192 623 227 649 με
236 624 243 630 ·
256 614 306 641 οὐκ
318 614 478 646 Momms;
495 623 540 650 μοι
558 616 587 642 ὲν
601 615 706 650 δώροις,
719 615 779 642 οὐδὲ
797 614 914 648 ἐγκοπόν

124 668 155 686 σε
167 660 283 695 ἐποίησα
301 661 330 686 ἑν
344 659 496 694 λιϐανωτῷ·
513 660 575 686 οὐδὲ
591 660 700 695 ἐκτήσω
720 668 766 694 μοι
781 660 913 695 ἀργυρίου

125 705 263 740 θυμίαμα,
277 705 336 731 οὐδὲ
347 704 432 740 στέαρ
445 704 522 740 [τῶν]
533 706 555 721 ⁴⁰
566 705 667 731 θυσιῶν
680 713 727 731 σου
741 704 911 740 ὲπεθύμησα’

123 751 181 778 ἀλλ’
197 752 226 777 ὲν
240 751 301 782 ταῖς
315 751 464 786 ἁμαρτίαις
479 759 536 783 σου,
551 752 599 778 καὶ
612 752 643 777 ἐν
656 752 718 782 ταῖς
733 750 851 782 ἀδικίαις
865 759 912 777 σου

124 796 260 831 προέστην
280 804 321 823 σοι
334 796 367 823 ⁵¹.
382 806 391 822 ι
415 795 509 828 Οὕτως
525 796 606 823 πάλιν
619 796 709 828 δείξας
726 796 844 831 ἀνόνητα.
864 796 913 831 τῆς

122 842 240 877 νομικῆς
257 841 411 877 ἱερουργίας
433 842 468 868 τά
482 841 550 876 εἴδη,
567 842 738 876 ὑπισχνεῖται
753 841 808 868 τῶν
821 842 912 876 ἀμαρ-

965 253 1060 289 Neque
1082 255 1247 288 comparasti
1269 255 1335 282 mihi
1362 255 1444 291 892
1459 261 1571 291 argento
1591 257 1751 292 thymiama,

966 306 1055 334 neque
1082 300 1190 335 adipem
1207 301 1380 328 victimarum
1401 306 1509 329 tuarum
1534 303 1688 338 concupivi,
1704 304 1753 331 sed

966 345 995 371 in
1011 346 1131 380 peccatis
1146 346 1210 378 tuis,
1223 351 1250 373 et
1264 347 1290 373 iu
1308 347 1451 382 injustitiis
1460 348 1516 375 tuis
1532 349 1639 382 protexi
1659 353 1686 377 te
1695 355 1718 376 α.
1739 360 1748 375 ι

965 390 1006 417 Its
1021 398 1119 418 rursus
1133 391 1235 426 legales
1252 391 1378 419 victimas
1392 392 1505 419 inutiles
1519 399 1580 420 esse
1593 394 1750 427 ostendens,

965 431 1140 469 peccatorum
1159 437 1285 469 veniam,
1303 444 1365 472 quae
1389 444 1438 472 per
1465 442 1591 465 sanctum
1619 438 1753 473 baptisma

965 482 1127 509 mortalibus
1140 481 1202 509 data
1230 487 1287 514 est,
1315 482 1470 516 pollicetur.
1492 483 1538 510 Ait
1556 484 1650 510 enim:
1671 494 1679 509 ε
1695 485 1753 520 Ego

965 533 1026 553 sum
1041 527 1088 561 qui
1100 527 1179 554 deleo
1199 527 1357 562 iniquitates
1373 531 1433 555 tuas
1443 532 1555 563 propter
1567 536 1621 562 me,
1637 533 1666 556 et
1686 537 1751 565 pec-

965 575 1088 598 catorum
1115 575 1225 599 tuorum
1251 579 1306 600 non
1321 572 1487 599 recordabor
1499 573 1523 599 δ.
1542 583 1551 599 ι
1569 573 1664 608 Neque
1678 575 1752 601 enim

964 616 1044 644 laude
1059 617 1149 652 dignis
1167 617 1298 652 operibus
1312 618 1426 650 nostris,
1442 618 1489 645 sed
1507 626 1557 653 per
1570 619 1656 646 solam
1670 620 1752 648 ﬁdem

964 662 1079 697 mystica
1093 661 1165 690 bona
1184 663 1325 690 consecuti
1347 671 1452 690 sumus.
1474 664 1544 691 Hinc
1564 669 1593 692 et
1606 665 1753 700 Apostolus

963 708 1099 734 exclamat
1113 717 1119 734 :
1145 718 1154 733 ‹
1176 708 1269 736 Gratia
1291 709 1359 735 salvi
1371 708 1435 736 facti
1452 710 1529 742 estis,
1545 715 1573 737 et
1583 710 1636 737 hoc
1650 719 1705 738 non
1719 719 1753 739 ex

963 753 1043 781 vobis
1060 763 1067 780 :
1083 754 1132 780 Dei
1155 757 1198 781 est
1224 753 1339 786 donum,
1361 761 1397 781 ne
1419 754 1482 788 quis
1503 755 1668 790 gloriatura
1685 765 1694 781 ι
1723 756 1753 783 ld

964 798 1054 832 ipsum
1067 798 1120 824 hoc
1136 798 1197 825 loco
1211 797 1380 833 signiﬁcans,
1398 801 1505 833 propter
1520 807 1561 825 me
1573 798 1674 833 posuit.
1689 799 1753 827 Haec

963 847 992 870 et
1006 850 1054 877 per
1065 843 1214 870 Jeremiam
1227 846 1362 870 testatur:
1380 852 1389 868 ι
1404 843 1569 872 Holocsusta
1579 849 1673 872 vestra
1687 853 1753 873 con-

122 889 255 923 τημάτων
269 888 319 924 τὴν
331 889 438 921 ἄφεσιν,
449 887 482 922 ἢν
492 887 536 914 διὰ
548 887 594 914 τοῦ
607 886 742 921 παναγίου
759 886 911 921 βαπτίσμα-

963 892 1075 924 gregate
1106 896 1169 916 cum
1199 888 1344 916 sacriﬁciis
1358 889 1459 916 vestris
1481 894 1509 916 et
1534 890 1610 917 edite
1628 898 1750 924 carnem,

122 943 167 966 τος
185 935 351 969 ὲδωρήσατο”
371 943 379 959 ι
392 933 462 968 Ἐγώ
476 934 534 968 ειμι
552 933 575 948 ⁵³
592 933 606 958 ὸ
621 931 770 966 ὲξαλείφων
786 931 835 962 τὰς
848 931 911 957 ἀνο-

124 981 188 1016 μίας
202 989 249 1006 σου
261 980 353 1006 ἕνεκεν
367 978 446 1014 ἐμοῦ,
462 978 509 1005 καὶ
522 977 572 1009 τὰς
588 977 723 1012 ἁμαρτίας
740 985 786 1003 σου
795 977 825 1003 οὐ
842 977 879 1011 μὴ
887 976 911 992 ⁸³

124 1026 325 1061 μνησθήσομαι.
341 1033 350 1050 ι
373 1019 411 1050 bii
430 1023 483 1059 γὰρ
496 1023 528 1058 δὴ
545 1023 568 1038 ’⁵⁸
583 1022 617 1050 δι’
633 1022 721 1058 ἔργων
736 1022 910 1055 ἀξιεπαίνων,

123 1070 191 1097 ἀλλὰ
208 1070 252 1096 διὰ
266 1070 349 1104 μόνης
363 1068 482 1099 πίστεως
498 1068 552 1094 τῶν
567 1067 706 1103 μυστικῶν
723 1068 911 1103 τετυχήκαμεν

122 1114 242 1149 ἀγαθῶν.
266 1113 310 1148 Τῷ
337 1122 378 1140 τοι
401 1113 449 1140 καὶ
474 1114 488 1139 ὁ
511 1112 582 1144 θεῖος
602 1111 762 1143 Ἀπόστολος
781 1112 908 1147 κέκραγε·

126 1169 136 1186 ι
149 1159 248 1195 Χάριτί
273 1159 334 1185 ἐστε
350 1158 526 1193 σεσωσμένοι·
545 1158 592 1184 καὶ
611 1157 689 1184 τοῦτο
709 1157 758 1183 οὐκ
778 1157 808 1190 ἐξ
824 1156 909 1192 ὑμῶν·

121 1205 190 1231 Θεοῦ
213 1204 244 1231 τὸ
266 1204 361 1238 δῶρον,
383 1204 427 1230 ἵνα
453 1203 491 1238 μή
517 1211 559 1234 τις
585 1203 765 1238 καυχήσηται.
787 1212 796 1227 ι
827 1202 912 1228 Τοῦτο

123 1250 262 1278 κάνταῦθα
283 1250 380 1285 δηλῶν,
400 1249 431 1275 τδ
448 1249 553 1276 ἕνεκεν
567 1248 640 1283 ἐμοῦ
654 1248 759 1274 τέθεικε
770 1247 803 1274 ⁵⁸.
821 1247 913 1274 Ταῦτα

123 1297 172 1323 καὶ
191 1296 236 1323 διὰ
253 1295 387 1331 Ἰερεμίου
407 1294 633 1330 διαμαρτύρεται,
650 1293 748 1327 λέγων·
769 1302 779 1319 ι
799 1293 839 1320 Τὰ
855 1294 912 1320 ὁλο-

123 1342 291 1377 καυτώματα
313 1342 390 1376 ὑμῶν
402 1342 426 1357 ’⁵⁸
446 1340 614 1374 συναγάγετε
641 1339 711 1374 μετὰ
735 1339 789 1366 τῶν
812 1339 912 1366 θυσιῶν

124 1388 212 1423 ὑμῶν,
228 1389 276 1414 καὶ
291 1387 392 1422 φάγετε
409 1386 501 1422 κρέας·
516 1386 557 1412 ὅτι
571 1385 622 1411 οὐκ
636 1384 756 1420 ἐλάλησα
769 1385 837 1419 πρὸς
849 1384 912 1416 τοὺς

123 1433 245 1469 πατέρας
265 1433 350 1467 ὑμῶν,
366 1432 425 1458 οὐδὲ
436 1430 612 1465 ἐνετειλάμην
626 1430 718 1461 αὐτοῖς
734 1431 763 1456 ὲν
777 1429 869 1465 ἡμέρᾳ
883 1430 912 1455 ὲν

123 1477 141 1515 ᾖ
154 1480 292 1514 ἀνήγαγον
304 1478 402 1509 αὐτοὺς
414 1476 444 1510 ἐξ
454 1477 592 1511 Αἰγύπτου
606 1476 670 1510 περὶ
679 1475 912 1510 ὁλοκαυτωμάτων

124 1525 171 1553 καὶ
195 1525 300 1556 θυσίας.
312 1534 321 1550 ι
341 1525 374 1550 ’Δ
393 1524 447 1559 γὰρ
466 1523 498 1558 δὴ
525 1523 589 1557 περὶ
611 1521 712 1549 τούτων
735 1522 763 1548 ἐν
780 1520 820 1556 τῷ
838 1521 913 1556 νόμῳ

962 933 1092 969 quoniam
1105 941 1161 961 non
1173 941 1233 961 sum
1246 934 1354 961 locutus
1368 935 1402 962 ad
1412 939 1504 969 patres
1515 939 1624 963 vestros
1638 944 1645 962 :
1662 943 1752 970 neque

962 980 1008 1007 die
1022 986 1077 1014 quo
1088 979 1171 1007 eduxi
1185 986 1233 1007 eos
1247 979 1282 1006 de
1295 979 1421 1015 Egypto,
1439 981 1556 1015 praecepi
1572 981 1614 1008 eis
1628 981 1663 1008 de
1674 981 1753 1009 holo—

962 1026 1065 1052 caustis
1074 1030 1103 1052 et
1116 1024 1251 1052 sacriﬁcio
1263 1023 1288 1052 εἰ.
1309 1034 1318 1050 ι
1337 1024 1415 1057 Quod
1428 1025 1513 1059 igitur
1527 1025 1562 1053 de
1572 1026 1616 1053 his
1630 1026 1752 1054 rebusin

961 1070 1021 1105 lege
1037 1074 1215 1105 praeceperat,
1235 1070 1345 1097 illorum
1361 1069 1529 1098 inﬁrmitatis
1541 1070 1605 1103 iuit,
1626 1079 1683 1099 non
1708 1073 1751 1099 in-

962 1115 1091 1150 digentiae
1104 1115 1192 1150 ipsius
1208 1115 1427 1142 autvoluntatis.
1452 1114 1515 1143 Haec
1532 1120 1561 1143 et
1578 1116 1642 1143 alibi
1655 1116 1723 1143 dicit
1743 1127 1750 1144 ε

966 1171 974 1185 ι
991 1159 1157 1187 Holocausta
1171 1164 1263 1186 vestra
1274 1167 1329 1186 non
1341 1162 1405 1186 sunt
1416 1164 1538 1194 accepta,
1555 1167 1645 1195 neque
1660 1165 1752 1188 vestra

962 1211 1006 1232 me
1024 1204 1199 1231 oblectarunt
1210 1203 1344 1231 sacriﬁcia
1358 1209 1379 1230 θ.
1397 1213 1407 1229 ι
1422 1204 1457 1231 Ει
1468 1211 1564 1231 rursus
1578 1213 1584 1231 ε
1605 1213 1614 1230 ι
1631 1204 1753 1232 Remove

962 1257 976 1276 3
994 1256 1038 1277 me
1052 1256 1150 1276 sonum
1160 1249 1330 1276 canticorum
1346 1253 1468 1281 tuoruut,
1482 1253 1511 1275 et
1527 1256 1622 1276 vocem
1636 1256 1754 1284 organo-

962 1301 1024 1321 rum
1041 1298 1152 1321 tuorum
1167 1301 1223 1321 non
1246 1293 1356 1321 audiam
1369 1293 1390 1320 ί.
1409 1303 1418 1318 ι
1435 1293 1495 1320 Alia
1506 1301 1616 1329 quoque
1635 1294 1753 1329 plurima

962 1340 1046 1375 hujus
1063 1340 1174 1375 generis
1190 1339 1316 1367 invenire
1342 1339 1422 1372 licet,
1441 1347 1502 1374 quae
1521 1340 1588 1367 satis
1611 1340 1753 1367 declarant

962 1385 1050 1412 Deum
1069 1392 1121 1412 nec
1137 1383 1282 1412 sacriﬁciis
1299 1384 1416 1419 eguisse,
1446 1392 1496 1412 nec
1508 1385 1585 1412 fumo
1606 1385 1689 1420 893
1708 1386 1752 1412 vel

962 1430 1060 1457 nidore
1073 1430 1165 1457 carnis
1179 1432 1187 1440 '
1203 1430 1351 1458 musicisve
1368 1430 1733 1466 instrumentisloblcctatum
1744 1451 1752 1464 ,

962 1483 995 1503 ea
1017 1476 1077 1504 ﬁeri
1099 1476 1224 1512 iussisse,
1239 1475 1286 1504 sed
1301 1480 1331 1503 ut
1348 1476 1457 1503 illorum
1480 1476 1636 1504 inﬁrmitati
1652 1484 1752 1505 consu-

964 1522 1045 1550 leret.

125 1572 317 1607 προσετετάχει
335 1572 384 1606 τῆς
409 1570 521 1598 ἐκείνων
540 1567 574 1605 ἦν
595 1568 784 1604 ἀναισθησίας,
803 1568 832 1594 οὐ
859 1568 909 1603 τῆς
929 1569 1012 1596 αὐτοῦ
1025 1570 1119 1605 χρείας
1135 1578 1164 1596 τε
1183 1570 1230 1597 καὶ
1250 1569 1414 1604 βουλήσεως.
1433 1569 1526 1596 Ταῦτα
1558 1570 1605 1596 καὶ
1639 1570 1754 1606 ἑτέρωθι

124 1617 208 1651 λιτει·
230 1627 239 1643 ι
256 1617 297 1643 Τὰ
307 1615 521 1651 ὁλοκαυτώματα
534 1615 610 1650 ὑμῶν
642 1615 692 1642 οὑκ
722 1615 779 1641 ἐστι
794 1614 886 1641 δεκτά·
902 1615 950 1641 καὶ
966 1617 995 1642 αι
1009 1615 1101 1642 θυσίαι
1124 1616 1199 1651 ὑμῶν
1215 1617 1265 1651 οὺχ
1283 1616 1382 1650 nam“.
1400 1616 1421 1632 ‘7
1439 1624 1483 1651 με.
1501 1625 1510 1641 ι
1533 1616 1589 1643 Καὶ
1617 1614 1652 1643 αὖ
1674 1617 1755 1644 πάλιν

126 1663 184 1698 βοᾷ·
203 1672 212 1688 ι
234 1662 401 1696 ’Δπόστησον
416 1662 463 1688 ἀπ’
476 1661 542 1696 ἐμοῦ
553 1659 621 1696 ἦχον
650 1661 728 1696 ᾠδῶν
745 1669 804 1694 σου,
823 1661 871 1688 καὶ
901 1661 994 1697 φωνῆς
1017 1662 1142 1697 ὀργάνων
1180 1670 1227 1688 σου
1251 1661 1301 1688 οὑκ
1317 1661 1482 1696 ἀκούσομαι.
1498 1670 1508 1687 ι
1529 1662 1584 1688 Καὶ
1609 1661 1676 1688 ἀλλὰ
1692 1662 1719 1689 δὲ
1732 1662 1756 1678 θ’

125 1707 272 1743 πάμπολλα
289 1706 362 1743 [108]
377 1706 489 1733 τοιαῦτα
508 1707 583 1733 ἑστιν
597 1707 697 1741 εὑρεῖν,
713 1706 845 1742 δηλοῦντα
862 1707 967 1741 σαφῶς,
983 1708 1021 1739 ὡς
1038 1708 1068 1734 οὐ
1097 1708 1223 1743 δεόμενος
1245 1707 1344 1734 θυσιῶν
1360 1708 1374 1733 ὁ
1407 1706 1483 1740 Θεὸς,
1505 1707 1566 1734 οὐδὲ
1583 1708 1680 1743 καπνῷ
1708 1710 1756 1735 καὶ

126 1754 206 1789 κνίση
233 1753 279 1780 καὶ
301 1754 358 1784 τοῖς
382 1753 522 1787 μουσικοῖς
546 1753 672 1787 ὀργάνοις
699 1753 915 1789 ὲπιτερπόμενος
931 1753 1018 1780 ταῦτα
1037 1753 1173 1781 τελεῖσθαι
1198 1752 1373 1789 προσέταξεν,
1386 1753 1455 1780 ἀλλὰ
1484 1753 1534 1788 τῆς
1561 1754 1674 1781 ἐκείνων
1689 1763 1757 1789 προ-

128 1799 214 1834 μηθου
218 1798 314 1833 μένους
328 1797 458 1833 ἰατρείας.

160 1843 209 1877 Μὴ
225 1843 315 1869 τοίνυν
340 1841 390 1876 τῆς
413 1841 467 1868 τῶν
490 1842 630 1878 ὑμετέρων
652 1841 780 1878 θυμάτων
798 1850 911 1879 κατηγο-

998 1840 1038 1869 Ne
1055 1842 1147 1876 itaque
1159 1849 1208 1868 vos
1222 1849 1273 1876 pro
1286 1842 1461 1870 accusatione
1473 1847 1630 1870 vestrorum
1649 1844 1754 1872 sacriﬁ~

126 1890 187 1923 ρίας
200 1887 348 1921 ἀπολογίαν
365 1880 413 1922 τήν
429 1886 656 1921 ἀντικατηγορίαν
672 1886 694 1902 ⁵³
710 1886 782 1921 ἔχειν
802 1887 911 1922 νομιζε-

123 1943 154 1962 τε
168 1935 201 1961 ⁵⁸.
215 1934 299 1968 Δῆλον
315 1933 369 1968 γάρ
383 1941 424 1959 τοι
443 1933 488 1960 τὸν
509 1932 556 1958 τοῦ
570 1932 652 1967 νόμου
675 1933 774 1959 σκοπὸν
794 1932 839 1959 διὰ
857 1933 911 1959 τῶν

124 1978 272 2015 προφητῶν
291 1979 305 2005 ὁ
322 1977 469 2013 νομοθέτης
488 1977 630 2012 πεποίηκε.
651 1977 763 2009 Τούτοις
787 1978 910 2012 ἀκριϐῶς

124 2024 243 2059 ἐντυχὼν
252 2025 266 2051 ὁ
278 2023 432 2059 Πορφύριος
445 2022 531 2058 (μάλα
543 2023 598 2057 γὰρ
609 2023 630 2039 ¹¹
643 2023 734 2054 αὐτοῖς
749 2023 909 2058 svnt-rma,

123 2072 173 2107 τὴν
188 2071 248 2098 καθ’
267 2070 347 2106 ήμῶν
364 2070 485 2106 τυρεύων
498 2071 521 2086 ⁵¹
535 2069 665 2106 γραφὴν),
683 2070 751 2106 [καὶ]
770 2071 910 2105 ἀλλότριον

123 2115 262 2147 εὐσεϐείας
275 2115 321 2141 καὶ
332 2115 410 2146 αὐτὸς
424 2115 569 2149 ἀποφαίνει
581 2115 610 2141 τὸ
622 2115 705 2148 θύειν,
722 2116 910 2152 παραπλήσιόν

123 2170 150 2188 τι
160 2163 215 2192 τοῖς
228 2161 354 2195 πιθήκοις
370 2161 416 2187 καὶ
426 2160 496 2195 δρῶν
513 2161 558 2187 καὶ
574 2161 694 2196 πάσχων.
711 2162 845 2197 Καθάπερ
855 2162 910 2198 γὰρ

123 2208 222 2233 ἐκεῖνοι
239 2206 383 2241 μιμοῦνται
401 2206 450 2240 μὲν
468 2206 503 2232 τὰ
521 2206 575 2232 τῶν
594 2206 744 2241 ἀνθρώπων
766 2207 910 2242 ἐπιτηδεύ-

125 2261 208 2288 ματα,
226 2253 267 2283 είς
284 2252 312 2278 δέ
327 2260 359 2285 γε
373 2252 423 2285 τὴν
435 2252 489 2278 τῶν
504 2251 655 2286 ἀνθρώπων
676 2252 706 2278 οὒ
730 2252 911 2288 μεταϐάλλον-

123 2307 166 2324 ται
191 2297 281 2332 φύσιν,
299 2297 368 2323 ἀλλὰ
391 2297 500 2331 μένουσι
525 2297 646 2333 πιθηκοιι
668 2296 755 2329 οὕτως
778 2295 855 2329 οὗτος
875 2297 910 2324 τὰ

124 2343 183 2369 θεῖα
198 2343 275 2377 λόγια
292 2342 443 2377 κεκλοφὼς,
467 2342 513 2368 καὶ⁸
535 2342 613 2368 ἐνίων
637 2342 685 2378 τὴν
711 2343 831 2369 διάνοιαν
853 2345 910 2374 τοῖς

124 2389 336 2424 ξυγγράμμασιν
357 2388 516 2419 ἐντεθεικὼς
532 2389 588 2419 τοῖς
605 2388 725 2422 οἰκείοις,
743 2388 910 2423 μεταμαθεῖν

123 2433 173 2460 οὐκ
182 2433 298 2468 ἠθέλησε
307 2434 357 2469 τὴν
368 2434 392 2450 ⁸³
404 2434 542 2469 ἀλήθειαν,
553 2433 620 2459 ἀλλὰ
634 2433 771 2468 μεμένηκε
783 2433 907 2469 πίθηκος,

964 1888 1069 1914 ciorum
1085 1887 1157 1914 hanc
1169 1887 1359 1914 defensionem
1376 1887 1480 1915 habere
1493 1889 1608 1922 putetis,
1622 1890 1696 1924 quod
1710 1899 1755 1918 ac-

963 1933 1099 1960 cusationi
1123 1933 1328 1960 accusationem
1348 1933 1497 1968 opponitis.
1518 1934 1584 1967 Quae.
1603 1936 1678 1963 enim
1693 1926 1754 1964 lata:

962 1979 1030 2013 legis
1042 1985 1120 2005 mens
1141 1978 1236 2011 fuerit,
1256 1978 1314 2013 ipse
1323 1978 1371 2013 qui
1385 1979 1473 2014 legem
1487 1979 1560 2012 tulit,
1574 1987 1624 2014 per
1634 1981 1753 2016 prophea

964 2028 1006 2051 tas
1021 2024 1092 2051 Deus
1106 2023 1239 2051 ostendit.
1258 2023 1324 2056 Quae
1341 2031 1404 2051 cum
1422 2024 1568 2059 diligenter
1581 2025 1753 2061 Porphyrius

962 2070 1123 2106 perlegisset
1139 2069 1299 2105 (plurimum
1314 2069 1388 2097 enim
1400 2069 1531 2104 temporis
1556 2070 1584 2098 in
1600 2071 1641 2099 eis
1651 2073 1753 2101 contri-

962 2117 1012 2149 vit,
1026 2116 1092 2143 dum
1104 2124 1152 2144 sua
1165 2116 1192 2143 in
1205 2115 1379 2144 Christianos
1388 2115 1528 2143 volumina
1543 2117 1751 2153 meditabatur),

962 2163 1052 2190 aliena
1062 2163 1086 2190 is
1096 2168 1207 2196 quoque
1218 2170 1234 2189 a
1245 2170 1309 2189 vers
1322 2162 1424 2197 pietate
1438 2162 1572 2190 sacriﬁcia
1579 2171 1641 2190 esse
1657 2168 1751 2192 osten-

963 2209 1013 2236 dit.
1029 2208 1087 2242 Qua
1101 2209 1128 2235 in
1145 2216 1174 2236 re
1188 2208 1335 2244 contigisse
1362 2209 1401 2236 illi
1421 2209 1532 2236 videtur
1546 2210 1620 2245 quod
1641 2212 1751 2239 contin-

961 2261 1027 2288 gere
1043 2253 1130 2281 simiis
1151 2254 1229 2281 solet.
1249 2253 1326 2280 Sicut
1345 2253 1420 2281 enim
1437 2254 1476 2280 illi
1494 2254 1628 2283 humanos
1639 2256 1754 2291 quidem

961 2303 1054 2334 gestus
1067 2299 1222 2331 imitantur,
1236 2299 1265 2326 in
1281 2299 1430 2326 humanam
1451 2304 1542 2327 tamen
1554 2305 1679 2329 naturam
1694 2310 1753 2330 non

963 2348 1116 2376 transeunt,
1129 2344 1177 2371 sed
1190 2344 1262 2372 simii
1274 2349 1438 2380 permanent
1452 2354 1458 2372 :
1472 2346 1511 2373 ita
1524 2350 1552 2373 et
1567 2346 1623 2379 hic,
1638 2354 1653 2374 e
1666 2349 1751 2375 sacris

961 2389 1074 2416 Litteris
1092 2389 1259 2422 suﬁ‘uratus,
1273 2393 1302 2417 et
1320 2391 1460 2418 nonnullis
1478 2391 1542 2418 inde
1563 2393 1707 2420 sententiis
1723 2394 1751 2420 in

962 2442 1011 2462 sua
1042 2439 1221 2462 monumenta
1247 2435 1405 2468 translatis,
1421 2436 1566 2464 veritatem
1591 2437 1751 2472 perdiscere

124 2479 224 2513 μᾶλλον
238 2479 267 2506 δὲ
283 2479 397 2511 κολοιὸς,
416 2479 567 2514 ἀλλοτρίοις
579 2479 603 2494 ἰ
616 2479 722 2511 πτίλοις
742 2479 910 2515 καλλυνόμε-

963 2481 1062 2513 noluit,
1079 2481 1128 2508 sed
1151 2481 1247 2508 simius
1268 2481 1430 2516 permansit,
1446 2482 1490 2509 vel
1511 2481 1639 2516 graculus
1657 2482 1751 2517 potius

159 2556 172 2570 ι
183 2549 234 2577 lsa.
247 2557 321 2583 xu",
335 2549 428 2578 22-24.
467 2550 481 2569 δ
497 2549 564 2576 ibid.
577 2549 620 2576 25.

661 2554 671 2568 ο
682 2550 782 2584 Ephes.
793 2558 823 2584 ιι,
834 2550 861 2583 8,
875 2550 904 2577 9.

965 2550 1065 2577 Jerem.
1078 2559 1125 2582 vn,
1138 2550 1181 2582 2|,
1193 2550 1237 2577 22.
1261 2556 1272 2569 ο
1289 2549 1380 2577 Jerem
1403 2549 1501 2583 vr,20.
1544 2550 1648 2578 fAmos
1657 2559 1683 2583 v,
1701 2550 1745 2578 25.

779 2627 895 2656 VARLE
915 2627 1118 2656 LECTIUNES.

159 2699 446 2762 ".mptépaquglotg.
464 2698 668 2739 περιῤῥαντίοις
688 2698 737 2726 Va.

159 2744 277 2762 ευματοξ
293 2733 324 2762 C.
384 2754 390 2761 .
428 2734 451 2749 ⁸⁰
467 2733 545 2762 [τωνΙ
560 2741 615 2760 om.
643 2732 673 2761 C.
712 2734 734 2749 δι

125 2733 324 2771 πνεύματοξά,
339 2733 390 2762 Vb.

791 2698 815 2715 ³⁸
828 2698 972 2742 ἀφέλεσθῆ
989 2699 1102 2742 ἀφέλετε
1117 2698 1347 2742 quu'imoxuom'.
1363 2697 1475 2742 [opm].

428 2734 451 2749 ⁸ο
467 2732 618 2769 [τῶνίοηῃ
643 2732 673 2761 C.
712 2734 738 2769 “7
751 2740 802 2760 σοι.
820 2732 866 2760 σου
882 2734 911 2761 Β.
925 2734 949 2750 ⁸³
963 2732 1019 2768 ἐγώ
1047 2734 1105 2768 ειμι
1133 2732 1169 2769 Βξ
1182 2734 1233 2761 bis.

1513 2699 1535 2715 "
1550 2698 1746 2734 βαπτίσματος.

1272 2734 1341 2769 "Et
1366 2733 1417 2768 μή.
1435 2733 1471 2769 μὴ
1488 2741 1543 2761 om.
1560 2733 1590 2760 Β.
1605 2733 1628 2769 ξι
1643 2733 1675 2768 δὴ
1690 2741 1749 2762 οιη.

123 2771 156 2800 C.
193 2767 216 2787 δ’
231 2767 337 2797 τέθεικε
360 2777 416 2796 om.
438 2767 486 2795 v5.
523 2767 548 2784 ’⁸⁸
563 2768 639 2804 ὑμῶν
654 2776 709 2795 om.
724 2768 755 2804 (ξ,
794 2769 817 2785 ⁸⁷
832 2769 942 2804 ἥδυναν.
958 2769 1058 2804 ἧδυναν
1076 2767 1112 2795 Β.
1147 2768 1169 2784 ⁸⁸
1181 2769 1279 2804 δὲῗοῐη.
1305 2767 1335 2794 Β.
1420 2767 1750 2804 ἀντικατηγορίανςκατ-

124 2807 240 2847 ηγορίοςς
261 2805 310 2845 Ya.
327 2805 376 2847 ..⁸⁸³1
387 2804 524 2847 νομίςῃτε.
548 2802 671 2847 νομίζετε
685 2803 718 2847 Ιξἱ
729 2803 762 2847 (ξ,
770 2804 823 2847 γι).
838 2802 849 2847 ’⁷
862 2804 883 2819 ⁵⁸
901 2802 974 2847 μάλα
988 2804 1122 2847 γάρλγὰρ
1137 2810 1192 2847 om.
1211 2803 1243 2847 Βἶ
1280 2803 1303 2847 ξ’
1312 2802 1448 2847 fugatam}.
1463 2802 1581 2839 τορεύῶν
1592 2802 1626 2830 ω
1638 2803 1749 2831 videtur

122 2838 195 2877 conj.
219 2840 311 2869 Ursin.
327 2839 405 2866 Male.
448 2839 471 2854 ⁵³
488 2838 538 2873 τὴν
554 2845 608 2865 om.
624 2839 653 2865 Β.
697 2839 720 2854 ⁸⁵
737 2839 885 2875 ἀλλοτρίοις
903 2838 1202 2874 πτίλοιςζὰλλοτρίοισι
1226 2838 1337 2873 πτηλοίς
1352 2838 1381 2866 C.

284 2887 417 2917 PATROL.
440 2886 497 2916 Gn.
521 2885 677 2915 LXXXIII.

1512 2884 1550 2914 32
