1965 3051
166 149 234 182 1007

457 199 572 229 SERMO
592 199 659 226 Vill.

394 258 477 294 898
494 257 533 284 De
553 256 721 291 martyribus.

199 315 379 353 Pythagoram
401 314 487 346 illum,
509 313 587 348 cujus
606 312 676 347 apud
694 319 742 339 vos
757 311 874 338 celebris
894 310 953 337 laus

164 366 217 394 est,
232 361 332 388 dixisse
342 360 418 387 aiunt
429 359 477 394 qui
491 359 564 386 illius
574 358 657 385 vitam
672 357 850 392 scripserunt,
864 356 953 383 Musas

146 408 150 414 ‘
166 406 310 435 Sirenibus
324 413 384 433 esse
399 404 591 440 praeferendas.
611 404 667 439 Ego
682 408 784 435 autem,
802 403 824 429 si
841 409 899 429 mos
913 401 952 428 illi

145 487 147 491 ι
166 452 265 480 fuisset
284 451 433 487 perspicuo
446 458 572 478 sermone
585 451 635 482 uti,
650 449 881 485 quemadmodum
893 448 954 475 aliis

143 493 148 538 ξ
166 496 522 533 quibusdamphilosophis,
542 495 704 523 afﬁrmarem
723 495 799 522 illum
815 494 953 521 Musarum

142 542 146 551 '
165 550 261 570 vocem
276 546 306 570 ut
319 541 472 569 suaviorem
487 542 650 576 praetulisse.
667 541 736 574 Quia
748 548 814 568 vero
826 540 954 575 {enigma-

167 589 219 615 tica
235 593 300 615 sunt
310 587 384 614 illius
395 587 478 616 dicta,
493 591 520 613 et
532 586 660 614 abstrusa
674 587 734 621 (per
746 586 866 621 symbola
880 585 953 613 enim

165 639 216 660 sua
241 632 287 659 ille
310 631 414 659 monita
435 631 622 666 proponebat,
644 631 735 665 qualia
755 634 819 659 sunt
838 639 844 656 ε
860 629 955 657 Gladio

166 679 254 713 ignem
270 685 301 705 ne
314 678 417 713 (adias;
473 676 560 703 Medio
582 684 612 703 ne
630 676 743 703 iusideas
834 675 955 702 Illclanu—

167 732 227 750 rum
250 731 282 750 ne
309 714 498 755 comedas
524 721 659 749 Stateram
686 729 718 748 ne
744 720 896 753 transilias,
929 725 956 747 et

168 776 228 805 qua:
245 772 308 796 sunt
321 769 429 804 generis
441 767 587 804 ejusdem),
603 772 670 802 puto
686 767 762 794 illum
781 771 903 801 comptos
919 767 957 793 le-

168 814 302 850 pidosque
325 820 466 841 sermones
488 812 634 839 Sirenibus
657 819 845 846 comparasse,
873 811 956 838 Musis

661 142 904 173 THEODORETI
923 141 1091 171 EPISCOPI
1112 142 1293 172 CYRENSIS

1722 137 1790 171 1008

1307 196 1417 222 ΛΟΓΟΣ
1437 195 1476 222 H'.

1155 253 1224 288 Περὶ
1241 253 1296 287 τῆς
1311 252 1369 279 τῶν
1376 252 1534 286 μαρτύρων
1544 250 1640 285 τιμῆς.

1040 311 1202 346 Πυθαγόραν
1213 312 1325 342 ἐκεῖνον,
1339 307 1369 337 οὗ
1384 309 1461 340 κλέος
1475 309 1540 344 εὐρὺ
1551 308 1615 344 παρ’
1631 308 1705 343 ὑμῖν,
1717 308 1790 343 είρη-

1005 357 1080 384 κέναι
1097 357 1178 392 φασὶν
1192 357 1214 372 ³⁸
1233 357 1257 382 οἱ
1268 356 1302 382 τὰ
1318 355 1421 382 ἐκείνου
1440 354 1669 389 Ευγγεγραφότες,
1686 353 1723 384 ὡς
1738 353 1791 387 χρὴ

1003 403 1058 430 τῶν
1072 403 1206 438 Σειρήνων
1229 401 1384 437 προτιθέναι
1403 401 1452 432 τὰς
1475 399 1595 431 Μούσας.
1623 398 1693 432 Ἐγὼ
1711 399 1750 431 δὲ,
1769 400 1792 424 εἰ

1007 449 1055 484 μὲν
1071 448 1164 479 ἁπλοῖς
1186 449 1289 479 ἐκεῖνος
1312 447 1360 474 καὶ
1378 445 1535 480 διαφανέσιν
1551 444 1640 471 εἰώθει
1652 445 1675 460 ⁰⁹
1692 444 1792 479 κεχρῆ-

1006 494 1067 521 σθαι
1077 494 1167 528 λόγοις
1184 493 1278 528 ὥσπερ
1291 493 1322 528 δὴ
1334 492 1381 519 καὶ
1393 491 1467 519 ἄλλοι
1478 490 1532 517 τῶν
1543 490 1695 525 φιλοσόφων
1708 490 1791 522 τινὲς,

1005 542 1073 576 ἔφην
1097 540 1129 567 ἂν
1144 539 1224 566 αὐτὸν
1246 539 1284 570 ὡς
1302 538 1369 573 ἡδίω
1389 537 1457 573 τὴνι
1475 536 1529 563 τῶν
1553 535 1669 563 Μουσῶν
1692 543 1793 570 προκε-

1006 586 1128 622 κρικέναι
1144 585 1245 620 φωνήν.
1262 583 1369 618 Ἐπειδὴ
1385 583 1413 609 δὲ
1428 581 1635 617 αἰνιγματώδεις
1651 582 1675 607 οί
1690 581 1795 607 ἐκείνου

1006 641 1037 666 γε
1052 632 1125 665 λόγοι
1141 630 1187 656 καὶ
1199 629 1297 664 ὕφαλοι
1311 627 1498 664 (συμϐολικῶς
1511 627 1564 662 γάρ
1576 635 1615 652 τοι
1632 625 1680 657 τὰς
1695 634 1795 661 παραι-

1006 680 1094 710 νέσεις
1122 677 1301 714 προσέφερεν·
1327 674 1432 702 τοιοῦτο
1458 674 1512 708 γὰρ
1537 673 1569 709 δὴ
1593 673 1622 699 τὺ
1639 672 1795 706 Μαχαίρᾳ¹

1007 724 1066 758 πῦρ
1078 723 1121 758 μὴ
1139 722 1315 750 σκαλεύειν·
1336 721 1393 754 καὶ,
1416 719 1480 747 Ἐπὶ
1506 720 1638 754 χοίνικος
1661 718 1703 753 μὴ
1726 720 1797 745 καθ-

1007 770 1108 803 ῆσθαι,
1131 769 1188 800 καὶ,
1210 767 1406 800 Μελάνουρον
1418 764 1461 800 μὴ
1479 765 1600 792 ἐσθίειν-⁸
1620 764 1676 795 καὶ,
1701 762 1798 797 Ζυγὸν

1005 815 1048 849 μὴ
1078 814 1277 848 ὑπερϐαίνειν,
1305 814 1352 840 καὶ
1378 812 1461 838 τᾶλλα
1487 811 1520 837 τὰ
1538 810 1642 842 τούτοις
1673 809 1798 842 ξυντεταο

167 868 234 888 vero
246 867 293 887 eos
306 860 364 894 qui.
378 858 445 886 nihil
460 857 572 885 ascititii
586 857 694 884 decoris
707 857 894 892 praeferentes,
908 864 958 883 nu—

1014 860 1121 896 γμένα),
1146 857 1222 895 οἶμαι
1247 859 1328 885 αὑτὸν
1355 858 1467 892 Σειρῆσι
1496 857 1543 891 μὲν
1571 855 1719 883 ἀπεικάσαι
1735 856 1798 886 τοὺς

169 907 232 934 dam
246 905 370 933 veritatis
388 904 503 932 formam
521 903 680 931 ostendunt.
700 903 808 936 Quanto
822 903 894 930 enim
911 910 959 929 na-

168 952 223 978 tiva
237 950 412 986 pulchritudo
431 949 521 985 potior
534 953 575 976 est
588 957 619 976 ea
637 956 719 984 quam
736 948 815 975 fucus
838 948 905 975 artis
920 947 959 975 af-

169 996 257 1028 ﬁnxit,
273 998 349 1023 tanto
366 998 409 1022 est
429 994 527 1022 melior
540 993 656 1028 simplex
670 993 794 1020 veritatis
808 992 891 1019 decor
903 992 958 1019 acri

169 1042 358 1077 concinnaque
373 1041 508 1068 oratione.
525 1039 657 1067 Habenda
673 1043 716 1066 est
732 1040 824 1074 itaque
845 1038 926 1070 ﬁdes,
943 1047 960 1066 ο

170 1089 232 1121 viri,
246 1088 268 1116 si
281 1096 336 1115 non
350 1087 420 1119 aliis,
436 1091 463 1114 at
476 1086 658 1114 celeberrimo
686 1085 783 1112 saltem
797 1085 960 1120 philosopho

170 1133 218 1169 qui
232 1134 290 1160 haec
303 1133 341 1160 ita
353 1132 484 1160 decrevit.
499 1131 554 1158 Nec
571 1138 654 1158 sacrae
669 1131 749 1157 vobis
766 1130 875 1158 Littera:
896 1137 961 1157 con-

171 1178 324 1206 temnenda:
341 1181 415 1209 sunt,
431 1176 505 1211 quod
523 1175 662 1211 superﬂuo
679 1175 814 1203 sermonis
828 1180 960 1210 apparatu

171 1231 226 1251 non
243 1226 374 1255 utantur,
401 1221 449 1249 sed
473 1221 575 1249 nudam
600 1226 628 1248 et
649 1221 813 1249 emicantem
837 1221 961 1249 veritatis

171 1268 404 1304 pulchritudinem
418 1267 498 1295 nobis
511 1271 676 1302 proponant.
691 1267 811 1294 Pronum
827 1266 962 1302 siquidem

171 1314 224 1342 fuit
237 1318 266 1342 et
281 1313 441 1342 facillimum
453 1312 594 1348 sapientiae
612 1312 696 1348 899
711 1311 791 1345 fonti,
805 1312 852 1347 qui
871 1312 962 1347 impiis

173 1367 282 1396 quoque
304 1358 463 1386 hominibus
478 1357 664 1392 eloquentiam
687 1357 772 1392 dedit,
797 1362 825 1385 et
849 1357 962 1384 Platone

173 1405 356 1437 facundiores,
370 1409 398 1433 et
421 1404 542 1432 acriores
564 1403 759 1436 Demosthene,
773 1407 802 1430 et
823 1403 963 1439 graviores

174 1450 348 1486 Thucydide,
364 1453 393 1477 et
414 1449 560 1477 Aristotele
583 1453 632 1476 aut
652 1448 807 1484 Chrysippo
830 1449 963 1477 cudendis

175 1496 368 1525 insolubilibus
389 1494 552 1532 syllogismis
573 1495 710 1522 acutiores
733 1495 848 1522 reddere
864 1495 964 1522 verita-

175 1542 211 1569 tis
231 1548 380 1577 przecones.
401 1526 537 1567 caeterum
554 1538 643 1566 noluit
657 1538 703 1565 ille
719 1539 840 1573 quinque
863 1538 961 1571 solum,
977 1526 999 1555 θ’

175 1586 316 1618 decemve,
337 1587 385 1612 aut
405 1582 574 1618 quindecim,
589 1587 744 1615 centumve,
763 1587 811 1610 aut
830 1583 964 1611 ducentos

176 1631 301 1660 homines
315 1629 393 1665 aquis
409 1627 576 1657 salutaribus
587 1628 717 1661 recreari,
733 1629 781 1656 sed
796 1633 891 1664 gentes
903 1629 965 1656 uni-

176 1683 280 1708 versas,
297 1679 356 1702 tum
372 1673 491 1704 Graecos,
514 1677 571 1699 tum
594 1672 736 1705 barbaros,
759 1677 788 1700 et
809 1674 965 1702 litterarum

177 1723 275 1750 studiis
285 1720 444 1751 innutritos,
456 1723 484 1746 et
496 1718 606 1751 idiotas,
618 1723 646 1745 et
660 1723 777 1752 sutores,
793 1723 821 1746 et
832 1724 964 1753 textores,

177 1772 205 1796 et
216 1767 308 1794 fabros
321 1764 461 1796 ferrarius,
474 1770 502 1791 et
517 1768 630 1791 caeteros
641 1765 782 1792 manuales
793 1765 922 1797 artifices,
938 1769 966 1793 et

178 1821 242 1841 cum
252 1813 296 1840 his
309 1818 404 1847 servos
417 1810 510 1842 etiam,
527 1813 555 1837 et
573 1810 724 1843 mendicos,
741 1814 768 1838 et
781 1810 924 1846 agricolas,
938 1815 967 1839 et

180 1861 337 1895 lignatores,
350 1856 465 1885 feminas
477 1863 597 1892 quoque,
608 1861 663 1883 tum
675 1856 780 1884 divitiis
791 1859 800 1868 ‘
813 1856 965 1889 affluentes,

181 1912 237 1932 tum
253 1904 340 1932 labori
358 1902 492 1934 addictus,
505 1909 690 1936 manuumque
704 1910 786 1937 opere
798 1903 965 1930 victitantes.

180 1951 300 1984 Eamque
314 1949 349 1976 ob
365 1956 433 1981 rem,
449 1948 627 1983 piscatorum,
644 1948 920 1984 publicanorumque,
935 1957 968 1977 ac

181 1996 255 2024 Pauli
273 1995 425 2022 ministerio
447 2002 524 2025 usus,
546 1993 693 2021 salutarem
718 1993 894 2029 divinamque
919 1995 968 2022 do-

181 2042 296 2069 ctrinam
318 2040 478 2068 hominibus
489 2039 598 2071 attulit,
617 2039 732 2074 linguis,
747 2048 816 2074 quas
834 2040 869 2067 ab
889 2040 969 2068 initio

181 2086 272 2114 sortiti
298 2085 418 2117 fuerant,
435 2084 645 2118 haudquaquam
664 2085 826 2117 immutatis,
848 2086 896 2113 sed
920 2094 969 2121 per

180 2133 290 2161 easdem
306 2130 435 2166 limpidos
459 2130 601 2166 sapientia:
623 2131 697 2158 rivos
720 2131 865 2158 effundens
888 2140 894 2158 :
913 2139 968 2158 non

181 2177 270 2209 aliter,
291 2183 373 2211 quam
395 2175 418 2202 si
432 2175 495 2210 quis
509 2175 604 2202 vinum
621 2175 713 2203 odoris
727 2176 886 2210 saporisque
907 2184 970 2204 sua-

180 2222 287 2251 vissimi
309 2221 432 2249 convivis
453 2229 603 2256 apponens,
625 2222 725 2256 phialis
740 2222 901 2257 poculisque
918 2224 970 2250 mi-

181 2276 234 2297 nus
245 2268 385 2303 eleganter
400 2267 550 2302 exsculptis
560 2267 696 2294 infundat.
709 2267 761 2300 Qui
771 2268 846 2295 enim
860 2268 968 2301 sitiunt,

180 2313 284 2348 largius
301 2311 410 2343 bibunt,
436 2319 491 2339 non
507 2311 844 2348 pocula‘considerantes,
861 2313 908 2340 sed
930 2313 971 2340 vi-

181 2366 247 2386 num
262 2357 437 2385 admirantes.
460 2356 490 2384 ld
519 2357 607 2391 ipsum
632 2356 759 2384 homines
782 2365 878 2386 omnes
900 2367 970 2386 nun-

181 2411 263 2440 quam
277 2411 333 2430 non
344 2403 458 2430 faciunt.
471 2401 554 2437 900
563 2401 653 2429 Sacrae
663 2402 736 2430 enim
748 2402 880 2431 doctrinae
896 2404 969 2432 rivos

181 2458 244 2478 cum
258 2449 399 2481 hauriunt,
412 2455 468 2476 non
488 2447 569 2475 modo
587 2448 774 2486 apostolorum
791 2449 899 2484 linguas
914 2459 968 2478 non

180 2495 309 2527 irrident,
329 2494 376 2522 sed
401 2493 479 2520 valde
502 2492 593 2528 potius
617 2492 797 2526 admirantur,
819 2495 892 2529 quod
913 2495 970 2523 elo—

1010 906 1250 941 κεκομψευμένους
1276 904 1324 930 καὶ
1351 901 1635 936 κατεγλωττισμένους
1652 901 1661 917 ³
1691 901 1797 935 λόγους,

1009 951 1133 983 Μούσαις
1155 951 1184 977 δὲ
1204 950 1266 981 τοὺς
1282 949 1444 975 ἐπείσακτον
1459 947 1507 983 μὲν
1521 946 1598 974 οὐδὲν
1613 947 1732 982 ἔχοντας,
1747 954 1797 980 γυ-

1012 997 1078 1032 μνὸν
1091 997 1119 1023 δὲ
1131 996 1182 1029 τῆς
1198 994 1325 1030 ἀληθείας
1338 993 1368 1020 τὺ
1382 993 1479 1024 κάλλος
1495 991 1707 1023 ἐπιδεικνύντας.
1723 991 1799 1026 ’Ὀσῳ

1010 1043 1064 1078 γὰρ
1074 1042 1106 1077 δὴ
1121 1043 1138 1077 ἡ
1151 1042 1162 1057 ⁸
1179 1041 1254 1076 παρὰ
1274 1041 1324 1075 τῆς
1339 1039 1445 1074 φύσεως
1465 1038 1524 1074 ὥρα
1552 1038 1600 1072 τῆς
1618 1037 1670 1063 ὑπὸ
1687 1046 1799 1072 κομμω-

1010 1089 1089 1124 τικῆς
1115 1088 1214 1123 τέχνης
1236 1084 1468 1120 διεσκευασμένης
1497 1084 1616 1118 ἀμείνων
1629 1083 1650 1115 ⁸,
1679 1082 1800 1118 τοσούτῳ

1013 1134 1145 1170 κρείττων
1155 1133 1166 1148 ⁸
1181 1133 1231 1168 τῆς
1241 1132 1295 1159 τῶν
1305 1131 1391 1165 λόγων
1405 1129 1535 1161 εὐεπίαςτ
1550 1138 1578 1155 τε
1591 1129 1637 1155 καὶ
1650 1129 1800 1163 δεινότητος

1012 1179 1088 1215 ήτῆς
1108 1177 1238 1213 ἀληθείας
1257 1176 1417 1212 εὐπρέπεια.
1437 1175 1597 1202 Πιστευτέον
1610 1173 1655 1202 οὗν
1666 1175 1676 1191 ⁸
1691 1174 1756 1210 ἄρα,
1778 1171 1802 1201 ὧ

1013 1224 1120 1260 ἄνδρες,
1138 1224 1163 1250 εί
1186 1222 1233 1250 καὶ
1254 1222 1291 1257 μὴ
1308 1221 1390 1257 ἄλλῳ,
1404 1221 1442 1256 τῷ
1459 1220 1523 1255 γοῦν
1542 1220 1754 1255 πολυθρυλλήτῳ
1763 1228 1805 1254 φι-

1012 1271 1119 1306 λοσόφῳ
1142 1269 1229 1297 ταῦτα
1245 1268 1446 1304 νομοθετοῦντι,
1462 1268 1510 1294 καὶ
1535 1267 1569 1293 τὰ
1586 1266 1645 1294 θεῖα
1667 1266 1745 1300 λόγια
1764 1266 1802 1301 μὴ

1012 1315 1155 1352 παροπτέα
1179 1314 1310 1352 νομίζειν,
1328 1314 1368 1340 ὅτι
1394 1313 1426 1348 δὴ
1440 1313 1479 1348 τῷ
1496 1312 1616 1348 περιττῷ
1637 1312 1692 1339 τῶν
1715 1312 1802 1346 λόγων

1013 1363 1042 1389 οὺ
1054 1361 1272 1397 κατακέχρηνται
1291 1360 1381 1394 φύσει,
1397 1359 1465 1386 ἀλλὰ
1476 1359 1578 1393 γυμνὸν
1599 1359 1665 1394 ἡμῖν
1680 1357 1802 1393 προσφέ-

1016 1417 1090 1444 ρουσι
1106 1408 1153 1434 καὶ
1172 1406 1333 1433 ἅποστίλῦον
1357 1405 1408 1440 τῆς
1434 1404 1563 1440 ἀληθείας
1577 1403 1607 1430 τὸ
1626 1404 1733 1434 κάλλος.
1751 1403 1804 1429 Εὐ·

1014 1455 1094 1486 πετὲς
1110 1454 1178 1489 μὲν⁹
1192 1453 1245 1489 γὰρ
1266 1450 1300 1487 ἦν
1317 1452 1364 1478 καὶ
1381 1451 1452 1486 μάλα
1479 1451 1569 1486 ῥᾴδιον
1591 1451 1624 1485 τῇ
1640 1451 1690 1486 τῆς
1707 1449 1803 1483 σοφίας

1017 1501 1103 1535 πηγῇ,
1126 1500 1143 1534 ἡ
1159 1499 1207 1525 καὶ
1229 1497 1386 1524 δυσσεόέσιν
1400 1496 1553 1532 ἀνθρώποις
1567 1496 1616 1531 τὴν
1633 1495 1805 1530 καλουμένην

1015 1545 1161 1578 εὐστομίαν
1193 1542 1362 1578 δεδώρηται,
1387 1543 1435 1569 καὶ
1458 1542 1601 1573 Πλάτωνος
1627 1541 1807 1575 εὺγλωττοτέ‹

1016 1599 1088 1626 ρους,
1111 1590 1158 1617 καὶ
1183 1589 1348 1625 δεινοτέρους
1373 1588 1570 1624 Δημοσθένους,
1595 1588 1644 1614 καὶ
1662 1587 1737 1622 δγκῳ
1759 1587 1806 1614 τὸν

1022 1636 1130 1671 Ὀλόρου
1141 1635 1392 1670 κατακρύπτοντας,
1404 1636 1450 1662 καὶ
1460 1633 1670 1669 τδνΝικομάχου
1677 1634 1724 1660 καὶ
1734 1633 1807 1668 Χρύ-

1017 1688 1116 1707 σιππον
1141 1680 1196 1711 τοῖς
1217 1679 1271 1706 τῶν
1296 1679 1481 1714 ξυλλογισμῶν
1508 1679 1614 1710 ἀλύτοις
1634 1679 1650 1714 ἢ
1668 1678 1807 1710 δυσλύτοις

1017 1725 1159 1762 [δεσμοῖς,]
1176 1726 1197 1741 ³⁰
1220 1726 1358 1761 ἀποφῆναι
1374 1726 1424 1761 τῆς
1446 1725 1572 1760 ἀληθείας
1589 1725 1650 1756 τοὺς
1669 1726 1804 1760 κήρυκας.

1023 1770 1091 1797 Ἀλλ’
1103 1770 1152 1796 οὐκ
1164 1769 1298 1805 ἑὸουλήθη
1309 1770 1328 1785 ¹¹
1342 1770 1432 1803 πέντε,
1448 1769 1465 1804 ἢ
1479 1769 1555 1801 δέκα,
1568 1770 1584 1804 ἦ
1596 1769 1805 1800 πεντεκαίδεκα,

1017 1815 1034 1851 ἢ
1046 1816 1142 1842 ἑκατὸν
1155 1815 1212 1854 ⁶ξ,ἢ
1223 1816 1264 1848 δὶς
1276 1815 1429 1848 τοσούτους,
1439 1815 1492 1842 τῶν
1503 1815 1643 1850 σωτηρίων
1653 1815 1807 1842 ἀπολαῦσαι

1017 1861 1156 1894 ναμάτων,
1165 1860 1234 1888 ἀλλὰ
1247 1861 1350 1892 πάντας
1361 1860 1531 1896 ἀνθρώπους,
1539 1861 1585 1887 καὶ
1599 1860 1744 1895 Ἕλληνας,
1761 1861 1807 1887 καὶ

1019 1906 1183 1941 βαρϐάρους,
1195 1906 1242 1933 καὶ
1255 1906 1317 1938 τοὺς
1324 1906 1413 1940 λόγοις
1427 1906 1674 1942 ὲντεθραμμένους,
1687 1907 1807 1937 καὶτοὺς

1018 1952 1104 1986 λόγων
1119 1952 1150 1978 οὺ
1169 1952 1350 1987 γεγευμένους
1362 1953 1395 1985 ¹⁸,
1408 1953 1455 1979 καὶ
1469 1952 1596 1984 σκυτέας,
1612 1952 1660 1979 καὶ
1675 1952 1805 1986 ὑφάντας,

1019 1997 1067 2023 καὶ
1088 1996 1286 2031 χαλκοτύπους,
1315 1997 1363 2023 καὶ
1383 1996 1448 2028 τοὺς
1469 1997 1544 2033 μη]
1560 1997 1656 2028 ἄλλους
1680 1997 1737 2023 ὅσοι
1759 1996 1808 2028 τὰς

1018 2043 1114 2077 τέχνας
1130 2043 1359 2078 μεταχειρίζουσι,
1376 2043 1501 2077 καὶπρὸς
1511 2042 1617 2074 τούτοις
1628 2043 1675 2069 καὶ
1686 2042 1807 2074 οἰκέτας,

1020 2088 1067 2115 καὶ
1080 2088 1240 2124 προσαίτας,
1252 2089 1299 2115 καὶ
1310 2088 1456 2123 γηπόνους,
1473 2087 1519 2114 καὶ
1533 2088 1701 2122 ἁλσοκόμους
1713 2088 1745 2118 “,
1761 2087 1808 2114 καὶ

1020 2135 1151 2168 γυναῖκας
1175 2133 1316 2164 ὡσαύτως,
1342 2133 1391 2164 τάς
1408 2140 1437 2159 τε
1451 2132 1559 2168 πλούτῳ
1581 2132 1807 2168 περιρρεομένας,

984 2189 1007 2216 ι)
1022 2179 1068 2206 καὶ¹
1090 2178 1139 2210 τὰς
1164 2178 1238 2213 πόνῳ
1263 2177 1487 2213 ξυνεζευγμένας,
1507 2178 1554 2204 καὶ
1570 2179 1602 2204 ὲκ
1626 2177 1726 2213 χειρῶν
1751 2177 1809 2212 βιου

1021 2223 1144 2250 τεύειν¹⁸
1164 2223 1384 2258 ἠναγκασμένας.
1410 2223 1513 2250 Τούτου
1538 2222 1570 2258 δὴ
1591 2223 1684 2249 εἵνεκα
1702 2221 1809 2249 ἁλιεῦσι

1022 2269 1070 2295 καὶ
1083 2267 1213 2299 τελώναις
1226 2269 1273 2295 κα)¹
1286 2268 1445 2303 σκυτοτόμῳ
1459 2268 1633 2304 χρησάμενος
1649 2268 1809 2303 ὑπουργοῖς.

1022 2313 1204 2349 προσενήνοχε
1225 2315 1280 2344 τοῖς
1300 2313 1455 2349 ἀνθρώποις
1476 2314 1511 2340 τὰ
1531 2314 1653 2349 σωτήρια
1681 2313 1728 2340 καὶ
1751 2312 1810 2339 θεῖα

1024 2358 1191 2393 μαθήματα·
1214 2358 1264 2390 τὰς
1282 2359 1330 2393 μὲν
1354 2358 1476 2392 γλώττας
1501 2359 1590 2385 αὐτῶν
1609 2358 1642 2390 ἃς
1667 2358 1695 2391 ἐξ
1723 2358 1810 2393 ἀρχῆς

1023 2405 1117 2439 ἔλαχον
1132 2405 1182 2431 οὐκ
1194 2404 1325 2439 ἀμείψας,
1337 2405 1371 2431 τὰ
1379 2405 1407 2432 δέ
1417 2413 1448 2439 γε
1462 2405 1547 2440 διειδῆ
1559 2406 1581 2421 ¹⁶
1592 2405 1638 2431 καὶ
1652 2404 1750 2438 διαυγῆ
1761 2403 1810 2438 τῆς

1024 2450 1119 2485 σοφίας
1141 2451 1249 2486 νάματα
1272 2451 1316 2478 διὰ
1337 2451 1440 2478 τούτων
1459 2450 1592 2486 προχέας·
1619 2449 1811 2486 παραπλήσιον

1024 2496 1117 2529 ποιῶν,
1130 2496 1224 2531 ὥσπερ
1242 2497 1275 2524 ἂν
1285 2497 1362 2528 εἴτις
1373 2497 1506 2532 ἑστιάτωρ
1518 2494 1589 2523 οἶνον
1600 2495 1750 2531 ἀνθοσμίαν
1765 2495 1811 2522 καὶ

823 2571 940 2600 νΑιιιΕ
962 2572 1163 2601 LECTIONES.

217 2649 241 2666 ⁸ο
254 2649 344 2686 φασίν.
360 2657 443 2686 φησιν
452 2648 482 2676 C.
512 2648 544 2686 A”
561 2647 660 2686 εἰώθει.
678 2648 761 2683 είώοη
773 2648 804 2686 β.
821 2649 980 2686 ί-αὑτὸνᾲὼς
996 2650 1062 2686 ἡδίω
1074 2651 1134 2686 τήν.
1151 2650 1241 2686 αὐτῶν
1255 2650 1293 2682 ὡς
1314 2651 1420 2686 ἰδιώτην
1433 2650 1453 2678 C
1470 2651 1517 2685 qui
1537 2659 1591 2678 om.
1609 2650 1664 2676 τῶν
1683 2650 1809 2686 Μουσῶν.

182 2685 243 2713 Mox
257 2685 278 2711 (1
304 2684 352 2719 τὴν
368 2683 471 2719 φωνήν.
510 2684 520 2699 ¹
538 2683 673 2745 μαμαίρια.
695 2684 816 2734 μαχαίρῃ
829 2684 860 2716 Β,
879 2684 909 2712 C.
921 2683 1012 2719 Supra'
1023 2685 1055 2720 δὴ
1071 2683 1127 2712 om.
1141 2685 1172 2713 (ἒ.
1212 2685 1222 2701 ³
1237 2683 1549 2728 κατεχγλωττισμένους.
1564 2685 1812 2720 κατεγγλωττημέ-

182 2728 243 2745 vat):
257 2719 288 2745 C.
323 2719 333 2734 ⁵
350 2720 404 2745 γὰρ
419 2720 446 2745 ἡ.
462 2719 516 2745 γὰο
542 2718 573 2745 θη
596 2719 612 2745 ἡ
651 2739 657 2745 .
724 2719 853 2745 ἀμεινων.
882 2720 987 2745 ἀμείνω
1004 2719 1034 2745 C.
1075 2721 1236 2745 ⁸κοείττων.
1262 2729 1378 2745 κοειττω
1400 2720 1443 2745 lC.
1483 2721 1493 2736 "
1509 2721 1629 2745 εὐεπίας.
1643 2720 1769 2745 εὐεπείας
1780 2719 1810 2745 Β.

181 2718 446 2771 ϊοέ.ί.Ξ;.,ἕηέδέὲ.,ήλ
462 2718 644 2771 ξιι,εῇ..πδηέέ

203 2754 361 2782 πιστευτέον
374 2753 430 2781 οὖν.
462 2753 599 2781 πιστεύειν
615 2753 662 2780 οὗν
682 2753 724 2780 δεῖ
745 2753 795 2781 Vb.

183 2792 202 2807 ”
219 2788 363 2824 ὲσουλήθη.
382 2789 518 2824 ἠϐουλήθη
539 2788 568 2815 Β.

181 2860 322 2897 βιωτεύειν
336 2859 366 2888 C.
405 2859 427 2874 “
443 2859 536 2894 διειὸἧ.
557 2858 632 2895 διήδη
656 2859 686 2886 Β.

852 2755 862 2771 ³
877 2755 925 2789 μὲν
948 2762 1003 2781 om.
1031 2755 1062 2787 B,
1085 2755 1133 2782 va.

630 2789 680 2824 ¹¹ἢ
710 2789 808 2815 ἑκατὸν
834 2797 957 2824 suprasc.
979 2789 1009 2816 Β.

181 2826 271 2857 fallor,
290 2824 337 2852 Va.
353 2825 399 2850 καὶ
421 2825 485 2860 τοῖς
498 2823 528 2860 λ.
544 2825 568 2860 ις
585 2832 611 2860 κΖ
629 2823 685 2860 rei;
703 2823 787 2858 λόγων
815 2825 1024 2860 ὲγγεγευμένοις
1055 2825 1085 2853 C.

764 2719 853 2756 είνων.
882 2720 987 2756 ἀμείνω
1004 2719 1054 2756 CLV
1075 2721 1248 2756 ’νκρείττωνιγ
1262 2719 1378 2756 κρείττω
1400 2719 1449 2756 [CI
1478 2721 1493 2756 7’
1509 2721 1629 2753 εὐεπίας,
1643 2720 1769 2750 εὐεπείας

1192 2756 1213 2792 ’9
1229 2754 1360 2792 [δεσμοῖς]
1389 2754 1447 2783 om.
1476 2755 1505 2782 Β.
1520 2756 1544 2792 ῆν
1556 2755 1762 2792 δυσλύτοις-01η.
1780 2754 1810 2792 C.

1066 2790 1088 2826 ξ’
1103 2791 1149 2817 καὶ
1172 2789 1235 2822 τοὺς
1264 2789 1398 2824 λό’(ωνόὺ
1426 2789 1610 2826 γεγευμένους
1625 2799 1679 2826 οιηἒ
1694 2790 1714 2816 Β
1728 2793 1767 2826 et,
1782 2789 1811 2816 ni

1138 2825 1160 2841 “
1177 2826 1352 2862 ἁλσοκόμους.
1380 2826 1555 2861 ἀλσοκώμους
1565 2826 1595 2854 C.
1635 2826 1656 2842 "
1669 2825 1809 2860 βιοτεύειν.
