1965 3051
173 193 242 227 1009

455 194 675 226 GRzECARUM
691 194 844 225 AFFECT.
864 193 1174 225 CURATIO.-VIII.
1195 193 1244 224 DE
1264 193 1522 224 MARTYRIBUS.

1738 189 1806 222 1010

171 252 259 288 εὐώδη
271 253 318 280 καὶ
329 252 440 288 ἄριστον
458 253 634 288 προσενέγκοι
645 254 666 269 ¹⁷
680 254 736 286 τοῖς
749 253 901 288 δαιτυμόσι,
914 252 963 279 κύ-

1019 251 1133 288 quentia
1145 259 1259 287 prorsus
1272 254 1411 287 expertes,
1427 242 1473 278 alii
1488 258 1504 278 a
1517 248 1612 285 pueris
1624 247 1804 283 piscationem

172 296 226 329 λιξι
242 297 290 324 καὶ
301 296 412 332 φιάλαις
428 298 526 333 ἐγχέας
541 298 590 324 οὒκ
604 298 775 333 ὴσκημέναις
786 298 825 330 εἰς
845 297 942 329 κάλλος
953 305 960 312 ·

172 342 230 369 ἀλλ’
245 343 272 369 οῖ
286 351 318 377 γε
340 342 472 377 διψῶντες
495 344 715 380 ὲπεμφοροῠνται
727 344 749 360 ¹⁸
762 344 809 371 τοῦ
831 344 961 378 νάματος,

171 388 222 415 οὐκ
239 388 280 420 εἰς
307 388 355 419 τὰς
381 388 494 421 κύλικας
526 389 693 425 ἀφορῶντες,
721 388 789 416 ἀλλά
814 389 861 416 τὸν
889 387 962 416 οἶνον

173 435 368 469 θαυμάζοντες.
388 435 473 461 Τοῦτο
491 435 592 466 πάντες
616 435 754 470 ἄνθρωποι
772 435 891 471 δρῶντες
903 434 963 461 δια-

171 481 280 507 τελοῦσι
292 480 328 496 ¹⁹·
344 481 391 508 καὶ
414 481 468 507 τῶν
485 481 565 509 θείων
583 481 766 512 ἀπολαύοντες
785 480 911 516 ῥείθρων,
932 480 962 507 οὺ

174 524 254 558 μόνον
276 524 306 551 οὺ
325 524 486 560 κωμῳδοῦσι
511 525 565 552 τῶν
589 525 745 553 ἀποστόλων
759 526 808 557 τὰς
828 526 962 560 γλώττας,

172 568 240 595 ἀλλὰ
256 569 302 596 καὶ
319 570 388 604 ἄγαν
401 569 598 605 θαυμάζουσιν,
613 571 654 597 ὅτι
669 570 700 605 δὴ
716 571 738 587 ’θ
752 571 839 605 λόγων
854 570 963 605 σίτωμύ⁴

173 613 226 639 λων
248 613 323 646 ὅντες
350 614 479 650 ἀμύητοι,
499 615 547 642 καὶ
571 616 596 642 οι
620 616 669 651 μὲν
693 615 810 643 ἁλιεύειν
838 616 963 643 Μιδόθεν

174 659 377 695 μεμαθηκότες,
399 662 423 686 οἱ
437 660 464 687 δὲ
480 660 636 693 τελωνικοῖς
659 658 853 697 ἐργαστηρίοις
877 670 963 697 προσ-

171 705 348 740 ηδρευκότες,
370 705 444 732 ἄλλοι
459 706 487 733 δὲ
505 707 705 742 σκυτοτομικὴν
725 707 964 743 μεταχειρίσαντες

172 751 281 786 τέχνην,
306 751 505 786 ἀπεφάνθησαν
534 752 662 788 ἐξαίφνης
689 751 768 780 θείων
788 753 885 787 λογίων
908 753 965 780 διά-

173 803 257 828 κονοι,
270 795 317 822 καὶ
327 795 436 831 δωρεῶν
448 796 617 831 ἐπουρανίων
625 796 772 832 διανομεῖς,
785 798 832 824 καὶ
843 798 965 834 σωτῆρες

173 840 339 873 ἀλεξίκακοι.
356 841 403 867 καὶ
420 842 562 878 φωστῆρες
578 841 722 877 φανότατοι
733 843 765 876 ¹¹,
780 843 828 878 οὐχ
844 843 872 870 ἒν
888 843 963 876 ἔθνος

174 886 347 920 φωτίζοντες,
362 886 420 913 ἀλλ’
438 887 542 923 ὅσαπερ
556 887 570 914 ὁ
581 887 718 924 ὁρώμενος
730 888 753 903 ¹¹
767 888 852 924 ἥλιος.
864 889 964 923 Ἀγαν-

173 940 218 957 ται
232 932 259 958 δὲ
274 932 456 968 διαφερόντως
479 933 598 965 ἅπαντες
618 933 666 960 καὶ
682 933 909 969 θαυμάζουσιν²³,
923 935 964 961 ὅτι

174 976 205 1011 δὴ
219 977 265 1004 καὶ
277 977 425 1010 τεθνεῶτες
440 978 610 1006 ἐπιτελοῦσιν
633 979 704 1014 ἅπερ
716 979 748 1015 δὴ
763 980 810 1007 καὶ
824 980 964 1015 περιόντες

174 1022 305 1050 είώθεσαν
327 1025 460 1060 ἐνεργεῖν,
487 1026 588 1061 μᾶλλον
613 1025 641 1052 δὲ
666 1025 756 1062 πολλῷ
782 1026 893 1062 μείζονα
917 1027 965 1054 καὶ

175 1068 352 1104 λαμπρότερα
376 1071 410 1097 τὰ
427 1072 497 1106 μετὰ
519 1071 569 1107 τὴν
592 1071 717 1099 ἐντεῦθεν
740 1073 873 1108 ἐκδημίαν
901 1075 964 1109 παρ’

175 1114 286 1142 ἐκείνων
301 1116 460 1152 τελούμενα.
480 1117 577 1145 Ἡνίκα
593 1118 642 1154 μὲν
657 1118 711 1154 γὰρ
725 1119 858 1155 μετὰτῶν
874 1120 966 1154 σωμά-

175 1169 229 1186 των
257 1161 456 1195 ἐπολιτεύοντο,
482 1163 530 1191 νῦν
561 1165 612 1200 μὲν
635 1165 710 1202 παρά
724 1165 847 1199 τούτους,
872 1165 918 1193 νῦν
937 1166 966 1193 δέ

176 1207 241 1243 παρ’
261 1208 380 1240 ἐκείνους
401 1209 529 1244 ἐφοίτων,
555 1211 601 1237 καὶ
617 1211 785 1247 ἄλλοτεημέν
809 1212 965 1246 Ῥωμαίοις,

175 1252 270 1279 ἄλλοτε
295 1253 322 1279 δέ
353 1253 488 1287 ἰσπανοῖς
515 1255 530 1291 ἢ
551 1255 665 1287 Κελτοῖς
685 1256 853 1291 διελέγοντο·
873 1255 966 1291 ἐπειδὴ

175 1297 202 1323 δὲ
218 1299 287 1333 πρὸς
302 1299 404 1329 ἐκεινον
421 1300 591 1336 ἐξεδήμησαν
608 1302 652 1336 ὑφ’
672 1298 702 1329 οὖ
721 1301 965 1337 κατεπέμφθησαν,

176 1342 295 1375 ἅπαντες
320 1344 410 1371 αὐτῶν
435 1345 580 1380 ἐνδελεχῶς
604 1346 797 1378 ἀπολαύουσιν,
826 1346 857 1372 ού
887 1346 968 1382 μόνον

181 1388 321 1423 Ῥωμαῖοι,
348 1390 395 1416 καὶ
415 1391 472 1416 ὅσοι
496 1398 527 1425 γε
551 1391 598 1419 τὸν
614 1393 715 1419 τούτων
742 1392 870 1427 ἀγαπῶσι
886 1391 967 1427 ζυγὸν

176 1434 224 1460 ml.
242 1434 295 1461 ύπδ
319 1434 422 1462 τούτων
447 1436 594 1470 ῐθύνονται,
615 1437 685 1466 ἀλλά
708 1439 755 1465 καὶ
778 1438 894 1474 Πέρσαι,
921 1440 969 1465 καὶ

176 1480 293 1513 Σκύθαι,
314 1482 361 1508 καὶ
391 1483 587 1517 Μασσαγέται,
623 1483 670 1510 καὶ
699 1484 893 1519 Σαυρομάται,
922 1484 968 1511 καὶ

183 1524 268 1557 Ἰνδοὶ,
287 1526 333 1552 καὶ
358 1526 496 1560 Αἰθίοπες,
518 1527 566 1554 καὶ
584 1526 733 1562 ξυλλήϐδην
757 1527 844 1553 εἰπεῖν
861 1526 969 1554 ἅπαντα

177 1570 225 1606 τῆς
237 1572 402 1607 οἰκουμένης
418 1572 453 1598 τὰ
468 1572 602 1608 τέρματα.
617 1573 657 1599 Τὰ
671 1572 724 1608 γὰρ
738 1573 770 1609 δὴ
782 1572 884 1600 τούτων
903 1573 969 1608 ξυγ-

178 1617 342 1652 γράμματα,
359 1618 434 1645 όιπλᾶ
449 1627 480 1652 γε
495 1618 559 1646 ὄντα
573 1619 619 1646 καὶ
641 1619 691 1654 τῆς
709 1619 869 1654 Ἑλληνικῆς
887 1628 970 1654 γεγυ-

179 1663 309 1698 μνωμένα
333 1663 534 1699 λαμπρότητος,
553 1665 600 1691 καὶ
623 1665 672 1701 μέν
687 1665 719 1700 δὴ
736 1666 784 1692 καὶ
802 1665 907 1701 σμικρὰ
923 1665 970 1692 καὶ

177 1707 266 1741 ὀλίγα,
285 1710 368 1736 πᾶσιν
383 1709 538 1745 ἀνθρώποις
553 1711 626 1737 ἐστὶν
640 1710 797 1747 ἀξιέραστα,
811 1711 881 1746 πλὴν
894 1711 971 1747 ὑμῶν

179 1757 225 1783 καὶ
236 1757 263 1782 εἴ
275 1766 318 1789 τις
331 1759 394 1793 ὑμῖν
410 1759 609 1794 παραπλησίως
621 1759 668 1794 τὴν
681 1759 730 1794 τῆς
744 1759 872 1791 ἀπιστίας
888 1768 971 1786 κατα-

179 1802 333 1839 κεχυμένην
357 1803 426 1838 ἔχων
437 1803 460 1819 ’⁵
481 1804 574 1838 ἀχλὺν,
592 1804 655 1830 ξδεῐν
670 1804 719 1831 οὐκ
734 1804 820 1830 ἐθέλει
835 1805 884 1839 τῆς
903 1804 971 1839 ἀλη-

180 1847 253 1879 θείας
267 1847 315 1884 τὴν
327 1847 434 1884 αἴγλην.
451 1849 488 1875 Ού
505 1849 585 1884 μόνον
599 1848 626 1875 δέ
642 1848 692 1884 τῆς
711 1848 870 1884 Ἑλληνικῆς
885 1848 972 1875 ταῦτα

180 1893 505 1928 κομψείαςγεγύμνωται,
513 1893 636 1921 ἀλλὰκαὶ
643 1893 697 1920 τῶν
705 1893 874 1928 πραγμάτων
880 1889 971 1928 ὧνπερ

179 1937 299 1965 διδάσκει
313 1939 361 1974 τὴν
375 1939 455 1974 φύσιν
470 1939 500 1965 οὐ
512 1940 614 1975 σεμνήν
625 1948 685 1966 τινα
697 1938 753 1975 ἔχει
770 1939 817 1966 καὶ
834 1939 971 1974 περιφανῆ

181 1984 228 2010 καὶ
245 1984 436 2020 περίόλεπτον.
459 1985 496 2012 Οὐ
519 1986 574 2021 γὰρ
591 1985 734 2021 ὁρωμένην
754 1985 816 2013 τινὰ
833 1986 889 2017 τοῖς
913 1985 971 2012 θια-

183 2029 281 2062 σώταις
298 2031 465 2058 ἐπιδεικνῦσι
490 2031 638 2066 βασιλείαν,
658 2031 797 2067 ἁλουργίδι
812 2032 835 2047 ³⁵
855 2039 973 2066 κοσμου-

184 2075 276 2110 μένην,
306 2077 353 2102 καὶ
382 2077 507 2112 στεφάνῳ
533 2076 773 2112 λαμπρυνομένην,
793 2076 840 2104 καὶ
865 2076 903 2111 τῷ
920 2077 973 2103 τῶν

181 2122 379 2157 ἀσπιδηφόρων
397 2125 420 2139 ¹⁶
437 2124 483 2150 καὶ
497 2123 654 2159 δορυφόρων
676 2124 725 2150 καὶ
740 2124 837 2160 πλήθει
852 2124 899 2151 καὶ
926 2133 972 2159 με-

182 2168 258 2202 γέθει
272 2169 488 2205 σεμνυνομένην,
502 2170 547 2196 καὶ
560 2170 641 2205 τόσην
655 2169 730 2206 [ΗΞ]
754 2170 867 2206 ἔχουσαν
894 2179 974 2206 στρα-

183 2215 244 2241 τιὰν
255 2215 289 2247 ’⁷,
306 2215 353 2242 καὶ
369 2217 538 2252 στρατηγοὺς
553 2216 708 2252 ἀριστεύειν
721 2218 749 2243 ἐν
763 2216 892 2252 πολέμοις
911 2216 975 2243 δεδι-

1014 298 1116 330 edocti,
1132 297 1177 325 alii
1191 297 1402 333 publicanorum
1414 296 1518 324 mensis
1533 294 1671 327 assistere,
1686 293 1732 321 alii
1746 297 1806 320 ten-

1014 343 1085 370 toria
1099 342 1241 370 elaborare
1260 343 1345 375 soliti,
1366 342 1526 369 divinorum
1541 340 1714 375 eloquiorum
1732 339 1807 367 illico

1014 387 1146 421 ministri,
1160 388 1369 423 coelestiumque
1381 388 1517 416 bonorum
1528 386 1732 421 dispensatores
1743 392 1807 420 pro-

1014 434 1127 467 dierint,
1142 440 1170 462 et
1185 433 1318 461 salutiferi
1337 434 1472 461 malorum
1498 432 1659 468 depulsores
1680 430 1807 465 claraque

999 479 1171 512 -luminaria,
1186 487 1241 506 non
1254 487 1337 506 unam
1351 479 1433 506 modo
1444 483 1564 514 gentem,
1579 477 1627 505 sed
1641 472 1808 512 quocunque

1015 525 1054 552 sol
1071 525 1117 552 hic
1139 533 1221 560 quem
1238 526 1378 553 cernimus
1397 525 1488 553 radios
1512 524 1602 552 fundit
1631 522 1807 550 illustrantia.

1014 569 1194 598 Admirantur
1207 576 1298 599 autem
1312 575 1340 598 et
1357 571 1511 606 suspiciunt
1523 571 1662 606 praecipue
1673 568 1807 598 universi,

1015 617 1089 652 quod
1100 617 1156 652 jam
1171 618 1273 645 mortui
1286 625 1318 645 ea
1331 625 1405 644 nunc
1416 625 1525 652 quoque
1538 620 1679 651 peragant,
1695 622 1756 650 qua:
1769 613 1809 640 vi-
1827 610 1833 647 ζ

1014 668 1111 690 ventes
1121 663 1212 690 facere
1226 663 1361 691 solebant.
1376 663 1433 690 lmo
1445 670 1511 690 vero
1535 661 1615 696 longe
1628 661 1730 696 majora
1746 662 1809 686 sunt

1015 713 1042 736 et
1056 709 1173 736 clariora
1187 717 1247 744 qua
1261 709 1295 736 ab
1312 709 1375 742 illis,
1391 713 1535 744 postquam
1551 708 1616 735 hinc
1631 707 1735 739 abiere,
1763 713 1810 740 ge-

1015 758 1057 781 sta
1079 758 1152 781 sunt.
1175 753 1244 781 Cum
1262 754 1336 782 enim
1355 761 1471 788 corpora
1493 752 1581 780 induti
1598 753 1670 780 inter
1683 750 1809 778 homines

1014 799 1208 833 versabantur,
1225 800 1307 828 modo
1320 800 1354 827 ad
1370 800 1430 840 hos,
1452 800 1535 827 modo
1557 799 1591 826 ad
1612 798 1674 825 illos
1692 796 1809 832 populos

1016 846 1194 880 accedebant,
1208 851 1236 874 et
1257 855 1331 874 nunc
1347 847 1496 879 Romanos,
1513 853 1587 873 nunc
1610 844 1745 879 Hispanos
1761 845 1809 869 aut

1015 891 1107 920 Celtas
1120 893 1344 928 alloquebantur.
1362 893 1511 927 Postquam
1533 899 1599 919 vero
1619 890 1653 918 ad
1677 889 1754 917 illum
1780 896 1809 915 se

1015 942 1180 972 receperunt
1191 946 1207 966 a
1218 946 1273 973 quo
1283 938 1358 966 missi
1370 938 1490 969 fuerant,
1503 943 1599 964 omnes
1612 935 1666 963 illis
1678 933 1809 961 continue

1016 983 1196 1018 perfruuntur
1210 993 1216 1010 :
1232 992 1288 1011 non
1303 985 1392 1012 solum
1407 983 1535 1016 Romani,
1552 983 1654 1018 quique
1671 981 1810 1008 Romano—

1016 1036 1077 1055 rum
1090 1029 1186 1064 jugum
1208 1034 1310 1062 amant,
1329 1035 1358 1057 et
1372 1029 1406 1057 ab
1429 1029 1483 1056 illis
1505 1028 1704 1064 gubernantur,
1719 1025 1767 1053 sed
1782 1028 1809 1052 et

1016 1073 1116 1106 Persa,
1142 1078 1171 1101 et
1192 1073 1310 1110 Scytha,
1327 1079 1355 1102 et
1379 1074 1545 1110 Massagetae,
1569 1078 1597 1101 et
1617 1072 1758 1103 Sarmata,
1781 1075 1810 1098 et

1016 1112 1088 1151 lndi,
1102 1122 1131 1146 et
1144 1117 1297 1155 Ethiopcs,
1319 1123 1411 1154 atque,
1428 1123 1459 1147 ut
1483 1119 1568 1147 semel
1590 1118 1690 1150 dicam,
1713 1123 1810 1144 omnes

1018 1164 1087 1192 ﬁnes
1107 1169 1198 1193 terra.
1215 1165 1319 1193 Horum
1337 1173 1456 1200 namque
1473 1166 1585 1200 scripta,
1602 1163 1736 1199 simplicia
1752 1163 1808 1194 illa.

1017 1208 1160 1246 Graeique
1175 1210 1273 1238 nitoris
1294 1210 1436 1246 expertia,
1461 1215 1519 1238 tum
1543 1218 1628 1246 pauca
1644 1217 1762 1237 numero
1782 1214 1811 1236 et

1018 1255 1125 1290 exigua,
1141 1256 1249 1284 cunctis
1265 1256 1426 1284 hominibus
1448 1256 1608 1284 charissima
1633 1260 1707 1287 sunt,
1731 1255 1810 1282 vobis

1018 1301 1150 1336 exceptis.
1166 1306 1194 1329 et
1205 1302 1228 1329 si
1241 1302 1312 1337 quis,
1325 1302 1422 1330 eadem
1435 1310 1489 1337 qua
1508 1305 1535 1329 et
1548 1309 1596 1329 vos
1610 1300 1811 1329 incredulitatis

1018 1345 1120 1372 nebula
1131 1346 1248 1379 oﬁ‘usus,
1260 1347 1385 1375 veritatis
1394 1347 1475 1383 jubar
1487 1347 1624 1382 inspicere
1635 1346 1714 1381 901
1730 1346 1809 1373 nolit.

1018 1392 1079 1419 Non
1093 1392 1182 1419 solum
1203 1396 1296 1420 autem
1311 1392 1411 1420 Graeca
1427 1392 1562 1419 facundia
1581 1395 1679 1419 ornatu
1696 1391 1703 1400 '
1717 1394 1813 1418 carent

1019 1438 1076 1470 illa,
1095 1438 1143 1465 sed
1158 1442 1186 1466 et
1203 1446 1295 1465 rerum
1313 1445 1381 1473 quas
1402 1438 1503 1465 docent
1521 1445 1553 1465 ea
1574 1441 1616 1465 est
1633 1436 1765 1469 conditio,
1782 1439 1813 1463 ut

1020 1483 1195 1518 magniﬁcum
1210 1487 1238 1511 et
1259 1483 1365 1511 illustre
1382 1483 1451 1510 nihil
1467 1483 1594 1511 habeant.
1611 1483 1668 1510 Nec
1682 1482 1756 1509 enim
1773 1481 1814 1508 vi-

1021 1528 1101 1556 sibile
1117 1529 1228 1564 aliquod
1244 1537 1357 1565 regnum
1375 1529 1558 1557 sectatoribus
1571 1528 1629 1556 suis
1645 1531 1812 1563 proponunt,

1021 1583 1144 1611 purpura
1158 1580 1296 1609 ornatum,
1312 1579 1340 1603 et
1352 1583 1454 1603 corona
1469 1575 1618 1610 refulgens.
1632 1578 1815 1602 scutatorum-

1021 1629 1075 1656 que
1092 1629 1125 1648 ac
1137 1621 1300 1656 stipatorum
1315 1629 1431 1649 numero
1445 1626 1473 1649 et
1493 1621 1680 1656 magnitudine
1694 1620 1814 1648 cireum-

1021 1671 1140 1702 septum,
1164 1671 1193 1694 et
1214 1666 1356 1702 copiosum
1378 1666 1483 1694 habens
1500 1667 1662 1700 exercitum,
1682 1674 1714 1694 ae
1731 1666 1816 1693 duces

1022 1712 1129 1739 fortiter
1152 1711 1180 1739 in
1204 1712 1278 1740 bello
1301 1720 1330 1740 se
1353 1716 1494 1748 gerentes,
1512 1712 1565 1740 alia
1587 1712 1706 1747 denique
1723 1712 1816 1740 omnia

1020 1758 1083 1793 Quae
1104 1757 1175 1785 fama
1204 1758 1326 1785 illustres
1343 1765 1516 1793 possessores
1539 1765 1604 1785 suos
1625 1757 1753 1791 elliciant,
1767 1757 1816 1785 sed

1022 1803 1180 1837 speluncam
1193 1807 1220 1829 et
1235 1810 1368 1837 praesepe,
1381 1806 1408 1829 et
1423 1803 1619 1837 pauperculam
1631 1802 1775 1838 virginem,
1789 1806 1817 1829 et

1023 1849 1099 1876 tenui
1117 1848 1201 1876 fascia
1224 1848 1384 1876 obvolutum
1402 1848 1566 1875 infantulum
1591 1848 1637 1876 illo
1654 1848 1681 1875 in
1702 1848 1815 1883 prasepi

1024 1892 1198 1925 reclinatum,
1212 1895 1239 1919 et
1252 1891 1394 1926 oppidum,
1405 1892 1432 1918 in
1443 1899 1497 1926 quo
1512 1891 1569 1919 haec
1584 1897 1659 1927 gesta
1673 1897 1747 1924 sunt,
1765 1901 1816 1928 pu-

1024 1938 1115 1964 sillum
1139 1942 1167 1965 et
1187 1937 1321 1972 ignobile;
1339 1937 1489 1965 crescentis
1507 1937 1601 1965 adhac
1619 1937 1731 1965 infantis
1748 1947 1816 1973 pau—

1023 1987 1168 2018 pertatem,
1182 1987 1210 2010 et
1223 1983 1334 2016 famem,
1351 1987 1378 2010 et
1392 1983 1476 2016 sitim,
1492 1987 1519 2010 et
1534 1984 1692 2019 languorem
1706 1984 1739 2012 de
1753 1985 1795 2012 via
1808 1994 1815 2017 ;

1023 2033 1052 2056 et
1064 2032 1126 2064 post
1138 2028 1196 2056 hac
1208 2029 1362 2064 passionem
1377 2028 1411 2056 ab
1424 2029 1552 2057 omnibus
1565 2029 1748 2063 decantatam,
1763 2031 1818 2058 ala-

1024 2082 1072 2110 pas
1084 2075 1113 2101 in
1124 2075 1262 2102 maxillam
1276 2074 1410 2107 incussas,
1424 2079 1500 2110 terga
1512 2074 1605 2110 ﬂagris
1618 2075 1742 2109 discissa,
1756 2085 1818 2104 cru-

1024 2129 1094 2153 cem,
1116 2121 1217 2152 clavos,
1234 2119 1280 2153 fel,
1297 2125 1417 2153 acetum,
1434 2125 1561 2148 mortem.
1580 2121 1614 2148 Et
1636 2126 1738 2155 tamen,
1755 2130 1818 2150 cum

1025 2167 1084 2195 haec
1105 2172 1133 2194 et
1158 2167 1202 2194 his
1223 2166 1322 2194 similia
1345 2169 1460 2194 narrent
1485 2167 1673 2202 apostolorum
1698 2168 1816 2203 scriptal

1026 2213 1107 2241 ﬁdem
1135 2213 1261 2240 fecerunt
1288 2212 1396 2240 cunctis
1424 2212 1600 2246 hominibus,
1626 2214 1674 2241 Dei
1701 2214 1816 2246 Filium,

183 2260 344 2295 δαγμένους,
363 2262 410 2288 καὶ
428 2261 512 2288 τάλλα
535 2262 585 2289 ὅσα
603 2262 824 2298 πολυθρυλήτους
847 2264 909 2295 τοὺς
927 2272 968 2290 χες

1028 2260 1170 2294 Deumque
1185 2261 1248 2286 ante
1268 2258 1366 2285 saeula
1381 2258 1514 2293 genitum,
1531 2263 1559 2286 et
1576 2259 1708 2287 factorem
1724 2268 1819 2288 rerum

184 2307 337 2342 κτημένους
360 2309 447 2334 ποιεῖ·
467 2308 535 2335 ἀλλὰ
558 2309 698 2344 σπήλαιον,
717 2309 763 2336 καὶ
787 2308 902 2345 φάτνην,
929 2310 975 2336 καὶ

185 2353 319 2389 παρθένον
335 2354 471 2389 χερνῆτιν,
495 2355 541 2380 καὶ
555 2354 656 2390 βρέφος
674 2355 793 2382 εὐτελέσι
809 2355 975 2391 σπαργάνοις

186 2398 358 2434 ἐνειλημένον
368 2399 402 2432 ’⁸,
417 2399 465 2426 καὶ
489 2400 533 2426 ἐπὶ
547 2400 627 2434 κενῆς
638 2401 661 2416 ¹⁹
682 2400 847 2436 ἐρριμμένον
861 2401 910 2436 τῆς
926 2401 976 2436 φά-

185 2453 260 2478 τνης,
286 2445 334 2472 καὶ
359 2445 458 2480 χωρίον
483 2445 576 2478 ἄδοξον
596 2446 642 2472 καὶ
668 2446 782 2481 σμικρὸν
802 2447 830 2472 ἐν
847 2443 869 2480 ᾧ
890 2446 976 2473 ταῦτα

185 2491 304 2524 ἐγένετο,
336 2493 382 2518 καὶ
407 2489 439 2518 αὖ
471 2492 553 2519 πάλιν
576 2492 671 2520 πενίαν
697 2493 859 2528 αὐξηοέντος
876 2493 899 2508 ³⁰
929 2493 976 2520 τοῦ

188 2537 314 2572 βρέφους,
334 2539 381 2564 καὶ
402 2539 497 2565 πεῖναν
511 2539 544 2571 ⁸¹,
560 2539 606 2565 καὶ
620 2538 705 2573 δίψος,
730 2539 776 2565 καὶ
796 2539 841 2565 τὸν
864 2538 893 2572 ἐξ
909 2539 978 2565 ὁδοι-

187 2583 284 2619 πορίας
298 2584 388 2618 πόνον,
407 2585 456 2612 καὶ
474 2584 542 2620 μετὰ
559 2584 645 2611 ταῦτα
660 2585 691 2611 τὸ
703 2578 779 2620 ¹παρὰ
795 2585 903 2612 πάντων
916 2584 977 2620 ᾀδό-

1029 2305 1152 2332 omnium
1164 2309 1246 2340 atque
1263 2304 1389 2339 opiﬁcem
1403 2311 1474 2336 esse,
1491 2305 1538 2339 qui
1553 2305 1700 2332 humanam
1715 2314 1820 2333 assum-

1029 2351 1082 2386 psit
1095 2355 1233 2384 naturam,
1249 2359 1298 2386 per
1322 2358 1437 2386 eamque
1454 2351 1567 2378 humani
1584 2353 1691 2387 generis
1705 2353 1820 2381 salutem

1030 2401 1158 2432 operatus
1174 2402 1226 2424 est.
1245 2396 1340 2431 Neque
1363 2404 1429 2424 vero
1450 2397 1612 2432 simpliciter
1637 2398 1719 2426 ﬁdem
1745 2399 1820 2427 fece-

1030 2447 1104 2475 runt,
1119 2443 1167 2470 sed
1180 2446 1282 2470 tantam
1297 2442 1378 2470 ﬁdem
1392 2443 1520 2478 plurimis
1533 2443 1692 2476 inﬁxerunt,
1707 2449 1736 2471 ut
1749 2453 1821 2473 mor-

1030 2494 1085 2518 tem
1102 2498 1152 2525 pro
1162 2489 1206 2517 his
1216 2489 1350 2525 dogmatis
1366 2488 1547 2516 libentissime
1556 2489 1637 2524 902
1647 2494 1819 2525 oppeterent,

1029 2545 1117 2572 eaque
1140 2535 1255 2563 inﬁciari
1277 2535 1438 2571 iubentibus
1460 2535 1568 2570 linguas
1585 2535 1697 2563 minime
1720 2536 1820 2571 prode-

1030 2587 1102 2615 rent,
1114 2583 1162 2611 sed
1174 2581 1267 2618 ﬂagris
1277 2582 1406 2609 humeros
1417 2582 1522 2609 cadere
1534 2582 1701 2615 volentibus,
1715 2587 1743 2609 et
1755 2583 1822 2610 lam-

841 2641 960 2669 νΑῆιιΕ
981 2640 1181 2668 LEGTIONES.

225 2702 245 2717 "
264 2701 445 2737 προσενέγκῃ.
464 2700 642 2737 προσενέγκαι
664 2699 888 2737 Βῌπροσενέγκει
908 2701 940 2737 C.

994 2700 1015 2716 “‘
1029 2698 1258 2735 ἐπεμφοροῦνται.
1275 2697 1458 2735 ἐμφοροῦνται
1473 2697 1572 2735 B,_Va;
1602 2698 1643 2735 __"
1659 2698 1820 2735 διατελοῦσι.

187 2731 329 2763 διατελῶσι
343 2735 373 2763 C.
387 2731 475 2771 supra
487 2731 519 2763 ὀἱ
534 2731 672 2771 ἄνθρωποι
686 2731 737 2763 νὺξ
759 2736 781 2751 ¹⁰
798 2731 890 2771 ὃτίδή.
904 2736 944 2763 ὅτι
959 2744 989 2770 γε
1006 2735 1036 2767 Β,
1050 2731 1152 2771 v5.1
1166 2731 1324 2771 φανότατοιζ
1338 2731 1498 2771 (ῥανώτατοε
1507 2731 1537 2764 Β,
1552 2732 1582 2760 C.
1602 2732 1662 2760 Mox
1677 2733 1705 2759 δὲ
1719 2742 1774 2761 om.
1789 2735 1822 2762 C.

188 2772 209 2787 π
231 2772 245 2798 ὁ
260 2771 407 2806 ὁρώμενος.
426 2770 447 2798 ο
463 2779 518 2799 om.
539 2771 570 2800 B.
587 2770 639 2799 Va.

190 2918 248 2945 νην.
264 2914 357 2939 πεῖναν
373 2912 402 2940 Β.

691 2772 713 2786 ¹¹
726 2771 773 2797 καὶ
797 2768 1032 2806 θαυμάζουσιόιη.
1048 2770 1098 2797 Vb.
1111 2805 1114 2806 ν
1128 2770 1188 2797 Mox
1204 2768 1331 2806 είὼθασιν
1346 2768 1395 2806 Ea.

189 2807 211 2822 “‘
229 2803 376 2841 ἁλουργίδι.
395 2807 550 2841 ἀλουργίδος
561 2806 592 2834 C.
632 2807 655 2822 ²⁶
666 2806 704 2841 τῷ
735 2806 789 2832 τῶν
812 2803 1008 2841 ἀσπιδιφόρων.
1034 2806 1065 2831 τὸ
1081 2805 1135 2831 τῶν
1150 2804 1340 2841 ἀσπιδοφόρων
1355 2803 1384 2830 Β.

190 2842 212 2856 ’κ
239 2837 426 2877 εὐτέλέςίένι
450 2837 615 2877 σπαργάνοις
644 2837 825 2876 ἐνείλημένον.
848 2837 967 2868 εὐτελέσι
1002 2841 1167 2877 σπαργάνοις
1193 2837 1437 2877 ἐνελιλημμένον.“11
1466 2837 1506 2877 [ἐν

190 2885 232 2901 νς)
248 2877 318 2910 conj.
340 2872 467 2904 Ursinus.
507 2872 703 2912 Wén‘éxeivng.
723 2872 770 2903 ἐπὶ
792 2876 873 2912 κενῆς
889 2877 917 2903 Β.
958 2878 979 2892 ³⁸
995 2872 1196 2911 ἐναυξηθέντος.
1213 2872 1376 2911 αὐξηθέντος
1393 2873 1422 2909 ΔΒ
1439 2872 1517 2900 πενία
1536 2872 1625 2905 ἐνάυξ.
1643 2874 1674 2902 C.

1435 2767 1471 2818 ’ξι
1487 2767 1556 2802 ἔχων
1572 2775 1714 2818 suprascr.
1736 2777 1767 2818 rp.

1474 2803 1612 2873 στρατιάν.
1632 2803 1776 2839 στρατείαν
1790 2804 1820 2832 C.

1474 2838 1517 2899 ἕῖα
1536 2837 1822 2899 ἓῦἓξλεῗδαῗνείέξμπὲῗὶ

1764 2882 1796 2900 πε
1801 2882 1822 2899 ι-
