1965 3051
310 155 378 189 1οΞ3

796 155 1049 190 ΤΗΕΟΒΟΒΕΤΓ
1056 153 1226 189 EPISCOPI
1246 157 1428 189 CYRENSIS

1857 155 1931 188 ιοει

308 218 382 240 sorte
394 213 533 246 fruuntur,
546 217 574 241 et
588 222 604 242 a
617 214 724 242 cunctis
733 213 892 242 hominibus
900 214 1006 243 honore
1016 222 1089 242 nunc

1143 214 1218 249 μόνοι
1240 214 1360 250 μείζονες
1378 213 1412 240 ⁷⁸.
1428 209 1466 240 06
1482 211 1514 247 δὴ
1538 212 1631 239 εἵνεκα
1650 211 1698 238 καὶ
1715 211 1837 246 μείζονος
1855 212 1928 239 ἀπο-

307 258 472 292 adiciuntur,
490 259 714 294 immortalesque
731 267 845 288 coronas
855 264 1024 295 exspectant.
1039 260 1092 287 He-

306 304 395 332 racliti
411 312 477 332 vero
497 305 600 332 dictum
614 305 682 332 illud
698 305 777 333 valde
794 305 935 333 admiror:
957 315 966 331 ι
982 306 1091 334 Mancre

307 349 458 376 morientes
473 349 600 377 homines
612 358 644 377 ea
665 358 726 385 qua:
748 358 836 386 neque
859 355 979 386 sperant,
1002 359 1091 386 neque

305 399 476 428 exspectant.
496 404 506 420 ι
526 395 604 428 Quod
620 400 711 424 autem
724 401 883 424 sanctorum
898 396 995 424 anima:
1006 396 1092 424 beata!

306 439 370 466 vitae
382 444 483 467 statum
494 442 503 451 '
514 441 748 476 jucundissimum
766 443 918 475 obtineant,
933 443 1009 470 Plato
1021 450 1091 477 quo-

305 493 358 520 que
383 486 411 512 in
437 486 568 513 Phazdone
589 487 719 514 ostendit.
744 487 788 514 Ait
804 488 878 515 enim
902 488 940 523 (p.
957 488 1008 515 ΗΔ
1027 488 1058 521 Β)
1083 497 1090 516 :

309 540 318 556 ι
335 531 386 564 Qui
403 536 495 559 autem
510 532 561 560 visi
577 532 679 560 fuerint
690 534 753 560 vita:
766 533 909 561 sanctitate
919 542 974 569 prae
985 533 1091 561 caeteris

305 577 407 611 egregii
420 577 516 610 fuisse,
532 578 560 605 hi
574 582 637 605 sunt
647 578 694 613 qui
707 579 824 607 terrenis
835 580 913 607 malis
926 579 1009 607 veluti
1024 587 1091 615 quo-

305 623 368 649 dam
391 630 501 651 carcere
522 624 687 657 liberantur,
704 625 737 652 ad
758 633 904 660 supernam
917 633 983 653 vero
992 632 1090 660 puram

306 667 379 695 illam
401 669 599 697 habitationem
628 671 802 705 perveniunt.
819 680 829 696 ι
856 671 940 698 Paulo
961 675 1022 706 post
1034 671 1092 698 hwc

305 714 382 742 addit
402 724 408 740 :
433 725 442 740 ι
461 715 501 742 Ad
527 715 683 743 habitacula
709 724 775 744 vero
800 716 887 744 multo
914 716 956 743 his
981 723 1090 751 quoque

304 761 463 796 pulchriora
489 763 653 796 perveniunt
673 771 679 789 :
708 770 769 797 quae
784 769 873 797 neque
891 762 970 789 facile
983 762 1091 789 ostendi

304 810 430 840 possunt,
460 815 550 841 neque
573 807 608 834 ad
633 808 691 835 haec
716 808 875 842 explicanda
890 815 964 834 nunc
984 811 1092 842 tempus

304 851 395 878 datur.
412 861 421 877 ι
446 851 486 879 Ne
507 853 569 887 quis
582 860 646 880 vero
659 853 718 880 bare
728 852 852 885 audiens,
868 851 1006 880 desiderio
1017 852 1090 879 illius

304 896 404 924 divina:
425 896 489 923 vita:
511 896 594 932 914
614 904 755 930 accensus,
777 905 885 932 aequum
910 901 1089 932 sanctumque

303 941 483 974 existimaret,
510 942 645 969 violentas
674 942 727 970 sibi
754 950 851 969 manus
879 943 1034 974 inferendo,
1061 950 1090 970 se

304 987 393 1021 ipsum
416 986 449 1014 de
467 987 519 1014 hac
530 987 585 1014 vita
597 988 753 1019 extrudere,
770 987 967 1014 convenienter
985 987 1091 1014 addidit

305 1033 344 1068 (p.
362 1032 434 1068 62B)
446 1042 452 1059 :
470 1042 479 1058 ι
493 1032 573 1061 Nefas
583 1038 625 1061 est
638 1038 730 1061 autem
745 1041 804 1061 sese
818 1041 983 1068 quemquam
991 1033 1025 1060 dc
1038 1033 1091 1060 hoc

304 1077 410 1105 solvere
427 1078 593 1111 habitaculo,
609 1079 755 1114 fugamque
770 1079 835 1106 hinc
848 1079 982 1114 arripere,
998 1082 1089 1113 atque,

302 1127 335 1150 ut
354 1124 450 1159 paucis
460 1124 561 1157 dicam,
576 1125 675 1152 malam
687 1132 748 1152 esse
757 1125 899 1152 materiam
924 1125 1062 1152 arbitrari.
1079 1135 1087 1150 ι

303 1169 350 1196 Ait
363 1177 429 1196 vero
440 1177 520 1205 posse
534 1171 665 1203 animam,
679 1177 743 1197 cum
754 1170 788 1197 ad
803 1170 920 1205 seipsam
933 1178 963 1197 se
979 1178 1091 1205 recepe-

304 1215 350 1248 rit,
374 1223 468 1243 veram
493 1216 624 1251 consequi
650 1216 824 1252 sapientiam,
837 1217 1024 1251 majoremque
1041 1217 1092 1243 hu-

304 1268 384 1288 mana
401 1261 457 1288 vim
473 1265 502 1289 et
520 1261 689 1294 facultatem,
705 1261 815 1296 quando
840 1269 917 1289 amor
941 1262 1006 1288 hinc
1030 1269 1090 1289 eam

304 1306 450 1333 subvolare
466 1306 572 1338 fecerit,
588 1314 638 1341 per
658 1307 876 1341 philosophicam
891 1306 975 1333 vitam
987 1307 1020 1333 ad
1037 1311 1092 1334 ter-

302 1352 409 1379 minum
419 1359 475 1380 suae
485 1351 544 1386 spei
556 1352 717 1387 profectam,
729 1353 778 1380 ubi
791 1352 904 1379 alterius
916 1352 979 1379 vita;
989 1352 1090 1387 sempi-

303 1400 388 1424 ternae
403 1396 570 1431 principium
586 1397 687 1431 capiat.
705 1397 866 1432 Rursusque
883 1396 911 1423 in
922 1396 1019 1424 eodem
1032 1397 1091 1424 dia-

302 1443 365 1477 logo
376 1442 444 1470 dicit
456 1440 506 1477 (l),
527 1451 536 1467 ι
549 1441 658 1477 Optima
672 1442 783 1476 quidem
797 1450 860 1470 cum
871 1450 919 1477 spe
932 1443 1017 1470 bonas
1028 1442 1092 1470 hinc

302 1489 408 1516 animas
421 1488 557 1524 proﬁcisci
572 1497 577 1514 :
591 1492 619 1515 at
631 1487 679 1522 qui
689 1487 754 1515 mali
766 1491 840 1520 sunt,
851 1487 980 1522 pessima,
991 1487 1090 1522 inquit,

302 1542 367 1563 cum
382 1542 431 1570 spe
442 1534 549 1562 vivunt.
566 1543 575 1559 I
595 1533 668 1560 Idem
680 1541 790 1568 quoque
803 1533 1003 1568 philosophiam
1018 1541 1092 1560 mor—
1105 1544 1128 1575 ο

303 1582 340 1610 tis
351 1581 557 1608 meditationem
570 1587 630 1606 esse
641 1579 710 1606 dixit
724 1580 762 1614 (p.
789 1579 823 1606 64
843 1578 887 1614 Α).
912 1588 921 1604 ι
938 1578 991 1612 Qui
1006 1584 1090 1612 recte,

302 1626 403 1662 inquit.
415 1623 617 1660 philosophiam
634 1623 782 1659 attingunt,
796 1624 824 1651 in
837 1631 872 1651 eo
880 1628 944 1652 sunt
959 1628 990 1651 ut
1003 1625 1092 1652 homi-

302 1679 354 1699 nes
368 1671 436 1698 alios
452 1671 572 1697 lateant:
585 1669 808 1704 quandoquidem
820 1669 888 1696 nihil
898 1669 972 1697 aliud
983 1675 1090 1703 curant,

303 1717 481 1750 studentque,
498 1715 550 1742 nisi
572 1719 602 1742 ut
609 1714 772 1747 moriantur,
782 1715 938 1750 mortuique
943 1716 998 1750 jam
1007 1715 1087 1743 sint.»

303 1763 367 1791 Haec
392 1763 484 1797 itaque
507 1761 599 1788 omnia
611 1760 639 1788 in
651 1760 781 1788 Phaedone
796 1761 925 1796 scripsit:
941 1762 970 1788 in
983 1761 1091 1789 decimo

303 1813 395 1836 autem
419 1807 577 1843 Reipublicw
596 1807 669 1834 libro
695 1807 735 1834 sic
757 1806 882 1841 loquitur
905 1806 943 1842 (p.
965 1806 1017 1833 468
1033 1806 1088 1840 E):

306 1865 317 1879 c
335 1855 374 1881 Ex
384 1854 418 1880 iis
428 1857 518 1880 autem
531 1852 577 1886 qni
593 1852 620 1878 in
633 1851 856 1886 expeditionibus
868 1852 1018 1886 perierunt,
1029 1852 1091 1886 qui-

303 1906 413 1934 cunque
428 1898 554 1925 laudatus
570 1897 687 1928 interiit,
703 1905 795 1925 nonne
812 1897 933 1932 primum
949 1897 1025 1924 aurei
1043 1905 1090 1932 ge-

303 1945 378 1972 neris
412 1951 472 1971 esse
497 1942 644 1970 dicemus?
669 1942 796 1969 Omnino.
816 1951 825 1967 ι
862 1941 1002 1977 Pauloque
1029 1946 1091 1977 post

305 1990 343 2026 (p.
368 1990 420 2016 469
447 1989 481 2023 A)
505 1996 512 2015 :
531 1998 540 2013 ι
555 1987 625 2020 Quid
650 1987 763 2014 autem?
779 1995 871 2014 annon
894 1987 922 2014 in
938 1991 1088 2022 posterum,

302 2035 416 2071 perinde
433 2042 466 2062 ac
482 2034 504 2062 si
520 2033 659 2061 dmmones
675 2033 713 2060 illi
729 2033 793 2060 facti
812 2032 926 2065 fuerint.
942 2033 982 2060 sic
992 2040 1089 2060 eorum

303 2082 426 2109 colemus
442 2080 579 2115 sepulcra,
595 2084 622 2107 et
634 2079 809 2106 adorabimus
820 2079 832 2105 ’ί
845 2079 973 2113 idemque
987 2079 1091 2108 facien-

303 2126 369 2153 dum
385 2125 614 2156 existimabimus,
638 2124 721 2152 etiam
745 2132 809 2152 cum
835 2125 914 2152 senio
941 2125 1088 2159 quispiam,

302 2171 385 2208 915
399 2172 442 2198 vel
459 2171 513 2198 alio
527 2171 609 2198 modo
619 2170 730 2202 obierit,
747 2178 781 2197 ex
792 2170 826 2197 iis
840 2171 888 2205 qui
904 2171 931 2197 in
944 2171 999 2197 vita
1011 2179 1090 2206 egre-

1140 259 1252 286 λαύουσι
1268 260 1376 295 μοίρας,
1390 258 1438 286 καὶ
1449 258 1496 285 νῦν
1510 258 1541 284 τδ
1560 257 1635 293 παρὰ
1648 257 1757 284 πάντων
1773 256 1931 292 ἀνθρώτων

1141 305 1318 340 κομιζόμενοι
1334 306 1356 321 ⁷⁸
1375 305 1470 340 γέρας,
1489 304 1536 331 καὶ
1550 304 1612 336 τοὺς
1628 304 1754 336 αἰωνίους
1778 303 1932 338 στεφάνους

1141 351 1350 386 ⁴προσμένοντες.
1372 351 1476 378 Ἐκεῖνο
1490 350 1519 376 δὲ
1540 350 1586 377 τοῦ
1607 349 1782 386 Ἡρακλείτου
1808 351 1881 385 μάλα
1903 350 1931 366 ⁸⁸

1141 395 1217 432 [H8]
1238 395 1386 430 θαυμάζω,
1404 395 1444 422 ὅτι
1460 404 1469 421 ι
1489 395 1572 422 Μένει
1585 395 1648 426 τοὺς
1667 394 1825 430 ἀνθρώπους
1858 396 1933 422 ἀπο-

1143 441 1309 477 θνήσκοντας
1330 442 1380 468 ὅσα
1396 441 1446 468 οὐκ
1466 441 1590 468 ἔλπονται
1607 441 1668 467 οὐδὲ
1687 441 1818 467 δοκέουσι.
1841 450 1850 465 ι
1865 441 1933 467 Ὀτι

1140 487 1169 515 δὲ
1185 488 1232 514 καὶ
1252 488 1327 519 θείας
1346 487 1447 523 λήξεως
1464 487 1647 514 ἀπολαύουσιν
1663 487 1692 514 σί
1707 487 1763 513 τῶν
1776 487 1856 513 ὁσίων
1876 487 1934 522 ψυ-

1141 534 1197 569 χαὶ,
1213 533 1259 560 καὶ
1275 534 1289 560 ὁ
1307 534 1418 561 Πλάτων
1431 534 1580 568 δεδήλωκεν
1593 534 1621 560 ὲν
1634 533 1671 568 τῷ
1687 533 1823 565 Φαίδωνι,
1839 532 1932 566 λέγων

1140 577 1205 607 ὦδε·
1227 588 1237 605 ι
1265 580 1296 606 Οἳ
1320 579 1348 605 δὲ
1367 579 1399 614 δὴ
1427 579 1460 605 ἂν
1475 578 1572 612 δόξωσι
1597 579 1779 614 διαφερόντως
1802 578 1872 613 πρὸς
1899 578 1932 604 τὸ

1141 625 1222 656 ὁσίως
1244 623 1337 659 βιῶναι
1354 623 1374 639 ¹¹
1393 624 1601 659 προκεκρίσθαι,
1618 621 1691 651 οὗτοί
1706 625 1776 650 εἰσιν
1793 624 1818 650 οί
1840 623 1929 650 τῶνδε

1143 671 1193 706 μὲν
1204 670 1257 696 τῶν
1274 670 1302 696 ὲν
1313 671 1346 705 τῇ
1363 670 1399 705 γῇ
1418 669 1443 685 ³¹
1460 670 1697 704 ἀπαλλαττόμενοι
1714 669 1808 705 ὥσπερ
1823 669 1931 704 δεσμω-

1140 715 1248 751 τηρίου,
1267 716 1323 743 ἀνω
1337 715 1366 743 δὲ
1380 716 1420 747 είς
1438 715 1561 751 καθαρὰν
1575 716 1682 751 οῐκησιν
1695 716 1901 750 ἀφικνούμενοι.
1918 725 1928 740 ι

1141 761 1324 796 Προστέθεικε
1351 761 1380 787 δὲ
1405 761 1462 796 μετ’
1484 761 1562 794 ὀλίγα
1587 755 1636 787 καὶ
1653 760 1759 787 ταῦτα’
1786 769 1795 786 ι
1815 760 1870 786 Καὶ
1890 761 1933 791 εἰς

1141 807 1262 840 οἰκήσεις
1276 805 1315 832 ἔτι
1335 805 1438 832 τούτων
1456 805 1582 836 καλλίους
1603 805 1798 840 ἀφικνοῦνται,
1819 804 1852 835 ἃς
1866 804 1934 830 οὒτε

1143 853 1232 888 ῥᾴδιον
1243 852 1374 887 δηλῶσαι,
1385 851 1446 878 οὔτε
1457 853 1471 878 ό
1484 852 1578 887 χρόνος
1587 852 1676 883 ἱκανὸς
1685 852 1714 877 ἐν
1727 851 1766 886 τῷ
1776 851 1902 884 παρόντι.
1920 859 1931 876 ι

1144 899 1202 925 Ἰνα
1215 899 1243 925 δὲ
1260 899 1296 935 μή
1308 908 1350 931 τις
1363 899 1466 925 τούτων
1480 898 1600 929 ἀκούσας
1611 897 1657 924 καὶ
1673 897 1722 932 τῆς
1733 897 1810 928 θείας
1822 896 1934 931 ἐκείνης

1141 944 1279 979 διαγωγῆς
1297 945 1424 979 ἐρασθεὶς
1453 944 1550 978 εὐαγὲς
1568 943 1697 971 ὑπολάϐοι
1711 943 1734 959 ’³³
1758 943 1788 969 τὺ
1807 943 1851 978 βία
1878 943 1934 970 τινὶ

1141 991 1188 1018 καὶ
1205 990 1311 1026 ἀνάγκῃ
1331 990 1426 1017 ἑαυτὸν
1442 989 1567 1017 ἐντεῦθεν
1591 989 1746 1023 ἐξαγαγεῖν,
1772 989 1935 1023 ἀναγκαίως

1142 1036 1299 1071 ἐπήγαγεν·
1320 1046 1330 1061 ι
1357 1036 1394 1062 Οὐ
1411 1036 1452 1062 δεῖ
1472 1036 1495 1062 δ’
1515 1035 1612 1062 ἑαυτὸν
1634 1035 1658 1050 ⁸⁸
1674 1035 1706 1062 ἐκ
1725 1035 1827 1070 ταύτης
1843 1034 1934 1067 λύειν,

1141 1081 1202 1108 οὐδὲ
1222 1081 1430 1116 ἀποδιδράσκειν
1443 1101 1451 1113 ,
1467 1081 1515 1107 καὶ
1528 1080 1665 1113 ξυνελόντι
1680 1081 1768 1106 εἰπεῖν
1782 1079 1872 1114 κακὴν
1887 1079 1937 1105 λο-

1141 1126 1265 1161 γίζεσθαι
1288 1127 1338 1161 τὴν
1360 1126 1436 1162 ὕλην.
1469 1136 1478 1152 ι
1503 1126 1584 1160 Λέγει
1606 1126 1634 1152 δὲ
1652 1126 1699 1152 καὶ
1716 1125 1753 1156 ὡς
1771 1125 1841 1160 αὑτὴ
1868 1125 1936 1150 καθ’

1142 1172 1226 1207 αὐτὴν
1253 1172 1275 1188 ⁸⁸
1299 1172 1316 1206 ἡ
1339 1171 1412 1206 ψυχὴ
1438 1171 1571 1206 γενομένη
1591 1170 1701 1198 δύναται
1727 1171 1776 1205 τῆς
1799 1169 1937 1205 ἀληθινῆς

1144 1217 1241 1252 σοφίας
1268 1217 1315 1244 καὶ
1339 1217 1494 1252 κρείττονος
1516 1216 1566 1251 τῆς
1588 1215 1761 1251 ἀνθρωπίνης
1787 1215 1937 1249 δυνάμεως

1144 1263 1323 1299 μεταλαϐεῖν.
1337 1264 1402 1290 ὅταν
1421 1263 1505 1298 αὐτὴν
1518 1263 1532 1288 ὸ
1557 1262 1662 1289 ἐνθένδε
1677 1261 1748 1297 ἔρως
1765 1262 1804 1293 είς
1816 1262 1937 1296 οὐρανὸν

1142 1308 1270 1344 πτερώσῃ
1288 1307 1311 1324 ⁸⁸
1330 1308 1375 1334 διὰ
1391 1308 1441 1340 τῆς
1466 1307 1614 1342 φιλοσόφου
1637 1306 1752 1341 ἀγωγῆς
1771 1307 1811 1338 είς
1828 1307 1858 1333 τὺ
1879 1308 1937 1340 τῆς

1142 1353 1249 1383 ἐλπίδος
1259 1353 1335 1385 τέλος
1345 1353 1522 1389 ἀφικομένην,
1539 1352 1620 1380 ἄλλου
1636 1352 1694 1387 βίου
1709 1351 1794 1378 ἀϊδίου
1804 1351 1827 1367 ’⁸⁷
1840 1351 1934 1386 ἀρχὴν

1141 1398 1341 1434 λαμσάνουσαν.
1359 1399 1414 1425 Καὶ
1429 1397 1507 1430 αὖθις
1524 1399 1553 1424 ὲν
1568 1398 1606 1433 τῷ
1619 1397 1695 1433 αὐτῷ
1707 1397 1825 1431 διαλόγῳ
1840 1397 1911 1431 φησί
1925 1405 1934 1412 ·

1145 1454 1155 1470 ι
1174 1445 1250 1472 Μετὰ
1265 1444 1371 1479 ἀγαθῆς
1382 1444 1431 1479 μὲν
1443 1444 1549 1475 ἐλπίδος
1557 1444 1607 1475 τὰς
1617 1443 1704 1475 καλὰς
1716 1442 1807 1478 ψυχὰς
1823 1442 1935 1469 ἐνθένδε

1142 1489 1268 1517 ἀπιέναι·
1290 1490 1316 1516 οί
1332 1490 1445 1525 πονηροὶ
1467 1489 1490 1506 ³⁸
1512 1489 1541 1515 δὲ
1554 1488 1639 1521 ζῶσι,
1654 1489 1722 1524 φησὶ
1734 1508 1741 1519 .
1757 1488 1827 1524 μετὰ
1840 1489 1935 1524 κακῆς

1143 1534 1258 1566 ἐλπίδος.
1278 1543 1288 1560 ›
1309 1531 1393 1566 Οὗτος
1407 1534 1454 1561 καὶ
1467 1534 1517 1569 τὴν
1538 1533 1698 1569 φιλοσοφίαν
1713 1533 1830 1560 θανάτου
1849 1534 1935 1568 μελέ-

1142 1589 1192 1615 την
1212 1580 1336 1608 ικάλεσε.
1350 1589 1359 1606 ι
1379 1579 1571 1607 Κινδυνεύουσι
1589 1579 1661 1615 γὰρ,
1676 1579 1768 1614 φησὶν,
1789 1579 1846 1605 ὅσοι
1864 1587 1935 1613 τυγ-

1142 1627 1268 1662 χάνουσιν
1284 1625 1372 1661 ὀρθῶς
1387 1626 1535 1660 ἁπτόμενοι
1560 1625 1720 1660 φιλοσοφίας
1739 1625 1772 1656 ³⁸,
1788 1624 1935 1658 λεληθέναι

1141 1672 1204 1703 τοὺς
1217 1671 1313 1702 ἀλλους
1324 1672 1365 1698 ὅτι
1377 1671 1441 1699 ἄλλο
1457 1671 1532 1697 οὐδὲν
1547 1671 1570 1686 νο
1582 1670 1786 1705 ἐπιτηδεύουσιν
1802 1670 1879 1697 αὐτοὶ
1889 1691 1897 1703 ,
1915 1670 1934 1705 ἢ

1141 1716 1323 1752 ἀποθνήσκειν
1335 1717 1381 1743 καὶ
1394 1717 1416 1733 ⁹¹
1427 1715 1563 1743 τεθνάναι.
1577 1725 1585 1740 ι
1601 1715 1693 1742 Ταῦτα
1706 1715 1754 1750 μὲν
1765 1713 1811 1741 οὖν
1822 1714 1934 1742 ἅπαντα

1141 1763 1170 1790 ὲν
1186 1762 1224 1797 τῷ
1237 1762 1364 1789 Φαίδωνι
1383 1762 1521 1797 γέγραφεν
1532 1770 1538 1777 ·
1553 1763 1582 1787 ὲν
1597 1761 1626 1787 δὲ
1639 1760 1678 1796 τῷ
1694 1760 1800 1796 δεκάτῳ
1814 1761 1863 1795 τῆς
1877 1762 1933 1786 Πο-

1140 1809 1253 1842 λιτείας
1267 1808 1339 1835 οὕτω
1356 1808 1436 1843 φησί·
1450 1817 1459 1834 ι
1479 1808 1538 1834 Τῶν
1552 1807 1581 1834 δὲ
1595 1807 1627 1841 δὴ
1638 1807 1828 1834 ἀποθανόντων
1845 1807 1891 1833 ἐπὶ
1907 1807 1933 1823 θ’

1142 1853 1286 1888 στρατείας
1302 1853 1336 1885 ⁸³,
1357 1853 1386 1884 ὃς
1403 1853 1436 1879 ἂν
1459 1853 1644 1887 εὐδοκιμήσας
1664 1851 1824 1887 τελευτήσῃ,
1838 1849 1883 1886 ἆρ’
1899 1852 1932 1878 οὐ

1141 1899 1250 1934 πρῶτον
1267 1899 1316 1933 μὲν
1328 1898 1374 1924 τοῦ
1390 1897 1491 1933 χρυσοῦ
1510 1898 1604 1932 γένους
1616 1895 1686 1924 εἶναι
1701 1898 1841 1932 φήσομεν;
1858 1898 1933 1924 Πάν-

1140 1952 1193 1970 των
1211 1943 1337 1978 μάλιστα.
1359 1952 1368 1968 ι
1389 1942 1443 1969 Καὶ
1458 1942 1516 1977 μετ’
1530 1942 1623 1976 ὀλίγα·
1639 1951 1648 1968 ι
1670 1942 1702 1968 Τί
1713 1942 1741 1969 δέ
1759 1942 1799 1975 ⁹⁵;
1815 1942 1846 1968 οὐ
1864 1942 1931 1976 μὲλ-

1140 1988 1222 2024 λομεν
1248 1988 1294 2015 τὸν
1311 1988 1403 2014 λοιπὸν
1427 1988 1533 2023 χρόνον,
1556 1988 1594 2019 ὡς
1615 1987 1745 2022 δαίμονας
1772 1987 1931 2022 γεγονότας,

1140 2034 1211 2061 οὕτω
1222 2033 1386 2070 θεραπεύειν
1397 2042 1428 2060 τε
1439 2033 1486 2060 καὶ
1496 2035 1660 2068 προσκυνεῖν
1669 2033 1758 2060 αὐτῶν
1767 2033 1816 2065 τὰς
1827 2032 1917 2068 θήκας
1925 2053 1933 2065 ,

1140 2081 1174 2108 τὰ
1188 2080 1257 2108 αὐτὰ
1274 2080 1302 2107 δὲ
1323 2080 1468 2115 νομιοῦμεν
1484 2079 1554 2115 [καὶ]
1582 2080 1605 2096 ’⁵
1620 2080 1684 2106 ὅταν
1698 2089 1740 2112 τις
1754 2080 1828 2115 γήρᾳ
1842 2080 1858 2115 ῆ
1877 2088 1934 2107 τινι

1140 2126 1212 2160 ἄλλῳ
1230 2125 1324 2160 τρόπῳ
1341 2125 1489 2160 τελευτήσῃ
1503 2124 1525 2140 ⁸⁸
1550 2124 1604 2150 τῶν
1619 2124 1677 2150 ὅσοι
1694 2124 1727 2151 ἂν
1747 2124 1934 2159 διαφερόντως

1141 2170 1219 2205 ὲντῷ
1237 2170 1287 2205 βίῳ
1304 2170 1400 2204 ἁγαθοὶ
1414 2169 1546 2204 κριθῶσι;
1567 2179 1576 2194 ι
1597 2169 1655 2196 Κάν
1676 2169 1714 2204 τῷ
1735 2169 1878 2203 Κρατύλῳ
1902 2169 1935 2195 δὲ

304 2218 355 2253 εἱσι
365 2216 495 2244 bonitatis
507 2217 594 2244 habiti
606 2216 693 2243 sunt?
709 2226 718 2241 ι
735 2215 787 2243 Sed
797 2216 863 2243 etin
873 2216 982 2252 Cratylo
992 2217 1029 2252 (p.
1039 2218 1089 2246 397

1143 2215 1239 2252 [τόνδε]
1255 2216 1277 2231 ³⁷
1296 2215 1340 2242 τὸν
1364 2215 1443 2249 λόγον
1459 2214 1602 2250 διηύρυνεν
1622 2214 1645 2231 θ’
1658 2223 1666 2230 '
1684 2216 1791 2241 ἐπαινεῖ
1810 2214 1863 2250 γὰρ
1884 2214 1935 2241 τὸν

305 2262 348 2299 Ε)
375 2263 540 2290 sententiam
564 2263 635 2290 hanc
647 2262 731 2289 latius
743 2262 884 2297 explicuit.
898 2262 1004 2290 Laudat
1016 2264 1090 2291 enim

305 2310 454 2338 Hesiodum
467 2313 614 2345 poetasque
628 2309 706 2341 alios,
722 2309 768 2343 qui
779 2309 875 2336 dicunt
887 2310 1091 2343 bonumqhomi-

304 2364 379 2389 nem,
394 2356 448 2383 vita
459 2355 643 2390 perfunctum,
655 2355 762 2383 eximize
774 2356 858 2383 sortis
872 2356 986 2391 gradum
1004 2358 1090 2385 maxi-

304 2409 418 2437 mosque
446 2401 565 2429 honores
593 2401 631 2428 ibi
654 2401 788 2436 accipere,
805 2408 837 2428 ac
852 2401 1003 2429 daemonem
1019 2402 1090 2435 ﬁeri,

1148 2264 1269 2290 Ἡσίοδον
1286 2263 1333 2289 καὶ
1351 2263 1413 2294 τοὺς
1430 2262 1525 2294 ἄλλους
1540 2271 1572 2297 γε
1590 2262 1704 2298 ποιητὰς
1719 2262 1862 2297 εἰρηκότας
1874 2281 1881 2292 ,
1893 2261 1935 2293 ὡς

1142 2309 1249 2336 ἐπειδάν
1264 2317 1306 2340 τις
1319 2307 1419 2341 ἀγαθὸς
1435 2307 1495 2343 [ὢν]
1511 2308 1660 2343 τελευτήσῃ
1681 2308 1715 2339 ⁹⁹,
1732 2307 1853 2342 μεγάλην
1870 2308 1934 2341 μοῖ-

1144 2365 1193 2391 ραν
1212 2356 1259 2382 καὶ
1272 2355 1355 2390 τιμὴν
1371 2355 1429 2380 ἐκεῖ
1452 2354 1518 2389 ἔχει,
1534 2354 1581 2380 καὶ
1597 2353 1722 2387 γίγνεται
1737 2353 1842 2387 δαίμων
1859 2352 1934 2378 κατά

1141 2403 1191 2437 τὴν
1209 2402 1260 2437 τῆς
1279 2401 1436 2435 φρονήσεως
1460 2400 1627 2435 ἐπωνυμίαν.
1647 2398 1740 2434 Ταύτῃ
1756 2397 1803 2424 οὖν
1821 2397 1933 2432 τίθεμαι

954 2494 1071 2523 ἼΑΒΙΑΞ
1092 2495 1294 2524 ιιζῦΤΙΟΝΕδ.

339 2564 365 2583 ’⁸
379 2563 509 2599 μείζονος.
524 2564 648 2600 μείζονας
663 2563 710 2600 Ya.
734 2563 771 2600 _"'
789 2562 955 2600 κομίζονται.
972 2565 1089 2600 κομιξόμ

1141 2564 1193 2600 ιΛΒ
1206 2564 1357 2600 ἀνθρεῦπων
1370 2569 1425 2600 om.
1442 2561 1472 2600 (ἶζ
1511 2561 1534 2577 ⁸⁸
1552 2561 1746 2600 μὰλα-μᾶλλον
1764 2562 1812 2590 Va.
1830 2571 1856 2590 ν.
1871 2573 1927 2599 seq.

303 2597 347 2626 οἷα
357 2597 409 2627 Vb.
429 2608 479 2635 pro
495 2597 563 2635 an.
591 2598 615 2635 θξ
629 2598 958 2635 προς-τῷῗβεβιωκέναι.
980 2597 1046 2635 προς
1057 2607 1071 2635 τ

304 2704 329 2720 ⁸⁸
345 2703 465 2740 πονηροί.
491 2704 582 2731 πολλοὶ
610 2703 640 2735 Β,
660 2703 877 2740 καλῆςῗγοελρτο
902 2703 998 2740 κακῆς.

306 2739 326 2755 ’ί
344 2740 389 2766 καί
404 2739 432 2766 τε
444 2741 490 2766 καὶ
505 2740 534 2766 Β.

306 2775 329 2811 ξ’
343 2774 412 2811 [καὶ]
430 2783 485 2811 om.
510 2775 542 2811 Β,
613 2774 682 2811 Tum
693 2774 807 2811 ὄτι-*πάν
828 2772 907 2811 nec.

306 2808 443 2843 διεῦρυνεν
453 2810 483 2836 Β.
505 2809 648 2843 διηὺρυνεν
663 2808 694 2835 C.
732 2809 754 2824 "
771 2808 924 2844 τελευτήσει
939 2808 969 2835 (ἶ.

1156 2598 1216 2618 ἶῗιυηι
1231 2599 1252 2618 R
1271 2598 1291 2618 Π
1317 2598 1353 2618 νη
1403 2598 1426 2613 ⁸³

303 2597 347 2626 οἷα
357 2597 409 2627 Vb.
429 2608 479 2635 pro
495 2597 555 2626 ὅσα.
591 2598 615 2614 ⁸¹
629 2598 696 2659 περὺς
712 2598 958 2633 τῷ-βεόιωκέναι.
980 2597 1046 2632 πρὸς
1057 2597 1089 2625 τὺ

303 2635 336 2662 C.
374 2635 396 2651 ⁵³
409 2633 640 2670 ὑπολάὖῃκὺπολά
659 2643 683 2660 οι
763 2633 786 2670 εξ
802 2633 1078 2670 δ’ὲαυτὸνέ-ορδέεδὲ

1143 2598 1218 2625 ιῶναι
1231 2597 1302 2630 ΒζΟ,
1317 2597 1364 2624 Va.
1403 2598 1426 2613 ⁸³
1438 2598 1472 2632 γῇ
1488 2604 1612 2630 suprasc.
1637 2597 1657 2623 Β
1672 2597 1713 2623 τῶ·

1142 2633 1223 2670 ὺν--ᾕ
1240 2633 1285 2659 καὶ
1297 2633 1318 2659 Β
1336 2632 1422 2670 οὐδεὶς
1436 2632 1472 2670 δὲ
1480 2632 1560 2670 αὐτον
1573 2632 1713 2670 ίξ-Μοκᾼῇ

305 2670 457 2704 διδράσκειν
477 2670 498 2697 C
518 2666 555 2696 "ni
585 2669 674 2696 fallor.
711 2669 734 2684 "
751 2668 846 2703 αὑτήν.
867 2668 965 2702 ἑαυτὴν
980 2669 1010 2700 Β,
1024 2669 1054 2696 C.

305 2704 329 2720 "'
345 2705 465 2730 mvrmi.
491 2704 582 2730 πολλοὶ
610 2703 640 2730 Β.
660 2703 744 2730 καλῆς
763 2704 812 2730 Va.
827 2710 877 2730 nro
902 2703 998 2730 κακῆς.
1055 2704 1077 2720 ³⁹

1141 2666 1272 2704 πτερὼσῃ.
1297 2676 1347 2693 τετε
1367 2667 1432 2693 dies:
1453 2666 1484 2693 C.

1141 2704 1266 2730 .οσοφίας.
1296 2676 1390 2730 σοωῗας
1407 2701 1437 2728 C.

610 2711 640 2735 ts,
660 2711 744 2739 καλῆς
768 2711 812 2730 va.
827 2711 877 2738 pro
902 2712 998 2738 κακης.
1055 2711 1077 2720 θ’
1099 2711 1266 2738 φιΛοσοφιας.
1296 2711 1390 2736 σοφιας
1407 2711 1437 2728 ιι.
1495 2711 1516 2716 ’ν
1530 2711 1604 2727 ουοεν
1628 2711 1639 2727 ο

584 2740 606 2755 ’θ’
621 2738 676 2765 ὲπί.
702 2740 729 2764 ὲν
756 2739 786 2769 Β,
803 2738 850 2766 Va.
888 2739 911 2755 ’³
927 2739 1077 2770 στρατείας.
1093 2739 1248 2773 στρατείαις
1270 2738 1300 2770 Β,
1318 2737 1348 2764 C.
1364 2737 1423 2764 Mox
1443 2736 1597 2770 τελευτήσει
1609 2737 1639 2763 (3.

584 2796 585 2799 η
613 2774 680 2799 Tum
693 2774 732 2799 ὅτι
753 2774 805 2799 πάν
828 2782 869 2799 τις
880 2772 907 2799 C.
965 2774 987 2789 νδ
999 2774 1156 2799 τελευτήσῃ.
1182 2774 1339 2799 τελευτήσει
1363 2772 1391 2798 Β.
1458 2772 1479 2787 ⁵⁷
1500 2769 1639 2799 [tm/Belum

999 2782 1156 2809 τελευτησῃ.
1182 2781 1339 2808 τεΛευτησει
1363 2781 1391 2798 υ.

1488 2596 1657 2633 suprasch
1672 2597 1724 2633 τῶν
1738 2598 1766 2624 ὲν
1779 2600 1812 2633 τῇ
1828 2600 1863 2633 γῇ
1881 2596 1929 2633 μὲν

1730 2633 1791 2658 οὐδὲ
1807 2634 1852 2660 καὶ
1864 2634 1927 2660 ἀπο-

1531 2667 1553 2682 ¹⁷
1568 2667 1663 2693 ἀϊδίου.
1685 2667 1751 2693 ἰδίου
1777 2667 1798 2694 Β
1822 2676 1877 2695 om.
1892 2669 1921 2695 (Σ.

1494 2701 1516 2716 ⁸ο
1530 2702 1604 2727 οὐδὲν
1628 2701 1701 2728 ἀλλο.
1719 2702 1783 2728 ἄλλο
1807 2704 1884 2729 οὐδὲν
1901 2703 1928 2731 Β.

1679 2737 1701 2752 ⁸⁸
1716 2737 1741 2763 τί
1751 2737 1789 2764 δέ.
1805 2738 1831 2763 τί
1844 2738 1887 2764 δαί
1900 2738 1926 2764 Β.

1458 2772 1479 2787 ’⁷
1500 2769 1597 2807 [τόνδε]
1609 2780 1664 2798 om.
1682 2771 1712 2799 C.
1765 2773 1787 2788 ’⁸
1802 2772 1926 2807 ηὔρυνεν.

349 2874 385 2907 (l)
402 2875 469 2902 Vide
484 2875 568 2902 Clem.
584 2876 658 2902 Alex.
675 2875 773 2902 Strom.
796 2883 832 2907 ιν,
849 2884 874 2910 p.
897 2875 946 2903 629
962 2876 1062 2903 Pollcr.
1075 2884 1082 2908 ;
1095 2876 1198 2904 Platon.
1214 2875 1304 2903 I’lm'd.
1321 2882 1348 2909 p.
1365 2874 1397 2901 G7
1412 2874 1450 2906 C;
1469 2874 1529 2909 Rep.
1547 2883 1565 2906 ι,
1583 2882 1608 2908 p.
1622 2874 1672 2901 550
1687 2875 1718 2902 Ε.
