1965 3051
18 171 86 203 1025

302 165 520 196 ΕΒᾹΞΕΑΒΠΜ
539 162 688 193 AFFECT.
706 159 821 191 CURA'J

875 182 881 188 .
891 160 1015 190 —-VIII.
1038 160 1086 189 DE
1106 160 1351 190 MARTYRIBUS

1576 159 1644 191 1026

19 225 97 260 κάγὼ
113 225 158 251 τὸν
169 223 291 258 δαήμονα
306 222 401 257 ἄνδρα,
409 221 439 248 '0
452 220 480 248 δέ
495 228 528 255 γε
549 219 670 249 Ἠσίοδος
684 215 806 253 περὶτοῦ

873 222 912 242 ιοε
930 220 972 242 est
993 216 1136 248 scientem,
1154 216 1237 243 ducto
1261 224 1276 242 ιι
1297 214 1444 250 prudentia
1471 215 1643 249 cognomine-

19 271 124 307 χρυσοῦ
142 270 237 304 γένους
249 268 336 295 ταῦτα
347 267 399 303 ἔφη
411 276 418 282 ·

20 409 122 443 Αὐτὰρ
134 407 237 441 ἐπειδὴ
250 407 339 443 τοῦτο
355 407 363 421 ¹
373 406 459 443 γένος
469 404 543 443 κατὰ
554 403 629 438 μοῖρ’
643 401 809 443 ἐκάλυψεν,

22 437 51 471 ὁὶ
65 437 128 479 μέν
141 444 151 459 ¹
162 437 306 479 dolls-0254‘
324 437 585 479 dﬁoleittzﬂdftm
597 437 774 479 ’καθίξαι-ται,

26 472 151 507 Ἐἆθλοί
160 472 356 511 ’,ἀλεξίκὶῑκοὶ
362 496 369 508 ,
377 472 511 510 φύλακες
517 473 631 508 θνητῶν
638 472 809 505 ἀνθρώπων.

53 535 89 563 Et
106 535 198 562 τοίνυν
213 534 260 561 καὶ
277 535 291 560 ὁ
307 532 423 568 ποιητὴς
443 532 490 559 καὶ
506 530 617 561 ἐσθλοὺς
629 529 640 545 ⁸
659 529 706 555 καὶ
723 527 811 560 ἀλεξι-

23 581 126 611 κάκους
141 579 188 606 καὶ
201 577 323 613 φύλακας
345 576 450 611 θνητῶν
465 574 616 609 ἀνθρώπων
638 573 700 603 τοὺς
713 573 812 607 ἄριστα

24 625 203 661 βεϐιωκότας,
232 620 292 650 εἶτα
316 622 554 656 τελευτήσαντας,
573 618 811 654 προσηγόρευσεν,

23 671 158 706 ἐκράτυνε
177 669 205 696 δὲ
218 669 264 696 τοῦ
279 667 391 703 ποιητοῦ
405 666 450 693 τὸν
465 666 476 682 ⁸
492 665 570 699 λόγον
589 665 643 692 τῶν
661 664 813 698 φιλοσόφων

23 719 33 744 ό
45 717 172 752 ἄριστος,
185 715 234 742 καὶ
249 714 348 750 χρῆναι
360 713 413 747 ἔφη
425 711 471 738 καὶ
482 709 643 746 θεραπεύειν
653 709 755 736 τούτων
767 709 814 735 καὶ

24 762 189 798 προσκυνεῖν
204 759 280 796 [119]
296 758 346 791 τὰς
363 758 461 794 θήκας,
472 757 498 783 τί
519 757 620 792 δήποτε
637 756 654 795 ,⁸
673 755 813 791 μέμφεσθε

25 811 77 840 τοῖς
96 808 164 842 παρ’
180 807 258 843 ἡμῶν
270 805 451 840 γιγνομένοις,
466 801 489 830 ὦ
505 803 656 838 βέλτιστοι;
674 802 743 833 Τοὺς
760 801 814 836 γὰρ

25 856 50 881 ὲν
67 853 201 889 εὐσεὸείᾳ
215 852 375 887 λάμψαντας
385 871 393 883 ,
407 851 454 877 καὶ
470 849 538 884 ὑπὲρ
554 848 656 883 ταύτης
673 847 723 883 τὴν
745 854 815 881 σφα-

25 901 74 936 γὴν
101 899 287 934 δεξαμένους,
314 896 494 929 ἀλεξικάκους
524 895 606 930 ἡμεῖς
630 893 677 920 καὶ
704 892 812 927 ίατροὺς
829 889 849 916 Β

25 946 197 981 ὀνομάζομεν
207 964 214 976 ,
231 944 261 969 οὺ
281 943 414 977 δαίμονας
430 940 577 970 καλοῦντες
598 939 648 974 (μὴ
663 937 735 964 οὕτω
751 937 814 963 λυτ-

26 990 198 1026 τήσαιμεν),
219 989 287 1016 ἀλλὰ
305 987 369 1022 Θεῷ
390 987 401 1002 '
426 986 519 1020 φίλους
546 984 594 1011 καὶ
617 982 711 1014 εὔνους
734 982 816 1018 θερά-

27 1046 140 1070 ποντας,
153 1035 296 1071 παρρησίᾳ
311 1033 480 1070 χρωμένους,
494 1032 541 1058 καὶ
560 1029 613 1056 τῶν
629 1028 738 1063 ἀγαθῶν
751 1029 816 1063 ἡμῖν

28 1082 249 1117 ὲπαγγὲλλοντας
267 1079 316 1115 τὴν
340 1079 436 1114 φοράν.
452 1077 538 1104 Τοῦτο
562 1076 616 1111 γὰρ
631 1075 663 1110 δὴ
674 1075 685 1090 ⁸
701 1074 749 1101 καὶ
763 1074 816 1100 τῶν

28 1128 183 1163 φιλοσόφων
201 1126 289 1163 [ἡμῖν]
307 1126 317 1141 ³
340 1127 354 1152 ὁ
379 1124 526 1160 κορυφαῖος
549 1123 578 1149 ὲν
604 1123 637 1157 τῇ
655 1119 817 1155 Ἐπινομίδι

28 1175 190 1209 δεδήλωκεν.
219 1174 291 1207 Ἔφη
319 1171 391 1207 γάρ·
417 1180 426 1196 ι
455 1169 492 1196 Οὓ
514 1177 585 1204 φημι
609 1165 679 1194 εἶναι
706 1166 817 1193 δυνατὸν

28 1219 185 1255 ἀνθρώποις
209 1217 355 1253 μακαρίοις
376 1223 404 1241 τε
428 1215 474 1241 καὶ
500 1214 642 1248 εὐδαίμοσι
669 1211 815 1246 γενέσθαι,

30 1265 99 1301 πλὴν
110 1263 224 1298 ὀλίγων·
240 1263 319 1298 μέχρι
334 1269 387 1296 περ
399 1260 432 1287 ἂν
443 1259 544 1295 ζῶμεν,
560 1259 638 1285 τοῦτο
651 1257 816 1293 διορίζομαι·

31 1309 99 1343 καλὴ
124 1308 154 1335 δὲ
179 1307 257 1338 ἐλπὶς
287 1304 480 1339 τελευτήσαντι
512 1304 603 1337 τυχεῖν
638 1301 774 1328 ἁπάντων.
806 1310 816 1326 ›

36 1353 171 1389 ’Ᾱτεχνῶς
191 1352 220 1379 δέ
244 1360 275 1386 γε
293 1350 371 1377 τοῦτο
395 1349 467 1375 ἔοικε
484 1349 540 1380 τοῖς
558 1347 610 1373 ὑπὸ
625 1347 674 1382 τῆς
690 1346 764 1378 θείας
781 1347 819 1373 εί-

33 1400 165 1435 ρημένοις
188 1397 319 1434 Γραφῆς·
346 1405 355 1422 ι
369 1395 416 1429 Μὴ
436 1394 590 1430 μακαρίσῃς
604 1393 689 1427 ἄνδρα
706 1391 758 1426 πρὸ
777 1400 820 1417 τε·

32 1446 131 1481 λευτῆς
147 1443 244 1471 αὑτοῦ·
263 1453 272 1469 ι
291 1442 337 1469 καί
351 1442 388 1457 ιθ·
406 1451 414 1467 ι
429 1440 489 1472 Φῶς
504 1439 618 1471 δικαίοις
633 1438 794 1469 διαπαντόςο
808 1447 817 1464 ι

35 1492 99 1518 καί·
119 1501 129 1517 ι
148 1490 241 1525 Ψυχαὶ
257 1489 369 1516 δικαίων
387 1488 415 1514 ὲν
434 1487 506 1522 χειρὶ
520 1486 604 1513 Θεοῦ·
624 1495 633 1511 ι
655 1485 702 1512 κα)⁸
719 1485 752 1511 τὰ
762 1484 822 1510 τού·
844 1497 850 1502 -

33 1546 90 1569 τοις
105 1537 268 1572 προσόμοια.

70 1552 160 1609 ῗΟ-τῖυ
157 1581 185 1608 δὲ
195 1552 258 1607 μκαὶ
281 1581 336 1611 τοῖς
355 1578 469 1610 δικαίοις
489 1578 600 1614 ὕϐρεις,
618 1578 665 1605 καὶ
679 1577 822 1613 λοιδορίας,
835 1552 857 1581 c

35 1627 84 1654 καὶ
104 1626 198 1658 αἰκίας
217 1626 255 1658 ¹¹,
281 1625 328 1651 καὶ
348 1624 483 1659 μάστιγας
504 1623 575 1650 κατὰ
597 1622 643 1649 τὸν
658 1622 779 1658 παρόντα
803 1623 824 1638 ³³

38 1673 93 1707 βίον
123 1672 311 1707 ξυνεκλήρωσε
341 1669 396 1696 τῶν
423 1669 491 1695 ὅλων
519 1669 533 1695 ὁ
559 1668 715 1703 Πρύτανις,
745 1669 791 1694 καὶ
811 1669 825 1694 ό

37 1719 151 1746 Πλάτων
178 1719 206 1744 ἐν
233 1719 266 1752 τῇ
293 1715 434 1748 Πολιτείᾳ
463 1714 669 1749 ξυγγέγραφεν⁸
706 1723 715 1739 ‹
748 1713 825 1740 Οὕτω

38 1765 114 1800 γὰρ,
145 1763 212 1799 φησὶ
237 1783 244 1796 ,
283 1761 454 1796 διακείμενος
489 1761 504 1786 ὁ
530 1759 632 1791 δίκαιος
651 1779 659 1792 ,
699 1759 825 1794 αίκισθή-

39 1818 136 1842 σεται,
169 1807 425 1844 στρεϐλωθήσεται,
456 1805 620 1840 δεθήσεται,
641 1806 826 1840 ὲκκοπήσεται

39 1856 77 1882 τὼ
93 1855 237 1890 ὀφθαλμὼ,
255 1853 388 1880 τελευτῶν
405 1852 428 1867 ¹³
444 1852 533 1878 πάντα
559 1851 632 1878 κακὰ
649 1851 743 1878 παθὼν
762 1851 827 1877 ἁνα-

42 1901 298 1936 σκινδαλευθήσεται
329 1899 361 1926 ¹⁵.
388 1899 446 1925 Οὐκ
474 1897 521 1925 οὖν
551 1897 699 1933 τρισάθλιοι
728 1897 777 1932 μὲν
802 1897 828 1923 οἱ

40 1948 128 1975 ταῦτα
145 1946 286 1977 ποιοῦντες
299 1967 307 1978 ,
331 1944 480 1981 τρισόλϐιοι
503 1943 543 1973 δὲ,
555 1944 579 1969 οἱ
595 1943 743 1977 πάσχοντες
762 1942 799 1973 ¹⁸;
816 1952 825 1967 ι

45 1994 105 2020 Ὀτι
119 1994 150 2020 δὲ
169 1993 216 2020 καὶ
232 1991 421 2027 ἐπιμελεῖσθαι
437 1990 491 2016 τῶν
509 1988 686 2024 ἀνθρωπείων
702 1989 723 2004 ⁸⁸
734 1988 829 2015 δύναν-

42 2048 86 2066 ται
101 2038 275 2075 πραγμάτων
287 2038 314 2065 αι
331 2036 386 2064 τῶν
401 2036 482 2063 ὁσίων
504 2035 598 2070 ψυχαὶ,
615 2035 662 2061 καὶ
676 2034 723 2060 τοῦ
737 2034 830 2069 σώμαη

43 2093 88 2116 τος
115 2086 137 2101 ¹⁸¹
158 2084 236 2115 ἐκτὸς
262 2083 418 2117 γενόμεναι,
430 2081 444 2107 ὁ
458 2080 569 2107 Πλάτων
592 2079 731 2106 καὶτοῦτο
745 2081 773 2106 ἐν
792 2078 830 2113 τῷ

44 2130 180 2164 ἑνδεκάτῳ
198 2129 220 2145 ²⁵
233 2128 289 2155 τῶν
302 2128 408 2162 Νόμων
434 2126 554 2159 ἐδίδαξε·
573 2124 647 2159 λέγει
675 2125 702 2151 δὲ
725 2123 830 2156 οὕτως·

47 2183 56 2200 ι
77 2175 125 2207 Et;
150 2183 211 2202 τινα
233 2174 255 2189 "
276 2173 331 2208 γὰρ
351 2171 397 2199 οὖν
421 2181 464 2207 μοι
479 2171 574 2206 καιρὸν
599 2170 749 2205 φαινόμεθα
768 2171 832 2202 τοὺς

861 259 918 287 Hoc
931 260 1015 295 igitur
1026 261 1052 288 in
1067 261 1128 288 loco
1143 264 1151 271 '
1164 261 1297 289 scientem
1312 268 1422 295 quoque
1435 260 1574 287 hominem
1587 261 1645 287 col-

860 306 930 333 loco.
943 306 1078 334 Hesiodus
1092 314 1158 334 vero
1174 307 1208 335 de
1224 307 1301 334 aurei
1316 307 1425 342 generis
1435 306 1595 334 hominibus
1610 307 1647 334 ita

859 354 961 375 08011111,
973 358 979 375 :

860 402 894 439 ᾼι
909 408 1047 438 postquam
1062 413 1143 439 genus
1157 405 1204 432 hoc
1218 410 1290 431 terra
1306 414 1375 432 mors
1390 406 1475 432 obruit
1491 405 1562 438 alta,

861 438 997 473 Damone;
1012 440 1039 466 hi
1051 438 1136 466 suncti
1151 444 1285 467 terrestres
1300 441 1349 466 rite
1363 444 1490 467 vocantur
1500 462 1507 473 ,

862 472 984 502 Custodes
998 475 1142 507 hominum,
1158 479 1248 502 nostra
1263 476 1317 502 hac
1332 476 1424 510 quibus
1438 477 1528 502 omnia
1543 481 1619 504 cum.

897 530 975 563 Quod
986 531 1008 558 si
1023 534 1115 567 poeta,
1129 535 1158 558 et
1171 530 1268 563 bonos,
1285 536 1312 558 et
1327 531 1461 558 malorum
1478 532 1648 566 depulsorcs,
1689 544 1693 548 λ

861 580 890 603 et
901 576 1029 604 custodes
1049 577 1205 604 mortalium
1220 577 1327 604 vocavit
1342 585 1389 604 eos
1401 578 1448 612 qui
1461 579 1562 613 optime
1574 580 1648 606 vixe-

863 626 938 654 runt,
950 621 1050 649 deinde
1066 622 1166 649 mortui
1186 626 1260 654 sunt,
1274 623 1387 658 ejusque
1409 624 1572 651 sententiam
1587 625 1649 659 phi-

862 667 1039 702 losophorum
1056 668 1301 702 praestantissimus
1312 668 1494 701 conﬁrmavit,
1508 674 1590 704 atque
1603 670 1651 696 ho-

864 720 925 739 rum
941 712 1065 748 sepulcra
1087 713 1202 740 colenda
1217 718 1245 740 et
1264 714 1401 741 adoranda
1414 715 1522 741 censuit
1539 723 1544 741 :
1560 723 1620 749 quae
1636 722 1651 742 a

865 758 944 785 nobis
961 758 1039 790 fiunt,
1065 758 1160 794 optimi
1182 759 1245 791 viri,
1260 767 1310 787 cur
1329 759 1486 787 damnatis?
1507 760 1562 788 Nos
1578 761 1651 788 enim

866 804 924 838 pari
939 804 1022 830 modo
1033 824 1041 836 ,
1058 812 1107 831 eos
1121 804 1167 839 qui
1185 804 1286 839 pietate
1307 805 1476 838 claruerunt,
1495 813 1599 841 proque
1620 814 1652 834 ea

867 850 927 877 czesi
951 855 1031 882 sunt,
1053 851 1187 878 malorum
1203 851 1366 886 depulsores
1379 856 1407 878 et
1426 852 1548 879 medicos
1562 852 1652 879 nomi-

865 903 980 928 namus;
995 896 1132 924 daamonas
1155 904 1210 924 non
1232 897 1401 931 appellamus
1419 896 1513 932 (absit
1538 905 1553 924 ιι
1574 897 1654 924 nobis

866 942 911 969 hic
921 941 998 968 furor
1008 941 1038 976 l),
1048 942 1096 969 sed
1107 942 1155 969 Dei
1168 942 1271 969 amicos
1283 949 1433 976 servosque
1446 942 1603 974 benevolos,
1619 942 1652 969 li-

865 987 972 1015 bertate
986 992 1104 1020 utentes,
1123 988 1312 1022 bonorumque
1325 988 1431 1022 copiam
1445 988 1525 1014 nobis
1541 988 1654 1022 promit-

866 1037 975 1061 tentes.’
992 1033 1071 1066 Quod
1099 1034 1188 1068 ipsum
1213 1034 1296 1061 etiam
1321 1028 1547 1068 philosophorum
1573 1033 1656 1069 916

866 1080 996 1115 princeps
1021 1080 1049 1107 in
1074 1079 1230 1114 Epinomide
1254 1079 1292 1106 ita
1317 1079 1467 1106 declaravit
1483 1080 1520 1114 (p.
1535 1079 1587 1106 975
1599 1077 1630 1113 C)
1646 1087 1653 1105 :

871 1135 880 1151 ‹
900 1125 979 1153 llaud
992 1133 1057 1163 sane
1070 1125 1187 1153 dixerim
1208 1132 1287 1160 posse
1300 1125 1425 1152 homines
1441 1124 1536 1152 beatos
1549 1132 1580 1151 ac
1593 1124 1655 1151 feli-

867 1179 914 1199 ces
936 1171 1063 1202 evadere,
1090 1171 1187 1208 paucis
1201 1170 1333 1205 exceptis.
1357 1170 1449 1197 Donec
1473 1169 1601 1202 vivimus,
1619 1170 1654 1196 ita

868 1217 987 1244 decerno
1000 1225 1006 1243 ε
1024 1217 1095 1243 bona
1109 1220 1150 1243 est
1165 1221 1256 1243 autem
1279 1221 1388 1243 mortuo
1401 1223 1463 1250 spes
1484 1216 1573 1242 omnia
1589 1223 1656 1242 con-

869 1261 1013 1296 sequendi.
1033 1271 1042 1286 ι
1070 1260 1147 1300 Quod
1161 1260 1272 1295 quidem
1288 1261 1366 1287 aliine
1379 1268 1490 1295 prorsus
1499 1265 1541 1288 est
1550 1260 1584 1287 iis
1597 1267 1658 1295 quae

870 1307 898 1333 in
912 1314 989 1334 sacra
1011 1306 1153 1341 Scriptura
1178 1306 1308 1333 dicuntur
1325 1315 1331 1333 :
1353 1315 1362 1331 (
1385 1306 1424 1333 Ne
1441 1306 1550 1333 beatum
1562 1313 1658 1340 quem-

870 1358 951 1386 quam
964 1350 1062 1378 feceris
1078 1354 1140 1377 ante
1152 1350 1243 1377 obitus
1254 1350 1296 1377 sui
1309 1350 1382 1377 diem
1393 1349 1405 1369 Ιι
1417 1358 1423 1382 ;
1443 1359 1451 1375 ι
1467 1353 1495 1376 et
1509 1358 1515 1375 :
1533 1359 1541 1374 ι
1554 1349 1658 1383 Usque-

871 1404 978 1431 quaque
1003 1394 1096 1423 lunien
1117 1396 1240 1431 justisi;
1259 1405 1268 1421 ι
1286 1400 1314 1422 et
1335 1404 1342 1422 :
1369 1404 1378 1420 ‹
1395 1395 1537 1422 Justorum
1561 1393 1659 1420 anima:

874 1442 902 1469 in
914 1450 997 1470 manu
1011 1442 1058 1469 Dei
1070 1446 1135 1470 sunt
1148 1441 1154 1467 i
1169 1451 1192 1475 ς»
1208 1446 1236 1469 et
1250 1449 1310 1476 quae
1322 1441 1366 1469 his
1375 1440 1483 1468 similia.

908 1582 987 1616 Quod
1003 1585 1094 1610 autem
1112 1582 1194 1609 etiam
1210 1581 1299 1616 justos
1319 1580 1348 1606 in
1361 1579 1412 1606 hac
1429 1579 1485 1606 vita
1501 1577 1619 1613 injuriis,
1633 1582 1662 1604 et

874 1628 1059 1660 contumeliis,
1075 1627 1214 1662 plagisque
1232 1634 1263 1653 ac
1277 1625 1440 1652 verberibus
1457 1623 1591 1651 addixerit
1603 1630 1663 1649 om-

875 1675 951 1702 nium
968 1674 1080 1704 Rector,
1103 1671 1174 1698 idem
1191 1671 1266 1698 Plato
1283 1670 1310 1696 in
1329 1668 1468 1704 Republica
1485 1671 1601 1694 testatur
1623 1667 1661 1702 (p.

875 1719 938 1754 561)
954 1727 961 1745 :
980 1728 989 1744 ι
1007 1718 1101 1745 Justus
1113 1716 1198 1748 enim,
1210 1715 1310 1749 inquit,
1328 1715 1365 1745 ita
1384 1716 1562 1748 praeparatus,
1575 1711 1663 1738 catde-

877 1770 932 1796 tur,
960 1762 1133 1798 torquebitur
1146 1781 1153 1794 ,
1184 1759 1367 1795 colligabitur,
1386 1758 1473 1786 oculis
1490 1756 1662 1793 privabitur:

876 1815 1029 1844 cunctaque
1045 1808 1164 1841 denique
1181 1812 1338 1841 perpessus,
1351 1808 1490 1839 postremo
1504 1803 1588 1830 etiam
1604 1809 1664 1829 sus-

877 1855 1021 1890 pendetur.
1038 1854 1079 1881 An
1089 1860 1145 1880 non
1163 1852 1255 1886 itaque
1276 1849 1422 1877 miserrimi
1437 1848 1484 1883 qui
1497 1848 1541 1875 his
1556 1847 1664 1875 damnis

878 1899 998 1927 afﬁciunt
1010 1919 1018 1931 ,
1048 1897 1198 1925 felicissimi
1214 1903 1280 1923 vero
1303 1894 1352 1929 qui
1370 1892 1531 1928 patiuntur?
1549 1901 1558 1918 ι
1582 1892 1665 1919 Posse

878 1949 970 1972 autem
994 1947 1150 1971 sanctorum
1167 1942 1282 1972 animas,
1296 1940 1379 1966 etiam
1395 1946 1458 1965 cum
1476 1941 1553 1965 extra
1565 1944 1665 1971 corpus

879 1990 992 2021 fuerint,
1008 1987 1152 2016 hominum
1173 1993 1271 2013 curare
1294 1983 1412 2019 negotia.
1436 1983 1514 2010 Plato
1539 1982 1611 2009 idem
1637 1982 1666 2009 in

880 2034 1026 2064 undecimo
1044 2033 1142 2068 Legum
1166 2031 1238 2058 libro
1256 2030 1299 2057 his
1312 2029 1406 2056 verbis
1426 2027 1541 2055 atlirmat
1556 2026 1594 2062 (p.
1615 2026 1666 2054 9‘26

880 2080 912 2115 E)
929 2089 935 2106 :
957 2089 966 2105 ι
988 2080 1148 2113 Opportune
1171 2076 1255 2110 igitur
1272 2081 1304 2101 ea
1324 2080 1385 2108 qua
1409 2071 1537 2107 superius
1554 2074 1667 2098 tractata

881 2130 945 2154 sunt
957 2124 1043 2153 locuti
1054 2123 1190 2154 videmur,
1203 2121 1309 2148 animas
1322 2118 1450 2146 videlicet
1464 2117 1667 2149 defunctorum,

882 2175 1027 2206 postquam
1043 2177 1078 2196 ex
1103 2168 1154 2195 hac
1168 2167 1223 2194 vita
1242 2164 1418 2196 excesserint,
1442 2163 1498 2190 vim
1522 2161 1668 2197 quamdam

46 2219 200 2255 ἔμπροσθεν
212 2220 308 2253 λόγους
328 2218 485 2251 διεξελθεῖν,
501 2218 538 2249 ὼς
555 2218 608 2252 ἄρα
627 2216 655 2243 αί
671 2216 725 2243 τῶν
742 2216 818 2243 τελευ

883 2217 964 2253 917
976 2216 1090 2248 habere,
1108 2222 1140 2242 ac
1155 2214 1188 2241 de
1211 2213 1294 2241 rebus
1310 2211 1438 2239 humanis
1454 2217 1548 2237 curam
1563 2215 1670 2244 gerere.

45 2265 185 2300 ¹ζησάντων
200 2265 285 2301 ψυχαί
305 2264 419 2298 δύναμιν
442 2263 534 2299 ἔχουσί
548 2271 609 2290 τινα
623 2263 828 2299 τελευτήσασαι,

47 2311 91 2336 καὶ
112 2310 168 2337 τῶν
188 2311 248 2338 κατ’
264 2309 426 2346 ἀνθρώπους
444 2309 613 2344 πραγμάτων
627 2309 830 2344 ἐπιμελοῦνται.

47 2356 140 2384 Ταῦτα
153 2357 182 2383 δὲ
200 2356 310 2391 ἀληθεῖς
339 2356 397 2390 μὲν,
417 2355 517 2391 μακροὶ¹
532 2355 561 2381 δέ
584 2356 636 2382 είσι
659 2356 832 2390 περιέχοντες

47 2400 136 2436 λόγοι·
154 2401 293 2428 πιστεύειν
317 2402 340 2417 ¹⁰
356 2401 384 2428 δὲ
410 2403 470 2432 ταῖς
491 2400 543 2436 [τε]
562 2401 583 2416 ¹¹
605 2400 699 2433 ἄλλαις
726 2402 830 2437 φήμαις

47 2446 134 2481 χρεὼν
148 2447 214 2484 περὶ
236 2447 271 2474 τὰ
291 2446 414 2479 τοιαῦτα,
438 2446 510 2472 οὕτω
535 2445 646 2478 πολλαῖς
664 2447 710 2474 καὶ
728 2447 830 2483 σφόδρα

82 2524 97 2545 h
114 2525 202 2554 Sirae.
215 2533 245 2558 ιι,
264 2525 308 2552 29.
349 2526 357 2546 i
376 2525 456 2553 Prov.
475 2533 510 2557 iv,
524 2525 567 2552 18.
607 2524 614 2550 i
638 2525 701 2561 Sap.
719 2533 759 2558 Ill,
778 2526 802 2553 l.

884 2265 1031 2292 Sermones
1044 2268 1109 2289 vero
1122 2260 1169 2295 qui
1181 2260 1215 2286 de
1228 2259 1271 2286 bis
1286 2258 1369 2285 rebus
1377 2257 1524 2287 habentur,
1538 2254 1596 2281 veri
1609 2253 1669 2288 qui-

885 2310 958 2342 dem,
978 2308 1026 2336 sed
1040 2307 1114 2342 longi
1136 2310 1209 2333 sunt.
1223 2303 1398 2332 Credendum
1409 2306 1451 2330 est
1464 2305 1554 2328 autem
1570 2303 1598 2327 et
1609 2299 1670 2326 aliis

885 2363 994 2391 quoque
1005 2356 1014 2365 ‘
1025 2351 1228 2381 narrationibus
1240 2357 1300 2385 quae
1310 2350 1369 2376 haec
1379 2347 1459 2375 nobis
1473 2346 1593 2377 tradunt,
1607 2351 1670 2372 cum

885 2402 954 2429 adeo
968 2405 996 2428 et
1009 2399 1128 2433 antiquae
1141 2402 1169 2425 et
1182 2396 1274 2424 multae
1282 2396 1347 2423 sint.
1362 2393 1536 2422 Credendum
1555 2397 1670 2426 praeter-

884 2456 917 2475 ea
936 2452 964 2475 et
990 2447 1024 2475 iis
1039 2446 1087 2482 qui
1103 2446 1176 2480 leges
1197 2443 1330 2475 tulerunt,
1357 2442 1395 2469 ita
1411 2441 1510 2468 haecse
1525 2438 1637 2466 habere.
1657 2447 1666 2462 ι

698 2602 813 2630 νΑΒΙιΕ
834 2600 1035 2630 LECTIONES.

85 2660 92 2675 '
108 2660 196 2687 τὸῦτο.
211 2659 290 2687 τοῦτο
301 2658 332 2685 τδ
343 2658 374 2686 C.
414 2659 424 2674 '
435 2659 459 2684 οἱ
474 2657 718 2693 μὲν-καλέονται.
735 2660 775 2685 τοὶ
792 2659 840 2692 μὲν
862 2659 989 2693 δαίμονες
1002 2655 1155 2693 είσὶνὴΔιὺς
1173 2653 1301 2693 -μεγάλον
1322 2649 1508 2693 διειδοελάς

51 2693 138 2722 ὶσθλοὶ
148 2695 170 2721 δ’
183 2695 212 2722 Β.

268 2694 280 2710 ⁵
295 2694 341 2720 καὶ
352 2691 480 2724 ἐσθλοὺς(
493 2693 541 2719 καὶ
555 2701 609 2720 om.
631 2692 662 2720 C.
685 2694 731 2720 καὶ
745 2691 806 2721 ante
820 2693 834 2719 ὁ
849 2691 963 2728 ποιητὴς
989 2700 1043 2719 om.
1067 2691 1116 2728 νβ.

1171 2682 1189 2706 δ’
1200 2682 1229 2715 δέ
1241 2687 1315 2714 τόνδε
1327 2686 1383 2712 τόν.
1397 2686 1425 2712 δὲ
1439 2685 1485 2711 τοῦ
1498 2682 1611 2718 ποιητοῦ
1625 2682 1672 2718 τὸν

52 2716 217 2765 οῖ”ἢξγτῖ
230 2716 662 2765 δήποτε-Ιῖᾗίοῖμέμξρεξθαι-(ἷί
686 2716 978 2765 ﬁngas.“
991 2716 1048 2762 “,1,
1067 2716 1115 2765 af."
1126 2725 1226 2765 δὴρωε
1243 2723 1274 2750 Β.
1297 2722 1322 2765 ,υ
1335 2720 1422 2765 [φημι]
1445 2716 1571 2765 ρεηλςη
1587 2716 1672 2765 πέει

52 2770 105 2791 om.
118 2765 148 2798 Β,
166 2761 194 2793 et
205 2765 245 2793 sic
255 2761 299 2792 '19.
339 2765 359 2780 “
379 2761 480 2798 αἰκίας.
493 2761 599 2794 ἀδικίας
612 2763 641 2790 Β.
688 2764 709 2779 ¹¹
724 2763 797 2790 τόνδε
812 2761 868 2790 τόν.
884 2764 929 2789 τὸν
943 2761 1064 2798 παρόντα
1081 2761 1110 2788 Β.

52 2797 155 2834 Ἓάᾐιιοςῑ
170 2801 258 2827 πάντα
271 2807 326 2827 om.
346 2799 394 2834 3.7
415 2797 622 2834 “ﬁvaoxwﬁai.
636 2799 807 2826 ἀνασκινδυλ.
823 2798 854 2826 C.

1150 2752 1172 2776 'l'
1184 2752 1347 2786 τελευταῖονῖ
1357 2752 1498 2782 ’τελευτῶν
1510 2754 1541 2786 Β,
1552 2753 1583 2781 C.
1601 2752 1669 2779 Tum

904 2787 925 2814 λέ
938 2787 1139 2832 δι”πὲἇάξονέές
1156 2796 1180 2822 ot
1201 2794 1287 2821 ταῦτα
1303 2801 1333 2819 π.
1356 2790 1407 2832 νυ,
1445 2787 1669 2832 ίςλάνορωπίνων.

55 2823 331 2869 ἀγθᾌῶπείωνῖῖηῆ
418 2823 553 2869 σώματος,
568 2823 621 2860 τοῦθ
803 2823 1070 2868 ένδὲκάτῳξγδεκάθρ
1092 2823 1128 2864 Β,
1140 2831 1171 2859 C.
1212 2831 1233 2846 ¹⁹
1244 2836 1304 2857 τινα
1319 2833 1373 2856 om.
1387 2825 1417 2852 Β.
1456 2826 1478 2841 ³ο
1491 2823 1672 2852 πιστεύειν-

55 2866 144 2902 οὔσαις
157 2878 212 2899 om.
228 2870 258 2897 Β.
297 2870 318 2885 “
334 2868 387 2904 [τε]
400 2875 455 2895 om.
470 2867 500 2895 C.
