1965 3051
298 156 374 200 V1023

793 157 1047 191 THEODORETI’
1054 155 1223 190 EPISCOI‘I
1243 158 1425 190 CYRENSIS

1854 156 1924 189 1028

305 218 379 241 sorte
391 214 529 248 fruuntur,
543 218 571 242 et
585 223 601 243 a
614 215 722 243 cunctis
730 214 889 243 hominibus
897 216 1004 244 honore
1013 223 1087 244 nunc

1141 215 1215 250 μόνοι
1237 215 1357 251 μείζονες
1375 215 1410 242 ’⁸.
1426 211 1463 242 Οὗ
1479 213 1511 249 δὴ
1535 213 1629 241 εἵνεκα
1647 212 1695 240 καὶ
1713 212 1834 248 μείζονος
1852 213 1922 240 ἀπο-

303 259 469 293 aﬂiciuntur,
487 260 711 296 immortalesque
729 269 842 289 coronas
852 265 1021 296 exspectant.
1036 261 1089 289 He-

302 305 392 333 racliti
409 313 475 332 vero
494 306 598 334 dictum
612 307 679 334 illud
695 306 774 334 valde
791 306 933 334 admiror:
954 316 963 333 ι
979 307 1088 335 Manere

304 350 455 377 morientes
470 351 597 379 homines
609 359 642 379 ea
663 359 723 387 quae
745 359 834 387 neque
856 356 976 388 sperant,
999 360 1088 387 neque

302 400 473 429 exspectant.
494 406 503 422 ι
524 396 602 429 Quod
617 401 709 425 autem
721 402 881 425 sanctorum
895 398 992 425 animm
1003 397 1089 425 beatae

302 441 367 467 vita:
379 445 480 468 statum
491 443 500 452 '
512 443 745 478 jucundissimum
763 443 915 476 obtineant,
930 444 1006 471 Plato
1018 452 1088 478 quo-

303 494 355 521 que
381 487 408 514 in
434 487 564 515 Pluvdone
586 488 716 515 ostendit.
740 488 785 515 Ait
801 489 875 516 enim
899 490 938 524 (p.
954 489 1005 516 M4
1024 489 1056 522 B)
1080 498 1087 516 :

307 542 315 557 ι
331 532 383 565 Qui
401 537 492 560 autem
507 533 558 560 visi
573 533 676 560 fuerint
687 535 750 561 vitae
763 534 906 562 sanctitate
916 543 971 570 pra;
982 535 1088 562 czeteris

302 578 404 612 egregii
416 578 513 610 fuisse,
529 579 557 605 hi
571 583 634 606 sunt
644 579 690 614 qui
705 581 821 608 terrenis
832 581 910 608 malis
923 581 1006 608 veluti
1021 588 1088 616 quo—

302 624 364 650 dam
388 631 498 651 carcere
519 625 683 658 liberantur,
701 626 734 653 ad
755 633 901 660 supernam
914 635 980 654 vero
989 633 1087 661 puram

302 669 375 696 illam
398 670 595 698 habitationem
624 672 799 706 perveniunt.
816 681 825 697 I
853 672 937 699 Paulo
957 671 1088 707 posthaec

301 715 378 743 addit
398 725 404 741 :
429 725 438 740 ι
457 716 498 743 Ad
523 716 680 744 habitacula
705 725 772 744 vero
797 717 884 746 multo
911 717 953 744 his
979 725 1088 752 quoque

300 761 458 796 pulchriora
485 763 650 797 perveniunt
669 771 676 790 :
705 771 766 798 quae
781 771 870 798 neque
888 763 967 790 facile
980 763 1088 790 ostendi

300 810 426 841 possunt,
455 815 546 842 neque
570 808 604 835 ad
629 809 688 835 haec
713 809 872 843 explicanda
887 816 961 835 nunc
981 812 1088 843 tempus

300 851 392 879 datur.
409 861 418 877 ι
443 852 482 879 Ne
504 853 566 887 quis
579 860 643 880 vero
656 853 715 880 haec
725 853 849 885 audiens,
865 853 1003 880 desiderio
1014 853 1087 880 illius

300 897 400 924 divinae
421 897 485 924 vita:
508 897 590 933 914
611 905 752 930 accensus,
774 905 882 932 aequum
908 902 1086 933 sanctumque

299 942 480 974 existimaret,
507 942 642 970 violentas
671 943 724 970 sibi
750 951 848 970 manus
876 943 1030 975 inferendo,
1058 951 1087 971 se

301 987 389 1022 ipsum
412 987 446 1014 de
463 987 515 1014 hac
526 988 582 1014 vita
594 988 750 1020 extrudere,
767 988 964 1015 convenienter
982 988 1088 1015 addidit

268 1063 269 1066 η
301 1033 340 1068 (p.
359 1033 392 1060 62
401 1032 448 1069 B):
466 1043 475 1059 ‹
490 1033 570 1061 Nefas
579 1039 622 1062 est
635 1039 727 1062 autem
742 1041 801 1061 sese
815 1042 979 1069 quemquam
988 1034 1022 1061 dc
1035 1034 1088 1061 hoc

300 1078 406 1106 solvere
424 1078 589 1112 habitaculo,
606 1079 751 1114 fugamque
766 1079 831 1106 hinc
845 1079 978 1114 arripere,
994 1083 1086 1114 atque,

298 1128 332 1151 ut
350 1124 446 1160 paucis
457 1124 558 1157 dicam,
572 1125 671 1152 malam
684 1133 744 1153 esse
754 1125 896 1152 materiam
920 1125 1059 1152 arbitrari.
1075 1135 1084 1151 ι

299 1169 346 1197 Ait
359 1177 425 1197 vero
436 1178 516 1205 posse
531 1171 662 1203 animam,
675 1178 739 1198 eum
751 1171 784 1198 ad
800 1171 916 1206 seipsam
930 1178 959 1198 se
975 1179 1088 1206 recepe-

300 1216 347 1248 rit,
371 1224 465 1244 veram
490 1217 620 1252 consequi
646 1217 820 1252 sapientiam,
834 1217 1020 1252 majoremque
1037 1217 1088 1244 hu-

301 1269 380 1288 mana
397 1262 453 1288 vim
470 1266 498 1289 et
516 1261 685 1295 facultatem,
701 1262 812 1297 quando
836 1269 913 1289 amor
937 1262 1002 1289 hinc
1026 1269 1087 1289 eam

301 1306 446 1334 subvolare
462 1307 569 1339 fecerit,
585 1314 634 1341 per
653 1307 872 1341 philosophicam
887 1307 971 1334 vitam
983 1307 1017 1334 ad
1033 1311 1089 1334 ter-

299 1352 406 1379 minum
416 1359 472 1380 sua:
482 1352 540 1386 spei
552 1352 713 1387 profectam,
726 1353 774 1379 ubi
787 1352 901 1380 alterius
912 1352 975 1380 vitaz
986 1353 1087 1387 sempi-

299 1400 385 1424 terna:
399 1396 567 1431 principium
583 1397 683 1431 capiat.
702 1397 862 1432 Rursusque
879 1397 907 1424 in
918 1397 1016 1424 eodem
1028 1397 1088 1424 dia-

298 1443 362 1478 logo
373 1442 441 1470 dicit
453 1441 502 1477 (l),
523 1451 532 1468 ι
546 1441 655 1477 Optima
668 1442 780 1477 quidem
793 1451 856 1470 cum
868 1451 916 1478 spe
928 1443 1014 1470 bonas
1025 1443 1089 1470 hinc

299 1489 405 1517 animas
417 1488 554 1524 proﬁcisci
568 1497 574 1515 :
588 1493 616 1515 at
627 1488 675 1523 qui
686 1488 751 1515 mali
762 1491 836 1521 sunt,
847 1488 976 1523 pessima,
987 1488 1086 1523 inquit,

1137 260 1249 288 λαύουσι
1266 261 1372 296 μοίρας,
1387 260 1435 288 καὶ
1447 260 1493 287 νῦν
1508 259 1538 286 τὸ
1557 259 1632 295 παρὰ
1645 258 1754 286 πάντων
1770 257 1923 294 ἀνθρώπων

1138 306 1315 342 κομιζόμενοι
1331 307 1354 322 ⁷⁸
1373 306 1467 342 γέρας,
1486 306 1533 332 καὶ
1547 306 1609 338 τοὺς
1626 305 1751 337 αἰωνίους
1775 305 1923 339 στεφάνους

1138 353 1348 388 προσμένοντες.
1370 353 1473 379 Ἐκεῖνο
1487 352 1516 378 δὲ
1537 352 1583 378 τοῦ
1604 351 1780 388 Ἡρακλείτου
1805 352 1877 386 μάλα
1899 351 1923 367 ³⁸

1139 396 1214 433 [HS]
1235 397 1384 432 θαυμάζω,
1401 397 1441 424 ὅτι
1457 405 1466 422 ι
1486 396 1569 424 Μένει
1582 397 1645 428 τοὺς
1664 396 1822 431 ἀνθρώπους
1855 397 1925 423 ἀπο-

1140 443 1306 478 θνήσκοντας
1327 443 1377 469 ὅσα
1393 443 1443 470 οὐκ
1463 443 1588 469 ἕλπονται
1604 442 1666 469 οὐδὲ
1685 443 1814 469 δοκέουσι.
1837 451 1846 467 ι
1861 442 1925 468 Ὅτι

1137 489 1166 516 δὲ
1183 489 1229 516 καὶ
1249 489 1325 521 Θείας
1343 489 1444 524 λήξεως
1461 489 1644 516 ἀπολαύουσιν
1660 489 1688 516 σί
1704 489 1760 515 τῶν
1773 489 1853 515 ὁσίων
1873 488 1925 523 ψυ-

1138 535 1193 570 χαὶ,
1210 535 1256 562 καὶ
1272 535 1286 562 ό
1303 535 1414 562 Πλάτων
1428 535 1577 570 δεδήλωκεν
1590 536 1619 562 ὲν
1631 534 1668 570 τῷ
1684 535 1820 567 Φαίδωνι,
1836 533 1924 568 λέγων

1137 578 1202 608 ὧδε·
1225 590 1234 606 ι
1262 581 1293 607 Οἳ
1317 581 1345 607 δὲ
1364 581 1396 616 δὴ
1424 580 1456 607 ἂν
1473 580 1568 614 δόξωσι
1594 580 1775 616 διαφερόντως
1798 579 1868 614 πρὸς
1895 579 1925 605 τὸ

1138 626 1218 658 ὁσίως
1241 625 1334 660 βιῶναι
1351 625 1372 641 ἰ
1390 625 1597 661 προκεκρῖσθαι,
1615 622 1687 652 οὗτοί
1703 626 1772 652 εἰσιν
1790 625 1815 651 οἱ
1837 624 1922 651 τῶνδε

1140 672 1189 707 μὲν
1201 671 1254 698 τῶν
1271 672 1299 697 ὲν
1310 672 1343 707 τῇ
1360 671 1396 706 γῇ
1415 670 1440 687 ⁸*
1457 671 1694 706 ἀπαλλαττόμενοι
1710 671 1804 706 ὥσπερ
1820 670 1924 705 δεσμω-

1137 717 1244 752 τηρίου,
1264 717 1320 744 ἄνω
1334 717 1363 744 δὲ
1377 718 1417 749 είς
1435 717 1558 752 καθαρὰν
1572 718 1679 752 οἴκησιν
1692 717 1896 751 ἀφικνούμενοι.
1913 725 1922 741 ι

1138 762 1321 797 Προστέθεικε
1348 761 1377 788 δὲ
1401 762 1459 797 μετ’
1481 762 1559 795 ὀλίγα
1584 757 1632 788 καί
1650 761 1756 788 ταῦτα·
1783 770 1791 787 ι
1813 761 1866 787 Καὶ
1886 762 1925 792 εἰς

1138 808 1258 842 οἰκήσεις
1272 806 1312 833 ἔτι
1332 807 1435 834 τούτων
1452 806 1579 837 καλλίους
1600 805 1795 841 ἀφικνοῦνται,
1815 805 1848 836 ἃς
1862 805 1926 831 οὔτε

1140 854 1229 889 ῥᾴδιον
1240 853 1371 889 δηλῶσαι⁹
1381 852 1443 880 οὕτε
1454 853 1468 879 ό
1481 853 1575 888 χρόνος
1583 853 1673 884 ἱκανὸς
1683 853 1711 878 ἐν
1724 852 1762 887 τῷ
1773 852 1897 885 παρόντι.
1914 860 1923 876 ι

1141 900 1199 927 Ἵνα
1212 899 1239 926 δὲ
1257 900 1293 936 μή
1305 909 1347 932 τις
1360 899 1463 926 τούτων
1477 899 1596 930 ἀκούσας
1608 899 1654 925 καὶ
1670 899 1720 933 τῆς
1731 898 1806 930 θείας
1819 897 1926 932 ἐκείνης

1137 945 1276 980 διαγωγῆς
1294 945 1421 980 ἐρασθεὶς
1449 945 1547 979 εὐαγὲς
1564 944 1694 971 ὑπολάϐοι
1707 944 1731 960 ⁸³
1755 944 1785 970 τὸ
1803 944 1848 980 βίᾳ
1872 944 1926 971 τινὶ

1138 992 1185 1019 καὶ
1202 991 1308 1027 ἀνάγκῃ
1328 991 1423 1018 ἑαυτὸν
1439 991 1564 1018 ἐντεῦθεν
1587 990 1743 1024 ἐξαγαγεῖν.
1769 990 1926 1024 ἀναγκαίως

1138 1038 1296 1072 ἐπήγαγεν·
1317 1046 1326 1062 ι
1354 1037 1391 1063 οὺ
1407 1037 1448 1063 δεῖ
1468 1037 1491 1064 δ’
1512 1036 1608 1063 ἑαυτὸν
1630 1035 1655 1052 ⁸⁸
1671 1037 1703 1062 ὲκ
1722 1036 1823 1071 ταύτης
1839 1035 1925 1067 λύειν,

1138 1082 1198 1109 οὐδὲ
1219 1082 1427 1117 ἀποδιδράσκειν
1440 1102 1447 1114 ,
1463 1082 1511 1108 καὶ
1524 1081 1661 1114 ξυνελόντι
1677 1082 1765 1107 εἰπεῖν
1779 1079 1868 1115 κακὴν
1883 1079 1927 1106 λο-

1138 1128 1262 1162 γίζεσθαι
1285 1128 1334 1162 τὴν
1357 1127 1432 1162 ὕλην.
1465 1137 1474 1152 ι
1499 1127 1581 1161 Λέγει
1602 1126 1630 1153 δὲ
1648 1126 1696 1152 καὶ
1712 1126 1750 1157 ὠς
1768 1126 1837 1160 αὐτὴ
1864 1125 1926 1151 καθ’

1138 1173 1222 1208 αὐτὴν
1249 1173 1271 1188 ⁸⁸
1295 1173 1312 1207 ή
1336 1172 1408 1207 ψυχὴ
1434 1171 1567 1207 γενομένη
1587 1171 1697 1198 δύναται
1722 1172 1772 1205 τῆς
1796 1169 1927 1205 ἀληθινῆς

1140 1218 1238 1253 σοφίας
1264 1218 1312 1244 καὶ
1335 1217 1490 1253 κρείττονος
1512 1217 1562 1252 τῆς
1584 1216 1757 1252 ἀνθρωπίνης
1784 1215 1928 1250 δυνάμεως

1141 1263 1319 1300 μεταλαϐεῖν,
1334 1264 1397 1290 ὅταν
1417 1263 1502 1298 αὐτὴν
1514 1263 1528 1289 ὁ
1553 1263 1659 1289 ἐνθένδε.
1674 1262 1744 1297 ἔρως
1761 1262 1800 1294 εἰς
1812 1262 1927 1296 οὐρανὸν

1138 1309 1266 1344 πτερώσῃ
1284 1307 1308 1324 ⁸⁸
1327 1308 1371 1334 διὰ
1388 1308 1437 1342 τῆς
1463 1308 1610 1342 φιλοσόφου
1634 1307 1749 1341 ἀγωγῆς
1767 1307 1808 1338 είς
1825 1306 1854 1333 τὸ
1876 1308 1928 1340 τῆς

1138 1354 1245 1383 ἐλπίδος
1256 1353 1332 1385 τέλος
1341 1353 1519 1389 ἀφικομένην,
1536 1353 1616 1380 ἄλλου
1632 1352 1691 1387 βίου
1706 1351 1790 1378 ἀϊδίου
1800 1351 1823 1367 ⁸⁷
1836 1351 1926 1386 ἀρχὴν

1137 1399 1337 1435 λαμϐάνουσαν.
1356 1399 1411 1425 Καὶ
1426 1397 1503 1430 αὖθις
1520 1399 1550 1425 ὲν
1564 1398 1603 1433 τῷ
1616 1397 1691 1433 αὐτῷ
1704 1397 1821 1432 διαλόγῳ
1836 1397 1925 1431 φησί·

1141 1455 1151 1471 ι
1171 1445 1248 1472 Μετὰ
1262 1445 1367 1480 ἀγαθῆς
1379 1444 1427 1479 μὲν
1440 1444 1546 1475 ἐλπίδος
1554 1444 1603 1475 τὰς
1614 1443 1700 1475 καλὰς
1713 1442 1803 1479 ψυχὰς
1819 1442 1926 1469 ἐνθένδε

1139 1491 1265 1517 ἀπιέναι”
1287 1491 1313 1516 οί
1328 1490 1441 1525 πονηροὶ
1463 1490 1486 1506 ⁸⁸
1508 1490 1537 1516 δὲ
1550 1489 1635 1520 ζῶσι,
1651 1489 1738 1524 φησὶ,
1754 1489 1823 1524 μετὰ
1837 1489 1926 1524 κακῆς

299 1542 363 1563 cum
379 1542 427 1570 spe
438 1534 545 1562 vivunt.
563 1543 572 1559 ι
591 1534 665 1561 Idem
676 1541 787 1569 quoque
799 1534 1000 1569 philosophiam
1015 1541 1087 1561 mor-

1139 1535 1255 1566 ὲλπίδος.
1275 1544 1284 1560 ι
1306 1531 1390 1566 Οὗτος
1403 1534 1450 1561 καὶ
1463 1534 1513 1569 τὴν
1534 1533 1694 1569 φιλοσοφίαν
1709 1534 1826 1560 θανάτου
1845 1534 1926 1568 μελέ-

299 1582 336 1610 tis
347 1581 552 1608 meditationem
567 1587 627 1607 esse
638 1579 707 1606 dixit
720 1580 758 1614 (p.
785 1579 819 1607 64
839 1579 883 1614 A).
908 1589 917 1605 ι
935 1579 987 1612 Qui
1003 1584 1087 1612 recte,

298 1626 399 1663 inquit,
411 1624 613 1661 philosophiam
631 1624 779 1659 attingunt,
792 1625 820 1651 in
834 1631 869 1651 eo
877 1629 941 1652 sunt
956 1628 987 1652 ut
1000 1625 1089 1652 homi-

299 1679 350 1699 nes
364 1672 432 1699 alios
449 1671 569 1698 lateant:
581 1669 804 1704 quandoquidem
816 1670 885 1697 nihil
894 1669 969 1697 aliud
979 1675 1086 1703 curant,

298 1717 477 1751 studentque,
494 1715 547 1742 nisi
567 1719 598 1742 ut
606 1715 768 1747 moriantur,
778 1715 995 1750 mortuiquejam
1003 1715 1084 1742 sint.»

299 1764 363 1791 llaac
388 1763 480 1797 itaque
503 1761 595 1789 omnia
608 1760 635 1788 in
647 1761 777 1788 Phwdone
792 1761 921 1795 scripsit:
937 1761 966 1788 in
979 1761 1088 1788 decimo

299 1814 392 1836 autem
416 1807 573 1843 Reipublicaa
593 1807 666 1834 libro
691 1807 731 1833 sic
753 1806 879 1841 loquitur
901 1806 940 1842 (p.
962 1805 1014 1833 468
1030 1806 1085 1840 E):

303 1865 313 1880 ι
331 1855 370 1882 Ex
381 1854 414 1880 iis
424 1857 514 1880 autem
527 1852 574 1887 qui
589 1852 617 1878 in
630 1851 852 1886 expeditionibus
864 1851 1015 1886 perierunt,
1025 1852 1088 1886 qui-

300 1906 409 1934 cunque
424 1898 551 1925 laudatus
566 1897 684 1929 interiit,
700 1904 791 1924 nonne
810 1897 930 1932 primum
946 1897 1022 1924 aurei
1039 1905 1087 1932 ge-

299 1945 375 1973 neris
408 1951 468 1972 esse
494 1942 640 1970 dicemus?
665 1941 793 1969 Omnino.
813 1951 822 1967 ι
859 1942 999 1977 Pauloque
1025 1946 1087 1977 post

301 1991 340 2026 (p.
364 1990 416 2017 469
443 1989 477 2023 A)
501 1997 508 2015 :
528 1998 536 2013 ι
551 1987 622 2021 Quid
647 1987 760 2014 autem?
776 1995 868 2014 annon
890 1987 918 2014 in
934 1991 1085 2022 posterum,

299 2035 413 2072 perinde
430 2043 462 2062 ac
478 2034 501 2062 si
517 2034 656 2061 daemones
671 2033 710 2061 illi
726 2033 789 2060 facti
809 2032 923 2066 fuerint,
938 2033 979 2060 sic
989 2040 1086 2060 eorum

300 2083 422 2109 colemus
439 2081 576 2115 sepulcra,
591 2084 619 2107 ct
630 2079 806 2106 adorabimus
817 2079 828 2105 ’ί
841 2079 969 2114 idemque
983 2079 1087 2108 facien-

300 2126 366 2153 dum
382 2125 610 2156 existimabimus,
635 2125 718 2152 etiam
742 2132 806 2152 cum
831 2125 910 2152 senio
937 2125 1085 2160 quispiam,

299 2171 382 2208 915
395 2172 438 2198 vel
455 2171 509 2198 alio
524 2170 606 2197 modo
616 2170 727 2202 obierit,
744 2170 823 2197 exiis
837 2171 884 2205 qui
900 2171 928 2198 in
940 2171 996 2198 vita
1007 2179 1086 2206 egre-

1139 1589 1189 1614 την
1209 1580 1332 1608 ἐκάλεσε.
1347 1590 1356 1606 ι
1374 1579 1567 1607 Κινδυνεύουσι
1585 1580 1640 1616 γὰρ
1651 1600 1658 1612 ,
1672 1579 1765 1614 φησὶν,
1785 1580 1842 1606 ὅσοι
1861 1587 1926 1613 τυγ-

1139 1627 1265 1662 χάνουσιν
1281 1625 1369 1661 ὀρθῶς
1384 1626 1532 1661 ἁπτόμενοι
1557 1625 1716 1660 φιλοσοφίας
1735 1625 1769 1657 ”,
1784 1624 1926 1658 λεληθέναι

1138 1672 1200 1703 τοὺς
1214 1671 1309 1703 ἄλλους
1321 1671 1362 1698 ὅτι
1374 1671 1437 1698 ἄλλο
1454 1671 1529 1697 οὐδὲν
1543 1671 1566 1687 ὀ
1578 1670 1782 1706 ἐπιτηδεύουσιν
1798 1671 1875 1697 αὐτοὶ
1886 1691 1893 1703 ,
1908 1669 1926 1705 ἢ

1137 1717 1319 1752 ἀποθνήσκειν
1331 1718 1377 1743 καὶ
1390 1717 1412 1733 ⁹¹
1423 1715 1559 1742 τεθνάναι.
1574 1725 1582 1740 ι
1598 1715 1689 1742 Ταῦτα
1703 1715 1751 1750 μὲν
1762 1713 1807 1741 οὖν
1819 1715 1926 1741 ἅπαντα

1138 1764 1167 1790 ὲν
1183 1762 1221 1798 τῷ
1233 1762 1360 1789 Φαίδωνι
1379 1762 1517 1797 γέγραφεν
1528 1771 1535 1778 ·
1549 1763 1579 1788 ὲν
1594 1761 1622 1788 δὲ
1636 1760 1675 1796 τῷ
1690 1761 1796 1796 δεκάτῳ
1810 1761 1859 1796 τῆς
1874 1763 1926 1787 Πο-

1137 1809 1250 1842 λιτείας
1264 1808 1335 1835 οὕτω
1353 1808 1433 1843 φησί·
1446 1817 1456 1834 ι
1475 1808 1535 1834 Τῶν
1549 1807 1578 1834 δὲ
1592 1807 1624 1842 δὴ
1634 1807 1824 1834 ἀποθανόντων
1841 1807 1887 1833 ἐπὶ
1903 1807 1925 1823 ⁵³

1139 1853 1283 1888 στρατείας
1299 1853 1332 1885 ’³,
1354 1853 1382 1884 ὃς
1400 1853 1433 1879 ἂν
1456 1852 1641 1886 εὐδοκιμήσας
1661 1852 1821 1887 τελευτήσῃ,
1834 1849 1879 1886 ἆρ’
1895 1852 1925 1877 οὺ

1138 1899 1247 1935 πρῶτον
1264 1899 1313 1933 μὲν
1325 1898 1371 1924 τοῦ
1387 1898 1488 1933 χρυσοῦ
1507 1898 1601 1932 γένους
1612 1895 1682 1924 εἶναι
1697 1898 1838 1933 φήσομεν;
1855 1898 1926 1924 Πάν-

1137 1952 1190 1970 των
1208 1943 1334 1978 μάλιστα.
1356 1952 1364 1968 ι
1386 1942 1439 1969 Καὶ
1455 1943 1513 1977 μετ’
1526 1942 1619 1977 ὀλίγα·
1635 1951 1644 1968 ι
1666 1942 1738 1969 Τίδέ
1756 1942 1796 1975 ⁹⁸;
1812 1943 1842 1969 οὐ
1860 1942 1924 1977 μὲλ-

1137 1989 1219 2024 λομεν
1245 1988 1290 2019 τὸν
1308 1988 1399 2015 λοιπὸν
1424 1988 1530 2023 χρόνον,
1553 1988 1590 2019 ῶς
1611 1987 1742 2022 δαίμονας
1768 1988 1924 2023 γεγονότας,

1136 2034 1208 2061 οὕτω
1218 2033 1382 2070 θεραπεύειν
1394 2042 1424 2060 τε
1436 2034 1482 2060 κα)¹
1493 2035 1656 2068 προσκυνεῖν
1665 2033 1755 2060 αὐτῶν
1765 2034 1813 2065 τὰς
1823 2033 1910 2068 θήκας
1918 2053 1925 2065 ,

1137 2082 1171 2108 τὰ
1185 2081 1254 2108 αὐτὰ
1270 2081 1298 2107 δὲ
1320 2080 1465 2115 νομιοῦμεν
1480 2079 1551 2116 [καὶ]
1579 2080 1602 2096 "
1617 2080 1680 2106 ὅταν
1694 2089 1737 2112 τις
1751 2081 1824 2115 γήρᾳ
1838 2080 1855 2115 ἥ
1873 2089 1927 2107 τινι

1137 2125 1209 2160 ἄλλῳ
1227 2125 1321 2160 τρόπῳ
1338 2125 1486 2160 τελευτήσῃ
1499 2124 1521 2140 ⁸⁸
1547 2124 1600 2150 τῶν
1615 2124 1673 2150 ὅσοι
1691 2124 1723 2151 ἂν
1743 2124 1927 2159 διαφερόντως

1138 2173 1167 2197 ὲν
1178 2171 1216 2205 τῷ
1234 2170 1284 2205 βίῳ
1300 2170 1396 2204 ἁγαθοὶ
1411 2169 1542 2204 κριθῶσι;
1563 2179 1572 2194 ι
1593 2170 1652 2196 Κάν
1673 2169 1711 2204 τῷ
1731 2169 1874 2203 Κρατύλῳ
1898 2169 1927 2196 δὲ

300 2218 352 2254 εἰπὲ
361 2217 491 2244 bonitatis
504 2216 591 2244 habiti
603 2217 690 2243 sunt?
705 2226 715 2242 ι
731 2215 783 2243 Sed
793 2221 822 2243 et
832 2217 859 2243 in
870 2216 978 2253 Craton
988 2217 1025 2253 (p.
1035 2218 1087 2246 597

1140 2216 1236 2252 [τόνδε]
1252 2216 1273 2232 ’⁷
1293 2215 1337 2242 τὸν
1361 2215 1439 2249 λόγον
1456 2214 1599 2250 διηύρυνεν
1618 2214 1642 2231 ⁸⁸
1655 2223 1662 2230 ·
1680 2216 1787 2242 ἐπαινεῖ
1807 2214 1860 2250 γὰρ
1881 2215 1928 2241 τδν

301 2263 323 2291 Ε
336 2263 345 2299 )
372 2263 536 2290 sententiam
561 2262 632 2290 hanc
644 2262 728 2289 latius
740 2262 881 2297 explicuit.
894 2263 1001 2290 Laudat
1013 2265 1087 2292 enim

301 2310 451 2338 Hesiodum
464 2314 611 2345 poetasque
625 2309 703 2342 alios,
719 2309 765 2344 qui
776 2309 872 2337 dicunt
884 2310 1088 2343 bonumrhomi-

301 2364 375 2389 nem,
391 2356 445 2384 vita
456 2356 640 2391 perfunctum,
652 2356 758 2383 eximim
771 2356 855 2383 sortis
868 2356 982 2391 gradum
1000 2358 1087 2385 maxi-

301 2409 415 2438 mosque
442 2401 562 2429 honores
590 2401 628 2429 ibi
651 2401 785 2436 accipere,
801 2408 834 2428 ac
849 2401 1000 2429 daemonem
1016 2403 1086 2436 fieri,

1145 2264 1266 2290 Ἡσίοδον
1283 2264 1329 2290 καὶ
1348 2263 1410 2294 τοὺς
1426 2262 1522 2294 ἀλλους
1537 2271 1568 2296 γε
1587 2262 1700 2298 ποιητὰς
1715 2262 1859 2297 εἰρηκότας
1871 2282 1877 2293 ,
1889 2262 1928 2293 ὡς

1138 2309 1246 2336 ἐπειδάν
1261 2317 1302 2340 τις
1315 2308 1416 2342 ἀγαθὸς
1431 2307 1492 2343 [ὢν]
1507 2308 1656 2343 τελευτήσῃ
1678 2308 1712 2340 9”,
1729 2308 1849 2343 μεγάλην
1866 2308 1928 2342 μοῖ-

1140 2365 1189 2392 ραν
1209 2356 1256 2382 καὶ
1269 2355 1352 2390 τιμὴν
1367 2355 1425 2380 ὲκεῖ
1448 2354 1515 2389 ἔχει,
1530 2354 1578 2380 καὶ
1594 2353 1718 2387 γίγνεται
1734 2353 1838 2386 δαίμων
1856 2352 1928 2378 κατὰ

1138 2403 1187 2437 τὴν
1207 2402 1256 2437 τῆς
1276 2401 1433 2436 φρονήσεως
1456 2399 1624 2435 ἐπωνυμίαν.
1644 2399 1736 2434 Ταύτῃ
1753 2397 1800 2425 οὖν
1817 2397 1928 2432 τίθεμαι

950 2494 1068 2523 νΑηιΑῖ
1089 2495 1290 2524 LECTIONES.

336 2565 361 2583 ⁷⁸
397 2564 506 2598 είζονος.
520 2564 645 2600 μείζονας
659 2563 707 2591 V'a.
745 2564 768 2579 ⁷⁹
785 2563 952 2598 κομίζονται.
969 2565 1142 2599 κομιζόμενοι
1171 2564 1190 2590 Β
1203 2564 1354 2598 ἀνθρώπων
1367 2570 1421 2589 om.
1439 2561 1469 2588 C.
1508 2562 1531 2577 ⁸ο
1549 2562 1629 2596 μάλα.
1644 2561 1742 2595 μᾶλλον
1760 2562 1808 2590 Va.
1827 2571 1852 2590 v.
1867 2573 1924 2599 seq.

314 2597 343 2627 ἴα
354 2574 406 2628 νῗ.
425 2607 476 2628 ι)Γο
492 2600 551 2626 ὅσα.
588 2599 611 2615 ⁸¹
625 2598 692 2628 πρὸς
709 2598 954 2628 τῷ-βεῦιωκέναι.
976 2599 1043 2628 πρὸς
1053 2599 1215 2628 τὸ-βιῶναι
1228 2598 1298 2628 B,C.
1314 2597 1360 2624 Va.
1399 2598 1422 2613 ⁸¹
1435 2598 1469 2628 γῇ
1485 2604 1608 2628 suprasc.
1634 2597 1653 2623 Β
1668 2597 1720 2623 τῶν
1734 2598 1762 2623 ἐν
1775 2600 1808 2628 τῇ
1825 2600 1859 2628 γῆ
1877 2600 1924 2628 μὲν

300 2609 343 2627 οια

399 2619 406 2627 .
425 2607 476 2635 pro
492 2597 551 2626 ὅσα.
588 2599 611 2635 '_‘
625 2597 954 2635 πρὸς-τῷῖ-βεδιωκέναι.
976 2597 1043 2633 πρὸς
1053 2597 1216 2635 τδ-βιῶναι
1228 2597 1375 2635 Βςοιγνομ
1393 2598 1422 2635 .⁸¹

300 2635 332 2662 C.
370 2636 393 2651 ⁸³
405 2632 680 2670 ὑπολάὸῃηὺπολάόοι
760 2633 783 2670 ⁸)
799 2633 821 2670 δ’
831 2634 1035 2670 ἑαυτὺνέούδέτ
1046 2635 1074 2660 δὲ
1087 2632 1220 2670 αὑτὸν-ἢ
1237 2634 1282 2660 καὶ
1295 2634 1315 2660 Β
1333 2632 1418 2670 οὐδεὶς
1433 2632 1558 2670 Sena-31p};
1570 2632 1709 2670 ίξῌΜοχιῇ

301 2670 454 2705 διδράσκειν
474 2670 495 2697 C
514 2666 551 2696 "ni
582 2669 671 2696 fallor.
708 2669 731 2684 "
748 2669 843 2703 αὐτήν.
864 2669 962 2703 ἑαυτὴν
977 2669 1006 2701 Β,
1021 2669 1050 2696 C.
1090 2669 1114 2685 ⁸⁸
1131 2666 1269 2704 πτερώσῃ.
1294 2667 1429 2711 πτερώσει
1450 2666 1481 2693 C.

301 2704 325 2721 "‘
341 2705 462 2730 πονηροί.
488 2704 579 2730 πολλοὶ
607 2703 637 2730 Β.
657 2703 741 2730 καλῆς
760 2704 808 2730 Va.
824 2711 874 2730 Dro
898 2704 995 2730 κακῆς.
1051 2704 1073 2720 ⁸³
1095 2704 1262 2730 φιλοσοφίας.
1293 2711 1387 2730 comta:
1404 2701 1434 2729 Ο.

302 2712 325 2721 ’⁸
341 2712 462 2740 πονηροι.
488 2712 579 2731 πολλοι
607 2712 637 2735 ιι,
657 2712 741 2739 καλης
765 2712 808 2730 va.
824 2712 874 2738 pro
898 2712 995 2738 κακης.
1051 2712 1073 2720 οδ
1095 2712 1262 2739 φιλοσοφιας.
1293 2712 1387 2736 σοφιας
1404 2712 1434 2729 υ.
1491 2712 1512 2716 νε
1527 2712 1601 2727 ouoev
1625 2712 1635 2727 ο

302 2740 323 2756 ⁹¹
339 2740 385 2766 καί
400 2749 428 2766 τε
441 2741 487 2766 καὶ
503 2740 531 2766 Β.
581 2740 603 2755 ⁰¹
618 2738 673 2765 ἐπί.
698 2740 725 2764 ὲν
753 2739 782 2770 Β,
799 2739 847 2765 Va.
884 2739 908 2774 f’
924 2739 1074 2771 στρατείας.
1090 2740 1245 2774 στρατείαις
1267 2738 1296 2770 Β,
1315 2737 1345 2765 C.
1359 2737 1420 2774 Mox
1440 2736 1594 2774 τελευτήσει
1605 2737 1635 2763 G.

302 2775 408 2811 ξ’[καὶ]
427 2783 482 2811 om.
507 2773 582 2811 Β,
609 2774 804 2811 Tullianum-11v
825 2773 904 2811 τιςγᾶ
942 2772 1152 2811 Αθστελευτήσῂ.
1180 2774 1336 2807 τελευτήσει
1359 2772 1388 2799 Β.

300 2704 325 2721 ⁸⁸
341 2703 462 2740 πονηροί.
488 2704 579 2731 πολλοὶ
607 2703 637 2735 Β,
657 2703 741 2740 καλῆς
753 2704 874 2740 yaLpro
898 2704 995 2740 κακῆς.

303 2808 439 2843 δῖεῦρυνεν
450 2810 480 2836 Β.
503 2809 644 2844 διηύρυνεν
660 2809 690 2835 C.
729 2809 751 2825 π
767 2808 920 2844 τελευτήσει
935 2808 966 2835 (ἶ.

1485 2597 1653 2641 εειητειξρ.ιβ
1668 2597 1720 2641 τᾶζν
1734 2598 1808 2641 ἐνκτῇ
1825 2597 1925 2641 γήμὲν

1529 2633 1558 2657 ὸν
1570 2633 1590 2657 (ἶ
1616 2633 1675 2658 Mox
1693 2633 1709 2666 ἢ
1726 2633 1787 2659 οὐδὲ
1804 2634 1849 2660 καὶ
1861 2634 1923 2660 ἀπο-

1528 2666 1550 2682 ⁸⁷
1565 2667 1660 2693 ἀϊδίου.
1681 2666 1747 2693 ἰδίου
1773 2667 1794 2694 Β
1818 2676 1873 2695 om.
1887 2669 1917 2695 (Σ.

1491 2701 1513 2716 ⁹⁰
1527 2702 1601 2727 οὐδὲν
1625 2701 1697 2728 ἄλλο,
1716 2702 1780 2728 ἄλλο
1803 2704 1880 2730 οὐδὲν
1896 2703 1923 2731 Β.

1675 2737 1698 2752 ⁸⁵
1712 2737 1786 2764 τῐδέ.
1802 2738 1827 2764 τί
1839 2738 1882 2764 δαί
1896 2738 1922 2764 Β.

1455 2772 1476 2787 9⁷
1496 2769 1593 2807 [τόνδε]
1605 2780 1660 2798 om.
1679 2771 1709 2799 C.
1761 2772 1784 2788 ’⁸
1799 2773 1922 2808 ηὔρυνεν.

344 2876 381 2909 (l)
399 2876 465 2903 Vide
481 2876 565 2902 Clum.
580 2877 654 2903 Alex.
672 2875 770 2902 Slrom.
793 2884 828 2907 ιν,
845 2884 871 2910 p.
894 2876 943 2903 629
958 2877 1059 2904 l‘olter.
1072 2885 1078 2908 ;
1093 2876 1195 2903 Platon.
1211 2875 1301 2903 Phwd.
1318 2883 1344 2909 p.
1361 2875 1394 2901 (i7
1409 2874 1446 2907 C;
1465 2874 1526 2909 Rep.
1544 2883 1561 2906 ι,
1580 2883 1604 2908 p.
1619 2874 1669 2901 330
1683 2875 1714 2901 Ε.
