1965 3051
39 168 104 202 1025

315 163 534 195 (ΞΠᾸΞΟΑΗΠΜ
552 161 702 192 AFFEC’I‘.
719 158 831 189 CURA’l

884 159 1029 189 ‘.—VIII.
1052 159 1100 189 DE
1120 160 1365 190 MARTYRIBUS

1590 160 1658 192 1026

39 224 114 259 κάγὼ
127 223 172 249 τὸν
183 222 306 256 δαήμονα
320 221 414 256 ἄνδρα,
423 220 452 246 ’0
465 219 494 246 δέ
509 227 542 254 γε
563 218 684 249 Ἠσίοδος
698 216 762 252 περὶ
773 214 820 241 τοῦ

884 221 925 240 ιοε
943 219 985 241 est
1007 215 1150 248 scientem,
1168 215 1251 242 ducto
1274 223 1289 242 a
1311 214 1458 250 prudentia
1485 216 1656 249 cognomine-

39 269 136 306 χρυσοῦ
155 268 251 302 γένους
262 267 349 294 ταῦτα
360 266 413 301 ἔφη
425 275 431 281 ·

38 407 135 442 Αὐτὰρ
147 406 250 440 ἐπειδὴ
264 405 352 442 τοῦτο
369 406 376 421 ¹
387 405 472 442 γένος
482 403 557 442 κατὰ
567 402 643 437 μοᾷ)’
657 400 822 442 setting/er,

40 445 71 469 Ol
84 436 141 477 μέν
154 443 164 458 ¹
178 436 320 475 δαίμονες
337 436 598 477 ἀγολοὶλέῖξιχθόγιοι
610 436 787 477 -καᾼέονλςαι,

44 471 164 505 Ἕὰθλοι
173 471 382 510 ’,ἀλεξικάκοὶ,
391 471 524 509 φύλακές
530 472 645 506 θνητῶν
651 471 822 504 ἀνθρώπων.

72 534 106 561 Εἰ
121 533 211 560 τοίνυν
226 533 272 560 καὶ
290 534 304 559 ὁ
320 531 436 567 ποιητὴς
456 531 504 557 καὶ
519 529 630 560 ἐσθλοὺς
642 529 653 544 ⁸
673 528 720 555 καὶ
736 527 825 560 ἀλεξι-

39 579 140 610 κάκους
155 578 201 604 καὶ
214 577 336 612 φύλακας
357 575 463 610 θνητῶν
477 574 526 601 ἀνθ
531 573 629 608 ρώπων
651 572 714 603 τοὺς
726 571 826 607 ἄριστα

39 624 216 659 βεϐιωκότας,
244 619 305 649 εἶτα
329 621 567 655 τελευτήσαντας,
586 617 824 654 προσηγόρευσεν,

38 669 171 704 ικράτυνε
190 668 218 695 δὲ
231 668 278 695 τοῦ
292 666 404 702 ποιητοῦ
417 666 463 692 τὸν
478 666 488 681 ⁸
504 665 583 699 λόγον
602 664 656 691 τῶν
674 663 826 698 φιλοσόφων

38 716 50 742 6
63 715 185 750 ἄριστος,
198 714 247 740 καὶ
261 713 361 748 χρῆναι
373 712 426 746 ἔφη
437 711 484 737 καὶ
494 709 656 745 θεραπεύειν
666 709 768 735 τούτων
780 709 827 734 καὶ

38 761 202 796 προσκυνεῖν
217 758 292 795 [H9]
309 757 358 790 τὰς
375 757 473 793 θήκας,
485 756 511 783 τί
532 757 633 791 δήποτε
657 756 667 771 ⁸
686 754 826 790 μέμφεσθε

38 809 94 839 τοῖς
112 806 177 841 παρ’
193 806 271 842 ἡμῶν
283 804 464 839 γιγνομένοις,
479 799 501 829 ὧ
517 802 669 837 βέλτιστοι;
687 801 756 833 Τοὺς
773 800 827 835 γὰρ

39 854 68 880 ἒν
84 852 213 888 εὐσεϐείᾳ
228 851 388 886 λάμψαντας
398 870 405 881 ,
419 849 467 876 καὶ
483 848 551 884 ὑπὲρ
567 847 668 882 ταύτης
686 846 736 882 τὴν
758 854 828 880 σφα-

39 899 91 934 γὴν
117 897 299 933 δεξαμένους,
326 895 507 928 ἀλεξικάκους
537 894 619 929 ἡμεῖς
643 893 690 919 καὶ
717 892 825 926 ἰατροὺς
842 889 862 916 Β

39 944 209 979 ὀνομάζομεν
220 963 227 974 ,
244 943 273 968 οὐ
294 942 426 976 δαίμονας
442 939 590 969 καλοῦντες
610 937 661 973 (μὴ
675 936 747 963 οὕτω
763 936 827 962 λυτι-

39 988 210 1024 τήσαιμεν),
231 987 300 1014 ἀλλὰ
318 985 381 1021 Θεῷ
403 985 413 1001 ⁷
438 985 532 1019 φίλους
559 983 606 1010 καὶ
630 982 723 1013 εὔνους
746 981 828 1017 θερά-

40 1044 152 1068 ποντας,
165 1033 307 1070 παρρησίᾳ
323 1032 492 1068 χρωμένους,
505 1031 554 1057 καὶ
571 1029 626 1056 τῶν
641 1027 750 1063 ἀγαθῶν
763 1028 828 1063 ἡμῖν

41 1080 261 1115 ἐπαγγέλλοντος
279 1079 328 1113 τὴν
352 1077 448 1113 φοράν.
464 1075 549 1103 Τοῦτο
574 1075 628 1110 γὰρ
644 1074 675 1109 δὴ
687 1074 697 1090 ⁸
713 1073 761 1100 καὶ
775 1073 828 1100 τῶν

41 1126 196 1161 φιλοσόφων
213 1125 301 1161 [ἡμῖνῖ
319 1125 329 1140 ⁹
352 1125 366 1151 ὁ
391 1123 537 1159 κορυφαῖος
561 1122 590 1148 ἐν
616 1122 649 1156 τῇ
666 1118 829 1154 Ἐπινομιδι

40 1173 202 1207 δεδήλωκεν,
231 1172 302 1206 Ἔφη
331 1169 404 1206 γάρ·
429 1178 437 1195 ι
467 1168 504 1195 Οὔ
526 1176 597 1203 φημι
621 1165 691 1194 εἶναι
718 1165 829 1192 δυνατὸν

40 1216 197 1253 ἀνθρώποις
221 1215 366 1252 μακαρίοις
388 1222 416 1240 τε
440 1213 486 1240 καὶ
512 1212 653 1247 εὐδαίμοσι
681 1210 827 1245 γενέσθαι,

41 1263 113 1298 πλὴν
123 1262 220 1296 ὀλίγων
229 1269 236 1276 ·
252 1261 332 1296 μέχρι
346 1268 399 1294 περ
411 1259 443 1286 ἄν
455 1258 556 1294 ζῶμεν,
571 1258 650 1284 τοῦτο
663 1256 828 1292 διορίζομαι·

42 1307 113 1341 καλὴ
137 1306 166 1332 δὲ
191 1305 269 1336 ἐλπὶς
299 1303 492 1337 τελευτήσαντι
523 1302 615 1336 τυχεῖν
649 1301 786 1327 ἁπάντων.
818 1309 827 1326 ι

48 1351 183 1387 Ἀτεχνῶς
203 1350 232 1377 δέ
256 1357 287 1384 γε
305 1347 383 1375 τοῦτο
407 1347 479 1373 ἔοικε
496 1348 552 1378 τοῖς
570 1346 622 1372 ὑπὸ
636 1346 686 1381 τῆς
702 1345 776 1377 θείας
792 1345 832 1372 εἰ·

45 1398 176 1434 ρημένοις
200 1395 331 1432 Γραφῆςν
358 1403 367 1420 ι
381 1393 428 1428 Μὴ
447 1392 602 1428 μακαρίσῃς
616 1391 701 1427 ἄνδρα
718 1390 770 1425 πρὸ
788 1399 832 1417 τε-

43 1444 142 1479 λευτῆς
158 1442 255 1470 αὑτοῦ·
274 1451 283 1468 ›
303 1440 349 1467 καί
363 1440 399 1455 ⁸ο·
417 1449 426 1465 ι
441 1438 501 1471 Φῶς
516 1437 629 1470 δικαίοις
645 1437 805 1468 διαπαντός·
819 1446 829 1463 ι

45 1491 111 1517 καί”
131 1499 140 1515 ι
160 1488 252 1523 Ψυχαὶ
268 1487 380 1514 δικαίων
398 1486 426 1512 ὲν
445 1485 517 1521 χειρὶ
531 1484 615 1512 Θεοῦ·
635 1493 644 1510 ι
666 1484 714 1510 καὶ
730 1483 764 1510 τὰ
774 1483 833 1509 τού·
856 1496 862 1501 -

43 1544 102 1567 τοις
117 1534 279 1570 προσόμοια.

81 1581 145 1607 Ὀτι
168 1579 196 1606 δὲ
221 1580 268 1606 καὶ
292 1579 346 1609 τοῖς
366 1577 480 1608 δικαίοις
500 1576 610 1612 ὕϐρεις,
629 1577 677 1603 καὶ
690 1576 833 1612 λοιδορίας,

45 1625 95 1653 καὶ
115 1625 209 1656 αἰκίας
227 1623 266 1656 ¹¹,
292 1622 339 1650 καὶ
359 1622 494 1657 μάστιγας
515 1621 586 1648 κατὰ
607 1621 654 1648 τὸν
668 1621 790 1657 παρόντα
814 1622 834 1636 ¹¹

46 1672 105 1706 βίον
135 1670 322 1704 ξυνεκλήρωσε
352 1667 407 1694 τῶν
433 1667 502 1694 ὅλων
530 1668 544 1693 ὁ
570 1666 726 1702 Πρύτανις,
756 1668 802 1693 καὶ
822 1668 836 1693 6

46 1717 162 1744 Πλάτων
189 1717 218 1742 ὲν
244 1716 277 1750 τῇ
304 1714 445 1746 Πολιτείᾳ
473 1713 680 1748 ξυγγέγραφεν·
717 1721 726 1738 ‹
758 1712 836 1739 Οὕτω

46 1763 102 1798 γὰρ
118 1781 126 1794 ,
156 1761 222 1796 φησὶ¹
248 1781 255 1794 ,
294 1759 465 1794 διακείμενος
499 1759 514 1784 ὁ
540 1758 643 1790 δίκαιος
661 1778 669 1791 ,
709 1758 836 1793 αίκισῡή-

47 1816 147 1840 σεται,
179 1805 435 1842 οπρεϐλωθήσεται,
466 1804 630 1839 δεθήσεται,
652 1804 837 1838 έκκοπήσεται

47 1854 88 1881 τὼ
105 1852 248 1888 ὀφθαλμὼ,
265 1851 398 1878 τελευτῶν
415 1850 438 1866 ’³
454 1851 544 1877 πάντα
569 1850 642 1877 κακὰ
660 1850 753 1877 παθὼν
772 1850 837 1876 ἀναα-

49 1899 309 1934 σκινδαλευθήσεται
339 1897 372 1924 ¹⁸.
398 1897 456 1924 Οὐκ
484 1895 531 1923 οὖν
561 1895 710 1931 τρισάθλιοι
739 1896 787 1931 μὲν
812 1896 838 1922 ot

48 1946 139 1973 ταῦτα
156 1943 297 1975 ποιοῦντες
309 1964 317 1975 ,
341 1942 491 1978 τρισόλὸιοι
513 1941 553 1971 δὲ,
565 1942 590 1967 οἱ
605 1941 754 1975 πάσχοντες
771 1941 810 1972 ¹⁵;
827 1950 835 1966 ι

53 1993 116 2018 Ὀτι
131 1991 160 2018 δὲ
179 1990 226 2017 καὶ
242 1988 431 2024 ἐπιμελεῖσθαι
448 1987 502 2013 τῶν
519 1986 697 2022 ἀνθρωπείων
712 1987 734 2002 ¹⁸
745 1987 840 2014 δύναν-

49 2047 96 2064 ται
112 2035 286 2072 πραγμάτων
297 2035 325 2062 αι
339 2028 396 2061 τῶν
412 2033 492 2060 ὁσίων
514 2032 608 2068 ψυχαὶ,
625 2033 672 2059 καὶ
686 2032 733 2059 τοῦ
747 2033 840 2067 σώμα-

50 2091 98 2113 τος
126 2083 146 2098 ιτ
167 2081 246 2112 ὲκτὸς
272 2080 427 2114 γενόμεναι,
440 2079 454 2104 ὸ
468 2078 579 2105 Πλάτων
602 2078 648 2104 καὶ
661 2077 741 2104 τοῦτο
755 2079 783 2104 ἐν
801 2076 840 2112 τῷ

51 2127 189 2161 ἑνδεκάτῳ
208 2126 230 2142 ι’
243 2125 298 2152 τῶν
312 2125 418 2158 Νόμων
444 2123 564 2156 ἐδίδαξε·
583 2122 657 2157 λέγει
684 2123 712 2149 δὲ
735 2122 839 2154 οὕτως·

55 2181 65 2198 ι
87 2172 136 2203 Εἷς
160 2180 220 2198 τινα
243 2171 264 2186 ¹⁹
286 2170 340 2205 γὰρ
360 2168 406 2196 οὖν
430 2178 474 2204 μοι
489 2169 583 2204 καιρὸν
608 2169 759 2203 φαινόμεθα
778 2169 842 2200 τοὺς

874 259 932 286 Hoc
945 260 1029 295 igitur
1039 261 1066 287 in
1080 260 1141 288 loco
1157 263 1165 270 '
1177 261 1310 288 scientem
1326 268 1435 295 quoque
1448 260 1587 287 hominem
1599 261 1658 287 col-

873 305 944 352 loco.
954 306 1091 353 llesiodus
1106 314 1172 333 vero
1188 307 1222 334 de
1238 307 1314 334 aurei
1330 307 1438 342 generis
1449 306 1608 334 hominibus
1623 307 1660 335 ita

872 353 974 375 θεριιιιι
986 357 993 374 ζ

874 401 908 439 et
923 407 1061 437 postquam
1075 412 1156 439 genus
1171 405 1217 431 hoc
1232 409 1304 431 terra
1319 413 1388 432 mors
1403 405 1489 432 obruit
1504 405 1576 438 alta,

874 437 1011 472 Daemones
1025 439 1052 466 Ιιὶ
1064 437 1149 465 sancti
1164 444 1297 466 terrestres
1314 440 1362 466 rite
1377 444 1520 472 vocantur,

875 471 998 501 Custodes
1012 475 1156 506 hominum,
1172 479 1262 501 nostra
1277 475 1330 501 hac
1345 476 1437 510 quibus
1451 477 1541 502 omnia
1556 481 1632 504 cum.

910 530 988 563 Quod
999 530 1022 557 si
1037 533 1128 566 poeta,
1143 535 1170 558 et
1185 529 1282 562 bonos,
1298 535 1326 558 et
1340 531 1474 558 malorum
1491 531 1661 566 depulsuros,
1703 545 1706 549 -

875 580 903 603 et
914 576 1042 604 custodes
1063 576 1218 603 mortalium
1233 577 1340 604 vocavit
1355 585 1402 604 eos
1413 578 1461 612 qui
1474 579 1575 613 optime
1587 580 1662 606 vixe<

877 625 951 654 runt,
963 621 1064 648 deinde
1079 622 1180 649 mortui
1198 626 1273 654 sunt,
1287 623 1399 658 ejusque
1422 624 1585 651 sententiam
1600 625 1662 659 phi-

876 667 1053 702 losophorum
1069 668 1313 702 praestantissimus
1325 668 1507 701 conﬁrmavit,
1521 674 1602 704 atque
1616 670 1664 696 ho-

877 720 939 739 rum
954 712 1078 747 sepulcra
1100 713 1214 740 colenda
1229 718 1258 740 et
1276 714 1414 741 adoranda
1427 715 1535 742 censuit
1551 723 1557 741 :
1572 723 1632 750 quae
1648 723 1664 742 a

878 758 957 785 nobis
974 758 1051 790 ﬁunt,
1077 758 1173 793 optimi
1195 759 1258 791 viri,
1273 767 1322 786 cur
1341 760 1499 787 damnatis?
1519 761 1574 788 Nos
1590 762 1664 789 enim

878 804 937 838 pari
952 803 1035 830 modo
1047 824 1053 836 ,
1071 811 1120 831 eos
1134 804 1180 838 qui
1197 804 1299 839 pietate
1320 805 1489 837 claruerunt,
1507 814 1612 841 proque
1633 815 1664 834 ea

879 850 940 876 caesi
963 853 1043 882 sunt,
1065 850 1199 877 malorum
1215 850 1378 886 depulsores
1391 856 1420 878 et
1439 852 1560 879 medicos
1575 853 1664 879 uomi-

877 903 992 927 namus;
1008 895 1145 923 dazmonas
1167 904 1223 923 non
1245 897 1414 932 appellamus
1431 896 1526 932 (absit
1551 905 1566 924 a
1586 898 1666 925 nobis

879 941 924 968 hic
934 941 1010 968 furor
1020 941 1051 976 ί),
1061 941 1109 968 sed
1120 941 1168 969 Dei
1181 941 1284 970 amicos
1296 949 1445 977 servosque
1458 943 1616 975 benevolos,
1631 943 1665 969 li-

878 986 984 1014 bertate
998 992 1117 1019 utentes,
1135 987 1324 1022 bonorumque
1338 988 1443 1022 copiam
1457 988 1537 1015 nobis
1553 989 1666 1023 promit-

879 1036 989 1060 tentes.’
1004 1032 1084 1066 Quod
1112 1033 1200 1068 ipsum
1226 1033 1308 1061 etiam
1333 1033 1558 1068 philosophorum
1585 1033 1669 1070 916

878 1079 1008 1114 princeps
1033 1079 1061 1107 in
1086 1079 1242 1114 Epinamide
1267 1079 1304 1106 ita
1329 1079 1478 1106 declaravit
1495 1080 1532 1114 (p.
1548 1079 1599 1106 975
1612 1078 1665 1115 C):

883 1134 892 1150 ι
913 1125 990 1152 Haud
1004 1133 1069 1152 sane
1082 1125 1199 1153 dixerim
1220 1132 1299 1159 posse
1312 1124 1437 1152 homines
1453 1124 1548 1152 beatos
1561 1132 1593 1152 ac
1605 1125 1667 1152 feli-

879 1178 926 1199 ces
947 1171 1075 1202 evadere,
1102 1171 1199 1207 paucis
1213 1170 1345 1205 exceptis.
1370 1170 1461 1197 Donec
1485 1169 1613 1202 vivimus,
1631 1171 1666 1198 ita

880 1217 999 1243 decerno
1012 1225 1018 1243 ε
1035 1217 1107 1243 bona
1120 1220 1162 1244 est
1177 1220 1268 1243 autem
1290 1221 1400 1243 mortuo
1413 1223 1475 1251 spes
1496 1216 1585 1244 omnia
1601 1224 1668 1243 con-

880 1261 1025 1296 sequendi.
1045 1270 1054 1286 ι
1082 1260 1159 1300 Quod
1173 1261 1284 1295 quidem
1300 1261 1378 1288 aﬂine
1391 1269 1503 1295 prorsus
1511 1266 1553 1288 est
1562 1261 1595 1288 iis
1610 1268 1670 1295 quae

882 1306 909 1333 in
924 1314 1000 1333 sacra
1023 1305 1165 1341 Scriptura
1190 1306 1320 1333 dicuntur
1337 1315 1344 1333 :
1365 1316 1374 1332 ι
1397 1306 1436 1333 Ne
1454 1306 1562 1333 beatum
1574 1314 1670 1341 quem—

881 1358 963 1385 quam
975 1350 1074 1377 feceris
1089 1353 1152 1377 ante
1164 1350 1255 1377 obitus
1266 1350 1308 1377 sui
1321 1350 1394 1377 diem
1404 1349 1436 1382 ll;
1455 1359 1464 1375 ι
1479 1354 1506 1376 ct
1521 1359 1527 1376 :
1545 1359 1553 1375 ι
1566 1349 1670 1383 Usque-

882 1403 990 1431 quaque
1015 1394 1108 1423 lumcu
1129 1396 1229 1431 justisi
1245 1404 1252 1428 ;
1270 1405 1279 1421 ι
1298 1400 1327 1423 et
1347 1404 1354 1423 :
1380 1404 1390 1421 ι
1407 1395 1550 1422 Justorum
1573 1394 1670 1421 anima:

885 1442 914 1468 in
926 1449 1008 1469 manu
1022 1442 1070 1469 Dei
1082 1446 1146 1469 sunt
1159 1441 1166 1466 ί
1181 1450 1204 1474 ;›
1220 1446 1248 1469 et
1261 1449 1322 1476 quae
1334 1441 1377 1469 his
1386 1440 1495 1468 similia.

920 1582 998 1616 Quod
1015 1584 1106 1609 autem
1123 1581 1206 1608 etiam
1221 1581 1311 1616 justos
1331 1580 1359 1606 in
1372 1580 1423 1606 hac
1441 1580 1497 1606 vita
1512 1577 1630 1613 injuriis,
1645 1582 1674 1605 et

885 1628 1070 1660 contumeliis,
1087 1627 1226 1662 plagisque
1243 1633 1274 1653 ac
1288 1625 1451 1652 verberibus
1468 1624 1602 1651 addixerit
1615 1631 1675 1650 om-

885 1673 962 1700 nium
979 1673 1092 1704 Rector,
1114 1671 1186 1698 idem
1202 1671 1278 1698 Plato
1294 1670 1321 1696 in
1341 1669 1479 1704 Republica
1497 1672 1612 1695 testatur
1634 1668 1672 1702 (p.

886 1718 949 1754 36!)
965 1726 972 1744 τ
991 1727 1000 1743 ‹
1018 1717 1112 1744 Justus
1124 1715 1209 1748 enim,
1221 1715 1320 1749 inquit,
1339 1715 1376 1745 ita
1395 1716 1573 1748 praeparatus,
1585 1711 1674 1739 caade-

888 1769 943 1796 tur,
971 1761 1144 1797 torquebitur
1157 1781 1164 1793 ,
1195 1759 1378 1795 colligabitur,
1397 1758 1484 1786 oculis
1501 1757 1673 1793 privabitur:

887 1815 1039 1843 cunctaque
1056 1807 1175 1841 denique
1191 1813 1349 1840 perpessus,
1363 1808 1500 1839 postremo
1516 1803 1598 1830 etiam
1615 1810 1676 1829 sus-

887 1855 1032 1890 pendetur.
1048 1853 1156 1880 Annon
1174 1852 1266 1885 itaque
1286 1849 1433 1877 miserrimi
1447 1849 1495 1884 qui
1508 1849 1551 1876 his
1567 1848 1676 1875 damnis

888 1899 1009 1926 afﬁciunt
1021 1918 1028 1930 ,
1059 1896 1209 1925 felicissimi
1225 1903 1291 1922 vero
1313 1894 1362 1929 qui
1381 1892 1542 1929 patiuntur?
1560 1902 1569 1918 ι
1593 1893 1676 1920 Posse

889 1949 981 1971 autem
1004 1947 1161 1970 sanctorum
1177 1941 1293 1972 animas,
1307 1939 1390 1966 etiam
1405 1946 1469 1966 cum
1487 1942 1564 1965 extra
1575 1945 1676 1972 corpus

889 1989 1002 2020 fuerint,
1019 1987 1163 2015 hominum
1184 1993 1281 2013 curare
1305 1983 1423 2019 negotia,
1447 1984 1524 2010 Plato
1549 1983 1622 2010 idem
1647 1983 1676 2010 iu

890 2034 1036 2062 undecimo
1055 2032 1153 2067 Legum
1177 2030 1249 2058 libro
1266 2030 1310 2056 his
1323 2029 1416 2056 verbis
1437 2028 1552 2055 aﬂirmat
1567 2027 1604 2063 (p.
1625 2027 1677 2054 926

890 2079 946 2115 E):
967 2087 976 2104 ι
999 2079 1158 2112 Opportune
1182 2075 1265 2110 igitur
1282 2082 1314 2101 ea
1334 2080 1396 2108 qua
1420 2072 1547 2108 superius
1564 2075 1677 2098 tractata

891 2129 955 2153 sunt
967 2123 1053 2152 locuti
1064 2123 1200 2154 videmur,
1213 2120 1319 2148 animas
1332 2118 1460 2146 videlicet
1473 2117 1677 2150 defunctorum,

892 2174 1037 2206 postquam
1053 2175 1087 2195 ex
1113 2167 1164 2194 hac
1177 2166 1233 2194 vita
1252 2163 1428 2195 excesserint,
1452 2163 1508 2190 vim
1532 2161 1678 2197 quamdam

53 2216 209 2252 ἔμπροσθεν
221 2216 317 2250 λόγους
337 2215 494 2248 διεξελθεῖν,
510 2215 548 2246 ὡς
564 2215 618 2250 ἄρα
637 2215 665 2241 αἱ
681 2214 735 2242 τῶν
751 2215 827 2241 τελευ

893 2217 973 2252 917
986 2215 1100 2247 habere,
1118 2221 1150 2241 ac
1164 2213 1198 2241 de
1222 2213 1304 2240 rebus
1319 2211 1448 2238 humanis
1464 2217 1558 2237 curam
1573 2216 1680 2245 gerere.

53 2262 195 2298 τησάντων
210 2262 294 2296 ψυχαὶ
314 2261 428 2296 δύναμιν
451 2260 543 2296 ἔχουσί
557 2269 618 2288 τινα
633 2261 837 2297 τελευτήσασαι,

54 2308 102 2335 καὶ
123 2307 178 2334 τῶν
198 2307 258 2334 κατ’
274 2306 435 2342 ἀνθρώπους
452 2306 622 2342 πραγμάτων
636 2307 839 2342 ἐπιμελοῦνται.

54 2353 150 2381 Ταῦτσ.
164 2353 191 2380 δὲ
210 2353 319 2387 ἀληθεῖς
348 2353 406 2387 μὲν,
426 2353 526 2388 μακροὶ
541 2353 570 2379 δέ
592 2354 646 2380 εἰσι
668 2354 841 2389 περιέχοντες

53 2400 146 2433 λόγοι·
164 2397 303 2424 πιστεύειν
326 2398 349 2413 ¹⁰
365 2398 394 2424 δὲ
419 2400 479 2430 ταῖς
499 2397 552 2434 [τε]
571 2399 592 2414 ¹¹
614 2398 708 2431 ἄλλαις
734 2401 839 2435 φήμαις

54 2443 144 2480 χρεὼν
158 2443 223 2480 περὶ.
245 2443 280 2470 τὰ
301 2443 423 2475 τοιαῦτα,
448 2443 519 2470 οὕτω
544 2443 655 2476 πολλαῖς
672 2446 719 2472 καὶ
737 2445 839 2482 σφόδρα

91 2522 106 2543 II
123 2521 210 2550 Sirac.
224 2530 254 2555 ιι,
273 2521 317 2548 29.
358 2523 366 2542 ί
385 2521 465 2550 Prov.
483 2529 519 2554 Iv,
533 2521 576 2548 18.
616 2522 623 2547 i
647 2522 710 2558 Sap.
728 2532 767 2557 ιιι,
787 2525 810 2551 'l.

894 2264 1041 2291 Sermones
1053 2268 1119 2288 vero
1131 2259 1179 2295 qui
1190 2259 1224 2286 de
1237 2258 1282 2285 his
1296 2258 1379 2285 rebus
1386 2256 1534 2287 habentur,
1547 2254 1605 2282 veri
1619 2253 1679 2289 qui-

894 2309 967 2341 dem,
987 2307 1035 2336 sed
1049 2307 1123 2342 longi
1145 2309 1219 2333 sunt.
1233 2303 1407 2332 Credendum
1419 2306 1460 2329 est
1473 2306 1563 2329 autem
1579 2303 1607 2328 et
1618 2300 1679 2327 aliis

894 2362 1003 2391 quoque
1014 2355 1023 2364 ⁴
1035 2351 1237 2381 narrationibus
1249 2357 1309 2385 quze
1320 2350 1378 2377 haec
1388 2348 1468 2375 nobis
1483 2346 1603 2378 tradunt,
1617 2352 1679 2372 cum

894 2400 963 2428 adeo
977 2405 1005 2427 et
1017 2398 1137 2433 antiquae
1150 2402 1178 2424 et
1191 2397 1283 2424 multa:
1291 2396 1356 2423 sint.
1371 2393 1545 2422 Credendum
1564 2398 1680 2427 prseter-

893 2455 926 2475 ea
944 2451 973 2475 et
999 2447 1034 2474 iis
1049 2445 1096 2481 qui
1112 2446 1185 2480 leges
1207 2444 1339 2475 tulerunt,
1367 2442 1404 2469 ita
1420 2442 1479 2469 haec
1489 2447 1519 2468 se
1534 2439 1647 2467 habere.
1666 2447 1676 2463 ι

707 2599 822 2628 νΑιιιλΕ
842 2600 1044 2629 LECTIONES.

92 2657 100 2692 ξ
116 2657 204 2692 ceam,
219 2656 298 2692 τοῦτο
309 2655 342 2692 to
394 2655 433 2692 __‘
444 2655 468 2692 οἱ
483 2655 727 2692 μὲνῖ-καλέονται,
743 2658 784 2683 τοὶ
801 2657 848 2690 μὲν
871 2657 997 2692 δαίμονες
1010 2656 1078 2683 είσὶν
1090 2655 1164 2692 ait;
1181 2653 1309 2692 7115163933
1331 2649 1516 2692 6I96031d<9
1556 2649 1566 2665 ³
1579 2646 1678 2692 ἔσρλῆί·

56 2691 146 2719 ἐσθλοὶ
156 2692 178 2718 δ’
191 2691 220 2719 Β.

276 2691 287 2707 ⁸
303 2689 549 2727 καὶ-ἐσβλούςίκαὶ
563 2698 618 2727 o_m.
639 2690 671 2727 ς.
693 2691 741 2727 καῖ
753 2689 815 2718 ante
827 2692 842 2727 δ
858 2689 971 2727 ποιητὴς
997 2699 1052 2719 om.
1076 2691 1124 2727 _Va.

1180 2682 1197 2706 ⁵’
1209 2682 1238 2715 δέ
1249 2687 1323 2714 τόνδε
1336 2686 1392 2712 τόν.
1405 2686 1433 2712 δὲ
1447 2685 1494 2712 τοῦ
1507 2683 1619 2718 ποιητοῦ
1633 2682 1681 2709 τὸν

56 2717 100 2754 is?
125 2717 335 2767 δέῆτῐ-,δήποτε
348 2725 369 2752 B
392 2717 620 2768 Mox‘uéweqem
636 2725 667 2753 c.
706 2717 886 2761 1055:6513
899 2717 932 2753 n‘.’
1002 2717 1056 2762 ἧι
1075 2717 1117 2787 :3.
1135 2725 1166 2759 δὴ
1180 2732 1234 2751 om.
1252 2723 1282 2750 Β.
1321 2720 1431 2757 suum]
1456 2717 1569 2761 0511.0;
1595 2719 1616 2734 ιο
1633 2717 1680 2743 καὶ

57 2770 112 2787 om.
126 2762 156 2787 Β.
175 2766 203 2787 et
213 2769 253 2787 sne
264 2761 307 2787 19.
347 2761 368 2776 “
387 2759 488 2787 αἰκίας.
501 2759 607 2787 ἀδικίας
620 2761 649 2787 Β.
696 2762 718 2777 ¹¹
732 2761 806 2787 τόνδε
821 2762 876 2787 τόν.
893 2762 938 2787 τὸν
951 2764 1073 2787 παρόντα
1113 2782 1117 2787 .
1159 2761 1180 2776 ³³
1192 2758 1355 2786 τελευταῖον.
1373 2756 1506 2782 τελευτων
1518 2755 1549 2787 Β,
1560 2753 1591 2782 C.
1609 2753 1677 2780 Tum

57 2770 112 2789 om.
126 2762 156 2794 B.
175 2759 203 2790 et
213 2761 253 2789 sic
263 2759 307 2789 19.
347 2761 368 2797 ¹έ
387 2759 488 2797 αἰκίας.
501 2759 649 2797 ἁδικέαςλΒ.
696 2762 718 2777 ¹¹
732 2761 806 2788 τόνδε
821 2759 876 2788 τόν.
893 2762 938 2788 τὸν
951 2759 1073 2797 παρόντα

56 2797 92 2823 τὰ
103 2801 163 2824 post
178 2797 266 2823 πάντα
278 2804 333 2824 οιιι.
353 2795 384 2823 Β.
423 2794 445 2811 ίῖ
458 2795 630 2822 ἁνασκινδαλ.
644 2796 815 2824 ἀνασκινδυλ.
831 2797 862 2824 C.

1159 2753 1180 2776 ί²
1192 2753 1355 2786 τελευταῖονῖ
1366 2753 1506 2782 ’τελευτῶν
1518 2755 1549 2787 Β,
1560 2753 1591 2782 C.
1609 2753 1677 2780 Tum

912 2797 933 2812 ¹⁵
946 2798 970 2823 οἱ
988 2788 1188 2831 ίτάοκχοντεςηοί
1210 2794 1295 2831 ταῦτα
1311 2801 1342 2819 π.
1363 2791 1415 2831 Vb.1
1453 2788 1678 2831 ‘E-dVOPw‘lﬂ'VtﬂV.

59 2824 278 2868 dydpumetmvﬁ.
308 2830 404 2868 γῆζτοζι
426 2829 560 2868 σώμριτος.
576 2831 622 2858 τοῦ
640 2838 694 2859 om.
707 2831 736 2859 Β.
777 2832 797 2848 ¹⁸
812 2833 957 2868 ἑνδεκάτῳ.
975 2824 1078 2866 δεκάὲἱμ
1100 2824 1134 2863 Β,
1148 2830 1179 2858 C.
1220 2830 1312 2856 ¹⁹τινα
1327 2833 1382 2855 om.
1395 2825 1426 2852 Β.
1464 2827 1486 2842 ¹⁰
1499 2824 1680 2853 πιστεύειν-

59 2864 152 2899 οΰσὰις
165 2874 220 2895 om.
236 2866 266 2893 Β.
305 2867 325 2882 ²¹
341 2865 394 2902 [τε]
408 2872 463 2892 om.
478 2864 508 2892 (Σ.
