1965 3051
234 86 300 122 1031

743 85 986 115 THEODORETI
1007 85 1175 114 EPISCOPI
1195 85 1377 115 CYRENSIS

1798 87 1811 119 1
1817 87 1880 119 032

234 148 281 182 qui
300 143 467 181 privatorum
481 142 614 176 sepulcris
631 141 737 176 obtigit.
757 141 789 167 Et
803 146 891 168 tamen
913 141 1021 168 stultio-

1088 148 1182 174 ιηνται,
1204 141 1272 168 ἀλλὰ
1286 142 1333 168 καὶ
1352 139 1435 176 ἧσσον
1453 142 1473 157 ⁸⁷
1491 142 1544 168 τῶν
1562 141 1673 169 ἰδιωτῶν
1694 145 1879 179 μετεσχήκα-

236 201 279 220 res
289 191 400 226 quidam
413 190 533 220 fuerunt,
550 188 597 222 qui
612 193 639 214 et
655 187 721 214 deos
735 195 794 214 sese
808 187 1024 222 pronuntiarint,

236 239 345 272 sibique
368 236 435 271 ipsis
450 234 549 269 templa
566 233 781 261 construxerint.
803 233 870 260 Nam
891 239 918 261 et
931 233 1026 260 Antio-

236 283 304 309 chus
316 281 384 308 deus
399 284 512 306 vocatus
527 283 580 311 est,
596 283 624 305 et
635 277 717 305 Caius
729 278 775 313 qui
794 278 905 305 Tiberio
918 286 1027 306 succes-

236 328 282 360 sit,
296 325 481 361 Vespasianus
505 332 616 360 quoque
631 328 659 351 et
674 324 812 351 Adrianus
835 324 955 359 ingentia
974 325 1027 352 sibi

236 373 338 408 templa
350 375 547 399 exstruxerunt
562 379 568 397 :
591 370 640 398 sed
653 370 738 405 impio
755 370 836 397 simul
848 370 952 397 honore
964 378 1027 397 cum

235 419 292 446 vita
309 418 410 454 privati
430 421 505 444 sunt.
519 417 702 444 Strenuorum
715 424 782 443 vero
796 421 947 451 martyrum
960 420 1028 443 tem-

235 464 281 499 pla
299 463 372 490 clara
390 466 417 489 et
430 460 581 495 conspicua
601 464 763 491 cernuntur,
783 460 1028 495 magnitudineque

236 508 411 544 praestantia,
429 510 457 534 et
484 507 559 534 omni
581 510 696 533 ornatus
727 513 827 541 genere
854 505 982 538 illustria,
1002 510 1030 533 et

236 555 453 591 pulchritudinis
462 553 638 588 splendorem
653 553 707 580 late
721 552 874 579 fundentia.
887 552 983 586 Neque
995 552 1029 579 ad

237 601 297 628 haec
308 608 358 627 nos
369 600 453 627 semel
474 599 549 626 bisve
561 603 609 625 aut
624 598 771 633 quinquies
784 597 932 632 quotannis
950 606 1029 625 acce-

238 647 340 678 dimus,
357 645 405 672 sed
423 644 580 679 frequentes
596 647 748 671 conventus
762 642 946 675 celebramus,
960 650 1030 677 smpe

238 692 321 719 etiam
335 690 434 718 diebus
445 689 561 724 singulis
572 689 672 715 horum
686 689 803 715 Domino
815 688 912 715 laudes
929 688 1031 715 decan-

239 740 390 764 tamus:et
403 735 450 770 qui
475 735 581 770 integra
598 738 662 761 sunt
685 734 854 767 Valetudine,
880 734 952 761 hanc
979 733 1031 761 sibi

239 781 408 813 conservari;
418 781 464 816 qui
477 785 569 807 autem
580 779 676 807 morbo
688 780 816 815 quopiam
827 779 1031 812 conﬂictantur,

240 828 313 855 hunc
325 810 545 862 depcllipetunt.
559 827 659 854 Petunt
670 810 807 853 tat-liberos
815 826 863 861 qui
874 825 917 853 his
926 830 1031 857 carent,
1049 810 1070 839 Β

239 878 268 901 et
281 881 341 909 quae
358 872 465 900 steriles
474 877 538 899 sunt
550 875 647 907 rogant
663 875 694 898 ut
710 876 812 898 matres
823 871 905 904 ﬁant;
923 871 969 905 qui
982 870 1033 897 do-

240 927 306 947 num
320 918 411 953 adepti
426 921 502 950 sunt,
525 917 631 944 salvum
649 916 676 943 id
693 916 745 943 sibi
761 916 865 944 servari
881 916 1031 951 postulant.

241 964 293 996 Qui
316 962 565 998 peregrinationem
587 962 706 996 aliquam
720 963 908 998 auspicantur,
934 963 968 990 ab
990 963 1034 990 his

242 1013 349 1045 petunt,
362 1013 392 1035 ut
407 1007 457 1035 via:
471 1007 524 1035 sibi
541 1007 658 1035 comites
680 1007 735 1034 sint
752 1008 889 1042 ducesque
905 1008 1032 1041 itineris;

242 1054 289 1090 qui
305 1054 422 1089 sospites
447 1053 605 1085 redierunt,
632 1053 733 1093 gratias
752 1053 887 1086 referunt,
900 1061 956 1081 non
974 1054 1035 1081 illos

242 1101 376 1128 adeuntes
398 1104 429 1127 ut
444 1099 519 1131 deos,
541 1099 589 1126 sed
615 1104 744 1134 tanquam
760 1099 869 1126 divinos
885 1101 892 1108 '
908 1099 1035 1127 homines

242 1154 291 1174 eos
305 1149 426 1177 orantes,
455 1145 707 1179 intercessoresqne
732 1144 785 1172 sibi
812 1149 843 1172 ut
864 1151 925 1172 esse
949 1145 1036 1172 velint

243 1191 423 1226 postulantes.
440 1189 518 1223 Quod
534 1197 600 1216 vero
616 1194 741 1216 votorum
758 1193 899 1224 compotes
912 1189 977 1217 [iant
988 1190 1035 1225 qui

243 1236 325 1271 922
345 1235 463 1262 ﬁdeliter
481 1238 587 1269 petunt,
603 1234 692 1268 palam
712 1238 849 1261 testantur
862 1234 971 1262 illorum
985 1235 1036 1262 do-

244 1282 332 1313 rzaria,
347 1281 517 1308 curationem
542 1279 703 1306 indicantia.
720 1280 772 1307 Alii
786 1280 860 1307 enim
881 1281 1035 1313 oculorum,

245 1327 292 1354 alii
307 1326 418 1361 pedum,
437 1326 482 1353 alii
497 1333 628 1353 manuum
642 1325 789 1352 simulacra
801 1326 984 1360 suspendunt,
1003 1334 1037 1354 ex

245 1375 360 1407 argento
375 1379 478 1399 aurove
491 1371 625 1398 confecta.
649 1371 755 1406 Accipit
771 1371 844 1399 enim
861 1372 961 1399 horum
981 1372 1037 1399 Do-

246 1418 337 1445 minus
356 1418 438 1445 etiam
459 1425 558 1452 parva,
576 1417 712 1452 pretiique
731 1416 835 1452 exigui,
856 1425 906 1452 pro
923 1418 1038 1445 ferentis

1079 192 1131 211 σιν.
1153 187 1247 213 Καίτοι
1266 188 1337 219 τινὲς
1353 187 1406 214 τῶν
1423 187 1544 223 ἀνοήτων
1566 189 1613 214 καὶ
1629 188 1707 220 θεοὺς
1732 190 1801 224 σφᾶς
1828 190 1877 217 ἀν-

1079 233 1243 268 ηγόρευσαν,
1260 234 1308 260 καὶ
1319 233 1386 266 νεὼς
1404 235 1426 250 ⁶⁸
1441 235 1546 266 ἑαυτοῖς
1563 235 1738 269 ὲδομήσαντο.
1748 236 1804 263 Καὶ
1815 236 1877 272 γὰρ

1085 279 1220 315 Ἀντίοχος
1244 280 1382 315 ἐπεκλήθη
1399 280 1469 312 θεὸς,
1484 281 1531 306 καὶ
1549 281 1629 312 Γάϊος
1642 281 1656 306 ὸ
1671 280 1797 315 Τιϐερίου
1817 281 1879 308 διά-

1079 325 1165 360 δοχος,
1189 326 1236 352 καὶ
1250 325 1464 358 Οὐεσπασιανὸς,
1484 327 1529 352 καὶ
1554 326 1703 362 Ἀδριανὸς,
1724 326 1878 362 μεγίστους

1080 371 1188 404 ἑαυτοῆ
1204 371 1272 402 νεὼς
1283 371 1473 407 ᾠκοδόμησαν,
1490 371 1557 398 ἀλλὰ
1571 372 1619 405 ξὺν
1630 373 1662 408 τῇ
1683 372 1739 408 ζωῇ
1759 372 1806 400 καὶ
1823 372 1879 407 τὴν

1080 416 1197 451 δυσσεϐῆ
1214 417 1299 452 τιμὴν
1315 417 1505 452 ἀφῃρέθησαν.
1523 418 1553 443 Ol
1570 417 1598 443 δέ
1618 426 1650 452 γε
1668 418 1690 437 ⁸³
1705 418 1760 444 τῶν
1778 417 1879 445 καλλι-

1080 463 1163 488 νίκων
1188 462 1335 498 μαρτύρων
1351 462 1440 497 σηκοὶ,
1456 462 1588 497 λαμπροὶ,
1611 464 1659 490 καὶ
1681 463 1879 499 περίϐλεπτοι,

1081 507 1129 533 καὶ
1141 507 1251 542 μεγέθει
1261 507 1431 542 διαπρεπεῖς,
1447 508 1495 534 καὶ
1509 507 1688 539 παντοδαπῶς
1696 508 1880 543 πεποικιλμέ-

1081 561 1133 585 νοι,
1159 553 1206 579 καὶ
1232 553 1347 583 κάλλους
1362 553 1385 568 ⁷⁰
1406 553 1533 587 ἀφιέντες
1557 553 1753 589 μαρμαρυγὰς.
1774 553 1824 583 Εἰς
1848 553 1880 579 δὲ

1081 598 1193 630 τούτους
1206 598 1255 633 οὐχ
1267 597 1341 631 ἅπαξ
1356 599 1372 633 ἢ
1388 598 1428 630 δίς
1443 597 1499 634 [γε]
1517 599 1538 614 ⁷¹
1556 598 1602 624 τοῦ
1616 597 1691 629 ἔτους
1707 598 1723 632 ἢ
1742 598 1883 629 πεντάκις

1083 645 1231 679 φοιτῶμεν,
1242 643 1311 671 ἀλλὰ
1331 644 1461 675 πολλάκις
1477 645 1525 679 μὲν
1543 643 1711 679 πανηγύρεις
1733 642 1881 670 ἐπιτελοῦ-

1085 699 1144 725 μεν,
1159 690 1289 721 πολλάκις
1305 690 1333 716 δὲ
1349 691 1372 706 ⁷¹
1384 690 1492 725 ἡμέρας
1511 689 1632 724 ἑκάστης
1650 689 1689 724 τῷ
1707 689 1812 715 τούτων
1827 692 1880 715 Δε-

1085 735 1170 770 σπότῃ
1187 735 1251 766 τοὺς
1262 735 1362 769 ὕμνους
1382 735 1582 770 προσφέρομεν.
1599 735 1654 761 Καὶ
1671 735 1695 760 οἱ
1718 734 1767 769 μὲν
1785 735 1880 768 ὑγιαί-

1085 788 1175 811 νοντες
1189 779 1294 806 αἰτοῦσι
1311 779 1359 814 τὴν
1371 780 1422 814 τῆς
1435 779 1529 814 ὑγείας
1544 780 1567 795 ⁷³
1583 780 1707 815 φυλακήν
1721 788 1728 795 ·
1739 780 1764 806 οί
1778 780 1807 806 δέ
1820 788 1880 806 τινι

1085 825 1155 860 νόσῳ
1169 825 1344 858 παλαίοντες,
1361 825 1411 861 τὴν
1422 826 1476 853 τῶν
1488 825 1650 861 νοσημάτων
1658 825 1681 841 ⁷⁸
1695 825 1859 859 ἀπαλλαγήν
1870 833 1879 840 ο

1085 870 1191 897 αἰτοῦσι
1203 870 1231 896 δὲ
1247 871 1294 897 καὶ
1308 871 1400 904 ἄγονοι
1412 870 1526 902 παῖδας·
1544 871 1590 897 καὶ
1605 871 1730 906 στερίφαι
1747 870 1770 886 ⁷⁸
1784 879 1881 905 παρα-

1085 916 1199 943 καλοῦσι
1213 916 1340 950 γενέσθαι
1359 917 1478 952 μητέρες
1490 926 1496 932 ·
1512 917 1559 943 καὶ
1573 917 1597 943 οἱ
1613 917 1694 951 τῆσδε
1704 916 1754 948 τῆς
1770 916 1881 952 δωρεᾶς

1085 958 1288 994 ἀπολαύσαντες
1310 962 1333 978 ⁷⁸
1349 961 1470 994 ἀξιοῦσιν
1493 963 1574 998 ἄρτια
1600 963 1675 997 σφίσι
1704 961 1880 997 φυλαχθῆναι

1085 1009 1120 1034 τά
1135 1008 1210 1043 δῶρα
1219 1016 1225 1022 ⁸
1241 1008 1289 1035 καὶ
1301 1009 1326 1034 oi.
1339 1008 1389 1043 μὲν
1411 1009 1451 1040 εἴς
1464 1017 1524 1035 τινα
1536 1008 1690 1043 ἀποδημίαν
1703 1007 1879 1042 στελλόμενοι

1085 1053 1231 1090 λιπαροῦσι
1244 1053 1356 1085 τούτους
1375 1053 1579 1090 ξυνοδοιπόρους
1603 1052 1739 1087 γενέσθαι,
1761 1053 1808 1079 καὶ
1826 1053 1879 1088 τῆς

1085 1098 1146 1126 ὁδοῦ
1161 1099 1183 1115 ⁷⁷
1201 1093 1352 1135 ἡγεμδνας·
1370 1099 1395 1125 οὶ
1417 1099 1445 1126 δὲ
1465 1099 1516 1133 τῆς
1537 1099 1668 1125 ἐπανόδου
1695 1100 1880 1134 τετυχηκότες

1086 1145 1134 1180 τὴν
1153 1146 1204 1181 τῆς
1228 1145 1341 1181 χάριτος
1367 1145 1512 1181 ὁμολογίαν
1538 1146 1749 1181 προσφέρουσιν,
1764 1146 1813 1180 οὐχ
1840 1146 1880 1177 ὡς

1087 1191 1160 1223 θεοῖς
1177 1191 1200 1207 ⁷⁸
1213 1192 1381 1227 προσιόντες,
1398 1191 1454 1218 ἀλλ’
1475 1192 1512 1223 ὡς
1523 1191 1612 1223 θείους
1627 1192 1788 1227 ἀνθρώπους
1800 1193 1879 1219 ἀντι-

1088 1236 1239 1269 σολοῦντες,
1254 1238 1299 1264 καὶ
1314 1237 1440 1271 γενέσθαι
1451 1234 1525 1273 [122]
1537 1237 1707 1273 πρεσϐευτάς
1717 1237 1788 1272 ὑπὲρ
1802 1237 1880 1271 σφῶν

1087 1283 1321 1319 παρακαλοῦντες.
1335 1284 1395 1310 ὀτι
1415 1283 1443 1310 δὲ
1458 1283 1639 1318 τυγχάνουσιν
1655 1279 1747 1318 ὧνπερ
1758 1281 1880 1309 αἰτοῦσιν

1088 1330 1113 1356 οῑ
1129 1329 1234 1361 πιστῶς
1248 1330 1271 1348 ⁷³
1291 1329 1515 1363 ἐπαγγέλλοντες,
1530 1319 1681 1363 ἀναφανδὸν
1698 1329 1830 1364 μαρτυρεῖ
1844 1327 1880 1353 τὰ

1088 1375 1191 1402 τούτων
1212 1375 1375 1410 ἀναθήματα
1391 1375 1440 1410 τὴν
1455 1373 1577 1409 ἰατρείαν
1590 1374 1721 1409 δηλοῦντα
1734 1374 1767 1401 θ’.
1783 1374 1814 1400 Ol
1829 1374 1880 1409 μὲν

1089 1420 1145 1455 γὰρ
1157 1419 1317 1454 ὀφθαλμῶν,
1328 1420 1352 1446 οἱ
1365 1419 1394 1446 δὲ
1410 1419 1509 1451 ποδῶν,
1522 1419 1632 1446 motat
1646 1418 1743 1454 χειρῶν
1758 1419 1879 1455 προσφέ-

246 1463 376 1491 facultate
389 1464 491 1490 donum
501 1463 629 1490 metiens.
642 1463 705 1489 Haec
714 1467 805 1490 autem
820 1462 980 1490 morborum
991 1463 1036 1490 de-

1092 1475 1186 1502 ρουσιν
1203 1466 1405 1501 ὲκτυπὼματα·
1428 1466 1475 1492 καὶ
1490 1466 1515 1492 οἱ
1529 1465 1578 1500 μὲν
1593 1466 1626 1492 ὲκ
1640 1465 1751 1501 χρυσοῦ,
1771 1465 1794 1491 οἱ
1810 1465 1837 1491 δὲ
1851 1464 1880 1496 ἐξ

247 1509 401 1544 pulsionem
413 1508 544 1541 indicant,
559 1509 602 1536 cui
619 1509 749 1537 testandw
767 1510 801 1537 ab
818 1510 852 1537 iis
866 1510 956 1545 posita
976 1515 1040 1538 sunt

247 1557 295 1590 qui
314 1556 459 1584 sanitatem
483 1560 658 1590 receperunt.
681 1555 784 1582 Eadem
811 1555 850 1582 ibi
867 1556 1040 1590 sepultorum

247 1603 376 1629 virtutem
402 1601 572 1636 praedicant:
589 1601 689 1628 horum
715 1609 798 1636 porro
817 1601 915 1634 virtus,
939 1602 1039 1629 horum

247 1648 335 1675 Deum
346 1655 442 1675 verum
456 1654 516 1674 esse
526 1647 612 1673 Deum
621 1646 751 1673 declarat.
761 1647 954 1675 Examinemus
965 1649 1040 1675 enim

248 1693 361 1727 quinam
377 1691 490 1722 fuerint,
501 1695 529 1718 et
544 1690 616 1717 unde
634 1691 699 1723 orti,
715 1691 762 1725 qui
777 1691 827 1718 hac
846 1693 932 1727 gratia
946 1691 1040 1719 donati

249 1742 323 1764 sunt.
337 1737 408 1764 Num
428 1736 494 1763 clari
510 1735 624 1764 forsitan
639 1741 667 1763 et
681 1736 802 1764 illustres
815 1737 938 1771 quidam,
952 1738 1000 1772 qui
1011 1745 1041 1765 se

250 1783 359 1819 generis
375 1782 517 1809 nobilitate
536 1781 686 1817 jactarent,
712 1786 760 1810 aut
777 1782 936 1810 divitiarum
962 1784 1041 1819 copia

251 1827 474 1856 circumﬂuerent
486 1847 494 1860 ,
507 1831 554 1854 aut
570 1832 712 1862 potentatu
728 1829 821 1863 aliquo
840 1829 964 1857 celebres
975 1829 1041 1857 facti

251 1873 363 1899 essent?
378 1871 489 1898 Minime
517 1871 657 1907 gentium,
673 1879 690 1899 0
703 1872 766 1899 viri.
785 1873 857 1900 Nihil
878 1873 978 1901 horum
1001 1873 1041 1901 illi

253 1917 418 1950 habuerunt,
430 1917 478 1944 sed
495 1917 594 1952 privati
605 1917 731 1945 homines
739 1919 911 1954 gregariique
919 1920 1041 1949 fuerunt.

253 1962 381 1989 Nonnulli
405 1969 469 1989 vero
488 1962 610 1997 ipsorum
637 1963 732 1991 famuli
756 1965 850 1998 etiam,
877 1970 905 1993 et
924 1967 1041 2000 ancillae,

253 2015 312 2042 quae
341 2007 457 2035 inﬁrmis
482 2008 510 2035 in
540 2009 704 2043 corporibus
720 2018 853 2045 generose
878 2016 1042 2040 certarunt:

253 2052 313 2079 aliaa
336 2053 503 2080 matrimonii
520 2053 617 2088 jugum
634 2058 708 2082 caste
731 2055 888 2090 trahentes,
901 2057 961 2085 alite
971 2066 1043 2093 nup-

254 2098 306 2124 tias
322 2098 445 2125 nondum
470 2104 598 2133 expertae.
627 2099 716 2127 Audio
735 2108 786 2136 ego
804 2110 870 2129 vero
898 2104 1045 2132 nonnullos

254 2145 335 2172 etiam
351 2145 379 2172 in
394 2153 477 2172 scena
493 2146 634 2179 educatos,
651 2152 764 2182 repente
776 2149 804 2176 in
819 2150 984 2178 athletarum
997 2159 1043 2179 or-
1061 2145 1082 2172 D

255 2189 347 2216 dinem
369 2190 522 2224 transiisse,
540 2191 713 2227 victoresque
736 2193 822 2222 factos
838 2203 967 2224 coronam
982 2206 1043 2226 esse

255 2240 427 2268 consecutos,
437 2240 464 2263 et
479 2241 624 2272 postquam
637 2239 788 2268 renuntiati
804 2240 926 2275 fuerunt,
944 2251 1044 2278 magno

256 2281 394 2310 daemonas
416 2286 521 2311 terrore
542 2286 724 2319 concussisse,
738 2287 838 2322 quibus
852 2289 918 2316 olim
940 2291 1044 2318 subditi

257 2328 374 2356 fuerant.
383 2327 634 2362 Quinetiam‘multi
647 2333 802 2361 sacerdotes
818 2337 846 2361 et
857 2336 968 2363 neoeori
982 2345 1048 2364 con-

257 2378 299 2401 tra
310 2374 477 2409 impietatem
489 2376 569 2411 923
579 2382 679 2412 tropaea
694 2379 874 2407 sustulerunt.
891 2381 930 2408 Ex
946 2382 1045 2410 talibus

257 2425 322 2454 ergo
344 2419 411 2447 viris
433 2427 465 2447 ac
484 2420 595 2449 feminis
619 2427 768 2459 martyrum
792 2424 870 2452 chori
899 2427 1043 2455 constituti

1091 1511 1157 1547 ὕλης
1183 1512 1306 1547 ἀργύρου
1331 1510 1513 1547 πεποιημένα.
1538 1511 1651 1546 Δέχεται
1674 1511 1728 1546 γὰρ
1749 1510 1880 1546 ὀτούτων

1091 1558 1230 1593 Δεσπότης
1246 1558 1292 1584 καὶ
1304 1557 1338 1584 τὰ
1354 1557 1459 1593 σμικρά
1475 1565 1505 1584 τε
1516 1557 1562 1583 καὶ
1578 1557 1676 1589 εῦωνα,
1690 1559 1722 1593 τῇ
1737 1557 1784 1584 τοῦ
1796 1566 1879 1593 προσ-

1091 1603 1221 1639 φέροντος
1239 1603 1354 1638 δυνάμει
1368 1603 1398 1630 τδ
1412 1603 1498 1639 δῶρον
1521 1603 1638 1639 μετρῶν.
1657 1603 1737 1639 Δηλοί
1748 1603 1777 1630 δὲ
1795 1603 1880 1629 ταῦτα

1091 1649 1261 1685 προκείμενα
1281 1648 1336 1676 τῶν
1358 1649 1528 1685 παθημάτων
1543 1649 1593 1685 τὴν
1607 1649 1693 1681 λύσιν,
1708 1647 1742 1685 ἦς
1767 1649 1879 1684 ἀνετέθη

1093 1696 1214 1730 μνημεῖα
1231 1703 1268 1721 πα
1274 1695 1306 1730 ρὰ
1317 1694 1372 1722 τῶν
1387 1695 1488 1731 ἀρτίων
1498 1696 1690 1731 γεγενημένων
1703 1696 1736 1723 εί.
1751 1696 1842 1722 Ταῦτα
1852 1695 1878 1722 δὲ

1092 1741 1224 1776 κηρύττει
1242 1741 1297 1768 τῶν
1320 1742 1456 1778 κειμένων
1470 1742 1520 1778 τὴν
1539 1742 1672 1777 δύναμιν·
1687 1743 1704 1777 ἡ
1728 1742 1757 1768 δὲ
1778 1741 1879 1768 τούτων

1093 1786 1208 1822 δύναμις
1223 1787 1270 1814 τὸν
1281 1787 1385 1814 τούτων
1408 1787 1475 1814 Θεὸν
1490 1787 1615 1822 ἀληθινὸν
1638 1787 1783 1822 ἀποφαίνει
1802 1787 1877 1814 Θεόν.

1101 1833 1289 1868 Ἐξετάσωμεν
1304 1833 1358 1868 γὰρ
1370 1832 1392 1848 ⁸⁵
1404 1833 1476 1864 τινες
1491 1834 1538 1860 καὶ
1553 1833 1635 1860 πόθεν
1648 1834 1673 1860 οἱ
1684 1834 1787 1868 ταύτης
1802 1833 1879 1865 ἀξιω-

1094 1878 1186 1911 θέντες
1202 1878 1253 1913 τῆς
1271 1879 1392 1914 χάριτος.
1407 1876 1482 1914 ἸἈρά
1501 1887 1573 1910 τινες
1588 1879 1719 1915 ἐπίσημοι
1734 1880 1782 1906 καὶ
1805 1887 1880 1914 περι-

1095 1926 1189 1960 φανεῖς
1269 1925 1292 1941 ⁸³
1309 1925 1403 1959 γένους
1418 1925 1566 1960 αὐχοῦντες
1589 1925 1779 1960 λαμπρότητα,
1795 1925 1812 1960 ἢ
1825 1926 1879 1955 τοῖς

1094 1972 1140 2000 τοῦ
1150 1972 1266 1999 πλούτου
1277 1971 1486 2007 περιρῤεόμενοι
1502 1971 1645 2006 ῥεύμασιν,
1658 1971 1674 2006 ἢ
1686 1972 1717 1997 ἐκ
1726 1971 1881 2003 δυναστείας

1094 2018 1168 2050 τινὸς
1190 2018 1331 2053 γενόμενοι
1356 2017 1380 2033 ⁸⁵
1394 2016 1547 2052 γνὼριμοι;
1570 2016 1712 2052 Οὐδαμῶς,
1732 2013 1755 2042 ὣ
1776 2016 1877 2051 ἄνδρες.

1095 2063 1203 2090 Τούτων
1217 2063 1270 2098 γὰρ
1284 2063 1390 2094 οὐδενὸς
1403 2063 1614 2098 μετεσχήκασιν,
1627 2062 1684 2088 ἀλλ’
1698 2062 1800 2088 ἰδιῶται
1813 2060 1880 2098 ἦσαν

1096 2109 1113 2144 ἢ
1124 2108 1298 2144 στρατιῶται,
1312 2108 1384 2139 τινὲς
1400 2108 1428 2134 δὲ
1442 2108 1532 2134 αὐτῶν
1541 2108 1586 2134 καὶ
1598 2107 1879 2142 οίκέταιγεγένηνται,

1097 2155 1144 2181 καὶ
1163 2153 1364 2189 θεραπαινίδες,
1383 2154 1412 2180 ὲν
1428 2153 1555 2180 ἀσθενέσι
1570 2153 1592 2180 δ’
1607 2153 1677 2188 ἄγαν
1699 2153 1805 2188 σώμασι
1822 2162 1880 2187 γεν-

1099 2200 1181 2231 ναίως
1195 2199 1402 2234 ἀγωνισάμεναι
1415 2208 1422 2214 θ
1435 2199 1481 2225 καὶ
1493 2200 1520 2226 αι
1537 2199 1586 2234 μὲν
1600 2199 1746 2234 σωφρόνως
1759 2199 1880 2226 ἕλκουσαι

1097 2246 1144 2272 τὸν
1153 2245 1200 2271 τού
1213 2245 1304 2280 γάμου
1319 2245 1411 2279 ζυγὸν,
1424 2245 1490 2272 αἰδὲ
1500 2245 1539 2272 ἐτι
1553 2245 1658 2280 γάμους
1674 2245 1698 2261 ⁸⁵
1709 2245 1760 2271 οὐκ
1772 2245 1879 2272 ἐπιστά-

1101 2299 1191 2327 μεναι.
1212 2290 1317 2317 Ἀκούω
1330 2291 1358 2317 δὲ
1370 2291 1459 2325 ἔγωγέ
1473 2300 1549 2323 τινας
1562 2291 1609 2318 καὶ
1622 2292 1654 2326 τῇ
1671 2291 1756 2326 σκηνῇ
1771 2289 1880 2325 ξυντρι-

1101 2337 1203 2371 φέντας
1216 2336 1251 2369 ⁸⁸,
1267 2336 1316 2363 καὶ
1332 2335 1464 2372 ἐξαπίνης
1475 2337 1532 2368 τοῖς
1550 2337 1715 2371 ἀγωνισταῖς
1730 2334 1881 2369 ξυνταχθέν-

1100 2391 1161 2414 τας,
1170 2383 1216 2409 καὶ
1226 2382 1379 2415 ἀξιονίκους
1392 2383 1604 2418 γεγενημένους,
1621 2383 1667 2409 καὶ
1681 2382 1735 2408 τῶν
1748 2381 1880 2414 στεφάνων

1100 2429 1296 2464 τετυχηκότας,
1311 2429 1359 2455 καὶ
1375 2429 1444 2464 μετὰ
1455 2429 1504 2465 τὴν
1515 2429 1667 2465 ἀνάρρησιν
1683 2427 1785 2462 σφόδρα
1800 2426 1879 2453 δεδιτ-

912 2515 1029 2544 VARI/E
1048 2517 1250 2546 LECTIONES.

294 2563 316 2580 ⁸⁷
330 2562 422 2601 καλῆς
438 2567 472 2592 oi.
488 2567 535 2594 καὶ

562 2564 646 2611 ᾖσσον
661 2569 690 2596 Β.
715 2571 751 2611 ’⁸⁸
764 2571 941 2611 ναούς-νεὼς
959 2573 990 2611 Β,
1013 2574 1064 2611 Ῡι).
1084 2575 1145 2602 Mox
1162 2575 1337 2611 ἐδωμήσαντο
1350 2575 1372 2603 Β
1397 2576 1483 2611 ᾠκοδό

257 2606 290 2643 γε
302 2605 357 2643 93n-
371 2599 405 2642 !3-'
424 2601 461 2643 ,τυ
476 2602 523 2643 κα)
539 2599 662 2643 κάλλουῆ
681 2606 727 2643 κᾳι
741 2614 796 2643 o_m.
811 2599 842 2634 cl
860 2599 948 2643 Supra
962 2599 1239 2643 ἄφιέῦέωῖνεΪἬ

258 2633 290 2680 1:
294 2634 464 2680 ’τῇςῌύγείας
490 2638 549 2680 ξῆν.
567 2639 615 2675 τὴν
629 2633 678 2680 τῇς
695 2641 743 2680 ὐγἒ
753 2641 799 2680 Β..
823 2642 848 2680 ⁷ξ
862 2633 1228 2680 παθημάτωνξξδοσηιῖάτων

258 2668 416 2712 atdans}:-
438 2668 618 2712 ᾲπολᾲύοντές
717 2668 743 2712 :77
759 2677 805 2703 καὶ
819 2677 869 2711 τῆς

1486 2577 1640 2637 fitﬁt:
1653 2576 1724 2637 uti]
1739 2575 1878 2637 ἐξιδέιλγᾶἷ

1265 2610 1313 2648 n1
1325 2603 1427 2648 omLC.
1467 2603 1497 2648 ,τὲ
1512 2603 1541 2637 δὲ
1556 2603 1640 2648 [ut]:
1653 2610 1724 2648 [xui]
1739 2603 1877 2648 omLBjC.

1264 2666 1271 2678 ,
1293 2646 1340 2673 Va.
1379 2647 1402 2663 ⁷⁵
1418 2646 1677 2678 στερίφαιξστεῖραι
1694 2646 1746 2674 Vb.
1784 2647 1806 2662 "
1819 2647 1880 2672 ἀπο-

1391 2647 1402 2662 ”
1418 2646 1677 2682 στερίφαιξστεῖραι
1694 2646 1746 2674 Vb.

1149 2688 1256 2717 .Amarg.
1271 2688 1300 2717 p.
1318 2689 1355 2708 m.
1395 2681 1418 2698 ⁷⁸
1432 2681 1502 2713 θεοῖς
1519 2681 1642 2717 [αὐτοῖςι.
1657 2682 1751 2717 αὐτοῖς
1764 2688 1816 2708 om.
1834 2681 1877 2717 va.

260 2703 428 2759 ϊιπισξῗλξιτ
438 2707 484 2759 ii.
495 2703 616 2759 “ira?
626 2703 1400 2759 Ἧι-ῗίἔρξεξδνῖἕετηδέξκγβθεῖθὲ-’ἒῖξὲὲῗὲνῖμὲἶων-
1419 2703 1642 2759 γὲξέδηῑξνὲζῖέῖ
1654 2703 1707 2759 is:
1713 2703 1878 2759 "Vivit-5i

261 2737 311 2776 Yb.
348 2739 372 2776 δέ
387 2739 495 2776 ίῆ]οιιι.
514 2743 544 2775 Β,
562 2737 608 2772 Va:
646 2745 670 2761 ‘“
682 2737 994 2776 γενόμένοιξγενώτιλενοι

261 2740 311 2766 Vb.
348 2740 371 2755 ⁸³
387 2740 396 2776 ί
420 2740 495 2776 ]om.
514 2743 544 2775 Β,
562 2740 608 2772 Va;
646 2745 670 2761 ⁸⁵
682 2740 830 2781 γενόμένοι.
847 2755 877 2781 γε

259 2772 326 2801 Can.
365 2775 388 2791 ⁸⁸
400 2740 615 2813 longaevis/tas.
632 2779 836 2817 ξυγγραφέντας
849 2782 880 2809 Β.

1020 2748 1050 2776 Β.
1088 2750 1111 2767 ⁸⁸
1127 2751 1156 2778 αἱ
1169 2748 1256 2778 sttit
1274 2748 1388 2787 γάμους.
1404 2748 1431 2780 αἱ
1445 2748 1473 2779 δὲ
1485 2748 1618 2787 τί’γάμ.Β
1633 2753 1660 2778 αί
1674 2752 1701 2778 δέ
1718 2760 1759 2778 τοι
1784 2748 1879 2786 γάμους
