1965 3051
110 114 181 148 1053

445 115 664 145 GRAECARUM
681 114 832 144 AFFECT.
854 113 1030 144 CURATIO.
1046 126 1081 131 -
1092 114 1143 144 IX.
1161 113 1210 144 DE
1230 113 1403 144 LEGIBUS.

1676 107 1743 142 1051

108 172 268 204 ἀκολάστως
282 171 406 208 ἐρώντων
419 172 472 206 ἔφη
483 180 490 186 ·
509 172 555 198 καὶ
572 171 661 207 ῥᾴδιον
677 171 708 197 ὲκ
724 171 776 197 τῶν
793 170 896 197 ἐκείνου

954 170 1044 197 lentia.
1061 179 1069 195 ι
1088 170 1150 197 Hzec
1163 173 1265 199 autem.
1283 177 1338 196 non
1354 168 1387 195 de
1400 167 1483 195 castis
1498 166 1679 198 amatoribus,
1695 166 1743 193 sed

109 219 242 253 διαλόγων
253 217 339 245 ταῦτα
356 217 459 252 μαθεῖν.
473 217 598 244 Τοιοῦτον
608 217 636 244 δὲ
649 216 730 251 νόμον
744 215 806 242 οὔτε
817 217 837 231 ⁷¹
849 216 902 242 Νέ-

112 274 168 302 ρων
185 265 199 290 6
213 264 356 298 Ῥωμαίων
370 263 547 299 αἰσχρότατος
564 263 701 298 βασιλεὺς,
719 261 780 289 οὗτε
800 262 902 297 Σαρδα-

110 307 232 339 νάπαλος
246 308 260 333 6
282 307 433 342 Ἀσσύριος,
453 309 467 334 6
481 309 510 334 ἐν
529 308 636 342 ἡδοναῖς
650 308 697 334 καὶ
714 309 829 342 τρυφαῖς
843 307 901 333 δια-

111 353 220 388 δόητος.
237 353 297 379 οὔτε
311 354 440 388 ἔγραψεν,
461 353 521 379 οὕτε
532 353 647 388 ἐπῄνεσε
660 353 682 368 ⁷¹
695 352 813 380 πώποτε.
833 352 902 386 Ἐγὼ

111 400 167 434 γὰρ
183 397 259 433 οἶμαι
273 400 318 425 καὶ
332 400 394 430 τοὺς
411 399 470 425 λίαν
485 400 545 431 ταῖς
564 399 741 434 ἡδυπαθείαις
764 399 902 425 δουλεύον-

109 453 162 477 τας
178 445 228 471 οὐκ
240 446 359 471 ἐπαινεῖν
375 444 405 471 τὸ
424 444 520 476 πάθος,
543 444 610 470 ἀλλὰ
625 444 770 475 δουλεύειν,
787 444 825 478 τῷ
838 445 902 479 χρό-

111 500 151 526 νῳ
164 492 194 517 τὸ
216 491 275 522 ἔθος
291 491 346 523 ἐξιν
361 491 384 506 ⁷³
405 491 619 526 ἐργασαμένους.
637 491 690 517 Καὶ
705 491 731 516 τί
750 491 791 516 δεῖ
812 491 902 523 λέγειν

112 537 164 563 ὅσα
185 537 232 563 καὶ
266 537 329 571 περὶ
364 536 451 570 φόνων
489 536 654 571 παρανόμως
688 537 899 570 ὲνομοΟέτησεν;

119 581 219 608 Ἀθῶον
236 582 285 616 μὲν
304 581 358 616 γὰρ
376 579 444 608 εἶναι
461 581 566 607 κελεύει
583 582 628 607 τὸν
647 581 693 608 τὸν
708 581 730 597 ⁷⁸
745 581 809 608 ἴδιον
825 582 902 608 ἀναι-

112 625 212 659 ρούντα
227 625 343 660 οἰκέτην.
354 625 399 650 τὸν
411 625 438 651 δὲ
451 625 528 660 Θυμῴ
540 625 584 651 τὸν
596 625 733 661 ἀλλότριον
751 627 901 658 σφάττοντα

110 670 162 704 τὴν
178 671 260 704 τιμὴν
273 671 386 705 μόνην⁷⁵
400 671 528 702 ἐκτίνειν,
545 671 590 697 τὸν
602 672 630 698 δὲ
644 671 722 706 θυμῷ
735 671 781 697 τὸν
795 671 900 697 ἐλεύθε-

113 723 160 750 ρον
180 715 324 742 κτείναντα
342 716 388 742 δύο
413 717 481 750 μόνα
503 717 614 750 φεύγειν
629 716 652 731 ⁷⁶
668 716 715 751 ἑτη
735 716 898 751 διαγορεύει,

110 759 157 785 τὸν
173 760 200 786 δὲ
226 761 272 786 καὶ
291 760 348 795 μετ’
364 761 510 795 ἐπιϐουλῆς
529 762 656 788 ἀνελόντα
670 762 733 797 τρία
749 761 795 797 ἔτη
816 770 900 797 1:90-5-

110 805 337 839 τάττειφεύγειν,
359 806 403 832 τὸν
427 806 454 832 δέ
479 815 510 840 γε
533 807 580 833 καὶ
597 806 666 841 μετὰ
687 807 735 841 τὴν
757 807 846 841 φυγὴν
866 807 900 834 τὰ

954 217 988 243 de
1006 215 1121 250 impuris
1141 215 1323 250 obscenisque
1337 214 1406 241 dixit
1423 223 1428 239 :
1443 213 1515 248 quod
1527 221 1561 240 ex
1577 212 1663 247 ipsius
1682 212 1743 239 dia-

953 261 1022 296 logis
1041 261 1121 295 plane
1136 260 1263 295 cognosci
1273 265 1371 295 potest.
1391 259 1484 285 Talem
1509 265 1575 285 vero
1593 258 1679 292 legem
1693 265 1743 284 ne-

953 313 1006 340 que
1036 305 1223 333 Romanorum
1259 305 1454 339 spurcissimus
1478 304 1628 337 imperator
1650 303 1742 334 Nero,

952 358 1042 385 neque
1069 350 1199 386 Assyrius
1223 352 1231 360 ⁴
1246 349 1447 384 Sardanapalus
1463 369 1470 380 ,
1500 347 1690 382 voluptatibus
1712 355 1743 374 ac

953 396 1059 423 deliciis
1071 397 1242 428 notissimus,
1261 404 1310 422 nec
1323 395 1442 429 scripsit,
1462 402 1513 421 nec
1528 393 1608 429 95.3
1623 392 1744 420 laudavit

953 450 1084 476 unquam.
1095 442 1152 477 Ego
1180 442 1253 468 enim
1270 447 1347 476 puto,
1364 441 1405 468 vel
1422 448 1469 467 eos
1485 440 1531 474 qui
1549 439 1626 466 valde
1647 439 1744 472 volup-

952 488 1055 515 tatibus
1081 488 1215 520 serviunt,
1238 488 1321 514 animi
1343 487 1469 514 morbum
1497 493 1666 521 nequaquam
1683 486 1743 511 lau-

953 533 1017 560 dare
1030 554 1037 565 ,
1064 534 1111 561 sed
1130 534 1245 568 tempori
1261 534 1365 560 servire
1377 554 1383 564 .
1408 541 1470 560 cum
1494 542 1527 560 ex
1541 533 1742 560 consuetudine

952 578 1075 605 habitum
1104 579 1302 606 contraxerint.
1321 578 1390 612 Quid
1417 584 1508 605 autem
1524 586 1742 605 commemorare

951 631 1021 660 opus
1034 628 1085 655 est,
1105 632 1186 658 quam
1205 625 1325 651 nefarias
1349 625 1382 651 de
1405 624 1525 651 cmdibus
1555 624 1628 659 leges
1645 624 1743 650 condi~

951 668 1043 695 derit?
1060 669 1201 696 lnsontem
1226 670 1300 696 cnim
1314 670 1511 705 innoxiumque
1536 670 1632 697 haberi
1653 671 1741 706 jubet,

951 715 998 749 qui
1015 715 1155 750 proprium
1175 723 1284 743 servum
1307 717 1413 743 occidat
1429 725 1435 743 :
1450 724 1513 743 eum
1534 724 1610 748 vero,
1627 717 1673 751 qui
1690 717 1743 743 ira-

951 761 1052 788 cundia
1070 769 1230 793 succensus,
1243 762 1363 789 alienum
1376 769 1486 788 servum
1501 762 1534 788 de
1550 761 1641 789 modio
1655 762 1743 793 tollat,

951 808 1063 834 multant
1082 808 1170 834 solum
1189 808 1356 842 persolvere.
1372 808 1406 835 At
1418 816 1479 835 eum
1496 809 1541 843 qui
1558 809 1676 835 liberum
1692 808 1742 834 ho—

111 851 182 876 αὐτὰ
192 851 339 886 δεδρακότα
358 852 488 888 ἀειφυγίᾳ
502 852 596 886 ζημιοῖ
616 852 694 888 μόνῃ.
716 853 898 888 Παραπλήσια

954 853 1051 879 minem
1067 861 1114 887 per
1132 853 1302 880 iracundiam
1317 858 1423 885 enecet,
1445 853 1556 880 biennio
1574 857 1679 880 tantum
1696 861 1741 880 ex-

110 895 200 922 δὲκαὶ
214 896 332 931 πατράσι
347 897 443 928 παῖδας
465 897 600 929 ἀνελοῦσι,
619 898 666 923 καὶ
683 898 761 924 παισὶ
778 897 900 932 πατέρας

111 941 315 972 ἀπεκτονόσι⁷⁷,
335 942 382 968 καὶ
408 942 521 976 ἀνδράσι
541 944 683 976 γυναῖκας,
710 943 756 969 καὶ
777 943 900 977 γυναιξὶν

111 986 212 1019 ἄνδρας
219 987 253 1019 ⁷⁸,
272 988 493 1022 νενομοθέτηκεν.

949 899 1039 925 sulare
1050 899 1129 933 jubet
1140 907 1146 925 :
1159 899 1206 933 qui
1218 907 1283 926 vero
1292 907 1340 934 per
1356 899 1469 926 insidias
1481 899 1608 933 perimat,
1623 898 1748 925 triennio»

949 948 1086 972 extorrem
1100 944 1168 972 fieri.
1180 945 1248 972 Eum
1266 952 1357 979 porro,
1369 945 1416 980 qui
1434 949 1495 979 post
1507 945 1635 972 exsilium
1645 944 1742 971 eadem

949 990 1113 1021 committat,
1129 995 1263 1025 perpetuo
1273 991 1362 1017 solum
1378 991 1477 1017 exsilio
1492 991 1613 1017 damnat.
1625 989 1741 1016 Easdem

110 1042 177 1062 vero
193 1043 287 1070 pmnas
304 1036 428 1063 decrevit
456 1041 485 1063 et
513 1036 637 1071 patribus
657 1036 704 1071 qui
723 1036 803 1069 tilios,
823 1040 851 1063 et
869 1036 934 1064 filiis
949 1038 997 1072 qui
1010 1041 1149 1072 parentes,
1162 1041 1189 1065 et
1201 1037 1268 1064 viris
1286 1038 1332 1074 qui
1350 1039 1492 1073 conjugcs,
1504 1037 1743 1071 ctuxoribusqua:

111 1083 225 1110 maritos
238 1083 372 1110 occidant.

154 1129 223 1155 Ἀλλ’
234 1130 248 1155 ὁ
265 1129 313 1164 μὲν
327 1129 470 1163 φιλόσοφος
485 1129 605 1155 τοιούσδε
619 1130 717 1163 νόμους
736 1129 899 1166 ξυνέγραψε,

111 1175 159 1200 καὶ
173 1174 267 1200 οὐδένα
281 1175 398 1201 πέπεικε
415 1174 567 1209 ἀνθρώπων
575 1175 608 1205 ⁷³,
625 1175 654 1200 οὐ
671 1175 793 1209 πολίτην,
809 1175 840 1201 οὐ
857 1175 899 1207 ξέ-

112 1228 168 1249 νον.
188 1220 238 1246 οὐκ
259 1220 349 1251 ἀστὸν,
377 1220 407 1246 οὐ
430 1220 575 1255 χωριτικὸθ
592 1219 625 1252 ⁸⁸,
646 1220 694 1254 οὐχ
717 1220 846 1254 Ἕλληνα,
868 1220 899 1246 ού

113 1264 262 1300 βάρῦαρον,
275 1265 305 1291 ού
325 1265 428 1296 δοῦλον,
447 1266 496 1291 οὐκ
513 1265 666 1300 ἐλεύθερον,
690 1266 739 1292 οὐκ
758 1266 853 1300 ἄνδρα,
869 1266 899 1292 ού

112 1311 238 1343 γυναῖκα.
256 1311 285 1336 οὐ
297 1310 366 1343 νέον⁷
379 1310 410 1336 οὐ
423 1311 589 1346 πρεσὸύτην,
608 1311 638 1337 οὺ
654 1311 742 1344 λόγοις
756 1312 902 1348 ἐντεθραμ-

114 1356 205 1389 μένον,
222 1356 253 1382 οὺ
270 1355 357 1390 λόγων
381 1357 514 1391 ἀμύητον.
535 1357 605 1384 κατὰ
622 1357 716 1383 τούσδε
732 1358 825 1392 βιῶναι
840 1359 903 1390 τοὺς

113 1401 220 1436 νόμους.
242 1401 313 1434 Ἐγὼ
325 1401 353 1427 δὲ.
365 1401 468 1434 λοιπὸν,
486 1402 534 1434 οὒς
547 1403 570 1429 οἱ
587 1403 698 1434 ἀλιεῖς⁹¹¹
716 1405 761 1430 καὶ
775 1405 800 1430 οἱ
820 1404 903 1431 τελῶ-

115 1456 161 1475 ναι
176 1448 223 1473 καὶ
243 1447 256 1473 ὁ
270 1447 436 1481 σκυτοτόμος
451 1448 553 1474 ἅπασιν
574 1448 727 1483 ἀνθρώποις
749 1450 902 1484 προσήνεγ-

114 1501 175 1525 καν,
189 1491 381 1526 ἀναγνώσομαι
397 1492 504 1526 νόμους.
528 1492 623 1528 Ὑμεῖς
637 1494 665 1520 δὲ
680 1493 793 1525 τούτους
807 1495 902 1520 κάκείι-

989 1130 1090 1158 Verum
1103 1130 1259 1164 hujusmodi
1270 1130 1379 1165 quidem
1391 1130 1465 1165 leges
1476 1130 1657 1165 philosophus
1669 1129 1742 1162 tulit,

953 1179 982 1204 at
996 1177 1064 1203 nulli
1080 1176 1222 1203 hominum
1234 1181 1263 1204 ut
1276 1177 1319 1203 his
1337 1177 1460 1203 viverent
1472 1177 1578 1211 legibus
1596 1175 1741 1210 persuasit,

954 1230 1009 1249 non
1031 1223 1095 1254 civi,
1120 1231 1173 1250 non
1190 1227 1331 1255 extraneo,
1346 1231 1400 1250 non
1417 1223 1534 1254 urbano,
1557 1230 1611 1249 non
1625 1222 1741 1253 rustico,

955 1276 1009 1295 non
1027 1268 1132 1300 Graeco,
1150 1276 1205 1295 non
1224 1269 1353 1301 barbaro,
1371 1277 1426 1296 non
1448 1277 1538 1300 servo,
1566 1276 1620 1295 non
1643 1267 1742 1299 libero,

955 1320 1009 1339 non
1026 1313 1100 1344 viro,
1121 1322 1175 1340 non
1197 1314 1317 1345 mulieri,
1332 1321 1387 1340 non
1401 1313 1507 1348 juveni,
1530 1320 1585 1339 non
1601 1312 1670 1344 seni,
1686 1319 1743 1338 non

952 1358 1074 1385 litterato
1088 1379 1094 1390 ,
1119 1367 1174 1386 non
1196 1359 1257 1386 rudi
1270 1363 1298 1386 et
1314 1359 1435 1387 indocto.
1459 1359 1514 1394 Ego
1529 1366 1594 1386 vero
1612 1358 1742 1392 deinceps

954 1411 1022 1437 quas
1038 1403 1196 1437 piscatores.
1212 1408 1240 1431 et
1255 1404 1404 1438 publicani,
1419 1408 1446 1430 et
1459 1404 1559 1430 Paulus
1572 1402 1678 1430 cunctis
1692 1402 1743 1428 ho-

954 1447 1075 1474 minibus
1100 1448 1174 1482 leges
1194 1449 1402 1483 promulgarunt
1426 1448 1558 1475 recitabo.
1576 1447 1629 1474 Vos
1647 1451 1674 1474 et
1694 1446 1744 1473 has

954 1496 982 1517 et
995 1491 1180 1518 illasinvicem
1196 1497 1388 1526 comparantes
1399 1491 1508 1518 divinos
1525 1491 1638 1518 istarum
1651 1490 1743 1517 radios

113 1546 175 1569 νους
195 1539 227 1564 ὲκ
246 1538 419 1572 παραλλήλου
445 1538 537 1570 θέντες
558 1539 606 1570 τὰς
623 1539 784 1574 θεοπρεπεῖς
800 1540 901 1566 τούτων

954 1536 1139 1564 admiremini.
1158 1537 1342 1571 Philosophus
1359 1545 1424 1572 ergo
1447 1537 1606 1572 flagitiosa":
1621 1537 1745 1571 paarlera-

114 1585 225 1614 ἀκτῖνας
240 1582 398 1618 θαυμάσατε
410 1583 444 1610 θ’.
462 1583 490 1609 Ὀ
508 1584 557 1618 μὲν
569 1582 615 1610 οὖν
631 1584 775 1618 φιλόσοφος
792 1585 838 1611 καὶ
851 1585 902 1619 τὴν

113 1631 263 1657 ἀκόλαστον
281 1629 476 1664 παιδεραστίαν
499 1629 650 1664 ἐθαύμασε,
674 1630 721 1656 καὶ
741 1631 774 1656 τὰ
783 1630 806 1645 ⁸³
825 1639 902 1665 τρισ-

114 1675 192 1702 όλΰια
211 1674 313 1708 ταύτης
329 1674 493 1709 ἐπιδέδειχεν
509 1673 578 1701 ἆθλα
599 1684 604 1689 ·
621 1676 635 1702 ὁ
654 1675 681 1702 δὲ
699 1675 793 1710 Σωτὴρ
808 1676 821 1701 6
835 1676 903 1710 ἠμέ-

114 1729 193 1755 τερος
206 1721 235 1746 οὺ
250 1721 329 1755 μόνον
343 1720 393 1755 τὴν
412 1720 561 1747 ἀκόλαστον
581 1720 690 1756 πρᾶξιν.
712 1721 778 1747 ἀλλὰ
793 1722 839 1747 καὶ
854 1721 902 1757 τὴν

115 1767 174 1800 ὄψιν
189 1766 238 1800 τὴν
249 1765 376 1801 τοιαύτην
389 1766 497 1798 κολάζει
511 1774 518 1781 ·
535 1775 543 1792 ι
564 1766 593 1792 '0
608 1766 745 1802 ἐμϐλέψας
761 1768 826 1802 γὰρ,
839 1767 902 1802 ἔφη,

115 1811 224 1846 γυναικὶ
244 1811 311 1846 πρὸς
330 1811 359 1837 τὸ
374 1811 543 1846 ἐπιθυμῆσαι
565 1811 660 1847 αὐτῆς,
678 1812 728 1846 ἤδη
744 1812 903 1847 ἐμοίχευσεν

115 1856 230 1891 αὐτὴνἠ
246 1858 274 1882 ἐν
286 1858 319 1891 τῇ
335 1856 434 1891 καρδίᾳ.
448 1857 544 1884 αὑτοῦ.
563 1867 571 1882 ι
592 1857 646 1883 Καὶ
658 1857 672 1883 ὀ
691 1857 741 1891 μὲν
754 1857 839 1888 ἀδεῶς
856 1857 903 1884 καὶ

115 1904 175 1929 ταῖς
196 1901 349 1936 ἀλλοτρίαις
369 1903 508 1927 κοινωνεῖν
530 1902 710 1937 ἐνομοθέτησε
729 1902 851 1936 γυναιξίν
864 1912 871 1918 '
888 1903 902 1929 6

116 1947 143 1973 δὲ
158 1947 206 1980 τῆς
226 1945 333 1980 φύσεως
348 1946 476 1981 Ποιητὴς,
491 1947 584 1981 ἐπειδὴ
595 1948 640 1973 καὶ
657 1948 831 1983 δημιουργῶν
846 1949 901 1975 τῶν

116 1989 267 2025 ἀνθρώπων
281 1989 329 2025 τὴν
347 1990 426 2024 φύσιν
449 1991 496 2017 ἕνα
518 1992 546 2024 ἐξ
562 1992 648 2027 ἀρχῆς
667 1992 750 2027 ἄνδρα
772 1993 819 2019 καὶ
842 1994 904 2029 μίαν

116 2037 234 2071 γυναῖκα
253 2035 392 2068 διέπλασε,
417 2037 464 2063 καὶ
486 2037 517 2063 τὸ
531 2037 649 2063 διαλύειν
670 2038 836 2074 ἀπαγορεύει
860 2039 904 2065 τὸν

117 2082 215 2117 γάμον,
232 2082 296 2116 μίαν
313 2082 340 2109 δὲ
354 2082 438 2116 μόνην
448 2083 575 2117 ἀφορμὴν
590 2083 735 2115 διαλύσεως
748 2084 841 2116 ἔδωκε,
855 2085 904 2120 τὴν

118 2127 224 2161 ἀληθῶς
235 2127 391 2154 διασπῶσαν
405 2128 454 2163 τὴν
469 2128 596 2162 ζεύγλην.
628 2138 637 2154 (
651 2130 709 2161 Πᾶς
728 2130 793 2165 γὰρ,
810 2130 902 2164 φησὶν,

119 2174 133 2199 6
143 2173 269 2200 ἀπολύων
280 2173 328 2208 τὴν
339 2176 455 2208 γυναῖκα
467 2174 561 2205 αὐτοῦ.
578 2175 712 2210 παρεκτὸς
738 2175 816 2210 λόγου
837 2185 902 2212 πορ-

953 1582 1033 1610 stiam
1047 1583 1178 1612 laudavit.
1195 1587 1222 1610 et
1242 1583 1399 1610 beatissima
1424 1583 1505 1618 hujus
1520 1582 1632 1617 praemia
1649 1586 1744 1608 osten-

953 1627 1003 1654 dit.
1033 1627 1161 1654 Servator
1177 1633 1268 1655 autem
1283 1633 1387 1660 noster,
1407 1636 1461 1655 non
1485 1628 1617 1655 lascivum
1639 1631 1744 1654 tantum

953 1677 1054 1705 actum,
1068 1673 1114 1700 sed
1133 1674 1315 1709 944ipsum
1336 1682 1446 1709 quoque
1460 1674 1590 1701 intuitum
1610 1673 1744 1708 ejusmodi

953 1719 1123 1754 puniendum
1149 1720 1284 1749 decernit.
1306 1731 1314 1746 ι
1336 1720 1387 1754 Qui
1412 1721 1497 1751 enim,
1526 1720 1624 1754 inquit,
1643 1719 1744 1746 viderit

954 1766 1097 1793 mulierem
1112 1767 1145 1793 ad
1162 1767 1414 1801 concupiscendum
1424 1775 1494 1798 eam,
1511 1767 1565 1801 jam
1577 1766 1744 1793 adulterium

953 1810 1091 1837 commisit
1110 1818 1172 1837 cum
1192 1819 1223 1838 ea
1238 1811 1264 1837 in
1281 1811 1364 1838 corde
1377 1819 1427 1838 suo
1445 1811 1468 1837 ιε.
1486 1821 1494 1836 ι
1514 1811 1546 1837 Ει
1562 1811 1607 1838 ille
1619 1811 1743 1846 quidem,

954 1856 1066 1890 impune
1078 1863 1109 1882 ac
1118 1855 1232 1882 licenter
1241 1855 1337 1883 alienis
1350 1855 1595 1882 uxorilmsmisceri
1611 1855 1743 1884 instituit.

954 1900 989 1927 At
1007 1904 1113 1927 natura:
1126 1900 1234 1934 Opifex,
1248 1901 1312 1935 quia
1330 1901 1477 1927 humanam
1494 1908 1593 1927 creatis
1605 1905 1743 1932 naturam,

954 1953 1039 1972 unum
1054 1945 1190 1980 principio
1205 1946 1305 1977 virum,
1317 1950 1345 1973 et
1360 1946 1488 1973 feminam
1501 1953 1582 1972 unam
1598 1945 1725 1972 formavit
1735 1966 1743 1978 ,

956 1991 1038 2018 etiam
1060 1991 1128 2017 solvi
1150 1991 1355 2018 matrimonium
1374 1995 1458 2022 vetat,
1477 1991 1641 2025 unicamque
1663 1991 1745 2026 hujus

956 2036 1101 2063 dirimendi
1129 2044 1239 2064 causam
1260 2036 1410 2071 assignavit
1426 2044 1496 2067 eam,
1515 2044 1575 2070 qum
1592 2036 1744 2063 maritalem

955 2081 1079 2116 copulam
1093 2089 1156 2108 vere
1170 2081 1285 2108 divellit.
1302 2091 1311 2106 ι
1328 2081 1422 2108 Omnis
1435 2081 1519 2111 enim,
1530 2081 1577 2112 ait,
1592 2081 1638 2115 qui
1654 2081 1745 2107 dimit-

956 2126 988 2154 tit
1007 2134 1119 2153 uxorem
1134 2135 1221 2159 suam,
1239 2132 1350 2161 excepta
1372 2126 1561 2154 fornicationis
1575 2134 1668 2158 causa,
1681 2127 1745 2154 facit

955 2180 1015 2199 eam
1029 2172 1160 2199 muzchari
1175 2181 1181 2199 :
1196 2177 1222 2199 et
1241 2173 1287 2207 qui
1298 2172 1437 2199 dimissam
1448 2172 1568 2203 duxerit,
1579 2171 1745 2199 adulterium

119 2219 203 2250 νείας,
215 2220 286 2245 ποιεῖ
297 2219 381 2254 αὐτὴν
399 2219 575 2254 μοιχευθῆναι
586 2228 592 2235 ·
605 2222 649 2246 καὶ
668 2222 682 2247 6
699 2221 901 2256 ἀπολελυμένην

954 2216 1135 2244 committitl.
1153 2226 1162 2242 ›
1191 2216 1295 2250 Quibus
1315 2217 1407 2244 verbis
1432 2222 1529 2243 Cretera
1554 2216 1649 2243 uxoris
1679 2216 1746 2243 vitia

119 2265 215 2299 γαμῶν
232 2265 367 2299 μοιχᾶται.
386 2274 395 2289 ι
415 2265 463 2291 Δια
483 2265 510 2291 δὲ
522 2266 623 2292 τούτων
640 2266 730 2292 πάντα
743 2267 835 2302 φέρειν
857 2275 905 2292 κε-

119 2309 191 2336 λεύει
208 2308 242 2335 τὰ
265 2309 315 2343 τῆς
339 2309 466 2342 γυναικὸς
490 2310 680 2344 ἐλαττώματα,
706 2310 758 2336 κᾶν
775 2309 855 2340 λάλος
876 2309 903 2346 ᾖ,

119 2355 171 2382 κᾶν
185 2355 301 2389 μέθυσος
380 2354 403 2370 ⁸⁵
415 2355 466 2381 κᾶν
482 2355 522 2386 εἰς
540 2355 671 2389 λοιδορίαν
687 2355 885 2390 προχειροτάτη
896 2363 903 2371 ·

120 2402 144 2428 εἰ
156 2400 216 2427 δέη
235 2408 266 2434 γε
283 2399 328 2426 τοῦ
344 2400 433 2434 γάμου
451 2400 603 2435 παραλύσει
622 2402 643 2417 ³⁷
661 2403 724 2432 τοὺς
740 2401 839 2436 νόμους
857 2402 905 2428 καὶ

121 2447 187 2482 πρὸς
199 2446 292 2481 ἕτερον
309 2446 369 2478 ἴδοι,
393 2445 542 2482 τηνικαῦτα
560 2446 633 2473 λύειν
657 2446 760 2473 κελεύει
773 2447 823 2482 τὴν
843 2447 905 2480 ζεύ-

156 2524 168 2544 i
184 2526 280 2554 Matth.
298 2533 325 2558 ν,
342 2525 386 2552 28.
427 2524 436 2544 ι
454 2525 548 2552 Matth.
565 2534 591 2557 v,
608 2526 661 2558 32;
678 2533 733 2557 xu,
750 2526 776 2553 9.

954 2263 1020 2290 ferri
1032 2263 1121 2297 jubet,
1141 2270 1188 2290 seu
1204 2263 1303 2297 loquax
1316 2263 1352 2289 sit
1367 2263 1423 2294 illa,
1441 2271 1488 2289 seu
1503 2263 1653 2289 temulenta
1665 2282 1672 2293 ,
1696 2269 1745 2288 seu

955 2309 1107 2336 convitiosa
1123 2317 1128 2335 :
1145 2308 1186 2336 sin
1203 2316 1268 2335 vero
1288 2309 1446 2343 nuptiarum
1461 2309 1535 2343 leges
1556 2308 1701 2339 transiliat,
1717 2307 1746 2335 in

956 2356 1095 2390 aliumque
1121 2363 1219 2391 procax
1245 2355 1385 2388 intendat,
1405 2360 1469 2382 tunc
1485 2355 1602 2390 denique
1619 2354 1745 2389 copulam

956 2402 1024 2430 solvi
1041 2402 1130 2437 jubet.
1146 2401 1310 2429 Consimilcs
1324 2409 1418 2427 rursus
1434 2405 1461 2427 et
1478 2408 1526 2434 per
1537 2400 1651 2427 Paulum
1672 2399 1747 2433 leges

955 2447 1055 2480 sanxit,
1069 2447 1255 2482 etEpistolam
1273 2447 1318 2474 ille
1338 2446 1372 2474 ad
1388 2445 1546 2473 Corinthios
1554 2444 1678 2472 scribens
1696 2443 1747 2473 bas

773 2593 889 2621 VARUE
911 2593 1102 2621 LECTIONES

158 2652 179 2668 "'
194 2651 264 2678 οὔτε.
277 2652 335 2678 οὐδὲ
347 2651 378 2679 C.
434 2651 456 2667 ⁷¹
471 2651 592 2685 ἐποίησε.
607 2651 719 2687 ἐπῄνεσε
737 2652 767 2678 Β.

124 2687 145 2705 ⁷⁵
165 2687 259 2721 μόνην.
281 2687 359 2720 μόνον
372 2686 403 2714 C.
446 2687 469 2703 ⁷⁸
485 2687 604 2720 φεύγειν.
627 2686 721 2721 φυγεῖν
742 2687 772 2713 Β.

123 2723 173 2750 Vb.
212 2722 234 2738 ⁷⁵
244 2723 351 2755 ἄνδρας.
363 2721 474 2756 ἀνδράσι
486 2721 517 2749 C.

123 2758 165 2785 vel
190 2757 334 2791 χωριτικὸν
361 2757 404 2784 vel
418 2757 535 2790 χωρικὸν
556 2760 586 2784 ut
606 2765 687 2791 supra
701 2765 727 2791 p.
748 2757 792 2788 8i,
812 2757 856 2784 93.

124 2792 146 2809 ⁸³
160 2790 207 2833 καλέ
221 2790 359 2833 ert—ﬁeile
373 2791 404 2818 Β.
419 2799 504 2833 marg.
521 2799 548 2826 p.
563 2799 601 2833 na.

125 2826 272 2866 παραλύσει
289 2827 319 2860 Β,
336 2826 366 2855 C.
385 2826 533 2862 παραλύσει
548 2827 609 2858 τοὺς
623 2829 727 2863 γάμους
740 2826 788 2854 Va.

806 2652 828 2688 ’ξ
843 2652 903 2683 ἔθος
933 2652 999 2685 ἕξιν.
1022 2652 1082 2683 ἔθος
1105 2652 1168 2687 ἔργο
1191 2650 1247 2683 ἕξιν
1323 2686 1328 2688 _
1347 2650 1369 2665 '”
1385 2650 1430 2676 τὸν
1445 2650 1636 2688 alterumpm.
1661 2650 1712 2688 Sir_t

818 2687 839 2702 ⁷⁷
853 2687 1023 2714 ἀπεκτονόσι.
1049 2685 1255 2713 ἀποκταίνουσιν
1269 2686 1300 2713 C.
1318 2685 1479 2711 ἀπεκτανόσι
1496 2685 1543 2711 Va.
1563 2685 1745 2710 ἀπεκτανοῡσι

563 2721 583 2737 ⁷⁸
601 2723 655 2747 τῶν
675 2722 834 2756 ἀνθρώπων.
856 2722 910 2748 τῶν
922 2730 977 2749 om.
993 2723 1021 2749 Β.
1076 2722 1098 2738 ⁸ο
1113 2721 1254 2756 χωρητικό·

563 2760 586 2784 it
606 2765 687 2784 supra
701 2765 727 2784 ι).
748 2757 792 2784 81.
812 2757 856 2784 95.
913 2758 933 2773 θ’
947 2759 970 2784 οἱ
993 2758 1088 2784 ἁλιεῖς.
1114 2759 1137 2783 οἱ
1161 2765 1215 2784 om.
1233 2756 1254 2783 B

947 2765 970 2784 οι
993 2765 1088 2784 αλιεις.
1114 2766 1137 2783 οι
1161 2765 1215 2784 01ῘΙ.
1234 2765 1263 2783 Β.

652 2791 674 2808 ⁸⁵
688 2785 881 2827 dormiat-31?);
900 2792 930 2819 B.
984 2792 1006 2808 ³⁸

1347 2650 1369 2665 ⁷³
1385 2649 1430 2676 τδν
1445 2649 1559 2676 alterum
1582 2655 1636 2675 om.
1661 2647 1745 2679 Sirm.

1076 2722 1098 2738 ⁸ο
1113 2721 1273 2756 χωρητικόν.
1289 2720 1333 2747 Sic
1348 2727 1443 2746 oumcs
1460 2720 1486 2746 b.
1501 2719 1519 2746 l.
1534 2718 1675 2746 Edendum
1687 2722 1747 2749 erat

1076 2766 1088 2779 ι,
1114 2759 1137 2779 ni
1161 2765 1215 2779 nm,
1233 2756 1263 2779 R.
1318 2755 1341 2771 υ
1355 2755 1522 2779 θαυμάσατε.
1545 2753 1697 2779 θαυμάσετε
1714 2753 1744 2779 Β.

1233 2756 1263 2783 Β.
1318 2755 1341 2771 ⁸²
1355 2755 1522 2789 θαυμάσατε.
1545 2755 1697 2786 θαυμάσετε
1714 2755 1744 2781 Β.

1227 2791 1250 2807 ⁸⁸
1264 2792 1287 2817 εἰ
1302 2790 1339 2817 δέ.
1352 2791 1376 2816 εἰ
1391 2790 1422 2817 δέ
1436 2798 1469 2824 γε
1482 2789 1510 2816 Β.
1548 2789 1571 2804 ⁸⁷
1586 2787 1744 2822 παραλύσοι.

984 2792 1006 2808 ³⁸
1024 2790 1065 2828 [ᾗ]
1078 2799 1133 2819 om.
1148 2792 1177 2819 Β.
1227 2791 1250 2807 ⁸⁸
1264 2792 1287 2817 εἰ
1302 2790 1339 2817 δέ.
1352 2791 1376 2816 εἰ
1391 2787 1422 2817 δέ
1436 2798 1469 2824 γε
1482 2789 1510 2816 Β.
1548 2789 1571 2804 ⁸⁷
1586 2787 1746 2822 παραλύσοι.
