1965 3051
131 146 199 179 1057

467 147 685 177 ΘΒΕΟΑΗΠΜ
701 146 852 177 AFFECT.
872 146 915 176 CU

967 145 1048 175 .TIO.
1062 146 1158 176 --1Χ.
1179 146 1228 175 DE
1245 145 1418 175 LEGIBUS.

1687 143 1754 176 1058

129 199 194 235 ἰ’ρδς
206 199 282 234 ὑμῶν
293 198 339 225 τοῦ
355 198 383 226 έν
402 199 526 234 οὐρανοῖς
540 208 547 214 ·
567 200 608 226 ὅτι
626 198 765 226 ἀνατέλλει
778 199 823 225 τὸν
841 198 915 234 ἥλιον

967 198 1045 233 jubet
1063 199 1147 226 solem
1167 206 1250 233 super
1268 198 1355 225 malos
1372 201 1400 225 et
1421 197 1518 230 bonos,
1535 202 1563 225 et
1583 197 1654 232 pluit
1672 204 1756 233 super

130 245 213 272 αὑτοῦ
228 245 274 272 ἐπὶ
291 246 425 281 πονηροὺς
437 245 483 272 καὶ
495 246 622 280 ἀγαθοὺς,
640 247 686 272 καὶ
699 245 790 281 βρέχει
812 245 857 271 ὲπλ
876 244 916 271 δι-

130 292 224 322 καίους
239 292 287 318 καὶ
299 291 417 322 ἀδίκους.
440 302 448 318 ι
467 293 521 318 Καὶ
534 293 597 328 περὶ
616 293 705 327 ὅρκων
720 292 747 318 δὲ
764 291 863 326 νόμους
878 300 917 318 τι-

130 338 198 369 ὒεὶς.
214 339 261 364 καὶ
281 338 378 369 αὐτοὺς
391 338 556 373 ἀπαγορεύει
573 339 635 370 τοὺς
646 338 755 372 ὅρκους,
773 337 895 372 ἀποχρῆν
905 337 916 353 ³

129 383 216 417 λέγων
240 384 271 410 τὸ
297 384 352 410 Nai
381 384 426 409 ml
452 384 482 410 τὺ
503 383 545 410 Οῦ
569 384 637 418 πρὸς
657 384 707 419 τὴν
728 383 782 409 τῶν
803 382 916 417 λεγομέ-

128 438 181 455 νων
193 429 268 465 [154]
282 429 436 464 βεϐαίωσιν.
456 430 512 456 Καὶ
535 430 580 456 τὸν
602 430 744 465 ἀκτήμονα
757 429 785 455 δὲ
803 429 859 464 βὶον
873 438 918 455 τε-

126 471 266 500 λειότατον
281 475 344 509 ἐφη.
376 483 385 499 ι
404 475 452 506 ¹¹ος
471 474 525 510 γὰρ
539 475 582 507 ἂν,
600 475 677 510 φησὶ,
697 475 735 510 μὴ
749 475 917 510 ἀποτάξηται

130 521 198 546 πᾶσι
220 521 276 551 τοῖς
296 520 465 554 ὑπάρχουσιν
484 521 577 551 αὑτοῦ,
599 520 628 546 οὐ
647 520 757 547 δύναταί
775 529 825 556 μου
847 518 916 547 εἶναι

131 565 264 600 μαθητής.
280 575 289 591 ι
307 566 377 592 Ἀλλ’
389 567 463 601 ὅμως
478 567 525 593 καὶ
539 566 625 598 οὕτως
637 567 647 583 ⁸
663 567 764 602 ἀκριὸἧ
779 566 916 593 πολιτείαν

130 610 294 645 νομοθετῶν,
311 611 387 638 οὐδέν
401 620 428 637 τι
443 612 559 648 τερπνὸν
572 612 644 638 κατὰ
655 602 730 638 τόνδε
749 612 810 638 τὸν⁷
828 612 883 647 βίον
898 611 914 647 ἢ

130 656 251 692 θυμῆρες
264 656 360 683 δώσειν
371 657 515 692 ὑπέσχετο,
527 657 595 684 ἀλλὰ
610 658 706 684 πενίαν
719 657 766 684 καὶ
779 658 916 685 ταλαιπω-

131 701 191 735 ρίαν
219 701 265 727 καὶ
287 701 441 735 λοιδορίαν⁸
465 702 513 728 καὶ
537 702 671 737 μάστιγας
698 702 745 729 καὶ
771 702 916 737 διαφόρους

130 747 248 781 σφαγάς.
271 755 280 772 ε
298 746 341 773 Ἐν
363 747 401 781 τῷ
419 747 514 783 κόσμῳ
529 747 592 782 γὰρ,
609 747 671 783 ἔφη,
690 747 778 782 θλίψιν
789 747 864 782 ἔχετε
876 755 883 761 ·
903 757 913 773 ι

128 791 195 822 καὶ,
219 799 228 815 ι
243 791 382 826 Μακάριοί
400 792 472 823 ἐστε,
496 793 560 819 ὅταν
581 792 747 819 ὀνειδίσωσιν
770 793 852 827 ὑμᾶς,
869 793 916 819 καὶ

127 836 244 868 διώξωσι
266 857 273 870 ,
289 837 335 864 καὶ
351 838 447 864 εἴπωσι
465 839 519 864 πᾶν
541 838 658 874 πονηρὸν
672 838 748 873 ῥῆμα
763 838 823 865 καθ’
839 838 916 872 ὑμῶν

128 881 288 916 ψευδόμενοι
319 883 411 909 ἕνεκεν
433 882 652 919 έμοῦ⁹“χαίρετε
676 884 724 910 καὶ
739 884 913 918 ἀγαλλιᾶσθε,
932 873 952 901 Β

128 927 169 952 ὅτι
182 927 195 953 ὁ
207 927 301 962 μισθὸς
316 928 392 962 ὑμῶν
405 928 488 960 πολὺς
502 929 530 955 ὲν
543 930 598 960 τοῖς
612 929 746 964 οὐρανοῖς.
762 939 770 954 ι
789 930 843 955 Καὶ
853 929 916 960 τοὺς

128 973 179 1006 μὲν
198 973 294 1004 πόνους
311 974 356 1000 καὶ
370 974 508 1005 κινδύνους
521 974 640 1007 ἐπέδειξε
651 975 684 1007 ¹⁰,
703 975 736 1001 τὰ
753 975 782 1001 δὲ
800 974 915 1010 βραὸεῐα

129 1019 176 1044 καὶ
191 1020 253 1050 τοὺς
274 1020 422 1054 στεφάνους
447 1020 516 1055 μετὰ
532 1021 561 1046 τὸ
580 1021 628 1047 τοῦ
645 1020 703 1056 βίου
719 1021 794 1052 τέλος
809 1021 828 1036 “
848 1021 916 1047 ἁπο-

127 1064 224 1091 δώσειν
247 1065 390 1100 ὑπέσχετο.
411 1065 466 1092 Καὶ
487 1067 515 1092 ὲν
535 1066 621 1101 ἑτέρῳ
644 1066 673 1092 δὲ
703 1067 795 1101 χωρίῳ
814 1066 913 1101 φησίν·

131 1118 139 1132 ε
155 1109 184 1135 Ei
199 1110 248 1144 ἐμὲ
263 1109 376 1143 ἐδίωξαν
388 1111 419 1143 η,
435 1111 480 1137 καὶ
493 1111 564 1145 ὑμᾶς
576 1110 716 1143 διώξουσιν
731 1119 737 1126 ⁸
753 1112 776 1137 εἰ
791 1111 835 1137 τὸν
848 1110 914 1145 ἐμὸν

127 1154 205 1188 λόγον
225 1156 371 1192 ἐτήρησαν,
391 1157 496 1183 καὶτὸν
512 1157 643 1193 ὑμέτερον
660 1157 820 1192 τηρήσουσι.
833 1165 842 1182 ι
860 1156 915 1182 Καὶ

129 1200 208 1226 πάλιν
220 1208 226 1216 ⁸
248 1210 256 1226 ι
275 1201 305 1227 Ei
320 1201 365 1227 τὸν
384 1202 576 1237 οἰκοδεσπότην
600 1202 763 1234 Βεελζεὸοὺλ
782 1202 916 1229 ἐπεκαλέ-

129 1247 248 1278 ante”,
270 1247 344 1282 πόσῳ
357 1247 458 1282 μᾶλλον
475 1249 536 1280 τοὺς
551 1249 689 1279 οἰκιακοὺς
700 1249 721 1263 ¹⁵
731 1248 828 1280 αὐτοῦς
848 1257 858 1274 ι

162 1285 194 1318 Oi
208 1293 257 1327 μὲν
267 1293 299 1328 δὴ
313 1286 390 1326 νόμοι
404 1293 520 1320 τοιοῦτοι
532 1301 538 1307 “
551 1293 626 1325 ἄξιον
637 1293 664 1319 δὲ
677 1293 783 1328 ἀληθῶς
796 1293 915 1324 καὶτοὺς

127 1339 287 1370 ϋεσπεσίους
320 1339 420 1374 ἄνδρας
447 1339 568 1370 ἐκείνους
596 1339 746 1373 θαυμάσαι,
779 1340 827 1366 καὶ
851 1339 914 1371 τοὺς

127 1384 242 1416 ἐκείνοις
257 1385 481 1415 πεπιστευκότας.
495 1384 612 1411 Τοιῶνδε
628 1385 683 1419 γὰρ
697 1385 785 1418 λόγων
800 1384 916 1411 ἀκούον-

127 1439 183 1463 τες,
198 1431 245 1458 καὶ
259 1430 320 1457 οὕτε
338 1431 451 1457 πλοῦτον
466 1430 528 1457 οὔτε
539 1431 699 1457 δυναστείαν
713 1430 775 1457 οὔτε
788 1432 914 1465 σώματος

128 1475 225 1511 ῥώμην
246 1477 320 1512 παρὰ
339 1477 385 1503 τοῦ
407 1478 573 1512 κεκληκότος
591 1476 743 1512 δεξάμενοι,
768 1477 836 1503 ἀλλὰ
861 1485 915 1511 μα-

128 1523 206 1557 κραῖς
229 1523 275 1549 καὶ
298 1524 408 1554 ταύταις
429 1524 460 1550 οὐ
483 1524 659 1559 φαινομέναις
675 1523 850 1557 ἐπαγγελίαις
867 1532 915 1550 πε·
928 1537 950 1566 c

128 1568 312 1599 πιστευκότες,
328 1569 374 1594 καὶ
389 1569 452 1600 τοὺς
467 1569 565 1601 πόνους
580 1569 739 1603 ἠσπάσαντο
750 1569 783 1601 ¹⁵,
800 1568 914 1596 καὶτῶν

128 1613 258 1640 κινδύνων
278 1613 435 1648 ἠνέσχοντο,
446 1615 493 1640 καὶ
507 1614 557 1649 τὴν
575 1614 739 1650 οἰκουμένην
755 1614 916 1649 περινοστή-

129 1667 223 1690 σιντες
245 1660 301 1689 τοῖς
325 1659 413 1685 ἔθνεσι
435 1660 625 1694 προσήνεγκαν
655 1659 666 1675 ⁸
698 1660 733 1685 τὰ
754 1660 914 1695 μαθήματα.

129 1704 210 1731 υύδὲν
224 1704 251 1731 δὲ
265 1702 345 1740 ἦττον
356 1705 403 1731 καὶ
416 1705 479 1736 τοὺς
489 1705 649 1739 δεξαμένους
661 1705 818 1740 εὑφημῆσαι
831 1713 916 1740 προσ-

129 1751 200 1785 ήκει,
215 1750 256 1777 ὅτι
273 1750 348 1786 παρὰ
363 1752 419 1783 τοῖς
434 1750 549 1786 κήρυξιν
565 1751 641 1777 οὐδὲν
664 1751 813 1786 περιφανὲς
830 1751 915 1786 ὁρῶν-

128 1805 173 1828 τες
186 1796 246 1823 οὐδὲ
258 1797 279 1812 ⁸⁷
295 1797 486 1833 περίϐλεπτον,
500 1796 569 1823 ἀλλὰ
581 1796 702 1831 γλώττας
719 1797 874 1828 ἁλιευτικάς
885 1805 914 1823 τε

129 1844 175 1869 καὶ
192 1843 388 1878 σκυτοτομικὰς
405 1844 452 1870 καὶ
467 1842 562 1869 ¹ιοενίαν
577 1843 694 1877 ἐσχάτην
712 1842 782 1878 (οὐδὲ
796 1842 848 1876 γὰρ
865 1842 915 1876 τῆς

128 1889 279 1923 ἀναγκαίας
298 1889 437 1924 ηὐπόρουν
451 1888 555 1923 τροφῆς
567 1896 573 1903 ·
593 1888 674 1914 πόθεν
690 1888 746 1923 γὰρ
763 1888 794 1923 δὴ
808 1888 829 1903 ¹⁸
850 1887 914 1914 ταύ-

127 1943 177 1968 την
197 1932 280 1969 εἶχον,
299 1934 326 1959 οἵ
339 1941 370 1967 γε
395 1934 441 1960 καὶ
464 1933 495 1959 τὸ
511 1934 645 1969 μεριμνᾷν
666 1934 732 1968 περὶ
752 1934 802 1968 τῆς
820 1933 915 1969 αὔριον

129 1979 205 2013 νόμῳ
216 1977 423 2012 κεκωλυμένοι),
437 1977 467 2004 οὐ
480 1977 559 2010 μόνον
570 1977 786 2012 τοῖςλεγομένοις
795 1978 915 2004 ἐπίστευ-

130 2033 189 2056 σαν,
206 2025 272 2051 ἀλλὰ
289 2025 336 2051 καὶ
350 2024 404 2051 τῶν
421 2025 486 2060 παρ’
499 2024 591 2055 αὐτοῖς
616 2024 830 2058 πολιτευομένων
849 2032 914 2050 κατ-

129 2071 281 2106 ειρρόνησαν
295 2071 396 2106 νόμων,
422 2070 536 2097 καὶτῶν
558 2069 626 2096 ὲοῶν
647 2070 700 2096 τῶν
716 2069 850 2105 πατρῴων
871 2070 915 2101 ἐξ·

129 2118 256 2152 ἔστησαν,
273 2118 319 2144 καὶ
342 2117 410 2152 μετὰ
437 2116 567 2143 κινδύνων
590 2116 637 2142 καὶ
655 2116 732 2142 αὐτοὶ
755 2115 802 2142 τὸν
822 2115 914 2142 λοιπὸν

129 2165 245 2191 ἐξέωσαν
259 2164 366 2199 χρόνον.
381 2164 480 2199 ὁμοίως
496 2163 545 2199 μὲν
561 2164 617 2195 τοῖς
628 2163 797 2194 διδασκάλοις
811 2163 914 2199 κηρύτ-

129 2219 229 2242 τοντες,
249 2211 349 2244 ὁμοίως
364 2210 392 2237 δὲ
411 2210 620 2245 παροινούμενοι
640 2210 687 2236 καὶ
712 2209 913 2244 προπηλακιζό-
929 2202 952 2229 Ῑ)

132 2264 215 2290 μενοι,
230 2256 278 2281 καὶ
295 2255 340 2281 διὰ
355 2254 409 2281 τῶν
427 2256 492 2281 ίσων
504 2255 659 2282 κλυδωνίων
674 2255 822 2286 ὁδεύοντες.
847 2256 914 2282 Τοσ-

129 2301 190 2327 οὖτο
201 2302 222 2316 ”
233 2301 262 2327 δὲ
273 2300 354 2331 σέϐας
372 2300 427 2326 τῶν
445 2301 525 2336 μέχρι
537 2300 653 2327 θανάτου
667 2301 914 2328 κεκινδυνευκότων

130 2346 175 2373 καὶ
192 2343 266 2380 εἶχον
279 2346 386 2377 ἐκεῖνοι,
402 2345 450 2371 καὶ
470 2345 519 2380 μὲν
542 2345 573 2380 δὴ
595 2346 642 2372 καὶ
656 2345 762 2380 ἔχουσιν
785 2345 914 2378 ἅπαντες,

130 2392 166 2422 ὡς
182 2391 231 2422 τὰς
246 2390 358 2417 ἐκείνων
370 2390 425 2426 [γε]
434 2391 456 2406 ¹⁰
469 2391 555 2426 θήκας
568 2390 746 2427 [θησαυροὺς]
756 2392 777 2407 ¹¹
794 2391 916 2427 ὑπολαμ-

129 2437 219 2464 δᾶνειν
247 2436 358 2470 ἀγαθῶ-ι
383 2436 558 2463 παντοδαπῶν
584 2436 728 2471 χορηγούς.
765 2437 915 2472 Ἀθρήσατε

965 245 1055 280 justos
1069 249 1098 273 et
1114 246 1230 281 iniustos
1242 250 1266 272 τι.
1286 255 1294 270 ι
1313 245 1347 272 Ει
1366 252 1429 272 cum
1449 244 1482 272 de
1496 245 1661 280 juramentis
1683 246 1757 281 leges

968 294 1109 323 statueret,
1128 291 1186 326 ipsa
1207 291 1290 318 etiam
1310 291 1465 326 juramenta
1485 298 1600 325 prorsus
1623 291 1755 324 inhibuit,

967 337 1034 364 satis
1053 344 1112 364 esse
1121 336 1214 364 dicens
1227 337 1261 364 ad
1281 344 1311 364 ea
1325 336 1512 364 conﬁrmanda
1525 344 1587 371 quae
1603 336 1734 363 dicuntur
1747 345 1755 363 :

971 390 981 407 ί
997 381 1046 408 Est
1056 386 1083 409 et
1104 382 1164 409 Non
1180 387 1222 410 est
1237 387 1261 409 ν.
1275 392 1285 408 ι
1305 383 1456 417 Pauperem
1472 390 1580 417 quoque
1591 383 1674 409 vitam
1692 390 1756 417 per-

967 428 1145 456 fectissimam
1153 436 1212 456 esse
1221 428 1421 464 pronuntiavit.
1438 437 1447 453 ι
1460 427 1509 461 Qui
1519 428 1592 455 enim
1603 429 1704 464 (inquit
1720 429 1754 463 ι),

968 467 1022 501 non
1044 475 1243 502 renuntiaverit
1265 475 1393 501 omnibus
1415 474 1496 501 bonis
1509 474 1577 506 suis,
1599 482 1653 501 non
1667 479 1757 509 potest

967 528 1045 547 meus
1065 527 1124 547 esse
1142 519 1293 555 discipulus
1309 524 1332 545 ι.
1345 529 1354 545 ι
1374 520 1408 546 Ει
1421 524 1522 551 tamen,
1537 527 1598 546 cum
1619 520 1688 546 adeo
1708 527 1756 546 ex-

967 571 1058 594 actum
1070 567 1132 593 vita:
1142 566 1403 601 genusinstitueret,
1415 566 1485 592 nihil
1498 565 1670 595 delectabile,
1686 565 1755 592 nihil

965 612 1117 647 jucundum
1139 612 1166 638 in
1189 612 1240 639 hac
1262 612 1316 638 vita
1341 619 1371 638 se
1390 611 1520 638 daturum
1541 611 1688 646 promisit:
1708 610 1756 638 sed

967 661 1166 692 paupertatem,
1187 662 1215 683 et
1238 657 1389 688 miseriam,
1409 660 1437 683 et
1457 656 1648 686 contumelias,
1663 660 1691 682 et
1706 655 1755 682 ﬂa-

967 710 1024 738 gra,
1039 702 1239 736 etmultiplices
1254 703 1424 729 vexationes.
1446 711 1454 727 ι
1474 701 1503 728 ln
1522 701 1635 732 mundo,
1656 701 1755 735 inquit,

967 756 1122 783 pressuram
1135 748 1273 775 habebitis
1286 753 1310 775 γ.
1332 758 1340 773 ι
1356 748 1407 774 Et:
1425 757 1434 772 ι
1451 747 1526 774 Beati
1548 747 1615 773 estis
1627 754 1690 773 cum
1703 754 1757 774 ma-

966 793 1113 821 ledixerint
1123 793 1211 825 vobis,
1233 798 1261 820 et
1279 793 1418 827 persecuti
1435 800 1484 819 vos
1501 792 1615 823 fuerint,
1636 795 1664 818 et
1681 792 1757 818 dixe-

968 839 1024 865 rint
1043 846 1124 866 omne
1138 838 1240 865 malum
1259 838 1339 874 947
1357 838 1490 864 adversus
1504 845 1564 869 vos,
1579 837 1753 870 mentientes,

967 889 1079 919 propter
1088 893 1141 911 me.
1157 884 1279 912 Gaudete
1300 889 1327 911 et
1342 884 1486 915 exsultate,
1502 884 1631 918 quoniam
1650 891 1756 910 merces

967 934 1058 957 vestra
1083 931 1169 957 multa
1185 935 1226 957 est
1243 931 1272 957 in
1298 930 1375 958 ctelis
1386 935 1408 957 π.
1426 940 1434 955 ι
1457 930 1491 956 Ει
1512 930 1621 956 labores
1643 929 1755 964 quidem

967 974 1145 1010 periculaque
1163 975 1283 1002 ostendit
1296 984 1302 1001 :
1317 975 1428 1010 praemia
1445 982 1510 1002 vero
1526 979 1554 1002 et
1569 982 1685 1002 coronas
1694 979 1756 1009 post

967 1019 1030 1047 vitae
1046 1020 1128 1047 ﬁnem
1154 1028 1183 1048 se
1202 1021 1331 1048 daturum
1349 1021 1485 1055 promisit.
1508 1021 1541 1048 Et
1559 1021 1612 1047 alio
1639 1021 1667 1048 in
1693 1021 1755 1048 loco

967 1066 1005 1093 ait
1023 1075 1030 1092 :
1053 1075 1061 1091 ι
1077 1066 1105 1093 Si
1120 1074 1163 1093 me
1183 1067 1321 1102 persecuti
1337 1072 1413 1097 sunt,
1428 1071 1457 1094 et
1472 1075 1522 1094 vos
1541 1073 1753 1103 persequentur.

1018 1119 1172 1139 sermonem
1192 1120 1283 1140 meum
1303 1117 1463 1145 servarunt,
1482 1118 1510 1140 et
1524 1118 1646 1141 νθδιτυιιι
1661 1121 1754 1142 serva.

966 1157 1036 1184 bunt
1051 1164 1076 1184 ιι.
1097 1168 1106 1183 ι
1130 1158 1165 1185 Et
1187 1166 1284 1185 rursus
1314 1167 1320 1185 :
1344 1168 1353 1183 ι
1376 1158 1404 1185 Si
1420 1158 1563 1185 dominum
1586 1164 1755 1187 vocaverunt

966 1202 1132 1236 Beelzebub,
1148 1208 1251 1238 quanto
1267 1203 1353 1238 magis
1363 1203 1530 1230 domesticos
1542 1203 1602 1239 ejus
1613 1204 1646 1230 η
1661 1213 1670 1230 ι

1001 1294 1087 1330 Leges
1108 1294 1200 1329 itaque
1223 1298 1287 1322 sunt
1306 1294 1474 1330 huiusmodi.
1493 1294 1612 1330 Equum
1631 1303 1697 1323 vero
1714 1301 1756 1324 est

966 1343 997 1366 ut
1008 1339 1117 1366 divinos
1146 1339 1208 1366 illos
1235 1340 1310 1367 viros
1331 1340 1515 1372 admiremur,
1533 1348 1636 1375 eosque
1657 1340 1754 1368 itidem

965 1385 1012 1420 qui
1026 1384 1080 1412 illis
1090 1385 1276 1412 crediderunt.
1294 1385 1335 1412 illi
1350 1385 1424 1412 enim
1442 1386 1491 1412 bas
1502 1386 1575 1421 leges
1586 1393 1648 1413 cum
1663 1386 1755 1414 audis-

965 1434 1079 1463 sent,et
1104 1439 1193 1466 neque
1222 1431 1342 1463 divitias,
1361 1439 1452 1466 neque
1476 1433 1639 1466 potentiam,
1664 1440 1755 1467 neque

965 1476 1089 1511 corporis
1105 1476 1191 1503 robur
1204 1484 1220 1503 a
1240 1479 1356 1503 vocante
1378 1476 1561 1511 accepissent,
1593 1477 1641 1504 sed
1654 1477 1753 1513 longis,

966 1526 995 1550 et
1017 1529 1109 1550 rerum
1135 1529 1197 1556 quae
1225 1529 1282 1549 non
1308 1521 1505 1553 cernebantur,
1525 1523 1756 1557 promissionibus

967 1567 1048 1595 ﬁdem
1061 1567 1206 1599 haberent,
1220 1571 1247 1594 et
1256 1567 1365 1594 labores
1375 1567 1494 1602 amplexi
1507 1572 1581 1600 sunt,
1593 1572 1622 1595 et
1633 1569 1756 1603 pericula

967 1614 1130 1641 tolerarunt.
1144 1614 1200 1646 ',et
1211 1617 1312 1640 terram
1329 1618 1506 1648 peragrantes
1521 1613 1677 1641 doctrinam
1690 1622 1757 1649 gen-

967 1661 1042 1689 tibus
1049 1660 1220 1688 detulerunt.
1232 1660 1292 1688 Non
1304 1661 1395 1688 minus
1401 1668 1434 1687 au
1440 1665 1493 1688 tem
1500 1664 1527 1687 et
1534 1668 1582 1687 eos
1595 1660 1700 1688 laudari
1707 1668 1757 1696 par

965 1711 1017 1740 est,
1031 1708 1078 1742 qui
1092 1710 1276 1741 susceperunt
1292 1714 1300 1733 :
1315 1706 1390 1741 quod
1405 1706 1475 1733 nihil
1490 1706 1607 1739 illustre,
1630 1706 1755 1742 nihilque

966 1753 1145 1788 conspicuum
1163 1753 1191 1780 in
1204 1752 1379 1787 praeconibus
1393 1757 1550 1785 cernentes,
1563 1752 1611 1779 sed
1636 1753 1755 1787 piscato-

965 1807 1027 1826 rum
1042 1803 1224 1832 satorumque
1247 1797 1366 1832 linguas,
1395 1804 1586 1831 summamque
1605 1801 1755 1831 egestatem

966 1844 1079 1878 (quippe
1091 1843 1139 1878 qui
1152 1850 1204 1870 nec
1216 1842 1251 1870 ad
1265 1843 1369 1869 vietum
1381 1843 1545 1869 necessariis
1556 1842 1753 1870 abundabant:

966 1889 1038 1916 unde
1052 1889 1129 1916 enim
1145 1888 1290 1919 haberent,
1306 1887 1355 1922 qui
1368 1887 1489 1922 cogitare
1504 1887 1538 1913 de
1553 1887 1675 1914 crastino
1692 1895 1757 1922 pro-

965 1934 1046 1962 hibiti
1057 1936 1136 1962 erant
1149 1933 1186 1968 ε),
1200 1941 1255 1960 ηοη
1265 1933 1354 1960 solum
1380 1933 1415 1960 iis
1427 1940 1489 1967 quae
1512 1932 1675 1959 dicebantur
1694 1940 1755 1960 cre-

965 1980 1105 2012 diderunt,
1118 1980 1166 2007 sed
1179 1980 1266 2014 leges,
1279 1979 1382 2013 quibus
1402 1979 1436 2005 ad
1449 1985 1509 2005 eam
1534 1978 1607 2005 diem
1618 1979 1754 2012 vixerant,

965 2030 1201 2060 contempserunt,
1216 2030 1245 2053 et
1258 2024 1363 2059 patrios
1377 2024 1460 2060 948
1475 2031 1567 2051 mores
1579 2024 1754 2056 abdicarunt,

965 2076 1068 2100 etcum
1083 2071 1214 2106 periculis
1228 2071 1280 2106 ipsi
1294 2078 1405 2106 quoque
1421 2070 1553 2104 reliquam
1568 2070 1650 2097 vitam
1671 2070 1756 2097 duxe-

965 2122 1039 2151 runt,
1054 2118 1113 2154 pari
1128 2117 1209 2145 modo
1219 2125 1281 2144 eum
1291 2117 1430 2152 magistris
1440 2116 1630 2151 pra-dicanles,
1641 2116 1756 2151 parique

964 2164 1046 2191 modo
1054 2163 1186 2191 conviciis
1192 2163 1444 2191 etludibriisaﬂ'ecti
1450 2167 1487 2194 ,et
1494 2170 1543 2197 per
1551 2162 1661 2190 eosdem
1671 2162 1756 2189 turbi-

965 2217 1016 2237 nes
1030 2209 1183 2244 ﬂuctusque
1204 2208 1373 2235 incedentes.
1394 2207 1480 2234 Tanta
1493 2211 1584 2234 autem
1594 2207 1622 2234 in
1639 2215 1756 2234 venera-

967 2255 1041 2282 tione
1054 2255 1116 2282 illos
1127 2255 1173 2289 qui
1186 2254 1220 2282 ad
1236 2257 1354 2281 mortem
1369 2262 1457 2287 usque
1471 2254 1499 2280 in
1508 2253 1640 2288 periculis
1653 2253 1754 2280 versati

965 2304 1074 2333 sunt,et
1083 2300 1239 2327 habuerunt
1251 2299 1331 2331 illi,et
1343 2298 1552 2333 habentpassim
1563 2302 1702 2330 omnes,ut
1710 2305 1758 2326 eo-

965 2355 1027 2374 rum
1035 2346 1140 2373 loculos
1151 2346 1296 2373 thesauros
1309 2352 1370 2372 esse
1382 2348 1489 2379 putent,
1502 2344 1574 2371 unde
1587 2344 1657 2371 bona
1666 2345 1757 2371 omnia

967 2391 1139 2419 derive‘ntur.
1154 2391 1257 2426 Legum
1270 2398 1336 2425 ergo
1351 2389 1464 2416 istarum
1483 2389 1644 2424 potentiam,
1658 2399 1675 2417 υ
1690 2389 1755 2418 viri.

967 2437 1124 2473 perspicitc.
1141 2436 1202 2472 llas
1217 2437 1291 2464 enim
1305 2442 1334 2463 et
1357 2435 1485 2467 Romani,
1501 2439 1529 2462 et
1542 2435 1641 2467 Persae,
1657 2439 1686 2463 et
1709 2435 1757 2470 qui

162 2517 176 2530 ¹²
189 2514 256 2542 ibid.
272 2514 315 2541 45.
353 2518 367 2532 ν
382 2513 449 2541 ibid.
467 2514 511 2541 57.
551 2520 563 2534 ι
581 2513 647 2541 Luc.
665 2522 718 2546 XIV,
735 2515 780 2542 55.
819 2519 833 2538 1
852 2515 915 2542 Joan

967 2523 997 2548 ιι,
1009 2516 1053 2544 55.
1072 2519 1084 2533 ι
1102 2515 1197 2542 Matth.
1210 2522 1237 2546 v,
1253 2514 1295 2545 ll,
1309 2514 1352 2541 l2.
1391 2519 1404 2534 ι
1419 2513 1496 2541 Joan.
1506 2521 1552 2546 xv,
1564 2512 1609 2540 20.
1633 2513 1648 2533 δ
1661 2511 1755 2540 Matth.

131 2558 156 2582 ι,
168 2549 212 2577 25.
253 2555 264 2569 ε
276 2549 371 2576 Matth.
387 2557 424 2581 vx,
435 2549 480 2576 54.

783 2605 901 2633 ἺΑΒΙίΕ
921 2605 1123 2634 LECTlONES.

166 2692 177 2708 ⁵
190 2692 323 2727 ἀποχρῆν.
342 2692 493 2727 ᾁποχρῆναι
506 2692 552 2727 Va.
604 2691 615 2707 ⁸
629 2690 725 2727 οὕτως.
738 2689 814 2727 οὗτος
827 2691 858 2719 C.

133 2729 143 2743 "
165 2726 323 2762 ψευδόμενοι
340 2726 432 2762 ἕνεκεν
454 2726 532 2762 ἐμοῦ.
548 2726 642 2762 ένεκεν
664 2726 730 2762 ἐμοῦ

128 2763 212 2793 τέλος.
238 2761 308 2796 μετὰ
332 2761 378 2787 τοῦ
403 2761 461 2796 βίου
477 2761 507 2796 το
528 2761 603 2792 τέλος
623 2761 654 2792 Β,
677 2761 722 2789 Va.

906 2692 915 2707 ⁷
926 2691 972 2719 τὸν
983 2699 1038 2719 om.
1062 2691 1092 2718 B.
1113 2699 1153 2718 τοι

754 2726 913 2761 ψευδόμενοι
927 2727 957 2754 Β.

781 2762 802 2777 ¹¹
818 2761 868 2796 ἔμε
888 2761 1009 2794 ἐδίωξαν.
1034 2761 1083 2796 ἔμε
1100 2761 1123 2788 δ.
1142 2761 1173 2788 Β.

1175 2698 1224 2728 pro
1245 2699 1273 2728 τι
1341 2689 1393 2728 ___'
1408 2687 1553 2728 λοιδορίανἒ
1570 2687 1713 2728 λοιδορίας
1720 2687 1756 2728 Β.

1010 2727 1031 2741 ¹⁰
1045 2723 1184 2758 tegeaee;
1200 2725 1322 2758 ὑπέδειξε
1341 2724 1392 2752 Vb.
1452 2724 1473 2739 “
1490 2723 1559 2758 μετὰ
1579 2723 1609 2749 τὸ
1629 2723 1675 2750 τοῦ
1700 2723 1757 2758 βίου

1034 2761 1083 2790 ἔμε
1100 2761 1123 2788 δ.
1142 2761 1173 2788 Β.
1224 2761 1246 2776 ¹²
1266 2759 1408 2786 ἐκάλεσαν.
1434 2758 1633 2785 ἐπεκαλέσαντο
1654 2758 1686 2790 Β,
1707 2758 1756 2786 Va.

132 2799 152 2812 ¹⁸
166 2793 312 2824 οἰκιακούς.
325 2793 478 2828 οἱκειὰκοδς
492 2795 522 2823 C.
535 2796 581 2831 qui
600 2795 671 2823 infra
692 2804 748 2824 om.
767 2793 840 2830 γάοξ
871 2797 892 2812 ³⁵
905 2793 1062 2831 ἠσπάσαντο
1073 2796 1119 2823 καὶ
1131 2797 1194 2826 τοὺς
1206 2795 1348 2831 κινδύνους
1362 2795 1411 2822 Va.
1425 2793 1633 2831 κατησπρισανςρ
1647 2793 1757 2831 καὶτῷν

132 2831 261 2858 νινδύνων
280 2831 331 2858 Vb.
380 2831 402 2846 ¹⁶
416 2833 615 2866 προσήνεγκα-ν.
629 2833 783 2866 ξπήνεγκαν
794 2831 845 2859 Vb.

896 2831 918 2847 ”
931 2831 1002 2858 οὐδέ.
1015 2831 1091 2857 οὐδὲν
1103 2831 1134 2859 C.

1179 2831 1200 2847 “
1214 2831 1255 2866 δή.
1270 2830 1321 2865 leg.
1334 2829 1376 2857 ἄν.
1431 2829 1453 2845 ¹¹
1466 2827 1591 2856 τοσοῦτον
1605 2827 1654 2856 Va.
1676 2828 1758 2861 σέϐας

132 2867 171 2894 Vb
186 2871 246 2902 post
266 2865 516 2894 κεκινδυνευκότων.
555 2866 577 2881 ὀ
590 2865 643 2902 [γε]
663 2873 706 2893 om
720 2866 751 2895 C.
788 2867 809 2882 "
823 2867 976 2902 Θησαυροὺς
990 2874 1043 2894 om.
1058 2866 1088 2899 Β,
1105 2866 1151 2893 Va.
