1965 3051
229 177 298 209 1075

719 182 961 213 THEODORETI
982 183 1150 214 EPISCOPI
1170 181 1352 212 CYRENSIS

1783 177 1852 211 1076

230 235 422 262 limversorum
435 239 525 263 aulem
544 236 601 264 Rex
621 238 730 265 illorum
747 239 881 267 stationes
892 239 1010 266 funditu:

1067 239 1176 274 θόμενοι
1190 238 1214 254 ⁸⁸
1230 236 1384 273 παρουσίας
1405 235 1577 270 ἀπέδρασαν,
1599 234 1647 261 καὶ
1674 234 1781 270 γυμνὰς
1801 234 1852 265 τὰς

228 278 374 306 destruxit.
387 279 474 308 Nulla:
493 281 609 315 proinde
633 281 818 313 divinationes
835 284 868 310 ad
887 283 1012 312 Castaliae

229 332 313 358 aquas
332 324 410 357 fiunt,
435 325 516 352 nulla:
535 326 569 353 ad
585 326 787 362 Colophonium
803 327 905 355 fontem
922 337 929 354 :
943 327 1012 354 nihil

229 369 353 403 praedicit
371 370 446 398 lebes
461 371 654 407 Thesprotius,
672 374 742 400 nihil
758 373 845 408 tripus
861 373 1011 405 Cirrhmus,

229 421 279 441 nec
300 414 467 443 Dodonaium
491 425 529 444 aes
549 418 646 452 garrit,
679 426 731 446 nec
752 418 939 454 vulgatissima
967 418 1013 445 illa

228 467 351 493 quercus
362 470 369 487 :
381 462 428 488 sed
443 463 685 496 tacetDodouaaus,
696 468 767 492 tacet
777 468 804 491 et
814 463 1012 498 Colophonius,

229 509 257 532 et
270 506 373 540 Delius,
389 512 418 534 et
436 508 561 544 Pythius,
580 514 608 536 et
622 509 740 542 Clarius,
759 514 788 537 et
800 509 965 545 Didymaeus,
986 513 1013 536 et

228 551 359 585 Lebadia,
375 558 404 580 et
417 553 568 588 Trophonii
586 559 707 587 antrum,
724 559 752 582 et
765 555 973 590 Amphilochus,
986 559 1013 582 et

228 598 421 632 Amphiaraus,
440 603 468 626 et
486 600 612 632 Ammon,
626 600 873 635 Chaldaeorumque
892 607 924 627 ac
942 600 1012 635 Tyr-

229 642 379 669 rhenorum
400 650 449 678 per
469 648 593 672 mortuos
608 645 750 672 divinatio.
769 644 916 672 Silentium
937 645 1012 672 enim

229 686 284 713 illis
298 687 454 721 imperavit,
469 688 528 723 qui,
545 693 576 715 ut
588 689 627 716 ait
639 689 782 724 propheta,
797 689 921 724 increpat
934 689 1015 725 abys-

229 739 301 763 sum,
317 739 434 767 eamque
452 734 572 761 exsiccat
587 743 594 760 :
609 735 655 769 qui
677 734 745 762 dicit
764 735 880 770 abysso:
896 744 906 760 ‹
919 734 1014 762 Relin-

229 777 323 811 queris
352 777 479 811 deserta,
509 783 538 806 et
560 779 659 806 fluvios
691 783 755 806 tuos
789 779 933 807 exsiccabo
955 779 977 805 ί.
1001 789 1010 805 ι

230 820 383 856 Daphnreus
394 827 485 849 autem
496 823 603 857 Apollo,
611 831 672 850 cum
683 823 820 851 effecisset
830 828 928 851 utossa
942 831 1015 851 mor-

231 865 270 891 tui
292 866 379 892 nostri
399 867 453 894 alio
477 868 700 901 transferrentur,
713 869 825 897 incusso
837 870 944 897 ctelitus
961 869 1015 897 ful-

1063 281 1173 316 ἐνέδρας
1189 280 1346 307 κατέλιπον.
1371 279 1401 305 '0
1419 279 1447 305 δὲ
1468 278 1524 305 τῶν
1548 278 1616 305 ΰλων
1634 278 1766 310 Βασιλεὺς
1777 278 1799 295 ⁸⁸
1814 278 1851 305 τὰ

1063 326 1164 352 τούτων
1176 326 1325 353 κατέλυσεν
1338 325 1495 360 ὀρμητήρια
1505 333 1512 339 ”
1527 325 1574 351 καὶ
1591 323 1653 351 οὒτε
1669 324 1720 359 τῆς
1740 325 1849 351 Καστα-

1063 372 1124 403 λίας
1136 371 1317 406 προαγορεύει
1332 370 1362 397 τδ
1380 370 1463 405 ὕδωρ,
1479 369 1542 396 οὔτε
1565 369 1724 404 Κολοφῶνος
1739 369 1756 404 ή
1773 369 1850 404 πηγὴ

1064 417 1250 452 προθεσπίζει,
1261 416 1311 451 οὐχ
1323 416 1337 442 6
1349 415 1524 450 Θεσπρώτιος
1537 415 1561 430 η
1578 414 1660 449 λέϐης
1675 413 1851 450 μαντεύεται,

1063 463 1113 497 οὐχ
1131 462 1146 488 6
1170 461 1285 496 τρίπους
1305 461 1319 486 6
1342 461 1475 496 Κιρρατος
1499 460 1524 475 ⁸³
1546 459 1744 495 χρησμολογεϊ,
1765 460 1795 486 οὺ
1818 459 1851 485 16

1064 507 1218 534 Δωδωναῖον
1233 507 1359 541 χαλκεῖον
1375 505 1524 540 ἀδολεσχεῇ
1547 505 1596 540 οὺχ
1616 506 1632 539 ἡ
1650 504 1851 540 πολυθρύλητος

1064 552 1212 586 φθέγγεται
1233 551 1310 587 δρῦς,
1330 550 1399 578 ἀλλὰ
1420 551 1485 586 σιγᾷ
1503 551 1552 585 μὲν
1573 551 1587 577 6
1606 550 1770 582 Δωδωναῖος,
1787 551 1852 585 σιγᾷ

1063 598 1091 624 δὲ
1105 599 1120 624 6
1138 597 1320 631 Κολοφώνιος,
1334 597 1382 624 καὶ
1395 596 1503 632 Δήλιος,
1518 596 1566 622 καὶ
1583 595 1694 628 Πύθιος,
1713 596 1759 622 καὶ
1775 595 1851 622 Κλά-

1066 651 1133 678 ριος,
1148 643 1196 669 καὶ
1215 643 1371 676 Διδυμαίος,
1389 642 1436 668 καὶ
1449 643 1466 677 ή
1489 642 1618 674 Δεὸαδία,
1639 642 1686 668 καὶ
1704 642 1719 668 ὁ
1736 642 1852 678 Τροφώ-

1064 697 1131 722 νιος,
1157 689 1205 716 atat
1228 689 1242 715 6
1274 688 1456 723 Ἀμφίλοχος,
1491 687 1540 714 καὶ
1561 688 1575 713 6
1599 687 1779 722 Ἀμφιάραος,
1804 688 1853 714 καὶ

1066 733 1195 767 Ἄμμων,
1219 732 1267 759 καὶ
1285 732 1302 767 ή
1324 731 1380 758 τῶν
1397 731 1539 758 Χαλδαίων
1566 732 1614 758 καὶ
1638 731 1789 767 Τυρρηνῶν
1810 740 1853 759 νε-

1065 779 1130 805 κυία
1153 778 1186 805 ³⁵.
1217 779 1300 813 Σιγᾷν
1319 778 1374 813 γὰρ
1396 777 1488 808 αὐτοῖς
1513 777 1656 804 ἐκέλευσεν
1680 778 1695 804 6
1718 778 1853 813 ὲπιτιμῶν

1064 824 1186 859 ἀθύσσῳ,
1207 824 1278 851 κατὰ
1291 823 1337 850 16v
1353 824 1508 858 προφήτην,
1524 823 1571 849 καὶ
1592 822 1727 858 ξηραίνων
1746 823 1831 858 αὑτήν
1842 832 1850 838 ·

1065 872 1079 898 ό
1095 871 1182 904 λέγων
1194 871 1228 905 τῇ
1244 869 1365 904 ἀϐύσσῳ·
1387 878 1396 895 ι
1415 869 1607 905 Ἐρημωθήσῃ,
1627 868 1674 895 καὶ
1693 869 1756 900 τοὺς
1770 877 1852 896 ποτα-

230 911 305 938 mine
330 912 402 939 ictus
424 917 475 939 est.
495 913 589 949 Neque
614 914 688 941 enim
706 915 863 949 patiebatur
882 915 1010 943 Crueifixi

1069 915 1135 951 μούς
1160 920 1206 941 σου
1224 914 1342 950 ξηρανῶ.
1361 923 1370 940 ι
1394 914 1449 940 Καὶ
1463 915 1477 941 6
1496 914 1631 949 Δαφναῖος
1649 913 1787 941 Ἀπόλλων
1806 914 1853 941 τὸν

229 961 332 992 martyr
342 958 376 984 ab
390 965 424 985 eo
438 959 586 994 quidquam
598 960 720 994 praedici,
735 960 914 995 hominesque
926 961 1010 988 solitis

1067 961 1200 996 ἡμέτερον
1214 960 1427 996 παρασκευάσας
1443 959 1627 995 μετατεθῆναι
1640 960 1663 976 ⁸⁵
1683 960 1789 995 νεκρὸν,
1805 961 1852 986 οὺ-

229 1002 573 1039 pratstigiismirreliri
589 1013 595 1031 :
613 1013 707 1032 verum
723 1006 805 1033 siculi
817 1013 932 1041 magnus
941 1006 1010 1033 Pau-

1067 1005 1180 1042 ρανόθεν
1190 1005 1299 1038 ἐδέξατο
1315 1005 1361 1031 τὸν
1378 1005 1509 1040 σκηπτόν.
1529 1005 1566 1031 Ού
1581 1005 1635 1040 γὰρ
1650 1006 1692 1032 εἴα
1710 1005 1854 1040 προλέγειν

227 1047 272 1074 lus
280 1048 405 1083 spiritum
412 1050 543 1085 Pythonis
551 1051 697 1086 increpuit,
710 1053 747 1079 ita
755 1055 783 1079 et
792 1053 919 1088 martyris
931 1052 1010 1088 hujus

1067 1052 1148 1079 αὺτὸν
1172 1051 1219 1078 καὶ
1244 1050 1367 1086 ξυνήθως
1394 1050 1588 1077 ἀποδουκολεῖν
1607 1051 1669 1082 τοὺς
1693 1051 1852 1086 ἀνθρώπους

227 1093 335 1121 eineres
351 1094 460 1122 frenum
471 1097 525 1123 vati
539 1097 750 1125 mendacissimo
764 1098 927 1134 injeccrunt.

1066 1097 1114 1124 τοῦ
1130 1097 1337 1133 Σταυρωθέντος
1351 1098 1365 1123 6
1383 1097 1499 1132 μάρτυς,
1517 1097 1585 1124 ἀλλά
1598 1097 1724 1132 καθάπερ
1737 1098 1751 1123 6
1766 1098 1852 1132 μέγας

228 1139 333 1172 Παῦλος
348 1140 388 1175 τῷ
408 1141 456 1168 τοῦ
478 1142 605 1175 Πύθωνος
628 1143 779 1179 ἐπετίμησε
803 1145 949 1179 πνεύματι,
970 1144 1057 1176 οὓτως
1084 1143 1159 1178 ἡτοῦ
1174 1143 1312 1179 μάρτυρος
1328 1143 1402 1174 κόνις
1433 1142 1463 1169 16
1478 1142 1525 1169 τοῦ
1553 1143 1675 1178 μάντεως
1705 1142 1852 1176 ἐχαλίνωσε

228 1186 337 1220 ψεῦδος.

260 1233 344 1270 Cujus
358 1236 451 1271 itaque
467 1237 539 1265 modi
560 1238 663 1266 fuerint
684 1239 838 1266 daemonum
855 1244 1011 1267 vestrorum

226 1280 347 1312 oracula,
357 1287 373 1307 e
382 1281 480 1308 vestris
492 1281 663 1316 philosophis
674 1283 828 1318 accepistis.
837 1283 934 1316 Qualia
944 1291 1012 1310 vero

225 1325 384 1359 praedixerit
406 1326 496 1361 opifex
523 1327 618 1354 mundi
644 1328 735 1361 Deus,
759 1333 787 1356 et
812 1336 895 1364 quam
921 1329 1010 1361 utilia,

225 1371 343 1407 vitaeque
364 1372 506 1400 hominum
525 1378 587 1408 apta
611 1374 666 1401 sint
686 1374 741 1407 illa,
756 1380 784 1402 et
803 1375 927 1402 veritatis
949 1375 1010 1402 luce

226 1417 373 1449 radiantia,
389 1417 483 1445 licebit
493 1418 519 1445 ei
533 1419 580 1453 qui
593 1419 667 1446 volet
676 1426 852 1454 cognoscere,
866 1419 888 1447 si
902 1419 1011 1447 divinas

226 1461 343 1489 Litteras
356 1463 498 1491 evolverit.
515 1464 572 1499 Ego
591 1472 657 1492 vero
674 1472 776 1500 paucas
790 1464 922 1492 duntaxat
939 1473 1010 1499 pre-

226 1507 361 1535 dictiones
370 1509 501 1542 quasdam
510 1509 740 1542 commemorabo,
752 1515 782 1537 ut
790 1517 824 1538 ex
832 1517 927 1538 eorum
938 1518 1012 1537 com-

227 1552 370 1586 paratione
389 1552 538 1581 diserimeu
557 1554 711 1581 ostendam.
728 1554 820 1582 Primo
838 1559 930 1581 autem
950 1555 1012 1582 loco
1025 1549 1046 1578 C

225 1605 273 1624 eas
297 1598 425 1630 referam,
447 1606 508 1633 quae
529 1598 665 1626 idolorum
691 1599 861 1627 eversionem
884 1607 1013 1634 pramun-

226 1642 340 1671 tiarunt.
359 1643 459 1673 Audite
481 1644 563 1679 igitur
578 1645 676 1671 Isaiam
696 1644 833 1672 dicentem
856 1653 862 1671 :
883 1655 892 1669 ‹
906 1645 966 1672 Erit
982 1645 1010 1672 iu

225 1688 384 1715 novissimis
399 1689 497 1716 diebus
511 1689 673 1717 manifestus
687 1697 766 1717 mons
782 1691 901 1723 Domini,
919 1695 948 1717 et
963 1690 1012 1718 do.

226 1740 288 1760 mus
303 1732 351 1761 Dei
367 1732 394 1759 in
410 1733 512 1762 vertice
527 1734 660 1762 montium
678 1744 684 1761 :
701 1740 729 1762 et
742 1735 910 1762 esaltabitur
928 1743 1011 1770 super

225 1776 319 1809 colles,
331 1781 359 1804 et
369 1777 480 1805 venient
494 1778 527 1805 ad
541 1786 604 1805 eum
619 1786 715 1806 omnes
726 1784 830 1814 gentes.
843 1780 877 1808 Et
888 1781 1011 1807 ambula—

226 1822 295 1849 bunt
314 1823 406 1857 populi
428 1823 518 1855 multi,
537 1828 565 1851 et
579 1824 672 1857 dicent
687 1825 814 1857 :Vcnile,
832 1829 860 1852 et
876 1826 1009 1853 ascenda-

225 1875 288 1894 mus
301 1868 336 1894 ad
352 1873 473 1896 montem
490 1869 609 1902 Domini,
623 1874 651 1897 et
668 1870 702 1897 ad
718 1870 829 1898 domum
842 1871 888 1898 Dei
904 1871 1009 1899 Jacob:

225 1917 254 1940 et
265 1914 440 1942 annuntiabit
451 1914 531 1942 nobis
545 1915 617 1943 viam
630 1924 716 1948 suam,
731 1920 758 1944 et
768 1917 969 1945 ambulabimus
981 1918 1010 1945 in

224 1965 266 1985 ea.
280 1958 301 1986 E
314 1958 395 1995 Sione
409 1960 483 1986 enim
496 1960 583 1988 exibit
598 1961 641 1988 lex
656 1961 715 1994 Dei,
730 1967 759 1988 et
775 1963 890 1996 verbum
902 1962 1009 1990 Domini

224 2010 258 2030 ex
271 2003 468 2040 Hierosolyma.
483 2005 658 2041 Etjudicabit
667 2007 740 2034 inter
752 2011 857 2042 gantes,
870 2011 898 2034 et
913 2012 1010 2043 arguet

223 2048 355 2082 populum
369 2049 485 2076 multum
498 2059 504 2076 :
518 2054 546 2077 et
557 2049 717 2077 conﬂabunl.
726 2051 830 2086 gladios
841 2059 907 2078 suos
920 2052 946 2078 in
961 2059 1008 2078 vo-

224 2100 324 2126 meres,
347 2098 376 2122 et
391 2095 501 2123 lanceas
521 2103 585 2123 suas
603 2097 630 2123 in
649 2097 732 2124 falces
753 2105 863 2131 :neque
886 2103 1009 2125 assumet

222 2146 289 2174 gens
304 2144 401 2167 contra
411 2147 519 2175 gentem
529 2141 661 2175 gladium,
676 2149 765 2176 neque
775 2142 881 2169 discent
892 2143 1009 2177 amplius

221 2192 344 2220 pugnare
361 2187 385 2212 3.
402 2195 410 2211 ι
432 2186 528 2219 Qualia
543 2186 625 2222 igitur
638 2187 770 2222 propheta
783 2188 946 2216 vaticinatus
960 2189 1006 2220 sit,

221 2230 347 2258 audistis.
365 2231 453 2259 Dicite
464 2237 566 2264 autem,
588 2241 638 2268 per
652 2234 794 2261 veritatem
812 2242 861 2262 vos
875 2242 951 2269 rogo,
970 2242 1005 2262 an

219 2273 303 2310 ωε
325 2276 468 2304 sinuosum
495 2278 522 2304 in
539 2278 582 2305 his
603 2278 752 2314 quidquam
777 2279 820 2307 vel
845 2280 1005 2315 ambiguum

219 2319 310 2347 inesse
329 2321 421 2348 visum
439 2322 484 2349 sit.
503 2323 539 2350 At
555 2331 610 2351 non
630 2324 738 2356 dicetis,
757 2329 800 2352 sat
821 2325 888 2352 scio.
901 2325 1004 2352 Rerum

219 2364 320 2400 quippe
333 2365 456 2400 ipsarum
463 2368 649 2396 testimonium
663 2370 837 2397 reveremini.
849 2370 1006 2398 Praedictio-

219 2413 263 2444 nis
272 2413 347 2441 enim
358 2418 487 2442 eventum
501 2416 646 2451 perspicue
665 2417 787 2444 cernitis.
799 2417 897 2444 Annon
907 2418 1008 2446 videtis

219 2457 349 2485 Ecclesiae
371 2459 581 2491 sublimitatem,
600 2465 628 2488 et
646 2465 760 2488 cunctos
784 2461 823 2488 illi
845 2462 1006 2497 suppliciter

219 2502 374 2536 inclinatos,
398 2504 588 2540 honoremque
613 2506 788 2534 deferentes?
813 2515 845 2534 ac
870 2507 1005 2542 plurimos

255 2580 264 2599 ί
280 2581 333 2609 lsa.
351 2590 376 2613 L,
392 2582 419 2609 2.
460 2584 472 2603 ³
487 2583 538 2611 lsa.
555 2592 584 2616 ιι,
600 2585 663 2612 2—6.

1107 1237 1210 1264 Ὀποίοι
1225 1237 1275 1272 μὲν
1291 1234 1338 1264 οῦν
1358 1237 1412 1263 τῶν
1427 1237 1567 1272 ὑμετέρων
1587 1236 1656 1263 θεῶν
1675 1237 1699 1263 οἱ
1719 1236 1850 1271 χρησμοὶ,

1064 1284 1140 1319 παρὰ
1155 1283 1210 1310 τῶν
1228 1283 1370 1318 ὑμετέρων
1387 1283 1567 1318 μεμαθήκατε
1588 1283 1740 1317 φιλοσόφων
1750 1292 1756 1298 ·
1771 1283 1852 1309 ὁποῖα

1063 1330 1091 1356 δὲ
1113 1330 1127 1356 6
1145 1330 1200 1356 τῶν
1211 1329 1281 1356 ὅλων
1305 1328 1432 1364 προλέγει
1460 1328 1536 1361 Θεὸς,
1563 1328 1611 1355 καὶ
1628 1329 1701 1360 ὅπως
1732 1328 1851 1363 βιωφελῆ

1063 1375 1110 1402 καὶ
1127 1375 1279 1410 ὀνησιφόρα
1293 1374 1340 1401 καὶ
1361 1374 1411 1407 τῆς
1436 1374 1565 1408 ἀληθείας
1595 1374 1710 1408 ἀφιέντα
1735 1374 1784 1409 τὴν
1808 1373 1850 1400 αῖ-

1063 1421 1141 1456 γλην⁹
1168 1420 1256 1452 ἔξεστι
1284 1419 1324 1455 τῷ
1347 1419 1503 1455 βουλομένῳ
1535 1418 1702 1454 καταμαθεῖν
1730 1418 1852 1454 ἀκριϐῶς

1063 1467 1120 1498 τοῖς
1136 1465 1219 1497 θείοις
1238 1464 1428 1500 ἐντετυχηκότι
1450 1464 1550 1499 λόγοις.
1571 1464 1643 1498 Ἐγὼ
1659 1464 1687 1491 δὲ
1706 1464 1729 1480 ⁸⁸
1754 1464 1853 1498 ὀλίγων

1064 1512 1146 1538 τινῶν
1172 1510 1410 1546 ἀπομνημονεύσω
1443 1511 1640 1546 προρρήσεων,
1674 1511 1716 1537 ῐνα
1748 1510 1796 1537 καὶ
1819 1511 1851 1536 ὲκ

1063 1557 1236 1593 παραλλήλου
1273 1557 1304 1584 16
1339 1556 1467 1591 διάφορον
1499 1555 1588 1589 δείξω.
1614 1555 1729 1591 Πρώτας
1760 1556 1852 1591 μέντοι

1062 1603 1169 1634 ὲκείνας
1188 1602 1255 1638 ἐρῶ,
1276 1602 1304 1630 αἳ
1328 1602 1378 1638 τὴν
1399 1601 1454 1628 τῶν
1471 1601 1589 1628 εἰδώλων
1604 1601 1679 1637 [M5]
1703 1602 1852 1629 κατάλυσιν

1062 1649 1280 1684 προηγόρευσαν.
1300 1647 1448 1674 Ἀκούσατε
1468 1648 1557 1674 τοίνυν
1578 1648 1690 1674 Ἡσαΐου
1710 1647 1758 1674 τοῦ
1785 1656 1852 1682 προ-

1062 1694 1148 1728 φήτου
1167 1693 1311 1727 λέγοντος·
1331 1703 1340 1718 ι
1352 1693 1449 1719 Ἔσται
1465 1694 1494 1719 ὲν
1509 1694 1568 1724 ταῖς
1586 1693 1715 1728 ἐσχάταις
1733 1693 1851 1728 ἡμέραις

1061 1739 1182 1773 ἐμφανὲς
1205 1738 1236 1765 16
1259 1738 1321 1774 ὅρος
1346 1737 1448 1774 Κυρίου
1460 1738 1494 1769 ⁸⁷,
1511 1737 1558 1764 καὶ
1583 1737 1598 1763 ό
1618 1737 1692 1769 οἶκος
1714 1737 1761 1764 τοῦ
1779 1737 1850 1767 ,Θεοῦ

1061 1783 1106 1810 ἐπ’
1116 1784 1209 1819 ἄκρων
1229 1783 1284 1810 τῶν
1300 1783 1399 1819 ὁρέων,
1423 1783 1471 1810 καὶ
1492 1782 1666 1817 ὑψωθήσεται
1687 1783 1815 1818 ὑπεράνω
1827 1783 1851 1799 ³³

1061 1829 1116 1857 τῶν
1136 1829 1248 1864 βουνῶν,
1263 1829 1310 1856 καὶ
1324 1829 1435 1864 ἥξουσιν
1445 1829 1488 1854 ἐπ’
1507 1828 1574 1855 αὐτὸ
1584 1828 1606 1844 ⁸⁹
1621 1828 1712 1855 πάντα
1725 1828 1759 1854 τὰ
1773 1827 1849 1862 ἔθνη,

1062 1875 1108 1902 καὶ
1120 1875 1299 1911 πορεύσονται
1311 1875 1373 1901 λαοὶ
1390 1873 1494 1906 πολλοὶ,
1511 1874 1559 1901 καὶ
1575 1873 1668 1909 ἐροῦσι
1679 1883 1685 1889 ·
1709 1873 1789 1900 Δεῦτε
1803 1875 1851 1916 καὶ

1061 1920 1207 1955 ἀναδῶμεν
1223 1921 1263 1952 είς
1276 1920 1307 1947 16
1319 1919 1382 1955 ὅρος
1401 1919 1516 1954 Κυρίου,
1528 1919 1575 1945 καὶ
1586 1919 1626 1950 είς
1645 1918 1692 1945 16v
1709 1916 1782 1945 οἷκον
1802 1919 1850 1945 τοῦ

1061 1965 1129 1992 Θεοῦ
1151 1964 1262 1996 Ἰακὼϐ,
1284 1965 1333 1992 καὶ
1358 1964 1505 1998 ἀναγγελεῖ
1520 1965 1587 1998 ἡμῖν
1600 1964 1650 1999 τὴν
1669 1963 1728 1990 ὁδὸν
1749 1963 1849 1990 αὐτοῦ·

1061 2011 1109 2037 καὶ
1127 2009 1318 2045 πορευσόμεθα
1337 2010 1360 2026 ⁹⁰
1374 2010 1403 2036 ὲν
1422 2009 1500 2043 αὐτῇ.
1520 2008 1568 2034 Ἐκ
1581 2008 1636 2042 γὰρ
1657 2007 1726 2035 Σιὼν
1741 2008 1850 2040 ἐξελεύ-

1064 2064 1139 2082 σεται
1165 2055 1246 2089 νόμος
1261 2053 1353 2090 [Θεοῦ]
1367 2054 1400 2087 ",
1413 2054 1461 2081 καὶ
1482 2053 1560 2086 λόγος
1581 2053 1683 2089 Κυρίου
1701 2053 1731 2085 ἐξ
1749 2053 1849 2088 Ἰερου-

1061 2100 1170 2136 σαλήμ·
1187 2101 1235 2127 καὶ
1247 2101 1334 2135 κρινεί
1348 2099 1399 2126 ἀνὰ
1415 2099 1497 2134 μέσον
1508 2098 1564 2125 τῶν
1578 2098 1673 2130 ὲθνῶν,
1687 2098 1733 2124 καὶ
1746 2097 1849 2131 ἐλέγξει

1059 2145 1123 2172 λαὸν
1136 2145 1218 2172 πολύν
1228 2154 1235 2160 ·
1251 2145 1298 2172 καὶ
1314 2144 1480 2179 συγκόψουσι
1490 2144 1538 2176 τὰς
1555 2143 1692 2179 μαχαίρας
1706 2143 1795 2170 αὐτῶν
1808 2144 1849 2174 είς

1059 2191 1173 2226 ἄροτρα,
1191 2190 1236 2216 καὶ
1250 2190 1300 2222 τὰς
1316 2189 1428 2222 ξιϐύνας
1442 2189 1464 2205 ⁹¹
1480 2189 1570 2216 αὐτῶν
1585 2190 1625 2221 εἰς
1642 2189 1763 2224 δρέπανα
1773 2197 1780 2204 ·
1801 2189 1849 2215 καὶ

1059 2236 1089 2262 οὐ
1106 2236 1220 2271 λήψεται
1243 2235 1319 2267 ἔθνος
1344 2236 1388 2261 ἐπ’
1404 2235 1480 2267 ἔθνος
1510 2235 1663 2270 μάχαιραψ
1687 2235 1736 2261 καὶ
1758 2235 1788 2260 οὐ
1810 2234 1848 2269 μή

1060 2281 1182 2317 μάθωσιν
1202 2281 1242 2308 ἔτι
1272 2281 1408 2316 πολεμεῖν.
1430 2290 1439 2306 ι
1462 2281 1558 2308 Ὁποῑα
1580 2281 1629 2316 μὲν
1652 2279 1699 2308 οὖν
1727 2281 1849 2315 ἐχρησμ-

1057 2327 1161 2363 ῴδησεν
1174 2328 1189 2353 ὁ
1203 2327 1356 2362 προφήτης,
1365 2326 1516 2362 ἠκούσατε·
1531 2326 1598 2361 πρὸς
1612 2326 1640 2352 δὲ
1653 2326 1703 2361 τῆς
1718 2326 1847 2360 ἀληθείας

1058 2374 1154 2405 εἴπατε
1165 2374 1199 2403 ’³,
1216 2373 1244 2400 εί
1261 2381 1287 2399 τι
1308 2372 1384 2405 λοξὸν
1405 2373 1470 2407 ὑμῖν
1492 2373 1521 2398 ὲν
1535 2371 1640 2403 τούτοις
1659 2372 1676 2406 ἢ
1696 2371 1846 2406 ἀμφίϐολον

1060 2418 1212 2454 κατεφάνη.
1243 2417 1313 2444 Ἀλλ’
1336 2415 1393 2444 οἶδα
1411 2417 1449 2449 ὡς
1472 2417 1522 2444 οὐκ
1543 2418 1649 2453 ὲρεῖτε·
1666 2417 1721 2443 τῶν
1737 2417 1791 2450 γάρ
1805 2425 1846 2443 τοι

1059 2464 1228 2499 πραγμάτων
1257 2463 1394 2498 ύφορᾶσθε
1416 2462 1465 2498 τὴν
1487 2463 1655 2498 μαρτυρίαν·
1683 2463 1765 2497 ὁρᾶτε
1791 2462 1846 2497 γὰρ

1059 2508 1180 2544 ἐναργῶς
1192 2508 1215 2524 ’⁵
1231 2508 1262 2534 16
1279 2508 1330 2543 τῆς
1345 2508 1524 2544 προρρήσεως
1542 2507 1627 2540 τέλος.
1645 2508 1680 2534 ‘H
1697 2507 1746 2543 οὐχ
1764 2508 1845 2542 ὁρᾶτε

866 2641 983 2669 νΛΙῖΙᾹΞ
1005 2640 1150 2669 LECTION
1156 2641 1207 2669 ES.

252 2707 277 2724 "
288 2707 453 2744 αξσθόμενοι.
479 2709 669 2744 αἰσθανόμενοι
683 2709 712 2738 C.

766 2709 790 2745 ‘7’
801 2708 934 2745 βασιλεύς,
951 2708 1244 2745 παμϐασιλεὺςνΕ.ῨΑ-¹’
1256 2709 1438 2745 Θεσπρώτιος.
1456 2710 1645 2745 Θεσπρώτειος
1667 2709 1698 2742 Β,
1723 2709 1754 2736 ν.
1773 2709 1842 2738 Tum

218 2743 344 2785 μανεεύει
355 2743 426 2785 va;
447 2744 470 2760 ⁸³
481 2743 625 2785 μιρρὲῖος.
642 2745 758 2785 ἔξιραῖος
766 2743 805 2785 (ζ
835 2743 1233 2785 “:39?quvexo'uatvteia‘vb.
1261 2744 1292 2785 ,ξ’
1310 2743 1497 2785 μετατεθῆναι.
1512 2743 1702 2785 μετατεθεῖναι
1716 2744 1743 2785 (η
1759 2752 1842 2785 supra

216 2777 295 2821 5-0.1}.
311 2778 380 2821 Vide
395 2777 622 2821 'l:he0d0_r'_.'Ecc.!.
640 2777 709 2821 ῌίές.
725 2780 769 2821 Ill,
786 2779 839 2821 (jx
850 2779 874 2794 "
887 2779 942 2821 ἐγὼ
957 2779 995 2805 δέ.
1013 2777 1068 2821 ἐγώ
1080 2779 1110 2821 ξὲ
1129 2787 1160 2811 γε
1176 2778 1223 2804 Va.
1252 2779 1284 2819 f7
1299 2777 1345 2821 ῖοῡ
1356 2777 1525 2821 ’κυρίρυλτοῦ
1539 2787 1594 2806 oni.
1610 2780 1640 2811 B,
1657 2785 1685 2821 et
1706 2777 1745 2821 sic
1760 2777 1840 2821 iufra.

214 2812 237 2828 ³³
253 2812 390 2848 ὑπεράνω.
407 2814 498 2849 ἐπάνω
510 2815 557 2842 Va.
595 2815 618 2831 ⁸⁵³
633 2815 722 2842 αὐτόν.
739 2814 805 2841 αὐτὸ
820 2813 849 2841 Β,
886 2814 909 2849 Ρθ
925 2814 1123 2848 πορευσόμεθα.
1141 2813 1336 2848 negauerim.st
1356 2814 1384 2840 Β.
1398 2812 1403 2815 ⁷
1423 2815 1444 2830 ’ί
1462 2814 1523 2840 θεοῦ
1539 2823 1662 2849 suprasc.
1680 2815 1707 2841 in
1723 2814 1753 2845 Β,
1771 2814 1842 2841 forte

215 2855 228 2884 ιι
244 2855 271 2881 p.
287 2855 324 2884 ru.
340 2855 395 2884 om.
411 2848 440 2879 C.
459 2850 551 2884 κυρίου
567 2850 617 2876 Vh.
657 2850 678 2865 °'
695 2850 814 2881 ζυείνσς.
832 2848 939 2881 ζιδύνας
957 2849 984 2875 Β.

215 2882 335 2913 ἀκριϐῶς
352 2882 402 2908 \'h.

1024 2849 1046 2864 93
1062 2849 1152 2874 εἴπατε
1170 2856 1291 2883 suprasr.
1309 2849 1338 2879 Β,
1356 2850 1382 2875 ἐν
1396 2849 1496 2881 τούτοις
1513 2857 1564 2876 om.
1584 2850 1631 2876 \‘a.

1671 2849 1691 2865 “
1706 2849 1841 2884 ἐναργῶς.
