1965 3051
124 159 193 189 1077

459 159 679 190 GR/ECARUM
697 160 848 190 AFFECT.
869 160 1132 191 CURATIO.-X.
1153 160 1202 200 QE
1220 160 1415 190 ORACULIS.

1683 158 1751 191 1073

123 215 175 250 τῆς
194 214 358 250 Ἐκκλησίας
371 214 401 241 τδ
414 213 492 250 ὕψος,
503 215 551 242 καὶ
564 215 688 247 ἅπαντας
697 215 912 248 ὑποκύπτοντας,

971 215 1078 251 quidem
1094 215 1141 249 qui
1163 219 1260 249 sponte
1274 215 1300 241 id
1319 213 1436 245 faciant,
1449 213 1517 240 alios
1528 220 1595 240 vero
1609 214 1748 240 contradi—

124 261 173 287 καὶ
197 259 284 295 ταύτῃ
298 260 329 286 τὸ
354 259 436 291 σέϐας
459 260 676 295 προσφέροντας,
700 260 746 286 καὶ
775 260 839 291 τοὺς
865 260 913 295 μὲν

124 305 270 337 πλείστους
281 305 433 337 ἐθέλοντας,
446 305 510 336 τοὺς
520 305 548 332 δὲ
562 306 763 339 ἀντιλέγοντας,
779 306 826 332 καὶ
839 306 914 340 παρὰ

124 351 238 385 γνώμην
254 351 446 384 δουλεύοντας;
466 352 522 387 Οὐχ
547 352 629 387 δρᾶτε
652 351 706 378 τῶν
727 352 812 387 ὁρέων
830 352 879 383 τὰς
890 352 914 368 ’⁸

125 397 248 432 κορυφὰς
265 396 313 423 τοῦ
340 397 473 432 ὑμετέρου
495 399 597 432 μύσους
619 397 842 432 ἀπηλλαγμένας,
867 397 915 424 καὶ

125 443 186 473 ταῖς
206 441 260 468 τῶν
287 442 414 477 ἀσκητῶν
446 444 622 477 καταγωγαῖς
649 443 847 478 κοσμουμένας,
868 443 916 470 καὶ

127 488 231 517 πάντας
239 488 261 503 ’⁸
278 488 446 523 πανταχόθεν
460 487 633 524 ξυρῥέοντας,
643 490 690 515 καὶ¹
706 489 751 515 τὸν
765 490 793 515 ὲν
802 490 835 525 τῇ
846 489 915 515 Σιὼν

126 533 292 567 ἐπιφανέντα
306 534 392 567 Λόγον
404 533 605 568 θεολογοῦντας,
619 535 666 561 καὶ
679 535 724 562 τὸν
737 535 769 561 ὲκ
785 535 834 570 τῆς
847 534 915 560 Σιὼν

126 578 315 606 ἀναϐλύσαντα
333 580 414 614 νόμον
428 579 451 596 ’⁷
467 579 684 614 ἀσπαζομένους,
710 580 757 607 καὶ
780 581 844 612 τοὺς
867 579 916 615 μὲν

127 624 263 659 πολέμους
298 626 508 660 πεπαυμένους,
535 626 596 652 ἀντὶ
622 625 650 652 δὲ
676 626 730 652 τῶν
759 626 917 662 πολεμικῶν

127 669 217 695 ὅπλων
230 670 264 696 τὰ
276 671 326 705 τῆς
341 672 496 706 γεωργικῆς
507 672 529 688 ⁸⁵
544 672 782 707 μεταχειρίζοντας
795 672 915 706 ὄργανα-ς

130 715 166 741 "H
183 716 232 742 οὐκ
247 716 303 742 ῐστε
323 717 360 748 ὡς
374 717 490 749 ὁπηνίκα
514 717 601 743 ταῦτα
622 718 636 743 ὸ
653 719 796 753 προφήτης
810 717 918 744 ἐθέσπι-

129 761 185 793 ζεν,
202 761 281 793 ἄλλος
306 762 355 797 μὲν
374 764 425 798 τῆς
438 763 617 798 Ἰερουσαλὴμ
638 763 824 794 ἐϐασίλευσεν,
839 763 918 795 ἄλλος

128 806 157 832 δὲ
174 808 222 841 τῆς
239 807 405 842 Σαμαρείας,
423 809 470 834 καὶ
493 808 572 840 ἄλλος
598 809 768 844 Ἰδουμαίων,
792 809 840 836 καὶ
857 808 917 835 Ere.

129 861 175 887 ρος
190 852 211 868 ⁵³
228 852 392 886 Μωαϐιτῶν,
403 854 450 880 καὶ
472 852 505 880 αὖ
520 854 600 880 πάλιν
625 854 703 886 ἀλλος
726 854 917 890 Ἀμμανιτῶνς

965 266 1068 293 centes,
1083 265 1111 288 et
1128 265 1226 295 praeter
1240 260 1325 287 animi
1341 264 1436 286 votum
1462 259 1634 286 servientes?
1652 259 1750 287 Annon

964 306 1065 334 videtis
1080 305 1216 332 montium
1230 305 1360 336 vertices,
1374 304 1578 332 abominatione
1592 308 1682 331 vestra
1700 305 1750 331 de—

964 353 1054 387 pulsa,
1064 352 1263 379 monachorum
1276 351 1410 378 menobiis
1423 354 1568 377 exernatos
1578 370 1585 381 ,
1601 357 1751 384 omnesque

965 397 1087 432 undique
1114 396 1294 428 conﬂuentes,
1316 400 1345 423 et
1365 395 1486 423 Verbum
1510 394 1583 429 quod
1611 395 1638 421 in
1668 395 1751 421 Sione

965 443 1092 478 apparuit
1105 443 1192 470 Deum
1207 442 1404 476 praedicantes,
1421 445 1450 467 et
1461 441 1549 475 legem
1564 448 1624 474 quae
1638 447 1653 467 e
1667 439 1750 466 Sione

965 487 1138 523 promulgata
1152 491 1194 514 est
1205 487 1413 521 amplectentes,
1436 489 1464 513 et
1479 485 1548 512 bella
1564 485 1675 520 quidem
1690 492 1750 511 ces-

966 541 1051 566 sasse,
1072 541 1123 568 pro
1144 533 1251 560 bellicis
1264 540 1331 560 vero
1345 532 1439 564 armis,
1458 531 1631 566 agriculturae
1649 531 1752 557 instru-

966 584 1059 614 menta
1070 579 1201 606 tractari?
1213 578 1254 606 An
1265 578 1388 610 nescitis,
1398 585 1453 612 quo
1464 581 1586 612 tempore
1599 576 1683 603 Isaias
1695 576 1752 603 haec

967 625 1079 657 cecinit,
1093 625 1145 652 sub
1158 624 1211 652 alio
1228 632 1290 659 rege
1304 624 1388 651 fuisse
1396 623 1622 658 Hierosolymam,
1636 622 1687 649 sub
1698 622 1753 649 alio

968 670 1129 702 Samariam,
1140 670 1192 698 sub
1203 670 1258 697 alio
1267 669 1411 701 Idumaeos,
1421 669 1473 696 sub
1485 669 1538 696 alio
1548 669 1690 700 Moabitas,
1701 668 1753 695 sub

968 716 1022 743 alio
1036 724 1132 743 rursus
1148 715 1337 743 Ammonitas?
1350 714 1422 747 Quin
1434 719 1463 742 et
1477 714 1590 745 Arabes,
1608 717 1636 740 et
1649 712 1753 740 Madia-

967 762 1043 794 niue,
1062 766 1090 789 et
1108 761 1267 789 Amalecitze
1282 761 1344 787 aliis
1362 759 1534 795 principibus
1553 759 1686 793 parebant
1703 766 1710 785 :
1726 763 1755 785 et

969 807 1051 840 Gaza,
1067 813 1095 835 et
1109 807 1236 839 Ascalon,
1252 811 1280 834 et
1293 808 1406 837 Motus,
1422 811 1450 833 et
1465 805 1560 837 Sidon,
1573 809 1601 832 et
1613 804 1712 840 Tyrus,
1726 809 1755 831 et

969 852 1127 884 Damascus,
1151 859 1166 879 a
1187 851 1304 878 diversis
1331 851 1445 885 singulae
1462 850 1638 885 regebantur.
1657 849 1753 883 Neque

127 898 183 924 Καὶ
201 898 321 931 ’Ἄραϐες
338 899 376 930 δὲ,
403 900 450 926 καλ⁸
473 900 606 927 Μαδιανοὶ
622 901 642 933 ‘,
663 901 710 927 καὶ
735 901 918 936 Ἀμαληκῖται

971 897 1042 925 enim
1053 897 1118 924 sola:
1127 897 1263 928 civitates,
1273 896 1321 923 sed
1329 895 1382 923 vici
1392 902 1502 930 quoque
1510 902 1542 922 ac
1548 894 1622 929 pagi,
1631 894 1739 929 regulos
1746 895 1755 904 ‘

129 941 177 968 ὑπ’
204 942 294 973 ἄλλοις
322 943 454 978 ἡγεμόσιν
479 944 602 970 ἐτέλουν·
628 945 675 971 καὶ
705 944 779 976 Γάζα
809 945 847 977 δὲ,
872 945 919 971 καὶ

138 987 288 1019 Ἀσκάλων,
310 988 356 1014 καὶ
372 988 502 1021 Ἄζωτος,
520 990 566 1016 καὶ
583 990 677 1024 μέντοι
693 990 740 1017 καὶ
760 990 855 1023 Σιδὼν,
871 991 920 1017 καὶ

130 1031 228 1067 Τύρος,
245 1032 291 1058 καὶ
314 1033 460 1068 Δαμασκὸς
477 1034 528 1060 ὑπὸ
545 1033 682 1070 διαφόρων
702 1034 841 1069 ἀρχόντων
861 1034 919 1061 ἰθύ-

129 1086 216 1105 νοντο.
233 1078 270 1105 Οὐ
284 1078 339 1112 γὰρ
355 1077 387 1114 δὴ
404 1079 482 1114 μόνον
498 1079 567 1105 κατὰ
581 1079 684 1112 πόλεις,
705 1079 774 1106 ἀλλὰ
786 1080 833 1106 καὶ
847 1078 919 1106 κατὰ

130 1122 226 1157 κώμας
252 1123 450 1151 ἐϐασιλεύοντο.
476 1125 564 1157 Εὐθὺς
584 1125 613 1151 δὲ
637 1125 684 1152 τοῦ
701 1126 827 1160 Σωτῆρος
840 1125 919 1161 ἡμῶν

129 1168 201 1195 κατὰ
217 1169 306 1205 σάρκα
318 1169 469 1205 τεχθέντος,
488 1170 642 1205 Αὔγουστος
663 1171 772 1205 Καῖσαρ
791 1171 919 1198 ἁπάντων

131 1214 278 1249 ἐκράτησε,
293 1216 341 1242 καὶ
354 1216 509 1248 καταλύσας
523 1217 572 1248 τὰς
588 1216 731 1251 ἐθναρχίας
744 1217 790 1243 καὶ
802 1217 919 1252 μερικὰς

132 1259 271 1293 βασιλείας
290 1262 347 1292 τοῖς
368 1262 512 1296 Ῥωμαίων
523 1262 533 1277 ³
548 1261 672 1294 ἅπαντας
692 1262 825 1295 ὑπέταξεν
836 1262 916 1294 οἴαξι.

131 1305 226 1332 Ταῦτα
239 1306 364 1341 προορῶν
379 1308 393 1332 ὁ
411 1308 553 1342 προφήτης
570 1308 604 1334 τὰ
617 1308 804 1343 προειρημένα
817 1309 828 1324 ³
841 1308 918 1335 τεθέ-

133 1358 224 1382 σπικε,
239 1351 287 1377 καὶ
302 1352 360 1385 μετ’
375 1352 454 1386 ὀλίγα
467 1352 516 1388 τὴν
531 1352 586 1378 τῶν
595 1354 793 1388 χειροποιήτων
803 1352 919 1379 εἰδώλων

132 1396 281 1423 κατάλυσιν
296 1397 481 1432 ἐτραγῴδησε.
509 1406 518 1423 ι
531 1398 625 1424 Πάντα
645 1398 710 1432 γὰρ,
727 1398 804 1433 φησὶ,
816 1398 851 1425 τὰ
863 1407 920 1434 χει-

134 1442 265 1477 ροποίητα
281 1442 514 1478 κατακρύψουσιν,
531 1443 732 1477 εἱσενεγκὸντες
748 1445 788 1475 είς
800 1444 834 1470 τὰ
849 1445 921 1479 σπή-

133 1487 206 1518 λαια,
227 1489 274 1514 καὶ
289 1488 330 1520 είς
343 1488 392 1519 τὰς
409 1489 527 1524 σχισμὰς
545 1488 600 1515 τῶν
614 1489 731 1523 πετρῶν,
752 1489 798 1515 καὶ
815 1489 855 1521 είς
870 1489 920 1520 τὰς

133 1533 259 1568 τρώγλας
273 1535 322 1569 τῆς
337 1534 388 1568 γῆς
402 1533 423 1566 ⁸,
440 1534 494 1560 ἀπὸ
514 1533 661 1568 προσώπου
685 1534 731 1560 τοῦ
754 1534 836 1568 φόϐου
860 1535 918 1561 Κυ-

135 1578 258 1613 ρίου,καὶ
268 1579 321 1605 ἀπὸ
332 1580 379 1614 τῆς
392 1579 470 1614 δόξης
480 1579 529 1614 τῆς
544 1579 634 1614 ἰσχύος
642 1579 734 1610 αὑτοῦ,
744 1580 807 1606 ὅταν
818 1580 920 1615 ἀναστῇ

134 1623 250 1658 θραῦσαι
269 1624 317 1659 τὴν
336 1625 398 1659 γῆν.
416 1625 455 1660 Τῇ
477 1624 530 1660 γὰρ
555 1625 648 1660 ἡμέρᾳ
666 1626 676 1641 ⁸
698 1625 790 1660 ἐκείνῃ
811 1625 923 1651 ἐκϐαλεῖ

134 1669 277 1704 ἄνθρωπος
292 1669 326 1696 τὰ
341 1669 513 1705 βδελύγματα
537 1670 621 1697 αὐτοῦ
645 1670 680 1697 τὰ
695 1670 803 1706 ἀργυρᾶ
827 1670 874 1697 καὶ
888 1670 922 1696 τὰ

135 1717 234 1751 χρυσᾶ,
259 1716 276 1743 ἃ.
291 1717 423 1751 ἐποίησαν
447 1717 554 1748 ἑαυτοῖς
571 1717 611 1749 είς
637 1717 668 1743 τὺ
686 1718 850 1752 προσκυνεῖν
867 1718 922 1748 τοῖς

136 1761 261 1795 ματαίοις
282 1762 329 1788 καὶ
344 1763 404 1793 ταῖς
418 1761 568 1797 νυκτερίσι,
586 1762 633 1789 τοῦ
654 1763 786 1790 εἰσελθεῖν
811 1764 852 1794 εἰς
872 1763 923 1794 τὰς

78 1831 83 1834 ,
134 1805 258 1840 τρώγλας
276 1806 324 1841 τῆς
347 1807 461 1842 στερεᾶς
477 1807 591 1842 πέτρας,
612 1809 658 1834 καὶ
676 1808 716 1839 είς
730 1807 764 1833 τὰ
785 1807 923 1842 σχίσματα

134 1850 188 1877 τῶν
203 1851 322 1886 πετρῶν,
340 1851 394 1878 ἀπὸ
410 1851 485 1887 [LM]
503 1852 649 1888 προσώπου
666 1852 714 1878 τοῦ
733 1851 817 1886 φόϐου
835 1852 845 1867 ⁸
864 1852 922 1877 Κυ-

136 1897 207 1932 ρίου,
230 1896 278 1923 καὶ
299 1897 354 1922 ἀπὸ
375 1896 426 1930 τῆς
448 1897 528 1932 δόξης
551 1898 603 1932 τῆς
627 1897 718 1932 ἰσχύος
745 1896 837 1927 αὐτοῦ,
859 1898 923 1924 ὅταν

134 1942 237 1976 ἀναστῇ
262 1941 380 1976 θραῦσαι
396 1941 445 1976 τὴν
467 1942 529 1976 γῆν.
546 1951 554 1967 ι
574 1942 684 1977 Ταύτης
702 1942 731 1968 δὲ
746 1943 796 1976 τῆς
816 1950 922 1977 προφη-

135 1986 210 2017 τείας
220 1985 269 2021 τὴν
283 1986 432 2022 ἑρμηνείαν
442 1987 492 2021 οὐχ
508 1987 581 2022 ἡμᾶς
600 1987 733 2022 προσήκει
744 1986 922 2021 ποιήσασθαι,

135 2032 195 2060 ἀλλ’
209 2032 281 2067 ὑμᾶς
295 2031 437 2068 θαυμάσαι
449 2032 496 2058 τοῦ
518 2033 643 2068 χρησμοῦ
657 2033 707 2068 τὴν
721 2032 859 2068 ἀλήθειαν,
876 2033 923 2059 καὶ

136 2076 396 2116 ξυνομολογῆσαιτὰ
416 2077 481 2112 παρ’
499 2077 576 2113 ὑμῶν
596 2077 726 2109 πολλάκις
741 2077 922 2112 γεγενημένα.

143 2122 222 2148 Ἀλλὰ
239 2122 276 2157 μὴ
291 2122 484 2157 ὲρυθριάσητε,
502 2120 524 2149 ὦ
542 2122 636 2157 ἄνδρες
649 2129 656 2137 ·
673 2122 805 2149 αἰδεῖσθαι
818 2123 872 2158 γὰρ
891 2122 922 2149 οὐ

136 2167 184 2202 τὴν
196 2167 339 2202 ὁμολογίαν
355 2167 405 2202 τῆς
421 2168 568 2204 ἁμαρτίας,
580 2168 647 2195 ἀλλὰ
659 2168 708 2204 τὴν
727 2166 827 2204 πρᾶξιν
841 2176 925 2203 προσ*

136 2214 208 2247 ήκει.
220 2212 252 2239 El
267 2213 295 2239 δὲ
311 2214 390 2248 ὑμεῖς
400 2213 490 2247 λέγειν
503 2213 533 2240 οὐ
550 2213 688 2248 βούλεσθε,
698 2213 755 2240 ἀλλ’
775 2211 821 2240 οὖν
834 2213 924 2240 ἴσασιν

138 2260 255 2291 ἅπαντες
266 2259 400 2286 αὐτόπται
414 2259 574 2295 γενόμενοι⁷
584 2259 637 2286 τῶν
653 2260 682 2285 ὲν
694 2260 727 2295 τῇ
744 2260 779 2294 γῇ
797 2259 925 2291 πολλάκις

138 2304 369 2339 καταχωσθέντων
389 2305 468 2338 θεῶν,
487 2306 534 2332 καὶ
549 2305 602 2332 ὑπὸ
617 2305 671 2332 τῶν
688 2306 810 2333 εὐσεϐεῖν
826 2306 927 2333 δεδιδα-

138 2349 246 2384 γμένων
263 2350 492 2377 ἀνασπασθέντων
510 2350 626 2383 ἐκεῖθεν,
640 2351 687 2378 καὶ
703 2351 791 2386 δήλων
813 2359 926 2387 γεγενη-

140 2394 237 2430 μένων.
251 2396 282 2421 οι
299 2398 348 2431 μὲν
366 2396 419 2431 γὰρ
434 2397 467 2431 τῇ
483 2396 628 2431 δυσσεϐείᾳ
649 2396 840 2432 δεδουλωμένοι
859 2405 926 2423 κατ·

138 2441 253 2475 έχωσαν,
271 2441 428 2476 ἐπικουρεῖν
442 2440 589 2477 ἡγούμενοι
603 2442 660 2472 τοῖς
675 2441 760 2473 θεοῖς·
777 2441 803 2468 oi
817 2441 846 2468 δὲ
868 2441 925 2473 τοῖς

137 2488 171 2514 τὰ
186 2487 299 2516 τοιαῦτα
323 2487 489 2524 μαστεύουσι
503 2488 514 2505 ⁵
528 2489 735 2524 κατεμήνυσαν·
751 2490 775 2516 oi
802 2489 831 2517 δὲ
853 2489 919 2524 ὀρύ-

171 2578 184 2598 b
201 2578 253 2605 Isa.
271 2587 301 2610 ιι,
318 2579 410 2607 18-21.

969 951 1035 971 suos
1053 943 1201 970 habebant.
1218 942 1315 969 Statim
1330 949 1396 969 vero
1416 945 1446 968 ut
1459 940 1588 968 Servator
1601 943 1695 966 noster
1710 946 1755 966 se-

969 989 1090 1017 cundum
1101 996 1210 1015 carnem
1224 992 1305 1015 natus
1316 991 1368 1019 est,
1381 986 1471 1014 Caesar
1483 987 1623 1020 Augustus
1632 985 1755 1011 omnium

970 1035 1074 1070 potitus
1092 1038 1144 1063 est.
1166 1033 1337 1067 sublatisque
1356 1031 1558 1067 principatibus
1580 1030 1713 1065 gentium,
1727 1034 1757 1057 et

971 1079 1184 1116 particularibus
1205 1079 1286 1113 967
1309 1078 1410 1113 regnis,
1432 1077 1617 1104 Romanorum
1641 1075 1757 1110 imperio

971 1125 1094 1154 subdidit
1107 1125 1260 1152 universos.
1275 1123 1338 1151 Haec
1352 1123 1506 1159 praevidens
1517 1122 1661 1157 propheta,
1677 1128 1758 1155 supe-

970 1175 1046 1202 riora
1069 1175 1233 1202 vaticinatus
1254 1178 1305 1201 est.
1335 1173 1369 1201 Et
1392 1178 1455 1209 post
1475 1173 1528 1200 alia
1550 1179 1648 1208 pauca,
1674 1179 1758 1199 manu

971 1228 1081 1255 quoque
1099 1220 1235 1247 factorum
1249 1220 1386 1247 idolorum
1401 1219 1574 1246 eversionem
1588 1217 1735 1252 descripsit
1748 1225 1756 1243 :

975 1275 984 1292 ‹
997 1265 1107 1298 Omnia,
1121 1265 1221 1300 inquit,
1232 1273 1316 1292 manu
1329 1265 1400 1292 facta
1409 1264 1589 1296 abscondent,
1602 1263 1759 1290 deterentes

971 1312 999 1338 in
1010 1312 1164 1347 speluncas,
1183 1315 1211 1339 et
1226 1311 1255 1338 in
1275 1311 1408 1338 scissuras
1428 1315 1582 1346 petrarum,
1602 1313 1631 1337 et
1644 1309 1673 1337 in
1684 1308 1759 1336 fora-

971 1345 1046 1382 mina
1061 1359 1151 1387 terrae,
1170 1363 1185 1381 a
1195 1354 1265 1382 facie
1277 1354 1384 1381 timoris
1397 1354 1518 1387 Domini,
1541 1357 1570 1381 et
1585 1361 1601 1380 a
1618 1352 1703 1388 gloria
1714 1345 1770 1380 ro-'

970 1401 1046 1429 boris
1060 1401 1156 1436 ipsius,
1172 1408 1234 1428 cum
1249 1400 1401 1428 surrexerit
1418 1404 1563 1435 percutere
1576 1404 1689 1427 terram.
1709 1398 1760 1426 Die

971 1446 1045 1473 enim
1059 1446 1106 1473 illo
1121 1446 1214 1481 ejiciet
1233 1445 1317 1473 homo
1335 1445 1558 1472 abominationes
1571 1451 1645 1474 suas.
1663 1450 1762 1478 argen-

971 1495 1029 1519 teas
1045 1495 1073 1518 et
1085 1499 1193 1524 aureas,
1210 1499 1279 1525 quas
1295 1491 1421 1518 fecerunt
1435 1490 1498 1522 sibi,
1511 1494 1541 1517 ut
1553 1489 1700 1516 adorarent
1716 1495 1760 1516 res

971 1545 1055 1564 vanas
1066 1541 1094 1564 et
1105 1537 1317 1571 vespertiliones
1330 1546 1336 1564 :
1350 1537 1387 1564 ita
1404 1540 1434 1563 ut
1447 1535 1638 1571 ingrediantur
1648 1535 1677 1562 in
1690 1534 1761 1562 fora-

975 1583 1050 1609 mina
1061 1582 1145 1609 ﬁrmae
1158 1587 1253 1616 petrae,
1269 1587 1296 1610 et
1308 1582 1335 1609 in
1347 1582 1481 1609 seissuras
1492 1584 1646 1616 petrarum,
1661 1588 1676 1607 a
1691 1579 1761 1607 facie

976 1627 1083 1654 timoris
1093 1627 1211 1658 Domini,
1227 1631 1255 1654 et
1265 1635 1281 1654 a
1293 1627 1378 1662 gloria
1389 1626 1499 1654 roboris
1508 1626 1561 1659 sui,
1578 1625 1687 1660 quando
1699 1633 1761 1652 sur-

976 1673 1079 1700 rexerit
1090 1676 1235 1707 percutere
1249 1677 1349 1700 terram
1361 1673 1388 1699 h.
1405 1681 1414 1698 ι
1428 1671 1504 1699 Hanc
1514 1679 1579 1699 vero
1588 1669 1761 1706 prophetiam

976 1725 1019 1744 me
1033 1717 1113 1745 vobis
1125 1717 1302 1753 interpretari
1322 1725 1377 1745 non
1394 1722 1437 1745 est
1449 1725 1529 1752 opus,
1544 1717 1593 1744 sed
1605 1724 1654 1743 vos
1666 1716 1762 1751 potius

976 1763 1051 1790 illius
1067 1763 1211 1790 veritatem
1223 1763 1366 1796 admirari,
1383 1766 1411 1790 et
1423 1770 1484 1798 qua:
1495 1762 1596 1797 saepius
1610 1761 1761 1789 admisistis

977 1807 1094 1842 ingenue
1119 1807 1254 1835 confiteri.
1281 1808 1376 1842 Neque
1397 1808 1442 1835 hic
1468 1807 1649 1839 erubescatis,
1665 1815 1681 1834 ο
1697 1806 1761 1834 viri.

975 1851 1035 1879 Non
1050 1852 1124 1879 enim
1143 1852 1270 1886 pudenda
1292 1859 1335 1880 est
1346 1852 1452 1887 peccati
1467 1852 1613 1884 confessio,
1632 1852 1680 1879 sed
1696 1859 1760 1887 per-

976 1897 1105 1931 petratio.
1119 1896 1195 1929 Quod
1213 1898 1237 1924 si
1255 1897 1335 1925 fateri
1353 1898 1405 1933 ipsi
1421 1905 1476 1925 non
1487 1897 1581 1930 vultis,
1592 1901 1621 1924 at
1633 1897 1763 1925 omnibus

975 1945 1093 1974 constat,
1114 1942 1161 1976 qui
1176 1942 1242 1970 deos
1263 1946 1338 1970 terra
1358 1943 1472 1971 obrutos
1492 1950 1681 1978 saepenumero
1705 1942 1763 1969 suis

977 1987 1064 2014 oculis
1078 1987 1217 2020 viderunt,
1231 1988 1349 2023 indeque
1363 1989 1398 2016 ab
1410 1988 1444 2016 iis
1454 1988 1501 2023 qui
1514 1988 1644 2023 pietatem
1659 1987 1763 2015 didice-

977 2036 1041 2060 rant
1051 2037 1156 2065 erutos,
1169 2037 1197 2060 et
1213 2033 1241 2060 in
1252 2034 1341 2060 lucem
1355 2033 1487 2068 prolatos.
1502 2033 1556 2060 Alii
1575 2033 1649 2060 enim
1662 2033 1763 2060 daemo-

976 2088 1043 2108 num
1061 2081 1146 2108 cultui
1161 2081 1308 2116 mancipati
1320 2081 1404 2117 968
1415 2080 1591 2113 defoderunt,
1611 2080 1665 2108 diis
1682 2087 1762 2115 opem

977 2134 1006 2154 se
1018 2126 1091 2154 ferre
1102 2126 1271 2155 arbitrantes
1283 2135 1290 2153 :
1303 2127 1350 2154 alii
1362 2126 1426 2153 talia
1436 2125 1624 2160 quaerentibus
1635 2125 1682 2152 ubi
1697 2125 1764 2152 late-

977 2175 1039 2199 rent
1051 2171 1216 2198 indicarunt.
1227 2171 1261 2199 lli
1272 2179 1338 2199 vero
1348 2175 1442 2198 erutos
1457 2170 1638 2204 inventosque
1653 2169 1763 2204 publice

940 2229 962 2257 Ι)
978 2217 1140 2253 spectandos
1155 2220 1369 2251 proposuerunt,
1380 2220 1411 2244 ut
1427 2216 1598 2244 mulierculis
1605 2215 1763 2242 adolescen-

980 2261 1099 2296 tulisque
1113 2261 1233 2288 ludibrio
1248 2265 1341 2288 essent
1361 2260 1409 2296 qui
1426 2260 1465 2287 dii
1481 2259 1663 2287 vocabantur.
1678 2259 1763 2286 Erant

977 2307 1050 2335 enim
1064 2307 1163 2342 partim
1176 2306 1327 2341 reptilium,
1342 2306 1442 2341 partim
1455 2305 1665 2341 quadrupedum
1679 2305 1764 2331 simu-

977 2353 1063 2380 lacra.
1075 2352 1306 2388 Vespertilionum
1318 2359 1438 2387 quoque,
1452 2359 1484 2379 ac
1496 2351 1615 2378 murium
1632 2350 1764 2384 imagines

977 2398 1141 2430 adorabant;
1151 2405 1268 2433 cumque
1273 2397 1400 2425 animalia
1407 2397 1475 2432 ipsa,
1482 2401 1633 2431 serpentes,
1641 2396 1763 2430 inquam,

978 2448 1007 2473 et
1027 2443 1197 2479 scorpiones,
1218 2448 1248 2472 et
1265 2451 1368 2476 mures,
1391 2443 1659 2478 vespertilionesque
1676 2442 1765 2469 inter-

981 2488 1106 2521 ﬁcerent,
1124 2488 1224 2515 horum
1238 2491 1330 2515 tamen
1342 2486 1489 2515 simulacra
1502 2490 1532 2514 ut
1546 2486 1614 2514 deos
1624 2486 1763 2514 colebant.

790 2614 909 2642 VARIIE
928 2613 1129 2643 LECTIONES.

184 2683 207 2699 ³⁵
221 2683 270 2715 τὰς
285 2691 339 2711 om.
355 2683 385 2711 B.

140 2717 164 2735 ⁸⁷
178 2718 268 2752 νόμον.
296 2719 373 2751 λόγον
386 2719 416 2750 Β,
433 2720 482 2747 Va.
498 2720 580 2747 Deest
594 2719 644 2747 Vb.

140 2752 232 2789 ξτερος
246 2753 288 2789 _B,
311 2754 356 2789 Ya,
373 2754 482 2781 omissis
504 2762 568 2781 mox
593 2754 672 2786 ἄλλος
690 2752 873 2789 Ἀμμανιτῶν.

140 2822 192 2857 γῆς
214 2829 269 2849 om.
281 2822 328 2849 Va.

141 2857 284 2891 γενημένοι
299 2857 328 2884 Β.
368 2858 378 2871 ⁸
391 2857 564 2892 μαστεύουσι.
575 2857 745 2892 ’μαντεύουτι
759 2858 789 2886 C.

435 2685 458 2700 ’θ
472 2685 718 2720 πάνταςηνπάντας
742 2685 790 2719 μὲν
809 2684 841 2720 Β,
862 2684 913 2712 Vb.
936 2684 997 2712 Mox
1013 2685 1041 2720 έν
1062 2685 1096 2720 τῇ
1109 2683 1192 2720 Ῠξιὼν
1207 2682 1447 2720 τγθεολογοζιντας
1469 2682 1552 2720 habet
1574 2682 1710 2720 i‘n_r_narg.
1732 2682 1763 2720 β.

697 2719 721 2759 ’.⁸
735 2719 882 2759 γεωργίας·
895 2719 1050 2759 γεφρῖιιεῆς
1061 2719 1091 2759 Β)
1108 2719 1158 2759 ΥΞ)-

1210 2719 1233 2734 ”
1248 2717 1340 2752 ἕτερος
1362 2717 1525 2752 Μωαϐιτῶνῗ
1540 2716 1597 2752 καί.
1612 2716 1765 2752 Μωαϐιτῶν

934 2754 942 2770 ί
953 2751 1098 2781 Μαδιάνοί.
1114 2753 1262 2787 Μαδήναιοι
1283 2751 1314 2785 Β,
1329 2752 1490 2787 Μαδιηναῖοι
1505 2751 1536 2779 ν.
1583 2751 1592 2766 ¹
1611 2751 1763 2787 Ῥωμαίων.

147 2787 302 2830 ’ξωμαίοιςν
314 2788 345 2820 Β,
365 2789 434 2830 V_a._
452 2789 463 2805 ³
473 2787 826 2830 προειρημένα.-είρημέχα
844 2789 893 2830 Xa,
909 2789 1107 2830 sipazsncévrf;
1128 2796 1193 2830 pm:
1209 2787 1314 2830 B,I‘Vb.

1366 2787 1377 2802 ⁸
1397 2785 1443 2813 καὶ
1459 2787 1498 2818 είς
1513 2786 1562 2818 τὰς
1575 2785 1700 2821 τρώγλας
1715 2786 1766 2820 τῆς

380 2824 390 2838 ⁵
404 2825 436 2858 τῇ
449 2821 504 2865 γὰρ
518 2821 706 2865 ήμέρᾲ-γῇν
722 2821 779 2865 om;
794 2824 823 2850 B.
844 2823 913 2851 Tum
930 2821 1055 2851 ἐκϐάλλει
1070 2823 1100 2850 C.
1127 2824 1137 2839 θ
1148 2823 1194 2849 τοῦ
1215 2822 1306 2856 φόῦηυ.
1328 2821 1374 2849 τοῦ
1389 2829 1443 2848 om.
1461 2821 1491 2849 C.
1530 2821 1539 2836 ⁷
1557 2822 1705 2856 γενόμενοι.
1716 2829 1766 2856 γε-
