1965 3051
195 127 262 161 1079

689 128 930 172 THEQDORETI
950 128 1118 159 EPISCOPI
1138 126 1320 157 CYRENSIS

1747 121 1826 154 1080

192 187 287 220 ξαντες
308 187 353 214 καὶ
373 182 453 222 εὗρον
470 187 516 214 καὶ
529 188 538 203 ⁵
559 187 713 222 προῦθεσαν
732 189 761 214 ὲν
773 189 833 220 ταῖς
866 189 996 223 ἀγοραῖς·
1019 188 1088 215 ὥστε
1104 188 1150 214 καὶ
1168 188 1244 223 παρὰ
1267 185 1405 221 γυναικῶν
1426 184 1473 211 καὶ
1506 182 1656 219 μειρακίων
1680 180 1828 216 κωμῳδεῖ-

193 234 255 260 σθαι
270 235 332 265 τοὺς
353 233 538 269 καλουμένους
554 234 642 266 θεούς.
660 235 700 261 Τὰ
721 236 769 270 μὲν
785 236 840 271 γὰρ
857 235 981 271 ἑρπετῶν
999 233 1044 270 ἢν,
1057 236 1091 261 τὰ
1105 235 1132 261 δὲ
1147 234 1322 270 τετραπόδων
1336 232 1506 267 ⁸ἰνδάλματα
1517 238 1523 244 ·
1552 230 1604 276 ήδη
1616 229 1644 276 όὲ
1661 228 1708 255 καὶ
1722 235 1827 276 νυκτε-

192 280 273 315 ρίδων
287 281 334 307 καὶ
347 280 434 315 μυιῶν
444 280 600 316 εἰκάσματα
625 282 842 316 προσεκύνησαν.
872 282 927 309 Καὶ
946 282 1015 308 αὐτὰ
1037 281 1087 317 μὲν
1101 281 1243 316 ἀναιροῦσι
1263 280 1297 307 τὰ
1324 279 1397 312 ζῶα·
1417 279 1481 310 τοὺς
1501 277 1576 312 ὄφεις
1595 275 1668 309 λέγω
1687 273 1733 300 καὶ
1755 273 1827 302 τοὺς

192 327 339 362 σκορπίους
354 327 401 354 καὶ
421 327 470 359 τὰς
486 327 567 361 μυίας
583 329 606 344 ¹⁰
627 329 674 355 καὶ
694 330 869 365 νυκτερίδας·
894 329 929 356 τὰ
948 329 977 355 δὲ
995 329 1099 355 τούτων
1114 328 1271 355 ἑθεοποίουν
1289 327 1448 362 μιμήματα.

225 375 326 402 Verum
340 375 374 402 de
391 375 434 402 his
449 375 515 403 satis
529 376 614 404 multa
634 377 690 412 jam
706 377 836 404 diximus.
858 377 981 404 Aliarum
996 378 1017 406 Α

191 421 282 455 itaque
304 421 513 456 praedictionum
538 423 683 450 veritatem
706 423 893 458 inspiciamus.
909 423 979 450 Sunt

146 496 150 501 1
189 470 281 493 autem
298 466 356 494 haec
370 467 452 494 etiam
469 467 592 503 ejusdem
611 468 751 502 prophetae
765 469 868 495 verba:
889 477 898 493 ι
916 468 980 495 Iizec

190 512 257 539 dicit
269 512 401 540 Dominus
414 513 488 541 Deus
499 513 608 540 lsraelis
624 522 630 539 :
644 513 693 540 Die
702 514 748 540 illo
760 513 878 540 confidet
897 513 980 540 homo

190 556 219 582 in
237 564 270 583 eo
285 557 332 591 qui
351 556 416 584 fecit
430 565 493 584 eum
510 565 516 582 :
531 557 603 584 oculi
617 565 683 584 vero
700 557 759 592 ejus
775 557 809 583 ad
826 556 956 583 Sanctum
972 558 980 566 '

190 600 299 628 lsraelis
321 602 480 636 respiciant.
505 602 600 637 Neque
622 602 760 629 confident
784 602 812 629 in
834 602 978 634 altaribus,

190 653 281 680 neque
304 647 333 673 in
347 647 477 681 operibus
489 655 620 674 manuum
643 655 763 679 suarum,
785 653 813 674 ct
830 655 890 682 qua:
907 647 980 674 fece-

191 696 257 719 runt
272 691 350 726 digiti
363 692 496 726 ipsorum.
517 692 611 727 Neque
625 693 742 727 amplius
757 693 889 720 videbunt
902 693 982 719 arbo-

192 744 251 769 res,
269 744 359 771 neque
383 737 603 765 abominationes
628 739 725 765 suasi.
742 747 751 764 ι
776 738 840 765 Πίσα
862 738 936 765 mille
951 746 982 765 ac

191 781 318 816 pluribus
342 783 422 810 annis
445 787 509 810 ante
522 783 649 818 praedixit
673 783 815 818 propheta,
832 791 914 818 quam
939 791 983 810 re—

192 830 288 861 gnaret
309 826 523 860 Constantinus,
542 832 604 862 post
624 829 702 863 cujus
714 836 827 864 regnum
844 829 983 856 destructa

192 875 258 898 sunt
275 871 431 899 daemonum
448 872 574 899 delubra.
592 872 645 900 Sed
663 873 705 900 vir
717 873 773 900 Deo
783 873 881 908 plenus
897 874 983 901 multo

193 920 256 944 ante
269 917 345 944 velut
358 925 479 952 praesens
493 925 524 945 ea
536 918 676 951 cernebat,
691 923 718 946 et
733 922 809 946 tanto
824 924 885 954 post
897 920 984 954 spatio

192 966 324 989 eVentura
341 962 516 997 prmdicebat.
530 963 683 991 Dodonzeus
693 971 758 991 vero
771 968 799 991 et
809 964 934 1000 Pythius,
950 973 984 992 ne

193 1015 225 1035 ca
257 1007 368 1042 quidem
380 1016 441 1043 quae
471 1011 532 1042 post
563 1013 619 1036 tres
645 1016 754 1036 menses
776 1009 868 1036 futura
891 1015 982 1043 erant,

193 1056 324 1079 eventura
340 1052 568 1087 praenuntiarunt,
588 1053 636 1080 sed
659 1054 772 1087 incerta,
785 1059 813 1082 et
833 1054 887 1082 huc
907 1055 984 1082 illuc-
999 1048 1020 1074 Β

194 1105 248 1132 que
262 1098 403 1133 vergentia
415 1099 525 1126 oracula
535 1099 619 1134 969
630 1099 787 1127 ediderunt.
802 1100 901 1128 Audite
920 1109 986 1128 vero

194 1147 290 1177 etquis
306 1148 460 1178 sequuntur
475 1153 482 1171 :
500 1154 510 1169 ί
526 1144 736 1179 Convertimini,
753 1147 800 1181 qui
819 1146 986 1181 profundum

194 1188 338 1216 consilium
348 1189 527 1225 iniquumque
538 1191 722 1224 consultastis,
730 1191 779 1218 ﬁlii
788 1192 906 1220 lsraelis.
915 1192 987 1225 Quo-

194 1233 269 1261 niam
280 1234 324 1261 die
338 1234 385 1261 illo
400 1235 527 1263 auferent
540 1236 666 1264 homines
681 1244 765 1271 opera
778 1245 909 1264 manuum
922 1245 986 1264 sua—

195 1287 258 1306 rum
271 1284 401 1315 argcntea
422 1284 450 1308 et
463 1288 562 1313 aurea,
579 1289 639 1316 quae
660 1282 786 1310 fecerunt
799 1290 897 1310 manus
912 1283 986 1317 ipso-

195 1332 258 1351 rum
269 1323 276 1349 i
287 1345 293 1351 .
303 1334 313 1350 ›
325 1325 358 1352 Et
367 1333 480 1353 rursus:
499 1335 508 1351 ι
526 1326 581 1361 Ego
589 1327 661 1353 Deus
669 1327 785 1361 primus,
797 1331 824 1354 et
832 1328 861 1355 in
871 1332 986 1355 ventura

195 1374 321 1404 tempora
335 1378 386 1406 ego
401 1379 472 1398 sum.
490 1371 626 1399 Viderunt
645 1380 689 1399 me
708 1377 818 1407 gentes,
834 1377 862 1399 et
885 1373 986 1399 timue-

195 1421 272 1448 runt,
290 1420 318 1444 et
343 1422 466 1444 extrema
490 1423 570 1445 terrae
582 1419 795 1453 obstupuerunt
812 1429 819 1446 :
837 1419 985 1454 appropin—

195 1467 351 1497 quaverunt
362 1467 391 1489 et
406 1468 542 1490 venerunt
553 1465 644 1496 simul,
660 1464 787 1499 judicans
798 1465 986 1500 unusquisque

196 1508 321 1543 proximo
333 1513 361 1536 et
375 1508 454 1536 fratri
467 1517 517 1536 suo
530 1510 665 1543 auxiliari,
685 1515 713 1538 et
726 1511 799 1538 dicet
815 1519 821 1536 :
835 1511 929 1538 Potuit
943 1511 986 1537 vir

195 1553 284 1586 faber,
293 1558 321 1582 et
331 1554 463 1582 ferrarius
472 1555 622 1583 verberans
632 1556 740 1588 malleo,
755 1556 837 1583 simul
851 1560 879 1583 et
889 1556 986 1590 impel—

195 1599 265 1626 lens.
275 1599 429 1634 Aliquando
441 1601 552 1635 quidem
563 1601 635 1628 dicet
652 1610 659 1627 :
672 1601 857 1628 Commissum
872 1602 986 1636 pulchra

196 1645 253 1677 est;
271 1645 486 1672 corroborarunt
499 1653 560 1673 eam
576 1646 604 1673 in
619 1646 704 1674 clavis
721 1656 727 1673 ε
742 1651 863 1674 statuent
877 1655 947 1680 eam,
958 1653 987 1675 et

196 1698 253 1717 non
266 1691 423 1718 movebitur
436 1691 459 1717 Ιί.
476 1701 484 1717 ι
509 1692 604 1726 Neque
621 1693 694 1719 enim
712 1697 784 1720 stare
801 1699 918 1728 possunt
932 1694 985 1721 nisi
1000 1711 1021 1740 Ω

197 1736 284 1763 clavis
300 1736 406 1764 conﬁsa
416 1737 482 1769 sint,
497 1745 586 1772 neque
599 1738 739 1765 ambulare
753 1739 805 1766 nisi
825 1739 859 1766 ab
872 1740 933 1767 aliis
945 1739 987 1767 fe-

197 1786 305 1808 rantur.
324 1782 359 1809 Et
373 1782 474 1810 iterum
491 1791 498 1809 :
522 1792 531 1808 ‹
547 1783 632 1811 Jacob
653 1792 722 1818 puer
740 1792 827 1817 meus,
840 1785 989 1820 suscipiam

198 1835 262 1854 eum
278 1838 284 1854 :
303 1827 385 1856 Israel
396 1828 502 1856 electus
518 1836 605 1861 meus,
621 1829 727 1864 accepit
740 1837 803 1857 eum
813 1831 903 1857 anima
917 1839 988 1858 mea.

199 1873 266 1901 Dedi
280 1873 413 1909 Spiritum
424 1882 516 1902 meum
530 1882 613 1910 super
627 1875 727 1909 ipsum,
739 1879 767 1902 ct
778 1875 911 1910 judicium
925 1884 991 1911 gen-

199 1919 274 1946 tibus
290 1919 387 1947 eﬁ‘eret
404 1928 411 1946 :
431 1928 487 1947 non
499 1920 637 1953 clamabit,
648 1928 739 1956 neque
751 1921 883 1954 remittet,
901 1930 991 1957 neque

200 1963 330 1991 audietur
346 1971 424 1992 extra
437 1974 490 1993 vox
512 1966 610 2001 ipsius.
630 1966 771 1994 Calamum
792 1966 909 1995 fractum
934 1975 991 1995 non

199 2010 317 2045 franget,
335 2014 363 2038 et
381 2011 468 2038 linum
483 2011 621 2047 fumigans
633 2019 687 2039 non
709 2013 883 2048 exstinguet:
899 2014 947 2041 sed
962 2014 990 2041 in

199 2055 344 2083 veritatem
357 2056 593 2092 cfl‘eretjudicium
607 2066 614 2084 :
626 2058 792 2092 splendebit,
804 2062 833 2085 et
844 2067 899 2086 non
907 2067 991 2094 quas-

201 2101 324 2134 sabitur,
342 2102 430 2130 donec
444 2107 527 2137 ponat
546 2103 573 2130 in
590 2108 664 2130 terra
680 2104 834 2138 judicium:
852 2109 880 2132 et
899 2105 927 2132 in
939 2113 992 2132 no-

202 2148 277 2174 mine
300 2147 375 2174 illius
394 2152 490 2182 gentes
517 2148 677 2183 sperabunt.
705 2149 744 2176 lla
768 2149 835 2176 dicit
860 2150 993 2178 Dominus

202 2192 276 2219 Deus
287 2192 408 2225 lsraelis,
430 2193 478 2228 qui
491 2193 557 2220 fecit
580 2195 692 2226 emtum,
705 2194 787 2229 970
807 2199 836 2222 et
856 2197 994 2231 compegit

203 2237 282 2270 illud,
295 2237 342 2272 qui
355 2237 473 2265 ﬁrmavit
490 2243 601 2272 terram,
616 2243 645 2267 et
664 2247 726 2274 quae
741 2240 768 2267 in
783 2240 840 2274 ipsa
856 2244 930 2273 sunt,
946 2242 993 2276 qui

204 2283 282 2311 dedit
302 2284 398 2311 ﬂatum
411 2284 513 2319 populo
525 2285 572 2319 qui
587 2289 629 2312 est
643 2293 726 2320 super
738 2293 809 2318 eam,
826 2291 854 2313 et
866 2287 993 2321 spiritum

204 2329 239 2356 iis
258 2329 306 2364 qui
328 2329 435 2357 caleant
455 2337 526 2357 eam.
549 2330 606 2365 Ego
619 2331 751 2358 Dominus
767 2332 839 2359 Deus
856 2333 950 2359 vocavi
966 2338 993 2360 te

1075 376 1156 402 Ἀλλὰ
1171 375 1274 402 τούτων
1294 375 1359 409 πέρι
1381 372 1497 403 πολλοὺς
1516 370 1566 407 ήδη
1583 369 1759 405 διεξήλθομεν
1772 367 1827 393 λό-

1033 430 1111 455 γους·
1127 421 1181 447 τῶν
1192 421 1279 447 ἄλλων
1293 420 1312 435 ”
1327 418 1373 446 οὖν
1393 417 1525 453 χρησμῶν
1545 414 1749 450 καταμάθωμεν
1770 413 1829 447 τὴν

1031 468 1170 502 ἀλήθειαν.
1196 466 1249 492 Τοῦ
1273 465 1300 492 δὲ
1319 464 1401 492 αὑτοῦ
1424 464 1563 498 προφήτου
1585 462 1632 488 καὶ
1651 460 1737 487 ταῦτα
1750 459 1772 475 ¹¹
1789 458 1828 484 τὰ

1032 514 1156 547 ῥήματα·
1178 522 1186 537 ι
1208 511 1277 537 Τάδε
1296 510 1370 544 λέγει
1391 509 1492 544 Κύριος
1513 509 1527 534 6
1550 507 1615 538 Θεὸς
1633 505 1703 542 [τοῦ]
1723 505 1744 520 ¹³
1767 504 1828 530 ’ῐσ-

1033 558 1121 592 ραὴλ·
1138 558 1177 592 Τῇ
1198 557 1289 592 ἡμέρᾳ
1310 555 1401 590 ἐκείνῃ
1418 552 1555 584 πεποιθὼς
1580 552 1655 578 ἔσται
1677 550 1829 585 ἅνθρωπος

1033 603 1102 639 [ἐπὶ]
1117 603 1154 638 τῷ
1170 604 1312 638 ποιήσαντι
1325 601 1407 628 αὐτόν
1417 609 1424 615 ·
1445 600 1469 626 οἱ
1489 599 1516 625 δὲ
1531 597 1665 633 ὀφθαλμοὶ
1681 595 1763 622 αὑτοῦ
1782 594 1828 625 είς

1032 651 1080 676 τὸν
1089 649 1166 682 ἅγιον
1180 649 1226 675 τοῦ
1250 647 1358 683 Ἰσραὴλ
1378 645 1568 681 ἐμϐλέψονται.
1589 643 1644 670 Καὶ
1663 643 1693 669 οὐ
1720 641 1757 676 μὴ
1773 648 1828 666 πε-

1034 696 1159 727 ποιθότες
1175 692 1241 722 ὦσιν
1257 694 1302 720 ἐπὶ
1317 694 1372 724 τοῖς
1386 692 1497 726 βωμοῖς,
1517 690 1577 716 οὐδὲ
1599 689 1645 714 ἐπὶ
1660 688 1716 718 τοῖς
1731 687 1828 721 ἔργοις

1032 741 1087 768 τῶν
1103 741 1203 776 χειρῶν
1220 739 1320 769 αὐτῶν,
1334 738 1351 765 ἃ
1366 737 1497 772 ἐποίησαν
1512 737 1537 762 οἱ
1559 734 1685 762 δάκτυλοι
1710 732 1804 759 αὐτῶν
1816 738 1825 746 ⁸

1034 788 1081 814 καὶ
1094 786 1186 814 οὐκέτι
1200 785 1310 820 ὄψονται
1330 784 1365 810 τὰ
1378 783 1485 818 δένδρα,
1512 780 1572 808 οὐδὲ
1596 780 1630 806 τὰ
1649 777 1826 814 βδελύγματα

1034 833 1134 859 αὐτῶν.
1153 842 1162 858 ι
1179 831 1271 858 Ταῦτα
1296 829 1350 865 πρὸ
1373 829 1504 855 πλειόνων
1520 827 1537 862 ἦ
1555 826 1648 862 χιλίων
1676 823 1745 850 ὲτῶν
1771 824 1827 857 τῆς

1035 877 1240 905 Κωνσταντίνου
1259 875 1397 911 βασιλείας
1411 872 1615 909 προηγόρευσεν
1631 870 1645 896 ό
1667 868 1824 904 προφήτης,

1037 924 1095 959 μεθ’
1111 925 1144 959 ἣν
1164 923 1197 949 τὰ
1220 922 1275 949 τῶν
1291 921 1427 956 δαιμόνων
1447 918 1584 952 κατελύθη
1608 915 1719 951 τεμένη.
1742 913 1826 940 Ἀλλὰ

1036 958 1083 996 καὶ
1096 958 1237 1004 πόρρωθεν
1252 969 1265 995 ό
1282 967 1410 1002 θεοφόρος
1425 966 1494 1000 ἀνὴρ
1512 964 1548 996 ὡς
1568 961 1664 997 παρὼν
1685 961 1758 995 ἐώρα
1774 958 1826 985 καὶ

1037 1013 1170 1050 προῦλεγε
1183 1013 1217 1040 τὰ
1230 1013 1297 1048 μετὰ
1311 1010 1438 1038 τοσοῦτον
1449 1010 1564 1044 ἐσόμενα
1578 1008 1673 1043 χρόνον
1683 1014 1690 1022 ·
1704 1007 1717 1032 ό
1731 1005 1758 1031 δὲ
1770 1006 1827 1031 Δω-

1037 1061 1147 1091 δωναῖος
1164 1059 1210 1086 καὶ
1225 1059 1238 1085 ὁ
1251 1057 1351 1089 Πύθιος
1368 1057 1388 1073 ¹⁸
1408 1056 1466 1083 οὐδὲ
1477 1055 1511 1082 τὰ
1525 1054 1594 1089 μετὰ
1612 1053 1687 1089 τρεῖς
1705 1051 1827 1085 ἐσόμενα

1038 1107 1126 1142 μῆνας
1143 1105 1313 1140 προειπάτην
1333 1103 1371 1134 ὡς
1393 1101 1504 1137 ἔμελλεν
1526 1099 1652 1130 ἔσεσθαι,
1676 1096 1742 1124 ἀλλὰ
1759 1095 1826 1130 τῇδε

1037 1153 1149 1179 κάκεῖσε
1170 1150 1345 1185 κλινομένους
1367 1148 1486 1182 ἑδιδότην
1506 1147 1528 1163 ³⁸
1546 1144 1698 1182 χρησμούς.
1728 1143 1827 1168 Ἀκού-

1037 1206 1101 1224 σατε
1117 1197 1144 1223 δὲ
1160 1197 1207 1223 καὶ
1226 1196 1279 1223 τῶν
1295 1195 1374 1230 ἑξῆς·
1403 1204 1412 1220 ι
1437 1193 1651 1228 Ἑπιστράφητε,
1664 1193 1688 1218 οἱ
1710 1190 1759 1225 τὴν
1774 1189 1825 1224 βα-

1037 1244 1112 1270 θεῖαν
1126 1242 1222 1278 βουλὴν
1241 1241 1431 1276 βουλευόμενοι
1445 1240 1467 1256 ¹⁶
1491 1239 1539 1265 καὶ
1559 1238 1670 1272 ἄνομον,
1695 1236 1749 1262 υἱοὶ
1771 1235 1826 1260 Ἰσ-

1040 1288 1124 1323 ραήλ·
1150 1288 1189 1314 ὅτι
1209 1288 1242 1322 τῇ
1264 1286 1356 1321 ἡμέρᾳ
1375 1285 1467 1320 ἐκείνῃ
1488 1283 1652 1319 ἀφελοῦνται
1674 1282 1695 1297 ’⁷
1719 1280 1766 1316 [οἱ]
1779 1279 1827 1306 ἆν-

1038 1333 1141 1368 θρωποι
1164 1332 1199 1358 τὰ
1225 1330 1403 1366 χειροποίητα
1427 1328 1516 1356 αὐτῶν
1538 1328 1572 1354 τὰ
1596 1327 1706 1362 ἀργυρᾶ
1727 1326 1773 1353 καὶ
1791 1325 1827 1351 τὰ

1037 1378 1127 1412 χρυσᾶ
1140 1377 1173 1408 ’⁸,
1187 1376 1204 1402 δι
1219 1375 1351 1410 ἐποίησαν
1366 1374 1394 1400 αἱ
1412 1374 1502 1408 χεῖρες
1514 1372 1613 1399 αὐτῶν.
1634 1381 1643 1397 ι
1658 1370 1714 1398 Καὶ
1732 1371 1824 1397 πάλιψ

1040 1432 1049 1448 ι
1071 1422 1141 1456 Ἐγὼ
1218 1421 1285 1452 Θεὸς
1303 1419 1413 1456 πρῶτος
1428 1420 1449 1435 ¹⁹
1461 1428 1468 1434 θ
1489 1419 1536 1445 καὶ
1552 1419 1591 1449 εἰς
1602 1417 1636 1444 τὰ
1651 1417 1827 1452 ἐπερχόμενα.

1037 1468 1092 1503 ἐγώ
1104 1470 1172 1503 εἰμι.
1190 1467 1302 1494 Είδοσὰν
1314 1465 1374 1502 [με]
1389 1466 1412 1482 ’θ
1424 1465 1487 1500 ἔθνη
1507 1465 1554 1492 καὶ
1572 1463 1743 1498 ἐφοϐήθησαν
1758 1483 1762 1489 .
1791 1462 1824 1488 τὰ

1038 1515 1111 1550 ἄκρα
1123 1515 1172 1549 τῆς
1188 1513 1240 1548 γῆς
1257 1512 1422 1547 ἐξέστησαν·
1446 1511 1562 1547 ἠγγισαν
1585 1509 1631 1536 καί
1654 1506 1747 1543 ἦλθον,
1768 1507 1826 1541 ἅμα

1038 1561 1139 1595 κρίνων
1152 1559 1267 1590 ἕκαστος
1277 1558 1316 1593 τῷ
1329 1557 1444 1592 πλησίον
1457 1556 1602 1591 βοηθῆσαι,
1621 1555 1668 1582 καὶ
1691 1554 1729 1589 τῷ
1748 1553 1826 1580 ἅδε).-

1038 1605 1096 1640 φῷ’
1113 1604 1161 1630 καὶ
1176 1604 1236 1638 ἐρεῖ
1248 1610 1255 1617 ·
1272 1603 1397 1637 Ἴσχυσεν
1411 1601 1482 1636 ἀνὴρ
1503 1601 1618 1631 τέκτων,
1636 1599 1684 1625 καὶ
1709 1598 1827 1633 χαλκεὺς

1037 1650 1147 1676 τύπτων
1163 1648 1265 1683 σφύρᾳ,
1278 1647 1337 1682 ἅμα
1348 1646 1479 1673 ἐλαύνων.
1491 1645 1557 1671 Τότε
1567 1646 1588 1660 ²¹
1602 1645 1649 1680 μὲν
1662 1645 1721 1679 ὲρεϊ
1732 1649 1741 1657 ⁵
1753 1642 1826 1677 Σύμ-

1038 1695 1130 1730 σλημα
1145 1694 1227 1721 καλόν
1244 1694 1327 1720 ἐστιν.
1347 1691 1513 1727 Ἰσχύρωσαν
1523 1690 1588 1717 αὐτὸ
1599 1691 1627 1717 ὲν
1639 1690 1714 1725 ἥλοις
1724 1690 1746 1704 ¹¹
1756 1697 1763 1704 ·
1777 1689 1827 1723 θή-

1041 1748 1132 1766 σουσιν
1149 1739 1225 1772 αὐτὸ,
1241 1738 1289 1765 καὶ
1303 1737 1334 1764 οὐ
1347 1737 1533 1772 κινηθήσεται.
1550 1746 1558 1762 ι
1579 1735 1648 1762 υῦτε
1659 1734 1714 1770 γὰρ
1731 1733 1826 1768 στῆναι

1041 1785 1079 1820 μὴ
1092 1784 1275 1819 καθηλωμένα
1295 1783 1318 1799 ⁸³
1335 1783 1473 1814 δύναται,·
1487 1781 1549 1808 οὔτε
1570 1780 1688 1816 βαδίζειν
1708 1779 1746 1815 μὴ
1762 1778 1826 1813 παρ’

1040 1830 1128 1857 ἄλλων
1142 1830 1291 1864 φερόμενα.
1307 1829 1362 1855 Καὶ
1376 1826 1454 1859 αὖθις
1465 1836 1472 1843 τ
1492 1837 1501 1853 ι
1525 1825 1624 1853 Ἰακὼϐ
1646 1827 1660 1852 ό
1680 1826 1743 1856 παῖς
1759 1833 1825 1859 μου*

1040 1875 1222 1910 ἀντιλήψομαι
1235 1874 1317 1901 αὑτοῦ
1332 1874 1365 1900 ’⁸.
1379 1873 1488 1908 Ἰσραὴλ
1498 1873 1512 1899 ό
1523 1871 1651 1903 ἐκλεκτός
1667 1870 1742 1908 [145]
1757 1879 1806 1905 μου
1817 1879 1824 1885 ο

1041 1920 1224 1957 προσεδέξατο
1241 1919 1322 1946 αὑτὸν
1339 1920 1355 1954 ή
1379 1918 1452 1953 ψυχή
1471 1926 1532 1952 μου.
1554 1917 1663 1943 Ἔδωκα
1675 1916 1705 1942 τὸ
1721 1915 1827 1951 πνεῦμά

1043 1975 1092 2001 μου
1110 1966 1153 1992 ἐπ’
1170 1965 1262 1998 αὑτὸν,
1287 1964 1357 2000 [καὶ]
1374 1964 1397 1980 ’⁵
1411 1964 1503 1999 κρίσιν
1518 1965 1574 1994 τοῖς
1593 1962 1697 1989 ἔθνεσιν
1712 1961 1824 1994 ἐξοίσει·

1041 2013 1072 2039 οὐ
1084 2012 1259 2047 κεκράξεται,
1276 2011 1337 2037 οὐδὲ
1356 2010 1462 2046 ἀνήσει,
1479 2009 1539 2036 οὐδὲ
1564 2009 1763 2044 ἀκουσθήσεται
1776 2007 1824 2040 ἔξω

1042 2058 1059 2093 ἡ
1074 2057 1150 2091 φωνὴ
1167 2057 1268 2083 αὐτοῦ·
1288 2052 1412 2091 κάλαμον
1432 2055 1616 2089 τεθλασμένον
1641 2055 1671 2080 οὐ
1691 2054 1825 2086 κατεάξει,

1043 2105 1090 2130 καὶ
1112 2103 1184 2130 λίνον
1213 2103 1412 2137 καπνιζόμενον
1438 2102 1468 2128 οὐ
1491 2101 1602 2127 σϐέσει·
1619 2100 1677 2127 ἀλλ’
1697 2101 1736 2131 είς
1763 2099 1827 2134 ἀλή-

1043 2150 1118 2176 θειαν
1132 2149 1155 2166 ³⁸
1172 2149 1271 2182 ἐξοίσει
1284 2149 1375 2184 κρίσιν
1386 2157 1392 2164 ·
1407 2147 1572 2183 ἀναλάμψει,
1589 2148 1636 2173 καὶ
1650 2147 1680 2173 οὺ
1696 2145 1827 2181 θραυσθῆ-

1045 2204 1131 2228 σεται,
1147 2195 1199 2227 ἓως
1218 2194 1251 2221 ἂν
1268 2195 1301 2229 θῇ
1322 2194 1369 2220 ἐπὶ
1386 2194 1435 2229 τῆς
1452 2194 1504 2227 γῆς
1521 2193 1613 2228 κρίσιν
1625 2201 1632 2208 ·
1658 2192 1705 2219 καὶ
1732 2191 1777 2217 ἐπὶ
1791 2191 1827 2225 τῷ

1035 2241 1156 2276 -όιόματι
1171 2240 1254 2266 αὐτοῦ
1269 2240 1333 2274 ἔθνη
1353 2239 1505 2265 ἐλπιοῦσιν.
1523 2237 1616 2269 Οὕτως
1637 2237 1712 2271 λέγει
1728 2236 1826 2271 Κύριος

1044 2288 1058 2313 6
1074 2287 1139 2318 Θεὸς
1151 2285 1221 2322 [τοῦ]
1235 2286 1256 2301 ¹⁷
1282 2285 1401 2320 Ἰσραὴλ,
1417 2285 1431 2311 6
1454 2285 1571 2319 ποιήσας
1589 2283 1634 2309 τὸν
1650 2282 1764 2318 οὐρανὸν
1784 2281 1827 2308 καὶ

1047 2332 1136 2368 πήξας
1149 2332 1231 2358 αὐτὸν
1243 2332 1280 2364 ’³,
1295 2332 1309 2358 ό
1327 2330 1482 2366 στερεώσας
1493 2329 1540 2365 τὴν
1557 2329 1610 2364 γῆν
1625 2329 1672 2355 καὶ
1690 2327 1724 2353 τὰ
1738 2328 1766 2353 ἐν
1782 2327 1826 2353 αὐ-

204 2375 233 2402 in
254 2375 372 2410 justitia.
389 2375 500 2403 Tenebo
516 2383 627 2403 manum
644 2381 729 2408 tuam,
757 2382 785 2404 ct
807 2378 988 2406 eorroborabn

1045 2379 1078 2413 τῇ
1092 2378 1114 2393 ¹⁹
1128 2397 1135 2408 ,
1152 2377 1200 2403 καὶ
1217 2377 1304 2408 διδοὺς
1323 2376 1407 2413 πνοῂν
1420 2375 1459 2409 τῷ
1471 2374 1529 2409 λοιῷ
1544 2373 1582 2409 τῷ
1606 2373 1650 2399 ἐπ’
1664 2373 1748 2407 αὐτῆς
1761 2393 1767 2403 ,
1785 2372 1826 2398 καὶ

205 2424 243 2447 te.
258 2420 324 2447 Dedi
337 2424 363 2448 te
378 2420 406 2447 in
426 2425 620 2448 testamentum
636 2422 754 2456 generis,
768 2422 796 2449 in
813 2423 906 2450 lumen
924 2431 991 2458 gen-

207 2465 287 2498 tium,
304 2467 412 2502 aperire
428 2467 524 2494 oculos
535 2474 670 2494 caecorum
681 2487 688 2499 ,
712 2468 830 2496 educere
844 2477 860 2496 e
875 2469 992 2496 vinculis

1046 2421 1155 2456 πνεῦμα
1169 2423 1225 2453 τοῖς
1249 2420 1381 2447 πατοῦσιν
1405 2420 1501 2454 αὑτήν.
1523 2418 1594 2452 Ἐγὼ
1617 2417 1717 2452 Κύριος
1740 2418 1753 2442 ό
1767 2415 1826 2446 est;

1047 2468 1164 2494 ἐκάλεσά
1181 2475 1210 2494 σε
1230 2469 1258 2493 ὲν
1274 2466 1432 2501 δικαιοσύνῃ
1442 2473 1449 2480 ·
1473 2465 1520 2492 καὶ
1534 2465 1665 2500 κρατήσω
1678 2464 1726 2498 τῆς
1742 2462 1826 2498 χειρός

246 2530 252 2543 ι
269 2523 322 2551 lsa.
339 2532 402 2556 nu,
420 2525 446 2557 7,
460 2523 486 2551 8.
527 2523 534 2548 ἱ
552 2523 605 2551 isa.
617 2531 691 2558 xxxt,
708 2524 735 2557 6,
754 2526 780 2552 7.
820 2524 831 2543 ¹ι
853 2526 894 2553 [sa
910 2526 1001 2558 κυνί,
1013 2525 1041 2551 7.

858 2607 975 2634 VARI/13
996 2605 1194 2634 LECTIONES.

243 2663 254 2678 '
268 2661 404 2696 εὑρόντες.
421 2659 499 2696 εὗρον
512 2662 557 2688 καὶ
572 2661 601 2688 Β.
642 2661 663 2677 ¹⁸
673 2662 720 2692 τὰς
737 2661 827 2696 μυίας.
840 2662 889 2692 τὰς
903 2669 958 2688 om.
979 2661 1009 2688 Β.
1050 2661 1070 2676 ¹¹
1086 2660 1182 2688 ἄλλων.
1199 2659 1255 2696 τῶν
1272 2659 1402 2696 αλλων-β.
1443 2659 1570 2696 "tanta:
1584 2658 1646 2696 τάδε
1658 2658 1710 2696 γε).
1787 2658 1826 2696 τοῦ

209 2704 265 2723 om.

311 2717 318 2728 ,
332 2696 363 2724 C.
384 2692 507 2723 Mox'ént
519 2704 574 2723 om.
588 2696 617 2722 Β.
642 2695 715 2723 Infra
735 2692 782 2721 τοῦ
797 2703 852 2723 om.
865 2696 895 2723 Ο.
935 2697 956 2712 ’κ
970 2697 984 2722 6
999 2696 1108 2727 Πύθιος.
1134 2697 1149 2722 ό
1164 2702 1218 2721 om.
1237 2695 1267 2722 C.
1307 2695 1328 2710 ”
1343 2694 1444 2720 ἐδίδουν
1457 2693 1530 2724 τούς.
1544 2693 1663 2727 ἑδιδότην
1680 2693 1710 2720 Β.
1750 2693 1771 2708 ¹⁶
1787 2692 1824 2727 βε-

208 2731 394 2764 ϐουλευμένοι.
420 2731 607 2767 βουλευόμενοι
628 2731 659 2767 Ii,
674 2731 723 2767 va.
763 2731 784 2746 ”
802 2730 973 2767 ἀφελοῦνται.
990 2731 1231 2767 ἀπαρνηθνῄσονται
1250 2729 1316 2767 Vb.“
1340 2730 1361 2767 "_’
1373 2730 1407 2755 τὰ
1424 2730 1521 2767 χρυσῇ
1546 2728 1781 2767 τᾲ-χρυσοποίήτα
1799 2729 1826 2767 τὰ

210 2765 722 2827 ἔίζῖιῗτῖίῖἰίμέεξι,πεῗέἒὶοὲἳένῗἕ]
1044 2774 1087 2816 “55'
1096 2764 1271 2827 ιῗὲῖῆαέηξῗίι

211 2799 234 2819 ⁵⁵
249 2801 440 2836 καθηλωμένα.
462 2799 653 2836 καθηλούμενα
675 2799 722 2827 K—
753 2801 777 2816 “
788 2801 880 2828 αὑτοῦ.
895 2801 968 2835 αὐτῷ
985 2801 1015 2828 C.
1045 2799 1078 2816 ⁷⁸⁵
1096 2799 1165 2835 [καὶ]
1181 2807 1236 2826 om.
1251 2799 1280 2826 Β.

211 2845 266 2864 um.
279 2836 308 2865 B.
349 2835 370 2851 "
382 2836 461 2863 αὑτὸν
474 2843 527 2863 om.
548 2835 578 2870 Β,
589 2835 636 2863 ubi
654 2835 806 2871 στερεώσας
821 2837 868 2862 τὸν
885 2836 960 2863 οὖνον
983 2836 1010 2864 ni
1024 2836 1103 2864 fallor
1114 2843 1164 2870 ap.
1181 2843 1216 2861 ιιι.
1255 2836 1277 2849 ’ν

249 2801 440 2836 καθηλωμένα.
462 2800 653 2836 καθηλούμενα

1297 2764 1317 2779 ’ί
1330 2764 1400 2790 τότε.
1420 2762 1484 2789 ποτὲ
1498 2763 1529 2791 C.
1568 2764 1590 2778 "
1606 2764 1690 2798 ἥλοις.
1711 2762 1824 2798 λίθοις

1330 2799 1353 2815 ¹⁶
1369 2799 1508 2833 ἀλήθειαν.
1534 2796 1622 2832 ἀληθῆ
1635 2798 1687 2826 γι).
1726 2798 1748 2813 ’⁷
1764 2796 1826 2834 [τοῦ]

1255 2836 1277 2849 ’ν
1292 2835 1335 2860 ἐπ’
1351 2835 1444 2869 αὐτῆς.
1461 2835 1489 2860 ὲν
1507 2834 1575 2869 αὐτῇ
1595 2834 1624 2861 Β.
