1965 3051
109 169 172 203 1081

441 170 659 201 ῧΒλΕΟΛΙὶυΜ
679 170 829 200 AFFECT.
849 168 890 198 ΟΕ

941 169 1112 201 t'l‘IO.-X.
1134 172 1183 215 DE
1201 172 1398 202 OﬁACULIS.

1666 171 1734 204 1032

107 236 166 260 σου,
182 227 229 253 καὶ
243 225 377 260 ὲνισχύσω
391 234 420 252 σε
431 234 438 242 ’
467 227 514 253 καὶ
534 226 622 252 ἔδωκά.
639 234 668 252 σε
693 226 733 257 εἰς
755 224 888 258 διαθήκην

941 225 1091 261 colligatos,
1106 230 1149 255 et'
1162 235 1176 255 e
1188 228 1270 255 domo
1280 228 1411 255 custodite
1422 227 1549 256 sedentes
1557 228 1585 255 in
1597 229 1730 258 tenebris.

104 271 212 307 γένους,
226 272 266 303 εἰς
280 271 336 306 φῶς
352 271 447 304 ἐθνῶν,
465 271 568 304 ἀνοῖξαι
592 272 749 306 ὁφῦαλμοὺς
771 269 889 305 τυφλῶν,

104 319 251 352 ἐξαγαγεῖν
264 319 296 344 ὲκ
310 318 419 352 δεσμῶν
433 318 603 352 δεδεμένους,
617 318 664 343 καὶ
676 317 706 349 ἐξ
719 317 794 343 οἴκου
807 316 892 350 φυλα-

106 363 158 397 χῆς
172 363 344 398 καῢημένους
367 364 396 389 ὲν
424 363 524 389 σκότει.
559 362 628 396 Ἐγὼ
649 363 750 398 Κύριος
772 364 786 389 ό
813 362 889 393 Θεός.

105 408 191 434 Τοῦτό
206 408 249 443 μοί
265 408 287 424 ³ο
300 409 373 434 ἐστιν
394 408 490 443 δνομα.
518 408 574 444 Τὴν
590 408 670 441 δόξαν
688 416 738 443 μου
762 407 846 442 ἑτέρῳ
859 407 889 433 οὐ

105 451 192 484 δώσω,
207 452 267 478 οὐδὲ
279 452 328 483 τὰς
343 453 443 487 ἀρετάς
461 461 512 487 μου
530 454 586 484 τοῖς
606 452 745 487 γλυπτοῖς,
767 462 775 478 ι
799 452 819 478 Τ
821 453 890 479 αὕτα

104 498 119 523 ὁ
131 498 185 524 τῶν
196 498 264 524 ὅλων
281 498 346 529 Θεὸς
360 498 426 533 πρὸς
434 498 480 524 τὺν
495 498 636 532 Δεσπότην
649 497 765 533 Χριστὸν
775 497 812 529 ῶς
822 497 890 532 πρὸς

104 542 248 577 ἄνθρωπον
265 543 335 578 ἔφη,
358 543 411 569 ἀπὸ
431 544 481 578 τῆς
495 543 637 578 ὁρωμένης
659 543 766 577 φύσεως
794 541 889 568 Ἰακὼσ

105 587 185 614 αὑτὸν
198 587 245 614 καὶ
265 588 372 623 Ἰσραὴλ
381 589 518 623 ὀνομάσας
527 597 535 605 ·
550 589 579 622 eg
592 589 696 615 ἐκείνου
709 588 763 623 γὰρ
773 588 805 623 δὴ
819 587 889 614 κατὰ

105 633 195 668 σάρκα
204 633 250 659 τοῦ
267 634 362 667 γένους
376 634 504 665 ἀνέτειλε,
523 635 571 660 καὶ
585 634 686 667 ἔδειξεν
700 634 782 660 αὑτοῦ
795 633 889 667 σαφῶς

103 678 152 713 τὴν
168 679 320 714 πραότητα,
332 679 380 706 καὶ
394 679 444 714 τὴν
457 679 660 714 μακροθυμίαν,
713 679 890 714 παροινούμε-

103 731 149 755 νος
168 725 233 758 παρ’
265 725 400 751 Ἰουδαίων
414 726 558 760 ἐχρήσατο.
583 725 684 751 Τοῦτον
701 726 740 756 εἰς
756 725 889 759 διαθήκην

103 769 154 804 ἔφη
167 769 277 804 δοθῆναι
291 770 338 796 τοῦ
355 770 461 804 γένους.
477 771 531 797 Καὶ
545 771 600 806 γὰρ
616 773 673 802 τοῖς
693 771 887 806 πατριάρχαις,

103 816 151 841 καὶ
176 816 267 847 αὐτοῖς
295 816 443 850 Ἰουδαίοις,
461 817 510 852 τὴν
524 817 557 843 δι’
575 817 658 843 αὑτοῦ
684 816 822 851 σωτηρίαν
837 817 889 842 ὺπ-

104 860 208 894 έσχετο.
226 861 297 896 Ἔφη
311 861 338 887 δὲ
355 861 435 887 αὐτὸν
451 862 498 888 καὶ
510 862 549 893 εἰς
564 861 622 896 φῶς
637 861 722 888 ἐθνῶν
736 862 887 893 ἀνατεῖλαι,

104 908 173 934 ὥστε
186 909 239 935 τῶν
252 909 360 943 τυφλῶν
380 909 484 942 ἀνοῖξαι
503 910 564 940 τοὺς
579 909 746 944 ὀφθαλμοὺς,
763 909 810 936 καὶ
833 908 888 935 τῶν

103 953 299 989 πεπεδημένων
314 954 347 981 τὰ
361 954 449 989 δεσμὰ
465 954 607 990 διαρρῆξαι
620 975 627 987 ,
655 954 702 980 καὶ
719 955 782 985 τοὺς
798 955 827 980 ὲν
848 953 889 989 τῷ

105 999 179 1034 ζόφῳ
191 1000 240 1035 τῆς
251 1000 362 1033 ἀγνοίας
374 1001 412 1032 ὡς
427 1001 456 1026 ὲν
477 1001 572 1035 εἱρκτῇ
590 999 762 1035 καθημένους
783 998 889 1025 ἐλευθε-

106 1045 192 1081 ρῶσαι
206 1045 252 1071 τοῦ
278 1045 400 1077 σκότους.
419 1045 441 1071 Τ
444 1045 544 1079 υφλοὺς
561 1046 589 1071 δὲ
615 1046 663 1071 καὶ
683 1044 888 1079 πεπεδημένους

104 1091 153 1118 καὶ
166 1092 195 1118 ὲν
220 1092 311 1118 σκότει
337 1091 508 1126 καθημένους
524 1091 587 1122 τοὺς
609 1091 657 1126 τῆς
677 1091 698 1107 ³⁸
714 1090 825 1125 ἀγνοίας
838 1090 889 1124 τὴν

105 1137 188 1172 ἀχλὺν
203 1137 412 1172 περικειμένους
429 1136 552 1167 ἐκάλεσε,
570 1136 616 1162 καὶ
628 1137 691 1168 τοὺς
704 1137 764 1167 ταῖς
783 1137 887 1171 σειραῖς

103 1183 154 1217 τῆς
174 1183 310 1217 ἁμαρτίας
324 1182 540 1217 πεπεδημένους.
555 1182 616 1208 ’Ότι
628 1181 655 1208 δὲ
668 1183 730 1213 τοὺς
741 1182 780 1217 τῷ
795 1182 888 1218 πλάνῳ

104 1228 154 1263 τῆς
179 1228 387 1261 δεισιδαιμονίας
410 1227 626 1262 δεδουλωμένους
644 1227 730 1259 οὕτως
751 1228 887 1262 ὠνόμασε,

106 1274 241 1308 μαρτυρεῖ
256 1272 289 1299 τὰ
303 1273 375 1307 ἑξῆς.
390 1282 399 1298 t
429 1272 499 1306 Ἐγὼ
509 1273 574 1307 γὰρ,
593 1271 655 1307 ἔφη,
673 1272 774 1307 Κύριος
789 1273 887 1303 ὁθεός·

103 1319 182 1346 τοῦτό
200 1318 244 1353 μοί
261 1318 283 1334 ³¹
305 1319 380 1344 ἐστιν
401 1318 502 1352 δνομα’
524 1318 573 1352 τὴν
587 1317 665 1350 δόξαν
684 1326 734 1352 μου
758 1319 843 1353 ἑτέρῳ
857 1318 887 1345 οὗ

103 1363 193 1396 δώσω,
209 1365 269 1391 οὐδὲ
289 1363 338 1395 τὰς
359 1363 458 1398 ἀρετάς
485 1371 535 1398 μου
551 1364 607 1394 τοῖς
626 1363 765 1396 γλυπτοῖς.
784 1373 792 1389 ι
813 1365 888 1398 ’Ἅμα

103 1418 135 1437 τε
147 1409 202 1445 γὰρ
222 1409 342 1444 ἐπεφάνη
362 1409 409 1435 καὶ
425 1408 474 1442 τῆς
499 1408 685 1444 προσηγορίας
707 1409 805 1441 αὐτοὺς
827 1410 889 1444 ἐγύ-

107 1464 213 1492 μνωσεν
226 1477 234 1484 ,
259 1455 291 1489 ἣν
310 1454 482 1489 ἁρπάσαντες
505 1454 612 1485 ἑαυτοῖς
632 1454 802 1489 περιέθεσαν.
834 1455 888 1481 Καὶ

108 1503 166 1536 μετ’
186 1501 263 1535 ὀλίγα
276 1499 403 1527 δὲταῦτα
415 1499 497 1526 πάλιν
511 1500 534 1516 ⁸³
546 1499 598 1534 ἔφη
610 1507 616 1514 ·
636 1509 646 1525 ι
671 1500 773 1536 Κύριος
795 1501 809 1527 ὁ
823 1501 887 1532 Θεὸς

105 1546 159 1573 τῶν
187 1546 328 1580 δυνάμεων
350 1545 519 1577 ἐξελεύσεται
539 1544 684 1580 συντρῖψαι
708 1545 825 1580 πόλεμον
842 1546 889 1572 καὶ

106 1593 247 1627 ἐπεγεῖραι
262 1591 352 1626 ζῆλον,
371 1591 416 1618 καὶ
432 1591 559 1626 βοήσεται
574 1591 620 1617 ἐπὶ
635 1591 698 1622 τοὺς
711 1591 826 1625 ἐχθροὺς
842 1592 891 1618 αὐ-

106 1637 152 1664 τοῦ
177 1637 244 1673 μετὰ
265 1637 367 1672 ἰσχύος.
383 1647 392 1662 ν
409 1637 524 1663 Ἔπειτα
552 1635 670 1663 διδάσκει
693 1635 719 1662 τί
738 1637 836 1671 δήποτε
854 1637 891 1673 μὴ

106 1681 188 1709 πάλαι
201 1681 278 1708 τοῦτο
293 1681 436 1716 πεποίηκε,
452 1681 496 1707 καί
512 1689 592 1716 φησιν
604 1689 610 1696 ·
633 1690 642 1707 ι
665 1681 822 1716 Ἐσιώπησα
837 1682 891 1709 ἀπὸ

106 1726 204 1758 αἰῶνος
214 1735 221 1741 ·
235 1726 272 1762 μὴ
288 1727 335 1753 καὶ
349 1726 392 1753 ἀεὶ
405 1727 579 1761 σιωπήσομαι
590 1726 637 1752 καὶ
652 1727 797 1762 ἀνέξομαι;
810 1728 892 1762 ἐκαρ-

105 1773 212 1808 τέρησα
228 1772 266 1804 ὼς
280 1773 296 1807 ή
314 1772 457 1798 τίκτουσα·
472 1771 583 1805 ἐκφανῶ
597 1772 641 1798 καὶ
662 1772 788 1807 ὲκστήσω
802 1772 823 1788 ³⁸
844 1773 892 1800 κοιλ¹

107 1817 217 1853 ξηρανῶ
232 1817 300 1852 ἅμα.
317 1827 326 1844 ι
347 1818 467 1843 Κὰκεῖνα
481 1817 509 1844 δὲ
531 1817 732 1852 μακροθυμίας,
746 1818 792 1843 καὶ
806 1818 892 1844 ταῦτα

107 1863 321 1898 φιλανθρωπίας.
337 1863 531 1898 Μακροθυμῶν
544 1863 599 1897 γὰρ
610 1863 638 1895 ἐξ
655 1863 742 1898 ἀρχῆς
762 1864 813 1889 οὐκ
832 1863 893 1889 ἐκό-

106 1909 203 1936 λασεν·
229 1907 288 1935 εἶτα
311 1909 397 1943 φειδοῖ
420 1908 591 1943 χρησάμενος
611 1908 675 1939 τοὺς
699 1908 892 1943 πλανωμένους

107 1955 230 1986 ἐκάλεσε,
240 1954 286 1981 καὶ
299 1954 361 1984 τοὺς
376 1953 534 1985 πλανῶντας
546 1954 700 1980 ἐσκέδασεν.
724 1963 732 1979 ι
752 1953 893 1989 Ἐκστήσω

106 2001 172 2035 γὰρ,
189 2000 266 2035 φησὶ,
280 1999 327 2026 καὶ
340 1999 448 2034 ξηρανῶ
464 1999 522 2034 ἅμα
534 2008 540 2013 ’
553 1999 690 2034 ἑρημώσω
704 1999 756 2035 ὅρη
770 2001 815 2026 καὶ
830 2000 892 2035 βου-

107 2046 180 2079 νοὺς,
197 2045 243 2072 καὶ
258 2045 332 2081 θήσω
342 2046 486 2080 ποταμοὺς
503 2046 542 2076 εἰς
559 2046 667 2080 νήσους,
686 2046 732 2072 καὶ
742 2045 788 2081 ἕλη
810 2046 892 2082 ξηρα-

107 2091 156 2119 νῶ.
176 2101 185 2117 ›
200 2091 248 2118 Διὰ
264 2091 292 2117 δὲ
307 2090 409 2117 τούτων
424 2090 458 2117 τὰ
477 2093 505 2116 ἐν
518 2091 622 2122 τούτοις
636 2090 735 2126 τεμένη
750 2091 804 2118 τῶν
817 2091 893 2118 είδώ-

107 2137 161 2165 ’λων
177 2136 253 2173 [146]
269 2137 403 2171 ἐμήνυσεν
417 2137 451 2167 ³υ,
463 2137 538 2174 ,ἅπερ
557 2138 698 2171 ἐπιφανεὶς
714 2138 892 2171 καταλέλυκε,

108 2183 155 2211 καὶ
173 2183 250 2217 δίκην
266 2183 343 2213 ἕλους
359 2182 489 2218 ἐξήρανε·
508 2193 516 2208 ι
535 2183 589 2209 Καὶ
607 2182 662 2215 ἄξω
676 2183 793 2217 τυφλοὺς
806 2183 893 2219 ἐνδιδῷ

942 271 998 305 Ego
1010 271 1142 299 Dominus
1161 273 1234 300 Deus
1251 281 1257 300 :
1274 273 1326 300 hoc
1347 273 1414 300 mihi
1429 277 1471 300 est
1485 281 1594 301 nomen.
1611 274 1730 303 Gloriam

942 324 1029 344 meam
1043 317 1121 344 alteri
1132 326 1187 345 non
1202 317 1283 350 dabo,
1301 326 1388 353 neque
1401 319 1518 346 virtutes
1532 327 1606 347 meas
1618 321 1730 356 sculpti-

941 361 1023 388 libus.
1042 371 1051 387 ›
1073 362 1121 389 His
1136 363 1227 390 verbis
1240 363 1431 390 universorum
1446 364 1519 391 Deus
1529 364 1667 392 Christum
1679 367 1730 394 Do-

941 408 1046 434 minum
1061 412 1091 434 ut
1109 409 1248 436 hominem
1263 410 1398 437 allocutus
1411 415 1463 441 est,
1481 419 1514 437 ex
1527 412 1674 446 conspicua
1686 414 1729 440 vi-

941 452 1070 488 sibilique
1082 458 1178 481 natura
1189 454 1270 481 Iacob
1286 455 1362 482 illum
1373 460 1401 482 et
1417 456 1505 483 Israel
1517 457 1665 491 appellans.
1688 459 1729 485 Ex

940 505 972 525 ea
1002 499 1075 526 enim
1103 500 1230 535 prosapia
1253 501 1405 528 secundum
1429 510 1538 529 carnem
1568 508 1646 530 natus
1675 509 1728 531 est.

940 544 1120 580 Ostenditque
1147 547 1207 581 ejus
1226 547 1465 575 mansuetudinem
1490 553 1517 575 et
1540 549 1726 583 tolerantiam,

939 598 993 625 qua
1007 599 1073 618 usus
1086 597 1137 624 est,
1150 600 1211 619 cum
1226 593 1284 628 ipse
1295 599 1329 620 an
1340 593 1441 620 Judteis
1455 594 1627 622 illudcretur.
1649 596 1727 623 llune

940 635 1031 671 itaque
1055 637 1094 664 ait
1121 637 1150 664 in
1173 642 1365 666 testamentum
1381 639 1491 673 generis
1516 640 1609 667 datum
1632 640 1726 673 fuisse,

939 681 1102 715 patriarchis
1115 681 1189 708 enim
1206 686 1233 709 et
1248 683 1350 710 Judazis
1366 683 1433 718 ipsis
1452 691 1501 718 per
1523 683 1596 710 hunc
1611 685 1727 711 salutem

939 734 969 753 se
981 726 1108 753 daturum
1124 728 1258 762 promisit.
1275 728 1320 755 Ait
1344 736 1410 755 vero
1425 733 1452 755 et
1471 729 1544 755 hunc
1554 729 1682 756 eumdem
1700 730 1728 756 in

939 771 1031 799 lumen
1045 773 1167 807 gentium
1189 777 1315 800 exortum
1335 781 1395 801 esse
1405 794 1412 806 ,
1436 779 1466 801 ut
1481 782 1617 801 caecorum
1631 775 1728 801 oculos

939 818 1067 852 aperiret,
1075 819 1237 854 vinculaque
1243 820 1413 854 captivorum
1420 819 1590 854 dilfringeret
1597 819 1603 838 ί
1610 840 1616 852 ,
1624 828 1727 855 eosque

939 863 986 897 qui
1000 864 1027 890 in
1044 864 1164 891 tenebris
1176 865 1336 899 ignorantia:
1347 869 1474 900 tanquam
1489 865 1516 892 in
1530 873 1639 892 carcere
1651 866 1728 894 sede-

941 909 1016 940 bant,
1034 917 1049 936 a
1063 909 1334 937 tenebrisliberaret.
1352 910 1445 939 Ctecos
1456 916 1548 938 autem
1564 915 1592 938 et
1608 911 1726 943 vinctos,

941 960 1022 990 atque
1038 956 1066 982 in
1080 956 1203 984 tenebris
1225 957 1364 989 sedentes,
1377 957 1446 984 dixit
1465 965 1523 989 eos,
1547 957 1594 991 qui
1611 957 1727 992 caligine

941 1000 1101 1034 ignorantia:
1123 1001 1248 1034 obsessi,
1265 1005 1496 1036 peccatorumque
1523 1001 1626 1028 catenis
1642 1002 1728 1028 vineti

942 1045 1114 1072 tenebantur.
1131 1045 1209 1079 Quod
1221 1054 1287 1074 vero
1305 1047 1344 1074 sic
1365 1047 1509 1081 appellarit
1521 1054 1568 1074 eos
1584 1047 1631 1081 qui
1651 1047 1728 1079 vanis

940 1091 1183 1125 superstitionibus
1205 1092 1371 1125 serviebant,
1400 1097 1536 1119 testantur
1558 1100 1589 1119 ea
1607 1100 1666 1127 qure
1682 1100 1727 1119 se-

940 1140 1064 1171 quuntur
1079 1145 1086 1163 :
1107 1146 1116 1162 ι
1135 1137 1191 1172 Ego
1202 1138 1287 1170 enim,
1302 1137 1401 1173 inquit,
1416 1138 1549 1165 Dominus
1564 1138 1637 1165 Deus
1655 1147 1660 1164 :
1675 1138 1727 1164 hoc

940 1184 1019 1218 971
1037 1183 1104 1210 mihi
1116 1187 1157 1210 est
1180 1191 1291 1210 nomen.
1309 1183 1428 1211 Gloriam
1452 1192 1541 1210 meatu
1566 1184 1646 1211 alteri
1672 1192 1727 1211 non

940 1229 1022 1262 dabo,
1042 1237 1130 1264 neque
1142 1229 1258 1257 virtutes
1269 1237 1344 1257 meas
1362 1230 1536 1265 sculptilibus
1545 1235 1575 1258 ιιι.
1595 1240 1603 1256 ι
1620 1231 1727 1258 Etenim

940 1275 1066 1309 protinus
1083 1279 1112 1301 ut
1127 1275 1154 1302 in
1163 1283 1245 1302 carne
1259 1275 1399 1310 apparuit,
1420 1284 1452 1303 ea
1480 1276 1618 1303 daemonas
1642 1276 1729 1302 nuda-

940 1321 979 1347 vit
991 1321 1188 1356 appellatione,
1202 1329 1284 1356 quam
1298 1321 1350 1348 sibi
1364 1326 1468 1356 raptam
1484 1322 1681 1356 imposuerant.
1695 1321 1729 1348 Et

940 1370 1003 1400 post
1013 1373 1098 1400 pauca
1111 1375 1207 1394 rursus
1222 1367 1280 1394 hac
1293 1367 1331 1394 ait
1347 1376 1353 1394 :
1371 1376 1380 1392 ι
1400 1367 1532 1394 Dominus
1551 1366 1622 1393 Deus
1639 1366 1728 1392 virtu-

942 1416 998 1438 tum
1011 1412 1168 1446 egredietur
1192 1417 1222 1439 ut
1245 1417 1369 1440 conterat
1390 1413 1504 1444 bellum,
1528 1417 1555 1440 et
1579 1413 1729 1440 exsuscitet

941 1457 1042 1489 zelum,
1057 1461 1085 1485 et
1097 1458 1227 1485 clamabit
1241 1458 1372 1486 adversus
1385 1458 1512 1485 inimicos
1527 1466 1592 1486 suos
1603 1466 1665 1485 eum
1682 1466 1722 1485 ro-

942 1503 1008 1531 bore
1022 1508 1046 1530 n.
1063 1513 1072 1528 ι
1093 1504 1177 1531 Docet
1192 1509 1283 1531 autem
1298 1512 1382 1539 quare
1397 1505 1449 1532 hoc
1467 1505 1532 1532 olim
1550 1512 1606 1531 non
1621 1504 1729 1533 fecerit.

943 1549 990 1576 Ait
1003 1550 1096 1584 itaque
1114 1558 1119 1575 :
1138 1559 1146 1575 ι
1166 1549 1249 1577 Tacui
1269 1558 1283 1577 a
1300 1550 1411 1582 saeculo,
1425 1550 1549 1585 nunquid
1564 1558 1672 1585 semper
1687 1555 1728 1577 ta-

942 1595 1010 1622 cebo
1026 1599 1054 1622 et
1077 1595 1224 1622 tolerabo?
1244 1595 1367 1622 Sustinui
1389 1600 1519 1630 tanquam
1543 1596 1643 1623 mulier
1669 1603 1730 1630 qua:

941 1640 1069 1674 parturit,
1085 1640 1267 1668 manifestabo
1279 1660 1286 1672 ,
1306 1645 1335 1668 et
1361 1640 1500 1676 dissipabo
1511 1661 1518 1673 ,
1533 1645 1560 1668 et
1585 1641 1730 1668 exsiceabo

941 1685 1022 1713 simul
1034 1689 1057 1712 °.
1071 1695 1079 1710 ι
1097 1685 1265 1713 Suntautem
1276 1686 1360 1713 verba
1373 1686 1418 1713 illa
1432 1686 1658 1721 longanimitatis,
1672 1687 1730 1714 lucc

941 1737 1007 1757 vero
1023 1730 1211 1757 humanitatis.
1229 1730 1337 1757 Patiens
1348 1731 1421 1758 enim
1440 1731 1513 1758 Deus
1530 1730 1563 1757 ab
1577 1731 1655 1758 initio
1674 1739 1730 1758 non

941 1776 1033 1811 puniit
1046 1785 1052 1803 :
1070 1780 1162 1810 postea
1173 1781 1276 1809 autem,
1288 1784 1350 1803 cum
1359 1777 1414 1812 jam
1432 1777 1498 1804 satis
1511 1777 1670 1804 hominibus
1684 1785 1731 1812 pe-

941 1821 1085 1856 percisset,
1101 1825 1225 1848 errantes
1245 1821 1278 1847 ad
1300 1829 1329 1848 se
1340 1821 1457 1853 vocavit,
1471 1825 1554 1857 atque
1575 1830 1623 1849 eos
1639 1822 1686 1857 qui
1701 1822 1730 1849 in

942 1874 1065 1894 errorem
1079 1866 1226 1898 ducebant,
1245 1866 1383 1900 dispersit.
1402 1875 1410 1890 ι
1428 1865 1571 1900 Dissipabo
1581 1867 1665 1898 enim,
1687 1867 1730 1893 in-

942 1912 1013 1948 quit,
1028 1915 1055 1938 et
1072 1911 1216 1938 exsiccabo
1238 1911 1328 1938 simul.
1347 1920 1356 1936 ι
1386 1911 1437 1937 Et:
1454 1920 1463 1936 ι
1483 1911 1611 1942 Desertus
1632 1910 1730 1939 faciam

943 1960 1051 1983 montes
1068 1960 1093 1983 et
1109 1955 1193 1983 colles
1214 1963 1220 1981 :
1239 1955 1336 1982 faciam
1350 1961 1383 1981 ex
1401 1953 1491 1980 ﬂuviis
1508 1954 1621 1985 insulas,
1641 1958 1668 1980 et
1681 1961 1730 1988 pa-

943 2000 1022 2028 ludes
1038 2000 1183 2027 arefaciam
1205 2005 1228 2026 P.
1249 2009 1258 2025 ›
1273 1999 1378 2032 Quibus
1395 2007 1459 2026 sane
1480 2000 1573 2027 verbis
1594 1999 1730 2027 idolorum

944 2045 1058 2074 delubra
1071 2045 1243 2081 significavit,
1257 2053 1318 2080 quas
1330 2045 1357 2071 in
1370 2046 1378 2055 ⁶
1400 2045 1534 2080 ejusmodi
1555 2045 1623 2072 locis
1640 2050 1729 2072 erant.

944 2091 1008 2119 Ilaec
1024 2091 1098 2118 enim
1125 2091 1228 2123 omnia,
1247 2094 1390 2125 postquam
1409 2090 1553 2124 apparuit,
1583 2089 1731 2117 demolitus

943 2142 995 2169 est,
1013 2141 1040 2164 et
1058 2141 1187 2172 tanquam
1209 2136 1322 2171 paludes
1337 2135 1459 2163 arefecit.
1473 2135 1557 2162 Addit
1578 2140 1729 2170 praeterea:

948 2193 957 2208 ι
975 2184 1009 2211 Et
1020 2183 1118 2210 ducam
1130 2191 1215 2210 caseos
1233 2182 1261 2209 in
1281 2182 1351 2208 viam
1366 2189 1447 2216 quam
1472 2180 1639 2213 nescierunt,
1654 2184 1682 2206 et
1702 2179 1731 2206 in

109 2225 126 2263 ᾔ
140 2228 189 2254 οὐκ
206 2227 315 2263 ᾔδεισαν
333 2227 355 2243 ³⁸
368 2235 375 2242 ·
393 2227 441 2253 καὶ
452 2227 559 2262 τρίϐους
571 2227 603 2258 ἃς
617 2228 667 2254 οὐκ
682 2228 802 2262 ἔγνωσαν
814 2229 890 2263 ποιή-

945 2230 1050 2257 semitis
1070 2237 1139 2264 quas
1163 2236 1217 2255 non
1234 2231 1440 2263 cognoverunt,
1467 2226 1607 2253 ambulare
1628 2233 1676 2252 eos
1689 2225 1731 2252 fa-

109 2281 149 2300 σω
172 2273 292 2307 πατῆσαι
312 2272 419 2303 αὐτούς.
439 2281 448 2297 ι
476 2272 605 2305 Ἦγνόουν
628 2273 681 2307 γὰρ
706 2272 754 2308 [οἱ]
771 2274 793 2289 ³⁷
810 2273 893 2300 πάλαι

108 2317 280 2352 πλανώμενοι
296 2316 345 2351 τὴν
360 2316 408 2350 τῆς
426 2310 621 2350 ἀὶιηθείαςίόδόν
631 2326 637 2333 ·
660 2316 788 2351 ξεναγοὺς
803 2318 831 2344 δὲ
847 2318 894 2344 καὶ

109 2361 243 2395 ποδηγοὺς
259 2361 306 2387 καὶ
317 2360 409 2394 μέντοι
421 2360 467 2387 καὶ
477 2362 660 2395 φωταγωγοϋς
676 2362 822 2397 ἐσχηκότες
832 2363 894 2395 τοὺς

109 2404 285 2437 ἀποστόλους,
301 2404 443 2431 κατέλιπον
462 2404 511 2439 μὲν
523 2405 570 2431 τοῦ
591 2405 690 2432 πλάνου
705 2405 754 2437 τὰς
771 2407 891 2442 τρίϐους,

110 2451 266 2484 ἐπέγνωσαν
278 2450 306 2476 δὲ
319 2450 367 2484 τὴν
379 2450 427 2484 τῆς
447 2450 575 2484 ἀληθείας
598 2451 667 2479 ὀδόν.
684 2460 693 2476 t
718 2452 826 2487 Ποιήσω
845 2454 894 2479 αὺ-

110 2500 165 2529 τοῖς
175 2498 204 2524 τὸ
219 2498 312 2527 σκότος
325 2496 364 2527 είς
379 2495 445 2530 φῶς,
464 2496 510 2521 καὶ
524 2496 558 2522 τὰ
575 2497 668 2523 σκολιὰ
684 2498 723 2528 εἰς
747 2499 863 2525 εὐθεῖαν.
882 2509 891 2525 ι

117 2543 189 2570 Ἀντὶ
209 2543 264 2578 γὰρ
281 2543 313 2577 δὴ
338 2541 384 2567 τοῦ
399 2541 422 2558 ⁸⁸
446 2542 577 2577 προτέρου
592 2543 712 2576 σκότους,
737 2544 784 2570 τοῦ
801 2544 893 2580 νοεροῦ

946 2275 1015 2302 ciam
1028 2279 1052 2301 ιι.
1073 2285 1081 2299 ι
1100 2273 1241 2308 Siquidem
1257 2273 1321 2299 olim
1334 2272 1503 2302 aberrantes,
1523 2271 1595 2297 viam
1608 2269 1732 2297 veritatis

946 2319 1114 2346 nesciebant.
1135 2318 1214 2345 Nacti
1230 2325 1296 2344 vero
1311 2316 1448 2351 apostolos
1470 2316 1593 2350 hospites
1605 2335 1612 2347 ,
1632 2314 1731 2346 duces,

946 2364 1070 2398 lucisque
1088 2363 1238 2394 ministros,
1250 2361 1352 2389 erroris
1373 2360 1485 2387 semitas
1502 2360 1685 2393 reliquerunt,
1704 2363 1734 2386 et

946 2409 1018 2435 viam
1033 2407 1155 2435 veritatis
1168 2410 1348 2442 agnoverunt.
1372 2415 1380 2430 ι
1398 2405 1506 2432 Faciam
1528 2404 1593 2438 ipsis
1606 2403 1736 2430 tenebras

948 2454 976 2481 in
989 2454 1071 2488 972
1086 2453 1187 2485 lucem,
1200 2457 1228 2479 et
1242 2460 1303 2487 qua:
1315 2451 1511 2485 suntebliqua,
1526 2450 1552 2476 in
1569 2453 1675 2477 rectum
1686 2453 1709 2476 τ.
1720 2457 1729 2474 ι

947 2501 1000 2528 Pro
1019 2499 1141 2527 tenebris
1154 2499 1238 2530 enim,
1262 2497 1362 2532 quibus
1385 2500 1465 2523 antea
1480 2495 1595 2522 involuti
1613 2495 1733 2526 fuerant,

946 2545 1133 2574 intellectuale
1149 2545 1242 2571 lumen
1259 2542 1430 2578 percipiunt,
1445 2540 1603 2576 relictisque
1614 2539 1736 2574 obliquis

147 2619 159 2640 ι
176 2621 227 2649 Isa.
247 2629 311 2654 nn,
326 2620 382 2648 1-8.
420 2625 440 2639 ιυ
458 2620 525 2648 ibid.
540 2621 566 2648 8.
605 2626 618 2640 ιτ
634 2621 700 2649 ibid.
724 2622 765 2649 15.
804 2626 817 2640 ο
829 2623 886 2650 ibid

941 2624 955 2650 ί.
994 2628 1008 2648 ι)
1021 2621 1089 2649 ibid.
1106 2622 1148 2649 15.
1185 2625 1199 2646 ‘1
1214 2619 1280 2647 ibid.
1298 2619 1341 2646 16.
1378 2624 1388 2638 ι’
1410 2618 1477 2645 ibid.

298 2677 301 2678 ⁷
764 2687 880 2715 unus
900 2688 1104 2717 LECTIONES.

146 2755 169 2794 ’.ο
186 2754 347 2794 conponi}.
403 2755 424 2794 ³]
441 2755 627 2794 τῆς-ευρτεες.
644 2756 674 2783 Β.

718 2757 739 2772 ³³
757 2766 811 2791 μοι.
831 2766 880 2792 μου
897 2758 927 2784 Β.
965 2758 988 2774 ³³
1006 2754 1095 2791 ὀλίγον
1112 2758 1139 2784 δὲ
1154 2757 1234 2783 πάλιν
1251 2755 1345 2783 ταῦτα.
1364 2756 1441 2792 ὀλίγα
1457 2755 1484 2781 δὲ
1501 2754 1586 2781 ταῦτα
1603 2753 1684 2792 πάλιν
1702 2754 1733 2782 Β.

112 2789 134 2828 ³)
153 2790 261 2823 ἐκφανῶ
276 2789 474 2828 καὶΑὲκστήσω.
492 2789 575 2823 ἴσως,
594 2791 712 2828 ὲμφῳξιῶ
731 2789 778 2817 καὶ
794 2789 911 2828 ἐκτήσω.
933 2792 985 2819 Sed
999 2789 1151 2828 impressus
1161 2801 1214 2819 non
1228 2792 1310 2828 habet
1322 2790 1451 2828 ἐμφωνῶ,
1466 2797 1527 2817 cum
1540 2794 1630 2828 tamen
1641 2789 1733 2815 Theo-

112 2824 224 2850 dorclus
251 2829 279 2850 et
300 2824 370 2850 infra
396 2829 534 2858 agnoscat.
563 2824 620 2853 uns’.

113 2858 221 2894 ᾕδεισαν
235 2858 264 2886 Β.
319 2859 342 2874 ³⁷
360 2858 406 2894 [οι]
423 2867 476 2886 om.
493 2859 523 2886 C.
576 2861 596 2876 ‘”'
611 2861 642 2896 δὴ
657 2858 760 2898 τοῦᾞδῆ
776 2870 830 2889 om.
847 2862 876 2889 Β.

663 2826 716 2863 πρέ
722 2826 859 2863 μήνυσενς
871 2826 1056 2863 ἐμνημόνευσε
1063 2839 1072 2850 -κ
1094 2827 1144 2855 Vb.

1195 2828 1216 2843 ³6
1233 2824 1343 2862 ἤδεισαν
1358 2824 1391 2845 '—
1411 2826 1540 2860 ἔγνωσαν.
1568 2824 1732 2859 ἔγνωσαν-
