1965 3051
235 137 305 171 ῐο83

719 145 972 179 ,ΤΗΕΟΒΟΗΕΤΙ
990 145 1160 177 EPISCOPI
1179 149 1361 181 CYRENSIS

1793 153 1867 186 1084

232 198 349 232 sentitis,
365 183 444 228 recta
450 200 591 228 incedunt.
605 201 669 228 Post
683 201 741 229 haec
752 209 828 233 vero,
841 203 918 238 quasi
931 202 1018 230 adhuc

1072 204 1159 238 φωτὸς
1177 205 1355 239 ἀπολαύουσι,
1369 207 1417 233 καὶ
1438 206 1487 238 τὰς
1503 207 1723 243 διεστραμμένα(
1748 210 1865 236 καταλι-

232 249 359 272 errantes
380 245 503 280 increpat
517 255 523 272 :
543 255 552 270 ι
566 246 772 274 Confundimini
789 248 961 281 confusione,
977 249 1024 283 qui

233 288 371 315 conﬁditis
390 289 418 315 in
432 289 616 324 sculptilibus,
645 291 692 325 qui
710 291 896 320 conﬂatilibus
911 292 1021 321 dicitis:

234 333 288 360 Vos
300 333 366 360 estis
381 333 420 360 dii
432 334 518 361 nostri
535 339 558 361 ³.
578 344 587 360 ι
604 335 638 362 Ει
662 341 725 371 post
741 344 828 371 pauca
843 347 849 364 :
866 347 874 363 ι
888 339 958 366 Ecce
973 347 1024 375 ego

233 377 303 405 facio
316 386 386 406 nova
399 387 460 414 qua:
473 388 546 407 nunc
558 381 692 414 orientur,
709 387 737 410 et
748 384 919 418 cognoscetis
931 392 978 417 ea;
996 389 1024 413 et

233 422 328 450 l'aciam
344 423 371 450 in
387 424 497 452 deserto
508 426 590 458 viam,
606 432 634 454 et
646 427 673 454 in
689 428 761 455 sicco
771 429 901 457 ﬂumina:
920 434 950 457 ut
960 430 1024 458 dem

232 472 327 502 potum
337 471 431 504 generi
443 478 504 498 meo
520 472 618 504 electo,
638 477 666 499 et
682 475 784 508 populo
795 483 877 510 quem
889 477 1022 510 acquisivi

232 512 311 545 mihi,
334 519 364 541 ut
392 521 504 543 enarret
527 517 643 545 virtutes
658 519 764 546 meas'.
783 529 791 546 ι
818 520 910 548 Genus
931 527 1021 549 autem

231 564 313 585 suum
327 568 401 587 nunc
412 561 559 595 appellavit
573 571 621 590 eos
637 564 684 598 qui
700 565 887 599 crediderunt,
903 575 1021 601 quorum

233 602 291 637 ipse
310 603 345 630 ob
357 609 526 640 assumptam
547 607 745 636 humanitatem
763 611 964 646 primogenitus
976 613 1020 640 di-

231 653 292 674 ctus
304 653 355 675 est.
369 648 446 682 Quod
459 659 525 678 vero
537 651 570 678 dc
586 653 715 687 gentihus
730 654 788 682 haec
802 655 912 689 dixerit,
925 661 1019 684 osten-

231 692 301 720 dunt
313 701 373 728 quae
381 700 535 730 sequuntur
550 707 556 723 :
573 707 581 723 1
593 699 704 732 Audite,
717 700 859 733 insulze,et
872 703 1017 736 attendite,

231 742 327 773 gentes
344 749 349 765 :
363 748 412 775 per
423 742 538 769 multum
552 747 658 778 tempus
671 749 750 777 state,
761 746 966 775 dicitDominus
975 754 1015 775 ιι.»

231 783 352 816 Quorum
369 786 437 813 nihil
451 787 553 815 Judmis
564 797 726 824 congruere,
741 791 892 819 insularum
906 797 934 820 ct
950 801 1017 829 gen-

231 829 302 856 tium
321 838 419 858 nomen
436 832 548 859 indicat.
564 834 598 860 Et
611 843 725 863 rursus:
743 846 751 861 ι
763 837 861 864 Audite
874 845 928 870 me,
941 839 1015 872 audi,

231 875 331 909 popule
343 876 390 908 mi,
404 882 431 904 et
443 885 530 914 reges,
547 879 661 908 auribus
673 882 805 917 percipite
816 893 822 910 :
835 884 964 918 quoniam
975 885 1020 913 lex

231 928 246 946 a
262 929 304 948 me
316 923 480 957 egredietur,
497 929 525 952 et
545 926 679 960 judicium
687 935 784 955 meum
808 930 836 956 in
853 930 941 957 lucem
954 939 1020 966 gen-

231 965 310 993 tium.
323 967 532 1004 Appropinquat
549 971 603 998 cito
616 972 721 1007 justitia
739 981 810 1006 mea,
821 979 849 1001 et
862 976 1019 1010 egredietur

229 1012 307 1045 quasi
320 1012 367 1040 lux
384 1014 501 1042 salutare
518 1024 619 1044 meum.
639 1017 680 1044 Me
694 1018 790 1046 insulae
809 1022 1017 1055 exspectabunt,

230 1060 258 1083 et
272 1056 299 1083 in
313 1057 455 1086 brachium
471 1068 563 1088 meum
574 1067 669 1097 gentes
682 1064 833 1098 sperabunt
844 1070 867 1093 ν.
883 1076 892 1091 ι
909 1067 957 1094 His
970 1076 1019 1095 au-
1032 1095 1035 1099 ,

229 1106 284 1128 tem
307 1104 436 1131 omnibus
458 1105 579 1134 futuram
602 1109 726 1143 gentium
751 1111 867 1138 salutem
881 1113 1016 1146 praedixit,

229 1147 372 1184 legemque
382 1152 577 1186 evangelicum,
591 1161 623 1181 ac
633 1155 732 1182 divinae
742 1157 1016 1192 cognitionislumen,

229 1192 302 1226 quod
329 1201 378 1227 per
403 1201 513 1224 sanctos
535 1199 674 1232 apostolos
696 1200 832 1228 universis
860 1201 1019 1231 hominibus

227 1236 308 1272 973
319 1239 419 1266 attulit.
437 1240 578 1269 Brachium
590 1244 681 1279 itaque
691 1253 746 1272 non
757 1246 892 1274 intellexit
905 1248 1018 1276 humani

228 1284 352 1317 corporis
368 1286 538 1320 membrum,
564 1288 679 1324 simplex
695 1295 737 1317 est
754 1291 827 1318 enim
842 1292 890 1319 Dei
906 1297 1016 1327 natura,

227 1331 257 1354 et
270 1330 477 1364 compositionis
487 1340 596 1367 expers,
612 1334 659 1361 sed
672 1335 786 1371 ﬁgurate
800 1337 883 1364 robur
892 1338 1017 1366 divinum

228 1372 404 1409 significavit.
420 1377 488 1410 Quia
501 1379 574 1406 enim
585 1385 613 1407 et
627 1382 727 1409 milites
739 1383 866 1411 manibus
884 1389 1016 1420 pugnant,

227 1424 256 1447 et
269 1423 394 1456 agricola:
409 1428 509 1452 terram
521 1431 640 1459 versant,
651 1428 751 1463 aliique
763 1437 858 1457 omnes
866 1431 913 1465 qui
930 1436 1016 1459 artem

227 1468 384 1501 quampiam
402 1473 529 1503 tractant,
548 1472 649 1500 merito
667 1473 775 1502 brachii
800 1477 912 1504 nomine
931 1478 1016 1505 robur

228 1511 295 1538 illud
309 1513 482 1548 significavit,
496 1516 504 1526 ‘
518 1524 572 1551 quo
582 1517 646 1545 freti
661 1519 845 1548 exclamamus
862 1530 868 1547 :
885 1531 894 1547 ‹
909 1522 969 1549 Νοη
983 1523 1016 1550 ti-
1032 1537 1053 1566 ο

228 1556 310 1584 mcbo
324 1559 403 1590 mala,
420 1561 548 1594 quoniam
563 1566 592 1589 tu
610 1571 716 1591 mecum
736 1573 766 1593 es
775 1570 798 1593 ι.
815 1576 824 1591 ι
843 1567 949 1595 Rursus
966 1577 1016 1596 au-

228 1605 283 1628 tem
296 1603 431 1631 exclamat
449 1614 455 1631 :
479 1615 488 1630 ‹
505 1606 574 1633 Ecce
593 1608 779 1637 testimonium
803 1612 930 1646 gentibus
954 1613 1017 1641 dedi

227 1655 302 1679 eum,
326 1649 480 1684 principem
509 1655 537 1678 et
558 1658 755 1688 praeceptorem
780 1657 918 1691 gentibus.
947 1659 1017 1687 Ecce

229 1696 323 1725 gentes
334 1701 394 1727 quae
406 1702 459 1721 non
472 1701 609 1723 noverunt
627 1702 663 1729 te,
682 1699 850 1728 invocabunt
865 1706 890 1729 te
905 1712 910 1728 :
924 1705 1017 1738 populi

227 1736 276 1770 qui
290 1738 416 1764 nesciunt
428 1743 464 1771 te,
483 1740 516 1766 ad
529 1745 554 1767 te
565 1742 735 1778 confugient,
750 1751 862 1780 propter
872 1736 1017 1776 Dominum

229 1782 314 1809 Deum
335 1787 421 1816 tuum,
441 1789 468 1812 et
484 1785 614 1814 Sanctum
631 1788 755 1822 lsraclis,
771 1792 899 1825 quoniam
912 1793 1017 1828 gloriﬁ-

228 1828 300 1854 cavit
312 1832 337 1855 te
347 1833 371 1856 I.
388 1839 396 1855 ι
412 1829 479 1857 Cum
492 1831 584 1867 itaque
595 1834 710 1862 videatis
722 1835 860 1863 Christum
872 1838 1017 1866 Dominum

229 1874 255 1900 in
270 1874 337 1902 orbe
353 1880 485 1904 terrarum
499 1884 669 1914 regnantem,
685 1886 834 1918 gentesque
848 1891 943 1912 omnes
957 1887 1018 1921 ejus

228 1920 410 1956 principatum
421 1923 602 1953 libentissime
619 1927 790 1962 conﬁtentes,
807 1929 949 1966 intelligite
961 1920 1016 1966 jam

226 1966 415 2001 prophetiam,
433 1970 547 2005 ejusque
571 1973 716 2000 veritatem
745 1975 887 2010 suspicite.
917 1976 1017 2004 Audite

227 2019 293 2038 vero
307 2018 335 2040 et
351 2022 411 2048 qua:
424 2021 578 2050 sequuntur
595 2026 601 2044 :
619 2028 628 2043 ι
644 2019 677 2045 Et
693 2019 829 2047 timebunt
839 2021 885 2056 qui
900 2026 963 2048 sunt
982 2022 1016 2049 ad

226 2056 412 2092 Occidentem,
430 2069 529 2089 nomen
558 2063 676 2096 Domini,
699 2069 725 2092 et
746 2065 794 2100 qui
811 2066 845 2093 ad
864 2065 1014 2101 Orientem,

228 2102 357 2138 inclytum
373 2113 471 2133 nomen
485 2108 544 2142 ejus
563 2113 584 2135 ι.
604 2118 612 2134 ι
629 2110 785 2146 Iterumque
803 2120 809 2138 :
829 2122 837 2137 ι
856 2113 1016 2141 Manifestus

226 2149 340 2182 apparui
353 2149 386 2177 iis
397 2151 443 2185 qui
459 2160 502 2179 me
519 2160 576 2192 non_
586 2153 790 2190 interrogabant
802 2165 808 2183 :
819 2157 946 2185 inventus
955 2166 1015 2186 sum

1077 250 1172 282 πάντες
1193 251 1279 284 ὁδοὺς,
1292 251 1341 287 τὴν
1365 251 1471 279 εὐθεῖαν
1486 252 1621 279 ὁδεύουσιν
1640 253 1674 280 ³⁵.
1693 251 1808 285 Εἷταὼς
1822 254 1865 281 ἔτι

1077 295 1260 331 πλανωμένοις
1276 297 1391 333 ἐπιτιμᾷ
1402 305 1408 311 ·
1421 308 1430 324 ι
1444 297 1611 333 Δίσχύνθητε
1624 299 1751 334 αἰσχύνῃ,
1768 299 1793 325 ot
1811 307 1865 326 m-

1075 340 1198 371 ποιθότες
1209 341 1255 366 ἐπὶ
1275 342 1331 372 τοῖς
1348 342 1487 375 γλυπτοῖς,
1502 342 1526 368 οι
1545 342 1670 376 λέγοντες
1685 344 1741 374 τοῖς
1758 351 1864 378 χωνευ-

1074 385 1145 416 τοῖς·
1162 385 1255 420 Ὑμεῖς
1267 386 1326 412 ἐστε
1339 385 1394 412 θεοὶ
1407 386 1495 420 ἡμῶν.
1510 396 1518 411 ι
1533 387 1588 413 Καὶ
1601 388 1660 422 μετ’
1672 387 1761 421 ὀλίγα·
1776 387 1862 414 (Ἰδοὺ

1073 429 1129 463 ἐγὼ
1141 430 1209 456 ποιῶ
1221 430 1311 462 καινὰ,
1331 430 1349 457 ἃ
1361 431 1407 457 νῦν
1421 431 1554 464 ἀνατελεῖ,
1570 433 1617 458 καὶ
1630 432 1768 465 γνώσεσθε
1780 432 1862 460 αὐτὰ·

1073 475 1120 501 καὶ
1141 476 1245 511 ποιήσω
1259 475 1282 491 ⁸ο
1304 476 1332 502 ἐν
1349 476 1381 510 τῇ
1399 476 1494 511 ἐρήμῳ
1508 476 1576 508 ὁδον,
1594 478 1641 503 καὶ
1658 478 1686 502 ὲν
1699 478 1732 512 τῇ
1755 477 1864 512 ἀνύδρῳ

1073 521 1222 554 ποταμοὺς,
1247 520 1355 548 ποτίσαι
1381 521 1412 547 τὸ
1429 521 1507 554 γένος
1524 530 1575 556 μου
1594 521 1624 547 τὺ
1647 522 1774 548 ἐκλεκτὸν
1788 542 1796 553 ,
1816 521 1863 548 τὸν

1072 565 1135 592 λαόν
1151 574 1201 600 μου
1217 565 1247 592 ὃν
1265 567 1513 602 περιεποιησάμην,
1525 567 1574 599 τὰς
1585 568 1686 603 ἀρετάς
1700 577 1750 603 μου
1764 568 1862 603 διηγήσ

1072 611 1169 638 σασθαι
1184 611 1218 639 ⁵¹.
1238 622 1246 638 ι
1265 612 1345 644 Γένος
1357 612 1385 638 δὲ
1398 612 1445 639 νῦν
1465 612 1547 638 αὑτοῦ
1563 613 1625 643 τοὺς
1644 613 1863 643 πεπιστευκότας

1071 657 1309 692 προσηγόρευσεν,
1335 654 1372 684 ὢν
1401 657 1548 692 ὠνομάσθη
1568 658 1740 691 πρωτότοκος
1769 658 1802 683 δι’
1826 658 1862 692 ἣν

1070 703 1198 737 ἀνείληφε
1214 703 1314 737 σάρκα.
1331 703 1393 730 Ὀτι
1408 703 1436 729 δὲ
1449 703 1514 738 περὶ
1529 703 1582 729 τῶν
1599 702 1683 729 ἐθνῶν
1698 702 1785 728 ταῦτα
1795 701 1860 738 ἔφη,

1068 747 1103 774 τὰ
1126 747 1247 782 ἑπόμενα
1265 749 1417 783 μαρτυρεῖ·
1439 757 1448 774 ι
1472 748 1635 780 Ἀκούσατε,
1652 747 1704 783 [αἱ]
1722 747 1745 762 ⁸³
1766 747 1860 782 νῆσοι,

1069 794 1115 820 καὶ
1133 794 1279 828 προσέχετε
1293 813 1300 826 ,
1319 794 1399 829 {Oi/11'
1421 794 1464 820 διὰ
1489 793 1586 819 πολλοῦ
1603 793 1700 828 χρόνου
1718 792 1742 809 ⁸³
1759 792 1859 827 στῆτε,

1069 839 1143 873 λέγει
1158 839 1268 874 Κύριος.
1289 849 1298 865 ›
1320 840 1382 866 ’Ότι
1397 839 1425 865 δὲ
1441 839 1544 865 τούτων
1558 839 1634 865 οὐδὲν
1657 838 1793 870 Ἰουδαίοις
1807 839 1858 873 ἁρ-

1074 885 1175 920 μόττει.
1190 885 1278 911 καὶτὸ
1295 884 1348 911 τῶν
1370 885 1458 920 νήσων
1481 885 1566 919 ὄνομα
1590 885 1637 911 καὶ
1661 884 1690 910 τὸ
1706 884 1760 910 τῶν
1773 883 1859 910 ἐθνῶν

1073 931 1216 966 μαρτυρεῖ.
1230 931 1284 957 Καὶ
1299 931 1378 957 πάλιν
1388 939 1394 945 ·
1412 940 1422 956 ε
1445 930 1590 957 Ἀκούσατέ
1603 939 1665 965 μου,
1677 929 1810 956 ἀκούσατε
1823 929 1858 961 ⁸⁵,

1070 976 1134 1007 λαός
1149 985 1199 1011 μου
1212 984 1218 991 ·
1231 976 1278 1002 καὶ
1289 976 1314 1002 οἰ
1329 975 1461 1011 βασιλεῖς,
1479 975 1548 1011 πρός
1564 984 1596 1010 με
1615 975 1781 1002 ἐνωτίσασθε
1792 984 1799 991 ·
1816 976 1859 1002 ὅτι

1071 1021 1107 1058 [ὁ]
1119 1021 1141 1037 ⁸⁵
1159 1022 1240 1056 νόμος
1251 1021 1314 1056 παρ’
1329 1021 1395 1056 ἐμοῦ
1410 1021 1578 1053 ἐξελεύσεται
1588 1041 1595 1053 ,
1610 1021 1655 1047 καὶ
1669 1022 1686 1055 ὴ
1705 1020 1794 1055 κρίσις
1807 1029 1858 1048 μου

1070 1071 1110 1100 είς
1123 1068 1180 1102 φῶς
1192 1068 1277 1095 ἐθνῶν
1288 1077 1294 1083 ·
1310 1068 1414 1102 ἐγγίζει
1430 1068 1499 1103 ταχὺ
1517 1069 1533 1103 ἡ
1550 1067 1707 1101 δικαιοσύνη
1727 1075 1794 1102 μου,
1811 1069 1859 1094 καὶ

1069 1113 1239 1145 ἐξελεύσεται
1254 1114 1292 1145 ὡς
1321 1113 1379 1147 φῶς
1403 1113 1434 1139 τὸ
1457 1113 1589 1148 σωτήριόν
1619 1120 1686 1148 μου·
1713 1112 1763 1147 ἐμὲ
1779 1111 1857 1146 νῆσοι

1069 1159 1235 1194 ὑπομενοῦσι
1247 1159 1280 1191 ⁸⁸,
1294 1160 1342 1185 καὶ
1357 1159 1396 1190 εἰς
1405 1159 1451 1185 τὸν
1465 1158 1596 1194 βραχίονά
1609 1167 1660 1193 μου
1672 1157 1735 1193 ἔθνη
1753 1157 1859 1184 ἐλπιοῦ-

1069 1213 1105 1231 σι.
1124 1214 1133 1230 ι
1156 1202 1205 1230 Διὰ
1218 1204 1246 1230 δὲ
1264 1203 1366 1231 τούτων
1382 1204 1509 1231 ἁπάντων
1529 1203 1578 1238 τὴν
1590 1203 1644 1229 τῶν
1667 1202 1753 1229 ἐθνῶν
1773 1203 1857 1237 ἐχρη-

1069 1250 1194 1286 σμῴδησε
1207 1250 1353 1286 σωτηρίαν,
1372 1251 1419 1292 {at
1434 1250 1479 1276 τὸν
1495 1249 1672 1283 εὐαγγελιχὸν
1694 1248 1786 1283 νόμον,
1810 1249 1858 1274 καὶ

1067 1296 1097 1322 τὸ
1109 1296 1160 1331 τῆς
1175 1295 1302 1330 γνώσεως
1325 1295 1394 1329 φῶς,
1420 1295 1434 1321 ὃ
1453 1294 1497 1321 διὰ
1516 1295 1571 1320 τῶν
1593 1294 1674 1329 ιερῶν
1700 1293 1856 1320 ἀποστόλων

1068 1341 1168 1368 ἅπασιν
1183 1341 1335 1377 ἀνθρώποις
1353 1341 1534 1376 προσήνεγκε.
1559 1339 1694 1376 Βραχίονα
1716 1339 1807 1373 μέντοι
1824 1338 1856 1364 οὺ

1068 1387 1221 1421 σωματικὸν
1233 1387 1356 1421 ὠνόμασε
1371 1386 1464 1422 μόριον
1486 1386 1567 1420 (ἁπλῆ
1582 1386 1635 1421 γάρ
1649 1384 1712 1421 [τοι]
1728 1384 1750 1400 ⁸⁷
1765 1385 1781 1419 ἡ
1797 1383 1856 1410 θεία

1067 1431 1157 1465 φύσις,
1172 1431 1220 1458 καὶ
1234 1431 1364 1465 ἐλευθέρα
1378 1430 1552 1465 ξυνῦἐσεως),
1565 1429 1633 1456 ἀλλὰ
1643 1428 1781 1465 τροπικῶς
1796 1428 1855 1463 ἐδή-

1067 1476 1137 1502 λωσε
1148 1475 1171 1492 ⁸⁸
1187 1475 1236 1511 τὴν
1254 1475 1339 1510 ἰσχύν.
1362 1475 1470 1509 Ἐπειδὴ
1488 1475 1542 1509 γὰρ
1557 1474 1602 1501 διὰ
1617 1474 1671 1500 τῶν
1689 1473 1793 1523 χειρῶν
1809 1473 1856 1499 καὶ

1069 1523 1094 1549 οἱ
1111 1521 1291 1557 πολεμοῦντες
1313 1521 1543 1555 παρατάττονται.
1563 1520 1610 1546 καὶ
1626 1520 1650 1546 οί
1671 1520 1857 1553 γεωργοῦντες

1069 1567 1240 1602 ἐργάζονται,
1256 1566 1303 1592 καὶ
1316 1565 1407 1600 μέντοι
1419 1564 1466 1591 καὶ
1479 1565 1503 1590 οἱ
1519 1564 1601 1599 ἄλλην
1623 1563 1683 1589 τινὰ
1700 1571 1856 1598 μεταχειρι-

1068 1611 1176 1647 ζόμενοι
1192 1610 1215 1626 ⁸⁵
1231 1610 1329 1645 τέχνην
1340 1629 1347 1641 ,
1365 1609 1477 1640 εἰκότως
1500 1608 1544 1635 διὰ
1557 1607 1604 1633 τοῦ
1620 1607 1762 1642 βραχίονος
1785 1614 1855 1640 παρ-

1068 1659 1185 1694 εδήλωσε
1200 1657 1248 1692 τὴν
1268 1657 1354 1691 ἰσχὺν,
1369 1653 1386 1692 ᾖ
1404 1654 1567 1690 θαρῤοὖντες
1579 1653 1734 1705 fictilia-wn!
1750 1652 1855 1705 903°-

1068 1704 1222 1739 ϐηθήσομαι
1238 1702 1322 1734 κακὰ,
1339 1701 1380 1728 ὃτι
1395 1701 1426 1727 σὺ
1450 1701 1508 1735 μετ’
1528 1698 1596 1734 ἐμοῦ
1617 1696 1650 1725 εί.
1678 1708 1687 1724 ι
1707 1698 1761 1725 Καὶ
1778 1696 1855 1729 αὖθις

1069 1750 1133 1785 βοᾷ·
1152 1759 1161 1774 ι
1180 1749 1246 1776 Ἰδοὺ
1265 1747 1413 1783 μαρτύριον
1430 1747 1458 1772 ἐν
1471 1745 1559 1772 ἔθνεσι
1575 1744 1679 1771 δέδωκα
1698 1743 1790 1774 αὑτὸν,
1811 1742 1856 1777 ἄρ-

1067 1778 1149 1831 ᾆιοῦτα
1164 1795 1211 1821 καὶ
1226 1778 1431 1829 προστάσσοντα
1457 1790 1570 1839 ἔθνεσιν..
1597 1789 1663 1839 ’ίδοίξ
1683 1788 1746 1839 ἔθνη
1768 1788 1785 1815 ἃ
1807 1787 1856 1839 οὑξ

1068 1840 1153 1867 οἴδασί
1165 1848 1209 1872 σε,
1227 1836 1433 1865 ἐπικαλέσονταί
1449 1844 1478 1862 σε
1489 1843 1496 1851 ο
1511 1834 1571 1861 λαοὶ
1590 1834 1615 1860 οῖ
1634 1834 1684 1860 οὐκ
1696 1833 1855 1883 ἐπίστανταί

1069 1895 1109 1918 σε,
1126 1885 1172 1911 ἐπὶ
1196 1885 1226 1910 σὲ
1242 1882 1456 1917 καταφεύξονται
1482 1881 1574 1908 ἕνεκεν
1593 1880 1696 1915 Κυρίου
1720 1878 1767 1906 τοῦ
1787 1878 1854 1929 Θεοῦ

1068 1940 1127 1964 σου,
1143 1930 1190 1957 καὶ
1203 1929 1250 1956 τοῦ
1267 1929 1344 1963 ἁγίου
1363 1927 1482 1964 Ἰσραὴλ,
1494 1927 1535 1953 ὅτι
1549 1925 1659 1958 ὲδόξασέ
1672 1933 1712 1951 σε.
1725 1934 1735 1950 ι
1753 1925 1854 1958 Ὀρῶν-

1068 1986 1112 2009 τες
1126 1976 1215 2002 τοίνυν
1232 1973 1406 2010 βασιλεύοντα
1417 1973 1466 2008 τῆς
1478 1972 1640 2007 οἰκουμένης
1652 1970 1698 1997 τὸν
1714 1969 1854 2003 Δεσπότην

1067 2021 1195 2058 Χριστὸν,
1211 2020 1258 2047 καὶ
1280 2020 1368 2046 πάντα
1383 2019 1418 2045 τὰ
1438 2018 1502 2053 ἔθνη
1515 2018 1611 2045 τούτου
1627 2016 1676 2051 τὴν
1696 2014 1853 2041 δεσποτείαν

1067 2068 1192 2104 ἁσμένως
1213 2065 1415 2102 ὁμολογοῦντα,
1439 2065 1486 2091 καὶ
1501 2065 1616 2098 νοήσατε
1639 2062 1662 2079 ⁵ο
1684 2062 1733 2097 τὴν
1748 2068 1854 2097 προφη-

1066 2114 1140 2141 τείαν
1160 2114 1194 2145 ⁵¹,
1209 2113 1255 2139 καὶ
1270 2111 1430 2146 θαυμάσατε
1442 2110 1490 2145 τὴν
1506 2109 1645 2145 ἀλήθειαν.
1665 2106 1813 2156 ἰὶκούσατε
1821 2104 1854 2156 δὲ

1067 2159 1183 2186 καὶτῶν
1201 2158 1280 2192 ἑξῆς·
1301 2166 1309 2182 ι
1328 2157 1383 2183 Καὶ
1405 2155 1604 2190 φοϐηθήσονται
1624 2155 1648 2180 οἱ
1671 2152 1724 2180 ἀπὸ
1745 2151 1853 2185 δυσμῶν

226 2192 307 2220 abiis
319 2195 365 2228 qui
378 2203 421 2222 me
429 2204 484 2223 non
492 2198 659 2232 quzerebant.
672 2200 731 2227 Dixi
746 2210 752 2227 :
764 2201 833 2229 Ecce
847 2210 918 2235 sum,
930 2205 1014 2238 genti,

1070 2204 1097 2231 τὸ
1112 2205 1197 2238 δνομα
1210 2202 1325 2238 Κυρίου,
1336 2201 1382 2227 καὶ
1396 2201 1420 2226 ot
1431 2200 1485 2227 ἀπὸ
1495 2199 1631 2226 ἀνατολῶν
1643 2198 1718 2233 ἡλίου
1728 2196 1758 2223 τδ
1769 2196 1854 2230 ὄνομα

222 2246 288 2272 qua:
301 2247 355 2267 non
371 2240 508 2270 invocavit
521 2251 620 2271 nomen
637 2253 728 2272 meum
739 2252 763 2273 ιι.
785 2257 793 2272 ι
815 2247 883 2275 Tota
895 2248 1015 2284 denique

226 2285 371 2319 prophetia
387 2286 544 2322 hujusmodi
561 2290 708 2318 verborum
724 2292 803 2327 plena
819 2298 871 2320 est.

1064 2250 1145 2278 αὐτοῦ
1159 2249 1189 2276 τὸ
1199 2249 1312 2280 ἔνδοξον.
1328 2257 1337 2274 ι
1347 2247 1402 2274 Καὶ
1417 2246 1497 2273 πάλιν
1507 2254 1513 2260 ·
1526 2244 1601 2283 [147]
1614 2255 1622 2271 ι
1644 2242 1782 2279 Ἐμφανὴς
1794 2242 1853 2275 ἐγε-

1063 2297 1148 2331 νόμην
1164 2295 1188 2311 ⁵²
1207 2296 1263 2325 τοῖς
1275 2293 1324 2328 ἐμὲ
1342 2292 1379 2327 μὴ
1399 2291 1589 2327 ἐπερωτῶσιν·
1607 2289 1722 2324 εὑρέθην
1735 2288 1792 2319 τοῖς
1803 2286 1852 2320 ἐμὲ

227 2329 265 2364 μὴ
296 2329 433 2365 ζητοῦσιν.
455 2330 536 2359 Εἶπον
548 2342 554 2348 ·
579 2334 643 2361 Ἰδοὺ
660 2336 736 2370 είμὶ,
758 2337 821 2372 ἔονη
856 2339 880 2364 οἳ
896 2339 919 2354 ⁸³
935 2340 985 2366 οὐκ
1001 2329 1203 2368 ἐπεκαλέσαντο
1218 2337 1248 2364 τὺ
1263 2337 1348 2372 ὄνομά
1366 2345 1428 2371 μου.
1453 2346 1461 2362 ι
1480 2335 1535 2361 Καὶ
1554 2335 1628 2361 πᾶσα
1658 2333 1687 2360 δὲ
1716 2333 1733 2366 ὴ
1748 2338 1852 2366 προφη-

225 2374 284 2401 τεία
299 2375 382 2401 τῶνδε
401 2375 455 2402 τῶν
466 2376 552 2412 λόγων
562 2380 714 2413 ἀνάπλεως.

262 2421 315 2450 Sed
329 2427 360 2450 ut
368 2423 437 2452 alios
447 2433 556 2461 quoque
570 2429 716 2464 prophetas
737 2430 820 2466 974
832 2433 1011 2460 ostendamus

260 2500 334 2528 ⁵183.
349 2509 412 2534 xui,
430 2502 474 2530 l7.

227 2534 270 2562 19.
309 2542 322 2556 ι
334 2536 385 2564 lsa.
403 2545 464 2571 uv,
478 2537 506 2566 Ι.

1106 2431 1176 2458 Ἀλλ’
1192 2431 1236 2457 ἵνα
1254 2429 1300 2456 καὶ
1313 2429 1375 2461 τοὺς
1397 2428 1492 2460 ἄλλους
1511 2428 1654 2463 προφήτας
1669 2425 1773 2461 ξυνῳδὰ
1788 2433 1852 2460 προ-

520 2506 527 2523 ι
542 2504 593 2532 lsa.
609 2511 682 2538 nm,
697 2505 788 2533 19-21.
811 2511 825 2525 ιι
843 2507 911 2536 ibid.
932 2514 946 2528 ν
961 2509 1015 2537 lsa.

1077 2510 1104 2542 4,
1120 2509 1147 2537 5.
1183 2515 1196 2529 ι
1213 2507 1361 2539 Psal.xxn,
1378 2506 1405 2533 4.
1443 2509 1458 2530 7
1473 2504 1525 2532 lsa.
1544 2512 1586 2537 LV,
1599 2504 1626 2536 4,
1642 2503 1668 2531 5.
1708 2507 1720 2521 ι
1737 2502 1850 2536 lsa.ux,

880 2597 997 2627 VARIIE
1017 2597 1219 2627 LECTIONES.

1648 2661 1670 2677 ιι

262 2665 285 2681 ³⁸
299 2665 446 2691 ὁδεύουσιν.
463 2664 617 2692 ὁδεὺσουσιν
634 2666 666 2697 C.
690 2666 741 2693 Vb.
779 2666 802 2682 ⁸³
819 2667 897 2694 ποιῶ.
922 2668 1029 2703 ποιήσω
1041 2667 1073 2700 Β,
1086 2667 1135 2695 Va.
1174 2666 1196 2682 “
1210 2666 1234 2692 δι
1255 2665 1399 2700 γήσασθαι.
1415 2663 1610 2708 διηγεῖσθαι
1648 2661 1670 2677 δ’
1683 2661 1735 2698 [σί]
1753 2670 1808 2689 om.
1819 2662 1850 2723 ἓ.

226 2699 250 2715 ⁸³
266 2699 362 2726 πολλοῦ
380 2699 487 2734 χρόνου.
499 2700 595 2751 χρόνου
611 2700 708 2728 πολλοῦ
723 2701 752 2728 Β.
791 2701 813 2717 ⁵³
824 2702 960 2729 ἀκούσατέ
978 2711 1028 2737 μου
1041 2710 1096 2729 om.
1113 2703 1142 2729 B.
1181 2702 1205 2717 ⁸⁸
1275 2708 1329 2727 om.
1348 2700 1378 2727 Β.
1402 2699 1438 2745 nt“
1453 2706 1630 2751 υνηεομξινουοῖὀ
1639 2697 1848 2751 ὑῗέδμέὶντοὲξιῃι

226 2733 250 2750 δ’]
265 2734 328 2751 [ηλιῖ
345 2742 388 2751 nm
420 2734 457 2751 υ..
531 2735 542 2751 ι
556 2735 687 2751 :.x4.\......
719 2736 834 2751 ιπιιιι.-.
849 2737 868 2751 ι)
932 2738 954 2751 n
980 2737 1226 2751 ..--....-.η.νλ......λ.
1268 2742 1413 2751 lup-null)”:
1426 2742 1501 2751 ,ψειεν-

226 2733 250 2750 ⁸⁷
265 2734 328 2770 [τοι]
345 2733 406 2762 οῐηζ
420 2734 469 2771 Via.
500 2733 542 2751 ’⁷⁵⁸
555 2735 698 2771 δεδήλωκε.
718 2736 834 2771 ἐδήλωσε
848 2737 878 2764 Β.

227 2769 411 2806 κατανοήσατε
428 2769 460 2806 B.
487 2769 615 2806 suprasc.‘
642 2771 688 2798 καὶ
700 2769 814 2805 νοήσατε
828 2779 864 2799 ιη.
892 2780 946 2800 rec.
974 2769 1021 2798 {ut
1043 2769 1101 2799 6m:
1120 2769 1172 2799 Vb.

932 2738 954 2753 “
978 2733 1240 2772 μεταχειριζόμενοῇ
1250 2733 1257 2737 ”
1267 2734 1502 2772 μεταχειρίζοντες
1511 2733 1554 2772 _B.

1607 2732 1630 2748 ‘°
1653 2732 1700 2758 καὶ
1725 2732 1848 2766 νοήσατε.

1221 2771 1241 2787 ⁸¹
1260 2766 1438 2808 προφητείαν.
1457 2768 1584 2808 ἀλήθειαν
1594 2767 1645 2808 Vb.
1684 2767 1707 2783 "
1727 2766 1850 2808 ἑμξενὴς

228 2801 361 2838 (suprasc.
386 2801 529 2846 enﬁpsonx):
542 2805 675 2841 ἐγενόμην
699 2801 753 2838 toil;
774 2806 823 2842 ἐμὲ
847 2807 884 2842 μὴ
905 2807 934 2834 Β.
958 2807 1018 2834 Mox
1040 2807 1093 2834 ἰδού
1117 2808 1174 2842 είμι
1191 2806 1243 2834 bis.
1263 2801 1419 2832 eitu'Sirm.
1439 2811 1487 2838 pro
1501 2801 1585 2835 εἷπον,
1606 2806 1634 2830 et
1647 2810 1708 2829 mox
1721 2801 1758 2837 τῷ
1769 2801 1850 2828 ἔθνει.

231 2839 252 2854 ⁷³
266 2839 282 2865 ἃ
297 2840 356 2866 οὐκ.
378 2839 403 2865 οἳ
417 2840 466 2865 οὐχ
481 2839 512 2866 Β.
