1965 3051
106 154 176 186 1085
442 156 662 188 GRECARUM
677 157 828 187 AFFECT.
847 157 1022 187 CURATIO.
1036 170 1069 174 -
1083 158 1119 187 X.
1138 157 1187 187 DE
1203 157 1400 187 OIMCULIS.
1669 155 1739 188 1086

103 209 289 241 θεσπίσαντας
305 209 447 242 δείξωμεν,
464 210 599 237 ἀκούσατε
618 211 749 247 Ἰερεμίου
766 211 879 247 βοῶντος

960 219 1064 238 onsona
1076 212 1254 242 vaticinatos,
1273 211 1367 238 audite
1384 210 1532 238 Jeremiam
1553 210 1736 238 clamantem:

108 264 116 277 ι
141 255 184 281 Ἐν
197 253 236 288 τῷ
259 254 347 290 καιρῷ
361 255 457 289 ἐκείνῳ
469 255 612 283 καλέσουσι
632 256 682 291 τὴν
709 257 884 292 Ἰερουσαλὴμ

981 257 1116 292 Tempore
1131 257 1178 284 illo
1193 257 1332 284 vocabunt
1348 256 1563 291 Hierosolymam
1575 256 1674 282 solium
1687 256 1739 283 Do-

105 300 208 335 Θρὸνος
216 299 239 315 ³⁵
253 300 357 335 Κυρίου
367 308 374 315 ·
384 301 431 326 καὶ
448 301 645 336 συναχθήσεται
655 303 695 334 εἰς
711 303 796 338 αὐτὴν
810 303 879 330 πάντ

962 303 1015 330 uini
1027 312 1033 329 :
1047 307 1074 330 et
1083 303 1322 338 congregabuntur
1331 302 1360 328 ίιι
1373 309 1405 329 ea
1419 309 1515 329 omnes
1530 306 1635 336 gentes,
1649 309 1738 337 neque

104 346 140 372 τὰ
155 345 218 380 ἔθνη
232 354 240 360 ·
254 345 303 372 καὶ
315 345 346 372 οὐ
362 345 541 380 πορεύσονται
563 346 651 373 ὀπίσω
667 346 722 373 τῶν
739 347 880 382 ὲνθυμημά

958 349 1129 376 Imbulabunt
1141 353 1202 383 post
1221 348 1402 383 cogitationes
1415 347 1500 374 malas
1513 347 1606 374 cordis
1625 347 1668 374 sui
1678 347 1704 373 δ.
1726 357 1734 372 ι

104 401 162 418 των
181 392 231 426 τῆς
251 392 366 428 καρδίας
382 392 474 419 αὐτῶν
484 392 532 427 τῆς
546 393 678 428 πονηρᾶς.
701 402 710 419 ι
735 393 880 428 Ἀθρήσατε

961 394 1109 429 'erspicite,
1131 401 1148 420 ο
1168 394 1232 425 viri,
1257 399 1359 429 quanta
1376 394 1412 421 sit
1427 394 1454 420 in
1469 393 1562 420 verbis
1579 393 1737 420 concordia.

104 434 129 463 ὦ
141 437 248 473 ἄνδρες,
258 437 312 464 τῶν
329 438 459 472 ῥημάτων
473 437 522 473 τὴν
536 437 704 472 ξυμφωνίαν,
722 439 769 464 καὶ
786 438 880 473 βλέπετ

963 440 1056 473 Videte,
1074 447 1172 467 omnes
1192 439 1369 475 undiquaque
1382 439 1415 466 ad
1435 439 1574 465 civitatem
1584 438 1658 465 illam
1672 446 1739 465 eon-

105 482 212 513 πάντας
229 481 396 516 πανταχόθεν
408 481 569 517 ἀνθρώπους
582 483 622 513 εἰς
635 483 743 518 ἐκείνην
758 483 807 517 τὴν
821 483 881 510 πόλι

966 490 1102 518 urrentes,
1115 485 1142 512 in
1156 493 1211 520 qua
1229 485 1347 512 salutare
1363 485 1513 512 Dominica:
1528 484 1625 511 mortis
1638 488 1739 519 myste-

107 529 313 564 ξυντρέχοντας,
332 529 349 564 ἥ
365 529 395 555 τὸ
414 529 579 556 Δεσποτικδν
606 530 653 556 καὶ
677 530 811 565 σωτήριον
839 530 882 556 ὲδέ

964 531 1020 558 ium
1034 535 1254 559 consummatum
1276 535 1328 562 est,
1344 533 1372 557 et
1396 530 1533 557 idolorum
1559 529 1739 564 imposturam

107 575 173 608 ξατο
189 574 285 608 πάθος,
301 575 348 601 καί
358 575 408 610 τὴν
421 575 471 610 μὲν
483 575 538 602 τῶν
553 575 669 602 εἰδώλων
680 575 819 611 ὲξαπάτην
839 575 883 609 βδε

965 577 1157 608 bominantes,
1191 577 1359 611 illorumque
1389 575 1493 602 cultum
1524 574 1558 601 ad
1573 574 1739 602 Crueilixum

105 621 297 656 λυττομὲνους,
313 620 350 656 τῷ
367 621 570 657 ὲσταυρωμὲνῳ
592 622 620 648 δὲ
642 621 672 648 τὸ
689 622 800 648 ἐκείνων
816 621 881 648 σέὸα

963 623 1155 649 ransl'erentes.
1173 621 1303 656 Ejusdem
1313 615 1380 648 vero
1395 621 1536 656 propheta:
1550 624 1615 648 sunt
1624 623 1653 647 et
1664 621 1716 647 ista
1731 628 1739 646 :

105 667 322 702 προσφέροντας.
337 667 390 693 Τοῦ
406 667 435 694 δὲ
462 667 543 694 αὐτοῦ
566 667 705 702 προφήτου
728 667 775 693 καὶ
791 666 878 694 ταῦτα

985 668 1047 696 Haec
1059 668 1126 695 dicit
1138 668 1272 695 Dominus
1280 668 1352 695 Deus
1369 667 1462 695 :State
1474 667 1507 694 ad
1518 667 1587 699 vias,
1596 671 1624 694 et
1637 666 1739 693 videte.

110 723 119 739 ι
137 713 206 740 Τάδε
220 713 403 748 λέγειΚὺριος
414 715 428 740 ὸ
441 713 507 744 Θεός
523 714 546 729 "
556 721 562 729 ·
581 713 666 747 Στῆτε
684 714 730 739 ἐπὶ
744 714 804 744 ταῖς
818 713 886 744 ὁδοῖς

965 715 1067 748 [uterite
1081 715 1193 742 semitas
1209 714 1316 742 Domini
1331 719 1461 746 mternas,
1476 717 1506 749 et
1519 713 1610 740 videte
1628 720 1690 747 quae
1706 712 1741 739 sit

106 760 155 786 καὶ
167 759 235 786 ἴδετε
246 768 253 774 ’
266 759 436 794 ὲκζητήσατε
452 759 562 794 τρίϐους
579 759 682 794 Κυρίου
705 758 828 791 αἰωνίας,
851 767 882 785 κα

968 760 993 787 ia
1008 760 1090 792 bona,
1112 765 1139 787 et
1156 760 1296 787 ambulate
1316 760 1344 787 in
1357 768 1400 791 ea,
1417 764 1446 787 et
1462 759 1610 786 invenietis
1624 757 1741 785 sanctifi-

108 803 178 830 [δετε
191 804 257 830 ποία
267 805 340 831 ἐστὶν
356 806 372 840 ἡ
391 804 450 836 ὁδὸς
465 805 481 839 ή
503 804 591 839 ἀγαθὴ
603 826 610 837 ,
634 805 683 831 καὶ
707 804 855 839 πορεύεσθε
869 805 881 830 ὲ

965 805 1085 832 ationem
1099 805 1243 831 animabus
1254 804 1354 832 vestris
1368 814 1374 831 :
1392 808 1420 831 et
1434 804 1564 831 dixerunt
1585 812 1591 829 :
1608 803 1669 830 Non
1683 810 1739 829 am<

107 849 189 884 αὐτῇ.
207 849 253 876 καὶ
271 850 402 885 εὑρήσετε
424 850 447 866 ⁵⁸
461 850 585 885 ἁγίασμα
601 851 660 880 ταῖς
685 850 784 884 ψυχαῖς
808 849 883 884 ὑμῶν

963 852 1117 879 mlabimus.
1139 850 1276 879 Constitui
1299 858 1383 885 super
1402 857 1451 877 vos
1465 849 1667 884 speculatores,
1691 856 1739 875 au-

108 881 252 921 Kai‘eimv
262 901 269 909 ’
288 881 324 921 (ίὺ
333 881 758 930 πορευσόμεθα.’Καιτέστηέιαὶ⁵⁷
769 895 812 928 ἐφ’
824 881 884 928 θμᾶι

968 898 1005 925 ite
1020 905 1115 924 vocem
1129 897 1219 924 tubae:
1232 901 1259 924 et
1273 896 1401 923 dixerunt
1414 896 1489 923 :Non
1505 895 1659 922 audiemus.
1676 894 1741 921 l‘r0»

108 939 228 971 σκοπούς
240 948 247 954 ·
260 939 394 966 ἀκούσατε
413 939 462 974 τῆς
482 939 575 974 φωνῆς
588 940 639 974 τῆς
663 941 825 973 σάλπιγγος.
841 940 884 966 Κα

970 947 1011 970 ter
1028 943 1080 970 hoc
1092 943 1240 969 audierunt
1254 947 1359 977 gentes,
1375 946 1404 969 et
1419 941 1466 976 qui
1485 945 1602 976 pascunt
1623 940 1742 975 pecudes

107 982 185 1011 εἷπον
195 993 201 999 ·
213 985 270 1011 Οὐκ
283 985 466 1020 ἀκουσόμεθα.
487 986 538 1012 Διὰ
553 987 632 1013 τοῦτο
652 986 751 1021 ἥκουσα
767 986 800 1012 τὰ
820 985 883 1020 ἔθνη

966 995 978 1013 a
992 987 1032 1014 eis
1041 992 1064 1014 ε.
1086 996 1095 1012 ι
1114 986 1214 1014 Primis
1225 986 1298 1013 enim
1309 986 1410 1013 Judieis
1424 985 1505 1012 allata
1521 988 1596 1016 sunt,
1611 989 1662 1011 eta
1677 990 1742 1018 prov

107 1031 155 1057 xa‘l
170 1031 195 1057 οἱ
211 1031 401 1066 ποιμαίνοντες
419 1031 453 1058 τὰ
467 1031 593 1067 πρόὸατα
617 1032 645 1058 ἐν
667 1033 767 1063 αὑτοίς.
791 1041 800 1057 ι
816 1031 883 1067 Πρώη

965 1033 1040 1060 ιίιειίε
1051 1037 1080 1060 et
1101 1033 1136 1059 ab
1149 1032 1291 1067 apostolis,
1313 1031 1404 1058 divina
1420 1031 1570 1066 praeconia.
1594 1030 1741 1064 Postquam

106 1084 165 1107 τοις
179 1076 229 1111 μὲν
245 1077 299 1111 γὰρ
329 1078 466 1109 Ἰουδαίοις
481 1078 654 1114 προσηνέχθη
682 1080 729 1105 καὶ
749 1077 827 1113 παρὰ
842 1078 882 1104 τῶπ

967 1086 1015 1105 ero
1026 1078 1044 1105 ii
1057 1086 1085 1105 se
1100 1083 1277 1105 contumaces
1286 1077 1475 1112 praebuerunt,
1489 1076 1581 1103 divina
1594 1076 1665 1103 dona
1675 1083 1742 1102 cun-

107 1122 256 1157 προφητῶν
272 1124 319 1149 καὶ
341 1123 416 1158 παρὰ
432 1124 487 1150 τῶν
506 1123 662 1150 ἀποστόλων
684 1124 718 1151 τὰ
735 1124 795 1150 θεῖα
809 1123 878 1159 κηρύ

967 1124 1000 1151 tis
1014 1123 1142 1158 gentibus
1156 1123 1220 1150 data
1235 1127 1308 1149 sunt.
1325 1122 1358 1149 Et
1376 1123 1432 1148 vias
1449 1122 1561 1156 quidem
1578 1125 1657 1148 vocat
1669 1121 1743 1148 Deus

107 1176 216 1203 γματα”
238 1169 332 1204 ἐπειδὴ
354 1169 380 1195 δὲ
394 1170 520 1196 ἀντεῖπον
535 1171 643 1201 ἐκεῖνοι,
669 1170 752 1196 πᾶσιν
771 1170 883 1204 ἐδωρήθη

969 1171 1100 1205 rophetae,
1117 1169 1245 1204 antiquos
1259 1169 1417 1203 prophetas,
1431 1169 1501 1195 viam
1515 1171 1607 1194 autem
1617 1168 1724 1199 bonam,
1735 1159 1744 1169 ”

107 1215 162 1245 τοῖς
173 1214 262 1241 ἔθνεσι
276 1215 309 1241 τὰ
320 1215 447 1242 θεόσδοτα
458 1215 532 1251 δῶρα
542 1224 548 1230 ·
561 1216 607 1242 καὶ
623 1215 701 1242 καλεῖ
712 1215 762 1250 μὲν
776 1216 867 1248 ὀδοὺς
881 1228 883 1238 ‹

966 1223 1038 1250 psum
1052 1215 1226 1242 Servatorem
1239 1218 1267 1241 et
1278 1214 1435 1241 Dominum.
1453 1213 1530 1240 Sicut
1542 1213 1615 1240 enim
1632 1213 1659 1239 in
1671 1211 1742 1239 viam

108 1259 155 1285 τοῦ
171 1260 312 1295 προφήτου
328 1260 394 1292 Θεὸς
414 1261 476 1291 τοὺς
499 1260 630 1292 παλαιοὺς
647 1261 788 1295 προφήτας
800 1281 807 1291 .
824 1260 884 1288 ὸδὸι

967 1261 1052 1296 egiam
1077 1260 1195 1287 tendunt
1210 1260 1392 1294 ferunturque
1415 1259 1538 1286 vicorqu
1560 1262 1588 1286 ct
1615 1264 1743 1293 agrorum

107 1304 137 1330 δὲ
152 1304 269 1338 ἀγαθὴν
282 1305 362 1332 αὑτὸν
375 1305 420 1332 τὸν
436 1306 550 1341 Σωτῆρα
567 1306 614 1332 καὶ
637 1306 749 1341 Κύριον.
762 1306 883 1341 Καθάπει

969 1306 1064 1337 amitm,
1076 1305 1116 1331 sic
1129 1304 1269 1339 prophetae
1281 1311 1377 1330 omnes
1393 1303 1466 1330 viam
1481 1303 1552 1330 hanc
1567 1302 1682 1330 credere
1696 1309 1745 1328 vo-

108 1349 163 1384 γάρ
177 1350 216 1381 είς
231 1350 279 1385 τὴν
298 1351 433 1385 βασίλειον
452 1351 591 1386 λεωφόρον
607 1353 635 1378 αἱ
651 1351 708 1378 ἀπὸ
725 1351 780 1378 τῶν
794 1353 884 1387 κωμᾶν

967 1351 1072 1378 :ntibus
1091 1350 1258 1376 indicarunt.
1275 1349 1336 1384 lpse
1350 1349 1432 1376 etiam
1456 1348 1538 1383 975
1565 1347 1698 1374 Dominus
1717 1346 1743 1372 in

109 1395 156 1423 καὶ
167 1395 221 1422 τῶν
237 1396 330 1432 ἀγρῶν
344 1397 532 1424 εἰσῦἀλλουσιν
542 1398 670 1434 ἀτραποὶ,
681 1398 766 1430 οὕτως
779 1398 885 1425 ἆπαντει

967 1399 1036 1426 aeris
1048 1398 1203 1433 Evangeliis
1219 1397 1318 1424 clamat
1331 1406 1337 1423 :
1357 1406 1366 1422 ‹
1384 1396 1440 1431 Ego
1452 1404 1511 1423 sum
1524 1396 1578 1427 via,
1593 1394 1647 1421 vita
1659 1399 1687 1421 et
1697 1401 1743 1420 ve-

109 1441 135 1466 οἱ
150 1442 288 1477 προφῆται
302 1443 404 1478 ταύτην
421 1445 478 1475 τοῖς
491 1444 631 1470 πιστεύειν
645 1444 781 1471 ἐθέλουσιν
796 1445 884 1471 ὲπεδεί

967 1444 1052 1471 itasd.
1075 1454 1084 1469 ›
1104 1444 1235 1471 llortatur
1255 1443 1348 1477 itaque
1367 1442 1486 1473 Judmos,
1503 1446 1534 1468 ut.
1548 1441 1743 1476 prophetarum

110 1496 191 1514 κνυον
205 1487 253 1523 τὴν
280 1489 348 1515 ὀδόν.
370 1489 426 1516 Καὶ
450 1489 530 1522 αὐτὸς
548 1490 577 1516 δὲ
602 1491 616 1516 ὁ
633 1491 771 1525 Δεσπότης
792 1491 821 1517 ἐν
841 1492 886 1517 τοῖς

970 1490 1061 1518 racula
1077 1490 1179 1525 legant,
1191 1492 1370 1524 quaerantque
1387 1487 1461 1523 quod
1475 1487 1509 1514 ab
1521 1487 1565 1514 his
1580 1485 1746 1522 praenuntia-

111 1534 192 1586 ἱερρῖς
205 1535 381 1569 Εὐαγγελίοις
395 1535 458 1572 βοᾷ·
477 1545 486 1562 ι
513 1537 584 1570 Ἐγώ
610 1538 668 1571 είμι
689 1538 705 1572 ὴ
725 1537 793 1569 ὁδὸς,
817 1538 887 1564 καὶῆ

968 1545 1005 1563 ur.
1024 1537 1058 1563 Et
1068 1535 1199 1570 quoniam
1211 1534 1367 1570 prophetiis
1378 1533 1617 1563 contradixerunt,
1632 1535 1744 1566 aposto-

111 1579 177 1614 ζωή,
196 1581 242 1606 καὶ
258 1581 273 1616 ή
288 1581 410 1617 ἀλήθεια.
427 1591 436 1606 ι
455 1583 587 1615 Παραινετ
597 1583 686 1609 τοίνυν
710 1583 848 1614 Ἰουδαίοις
864 1583 887 1609 τέ

967 1589 1031 1609 cam
1049 1582 1142 1609 tubam
1161 1581 1283 1608 inﬂabat.
1300 1581 1369 1614 Quia
1389 1588 1455 1607 vero
1467 1580 1568 1607 iterum
1587 1578 1719 1606 dixerunt
1736 1586 1743 1604 :

110 1623 164 1650 τῶν
178 1625 325 1660 προφητῶν
342 1627 496 1661 ἀναγνῶναι
512 1627 696 1662 θεσπίσματα,
716 1630 762 1655 καὶ
779 1629 885 1663 ζητῆσα

970 1628 1008 1655 ron
1026 1628 1172 1659 audiemus,
1189 1628 1344 1655 exclamant
1367 1627 1395 1654 in
1420 1627 1494 1661 ipsos
1517 1625 1570 1652 viri
1590 1624 1689 1656 divini,
1715 1627 1746 1650 ut

110 1669 142 1695 τὸ
156 1669 358 1706 θεσπιζὸμενον.
389 1672 499 1708 Ἐπειδὴ
518 1673 546 1699 δὲ
559 1674 685 1700 ἀντεῖπον
710 1676 771 1705 ταῖς
792 1684 883 1710 προφη

969 1682 1041 1702 .ucas
1055 1674 1083 1700 in
1098 1673 1213 1701 Actibus
1230 1677 1325 1700 narrat
1341 1681 1348 1699 :
1374 1682 1382 1698 ι
1400 1671 1550 1706 Oportebat
1564 1670 1683 1705 primum
1697 1677 1745 1696 vo-

110 1715 216 1746 τείαις,
244 1717 294 1750 τὴν
319 1717 500 1753 ἀποστολικὴν
536 1719 718 1754 προσενήνοχε
748 1720 885 1754 σάλπιγγα

972 1720 995 1747 is
1009 1719 1082 1754 loqui
1095 1719 1210 1746 verbum
1226 1719 1286 1750 Dei,
1300 1718 1347 1745 sed
1360 1718 1491 1752 quoniam
1501 1716 1629 1750 indignos
1641 1722 1690 1742 vos
1703 1715 1747 1749 ju-

117 1757 226 1794 Ἐπειδὴ
243 1758 271 1785 δὲ
287 1760 368 1787 πάλιν
384 1759 460 1787 εἷπον
477 1761 510 1794 ⁵³,
537 1763 598 1789 vim
617 1763 817 1798 ἀκουσόμεθα,
832 1764 893 1799 βοῶ-

972 1766 1051 1793 icatis
1069 1765 1124 1792 vita
1141 1769 1253 1796 mterna,
1268 1764 1330 1799 puri
1346 1771 1396 1791 nos
1421 1763 1483 1789 inde
1506 1762 1539 1789 ab
1555 1762 1607 1788 hoc
1625 1765 1746 1795 tempore

113 1811 154 1829 σιν
171 1804 241 1838 πρὸς
253 1805 350 1838 αὐτοὺς
362 1807 387 1832 οί
400 1806 466 1834 θεῖοι
479 1808 585 1843 ἄνδρες.
600 1809 638 1840 ὡς
653 1810 667 1835 ὁ
682 1810 789 1841 Λουκᾶς
800 1811 828 1836 ὲν
840 1811 889 1836 ταῖι

974 1800 1166 1839 roliciscemur
1179 1811 1213 1837 ad
1225 1814 1321 1845 gentes
1336 1816 1358 1836 θ.
1378 1820 1387 1835 ι
1405 1809 1511 1836 Rursus
1529 1809 1600 1835 idem
1614 1808 1746 1843 propheta

112 1849 248 1884 Πράξεσιν
276 1852 396 1887 ἱστορεῖ·
426 1862 435 1878 ι
461 1853 540 1888 Ὑμῖν
563 1852 598 1889 ἦν
622 1855 771 1888 ἀναγκαῖον
792 1855 888 1889 πρῶτοι

972 1858 1076 1885 entium
1092 1857 1208 1884 salutem
1225 1855 1366 1893 praedicit,
1381 1855 1533 1888 clamatque
1555 1853 1588 1881 ad
1607 1853 1748 1880 universo-

112 1894 226 1930 λαλῆσαι
237 1896 282 1922 τὺν
297 1897 375 1931 λόγον
388 1898 435 1924 τοῦ
451 1898 535 1924 Θεοῦ·
551 1899 644 1933 ἐπειδὴ
656 1899 684 1925 δὲ
701 1900 827 1932 ἀναξίους
837 1901 886 1927 ὲαυ

972 1911 1016 1929 um
1028 1903 1114 1929 Deum
1132 1911 1138 1928 :
1158 1911 1167 1928 ι
1189 1891 1315 1933 Domine,
1328 1899 1462 1927 fortitudo
1486 1907 1556 1931 mea,
1574 1903 1601 1926 et
1615 1898 1747 1925 auxilium

112 1941 177 1972 τοὺς
190 1941 298 1976 κρίνετε
316 1942 364 1976 τῆς
379 1943 489 1969 αἰωνίου
511 1942 593 1978 ζωῆς,
621 1944 735 1979 καθαροὶ
748 1946 828 1979 ἡμεῖς
847 1946 887 1972 ἀπ

971 1951 1091 1979 1eum,et
1107 1947 1242 1982 refugium
1255 1953 1356 1978 meum,
1366 1945 1411 1973 die
1425 1945 1570 1972 malorum.
1586 1944 1626 1972 Ad
1638 1950 1665 1971 te
1680 1952 1747 1980 gen-

111 1985 160 2012 τοῦ
174 1985 223 2012 νῦν
239 1987 280 2017 είς
299 1989 333 2013 τὰ
346 1987 409 2022 ἑθνη
430 1988 629 2023 πορευσόμεθα.
652 1998 661 2014 ι
680 1989 764 2016 Πάλιν
780 1990 871 2025 μέντοι

972 2001 997 2020 es
1008 1993 1119 2020 venient
1132 1992 1166 2019 ab
1174 1996 1296 2019 extremo
1308 1995 1398 2022 terrae,
1410 1994 1438 2016 et
1450 1990 1559 2016 dicent:
1577 1989 1664 2022 Quam
1677 1997 1748 2016 vana

117 2032 262 2067 προφήτης
278 2032 332 2058 τῶν
353 2033 438 2060 ἐθνῶν
465 2033 514 2067 τὴν
536 2034 673 2069 σωτηρίαν
691 2034 826 2068 θεσπίζει,
853 2037 893 2062 xa.‘

974 2043 983 2065 t
996 2039 1061 2065 falsa
1073 2037 1256 2072 possederunt
1273 2041 1365 2071 patres
1382 2035 1469 2062 nostri
1484 2035 1565 2066 idola,
1583 2039 1610 2062 et
1625 2043 1677 2062 non
1690 2039 1749 2062 erat

117 2076 185 2113 πρὸς
194 2077 240 2104 τὸν
253 2078 306 2104 τῶν
316 2079 384 2105 ὅλων
397 2078 463 2105 Θεὸν
476 2079 567 2115 βοᾷ⁵⁹³
584 2088 593 2105 ι
609 2079 705 2115 Κύριε,
719 2081 735 2116 ἡ
753 2081 828 2116 ἰσχύς
840 2090 890 2116 μου

971 2093 983 2111 ιι
994 2084 1035 2112 eis
1046 2083 1167 2110 utilitas!
1185 2082 1315 2117 Nunquid
1331 2081 1413 2109 faciet
1441 2081 1493 2108 sibi
1512 2081 1564 2114 ipsi
1581 2081 1661 2107 homo
1671 2080 1747 2113 deos,

114 2123 159 2150 καὶ
170 2125 187 2160 ἡ
203 2124 314 2160 βοήθειά
328 2134 390 2161 μου,
400 2126 448 2153 καὶ
458 2126 603 2162 καταφυγὴ
616 2127 639 2142 ⁸ο
653 2127 681 2153 ὲν
692 2127 783 2163 ἡμέρᾳ
797 2128 890 2154 κακῶν

975 2134 984 2156 ι
998 2129 1049 2164 ipsi
1066 2136 1121 2155 non
1142 2133 1207 2155 sunt
1221 2128 1260 2155 dii
1274 2127 1308 2154 r?
1330 2137 1338 2153 ι
1355 2126 1426 2160 Quid
1452 2126 1496 2153 his
1523 2125 1615 2153 verbis
1633 2125 1749 2153 manife-

115 2169 183 2204 πρὸς
206 2171 236 2197 σὲ
262 2171 325 2206 ἔθνη
353 2172 463 2206 ἥξουσιν
480 2172 535 2199 ἀπὸ
556 2172 670 2208 ἐσχάτου
697 2174 746 2208 τῆς
774 2174 835 2209 γῆς,
855 2184 891 2201 κα

973 2175 1049 2202 tius?
1073 2174 1214 2208 Tanquam
1237 2180 1358 2208 praesens
1370 2173 1460 2204 enim,
1476 2176 1656 2207 spectansque
1674 2171 1747 2198 orbis

114 2215 221 2250 ἐροῦσιν
231 2223 238 2230 ”
256 2216 298 2247 Ὡς
308 2216 393 2252 ψευδῆ
402 2217 552 2252 ἐκτήσαντο
562 2219 586 2243 οι
601 2217 718 2253 πατέρες
734 2218 812 2253 ἡμῶν
825 2219 887 2245 εἴδω

970 2228 1092 2247 errarum
1117 2219 1297 2246 mutationem
1308 2239 1315 2251 ,
1330 2223 1359 2245 et
1382 2219 1459 2253 quasi
1482 2218 1589 2245 audiret
1604 2222 1698 2253 gentes
1714 2217 1746 2244 ad

125 2261 168 2294 λα,
183 2262 230 2288 καὶ
242 2262 293 2288 οὐκ.
304 2260 338 2296 ἦν
356 2263 384 2288 ὲν
398 2263 489 2294 αὐτοῖς
499 2263 626 2297 ὠφέλεια,
640 2265 664 2290 εί
681 2265 789 2300 ποιήσει
805 2265 825 2280 ⁸¹
842 2265 901 2291 ἐαυ-

971 2264 1149 2292 ιωιιίιοιιιὶιιιιι
1178 2271 1344 2295 conversas,
1372 2263 1585 2298 deridentesque
1611 2262 1747 2290 idolorum

125 2306 165 2342 τῷ
191 2307 332 2343 ἄνθρωπος
348 2307 435 2341 θεοὺς,
464 2308 510 2335 καὶ
524 2309 600 2335 αὐτοὶ
623 2309 672 2335 οὐκ
687 2310 740 2335 εἰσὶ
761 2310 825 2336 θεοί.
846 2320 854 2336 ι
875 2311 901 2336 Ti

973 2309 1192 2341 inbecillitatem,
1216 2309 1256 2336 sic
1270 2309 1380 2336 oracula
1401 2316 1449 2335 sua
1472 2308 1644 2343 conscripsit.
1666 2308 1749 2335 Amos

115 2352 217 2379 τούτων
231 2353 429 2388 ἐναργέστερον
445 2355 501 2380 τῶν
514 2355 644 2389 ῥημάτων
658 2363 665 2386 ;
688 2355 731 2386 Ὧς
744 2354 799 2390 γὰρ
812 2355 891 2390 παρὼ

976 2360 1049 2383 utem
1068 2354 1217 2390 propheta,
1232 2363 1287 2382 non
1306 2355 1394 2381 solum
1410 2354 1531 2389 gentium
1553 2354 1679 2386 salutem,
1702 2354 1748 2380 sed

117 2399 131 2424 ὸ
144 2399 288 2434 προφήτης
302 2399 350 2424 καὶ
360 2397 496 2433 θεώμενος
507 2399 556 2435 τὴν
576 2399 625 2434 τῆς
640 2401 804 2435 οἰκουμένης
820 2409 893 2435 μεταη

975 2401 1114 2428 udzeorum
1126 2408 1236 2435 quoque
1246 2401 1447 2435 dispersioncm
1460 2399 1594 2434 praedicit,
1603 2400 1646 2426 vel
1659 2399 1749 2434 potius

118 2443 208 2479 ϐολὴν,
223 2443 270 2470 καὶ
281 2443 330 2478 τῆς
343 2443 398 2470 τῶν
416 2444 502 2470 ἐθνῶν
524 2445 705 2479 μεταμελείας
726 2445 842 2477 ἀκούων,
855 2446 894 2473 καὶ

973 2454 1007 2474 .er
1031 2446 1152 2481 linguam
1177 2446 1235 2480 ejus
1251 2445 1309 2480 ipse
1333 2445 1525 2472 universorum
1549 2444 1630 2471 Deus.
1650 2453 1658 2469 ι
1680 2445 1749 2471 Ecce

118 2489 321 2524 κωμῳδούντων
336 2489 412 2525 [148]
427 2489 530 2516 ἐπαΐων
544 2490 593 2525 τὴν
604 2490 659 2517 τῶν
679 2490 797 2517 εἰδώλων
822 2491 894 2517 ἀσθέ-

975 2491 1041 2523 nim,
1053 2490 1152 2525 inquit,
1165 2490 1248 2526 976
1258 2497 1308 2525 ego
1322 2490 1432 2520 mando,
1447 2494 1476 2517 et
1491 2489 1629 2516 ventilabo
1643 2489 1669 2516 in
1684 2497 1750 2516 cun-

118 2543 201 2566 νειαν,
214 2533 302 2566 οὕτως
314 2534 466 2570 ξυνέγραψε
476 2534 522 2561 τὸν
537 2535 671 2571 χρησμόν.
693 2535 748 2562 Καὶ
769 2534 858 2570 Ἀμὼς
881 2536 894 2551 δ’

973 2537 1013 2563 :tis
1031 2536 1159 2572 gentibus
1176 2536 1287 2563 domum
1303 2535 1421 2568 lsraelis,
1437 2534 1666 2570 quemadmodum
1682 2542 1749 2562 vcn-

154 2612 280 2640 διθτθω.
293 2621 332 2645 ιιι,
350 2613 393 2640 17.
432 2619 442 2633 σ
458 2613 559 2640 Jerem.
579 2622 616 2646 vi,
632 2613 722 2641 16-18.
758 2613 770 2633 τι
784 2614 862 2641 Joan.
879 2622 930 2645 xw,

811 2622 862 2641 ian.
879 2622 932 2645 xw,
950 2614 976 2641 6.
1018 2620 1028 2634 ε
1044 2615 1104 2641 Act.
1120 2622 1176 2647 xm,
1194 2613 1236 2641 46.
1276 2611 1285 2632 ί
1301 2612 1403 2640 Jcrem.
1425 2619 1478 2644 xvi,
1492 2611 1533 2643 l9,
1543 2611 1587 2638 20.

776 2684 893 2712 νλῐῖΙλΕ
912 2684 1113 2712 LECTIONES.

151 2740 173 2757 ”
184 2740 283 2779 Θρόνον
300 2740 427 2779 δίτιιικυξ
442 2741 552 2779 κέρεος.
566 2741 694 2779 Κύριοςγὸ
704 2740 769 2779 Θερς
785 2741 832 2779 B.__
847 2742 870 2779 ἦέ
885 2741 1024 2779 εὑρήσετῆ
1043 2740 1178 2779 ξυρήσηῖ.
1193 2739 1314 2779 (s_su_pra
1328 2737 1414 2779 ηλΒ..
1451 2738 1473 2753 ⁵⁷
1499 2736 1663 2779 κατέστησα.
1685 2737 1751 2779 καθς

120 2771 220 2802 εττακα
245 2775 315 2808 (sine
331 2775 439 2809 acc.)B.
459 2771 578 2802 ⁵⁸ἐῖπον.
605 2771 728 2802 ἀντεῖπον
745 2776 774 2802 Β.
812 2776 834 2791 ⁵⁵
849 2771 988 2811 Θεὸίβὸᾷ.
1013 2776 1061 2811 βοᾷ
1076 2771 1181 2802 Osiri-l3.
1197 2771 1201 2772 ν
1220 2775 1241 2790 ⁶⁰
1259 2771 1343 2808 Κύριε
1357 2771 1432 2811 texi};
1443 2781 1504 2811 μου,
1518 2771 1617 2811 βοηθός
1635 2779 1685 2811 μου
1706 2772 1753 2798 καὶ

119 2805 260 2844 καταφυγή
275 2819 335 2843 μου.
350 2805 426 2845 κύριε
461 2812 488 2844 (ἡ
502 2811 638 2845 suprast
670 2811 745 2845 ἰσχύς
775 2820 826 2846 μου
850 2811 896 2836 καὶ
910 2805 934 2846 ἡ¹
950 2805 1059 2846 MOE-.3:
1094 2819 1143 2846 μου
1161 2810 1206 2837 καὶ
1236 2805 1424 2843 κατέφυγὴᾘ,
1444 2805 1501 2834 ’καὶ
1517 2805 1639 2842 βοήθειαν
1655 2805 1676 2833 C
1701 2814 1752 2840 pro

120 2846 223 2880 βοηθός.
253 2846 272 2860 δι
288 2846 403 2881 ποιήσει.
424 2847 519 2881 ποιήσῃ
535 2847 564 2873 (ἶ.
604 2847 624 2860 ε’
650 2847 746 2881 "Apin;
764 2845 853 2880 Ἀμὰς
868 2845 897 2873 Β.
