1965 3051
203 117 270 151 1087

693 122 936 153 THEODORETI
954 124 1123 155 EPISCOPI
1143 126 1321 157 CYRENSIS

1756 127 1832 161 1088

202 175 296 203 .ilatur
318 177 346 203 in
359 177 513 204 ventilabro
522 178 544 203 Β.
563 188 572 203 ι
588 178 620 204 Ει
636 179 717 212 paulo
739 183 800 213 post
818 189 824 206 :
848 190 857 205 ι
875 182 923 207 Dte
940 179 986 208 illo

1042 183 1064 208 δὲ
1081 184 1095 208 ὁ
1115 186 1259 219 προφήτης
1280 185 1310 210 οὐ
1327 184 1406 219 μόνον
1427 184 1476 220 τὴν
1491 185 1545 212 τῶν
1562 185 1647 212 ἐθνῶν
1673 188 1830 223 σωτηρίαν,

201 223 341 249 suscitabo
359 224 566 250 tabernaculum
585 224 695 251 Davidis
706 228 780 259 quod
795 226 942 258 ceciderat,
961 231 988 253 et

202 266 303 294 iterum
319 267 459 295 aadificabo
472 268 565 295 ruinas
573 269 642 303 ejus,
656 273 683 296 et
695 269 802 297 defossa
812 271 871 305 ejus
887 271 988 299 iterum

201 312 351 339 :edificabo.
371 313 405 339 Et
416 313 558 341 aediﬁcabo
570 314 637 341 illud
650 314 741 342 denuo
751 315 822 342 sicut
833 316 930 344 diebus
941 325 990 344 an-

203 357 286 390 tiquis
305 365 312 383 :
330 361 362 384 ut
377 363 501 392 quaerant
516 366 559 385 me
572 359 675 386 residui
691 360 843 394 hominum,
856 366 884 388 et
894 370 990 390 omnes

201 406 297 437 gentes
313 410 396 438 super
408 412 477 438 quas
487 410 615 432 vocatum
630 410 672 433 est
685 413 784 434 nomen
802 415 892 434 meum
902 428 909 440 ,
923 408 990 435 dicit

201 448 333 476 Dominus
350 450 397 484 qui
419 450 484 477 facit
511 451 569 477 haec
585 452 708 478 omniah.
729 462 738 477 ι
767 451 795 479 Si
810 453 873 487 quis
897 458 989 480 autem

202 499 323 522 vestrum
339 495 409 522 scire
426 496 574 528 desiderat,
591 497 728 531 quodnam
747 497 783 524 sit
796 498 848 525 hoc
861 498 989 526 taberna-

203 540 306 571 culum,
316 541 548 568 audiatJoannem
564 543 769 569 sanctissimum
788 543 826 570 sic
836 543 988 571 dicentem:

207 599 216 615 ι
235 591 355 618 Verbum
368 600 431 625 caro
445 592 546 619 factum
560 597 612 625 cst,
624 598 652 620 et
668 593 802 620 habitavit
817 594 843 621 in
860 595 950 626 nobis,
963 600 991 622 et

202 636 322 663 vidimus
344 637 459 671 gloriam
482 638 557 672 ejus,
576 638 690 672 gloriam
703 639 710 647 ‘
729 639 806 672 quasi
823 639 960 674 Unigeniti
975 649 990 667 a

201 681 292 714 Patre,
310 683 421 716 plcitum
436 684 530 717 gratia:
539 687 567 710 et
579 684 701 711 veritatis
715 685 734 711 ⁵.
755 695 763 710 ι
781 685 886 719 Clamat
898 691 990 714 autem

201 731 229 753 et
246 727 424 761 Sophonias:
447 738 456 753 ι
471 729 621 762 Apparebit
646 730 777 757 Dominus
799 738 881 765 super
904 731 989 766 ipsos,

201 776 229 798 et
251 772 347 806 perdet
371 780 467 800 omnes
495 773 561 800 deos
584 778 684 801 terrm:
703 780 730 802 et
746 775 903 802 adorabunt
925 784 988 803 eum

202 817 391 852 unusquisque
416 818 450 845 dc
479 818 540 845 loco
562 827 622 851 suo,
644 824 671 846 et
695 828 790 847 omnes
808 820 904 848 insulae
922 829 989 856 gen-

201 862 305 890 timui.
327 872 336 889 ι
352 864 421 897 Quia
433 864 507 890 enim
529 864 630 892 Judaeis
651 866 798 900 praecepit,
814 871 844 894 ut
858 868 989 902 templum

202 908 276 942 quod
291 913 332 936 est
356 909 553 944 Hierosolymis
566 930 572 941 ,
591 910 808 944 frequentarent,
835 914 989 940 necessario

202 954 310 981 addidit
332 954 390 981 fore
400 959 439 986 ut,
456 955 531 982 falsis
546 955 599 982 diis
609 955 642 982 de
659 957 749 983 medio
764 957 889 989 sublatis,
903 966 989 986 unus-

202 1000 319 1034 quisque
330 1008 424 1027 verum
440 1001 526 1027 Deum
539 1001 645 1033 adoret,
661 1009 712 1029 nec
722 1007 857 1037 cogantur
875 1004 908 1031 ad
921 1004 989 1031 illud

203 1045 334 1079 templum
346 1052 501 1077 accurrere,
515 1052 578 1072 cum
591 1046 618 1073 in
634 1047 691 1074 suis
706 1047 830 1080 urbibus,
847 1049 929 1083 agris,
943 1057 992 1084 pa-

202 1090 254 1125 gis,
266 1090 369 1117 cultum
383 1090 437 1117 Deo
452 1091 601 1118 exliibituri
616 1093 679 1120 sint.
698 1093 732 1120 Et
749 1097 811 1128 post
827 1102 913 1128 pauca
927 1103 990 1121 rur-

202 1142 251 1162 sus
260 1134 298 1162 ait
315 1145 321 1161 z
347 1145 355 1160 ι
374 1135 451 1162 Tunc
469 1141 626 1163 convertam
641 1137 673 1164 ad
690 1139 806 1172 populos
819 1139 939 1174 linguam
963 1140 990 1167 in

202 1180 405 1215 generationem
419 1181 495 1216 ipsis,
512 1185 543 1208 ut
564 1182 709 1209 invocetur
721 1184 802 1218 977
820 1192 920 1212 nomen
935 1186 990 1212 Do-

202 1225 281 1257 mini,
311 1230 341 1253 ut
364 1226 485 1253 serviant
505 1227 530 1254 ei
554 1227 605 1254 sub
623 1228 718 1262 jugum
734 1237 818 1256 unum
835 1239 841 1256 :
860 1238 875 1257 a
890 1230 991 1258 finibus

202 1270 348 1298 ﬂuviorum
361 1271 507 1306 Ethiopite
515 1272 604 1300 ferent
613 1273 680 1300 mihi
695 1274 828 1302 sacriﬁcia
842 1276 864 1302 ιι.
881 1285 889 1301 ι
904 1276 990 1304 Unam

203 1316 276 1343 enim
291 1317 478 1351 apostolorum
504 1318 636 1352 linguam,
667 1327 728 1354 qua:
746 1325 804 1347 erat
819 1312 941 1353 Galilaaa,‘
964 1322 990 1349 in

204 1366 366 1388 cunctarum
379 1363 501 1397 gentium
513 1363 620 1398 linguas
633 1364 736 1396 divisit,
753 1365 937 1400 omnibusque
945 1367 993 1393 de-

203 1407 268 1434 tulit
282 1408 430 1435 salutarem
447 1409 630 1436 vocationem.
653 1410 706 1438 Sed
718 1414 746 1437 et
769 1418 819 1445 per
833 1411 992 1439 Zachariam

203 1459 311 1486 quoque
322 1461 441 1480 consona
457 1453 501 1480 his
514 1454 638 1488 praedicit
651 1464 657 1482 :
674 1465 683 1481 ‹
701 1456 842 1483 Dclectare
850 1461 878 1484 et
889 1457 990 1491 lauare,

204 1497 260 1525 filia
276 1497 376 1525 Sionis.
392 1499 462 1526 Ecce
483 1507 534 1534 ego
550 1500 649 1533 venio,
668 1505 695 1528 et
714 1501 845 1529 habitabo
858 1503 885 1529 in
902 1503 992 1531 medio

204 1543 255 1575 tui,
271 1543 338 1570 dicit
351 1544 483 1572 Dominus
498 1554 503 1571 :
517 1550 545 1573 et
560 1546 718 1582 confugient
734 1553 830 1582 gentes
849 1548 941 1575 multae
957 1549 991 1576 ad

204 1589 350 1616 Dominum
365 1590 410 1617 die
422 1591 478 1622 illo,
491 1595 519 1618 et
530 1596 611 1618 erunt
625 1592 674 1626 ipsi
690 1592 717 1619 in
730 1593 861 1627 populum
874 1602 880 1619 :
897 1598 925 1621 et
942 1594 991 1621 ha-

204 1634 332 1662 bitabunt
344 1635 371 1662 in
383 1636 474 1662 medio
491 1636 541 1668 tui,
560 1642 588 1664 ct
611 1645 759 1672 cognosces
773 1640 919 1668 Dominum
931 1648 991 1668 om~

204 1678 375 1712 nipotentem
392 1680 499 1707 misisse
523 1688 566 1708 me
582 1681 616 1708 ad
631 1686 657 1709 te
669 1681 690 1709 ι.
706 1693 715 1708 ι
733 1684 763 1710 1η
784 1684 886 1718 quibus
899 1685 993 1713 verbis

205 1723 363 1758 unigenitus
378 1725 426 1751 Dei
443 1725 545 1759 Filius,
559 1731 586 1753 et
601 1734 679 1754 suam
698 1728 786 1762 ipsius
801 1733 829 1757 et
841 1730 930 1758 Patris
946 1739 992 1758 os-

205 1769 456 1804 tenditpersonam.
469 1771 568 1798 Missus
580 1780 646 1799 vcro
661 1780 721 1800 esse
735 1774 850 1808 dicitur,
861 1776 926 1810 quia
936 1783 992 1803 non

205 1814 277 1841 sicut
290 1815 371 1848 Deus,
385 1817 433 1843 scd
445 1817 517 1844 sicut
533 1816 617 1844 homo
630 1819 767 1853 apparuit.
785 1819 920 1848 Convenit
935 1829 992 1849 au—

206 1865 261 1888 tem
273 1860 310 1894 ei,
326 1861 354 1888 in
369 1862 488 1889 adventu
502 1870 553 1890 suo
566 1863 678 1898 implere
690 1864 826 1899 justitiam
837 1873 888 1900 pro
902 1866 992 1895 homi-

205 1905 299 1939 nibus,
322 1914 354 1934 ac
373 1912 502 1942 praestare
525 1908 711 1936 obedientiam
723 1930 730 1942 ,
751 1918 832 1944 quam
850 1915 993 1947 tantopere

205 1953 415 1980 commendavit.
432 1953 467 1980 Et
479 1961 575 1981 rursus
589 1963 596 1982 :
618 1964 626 1980 ι
640 1955 722 1983 Valde
735 1956 845 1989 laeteris,
862 1957 917 1984 filia
931 1957 993 1985 Sio-

205 1997 259 2030 nis,
270 1998 397 2033 pracdica,
409 2007 425 2026 ο
437 1999 491 2026 ﬁlia
507 1999 700 2036 Hierosolyma:
711 2009 716 2027 :
728 2002 858 2036 quoniam
866 2010 930 2030 ecce
944 2011 992 2030 rex

207 2047 270 2070 tuus
283 2043 359 2071 venit
372 2044 406 2071 ad
420 2048 445 2071 te
458 2045 549 2079 justus
563 2050 591 2072 ct
602 2046 720 2073 salvator
733 2055 739 2073 :
753 2047 810 2081 ipse
821 2052 990 2081 mansuetus,

205 2088 305 2117 madens
330 2097 412 2124 super
426 2091 581 2125 jumentum
601 2096 630 2118 et
656 2092 772 2126 pullum.
798 2093 832 2119 Et
851 2093 994 2128 disperdat

205 2141 304 2162 currus
319 2143 353 2162 cx
367 2135 506 2169 Ephraim,
525 2140 552 2163 et
565 2144 665 2171 equum
682 2145 715 2163 ex
731 2137 919 2174 Hierosolyma
935 2148 942 2166 :
965 2144 993 2167 et

205 2179 385 2214 dissipabitur
399 2188 480 2207 arcus
491 2181 565 2212 belli,
583 2187 611 2208 et
623 2181 771 2208 multitudo
786 2183 861 2217 pacis
875 2191 913 2210 cx.
925 2191 992 2218 gen-

207 2226 289 2253 tibus.
306 2226 339 2253 Et
354 2225 541 2254 dominabitur
560 2235 575 2254 a
590 2228 658 2254 mari
673 2236 760 2262 usque
780 2228 814 2255 ad
832 2237 917 2261 mare,
936 2234 964 2257 et
976 2237 992 2257 ιι

205 2272 367 2299 ﬂuminibus
381 2280 467 2306 usque
483 2273 517 2299 ad
532 2272 601 2300 fines
614 2278 693 2301 terra:
704 2280 733 2301 In.
754 2284 763 2299 ι
780 2275 814 2302 Ει
827 2283 923 2302 rursus
931 2280 993 2310 post

207 2318 292 2346 multa
306 2327 312 2345 :
331 2327 340 2343 ι
364 2318 398 2345 Ει
410 2318 542 2345 Dominus
558 2319 610 2345 erit
631 2328 678 2346 rex
692 2328 775 2354 super
789 2320 873 2356 978
883 2329 992 2349 omnem

207 2368 319 2391 terram.
334 2364 383 2390 Dic
398 2363 445 2390 illo
463 2364 516 2390 erit
531 2364 663 2391 Dominus
677 2373 758 2396 unus,
771 2370 798 2392 ct
814 2373 914 2392 nomen
933 2366 994 2401 ejus

209 2417 303 2440 unum,
315 2409 440 2436 ambiens
452 2409 480 2436 in
491 2409 608 2437 circuitu
621 2418 729 2437 onmem
742 2414 843 2438 terram
859 2415 886 2438 et
900 2411 995 2439 deser-

207 2458 266 2481 tum
276 2458 299 2480 η.
316 2464 325 2479 ι
344 2454 479 2487 Quidnam
491 2454 600 2487 horum,
614 2455 701 2488 oviri,
716 2460 759 2483 est
774 2457 933 2489 obscurum,
947 2460 995 2483 aut

207 2499 383 2526 enarratione
406 2498 531 2534 indiget?
555 2498 610 2526 Aut
623 2502 629 2509 ‘
647 2500 713 2535 quid
727 2508 822 2527 eorum
840 2509 901 2535 qua:
921 2501 995 2529 dicta

245 2577 258 2596 5
273 2576 401 2612 Amgsm,
412 2575 437 2603 9.
476 2576 491 2596 ιι
504 2575 571 2612 ibid.
584 2576 627 2609 Η,
641 2576 683 2612 12.
713 2576 730 2612 γι
745 2577 824 2604 Joan.
845 2577 925 2612 1,“,
962 2576 969 2602 i
987 2578 991 2603 1

1045 2577 1110 2605 hon.
1124 2585 1152 2611 ιι,
1167 2577 1211 2604 ll.

211 2611 255 2638 Η.
291 2617 311 2631 ιη
327 2611 439 2638 Zachar.
453 2619 489 2643 ιι,
508 2611 535 2643 9,
552 2611 593 2638 10.
633 2617 646 2630 ιι
658 2611 772 2639 Zachar.
787 2620 841 2645 xxv,
856 2613 884 2644 9,
898 2611 942 2638 10.

1038 227 1105 255 ἀλλὰ
1116 230 1161 255 καὶ
1172 230 1220 264 τὴν
1231 230 1284 256 τῶν
1300 230 1432 257 Ἰουδαίων
1444 231 1570 266 προλέγει
1582 231 1742 267 διασπορὰν,
1755 234 1833 268 μᾶλ-

1039 272 1084 299 λον
1097 273 1124 299 δὲ
1149 273 1193 300 διὰ
1215 274 1266 309 τῆς
1291 275 1396 301 ἐκείνου
1424 275 1548 311 γλώττης
1564 276 1668 309 αὑτδςό
1686 277 1740 304 τῶν
1757 279 1831 305 ὅλων

1041 318 1121 350 Θεός.
1139 329 1148 344 ι
1168 320 1232 346 Ἰδοὺ
1257 320 1322 355 γὰρ,
1351 321 1443 355 φησὶν,
1467 320 1522 355 ἐγὼ
1538 321 1706 357 ἐντέλλομαι,
1723 323 1771 349 καὶ
1786 323 1830 350 λι-

1040 364 1138 398 κμὴσω
1149 365 1177 389 ὲν
1190 365 1257 390 πᾶσι
1272 365 1327 395 τοῖς
1339 364 1428 391 ἔθνεσι
1442 365 1487 391 τὸν
1501 362 1575 392 οἶκον
1593 367 1710 401 Ἰσραὴλ,
1723 368 1753 394 ὃν
1762 368 1831 402 τρό-

1040 417 1090 434 πον
1109 409 1240 443 λικμᾶται
1255 410 1284 434 ὲν
1299 409 1336 444 τῷ
1348 410 1448 445 λικμῷ.
1468 419 1477 436 ι
1493 410 1547 436 Καὶ
1565 411 1623 446 μετ’
1639 411 1716 446 ὀλίγα
1728 421 1734 427 ·
1755 421 1765 438 ι
1779 412 1830 439 'Ev

1039 455 1072 488 τῇ
1100 454 1191 488 ἡμέρᾳ
1207 455 1298 490 ἐκείνῃ
1317 455 1461 489 ἀναστήσω
1486 455 1536 491 τὴν
1551 456 1653 491 σκηνὴν
1676 458 1757 484 Δαϐὶδ
1775 458 1831 493 τὴν

1040 499 1233 525 πεπτωκυῖαν·
1259 500 1305 525 καὶ
1330 499 1533 535 ἀνοικοδομήσω
1559 501 1581 516 ⁸³
1604 501 1637 527 τὰ
1660 502 1830 528 πεπτωκότα

1040 543 1135 577 αὐτῆς,
1152 544 1247 570 καὶτὰ
1263 545 1476 579 κατεσκαμμένα
1497 546 1581 580 αὐτῆς
1603 546 1809 582 ἀνοικοδομήσω
1821 556 1830 563 ·

1041 589 1088 615 καὶ¹
1102 589 1306 624 ἀνοικοδομήσω
1325 589 1409 624 αὐτὴν
1420 589 1512 621 καθὼς
1526 591 1554 616 at
1578 591 1679 626 ἡμέραι
1699 591 1746 618 τοῦ
1760 592 1832 617 αίῶ-

1041 643 1086 666 νος
1096 643 1102 650 ·
1121 635 1195 666 ὅπως
1210 634 1243 660 ἂν
1263 634 1435 670 ὲκξητήσωσί
1451 643 1485 670 με
1499 636 1523 661 οί
1538 636 1696 663 κατάλοιποι
1711 637 1765 662 τῶν
1780 637 1831 662 ἁν-

1042 679 1157 715 ορῶπων
1172 680 1218 707 καὶ
1231 680 1319 706 πάντα
1332 681 1366 706 τὰ
1381 680 1455 715 ἔθνη,
1477 681 1518 714 ἐφ’
1533 680 1580 712 οὒς
1595 682 1773 717 ἐπικέκληται
1798 682 1830 708 τὸ

1041 726 1126 760 ὕνομά
1143 735 1192 760 μου
1209 726 1252 752 ἐπ’
1265 726 1380 757 αὐτοὺς,
1403 726 1477 760 λέγει
1494 725 1620 761 Κύριοςὸ
1635 727 1718 753 ποιῶν
1740 727 1830 753 ταῦτα

1041 770 1130 797 πάντα
1148 770 1180 797 ⁵⁸.
1198 780 1207 796 ι
1225 771 1256 797 Εἰ
1271 771 1299 797 δέ
1313 779 1354 802 τις
1370 770 1493 805 βούλεται
1512 771 1607 806 μαθεῖν
1628 772 1670 804 τίς
1688 773 1704 808 ὴ
1727 773 1828 808 σκηνὴ,

1041 816 1186 843 ἀκουσάτω
1204 815 1251 842 τοῦ
1275 816 1418 843 Θεσπεσίου
1449 817 1571 843 Ἰωάννου
1593 817 1733 851 λέγοντος·
1764 828 1773 844 ι
1797 818 1829 844 '0

1041 863 1127 896 Λόγος
1140 863 1162 879 ⁵⁵
1179 862 1248 897 σὰρξ
1262 862 1380 896 ἐγένετο,
1399 863 1446 889 καὶ
1465 864 1620 897 ἐσκήνωσεν
1640 865 1669 890 ὲν
1685 865 1750 899 ἡμῖν
1767 866 1828 899 (καὶ

1040 907 1214 943 ἐθεασάμεθα
1235 907 1284 943 τὴν
1303 908 1381 941 δόξαν
1399 908 1492 939 αὐτοῦ,
1509 909 1588 940 δόξαν
1603 910 1640 941 ὡς
1657 909 1828 943 Μονογενοῦς

1040 954 1116 988 παρὰ
1127 953 1254 989 Πατρὸς)
1277 954 1385 989 πλήρης
1400 954 1510 989 χάριτος
1522 955 1568 981 καὶ
1582 955 1718 989 ἀληθείας.
1737 965 1746 981 ι
1772 956 1829 991 Boi.

1040 999 1069 1027 δὲ
1086 999 1133 1026 καὶ
1157 998 1287 1033 Σοφονίας
1300 1008 1307 1014 ·
1329 1008 1338 1024 ι
1360 999 1572 1034 Ἐπιφανήσεται
1598 1000 1701 1034 Κύριος
1721 1001 1830 1027 ἐπάὑ-

1040 1046 1114 1077 τοὺς,
1130 1045 1179 1072 καὶ.
1192 1044 1378 1080 ἑξολοθρεύσει
1393 1045 1497 1076 πάντας
1515 1046 1578 1075 τοὺς
1594 1045 1672 1076 θεοὺς
1687 1046 1738 1080 τῆς
1755 1045 1809 1079 γῆς
1820 1054 1827 1060 ·

1041 1091 1088 1118 καὶ
1099 1091 1332 1125 προσκυνήσουσιν
1346 1090 1420 1125 αὺτῷ
1436 1090 1550 1122 ἕκαστος
1567 1091 1599 1116 ὲκ
1615 1090 1662 1116 τοῦ
1681 1090 1764 1116 τόπου
1776 1090 1828 1116 αὑ-

1040 1135 1098 1167 τοῦ,
1115 1137 1161 1162 καὶ
1171 1137 1257 1162 πᾶσαι
1273 1136 1301 1161 att
1318 1135 1394 1170 νῆσοι
1419 1134 1474 1161 τῶν
1495 1135 1591 1162 ἐθνῶν.
1610 1145 1619 1161 ι
1648 1135 1756 1171 Ἐπειδὴ
1771 1135 1828 1170 γὰρ

1047 1182 1190 1213 Ἰουδαίους
1207 1182 1246 1212 είς
1265 1181 1310 1207 τὸν
1325 1182 1353 1207 έν
1369 1180 1564 1216 Ἰεροσολύμοις
1589 1180 1656 1208 νεὼν
1671 1181 1828 1216 ξυντρέχειν

1041 1227 1192 1258 ἐκέλευσεν,
1209 1225 1363 1260 ἀναγκαίως
1380 1225 1570 1260 προστέθεικεν
1583 1225 1631 1258 ὡς,
1648 1226 1701 1252 τῶν
1726 1226 1827 1252 καλου-

1044 1273 1133 1308 μένων
1142 1272 1209 1298 θεῶν
1222 1271 1333 1306 ἀφανῶν
1343 1271 1559 1306 γενομένων,τὸν
1573 1271 1698 1306 ἀληθινὸν
1713 1271 1829 1302 ἕκαστος

1043 1317 1224 1352 προσκυνήσει
1240 1316 1315 1347 Θεὸν,
1333 1316 1383 1342 οὐκ
1393 1317 1433 1347 εἰς
1447 1316 1553 1351 ἐκείνην
1567 1317 1673 1350 τρέχειν
1686 1316 1735 1350 τὴν
1751 1316 1828 1342 πόλιν

1042 1361 1277 1399 ἀναγκαζόμενοῆ
1300 1360 1357 1395 αλλ’
1371 1361 1399 1386 ὲν
1414 1362 1474 1391 ταῖς
1490 1360 1595 1391 οἰκίαιςε
1610 1360 1633 1376 ⁵⁵
1652 1360 1700 1386 καὶ
1721 1359 1827 1392 πόλεσι,

1042 1409 1090 1436 καὶ
1104 1407 1221 1442 κώμαις,
1234 1407 1281 1434 καὶ
1293 1406 1388 1441 ἀγροῖς
1401 1406 1430 1432 τδ
1444 1406 1526 1435 σέόας
1540 1405 1750 1441 προσφέροντες.
1772 1406 1828 1432 Καὶ

1045 1455 1102 1490 μετ’
1114 1453 1192 1487 ὀλίγα
1203 1452 1230 1478 δὲ
1246 1452 1327 1478 πάλιν
1343 1452 1364 1467 ⁸⁷
1382 1451 1465 1486 φησί·
1482 1460 1492 1476 ι
1510 1452 1577 1478 Τότε
1592 1451 1772 1486 μεταστρέψω
1782 1451 1828 1477 ἐπὶ

1043 1500 1123 1530 λαοὺς
1134 1498 1258 1532 γλῶσσαν
1269 1498 1308 1528 εἰς
1319 1496 1415 1531 γενεὰν
1427 1497 1529 1527 αὐτοῖς,
1542 1496 1589 1522 τοῦ
1603 1497 1791 1523 ἐπικαλεῖσθαι
1805 1496 1827 1512 ⁵³

1043 1545 1073 1571 τὸ
1088 1544 1172 1578 ὄνομα
1187 1543 1300 1578 Κυρίου,
1314 1542 1361 1569 τοῦ
1374 1542 1507 1568 δουλεύειν
1519 1542 1592 1577 αύτῷ
1606 1542 1658 1568 ὑπὸ
1674 1542 1754 1575 ζυγὸν
1769 1542 1826 1568 ἓνα⁵

1043 1592 1075 1617 ὲκ
1083 1590 1208 1625 περάτων
1225 1588 1355 1624 ποταμῶν
1371 1588 1512 1620 Αἰθιοπίας
1523 1588 1625 1614 οἴσουσι
1643 1588 1738 1619 θυσίας
1753 1596 1824 1623 μοι.»

1044 1636 1099 1671 Τὴν
1116 1635 1169 1670 γὰρ
1184 1635 1216 1670 δὴ
1236 1635 1301 1670 μίαν
1325 1633 1378 1660 τῶν
1403 1633 1559 1660 ἀποστόλων
1587 1633 1710 1667 γλῶτταν
1724 1653 1730 1664 ,
1750 1632 1829 1660 Γαλι-

1042 1681 1122 1708 λαίαν
1137 1682 1158 1697 ⁸⁰
1171 1680 1263 1713 οὖσαν,
1281 1681 1321 1712 εὶς
1332 1679 1380 1711 τὰς
1395 1680 1523 1707 ἁπάντων
1539 1679 1593 1706 τῶν
1612 1679 1697 1706 ὲθνῶν
1709 1679 1828 1713 κατεμέ-

1044 1735 1104 1761 ρισε
1119 1725 1249 1759 γλώττας,
1262 1725 1309 1751 καὶ
1322 1725 1521 1760 προσενήνοχεν
1535 1724 1621 1751 ἅπασι
1635 1724 1684 1758 τὴν
1695 1724 1827 1758 σωτήριον

1043 1772 1139 1807 κλῆσιν
1162 1771 1195 1797 ⁷⁸.
1219 1770 1273 1796 Καὶ
1291 1770 1381 1804 μέντοι
1396 1770 1444 1796 καὶ
1467 1769 1512 1796 διὰ
1536 1768 1672 1804 Ζαχαρίου
1695 1769 1827 1803 σύμφωνα

1045 1816 1236 1853 προθεσπίζει·
1270 1825 1279 1842 ι
1299 1816 1406 1850 Τέρπου
1437 1816 1485 1842 καὶ
1514 1816 1677 1851 εὐφραίνου,
1710 1814 1827 1849 θύγατερ

1044 1861 1112 1889 Σιών
1122 1871 1128 1877 ·
1143 1862 1208 1888 διότι
1226 1862 1280 1888 ἰδοὺ
1294 1861 1349 1895 ἐγὼ
1361 1861 1477 1896 ἔρχομαι
1488 1881 1495 1893 ,
1513 1862 1560 1888 καὶ
1577 1860 1782 1895 κατασκηνώσω
1799 1861 1827 1885 ὲν

1046 1908 1120 1944 μέσῳ
1145 1915 1210 1939 σου,
1228 1907 1302 1940 λέγει
1325 1907 1441 1942 Κύριος·
1465 1908 1512 1934 καὶ
1532 1907 1746 1942 καταφεύξονται
1765 1907 1826 1941 ἔθνη

1045 1951 1129 1978 πολλὰ
1144 1951 1189 1978 ἐπὶ
1204 1951 1248 1978 τὸν
1260 1951 1360 1986 Κύριον
1370 1953 1399 1978 ὲν
1412 1953 1446 1987 τῇ
1461 1952 1553 1988 ἡμέρᾳ.
1576 1953 1678 1989 ἐκείνῃ,
1697 1953 1745 1979 καὶ
1756 1952 1828 1978 ἔσον-

1044 2006 1090 2024 ται
1100 1997 1173 2032 αὐτῷ
1188 1998 1228 2028 εἰς
1239 1997 1301 2024 λαόν
1314 2005 1320 2012 ·
1333 1998 1380 2024 καὶ
1389 1998 1596 2033 κατασκηνώσει
1608 1999 1628 2014 ⁷³
1641 1999 1671 2024 ὲν
1684 1999 1758 2033 μέσῳ
1771 2005 1825 2024 σου·

1045 2044 1093 2071 καὶ
1109 2043 1202 2078 γνώσῃ
1221 2043 1261 2070 ὅτι
1278 2043 1380 2078 Κύριος
1404 2044 1600 2079 παντοκράτωρ
1615 2044 1770 2071 ἀπέσταλκέ
1795 2051 1827 2078 με

1045 2089 1113 2124 πρὸς
1132 2090 1172 2116 σέ.
1191 2099 1201 2115 ι
1227 2089 1271 2115 Ἐν
1282 2090 1310 2116 δὲ
1322 2089 1427 2120 τούτοις
1441 2090 1455 2116 ό
1469 2090 1623 2125 Μονογενὴς
1638 2090 1685 2116 καὶ
1693 2090 1724 2115 τὸ
1731 2090 1827 2115 οίκεῖον

1045 2135 1094 2161 καὶ
1112 2133 1142 2160 τὸ
1152 2134 1198 2160 τοῦ
1213 2135 1318 2170 Πατρδς
1333 2134 1453 2168 ἐπέδειξε
1465 2135 1486 2150 ⁷²
1501 2135 1655 2170 πρόσωπον.
1680 2135 1826 2161 Ἀπεστάλ-

1009 2181 1031 2207 D
1046 2180 1090 2207 θαι
1103 2181 1132 2207 δὲ
1141 2181 1262 2215 εἴρηκεν,
1281 2181 1432 2216 ἐπειδήπερ
1449 2182 1498 2216 οὐχ
1513 2180 1551 2212 ὡς
1566 2181 1647 2212 Θεὸς,
1662 2181 1719 2207 ἀλλ’
1732 2180 1770 2212 ὡς
1785 2181 1828 2207 ἇν-

1046 2227 1154 2262 θρωπος
1163 2227 1285 2262 ἐπεφάνη
1295 2235 1301 2243 ⁸
1314 2227 1415 2262 πρέπει
1433 2227 1461 2254 δὲ
1476 2227 1549 2262 αὐτῷ
1561 2227 1609 2262 τὴν
1630 2227 1700 2262 ὑπὲρ
1720 2226 1774 2253 τῶν
1785 2226 1828 2252 ἀν-

1047 2272 1163 2308 θρώπων
1173 2273 1345 2308 δικαιοσύνην
1357 2274 1571 2309 παραγενομένῳ
1583 2273 1736 2308 πληρῶσαι,
1747 2272 1827 2304 δεῖξαι

1045 2319 1074 2346 δὲ
1089 2319 1136 2346 καὶ
1161 2320 1185 2336 ⁷³
1202 2319 1251 2355 τὴν
1272 2320 1474 2355 ἐπαινουμένην
1498 2320 1632 2355 ὑπακοήν.
1659 2319 1714 2345 Καὶ
1736 2318 1826 2344 πάλιψ

1050 2373 1060 2390 ι
1077 2364 1162 2398 Χαῖρε
1182 2365 1299 2400 σφόδρα,
1320 2365 1438 2399 θύγατερ
1462 2363 1548 2390 Σιών·
1562 2364 1692 2399 κήρυσσε,
1714 2362 1827 2396 θύγατερ

1053 2410 1243 2446 Ἰερουσαλήμ·
1268 2411 1332 2437 Ἰδοὺ
1353 2411 1367 2437 ὸ
1384 2411 1508 2445 βασιλεύς
1535 2419 1581 2437 σου
1602 2410 1712 2446 ἔρχεταί
1732 2418 1774 2436 σοι
1798 2409 1828 2434 δί-

1047 2464 1124 2488 καιος
1138 2455 1185 2482 καὶ
1201 2455 1309 2488 σώζων·
1326 2456 1407 2488 αὐτὸς
1421 2455 1524 2490 πραῢς,
1540 2455 1588 2482 καὶ
1604 2453 1775 2489 ἐπιϐεϐηκὼς
1787 2452 1829 2479 ἐπὶ

1049 2501 1195 2535 ὑποζύγιον
1208 2502 1256 2528 καὶ
1272 2501 1361 2528 πῶλον
1369 2502 1439 2528 νέον.
1456 2501 1512 2528 Καὶ
1523 2500 1709 2536 ὲξολοθρεύσει
1722 2500 1829 2535 ἅρματα

1251 2576 1264 2597 ι
1278 2577 1400 2612 Sophon.
1412 2585 1451 2611 ιιι,
1467 2577 1495 2611 9,
1512 2577 1555 2605 10.
1598 2576 1734 2604 lZacbar.
1745 2583 1775 2608 ιι,
1790 2575 1828 2609 l0,

861 2657 978 2684 νΑΒΙιλΕ
997 2656 1196 2684 LECTIONES.

247 2714 333 2750 ⁶³γκαὶ
346 2714 786 2750 ἀνοικοδομήσω-ᾁνοικοδομήσω
798 2722 852 2742 om.
862 2715 911 2746 Va,
926 2714 1130 2750 ἀνοικοδομήσω
1148 2722 1203 2741 om.
1219 2714 1240 2741 Β
1263 2696 1324 2749 post
1338 2722 1453 2750 κατεσκᾷ
1461 2713 1554 2750 αὐτῆς,
1593 2713 1616 2729 ⁸⁵
1632 2713 1721 2750 πᾴντα
1734 2721 1788 2750 om.
1804 2715 1828 2741 Β.

212 2750 235 2767 ⁸⁸
249 2750 263 2775 ὸ
274 2749 361 2782 λόγος.
377 2750 424 2776 καὶ
441 2751 454 2776 ὁ
470 2750 494 2775 λ.
513 2749 543 2776 Β.
580 2749 602 2765 ⁸⁸
614 2749 727 2781 οἰκείαις
740 2750 822 2777 Sirm.

213 2784 363 2812 καλεῖσθαι.
381 2784 567 2810 ἐπικαλεῖσθαι
591 2785 694 2816 πάντας
710 2785 740 2812 Β.

216 2819 420 2854 κατασκηνώσω
434 2819 462 2845 Β.

870 2750 891 2765 ⁸⁷
905 2750 932 2776 δὲ
944 2749 1023 2776 πάλιν
1038 2748 1093 2776 om.
1115 2749 1144 2776 B.
1160 2749 1228 2776 Tum
1247 2748 1293 2775 ἐπὶ
1307 2749 1419 2779 πολλοὺς
1439 2749 1468 2779 Β,
1486 2750 1531 2774 ἐπὶ
1547 2748 1628 2780 λαοὺς
1640 2749 1690 2775 Vb.

789 2785 810 2801 ⁵³
828 2785 981 2811 Γαλιλαίαν.
1007 2784 1146 2811 Γαλιλαῖον
1160 2784 1189 2811 Β.

515 2818 535 2834 ⁷¹
550 2818 679 2851 ἐπέδειξε.
706 2819 787 2852 ἔδειξε
804 2821 833 2847 Β.
862 2820 1016 2853 ὲπεδ;ίξατο
1029 2820 1059 2847 C.

1736 2749 1758 2764 ⁶⁸
1776 2748 1829 2773 ἑπι-

1238 2784 1261 2800 7°
1275 2784 1380 2818 κλῆσιν.
1396 2783 1482 2810 κλίσιν
1498 2783 1527 2811 Β.
1582 2784 1601 2799 ⁷¹
1620 2782 1828 2817 κατασκηνώσει,

1110 2820 1132 2835 ⁷³⁸
1144 2819 1170 2845 δὲ
1183 2819 1237 2846 καί.
1261 2819 1287 2845 δὲ
1302 2827 1356 2845 om.
1378 2819 1406 2850 lt,
1418 2819 1448 2846 (ἶ.
