1965 3051
105 149 171 183 1089

436 150 656 181 GR/ECARUM
676 149 826 179 AFFECT.
846 148 1063 179 CURATIO.—
1076 150 1112 179 Χ.
1135 150 1183 179 DE
1199 149 1395 180 ORACULIS.

1666 147 1732 184 1090

101 208 132 241 ἐξ
148 207 223 244 [149]
243 207 372 242 Ἐφραῖμ,
392 207 440 234 xui
465 208 549 234 ἵππον
571 206 600 239 ἐξ
620 207 817 242 Ἰερουσαλήμ·
841 205 889 232 καὶ

950 211 1014 238 mnt,
1032 214 1122 233 rerum
1142 206 1262 241 ipsarum
1283 206 1471 234 testimonium
1487 213 1541 233 non
1559 205 1661 233 habet?
1674 207 1732 233 Au-

103 252 359 288 ὲξολοθρευθὴσεται
372 252 449 284 τόξον
463 252 624 287 πολεμικόν·
639 252 687 279 xui
702 252 804 287 πλῆθος
820 251 892 286 εἰρή-

103 307 152 333 νης
167 299 195 331 ἐξ
209 298 293 324 ἐθνῶν
305 305 313 313 ⁸
329 298 376 324 xui
393 298 523 332 κατάρξει
538 298 592 324 ἀπὸ
614 297 753 332 θαλάσσης
777 297 829 328 ἓως
843 297 892 323 Θα-

103 345 217 378 λάσσης.
229 344 276 370 xui
285 343 338 370 ἀπὸ
352 343 483 378 ποταμῶν
497 343 549 374 ἕως
566 343 712 369 διεκϐολῶν
729 343 790 378 γῆς.
811 351 820 367 ι
836 341 891 368 Kui

107 391 175 425 μετὰ
191 390 317 416 πλεῖσταθ
337 399 345 415 ι
363 389 417 415 Καὶ
436 389 511 415 ἔσται
533 389 634 424 Κύριος
656 389 696 420 είς
718 388 828 423 βασιλέα
843 388 890 414 ἐπὶ

105 437 196 463 πᾶσαν
211 435 259 470 τὴν
273 435 342 469 γῆν·
360 435 389 460 ὲν
412 436 446 470 τῇ
464 435 556 470 ἡμέρᾳ
574 434 666 470 ὲκείνῃ
690 433 764 460 ἔσται
789 434 891 468 Κύριος

106 479 156 513 εἷς,
171 481 219 508 xui
232 481 262 507 τὸ
278 480 363 515 ὄνομα
377 480 458 506 αὐτοῦ
474 479 518 511 ἓν,
537 479 651 506 κυκλοῦν
674 479 762 506 πᾶσαν
774 478 822 513 τὴν
839 478 891 512 γῆν

107 528 153 554 καὶ
166 527 216 561 τὴν
230 527 345 561 ἔρημον.
360 535 368 550 ι
380 526 413 551 Τί
424 525 536 557 τούτων,
549 522 685 559 ὦᾶνδρες,
700 523 892 558 ξυνεσκιασμέ-

107 583 163 605 νον,
176 574 192 608 ἣ
210 574 360 608 σαφηνείας
373 573 515 607 δεόμενον;
528 571 605 598 Ποῖον
621 571 649 597 δὲ
665 570 686 586 ⁷¹⁸
703 571 757 596 τῶν
782 569 892 604 εἰρημέο

107 627 161 644 νων
173 618 222 644 οὒκ
234 617 290 652 ἔχει
305 617 409 652 βοῶσαν
417 617 471 642 τῶν
480 615 649 651 πραγμάτων
664 614 712 648 τὴν
728 613 891 649 μαρτυρίαν;

944 251 1000 278 dite
1016 259 1066 286 per
1078 259 1108 278 os
1129 251 1270 284 Malacbjae
1292 252 1377 278 Deum
1397 252 1588 278 universorum
1600 252 1732 279 Israclcin

944 297 1154 331 eompellantem
1171 307 1177 323 :
1199 307 1208 323 ‹
1223 297 1283 324 Non
1297 302 1339 325 est
1359 297 1426 324 mihi
1450 298 1576 324 voluntas
1592 298 1620 324 in
1641 298 1730 330 vobis,

944 341 1013 369 dicit
1024 342 1157 369 Dominus
1175 351 1180 369 :
1195 350 1285 377 neque
1301 342 1466 370 sacrificium
1483 343 1614 377 accipiam
1629 343 1662 370 de
1673 351 1732 370 ma-

944 387 1026 414 nibus
1047 388 1155 421 vestris,
1180 389 1310 423 quoniam
1330 389 1364 415 ab
1386 393 1448 415 ortu
1470 388 1535 415 solis
1553 393 1581 415 et
1597 396 1683 422 usque
1698 388 1733 415 ad

943 441 1190 465 oecasum,nomen
1204 442 1295 461 meum
1303 434 1483 469 glorificatum
1500 434 1578 461 estin
1590 433 1731 468 gentibus:

944 482 972 505 et
988 479 1015 505 in
1030 479 1105 506 omni
1123 479 1183 506 loco
1202 479 1350 515 thymiama
1364 479 1479 506 oﬂ'ertur
1495 479 1600 505 nomini
1618 486 1690 510 meo,
1705 482 1734 504 et

945 523 1113 551 sacriﬁcium
1125 532 1236 558 purum,
1252 524 1316 558 quia
1333 531 1461 557 magnum
1475 527 1516 550 est
1530 531 1629 550 nomen
1641 530 1733 549 meum

946 567 974 594 in
991 567 1129 602 gentibus,
1142 567 1210 595 dicit
1224 567 1357 594 Dominus
1368 567 1542 601 omnipotens
1559 574 1566 592 :
1578 573 1626 592 vos
1641 570 1733 592 autem

946 613 1096 647 profanatis
1115 612 1181 639 illud
1193 617 1216 639 ο.
1237 622 1246 637 ι

115 661 259 688 Ἀκούσατε
273 661 304 696 δὴ
323 661 369 687 xui
383 661 426 687 διὰ
441 660 580 695 Μαλαχίου
600 659 647 686 τοῦ
668 658 740 698 Θεοῦ)
752 659 806 685 τῶν
824 658 891 685 ὅλων
910 659 979 692 πρὸς
999 658 1043 684 τὸν
1056 658 1164 693 Ἰσραὴλ
1190 657 1330 692 λέγοντοςυ
1347 667 1356 682 ‹
1376 657 1432 683 Οὐκ
1466 656 1524 682 ἔστι
1559 665 1603 690 μοι
1629 656 1735 691 θέλημα

109 708 137 733 ἐν
148 708 222 742 ὑμῖν,
249 707 322 741 λέγει
344 706 445 739 Κύριος
455 715 462 722 ⁸
481 706 528 732 καὶ
554 705 648 732 Ουσίαν
680 705 710 731 οὐ
745 703 926 740 προσδέξομαι
947 703 978 729 ὲκ
993 702 1046 730 τῶν
1057 703 1156 738 χειρῶν
1167 703 1243 738 ὑμῶν
1253 711 1260 718 ·
1275 702 1342 729 διότι
1353 702 1406 729 ἀπὸ
1417 701 1553 728 ἀνατολῶν
1562 702 1635 736 ἡλίου
1649 703 1696 728 καὶ
1711 701 1732 718 ⁷⁵

109 754 162 786 ἕως
177 754 285 788 δυσμῶν
298 754 328 780 τὸ
339 754 423 789 ὄνομά
439 762 488 788 μου
503 753 659 786 δεδόξασται
674 753 703 779 ὲν
718 754 773 784 τοῖς
793 751 892 777 ἔθνεσι⁸
915 751 961 777 xui
979 751 1007 776 ὲν
1023 751 1104 777 παντὶ
1136 751 1209 785 τόπῳ
1241 750 1366 786 θυμίαμα
1382 749 1564 787 προσφέρεται
1575 749 1612 784 τῷ
1623 749 1734 784 ὀνόματι

111 809 173 834 μου.
186 801 232 826 xui
247 800 326 826 Θυσία
339 800 457 834 καθαρά.
487 800 559 826 Διότι
578 799 648 834 μέγα
669 799 698 824 τὸ
732 798 818 833 ὅνομὰ
836 805 887 832 μου
903 796 931 822 ὲν
950 798 1006 828 τοῖς
1017 796 1116 828 ἔθνεσι,
1127 797 1202 830 λέγει
1215 796 1316 832 Κύριος
1332 795 1544 830 παντοκράτωρ·
1557 795 1634 830 ὑμεῖς
1647 794 1675 820 δὲ
1691 795 1735 830 βε-

110 845 225 880 ὁηλοῦτε
239 845 314 872 αὐτό.
333 855 343 870 ι

146 891 297 927 Παράθετε,
311 888 333 918 ὦ
344 891 464 926 φιλότης,
477 890 540 922 τοὺς
549 890 645 924 λόγους
671 891 726 919 τοῖς
739 888 892 924 πράγμασι,

983 886 1156 921 Comparate,
1182 887 1274 919 amici,
1300 886 1384 914 verba
1401 886 1459 915 haec
1472 894 1534 914 eum
1557 886 1640 914 rebus
1657 886 1733 921 ipsis,

110 936 158 962 xui
174 933 284 969 βλέπετε
298 936 344 962 καὶ
357 934 404 970 τὴν
418 934 551 962 Ἰουδαίων
560 934 723 968 ἀντιλογίαν,
733 934 780 960 καὶ
786 933 834 968 τὴν
844 932 898 959 τῶν

110 981 356 1016 ὲθνῶνόμολογίαν,
366 981 412 1007 xui
420 981 468 1016 τὴν
479 980 601 1015 πανταχῆ
610 980 633 995 ⁷⁸
641 980 690 1015 γῆς
706 979 752 1006 καὶ
765 978 898 1012 θαλάττης

111 1028 339 1063 προσφερομένην
356 1026 452 1054 θυσίαν
471 1026 510 1060 τῷ
527 1026 586 1061 Θεῷ
602 1025 656 1052 τῶν
667 1025 736 1051 ὅλων
750 1032 899 1059 πνευματι-

111 1073 172 1108 κὴν,
191 1073 237 1099 καὶ
255 1073 394 1108 ὑμνήσατε
413 1072 459 1098 τὸν
475 1071 560 1103 οὓτως
578 1071 699 1106 ἐναργῶς
726 1069 811 1097 ταῦτα
833 1078 899 1104 προ·

111 1118 210 1153 αγορεύ
216 1125 299 1143 σαντα
305 1117 337 1143 ⁷⁷.
348 1117 379 1142 Εἰ
389 1116 416 1142 δὲ
431 1116 567 1151 βούλεσθε,
574 1115 672 1141 καὶτοῦ
682 1114 788 1148 Δανιὴλ,
798 1114 843 1140 καὶ
851 1112 898 1139 τοῦ

118 1163 246 1197 Ἰεζεκιὴλ
255 1167 301 1189 καὶ
309 1161 355 1188 τοῦ
371 1162 447 1197 Ἰωὴλ
455 1161 489 1191 ⁷⁸,
499 1165 545 1188 καὶ
553 1156 682 1196 Μιχαίου,
692 1160 739 1186 xui
750 1158 840 1194 Ὠσηὲ,
851 1157 899 1185 xui

111 1207 164 1234 τῶν
171 1208 257 1234 ἄλλων
268 1206 413 1242 προφητῶν
420 1207 556 1239 ἀνάγνωτε
563 1205 597 1232 τὰ
608 1205 788 1239 θεσπίσματα.
797 1203 899 1230 Ἀπαν-

111 1262 156 1284 τες
171 1253 224 1288 γάρ
235 1262 276 1279 τοι
285 1253 307 1268 τ’
315 1253 363 1288 τὴν
371 1252 424 1278 τῶν
433 1251 518 1278 ἐθνῶν
528 1250 740 1286 προαγορεύουσι
751 1248 898 1284 σωτηρίαν.

112 1299 167 1324 Καὶ
179 1298 270 1332 μέντοι
279 1298 326 1324 xui
335 1297 402 1331 πρὸς
410 1297 454 1322 τὸν
462 1296 632 1330 πατριάρχην
647 1294 773 1328 ’Λῆραὰμ
782 1293 829 1325 τὰς
838 1302 900 1320 συν-

113 1343 199 1378 θήκας
223 1343 396 1376 ποιούμενος,
419 1342 463 1368 διὰ
475 1341 522 1368 τοῦ
539 1341 694 1376 σπέρματος
706 1339 787 1366 αὑτοῦ
804 1338 899 1366 δώσειν

112 1391 167 1420 τοῖς
182 1388 269 1415 ἔθνεσι
286 1389 335 1423 τὴν
350 1387 473 1420 εὐλογίαν
500 1387 641 1421 ὑπέσχετο.
663 1396 671 1411 ι
687 1385 831 1420 Εὐλογήσω
846 1385 899 1418 γάρ

114 1443 155 1467 σε,
170 1435 234 1470 ἔφη,
245 1434 292 1460 xui
302 1433 444 1468 μεγαλυνῶ
459 1433 488 1458 τὺ
500 1432 584 1467 δνομά
597 1440 654 1464 σου,
671 1431 718 1458 xui
730 1431 779 1466 ἔσῃ
790 1430 900 1465 εὐλογη-

117 1481 209 1516 μένος,
226 1481 273 1506 xui
289 1480 430 1514 εὐλογήσω
449 1479 511 1510 τοὺς
525 1477 700 1511 εὐλογοῦντάς
718 1484 757 1509 σε,
777 1477 822 1502 καὶ
838 1475 900 1506 τοὺς

115 1525 326 1560 καταρωμένους
335 1532 364 1550 σε
375 1523 576 1558 καταράσομαι,
585 1522 632 1548 xui
642 1520 899 1556 ὲνευλογηοήσονται

115 1570 144 1596 ὲν
163 1553 202 1604 τῷ
224 1553 362 1603 σπέρματί
384 1576 430 1594 σου
446 1553 580 1593 πάντατὰ
594 1566 657 1601 ἔθνη
670 1565 718 1600 τῆς
818 1574 826 1590 ι
846 1565 900 1591 Καὶ
913 1553 936 1583 c

115 1614 217 1648 ταύτην
229 1613 302 1648 αὺτῴ
317 1614 366 1647 οὐχ
379 1612 462 1645 ἅπαξ,
477 1611 544 1638 ἀλλὰ
559 1611 606 1638 xui
622 1611 645 1627 ⁸⁰
659 1611 787 1642 πολλάκις
802 1610 900 1636 δέδωκε

115 1660 166 1696 τὴν
187 1659 346 1694 ὑπόσχεσιν·
364 1658 410 1684 xui
430 1658 520 1692 μέντοι
534 1657 579 1683 xui
595 1657 663 1691 μετὰ
677 1657 725 1691 τὴν
741 1657 844 1682 ἐκείνου
856 1665 902 1682 τε-

115 1706 212 1741 λευτὴν
221 1704 293 1741 [τὴν]
304 1705 325 1721 ⁸¹
340 1705 424 1740 αὐτὴν
438 1703 557 1739 παρέσχε
572 1703 618 1730 καὶ
630 1701 668 1738 τῷ
689 1702 780 1729 Ἰσαὰκ
794 1701 866 1737 ιτὴν]
878 1702 901 1718 ⁸³

116 1752 251 1785 εὐλογίαν,
267 1751 314 1778 xui
330 1751 387 1786 μετ’
402 1751 504 1777 ἐκεῖνον
518 1749 598 1776 πάλιν
614 1749 651 1784 τῷ
668 1748 774 1775 Ἰακὼΰ.
792 1748 902 1784 Ἐπειδὴ

116 1798 170 1832 γὰρ
189 1798 221 1824 ἐκ
238 1796 286 1823 τοῦ
314 1796 469 1832 σπέρματος
494 1794 542 1822 τοῦ
565 1795 590 1811 ⁸³
605 1794 716 1821 ἐκείνων
730 1794 779 1830 τὴν
794 1793 902 1829 ἀνθρω-

116 1844 196 1870 πείαν
218 1842 298 1877 φύσιν
323 1841 413 1868 λαϐὼν
436 1842 450 1868 ὁ
472 1839 626 1875 Μονογενὴς
645 1839 853 1875 ὲνηνθρώπησεν
867 1840 901 1871 ³⁸,

117 1889 331 1924 ἔνανθρωπήσας
355 1887 395 1919 δὲ,
424 1887 472 1913 xui
489 1886 539 1920 τὴν
558 1885 712 1920 οἰκονομίαν
727 1884 849 1917 τελέσας,
863 1886 902 1918 εις

117 1934 225 1961 ἃπασαν
247 1932 296 1968 τὴν
325 1931 486 1965 οίκουμένην
500 1931 562 1962 τοὺς
578 1930 741 1960 ἀποστόλους
754 1929 902 1964 ἐξέπεμψε,

118 1980 165 2006 καὶ
190 1976 338 2013 προσέταξε
369 1975 538 2011 μαθητεῦσαι
567 1975 655 2002 πάντα
676 1974 711 2000 τὰ
737 1974 799 2009 ἔθνη
819 1975 859 2006 είς
873 1974 903 2001 τὸ

117 2026 203 2060 ὄνομα
229 2023 276 2050 τοῦ
300 2022 416 2057 Πατρδς.
444 2021 491 2048 xui
517 2020 563 2048 τοῦ
584 2020 659 2052 Υἱοΰ,
689 2021 735 2047 xui
755 2021 803 2047 τοῦ
825 2021 902 2054 ἁγίου

117 2070 286 2105 Πνεύματος,
299 2068 481 2095 πιστεύσαντα
495 2067 523 2094 δὲ
537 2066 571 2093 τὰ
588 2066 650 2102 ἔθνη
670 2065 693 2082 ⁸³
708 2066 756 2101 τῆς
768 2066 903 2102 σωτηρίας

119 2116 274 2142 ἀπέλαυσεν
301 2114 343 2130 ⁸⁸·
369 2113 482 2145 εἰκότως
508 2113 561 2148 ἄρα
579 2113 625 2138 καὶ
651 2111 688 2148 τῷ
711 2112 836 2148 Ἀϐραὰμ
856 2113 904 2139 καὶ

119 2162 175 2192 τοῖς
201 2160 232 2192 ἐξ
260 2159 364 2186 ἐκείνου
383 2158 462 2194 τήνδε
492 2157 612 2192 παρέσχε
638 2156 686 2192 τὴν
703 2156 837 2190 εὐλογίαν,
857 2156 903 2183 καὶ

119 2205 211 2237 αὐτοῖς
232 2204 299 2239 δῆλα
320 2203 405 2230 ποιῶν
422 2203 455 2229 τὰ
471 2203 597 2238 ἐσόμενα,
612 2203 659 2229 καὶ
677 2204 707 2228 τὸ
727 2202 842 2238 μέγεθος
856 2202 903 2228 τοῦ

119 2250 208 2284 γέρως
232 2249 254 2265 ⁸⁷
281 2247 443 2279 ἐπιδεικνὺς,
464 2247 511 2274 καὶ
522 2247 583 2278 τοὺς
599 2246 652 2273 τῶν
666 2246 746 2286 Θείων
760 2247 904 2286 ὲπαζοντας

120 2295 217 2328 λογίων
239 2295 272 2329 τῇ
298 2293 349 2328 τῆς
377 2293 514 2327 σωτηρίας
542 2292 630 2318 ἑλπίδι
650 2284 832 2327 ψυχάγωγῶνξ
850 2293 905 2319 Kui

127 2337 222 2365 Ἰακὼὸ
242 2338 270 2364 δὲ
295 2339 309 2364 ὁ
334 2338 515 2373 πατριάρχης,
531 2336 648 2371 εὐλογῶν
665 2337 709 2364 τὸν
726 2337 836 2371 Ἰούδαν,
855 2338 904 2373 τῆς

119 2384 174 2411 τῶν
194 2383 279 2410 ἐθνῶν
298 2383 499 2418 ἐμνημόνευσεν
520 2383 653 2417 εὐλογίας.
685 2392 694 2408 ‹
709 2383 766 2409 οὐκ
786 2383 905 2418 ἐκλείψει

120 2429 184 2464 γὰρ,
211 2428 273 2464 ἔφη,
301 2429 392 2463 ἄρχων
414 2427 444 2460 ἐξ
469 2427 563 2460 Ἰούδα,
584 2428 630 2455 xui
645 2428 796 2464 ἡγούμενος
808 2429 839 2455 ὲκ
850 2428 904 2455 τῶν

121 2474 218 2510 μηρῶν
229 2473 322 2507 αὑτοῦ,
339 2474 391 2505 ἕως
403 2473 435 2500 ἂν
447 2473 512 2509 ἔλθῃ
525 2470 548 2507 ᾧ
561 2474 584 2489 ⁸⁸
596 2474 737 2501 ἀπόκειται
748 2483 754 2489 “
768 2475 814 2501 καὶ
825 2475 905 2506 αὐτὸς

122 2520 270 2556 προσδοκία
300 2519 396 2547 ἐθνῶν.
416 2529 425 2544 ι
454 2520 508 2546 Καὶ
540 2520 554 2546 ὁ
579 2519 700 2554 Μωῡσῆς
729 2519 758 2547 δὲ
783 2522 797 2547 ὸ
820 2521 905 2555 μέγας

948 941 980 960 ac
993 933 1084 960 videte
1106 938 1163 960 tum
1178 933 1333 961 Iudaeorum
1353 934 1571 965 contumaciam,
1588 938 1645 960 tum
1667 941 1734 969 gen-

950 978 1017 1006 tium
1036 979 1236 1006 confessionem
1249 999 1257 1011 ,
1280 984 1308 1006 et
1323 979 1425 1014 ubique
1438 983 1510 1006 terra
1526 986 1559 1006 ac
1569 979 1638 1006 mari
1652 979 1734 1013 spiri-

949 1025 1022 1052 tuale
1042 1025 1158 1052 Domino
1176 1024 1340 1052 sacrificium
1354 1025 1447 1052 oﬂ'erri
1463 1033 1468 1051 :
1482 1032 1601 1060 eumque
1613 1024 1733 1056 laudate.

949 1071 996 1106 qui
1006 1071 1063 1098 haec
1077 1075 1132 1097 tam
1154 1071 1298 1098 manifeste
1319 1071 1455 1106 praedixit.
1471 1070 1549 1104 Quod
1560 1071 1582 1097 si
1599 1071 1693 1103 vultis,
1706 1075 1736 1098 ct

949 1116 1080 1148 Danielis,
1107 1121 1135 1143 et
1160 1115 1323 1148 Ezechielis,
1350 1120 1379 1143 et
1394 1115 1489 1147 Joelis,
1514 1120 1541 1142 et
1559 1115 1686 1147 Miclueaz,
1707 1121 1736 1142 et

949 1160 1036 1192 05cm,
1050 1161 1222 1195 aliorumque
1239 1160 1435 1195 prophetarum
1450 1161 1570 1187 oraculis
1584 1161 1678 1188 oculos
1688 1161 1736 1188 ad-

949 1211 1066 1234 movetc.
1084 1206 1185 1234 Omnes
1200 1206 1273 1234 enim
1288 1206 1410 1241 gentium
1434 1206 1548 1233 salutem
1572 1206 1734 1241 praedicunt.

949 1251 1021 1284 Quin
1042 1256 1070 1278 et
1086 1252 1158 1278 Deus
1179 1251 1236 1286 ipse
1252 1259 1314 1278 cum
1330 1251 1485 1286 patriarcha
1497 1251 1653 1278 Abrahamo
1669 1252 1737 1279 insi-

949 1304 1002 1332 gne
1022 1297 1088 1324 illud
1103 1297 1192 1324 fcedus
1204 1297 1372 1331 percutiens,
1389 1297 1416 1324 in
1428 1297 1532 1326 semine
1555 1297 1642 1332 ipsius
1654 1298 1735 1325 datu-

950 1350 1012 1369 rum
1035 1349 1063 1369 se
1080 1342 1208 1377 gentibus
1222 1342 1444 1370 benedictionem
1464 1343 1599 1377 promisit.
1622 1352 1631 1368 ι
1647 1343 1735 1370 Bene-

950 1387 1039 1415 dicam
1057 1387 1116 1419 tibi,
1132 1387 1231 1422 inquit,
1246 1391 1274 1414 et
1295 1388 1475 1423 magnificabo
1490 1396 1590 1415 nomen
1607 1392 1694 1420 tuum,
1708 1393 1738 1416 et

950 1434 1006 1461 eris
1021 1434 1182 1461 benedictus
1197 1443 1203 1461 :
1218 1439 1246 1461 et
1258 1434 1419 1462 bcnedicam
1436 1434 1666 1462 benedicentibus
1675 1435 1735 1467 tibi,

949 1479 1033 1514 979
1047 1485 1075 1507 et
1090 1479 1316 1507 maledicentibus
1336 1480 1384 1507 tibi
1402 1481 1563 1508 maledicam
1581 1490 1588 1508 :
1608 1486 1637 1508 et
1652 1481 1737 1509 bene-

951 1525 1078 1553 dicentur
1102 1525 1129 1552 in
1156 1526 1260 1553 semine
1285 1530 1332 1553 tuo
1359 1534 1455 1554 omnes
1471 1531 1567 1563 gentes
1594 1532 1705 1556 temeP.
1724 1537 1734 1554 ι

951 1569 1046 1604 Neque
1063 1570 1114 1597 hoc
1131 1570 1169 1596 illi
1186 1571 1282 1603 semel,
1296 1579 1392 1599 verum
1405 1572 1505 1607 saepius
1517 1577 1561 1600 est
1577 1573 1715 1608 pollicitus
1729 1581 1737 1600 :

952 1615 1018 1650 quin
1033 1620 1059 1642 et
1079 1623 1112 1642 eo
1127 1615 1266 1648 defuncto,
1282 1617 1407 1644 eamdem
1427 1618 1648 1646 benedictionem
1662 1618 1740 1646 dedit

951 1659 1008 1686 filio
1020 1660 1078 1694 ejus
1094 1659 1194 1691 lsaaco,
1210 1665 1325 1695 postque
1345 1662 1422 1688 illum
1445 1663 1556 1690 Iacobo.
1574 1662 1643 1696 Quia
1663 1663 1739 1691 enim

951 1713 985 1732 ex
999 1706 1108 1733 illorum
1126 1707 1231 1734 semine
1248 1712 1387 1742 assumpta
1405 1713 1503 1735 natura
1522 1709 1652 1741 humana,
1672 1710 1739 1737 [lni-

952 1752 1061 1787 genitus
1073 1752 1160 1780 factus
1177 1758 1220 1780 est
1232 1754 1326 1786 homo,
1347 1758 1375 1780 ct
1391 1753 1474 1781 homo
1485 1753 1583 1787 factus,
1596 1754 1739 1789 dispensa-

953 1798 1082 1834 tioneque
1101 1799 1222 1833 perfecta
1232 1819 1239 1831 ,
1258 1800 1286 1825 in
1301 1807 1409 1826 omnem
1425 1803 1526 1826 terram
1539 1800 1678 1834 apostolos
1690 1800 1741 1826 mi-

952 1844 1000 1876 sit,
1022 1848 1171 1879 gentesque
1194 1852 1290 1872 omnes
1307 1845 1407 1872 docere
1430 1846 1570 1879 praecepit,
1594 1850 1621 1872 et
1646 1846 1699 1873 illa:
1712 1846 1740 1873 in

953 1888 1064 1915 nomine
1080 1888 1180 1919 Patris,
1199 1893 1226 1915 et
1242 1889 1313 1919 Filii,
1325 1892 1353 1914 et
1365 1888 1484 1922 Spiritus
1495 1889 1581 1916 sancti
1597 1889 1741 1916 credentes

954 1933 1069 1959 salutem
1086 1937 1241 1960 consecutae
1255 1938 1319 1959 sunt
1331 1938 1355 1964 ιι,
1367 1934 1429 1967 jure
1446 1937 1474 1959 et
1491 1933 1647 1959 Abrahamo
1663 1937 1691 1959 et
1707 1933 1741 1959 iis

954 1976 1002 2010 qui
1020 1984 1054 2003 ex
1069 1983 1102 2003 eo
1122 1981 1186 2003 sunt
1200 1976 1302 2012 geniti,
1324 1977 1544 2004 benedictionem
1570 1977 1641 2003 hanc
1654 1977 1740 2008 dedit,

953 2020 1112 2056 eisdemque
1126 2022 1218 2048 futura
1231 2022 1429 2056 praenuntians,
1443 2021 1656 2056 magnitudinem
1674 2030 1742 2056 pne-

953 2067 1001 2094 mii
1015 2067 1145 2099 ostendit,
1160 2075 1192 2094 ac
1206 2067 1363 2094 divinorum
1379 2067 1528 2094 verborum
1538 2067 1678 2094 auditores
1694 2075 1742 2102 spe

953 2113 1051 2140 salutis
1070 2113 1230 2141 consolatus
1248 2118 1299 2140 est.
1323 2113 1441 2141 Iacobus
1467 2113 1549 2140 etiam
1575 2113 1740 2147 patriarcha,

954 2166 1016 2186 cum
1038 2158 1114 2186 Iuda:
1133 2159 1319 2190 bcnediceret,
1335 2159 1368 2186 de
1393 2158 1516 2194 gentium
1548 2158 1742 2186 benedictione

917 2219 943 2250 Β
955 2211 1009 2230 non
1026 2204 1120 2231 tacuit.
1140 2213 1149 2229 ι
1163 2203 1222 2231 Νοη
1238 2203 1347 2231 deﬁciet
1361 2204 1445 2236 enim,
1463 2205 1572 2239 inquit,
1594 2205 1740 2243 princeps,

955 2256 988 2275 ex
1006 2248 1086 2281 Juda,
1101 2256 1190 2283 neque
1213 2248 1269 2275 dux
1292 2248 1326 2275 de
1347 2248 1497 2275 femoribus
1511 2248 1582 2283 ejus,
1598 2249 1686 2276 donec
1698 2256 1744 2275 vc-

951 2294 1010 2321 niat
1029 2293 1073 2320 ille
1087 2294 1133 2321 cui
1146 2294 1295 2328 repositum
1311 2297 1364 2325 est,
1380 2298 1408 2321 et
1428 2293 1485 2328 ipse
1500 2295 1665 2329 exspectatio
1675 2303 1743 2329 gen-

952 2341 1020 2367 tium
1033 2345 1055 2367 ι’,
1072 2349 1081 2365 ι
1107 2340 1220 2375 Magnus
1243 2340 1308 2367 item
1335 2340 1421 2367 Moses
1447 2340 1580 2367 exclamat
1600 2349 1607 2367 :
1627 2350 1636 2366 ι
1656 2340 1743 2368 Laeta—

958 2387 1037 2418 mini,
1060 2390 1165 2421 gentes,
1181 2393 1244 2413 cum
1269 2386 1370 2420 popqu
1395 2387 1455 2421 ejus
1467 2390 1489 2425 ξ.
1514 2395 1523 2412 ›
1541 2385 1631 2413 Divini
1653 2392 1744 2413 autem

961 2430 1076 2458 Daridis
1088 2430 1248 2465 prophetias
1259 2431 1322 2465 quis
1336 2431 1414 2458 facile
1429 2430 1556 2466 colliget?
1579 2431 1608 2458 In
1625 2432 1745 2459 secundo

958 2477 1032 2504 enim
1047 2476 1152 2511 psalmo
1165 2476 1313 2503 Salvatoris
1327 2476 1414 2503 nostri
1426 2484 1569 2511 personam
1582 2480 1743 2504 assumens’:

922 2554 925 2561 γ
963 2531 972 2548 α
986 2522 1128 2555 Dominus,
1141 2522 1240 2557 inquit,
1259 2521 1328 2548 dixit
1341 2522 1375 2549 ad
1390 2530 1433 2549 me
1450 2531 1456 2548 :
1473 2521 1557 2557 980
1571 2523 1656 2550 Filius
1669 2531 1746 2550 meus

156 2602 168 2616 °
180 2597 292 2626 Malach.
308 2605 327 2630 ι,
346 2597 438 2625 10-12.
477 2602 490 2621 ρ
506 2596 573 2624 Gen.
586 2605 634 2629 xu,
653 2596 681 2630 2,
695 2597 722 2624 5.
761 2603 774 2622 ει
787 2597 882 2625 Matth.
902 2606 994 2631 nvnr,
1012 2599 1056 2626 l9.
1095 2603 1105 2618 τ
1123 2598 1191 2626 Gen.
1208 2606 1278 2632 mx,
1296 2597 1340 2625 10.
1378 2603 1388 2618 ι
1405 2598 1484 2626 Deut.
1501 2599 1640 2632 xxxn,45.

775 2652 893 2681 VARI/li
913 2653 1116 2683 LECTIONES.

161 2699 184 2715 νδ
198 2700 273 2750 πξῖον
289 2699 317 2726 δὲ
327 2700 380 2741 τὴν
389 2701 541 2750 μὲιρτιζρίαν
557 2701 606 2727 οὐκ
623 2700 679 2742 ἔχει
693 2700 745 2727 τῶν
760 2701 910 2736 εἰρημένων
925 2701 1030 2743 gadium
1153 2701 1348 2750 '[IKGfTEOZEg’IL]
1362 2709 1426 2750 ‘oxm‘.’
1434 2702 1464 2729 C.
1476 2703 1516 2750 ⁷1³ἰθ
1527 2703 1574 2729 καὶ
1589 2702 1637 2737 τὴν
1650 2712 1752 2750 ξαντα-

121 2735 167 2771 χῆ.
178 2735 231 2771 καὶ
246 2735 383 2770 πανταχοῦ
399 2735 429 2771 Β.

122 2769 218 2805 λέωντι»
231 2777 246 2796 e
265 2771 335 2805 conj.
347 2769 382 2797 'ut
396 2770 514 2798 videtur.

503 2737 756 2773 προαγορεύσαντα,
770 2736 1028 2773 προσαγορεύσαντα
1040 2737 1071 2764 C.
1095 2737 1131 2773 7"“
1153 2736 1238 2773 Ἱωῄλ.
1252 2737 1297 2763 τοῦ
1316 2736 1390 2773 Ίωὴλ
1476 2737 1497 2753 ⁷⁹
1508 2740 1561 2772 γάρ
1571 2736 1621 2764 tot;
1637 2738 1691 2773 γὰρ
1701 2741 1746 2767 οὗ.

565 2771 588 2786 ll"
695 2770 764 2808 ἀλλᾲ
778 2770 866 2808 xuiB.
896 2770 925 2808 ’ξι
939 2771 1010 2808 [τὴν]
1020 2780 1075 2800 om.
1087 2772 1122 2800 C,
1140 2773 1178 2808 ﬂ"
1194 2770 1253 2808 [τὴν
1268 2780 1321 2808 om.
1336 2770 1374 2798 Βζ
1403 2771 1426 2808 δέ
1441 2773 1488 2799 τοῦ
1503 2770 1557 2800 σπη’,
1571 2773 1600 2800 Β.
1638 2772 1660 2789 ⁸⁵
1673 2770 1749 2808 ἐνην-

124 2801 516 2843 θρώῃσενχ-ὲνανθρωπησαςι.
526 2805 740 2843 ἑνηνθρὼπισεὲν
753 2801 959 2843 ὲναιίορωπίσοῖς
1044 2808 1066 2824 ⁸⁸
1081 2807 1116 2834 τὰ
1133 2801 1204 2842 ἔθνη
1215 2801 1269 2836 ob].
1285 2807 1316 2841 Β,
1334 2808 1381 2835 Va.
1419 2807 1441 2824 ⁸⁸
1453 2807 1618 2843 ἀπήλαυσεν.
1632 2801 1749 2837 ἁπέλάυ-

125 2837 170 2866 σὲν
182 2837 219 2870 Β,
231 2837 381 2866 άπόλαυσεν
392 2840 422 2867 ν.
447 2837 468 2856 ⁸⁷
481 2837 578 2875 γέρως.
595 2837 687 2875 γῆρως
701 2840 734 2867 C.
772 2840 794 2857 ⁸⁸
807 2837 864 2874 ᾦ.’ὃ
878 2841 908 2868 Β,
