1965 3051
105 150 177 184 1093

371 153 590 183 GRECARUM
612 154 761 183 ΑΡΕΕοΊῖ
783 154 891 183 CURA'

946 153 1053 183 ’.-ΧῙ.
1072 154 1121 183 DE
1140 153 1228 182 FINE
1244 153 1290 182 ET
1308 153 1469 183 JUDICIO.

1667 155 1734 188 1094

103 209 222 242 ἑκάστης
246 207 274 234 δέ
290 215 321 241 γε
336 207 369 233 τὰ
390 208 534 244 πρόσφορα
551 208 648 242 λέγων.
671 209 764 244 ’Λρκεῖ
775 209 803 235 δὲ
819 209 891 244 ὑμῖν,

946 216 1098 243 rerperem.
1109 208 1213 236 Sullicit
1225 213 1317 235 autem
1329 208 1416 240 vobis,
1429 208 1450 235 si
1463 209 1563 241 velitis,
1573 210 1656 237 etiam
1669 212 1734 239 alia-

102 254 136 280 ἂν
152 253 202 273 ⁹-ι¹⁶
221 253 325 287 θέλητε,
348 254 394 279 καὶ
406 253 460 279 τῶν
475 254 572 286 ἀλλων,
591 255 619 288 ὲξ
634 251 670 281 ὦν
681 255 827 290 ἀκηκόατε,
843 255 892 290 τὴν

102 300 232 335 ἀλήθειαν
251 300 406 334 διαγνῶναι.
427 301 525 335 Σαφεῖς
547 301 601 337 γὰρ
615 298 693 329 αὗται
709 303 756 328 καὶ
771 302 891 337 ἀληθεῖς,

103 347 151 372 καὶ
163 343 218 371 οἷόν
232 353 304 377 τινες
324 346 448 380 ἐναργεῖς
467 346 542 382 [151]
571 349 623 374 εἰσι
646 348 700 375 τῶν
722 348 892 384 πραγμάτων

103 391 216 420 εἰκόνες.
231 390 336 425 ’Ὠσπερ
352 391 442 417 τοίνυν
457 391 511 418 τῶν
534 392 655 428 ἀρίστων
679 393 832 428 ζωγράφων
844 392 892 428 τὴν

102 436 201 470 τέχνην
233 437 297 471 ῥᾷον
326 436 359 463 ἄν
383 445 425 468 τις
447 437 600 473 καταμάθοι
620 439 640 454 ¹¹
653 439 692 474 τῷ
705 433 823 474 ἀλήθινῷ
845 440 893 466 καὶ

103 481 249 516 ἀρχετύπῳ
271 476 425 518 χαρακτῆρι
449 484 610 518 παρατιθεὶς
636 485 685 520 τὴν
707 486 808 517 εἰκόνα,
821 485 892 512 οὕτω

103 527 158 562 χρὴ
178 528 225 554 καὶ
239 528 309 563 ὑμᾶς
325 528 449 564 καθάπερ
463 529 534 556 ἰδέαν
552 530 572 545 ³¹
586 530 646 557 τινὰ
661 531 711 566 τὴν
725 532 892 566 προφητείαν

105 573 158 599 ὑπὸ
173 573 220 600 τοῦ
235 574 391 608 σοφωτάτου
406 575 655 610 προδιαγραφεῖσαν
669 577 813 612 ζωγράφου
841 587 892 604 πα-

104 618 293 654 ραθεῖναιτοίς
307 619 477 654 πράγμασιν,
498 621 549 656 ἠδη
562 621 675 648 λαϐοῦσι
703 623 725 638 ¹⁸
743 623 773 649 τὸ
794 623 890 658 πέρας,

103 665 152 690 καὶ
167 664 197 690 τὸ
215 664 264 699 τῆς
279 665 436 700 ὁμοιότητος
453 666 475 681 ⁸⁸
497 666 647 694 θεάσασθαι
670 669 891 704 ἀπαράλλακτον.

104 708 193 736 Πάλαι
206 710 257 744 μὲν
269 710 324 744 γὰρ
334 712 399 746 πρὶν
408 711 516 746 δέξηται
528 712 549 728 ’⁵
559 713 589 739 τὸ
600 713 685 749 πέρας
696 715 712 750 ἡ
729 715 892 750 προφητεία,

104 751 162 789 εἷχε
182 763 243 781 τινα
255 756 334 782 πόνον
344 756 375 782 τὸ
392 758 484 783 πεῖσαι
495 758 557 789 τοὺς
570 759 721 793 τηνικαῦτα
734 760 892 796 ἀνθρώπους

103 799 142 831 ὡς
151 799 238 835 ἀληθῆ
250 800 284 826 τὰ
294 800 479 836 θεσπίσματα·
491 802 586 838 ἐπειδὴ
595 803 623 829 δὲ
632 803 665 830 τὰ
674 804 756 831 πάλαι
766 805 814 831 καὶ
824 806 892 840 πρός

104 846 189 873 παλαι
201 847 391 882 προρρηθέντα
402 847 449 874 νῦν
463 848 570 884 ορῶμεν
581 849 770 884 τετελεσμένα,
791 852 838 876 καὶ
857 851 893 878 τὰ

946 262 1005 281 rum
1017 262 1051 281 ex
1064 254 1097 281 iis
1110 262 1178 289 quas
1190 253 1306 280 audistis
1323 253 1467 281 veritatem
1483 254 1650 283 discernere.
1665 255 1735 284 Sunt

945 301 1018 328 enim
1035 299 1185 327 manifesta:
1206 303 1233 326 et
1251 306 1332 331 verae,
1349 307 1380 326 ac
1399 299 1485 326 veluti
1507 307 1642 335 expressae
1658 310 1733 337 qua:—

945 346 1007 372 dam
1026 353 1117 372 rerum
1141 345 1282 380 imagines.
1304 345 1381 372 Sicut
1402 345 1493 380 itaque
1510 346 1675 380 optimorum
1690 348 1733 382 pi-

944 395 1051 418 ctorum
1068 395 1156 418 artem
1180 391 1287 418 facilius
1303 391 1445 426 explorare
1468 391 1530 426 quis
1552 393 1662 426 poterit,
1686 394 1734 428 qui

944 443 1016 463 vera:
1028 440 1110 470 atque
1125 435 1279 470 archetypa:
1301 435 1340 462 rei
1359 435 1458 470 pictam
1475 435 1620 470 imaginem
1639 437 1733 465 confe-

945 485 1006 507 rat:
1022 481 1058 508 ita
1079 485 1107 508 et
1128 489 1177 508 vos
1190 481 1279 513 decet,
1295 481 1370 508 velut
1390 481 1479 507 ideam
1497 482 1653 515 quamdam,
1670 490 1734 517 pro-

945 527 1064 561 phetiam
1076 526 1158 562 982
1170 535 1185 554 a
1196 526 1399 561 sapientissimo
1407 527 1511 561 pictore
1524 533 1586 554 ante
1598 527 1732 562 depictam

948 571 1031 598 rebus
1044 571 1120 606 ipsis.
1135 579 1197 598 eum
1211 571 1291 598 finem
1303 571 1358 606 jam
1376 571 1471 598 sortita
1487 575 1538 603 est,
1552 572 1689 604 conferre,
1702 580 1735 599 ae

945 616 1014 644 nihil
1034 617 1184 644 variantem
1208 617 1415 644 similitudinem
1439 618 1549 645 intueri.
1568 618 1647 646 Prius
1660 619 1733 646 enim

945 670 1026 696 quam
1049 662 1130 689 linem
1147 668 1362 698 consequeretur
1384 664 1538 698 prophetia,
1559 671 1613 690 non
1637 672 1734 699 parum

945 709 1010 736 olim
1025 709 1127 736 laboris
1142 713 1210 741 erat,
1224 709 1390 744 persuadere
1407 709 1480 736 illius
1498 710 1548 736 aevi
1565 710 1734 742 hominibus,

946 759 1076 782 eventura
1087 761 1145 781 esse
1157 762 1217 789 qua:
1229 754 1459 789 praedicebantur.
1470 755 1549 782 Nunc
1556 760 1658 787 autem,
1671 763 1734 782 cum

946 799 1058 834 impleta
1065 800 1207 827 videamus
1216 807 1275 834 qua:
1286 799 1415 834 przedicla
1427 800 1530 827 dudum
1541 801 1606 827 olim
1615 800 1734 834 fuerant,

945 849 973 872 et
985 845 1076 873 verbis
1091 853 1135 872 res
1153 845 1226 880 ipsas
1240 845 1415 877 successisse,
1432 846 1524 872 nullus
1531 846 1588 880 jam
1602 846 1682 873 nobis
1693 851 1735 874 est

106 891 217 926 ῥήματα
246 892 338 920 ἐκεῖνα
356 893 490 928 γενόμενα
514 894 677 930 πράγματα,
702 895 733 922 οὐ
750 895 790 922 δεῖ
803 897 891 924 πόνων

946 889 1021 917 labor
1031 889 1065 917 ad
1076 889 1229 917 faciendam
1240 890 1355 917 auribus
1367 889 1458 917 ﬁdem.
1473 890 1580 917 Habent
1594 891 1667 918 enim
1681 890 1735 918 illa:

104 938 171 973 ἡμῖν
195 939 235 969 εις
258 938 289 965 τδ
304 940 396 966 πεῖσαι
415 939 464 971 τὰς
476 940 571 971 ἀκοάς.
589 941 702 975 Ἔχουσι
714 941 768 977 γὰρ
779 939 857 969 αὗται
873 943 895 959 ¹⁶

107 983 298 1018 μαρτυροῦντα
324 984 358 1010 τὰ
373 984 495 1020 ὄμματα*
507 986 553 1012 καὶ
564 986 690 1020 περιττὸς
700 987 765 1021 ἡμῖν
782 987 892 1022 Ἠρόδο-

105 1037 160 1061 τος,
184 1029 280 1063 λέγων,
298 1029 338 1056 ὅτι
355 1039 364 1056 ‹
383 1030 422 1057 Τὰ
441 1027 499 1057 ὦτα
515 1031 632 1066 ὑπάρχει
654 1031 808 1067 ἀνθρώποις
829 1034 894 1060 ἀπι.

106 1075 218 1111 στότερα
231 1075 307 1102 ἐόντα
323 1076 377 1102 τῶν
390 1076 536 1112 ὀφθαλμῶν
560 1078 593 1106 ¹⁷.
614 1087 623 1104 ι
656 1078 756 1114 Ὀρῶσι
770 1079 825 1114 γάρ
842 1089 892 1106 που

105 1119 130 1146 οἱ
154 1120 287 1154 ὀφθαλμοὶ
298 1120 369 1156 ἆπερ
386 1121 480 1147 ἀκούει
491 1122 524 1148 τὰ
539 1119 605 1150 ὦτα.

147 1165 257 1200 Ἐπειδὴ
270 1166 358 1193 τοίνυν
373 1167 420 1193 καὶ
433 1167 532 1201 ὀλίγων
547 1168 722 1203 προφητειῶν
737 1169 760 1185 ’⁸
773 1169 891 1204 ὲπηκού-

107 1219 182 1242 una,
201 1211 249 1237 καὶ
271 1211 318 1247 τὴν
332 1211 386 1238 τῶν
406 1213 577 1247 πραγμάτων
601 1214 733 1249 ἑοράκατε
746 1214 768 1230 ¹⁹
789 1223 893 1250 μαρτυ-

107 1255 177 1290 ρίαν,
194 1256 340 1291 παράθετε,
356 1254 378 1283 ὦ
391 1257 496 1293 ἄνδρες,
510 1259 565 1290 τοῖς
576 1259 718 1294 ὑμετέροις
729 1259 751 1275 ³ο
760 1261 894 1295 χρησμοῖς

107 1301 160 1328 τῶν
173 1301 319 1337 προφητῶν
332 1303 366 1328 τὰ
379 1303 561 1337 θεσπίσματα,
577 1304 624 1330 καὶ
635 1304 750 1339 βοήσατε
766 1305 835 1340 μετὰ
846 1305 892 1332 τοῦ

113 1347 286 1373 ’Δποστὸλου-
301 1356 310 1372 ‹
322 1347 370 1378 Τίς
379 1348 505 1374 κοινωνία
521 1348 590 1382 φωτὶ
603 1350 670 1384 πρὸς
687 1350 798 1382 σκότος;
812 1350 853 1382 τίς
865 1350 892 1376 δὲ

107 1391 283 1426 συμφώνησις
297 1392 408 1427 Χριστῷ
423 1392 491 1428 πρὸς
507 1392 619 1428 Βελίαρ;
641 1393 658 1429 ἢ
677 1394 719 1425 τίς
744 1394 823 1430 μερὶς
850 1403 894 1421 πι-

106 1436 162 1472 στῷ
172 1437 193 1452 ¹¹
212 1436 280 1471 μετὰ
293 1438 422 1469 ἀπίστου;
442 1438 485 1469 τίς
497 1438 525 1465 δὲ
543 1439 742 1473 συγκατάθεσις
757 1440 813 1475 ναῷ
825 1439 892 1467 Θεοῦ

108 1481 176 1516 μετὰ
192 1481 323 1515 ειδώλων;
339 1491 348 1507 ι
365 1482 434 1508 Ναοὶ
449 1482 498 1517 μὲν
512 1483 566 1518 γὰρ
578 1482 653 1510 toﬁ"
665 1484 744 1515 Θεοῦ,
759 1484 814 1511 τῶν
830 1493 892 1520 προ-

106 1527 200 1561 φητῶν
209 1527 233 1553 οι
245 1527 329 1562 χοροί·
346 1527 443 1554 εἴδωλα
456 1528 586 1577 δὲ-κωφὰ,
602 1529 635 1556 τὰ
650 1530 725 1565 παρὰ
740 1530 795 1556 τῶν
809 1530 892 1557 ὲονῶν
906 1548 928 1577 c

106 1572 331 1607 προσκυνηοέντα
351 1573 385 1605 ’³,
403 1574 468 1609 περὶ
485 1571 522 1601 ὧν
541 1574 573 1600 τὸ
593 1574 664 1601 θεῖον
684 1575 797 1611 Πνεῦμά
814 1585 890 1611 φησι·

110 1626 119 1643 ι
138 1618 179 1644 Τὰ
193 1618 290 1644 εἴδωλα
304 1619 358 1645 τῶν
371 1618 455 1645 ἐθνῶν
473 1619 604 1655 ἀργύριον
621 1621 668 1646 καὶ
684 1621 806 1656 χρυσίον,
824 1621 892 1656 ἔργα

106 1663 204 1700 χειρῶν
217 1663 377 1700 ἀνθρώπων·
391 1665 477 1699 στόμα
490 1664 591 1699 έχουσι,
608 1665 655 1692 καὶ
672 1666 702 1692 οὐ
718 1666 890 1702 λαλήσουσιν·

106 1708 262 1743 ὀφθαλμοὺς
281 1709 383 1744 ἔχουσι,
397 1709 445 1735 καὶ
462 1709 512 1735 οὐκ
525 1709 645 1743 δψονται·
659 1707 716 1737 ὦτα
729 1710 829 1745 ἔχουσι,
846 1711 892 1738 καὶ

106 1755 157 1781 οὐκ
172 1755 344 1781 ἀκούσονταν
358 1755 433 1790 ῥῖνας
444 1755 545 1790 ἔχουσι,
562 1756 608 1782 καὶ
624 1756 673 1782 οὐκ
689 1757 891 1793 ὸσφρανθήσον-

107 1807 162 1827 ται·
179 1801 272 1835 χεῖρας
289 1800 390 1835 ἔχουσι,
406 1801 454 1826 καὶ
464 1801 494 1827 οὐ
505 1800 705 1836 ψηλαφήσουσι·
722 1802 805 1833 πόδας
816 1803 892 1837 ἔχου-

108 1853 146 1878 σι,
161 1845 210 1872 καὶ
225 1845 255 1872 οὐ
266 1847 508 1881 περιπατήσουσιν·
525 1846 556 1872 οὺ
569 1846 739 1881 φωνήσουσιν
750 1848 778 1872 ἑν
792 1847 831 1882 τῷ
843 1847 892 1873 λάξ

109 1899 190 1928 ρυγγι
203 1891 302 1918 αὐτῶν·
319 1891 455 1927 [οὐδὲγάρ
470 1891 528 1917 ἐστι
544 1890 652 1925 πνεῦμα
677 1891 706 1917 ἐν
727 1891 766 1927 τῷ
780 1891 893 1927 στόματι

106 1937 220 1972 αὑτῶν.]
232 1938 255 1953 ’⁸
270 1937 378 1971 Ὅμοιοι
389 1937 480 1967 αὐτοῖς
495 1936 614 1970 γένοιντο
622 1937 646 1962 οἱ
659 1936 798 1968 ποιοῦντες
812 1938 892 1969 αὐτὰ,

106 1983 155 2009 καὶ
176 1982 275 2013 πάντες
289 1983 312 2008 oi
325 1981 483 2013 πεποιθότες
499 1981 542 2008 ἐπ’
557 1982 657 2013 αὐτοῖς.
675 1991 684 2008 ι
706 1982 795 2017 ’Υμᾶς
806 1983 834 2009 δὲ
847 1984 893 2018 γέ-

107 2035 180 2053 νοιτο
196 2026 363 2062 μεταμαθεῖν
378 2027 401 2042 ’⁵
412 2027 461 2062 τὴν
474 2026 614 2061 ἀλήθειαν,
631 2027 679 2053 καὶ
695 2027 744 2062 τῆς
759 2036 892 2064 προφητι-

108 2071 160 2107 κῆς
172 2072 209 2107 μὴ
222 2072 383 2107 μεταλαχεῖν
394 2072 417 2087 ’³
427 2072 507 2106 ἀρᾶς.

414 2129 525 2155 ΛΟΓΟΣ
538 2129 590 2156 1Α’.

300 2185 367 2219 Περὶ
378 2185 486 2222 τέλους
502 2187 551 2213 καὶ
562 2186 699 2221 κρίσεως.

149 2240 326 2276 Ἀρίστιππον
339 2243 442 2270 ἐκεῖνον
455 2243 529 2276 ἴσως,
542 2241 565 2270 ὦ
577 2244 683 2279 ἄνδρας,
701 2244 824 2276 ἀκούετε,
844 2246 890 2272 τδν

115 2285 294 2320 Ἀριστίππου
306 2287 352 2313 τοῦ
366 2288 527 2322 Σωκράτους
542 2290 650 2325 ἑταίρου
667 2291 688 2306 ⁸⁷
702 2290 888 2327 θυγατριδοῦν.

107 2328 200 2363 Οὗτος,
213 2332 246 2366 τῇ
266 2332 348 2367 μητρὶ
367 2333 546 2370 φιλοσοφούσῃ
569 2335 666 2367 συνὼν,
677 2335 834 2371 φιλοσοφίας
853 2337 891 2368 ὡς

109 2376 235 2402 πλεῖστον
252 2377 419 2413 μετείληχεν.
435 2379 535 2414 Ἐλαχε
555 2379 583 2405 δὲ
599 2381 646 2407 καὶ
665 2380 751 2416 δνομα
767 2381 891 2414 ξυντεθὲν

108 2423 141 2449 ἐκ
157 2422 204 2448 τοῦ
217 2422 389 2457 πράγματος·
405 2424 650 2458 Μητρώιᾶακτον
661 2427 716 2461 γὰρ
732 2427 812 2454 αὐτὸν
827 2428 893 2454 ὠνό-

110 2467 196 2502 μαζον
210 2467 340 2500 ἅπαντες,
361 2468 431 2495 Ἀλλ’
446 2469 542 2504 ἐκείνῳ
564 2471 614 2506 μὲν
633 2472 750 2507 ἤρκεσεν
768 2474 807 2505 εἰς
829 2482 893 2508 μετ-

172 2544 193 2572 ll
207 2545 269 2573 Cor.
285 2554 321 2578 vn,
339 2546 382 2578 {5,
398 2546 439 2574 I6.
479 2553 490 2566 ε
505 2547 576 2576 Psal.
590 2556 663 2581 cant,
681 2550 773 2578 l2-l7.

945 935 1089 963 oculorum
1114 935 1317 968 testimonium,
1344 943 1633 970 supervacaneumque
1655 936 1735 964 nobis

944 985 986 1008 est
1001 980 1132 1008 Herodoti
1151 981 1267 1014 dictum,
1287 990 1296 1006 ι
1315 988 1394 1008 aures
1405 980 1564 1008 hominibus
1575 988 1635 1008 esse
1647 982 1735 1009 oculis

945 1026 1131 1059 inﬁdeliores;
1149 1036 1158 1053 ι
1173 1027 1246 1055 oculi
1268 1027 1341 1054 enim
1356 1026 1443 1054 nostri
1458 1026 1552 1054 vident
1569 1034 1629 1061 qua.
1639 1027 1733 1054 auditu

944 1080 1025 1100 aures
1039 1072 1185 1106 accipiunt.

979 1163 1094 1196 Quando
1110 1163 1193 1198 igitur
1208 1167 1235 1190 et
1251 1163 1409 1198 prophetias
1422 1163 1552 1198 pauculas
1567 1163 1691 1196 audistis,
1705 1169 1735 1192 et

944 1217 1036 1236 rerutn
1053 1208 1208 1235 testimonia
1226 1209 1313 1236 oculis
1337 1209 1504 1243 inspexistis,
1527 1214 1693 1243 comparate,
1718 1217 1734 1237 0

943 1255 1007 1287 viri,
1022 1254 1218 1289 prophetarum
1238 1255 1429 1289 praedictiones
1443 1262 1505 1281 cum
1519 1255 1619 1282 vestris
1633 1263 1733 1283 oracu-

944 1301 988 1333 lis.
1004 1305 1105 1328 etcum
1118 1301 1248 1335 Apostolo
1259 1301 1408 1327 exclamate
1423 1309 1429 1327 :
1448 1310 1456 1326 ε
1471 1300 1535 1333 Qua:
1548 1301 1664 1328 societas
1678 1302 1732 1329 luci

944 1354 1005 1373 eum
1024 1346 1160 1373 tenebris?
1172 1346 1199 1372 in
1211 1353 1266 1381 quo
1276 1346 1444 1372 conveniunt
1453 1345 1579 1374 Christus
1590 1351 1617 1374 et
1628 1347 1735 1374 Bcliar?

944 1395 992 1418 aut
1008 1399 1068 1426 quae
1092 1399 1155 1426 pars
1175 1390 1248 1417 ﬁdeli
1273 1398 1335 1417 cum
1359 1390 1479 1417 inﬁdeli?
1502 1391 1565 1426 quis
1583 1399 1734 1419 consensus

944 1437 1046 1471 templo
1061 1436 1109 1463 Dei
1125 1443 1187 1462 cum
1202 1435 1282 1462 idolis
1299 1435 1322 1461 1³.
1343 1445 1352 1460 ι
1371 1435 1483 1469 Templa
1505 1435 1578 1462 enim
1600 1436 1646 1463 Dei
1670 1441 1734 1463 sunt

943 1482 1139 1517 prophetarum
1156 1481 1247 1514 chori;
1270 1481 1342 1508 idola
1357 1488 1432 1511 vero,
1449 1488 1509 1515 qua:
1523 1485 1618 1516 gentes
1634 1481 1733 1508 adora-

945 1532 1020 1559 runt,
1032 1527 1113 1554 surda
1129 1531 1156 1554 et
1167 1531 1242 1554 muta
1259 1531 1334 1558 sunt,
1351 1526 1385 1554 de
1397 1526 1498 1561 quibus
1513 1530 1541 1553 et
1554 1526 1672 1561 Spiritus
1693 1527 1736 1554 di—

945 1574 1026 1601 vinus
1036 1573 1074 1600 ait
1088 1582 1094 1600 :
1112 1582 1121 1598 (
1134 1572 1287 1600 Simulacra
1299 1572 1420 1607 gentium
1431 1576 1574 1607 argentum
1585 1576 1613 1599 et
1624 1580 1735 1605 aurum,

945 1627 1027 1654 opera
1038 1626 1167 1646 manuum
1179 1617 1330 1644 hominum.
1341 1619 1378 1644 Us
1388 1617 1501 1649 habent,
1512 1622 1539 1644 et
1551 1625 1606 1644 non
1620 1618 1736 1652 loquen-

946 1668 1001 1696 tur;
1017 1663 1111 1690 oculos
1124 1662 1236 1694 habent,
1253 1666 1280 1688 ct
1296 1668 1349 1688 non
1362 1661 1505 1688 videbunt.
1520 1663 1608 1688 Aures
1620 1661 1733 1692 habent.

945 1712 1041 1736 etnon
1064 1707 1192 1740 audient;
1211 1714 1291 1734 nares
1314 1706 1430 1737 habent,
1446 1711 1473 1733 et
1496 1713 1551 1733 non
1569 1706 1734 1734 odorabunt.

945 1755 1041 1782 Manus
1063 1755 1176 1786 habent,
1191 1758 1283 1780 etnon
1300 1753 1469 1788 palpabunt;
1484 1752 1566 1788 983
1585 1753 1668 1788 pedes
1684 1753 1733 1780 ha-

945 1801 1027 1833 bent,
1042 1804 1070 1827 et
1084 1807 1139 1826 non
1162 1798 1351 1826 ambulabunt.
1368 1797 1427 1824 Non
1451 1797 1609 1824 clamabunt
1624 1802 1734 1832 gutture

945 1854 996 1873 suo
1017 1855 1024 1872 :
1047 1852 1136 1879 neque
1151 1844 1224 1871 enim
1241 1848 1282 1870 est
1299 1843 1413 1877 spiritus
1435 1842 1461 1868 in
1477 1849 1525 1869 ore
1541 1842 1673 1877 ipsorum.
1690 1843 1734 1871 Si-

945 1891 1024 1917 miles
1039 1890 1092 1917 illis
1113 1889 1178 1916 liant
1194 1888 1240 1923 qui
1258 1887 1363 1915 faciunt
1377 1895 1419 1919 ea,
1434 1891 1462 1914 et
1477 1895 1573 1914 omnes
1587 1888 1632 1922 qui
1648 1888 1733 1915 confi-

945 1935 1015 1962 dunt
1037 1934 1065 1961 in
1089 1934 1130 1961 eis
1145 1938 1169 1960 θ.
1189 1943 1198 1959 ι
1218 1932 1302 1960 Vobis
1317 1937 1420 1963 autem,
1435 1939 1452 1958 ο
1466 1931 1529 1962 viri,
1546 1931 1650 1959 utinam
1667 1939 1733 1959 eon-

946 1981 1032 2014 tingat
1046 1979 1188 2006 veritatem
1204 1978 1370 2013 perdiscere,
1386 1985 1438 2004 nec
1446 1977 1613 2012 prophetica:
1631 1977 1733 2012 impre-

946 2024 1061 2051 cationis
1076 2024 1130 2059 pati
1149 2024 1324 2058 supplicium.

1246 2123 1361 2151 SERth
1380 2123 1426 2151 XI.

1206 2191 1244 2218 De
1257 2191 1311 2226 ﬁne
1324 2195 1349 2218 et
1359 2191 1469 2226 judicia.

979 2247 1110 2282 Aristippi
1125 2255 1236 2279 nomen,
1250 2255 1267 2274 ο
1279 2247 1342 2279 viri,
1358 2247 1391 2274 ad
1407 2252 1511 2275 vestras
1524 2248 1638 2276 fortasse
1653 2256 1735 2276 aures

943 2293 1069 2328 pervenit
1084 2302 1090 2319 :
1104 2292 1188 2325 illius,
1200 2293 1322 2327 inquam,
1333 2293 1380 2328 qui
1392 2301 1425 2320 ex
1438 2293 1492 2320 ﬁlia
1510 2302 1595 2329 nepos
1610 2294 1661 2322 fuit
1673 2295 1734 2328 ejus

944 2338 1087 2373 Aristippi,
1103 2346 1157 2373 quo
1173 2337 1300 2366 Socrates
1312 2338 1480 2366 amicissimo
1494 2347 1561 2366 usus
1575 2343 1626 2367 est.
1640 2340 1665 2367 Is
1676 2339 1732 2367 ita-
1775 2361 1778 2365 .

945 2393 999 2420 que
1010 2392 1044 2411 ex
1060 2384 1155 2411 matris
1169 2383 1389 2419 philosophantis
1404 2386 1540 2417 convictu,
1559 2385 1591 2412 ad
1608 2393 1733 2420 magnam

942 2429 1124 2464 philosophiae
1145 2429 1329 2464 cognitionem
1346 2430 1470 2465 pervenit
1487 2439 1495 2457 :
1515 2438 1665 2465 cognomen
1680 2439 1732 2459 an-

943 2480 998 2503 tem
1013 2482 1028 2502 a
1047 2482 1077 2502 re
1092 2475 1150 2509 ipsa
1166 2475 1313 2507 contraxit,
1330 2483 1425 2502 omnes
1445 2475 1518 2503 enim
1541 2476 1618 2503 illum
1633 2476 1732 2503 Matre-

759 2619 874 2648 νΑιυΑῖ
893 2620 1091 2649 LECTIONES.

139 2673 189 2689 ὀυ
202 2672 244 2712 ἂν.
270 2673 318 2712 ιᾴν
330 2673 361 2701 C.
404 2674 432 2712 _"
459 2674 622 2710 καταμάθοι.
642 2675 787 2712 καταμάθῃ
801 2676 832 2704 C.

884 2677 906 2693 ¹¹
923 2677 1003 2704 ἰδέαν.
1019 2677 1106 2704 εἰδέαν
1119 2677 1151 2704 Β.

1205 2677 1227 2693 ’³
1239 2675 1384 2703 λαϐοῦσαν.
1412 2676 1523 2704 λαῦοὓσι
1538 2677 1568 2704 Β.
1609 2677 1630 2693 ’³
1640 2677 1733 2705 ὅμοιόν

107 2715 210 2753 τῃτοςῇ
221 2707 378 2753 ἁμοιώρεινς
399 2707 729 2753 (οτῃτοςηὲυρηὶωλσεωέ)
743 2707 935 2753 Bicgrrectiq
957 2717 1024 2753 esta
1042 2721 1072 2753 με
1094 2721 1131 2740 m.
1170 2712 1206 2753 ίξ-
1216 2712 1334 2747 δέξηται.
1351 2711 1475 2752 ξέξασθαι
1496 2712 1547 2753 νο,
1577 2713 1618 2753 __“
1641 2707 1729 2753 αξται.

107 2742 175 2782 αρτὰ
190 2742 220 2769 Β.
233 2742 294 2782 bimi
303 2742 422 2782 ὀνόματα
491 2744 529 2782 λ⁸⁷
541 2742 595 2782 τῷν
607 2746 666 2779 ὸιρθ.
679 2746 734 2773 τῶν
743 2742 798 2774 om.
814 2746 845 2779 C,
862 2747 909 2782 qui
926 2747 996 2775 infra
1007 2742 1145 2774 ἀκούουσι.
1185 2748 1206 2764 ¹⁸
1219 2742 1400 2782 προὶρῃτειῶν.
1416 2747 1562 2781 προφητῶν
1577 2747 1606 2775 Β.
1647 2748 1669 2764 ¹⁹
1682 2748 1732 2775 ἕως

109 2778 219 2812 ράκατε.
234 2778 365 2839 ἑοράκατε
382 2778 412 2805 Β.
450 2779 473 2794 ¹⁰
487 2778 640 2815 ὑμετέροις.
656 2781 801 2817 ἡμετέροις
815 2782 846 2809 C.
871 2778 908 2797 ’³¹
923 2783 1020 2817 πιστῷ.
1038 2782 1141 2808 πιστῶν
1152 2782 1182 2810 C.
1222 2778 1246 2798 ’ί
1260 2778 1309 2808 τοῦ
1325 2788 1379 2808 om.
1395 2781 1424 2810 Β.
1437 2778 1442 2781 ’
1464 2782 1487 2798 ’³
1499 2778 1729 2818 ῖπροσκυνηθέντα.

109 2812 255 2839 προσκινηο
273 2821 321 2839 ντα
334 2813 363 2839 Β.
399 2813 421 2828 ’³
432 2813 513 2839 Ῐούδὲ.
525 2814 592 2839 ete.l
607 2823 662 2839 nm.
683 2816 713 2839 Π.
753 2817 774 2831 ¹³
792 2817 967 2839 ιιςτιιιιαθεῖνγ
986 2817 1156 2839 xrnmmﬁefv
1167 2817 1217 2839 Vh,
1236 2817 1254 2839 l'.
1271 2824 1286 2839 σε
1306 2816 1377 2839 (νπιί.
1418 2817 1441 2833 ’θ
1459 2817 1617 2839 μεταλαϐεῖν
1646 2826 1729 2839 nem-

108 2813 323 2850 gzpoqxtvgtwvga
334 2813 373 2850 Β.Δ
399 2813 421 2828 ’³
432 2813 513 2849 [οὐδὲ.
525 2813 592 2850 etei]
607 2813 713 2844 om."C.

107 2845 196 2881 λαχεῖν
211 2845 241 2874 BL
277 2847 300 2862 ’⁷
314 2845 552 2883 ἑταίρου.”ἐταῖρον
568 2845 598 2876 Β.

753 2817 774 2831 ’³
792 2817 967 2852 μεταμαθεῖν.
986 2816 1156 2852 καταμαθεῖν
1167 2817 1219 2850 Vb,
1235 2817 1254 2844 f.
1271 2824 1286 2844 e
1306 2816 1377 2851 conj.
1418 2817 1441 2833 ’θ
1458 2816 1729 2853 μεταλαϐεῖνζμετα-
