1965 3051
107 156 119 188 i
130 155 178 189 101

374 155 592 186 GR/ECARUM
610 155 760 185 AFFECT.
782 153 1049 186 CURATIO.~XI.
1068 153 1116 183 DE
1136 154 1224 184 FINE
1245 155 1291 184 ET
1311 155 1470 186 JUDICIO.

1669 156 1736 190 1102

111 221 163 249 ραν
172 212 195 228 ⁸⁸
207 211 368 246 ἐργάσωμαι
381 211 429 246 τὴν
439 210 566 244 διάλεξιν,
583 211 684 246 ῥᾴδιον,
701 209 723 238 ὧ
737 211 841 247 ἄνδρες,
855 211 896 238 ἐν·

953 210 1038 238 inﬂujt
1050 210 1076 236 in
1090 211 1244 241 Tartarum,
1255 218 1287 237 cx
1304 211 1420 238 adverso
1430 211 1708 247 Pyriphlegethontrs.
1724 225 1732 239 ι

108 259 202 293 τυχεῖν
217 257 283 290 τῷδε
300 256 338 291 τῷ
353 256 485 291 διαλόγῳ,
506 257 553 282 καὶ
576 256 675 290 γνῶναι
698 257 802 291 σαφῶς,
823 258 899 290 ὅπως

109 303 159 330 καὶ
173 302 203 328 τὸ
215 302 389 336 δικαστήριον
406 301 582 332 ἐπιδείκνυσι,
607 302 654 328 καὶ
673 302 728 327 τῶν
744 302 778 328 τὰ
794 304 899 338 σμικρὰ

109 347 311 382 ἡμαρτηκότων
330 346 364 372 τὰ
387 346 529 381 ξύμμετρα
555 346 689 381 ἐπιτίμια,
717 348 763 373 καὶ
787 347 841 375 τῶν
865 349 900 375 τὰ

111 392 218 426 μεγάλα
231 392 278 417 καὶ
293 391 403 417 πλεῖστα
417 391 592 426 ἠσεϐηκότων
606 392 654 423 τὰς
669 392 837 427 ἀνηκέστους
851 402 898 420 κο-

109 437 213 469 λάσεις.
235 437 346 471 Ὀλίγων
360 437 388 464 δέ
406 438 443 473 πή
459 446 539 464 τινων
554 438 791 472 ἀπομνημονεύσω
802 439 879 473 κάγώ
890 449 897 455 '

110 484 186 517 λέγει
206 484 233 510 δὲ
245 483 331 514 οὕτως
349 492 355 498 “
375 493 384 509 ε
395 484 426 510 Oi
440 483 460 509 δ’
472 483 504 510 ἂν
519 484 630 516 δόξωσιν
644 484 803 519 ἀνηκέστως
827 485 898 520 ἔχειν

109 530 154 556 διὰ
165 530 199 556 ’τὰ
214 530 315 564 μεγέθη
333 529 408 564 [155]
421 529 474 556 τῶν
485 529 701 565 ἁμαρτημάτων,
717 531 732 565 ἢ
748 531 900 566 ἱεροσυλίας

111 575 212 606 πολλὰς
223 574 245 590 ⁸⁵
263 575 309 601 καὶ
325 575 453 610 μεγάλας,
468 575 483 610 ἢ
500 575 595 608 φόνους
608 576 630 592 ⁹⁰
649 576 762 607 πολλοὺς
776 577 824 603 καὶ
843 576 896 603 ἁδί-

112 630 176 651 κους
202 621 250 647 καὶ
278 622 451 655 παρανόμους
479 620 702 655 ἐξειργασμένοι,
725 621 741 656 ἢ
763 622 830 648 ἄλλα
850 622 900 648 ὅσα

111 666 242 701 τυγχάνει
268 666 378 693 τοιαῦτα
408 666 482 697 (Nu,
501 665 611 696 τούτους
634 665 661 691 δὲ
688 667 704 700 ή
725 667 900 702 προσήκουσα

113 713 196 746 μοῖρα
219 711 307 746 ῥίπτει
327 712 367 742 εις
380 711 424 737 τὸν
439 712 590 746 Τάρταρον,
615 711 676 737 ὅθεν
691 711 782 737 οὔποτ’
800 711 897 738 ἐκδαί-

112 766 215 783 νουσιν.
228 757 260 783 Οἳ
282 757 304 783 δ’
320 757 342 773 ⁹¹
358 757 391 783 ἀν
411 757 505 791 ἰάσιμα
517 757 540 772 ³³
558 756 605 791 μὲν
627 756 733 791 μεγάλα
746 756 773 783 δὲ
789 756 900 789 δόξωσιν

113 802 301 837 ἡμαρτηκέναι
327 802 532 837 ἁμαρτήματα,
565 799 620 828 οἷον
652 801 719 836 πρὸς
747 801 851 836 πατέρα
883 801 900 836 ἢ

113 846 238 882 [πρὸς]⁹³
254 846 359 882 μητέρα
374 847 418 872 ὑπ’
433 846 517 882 ὀργῆς
531 846 616 881 βίαιόν
631 855 657 872 τι
670 845 836 881 πράξαντες,
852 846 902 872 καὶ

115 892 268 927 μετάμελον
280 893 371 923 αὐτοῖς
388 892 434 918 τὸν
453 891 532 918 ἄλλον
551 891 608 926 βίον
623 891 717 926 βιῶσιν
727 891 761 924 ’⁸,
777 891 794 927 ἦ
808 891 902 927 ἀνδρο-
917 889 938 916 Β

114 937 216 972 φόνοιή
234 937 344 972 τοιούτῳ
367 937 420 963 τινὶ
436 936 508 971 ἄλλῳ
529 936 622 971 τρόπῳ
633 936 775 970 γένωνται,
790 936 900 967 τούτους

113 982 154 1008 δεῖ
164 982 185 997 ³⁸
202 983 332 1016 ἐμπεσεῖν
347 981 396 1016 μὲν
411 981 451 1011 εἰς
463 980 508 1007 τὸν
523 980 675 1015 Τάρταρον,
689 980 860 1014 ἐμπεσόντας
873 979 902 1005 δὲ

114 1028 225 1059 αὐτοὺς,
241 1027 288 1053 καὶ
304 1026 426 1053 ἐνιαυτὸν
438 1027 495 1052 ἐκεῖ
508 1026 670 1061 γενομένους
682 1027 716 1057 ’⁸,
729 1025 854 1052 manu
871 1025 902 1052 τδ

115 1072 204 1106 κῦμα,
228 1073 290 1103 τοὺς
314 1072 362 1106 μὲν
380 1071 569 1106 ἀνδροφόνους,
596 1071 666 1098 κατὰ
686 1071 731 1098 τὸν
750 1071 881 1097 Κωκυτόν
893 1078 899 1085 ·

114 1120 178 1150 τοὺς
200 1119 227 1145 δὲ
255 1118 432 1153 πατραλοίας,
460 1118 530 1144 κατὰ
555 1118 600 1144 τὸν
624 1117 870 1153 Πυριφλεγέθοντα.
890 1127 899 1143 ι

116 1163 183 1192 Εἶτα
204 1164 322 1191 διδάσκει
344 1165 417 1195 ὅπως
442 1164 523 1198 βοῶσί
544 1173 574 1190 τε
597 1164 644 1191 καὶ
670 1164 818 1190 ἱκετεύουσι
839 1164 903 1194 τοὺς

114 1210 294 1245 ἠδικημένους
310 1210 400 1236 δοῦναι
417 1210 492 1244 σφίσι
510 1210 675 1244 συγγνώμην
694 1218 700 1224 ·
722 1209 817 1235 ἔπειτα
833 1209 904 1235 ὲκεί-

116 1265 169 1282 νων
181 1255 375 1287 ἀνανευόντων,
384 1255 457 1285 ὅπως
471 1255 510 1285 είς
521 1254 569 1289 τὴν
579 1254 678 1289 λίμνην
688 1252 764 1285 αὖθις
777 1254 902 1288 ἀναπεμ-

117 1302 229 1336 πόμενοι
243 1300 290 1332 τὰς
305 1300 391 1331 αὑτὰς
419 1299 584 1334 ὑπομένουσι
609 1299 752 1334 τιμωρίας.
775 1298 852 1325 Οὖτω
871 1298 902 1334 δὴ

115 1346 149 1372 τὰ
166 1346 332 1381 κολαστήρια
347 1345 445 1377 δείξας,
463 1344 614 1380 παραδηλοῖ
629 1345 675 1370 καὶ
689 1345 744 1370 τῶν
759 1342 788 1370 εὖ
803 1344 902 1378 βεῦιω-

116 1391 204 1417 κότων
225 1391 287 1422 τοὺς
302 1390 418 1425 χώρους,
442 1387 492 1416 ὧδέ
510 1398 549 1424 πη
571 1389 690 1423 λέγων⁹⁷
715 1398 721 1404 ·
747 1399 755 1414 ι
774 1389 804 1415 U't'
829 1389 849 1414 δ’
870 1389 903 1415 ἂν

116 1437 211 1468 δόξωσι
225 1436 406 1471 διαιρερόντως
424 1435 491 1470 πρὸς
503 1435 533 1461 τὸ
549 1434 629 1466 ὁσίως
643 1434 785 1460 διαῦιῶναι
799 1442 901 1469 προκε-

118 1482 235 1516 κρίποαι,
252 1479 323 1508 οὗτοί
334 1481 402 1507 εἰσιν
419 1481 443 1506 οἱ
457 1480 538 1507 τῶνδε
555 1480 605 1514 μὲν
620 1479 673 1506 τῶν
687 1480 778 1505 τόπων
800 1479 854 1505 τῶν
875 1479 903 1504 ἐν

117 1529 149 1563 τῇ
175 1529 210 1562 γῇ
236 1527 457 1562 ἐλευθεροῦμενοι
479 1526 526 1552 καὶ
550 1525 782 1560 ἀπαλλαττόμενοι
809 1524 903 1558 ὥσπερ

117 1572 322 1608 δεσμωτηρίων,
353 1572 408 1599 ἄνω
434 1572 462 1599 δὲ
494 1573 533 1603 εἰς
565 1572 614 1606 τὴν
646 1570 769 1605 καθαρὰν
797 1566 937 1604 οἴκησινϐ

118 1619 330 1654 ἀφικνούμενοι,
349 1619 396 1644 καὶ¹
412 1619 458 1644 ἐπὶ
477 1618 524 1652 τῆ;
539 1617 590 1651 γῆς
609 1615 817 1650 οἱκιζόμενοι⁹⁸.
837 1613 905 1640 Τού-

118 1675 171 1693 των
183 1667 211 1693 δὲ
226 1666 314 1692 αὐτῶν
329 1666 353 1692 οἱ
366 1665 510 1700 φιλοσοφία
523 1663 623 1695 ἱκανῶς
639 1663 824 1697 καθηράμενοι
839 1662 903 1688 ἄνευ

118 1721 146 1738 τε
161 1711 290 1746 καμάτων
303 1711 367 1743 ζῶσι
387 1711 416 1736 τὺ
432 1710 561 1745 παράπαν
576 1709 614 1740 εἰς
628 1708 673 1734 τὸν
685 1707 780 1734 ἔπειτα
795 1706 902 1742 χρόνον,

119 1757 165 1783 καὶ
180 1758 219 1787 εἰς
238 1757 358 1790 οἰκήσεις
380 1754 443 1791 [En]
455 1755 479 1770 "
496 1754 597 1780 τούτων
617 1753 742 1783 καλλίους
762 1751 905 1786 ἀφικνοῦν-

118 1810 174 1833 ται,
190 1801 223 1833 ἃς
238 1801 298 1827 οὔτε
311 1801 399 1836 ῥᾴδιον
415 1800 544 1836 δηλῶσαι,
557 1799 619 1825 οὗτε
634 1800 648 1825 ὁ
658 1799 752 1833 χρόνος
769 1798 860 1828 ἱκανὸς
875 1798 904 1823 ὲν

119 1845 157 1881 τῷ
172 1846 303 1881 παρόντι·
325 1845 392 1872 ἀλλὰ
413 1844 515 1871 τούτων
537 1844 585 1878 μὲν
608 1843 640 1878 δὴ
664 1843 755 1869 εἵνεκα
780 1842 843 1877 χρὴ,
868 1838 905 1867 ὧν

119 1892 323 1926 διεληλύθαμεν,
337 1888 359 1916 ὦ
380 1890 494 1926 Σιμμία,
511 1889 627 1923 πάμπαν
644 1889 728 1914 ποιεῖν
750 1887 819 1914 ὥστε
839 1887 905 1922 ἀρε-

119 1937 168 1971 τῆς
181 1937 226 1963 καί
242 1937 398 1970 φρονήσεως
420 1936 572 1969 μετασχεῖν.
596 1933 683 1960 Καλὸν
699 1933 753 1967 γὰρ
769 1932 798 1958 τὸ
814 1931 903 1964 ἆθλον,

120 1982 193 2016 καὶὴ
209 1981 286 2011 ἐλπὶς
301 1980 416 2015 μεγάλη.
437 1988 446 2004 ι
468 1980 525 2005 Κάν
544 1979 583 2013 τῷ
598 1979 706 2012 Γοργίᾳ
724 1978 752 2004 δὲ
763 1979 797 2004 τὰ
814 1985 904 2013 παρα-

120 2027 221 2061 πλήσια
238 2025 326 2059 λέγει·
351 2035 359 2050 ι
377 2025 475 2051 Ἄκουε
491 2024 523 2058 δὴ
540 2024 612 2058 μάλα
625 2023 707 2049 καλοῦ
724 2023 812 2057 λόγου,
830 2022 860 2049 ὃν
873 2023 904 2049 σὺ

122 2072 170 2106 μὲν
187 2071 277 2106 ήγήσῃ
295 2069 388 2105 μῧοον,
405 2070 442 2101 ὡς
459 2069 513 2103 ἐγὼ
529 2067 615 2104 οἶμαι,
633 2068 688 2103 ἐγὼ
702 2068 739 2099 δὲ,
758 2068 852 2102 λόγον’
869 2068 906 2098 ὡς

120 2118 206 2153 ἀληθῆ
219 2118 272 2153 γὰρ
287 2116 351 2143 ὄντα
372 2125 412 2142 σοι
431 2115 552 2150 λεγέσθω
569 2115 586 2142 ἃ.
606 2114 694 2150 μέλλω
709 2114 808 2148 λέγειν.
825 2123 833 2140 ι
851 2115 906 2140 Καὶ

122 2164 178 2199 μετ’
199 2164 292 2197 ὀλίγα·
312 2172 320 2188 ‹
340 2162 390 2188 Τὸν
407 2162 435 2188 δὲ
458 2161 569 2191 δικαίως
588 2160 634 2186 τὸν
655 2160 711 2194 βίον
734 2159 906 2195 διεληλυθότα

121 2210 168 2236 καὶ
187 2210 276 2241 ὁσίως,
290 2208 398 2235 ἐπειδὰν
415 2208 574 2242 τελευτήσῃ,
598 2208 638 2238 εἰς
659 2206 790 2242 μακάρων
806 2207 905 2241 νήσους

120 2256 235 2282 ἀπιόντα
246 2256 329 2281 οἰκεῖν
341 2256 369 2281 ὲν
382 2255 456 2290 πάσῃ
470 2253 627 2288 εὐδαιμονίᾳ
644 2253 720 2284 ἐκτὸς
739 2252 846 2279 κακῶν·
860 2252 905 2279 τὸν

121 2302 148 2329 δὲ
160 2302 256 2333 ἀδίκως
268 2302 314 2330 καὶ
327 2302 424 2333 ἀθέως,
443 2302 482 2333 είς
493 2301 522 2327 τὸ
535 2301 584 2335 τῆς
595 2299 711 2334 κρίσεώς
726 2308 756 2325 τε
772 2300 817 2326 καὶ
829 2299 906 2333 δίκης

121 2348 315 2382 δεσμωτήριον,
335 2347 349 2373 ὃ
368 2347 400 2382 δὴ
413 2346 553 2382 Τάρταρον
577 2347 714 2376 καλοῦσιν,
732 2345 810 2372 ἱέναι.
825 2354 834 2370 ι
851 2345 906 2371 Καὶ

122 2392 199 2424 αὖθις
211 2401 217 2407 ·
236 2402 244 2418 ι
261 2392 376 2419 Ἔπειτα
391 2393 509 2426 γυμνοὺς
523 2391 631 2426 κριτέον
648 2391 775 2417 ἁπάντων
791 2390 903 2416 τούτων.

121 2436 277 2467 Τεονεῶτας
297 2436 352 2471 γὰρ
370 2436 429 2462 δεῖ¹
452 2435 590 2471 κρίνεσθαι
608 2444 615 2452 ·
633 2435 680 2461 καὶ
694 2435 739 2461 τὸν
756 2434 851 2470 κριτὴν
867 2434 907 2460 δεῖ

122 2482 223 2517 γυμνὸν
238 2480 307 2508 εἶναι
321 2481 465 2513 τεθνεῶτα,
480 2481 547 2516 αὐτῇ
564 2482 597 2516 τῇ
611 2482 682 2516 ψυχῇ
696 2480 780 2516 αὐτὴν
794 2481 842 2516 τήν
854 2481 906 2515 ψυ-

122 2528 171 2564 χὴν
180 2527 333 2564 θεωροῦντα
343 2527 471 2562 ἐξαίφνης
480 2527 659 2558 ἀποθανόντος
670 2527 796 2558 ἑκάστου,
804 2527 907 2562 ἔρημον

123 2575 229 2602 πάντων
239 2574 388 2608 συγγενῶν,
399 2573 580 2600 καταλιπόντα
590 2573 635 2599 ἐπὶ
645 2573 696 2607 γῆς
709 2573 797 2599 πάντα
804 2573 907 2599 ἐκεῖνον

122 2620 167 2649 σὺν
178 2621 288 2656 κόσμον,
301 2621 344 2647 ἴνα
356 2619 446 2647 δικαία
461 2620 477 2655 ή
493 2619 584 2655 κρίσις
652 2629 660 2643 ι
679 2619 772 2650 Οὕτως
785 2617 905 2654 ἀκριϐῶς

951 261 989 286 Ac
1003 267 1036 286 ne
1052 263 1149 286 cuncta
1171 256 1294 285 referens
1325 256 1476 293 longiorem
1498 264 1652 285 sermonem
1674 266 1738 294 pro—

952 305 1069 336 lraham,
1084 305 1163 331 facile
1173 307 1226 335 est,
1240 311 1256 330 ο
1268 303 1331 335 viri,
1345 303 1482 337 dialogum
1496 303 1584 337 ipsum
1597 303 1624 329 in
1639 311 1736 330 manus

950 357 1068 382 sumere,
1084 355 1165 384 atque
1181 357 1213 376 ex
1229 349 1303 376 illius
1317 349 1434 376 lectione
1455 353 1548 383 aperte
1561 356 1736 383 cognoscere.

950 396 1180 430 quemadmodum
1199 394 1318 422 tribunal
1340 394 1498 425 constituat,
1521 401 1670 428 eorumque
1690 394 1737 428 qui

949 442 1048 469 leviter
1064 445 1213 475 peccarunt
1225 447 1368 474 compares
1386 447 1480 474 ptenas
1494 438 1633 470 decernat,
1647 438 1738 474 gravi-

950 493 993 514 ter
1024 491 1116 513 autem
1143 486 1293 519 crebroque
1324 484 1549 519 delinquentibus
1575 484 1738 511 insanabilia

950 532 1094 567 supplicia.
1111 532 1166 566 Ego
1181 538 1247 558 vero
1260 538 1346 565 pauca
1363 529 1486 564 quzedam
1507 529 1736 556 commemorabo.

950 578 990 605 lla
1003 581 1095 604 autem
1108 577 1146 603 ait
1163 576 1200 611 (p.
1220 576 1271 602 H5
1285 575 1318 611 Α)
1337 583 1342 601 :
1365 584 1374 600 ‹
1392 575 1445 608 Qui
1465 580 1557 601 autem
1570 574 1620 601 visi
1636 574 1738 601 fuerint

950 623 1117 650 insanabiles
1134 630 1194 649 esse
1211 621 1246 648 ob
1269 620 1486 655 magnitudinem
1511 619 1673 646 delictorum
1685 640 1692 650 ,
1711 624 1740 645 ut

949 669 997 704 qui
1015 668 1157 703 sacrilegia
1181 667 1266 694 multa
1290 671 1318 694 et
1339 666 1449 701 gravia,
1472 670 1519 693 aut
1537 665 1624 692 caedes
1640 665 1740 692 multas

951 718 1049 748 praeter
1060 714 1100 740 fas
1114 714 1274 749 justumque
1290 710 1587 746 admiserint,990et
1601 718 1660 744 quae
1675 714 1740 737 sunt

951 759 1003 786 alia
1017 759 1125 793 generis
1145 758 1285 794 ejusdem,
1309 757 1358 784 hos
1375 764 1471 783 omnes
1493 764 1569 790 aequa
1592 761 1619 782 et
1641 762 1740 782 conve-

951 803 1031 830 niens
1052 811 1112 830 sors
1135 803 1162 829 in
1185 802 1329 829 Tartarum
1354 800 1487 832 demittit,
1504 800 1576 826 unde
1598 807 1739 834 nunquam

952 852 1106 884 emergunt.
1122 848 1173 881 Qui
1189 855 1256 875 vero
1277 846 1407 874 sanabilia
1428 846 1554 880 quidem,
1579 845 1626 872 sed
1648 849 1738 872 tamen

952 894 1045 930 gravia
1058 894 1110 921 visi
1124 893 1227 921 fuerint
1246 897 1357 928 peccata
1372 891 1551 922 commisisse,
1565 890 1644 925 quale
1659 894 1701 917 est
1714 891 1737 917 si

951 939 997 974 qui
1013 947 1062 974 per
1076 939 1144 966 iram
1156 938 1291 966 violenter
1303 938 1331 965 in
1343 943 1446 972 patrem
1458 941 1504 964 aut
1518 936 1545 963 in
1559 941 1673 964 matrem
1686 937 1737 964 ali-

951 985 1018 1019 quid
1032 992 1095 1012 cum
1113 984 1239 1016 fecerint,
1255 982 1417 1018 pmnitentia
1429 982 1504 1009 ducti
1520 989 1568 1009 eos
1583 981 1610 1008 in
1631 981 1738 1016 reliquo

952 1030 1040 1064 spalio
1057 1030 1120 1057 vita
1140 1029 1286 1060 coluerint,
1303 1032 1350 1055 aut
1367 1027 1510 1054 homicida:
1529 1027 1582 1054 alio
1604 1027 1737 1061 qutepiam

951 1075 1034 1102 simili
1050 1075 1131 1102 modo
1144 1075 1256 1106 fuerint,
1270 1075 1321 1102 hos
1334 1082 1441 1109 quoque
1454 1074 1527 1109 ipsos
1545 1074 1631 1101 nihilo
1648 1073 1739 1101 secius

952 1119 980 1146 in
993 1121 1136 1147 Tartarum
1148 1128 1261 1148 necesse
1275 1124 1317 1148 est
1333 1121 1411 1156 dejici
1427 1129 1433 1147 :
1447 1128 1508 1148 cum
1526 1124 1617 1147 autem
1635 1127 1737 1147 annum

952 1165 989 1192 ibi
1006 1169 1093 1192 totum
1122 1166 1288 1201 peregerint,
1312 1166 1346 1193 ab
1361 1166 1441 1193 undis
1459 1166 1611 1201 ejectanlur
1626 1175 1632 1192 :
1649 1166 1739 1193 homi-

952 1211 1020 1239 cidae
1037 1204 1159 1246 quidem,
1186 1212 1219 1238 ad
1239 1211 1385 1247 Cocytum;
1411 1212 1456 1246 qui
1478 1219 1543 1239 vero
1565 1212 1591 1238 in
1612 1216 1740 1246 parentes

952 1261 1117 1291 peccarunt,
1153 1256 1186 1284 ad
1213 1257 1510 1292 Pyriphlegethontem.
1529 1257 1649 1284 «Narrat
1677 1262 1741 1293 post

953 1301 1011 1328 haec
1039 1309 1094 1335 quo
1122 1306 1203 1335 pacto
1228 1302 1336 1329 veniam
1361 1301 1395 1328 ab
1420 1302 1454 1329 iis
1476 1310 1572 1337 magna
1599 1310 1665 1330 voce
1693 1311 1741 1338 pe—

954 1351 1011 1374 tant
1023 1354 1091 1381 quos
1104 1347 1243 1377 laeserunt.
1260 1351 1355 1382 utque,
1369 1347 1423 1374 illis
1437 1348 1627 1380 renuentibus,
1639 1348 1739 1376 iterum

953 1392 980 1418 in
993 1392 1081 1418 lacum
1097 1391 1286 1423 devolvantur,
1299 1392 1393 1418 eadem
1406 1399 1466 1426 qum
1485 1392 1560 1426 prius
1572 1393 1661 1420 adhuc
1674 1401 1740 1428 sup-

953 1437 1034 1471 plicia
1050 1437 1156 1463 luituri.
1178 1437 1212 1464 Et
1230 1441 1373 1471 postquam
1390 1437 1447 1464 hac
1462 1442 1661 1465 tormentorum
1680 1439 1740 1467 loca

953 1483 1083 1514 ostendit,
1097 1487 1154 1509 tum
1169 1490 1265 1509 eorum
1285 1483 1367 1510 etiam
1382 1483 1428 1517 qui
1450 1483 1519 1510 bene
1540 1484 1667 1511 vixerunt
1682 1485 1740 1512 loca

953 1528 1123 1555 demonstrat
1137 1529 1180 1555 his
1191 1528 1283 1555 verbis
1305 1528 1342 1563 (p.
1366 1529 1416 1555 lu
1429 1528 1459 1563 B)
1476 1537 1482 1555 :
1501 1538 1509 1553 ι
1525 1528 1575 1561 Qui
1593 1534 1683 1557 autem
1698 1531 1740 1557 vi-

955 1573 1035 1600 vendi
1050 1573 1194 1600 sanctitate
1208 1573 1369 1601 excelluisse
1385 1578 1497 1600 caeteros
1509 1573 1559 1601 visi
1580 1574 1692 1607 fuerint,
1712 1575 1743 1602 hi

954 1621 1017 1644 sunt
1029 1618 1076 1652 qui
1093 1617 1127 1644 ab
1143 1617 1217 1645 hisce
1232 1617 1348 1645 terrenis
1362 1617 1439 1649 locis,
1456 1621 1583 1652 tanquam
1596 1625 1612 1645 a
1623 1618 1741 1645 vinculis

953 1664 1069 1691 exsoluti
1086 1671 1253 1698 prox-susque
1276 1663 1396 1694 liberali,
1419 1663 1452 1690 ad
1474 1663 1643 1697 superiorem
1667 1664 1740 1690 illam

953 1716 1051 1743 puram
1065 1710 1071 1718 '
1083 1708 1279 1735 habitationem
1292 1707 1467 1742 perveniunt,
1482 1713 1564 1742 atque
1577 1708 1614 1735 ibi
1627 1708 1654 1735 in
1670 1712 1742 1736 terra

954 1754 1056 1789 optima
1071 1754 1250 1781 collocantur.
1263 1754 1302 1779 Ex
1313 1753 1355 1780 his
1370 1757 1460 1780 autem
1472 1753 1549 1788 ipsis,
1565 1754 1612 1788 qui
1623 1762 1671 1788 per
1682 1754 1743 1788 phi-

953 1800 1105 1834 losophiam
1118 1799 1184 1826 satis
1197 1799 1303 1833 purgati
1317 1798 1428 1829 fuerint,
1443 1798 1461 1824 ii
1474 1803 1501 1825 et
1515 1799 1649 1834 reliquum
1661 1807 1741 1826 omne

955 1851 1062 1881 tempus
1074 1846 1177 1880 absque
1193 1845 1255 1872 ullis
1274 1846 1383 1879 penitus
1401 1845 1539 1872 laboribus
1552 1846 1657 1877 vivunt,
1672 1851 1701 1873 et
1714 1847 1740 1873 in

954 1892 1135 1927 pulchriores,
1143 1899 1224 1926 quam
1232 1891 1275 1918 hae
1283 1891 1347 1922 sint,
1356 1890 1537 1918 habitationes
1549 1899 1577 1918 se
1586 1892 1726 1919 conferunl
1733 1913 1739 1919 .

954 1936 1018 1969 Qua:
1033 1936 1186 1971 cuiusmodi
1203 1936 1268 1967 sint,
1280 1935 1352 1962 haud
1370 1936 1449 1962 facile
1464 1936 1608 1969 quisquam
1629 1937 1739 1969 dixerit,

954 1981 1033 2016 991
1049 1989 1137 2016 neque
1155 1989 1275 2016 praesens
1286 1985 1392 2015 tempus
1408 1980 1442 2007 ad
1458 1981 1606 2008 dicendum
1627 1981 1737 2009 sufﬁce—

956 2032 1006 2054 ret.
1024 2027 1076 2054 Sed
1094 2027 1192 2054 horum
1207 2027 1294 2062 gratia
1311 2034 1372 2061 quze
1385 2026 1458 2053 dicta
1482 2031 1557 2059 sunt,
1579 2035 1595 2054 ο
1614 2027 1739 2058 Simmia.

955 2073 1030 2100 omni
1049 2073 1140 2100 studio
1154 2078 1197 2100 est
1211 2073 1402 2104 adnitendum,
1426 2077 1455 2100 ut
1471 2073 1602 2100 virtutem
1627 2081 1659 2101 ac
1673 2082 1740 2108 pru-

959 2119 1079 2146 dentiam
1099 2126 1316 2153 consequamur:
1334 2119 1479 2153 pulchrum
1503 2119 1577 2146 enim
1598 2120 1741 2154 praemium

956 2169 998 2192 est
1022 2165 1188 2199 repositum,
1208 2171 1259 2191 nec
1278 2164 1374 2198 exigua
1389 2164 1575 2198 consequendi
1594 2172 1667 2199 spes.
1682 2175 1691 2190 ι
1711 2165 1739 2192 In

957 2210 1054 2246 Gorgia
1064 2217 1173 2244 quoque
1185 2209 1228 2236 his
1239 2209 1329 2235 aﬂinia
1348 2212 1442 2235 narrat
1455 2209 1493 2245 (p.
1511 2209 1562 2236 523
1577 2209 1620 2244 A):
1638 2219 1647 2236 ι
1658 2210 1740 2240 Audi.

957 2256 1006 2287 ait,
1021 2255 1218 2290 perpulchrum
1246 2262 1412 2286 sermonem,
1425 2262 1506 2288 quem
1523 2259 1550 2281 tu
1567 2255 1691 2289 quidem,
1712 2261 1742 2282 ut

958 2301 1064 2336 opinor,
1083 2300 1200 2328 fabulam
1219 2299 1405 2330 existimabis,
1423 2307 1474 2334 ego
1496 2304 1588 2326 autem
1611 2305 1742 2328 constan—

958 2351 1013 2374 tem
1028 2354 1193 2374 sermonem.
1207 2346 1301 2380 Itaque
1315 2345 1443 2372 dicantur
1458 2350 1588 2379 tanquam
1598 2354 1743 2380 vera,qua:

958 2393 1084 2419 dicturus
1094 2399 1165 2419 sum.
1178 2401 1187 2417 ι
1205 2391 1238 2417 Et
1248 2394 1310 2426 post
1327 2398 1412 2425 pauca
1428 2399 1434 2417 :
1458 2391 1546 2418 «Eum
1558 2398 1624 2418 vero
1638 2393 1685 2426 qui
1699 2392 1743 2419 vi—

961 2442 1014 2465 tam
1029 2438 1102 2472 juste
1118 2444 1150 2464 ac
1169 2441 1262 2464 sancte
1293 2436 1473 2470 transegerit,
1503 2441 1591 2463 morte
1618 2436 1691 2464 obita
1713 2437 1741 2463 in

959 2483 1104 2510 beatorum
1117 2483 1220 2510 insulas
1234 2481 1346 2513 deferri,
1365 2489 1466 2516 easque
1489 2481 1666 2514 incolentem,
1687 2482 1742 2509 frui

960 2529 1034 2556 omni
1046 2528 1188 2559 felicitate,
1198 2532 1226 2554 et
1238 2532 1375 2555 exsortem
1383 2534 1444 2554 esse
1456 2527 1589 2553 malorum
1603 2527 1740 2559 omnium;

960 2575 1008 2609 qui
1027 2582 1093 2601 vero
1115 2574 1216 2609 injuste
1233 2578 1316 2608 atque
1334 2573 1433 2608 impie,
1454 2573 1481 2600 in
1497 2573 1594 2608 judicii
1612 2581 1644 2600 ac
1658 2573 1741 2609 justi-

962 2611 1006 2646 tiae
1021 2626 1160 2646 carcerem
1173 2617 1293 2649 detrudi,
1304 2625 1385 2652 quem
1399 2618 1545 2645 Tartarum
1559 2622 1668 2644 vocant.
1681 2627 1690 2643 ι
1709 2617 1742 2646 Et

741 2688 783 2716 VA
789 2688 858 2716 ΜΕ
872 2687 1071 2716 LECTIONES.

157 2758 180 2799 ξδ’
195 2757 379 2799 μακροτέραν..
400 2756 702 2799 μακροτάτηνωΒζιτιιῐη
715 2755 872 2799 ξργόισομαι
887 2756 918 2784 C.

956 2757 978 2773 δ’
995 2757 1040 2783 καὶ
1059 2756 1167 2787 πολλάς.
1186 2756 1232 2782 καὶ
1247 2763 1301 2783 om.-
1316 2756 1345 2788 Β.
1360 2755 1389 2783 C.
1418 2756 1440 2771 ⁹⁰
1456 2755 1562 2790 φόνους.
1582 2754 1695 2790 φθόνους
1710 2754 1741 2790 ρ,

124 2793 170 2821 nui
190 2788 320 2820 ὀηι.’καὶ’
336 2788 406 2819 σῃιέ
423 2788 554 2822 ἀδίκους(
570 2791 592 2806 ’ί
608 2791 629 2818 δ’
643 2799 697 2818 om.
714 2788 744 2818 ΟΖ
760 2788 765 2790 ’
783 2792 805 2807 θ’
825 2788 931 2818 ἀνίατα.
948 2792 980 2817 ἂν
999 2792 1095 2826 ἰάσιμα
1112 2791 1194 2818 Sirm.
1212 2795 1239 2818 et
1257 2791 1296 2818 sic
1311 2788 1468 2826 interpresf
1496 2790 1520 2826 ’ξ
1533 2788 1623 2825 [πρὸς]
1640 2796 1694 2816 om.
1709 2789 1739 2826 Β.

123 2827 411 2867 “βιώσωσιν..βιῶσιν
427 2826 524 2866 B,_Vb.
563 2826 585 2841 "
602 2827 650 2852 δεῖ.
666 2827 696 2861 δὴ
712 2826 733 2853 Β
755 2827 783 2853 δὲ
795 2826 877 2853 Sirm.
896 2826 989 2853 addito
1008 2823 1112 2860 ἀνάγκη
1128 2831 1188 2886 Post
1204 2826 1354 2859 Τάρταρον.
1385 2823 1410 2841 ³³⁸
1424 2823 1596 2886 γενομένους.
1616 2823 1742 2858 γιγνομέ-

124 2871 183 2886 νουε
199 2862 228 2886 Π.
266 2863 288 2878 ’⁷
307 2862 400 2886 λέγων.
422 2860 489 2886 Βοων
502 2860 531 2886 Β.
570 2861 592 2876 νδ
603 2861 775 2886 οίκιζόμενοι.
790 2861 1005 2886 κατοικιζόμενοι
1023 2861 1051 2886 Β.
1093 2862 1115 2876 ⁰⁹
1142 2860 1192 2886 ἕτιΙ
1208 2868 1262 2886 οιη.
1279 2860 1309 2886 C.
1351 2860 1358 2876 ί
1376 2860 1424 2886 δεῖ.
1439 2860 1470 2886 δὴ
1513 2880 1518 2886 .

124 2860 183 2894 vos;
199 2862 228 2890 C.
266 2863 288 2878 ’⁷
305 2862 400 2895 λέγων.
422 2860 489 2895 βοῶν
502 2860 531 2886 Β.
570 2861 592 2876 νδ
603 2861 775 2896 οίκιζόμενοι.
790 2861 1005 2896 κατοικιζόμενοι
1023 2861 1051 2887 Β.

1093 2862 1115 2876 ⁰⁹
1129 2860 1192 2895 [ἔτι]
1208 2868 1262 2887 om.
1279 2860 1309 2887 C.
1351 2860 1358 2876 ί
1376 2860 1424 2887 δεῖ.
1439 2860 1471 2895 δὴ
