1965 3051
136 129 206 162 1113

401 133 618 164 ῦΗίΕΟΑΒΙΙΜ
638 135 787 164 AFFECT.
808 134 923 164 CURA']

973 136 1073 166 ‘._X[.
1095 138 1144 167 DE
1163 137 1252 167 FINE
1271 137 1318 166 ET
1337 135 1494 166 JUDICIO.

1691 133 1758 166 11M

135 188 219 223 ἀρκεῖ
234 188 281 214 καὶ
299 187 385 214 ταῦτα.
399 189 518 223 δηλῶσαι
530 190 576 216 τὸν
588 191 634 216 τοῦ
647 190 791 225 νομοθέτου
811 189 920 221 σκοπὸν,

974 199 1024 219 nos
1038 198 1162 227 spectare
1183 193 1263 219 ﬁnem
1279 191 1432 219 edocuerit.
1448 191 1542 224 Neque
1557 189 1630 217 enim
1647 189 1758 216 divitias

137 233 185 259 καὶ
200 232 268 268 πρὸς
283 234 358 259 ποῖον
369 235 442 269 ἡμᾶς
455 235 559 271 ἀφορᾷν
572 235 673 268 ἐδίδαξε
684 236 769 267 τέλος.
787 235 855 262 Οὔτε
869 235 923 271 γὰρ

137 277 255 305 πλοῦτον
272 280 435 314 καραδοκεῖν
451 281 603 312 ἐκέλευσεν,
626 281 687 308 οὔτε
703 281 828 316 σώματος
847 281 921 316 ὦρειν

136 325 187 352 καὶ
211 325 313 358 ὑγείαν,
339 325 405 352 ἀλλὰ
429 327 492 357 τοὺς
512 327 560 361 τῆς
575 326 676 362 ἀρετῆς
691 327 715 343 ⁸⁵
730 327 855 362 ἱδρῶτας,
875 327 924 352 καὶ

137 370 201 402 τοὺς
218 371 287 405 ὑπὲρ
307 370 407 406 ταύτης
423 371 571 404 κινδύνους,
589 372 635 398 καὶ
653 372 687 398 τὰ
709 372 824 406 μέγιστα
838 372 923 407 αὐτῆς

137 412 207 440 ἆθλα
225 415 270 441 καὶ
283 415 399 450 ἄρρητα.
411 415 457 447 Τίς
469 416 523 451 γὰρ
542 416 632 448 ίκανὺς
645 416 723 450 λόγος
735 415 922 451 τεκμηριῶσαι

139 459 279 494 βασιλείαν
300 461 422 495 οὐρανῶν
444 461 596 496 ἀνώλεθρόν
617 471 646 488 τε
669 463 715 489 καὶ
736 462 858 498 ἄπειρον.
874 462 923 488 καὶ

139 504 196 539 βίον
211 506 321 541 ἀγήρων
339 506 361 522 ⁸⁸
378 506 425 532 καλ⁹
443 507 554 540 ἄλυπον,
577 506 624 533 καὶ
650 507 797 542 φροντίδων
820 506 924 533 ἐλεύθε-

139 557 204 583 ρον;
227 550 294 584 Περὶ
320 550 420 576 τούτων
445 552 458 577 ὁ
485 550 626 583 θεσπέσιος
654 551 756 583 Παῦλος
782 550 840 586 ﬂos?
862 561 870 576 ι
890 542 923 576 ’Ἃ

137 595 276 630 ὀφθαλμὸς
291 596 340 622 οὐκ
356 593 420 629 εἶδε,
439 596 485 623 καὶ
500 595 545 628 οὖς
570 597 619 623 οὐκ
640 597 752 631 ἤκουσε,
775 598 821 623 καὶ
840 598 885 623 ἐπὶ
900 597 923 613 ⁸⁷

138 639 253 674 καρδίαν
279 640 421 674 ἀνθρώπου
438 641 488 667 οὐκ
503 641 597 676 ἀνέϐη,
617 641 635 668 ἂ
658 641 804 676 ἡτοίμασεν
826 643 839 668 ὁ
858 642 922 673 Θεὸς

137 686 194 715 τοῖς
217 685 358 718 ἀγαπῶσιν
381 686 472 713 αὐτόν.
489 697 497 711 ι
516 687 547 712 El
567 687 595 712 δὲ
617 688 630 713 ὀ
647 687 748 714 τούτων
768 688 887 722 ἐπόπτης
901 688 923 703 ⁸⁸

137 731 187 756 οὐκ
204 730 310 765 ἴσχυσεν
323 733 410 758 εἰπεῖν
424 733 495 766 ἆπερ
508 732 571 758 ἰδεῖν
587 733 609 748 ⁸⁹
625 732 738 767 ἠξιώθη,
754 733 834 767 σχολῇ
851 733 877 766 γ’
891 733 924 760 ἂν

137 776 217 807 ἄλλος
244 777 297 802 τῶν
321 777 468 812 ἀφράστων
488 777 733 813 κατατολμήσοιθο.
753 779 815 805 ’Ὁτι
835 779 864 804 δὲ
877 779 923 804 καὶ

138 822 219 853 αὐτὸς
234 823 310 854 τέλος
325 823 443 858 ὡρίσατο
455 825 509 850 τῶν
520 824 630 858 ἀγαθῶν
643 824 693 859 τὴν
706 824 778 859 ζωὴν
794 824 843 858 τὴν
859 824 923 850 αἰώ-

137 876 206 899 νιον,
225 868 359 894 ἀκούσατε
387 869 469 895 αὐτοῦ
500 867 646 904 Ῥωμαίοις
660 869 820 904 γράφοντος·
837 879 846 894 ι
858 869 922 896 Ὅτε

137 912 193 946 γὰρ
208 910 255 947 ἦτε
269 912 355 938 δοῦλοι
374 913 423 947 τῆς
445 913 591 948 ἁμαρτίας,
607 914 742 949 ἐλεύθεροι
766 912 814 949 ἦτε
832 915 865 950 τῇ
885 914 923 940 δι-
943 940 945 943 ,

121 958 278 992 .καιοσὺνῃ.
291 959 357 985 Τίνα
379 957 424 985 οὖν
445 959 549 993 καρπὸν
566 959 653 994 εῐχετε
678 959 738 985 τότε
758 959 801 994 ἐφ’
816 956 856 990 οἷς
875 959 923 986 νῦν

137 1003 352 1045 ὲπειισχύνειτοε;
379 1004 415 1030 Τὸ
434 1004 482 1039 μὲν
497 1005 552 1040 γὰρ
573 1005 648 1035 τέλος
670 1005 782 1031 ἐκείνων
793 1005 826 1037 ⁹¹,
843 1005 924 1032 θάνα-

136 1056 192 1079 τος·
211 1049 269 1074 νυνὶ
280 1049 317 1079 δὲ,
333 1048 560 1084 ἐλευθερωθέντες
578 1048 659 1084 [ἅμα]
674 1049 696 1065 ²²
710 1049 763 1075 ἀπὸ
778 1049 828 1084 τῆς
839 1050 924 1084 ἁμαρ-

135 1094 207 1126 τίας,
232 1094 410 1125 δουλωθέντες
434 1095 462 1120 δὲ
486 1095 523 1129 τῷ
546 1094 614 1129 Θεῷ,
642 1095 717 1130 ἔχετε
747 1095 791 1121 τὸν
815 1096 923 1131 καρπὸν

137 1140 213 1173 ὑμῶν
228 1141 267 1170 εἰς
282 1140 416 1174 ἁγιασμὸν
431 1141 464 1173 ⁸³,
477 1141 507 1166 τὺ
521 1141 548 1166 δὲ
562 1141 647 1172 τέλος,
664 1140 736 1177 ζωὴν
751 1141 869 1169 αἰώνιον.
883 1141 924 1167 Τὰ

135 1185 190 1219 γὰρ
209 1184 311 1218 ὀψώνια
331 1185 381 1220 τῆς
397 1185 543 1221 ἁμαρτίας,
564 1186 687 1218 θάνατος·
707 1184 737 1213 τὸ
758 1187 786 1213 δὲ
801 1187 923 1221 χάρισμα

135 1229 182 1255 τοῦ
199 1229 278 1262 Θεοῦ,
295 1229 351 1264 ζωὴ
369 1229 476 1261 αἰώνιος
499 1232 527 1257 ἐν
540 1231 649 1266 Χριστῷ
667 1231 752 1266 Ἰησοῦ
775 1232 813 1267 τῷ
831 1232 923 1266 Κυρίῳ

135 1274 230 1310 ἡμῶν,
246 1285 254 1300 ι
279 1276 371 1310 Ἀρκεί
383 1276 443 1310 μὲν,
463 1277 540 1311 φησὶ,
557 1276 631 1312 [Hii]
648 1277 693 1303 καὶ
707 1277 775 1312 αὑτὴ
796 1276 856 1304 καθ’
875 1278 923 1303 αὑ-

135 1321 185 1355 τὴν
212 1322 226 1356 ἡ
245 1321 293 1356 τῆς
313 1320 468 1356 ἐλευθερίας
494 1322 584 1356 δωρεὰ
609 1322 653 1348 τὸν
676 1323 725 1357 τῆς
747 1322 923 1354 εὐσεϐείας⁹⁶

136 1366 200 1401 ὑμῖν
214 1367 236 1382 ⁵⁵
249 1366 378 1398 ἐπιδεῖξαι
394 1368 509 1402 καρπὸν,
537 1368 568 1394 ἐκ
585 1368 738 1402 φιλοτιμίας
760 1368 788 1394 δὲ
812 1368 888 1404 ὅμως
908 1369 922 1395 ὁ

138 1411 285 1447 φιλόδωρος
304 1413 349 1438 καὶ
364 1412 551 1448 μεγαλόδωρος
568 1413 670 1448 Κύριος
687 1413 734 1439 καὶ
750 1413 798 1448 τὴν
815 1413 923 1440 αἰώνιον

139 1458 203 1492 ὑμῖν
224 1457 350 1492 δωρεῖται
368 1457 439 1493 ζωὴν
452 1459 485 1490 νδ,
501 1459 544 1485 ἵνα
565 1458 699 1494 ἁμαρτίας
717 1458 764 1485 καὶ
786 1458 922 1485 δικαιοσύ-

973 241 1132 271 exspectare
1148 245 1198 264 nos
1215 237 1307 272 jussit,
1327 243 1380 263 nec
1400 234 1634 270 pulchritudinem
1653 233 1755 260 sanita-

975 287 1083 316 temque
1096 283 1229 317 corporis,
1242 281 1290 308 sed
1301 281 1412 308 virtutis
1425 281 1551 312 sudores,
1564 285 1592 307 et
1604 279 1757 313 suscipien-

973 328 1006 355 da
1022 328 1058 355 ob
1078 329 1151 355 illaut
1173 327 1344 359 discrimina,
1366 326 1540 359 maximaque
1563 330 1590 352 et
1606 323 1755 358 inexplica—

973 374 1039 401 bilia
1052 374 1126 401 illius
1140 373 1260 408 praemia.
1274 373 1340 405 Quae
1351 372 1427 399 enim
1443 371 1551 405 assequi
1567 370 1654 405 possit
1669 368 1756 396 oratio

973 419 1125 445 immortale
1139 418 1205 444 illud
1218 417 1411 450 inﬁnitumque
1425 423 1540 450 regnum
1552 414 1695 445 caelorum,
1713 413 1756 440 vi-

973 469 1082 498 tamque
1094 464 1181 496 senio,
1196 463 1270 491 curis
1289 467 1316 490 et.
1330 462 1472 489 doloribus
1482 460 1642 488 carentem?
1663 460 1700 486 De
1714 459 1758 486 his

973 509 1053 536 divus
1063 509 1163 536 Paulus
1172 509 1306 536 exclamat
1320 516 1325 534 :
1341 517 1350 533 ‹
1364 507 1429 540 Qum
1441 507 1536 534 oculus
1546 514 1601 532 non
1615 505 1693 537 vidit,
1707 512 1757 532 nec

973 554 1048 580 auris
1063 553 1177 585 audivit,
1191 561 1243 580 nec
1257 553 1283 579 in
1297 560 1345 580 cor
1361 551 1481 579 hominis
1492 550 1684 581 ascenderunt,
1697 556 1759 583 qum

973 599 1162 635 paravitDeus
1175 599 1354 634 diligentibus
1369 605 1433 624 eum
1457 597 1480 623 ιι.
1502 605 1511 621 ι
1532 595 1609 628 Quod
1631 595 1654 622 si
1673 595 1695 622 is
1710 594 1756 629 qui

973 649 1110 680 spectator
1130 644 1191 677 fuit,
1218 652 1330 671 narrare
1358 643 1404 670 illa
1428 649 1484 669 non
1510 641 1609 676 potuit,
1640 648 1757 675 quorum

973 691 1129 725 spectaculo
1139 690 1238 724 dignus
1249 694 1292 717 est
1303 689 1400 720 factus,
1412 696 1484 723 aegre
1496 688 1567 715 alius
1593 694 1624 713 ea
1642 686 1759 713 tentabit

973 744 1033 771 qua:
1054 736 1185 771 explicari
1206 743 1262 762 non
1281 735 1386 770 1002
1404 737 1528 769 possunt.
1551 732 1629 765 Quod
1650 740 1713 759 vero
1730 736 1758 758 et.

974 784 1032 818 ipse
1047 784 1128 810 linem
1146 783 1284 810 bonorum
1302 782 1385 808 vitam
1400 786 1530 807 aeternam
1542 787 1603 806 esse
1619 779 1756 809 statuerit,

974 829 1067 856 audite
1082 828 1115 855 ad
1135 828 1273 855 Romanos
1289 828 1346 854 hme
1363 826 1530 853 scribentem
1548 833 1553 851 :
1576 834 1583 850 ι
1600 824 1667 851 Cum
1684 824 1757 851 enim

973 873 1044 901 servi
1056 873 1153 900 essetis
1162 872 1279 907 peccati,
1288 871 1369 898 liberi
1379 871 1470 898 fuistis
1479 869 1530 904 ipsi
1539 869 1661 905 justitiaa.
1672 868 1756 901 Quem

973 926 1037 953 ergo
1050 918 1170 945 fructum
1188 917 1324 944 habuistis
1338 922 1403 944 tune
1419 916 1446 943 in
1460 916 1524 947 illis,
1546 922 1664 949 quorum
1678 921 1757 941 causa

973 971 1046 991 nunc
1063 963 1246 990 erubescitis?
1259 970 1321 989 nam
1335 961 1397 988 ﬁnis
1407 961 1517 988 illorum
1530 968 1602 987 mors
1616 964 1667 987 est.
1679 959 1758 986 Nunc

973 1014 1065 1036 autem
1089 1009 1198 1036 liberati
1217 1016 1231 1034 a
1249 1011 1372 1042 peccato,
1397 1006 1469 1033 servi
1491 1011 1582 1032 autem
1608 1004 1671 1032 facti
1690 1004 1756 1036 Deo,

973 1054 1081 1081 habetis
1097 1054 1216 1081 fructum
1229 1057 1351 1080 vestrum
1371 1053 1397 1079 in
1407 1051 1662 1083 sanctiﬁcationem,
1676 1049 1758 1077 ﬁnem

972 1107 1039 1127 vero
1065 1099 1148 1126 vitam
1174 1103 1314 1126 aeternam.
1341 1097 1482 1132 Stipendia
1505 1096 1578 1124 enim
1611 1096 1726 1131 peccati,
1749 1096 1757 1106 ¹

973 1153 1047 1172 mors
1059 1154 1066 1171 :
1079 1145 1165 1180 gratia
1175 1148 1267 1172 autem
1278 1145 1337 1175 Dei,
1352 1144 1406 1170 vita
1417 1148 1520 1170 :eterna
1534 1143 1561 1170 in
1572 1142 1682 1169 Christo
1693 1141 1756 1169 Jesu

973 1191 1088 1218 Domino
1104 1194 1200 1217 nostro
1218 1189 1240 1216 ι.
1256 1199 1265 1215 ι
1282 1189 1354 1216 Satis
1367 1193 1419 1221 est,
1439 1188 1540 1223 inquit,
1559 1188 1648 1222 ipsum
1664 1194 1713 1221 per
1728 1194 1757 1214 se

973 1236 1107 1263 libertatis
1116 1235 1230 1267 donum,
1240 1240 1271 1262 ut
1279 1235 1397 1262 fructum
1407 1234 1485 1261 vobis
1495 1233 1606 1268 pietatis
1614 1232 1756 1259 ostendat:

973 1285 1064 1308 tamen
1078 1288 1112 1307 ex
1132 1289 1181 1307 sua
1194 1280 1360 1307 liberalitate
1382 1278 1530 1306 muniﬁcus
1548 1282 1576 1305 et
1598 1278 1758 1312 magniﬁcus

973 1326 1105 1354 Dominus
1131 1331 1261 1353 zeternam
1285 1326 1364 1352 vobis
1393 1325 1579 1359 superingerit
1607 1324 1701 1355 vitam,
1730 1327 1759 1350 ut

972 1372 1076 1407 peccati
1089 1371 1243 1406 acjustitia:
1254 1370 1436 1398 differentiam
1450 1370 1622 1405 cognoscatis
1636 1378 1642 1395 :
1658 1376 1758 1404 pecea-

973 1422 1031 1444 tum
1042 1417 1114 1444 enitn
1128 1416 1208 1443 ﬁnem
1224 1416 1320 1443 habuit
1332 1414 1578 1449 mortem;justitia
1592 1413 1759 1445 vero,vitatn

972 1467 1113 1490 aeternam.
1131 1461 1235 1488 Deinde
1253 1465 1315 1496 post
1330 1461 1382 1488 alia
1397 1460 1527 1495 plurima,
1542 1460 1691 1486 maximum
1708 1458 1758 1485 do-

136 1512 183 1538 νης
198 1503 228 1529 τὺ
242 1503 368 1538 διάφορον
381 1503 566 1539 καταμάθητε.
589 1503 620 1529 ’Π
639 1504 687 1538 μὲν
704 1504 757 1538 γὰρ
773 1504 848 1536 τέλος
860 1504 922 1539 ἔσχε

974 1516 1072 1536 norum
1084 1508 1207 1535 ostendit
1223 1517 1229 1534 :
1251 1507 1431 1541 «Quicunque
1444 1507 1528 1538 enim,
1542 1506 1643 1540 mquit,
1655 1505 1758 1540 Spiritu

136 1548 181 1575 τὸν
199 1548 323 1581 θάνατον,
342 1550 357 1583 ἡ
372 1549 410 1580 δὲ,
428 1550 477 1583 τὴν
490 1549 561 1584 ζωὴν
573 1548 622 1583 τὴν
637 1549 754 1576 αἰώνιον.
772 1547 839 1576 Εἶτα
853 1550 920 1584 μετὰ

136 1594 249 1621 »πλεῖστα
275 1595 321 1621 καὶ
343 1595 373 1621 τὸ
399 1594 525 1629 μέγιστον
540 1594 705 1620 ἐπιδείκνυσι
729 1595 781 1621 τῶν
805 1595 922 1629 δωρεῶν.

140 1649 149 1664 ι
165 1640 240 1665 Ὅσοι
252 1640 314 1674 γὰρ,
334 1640 410 1674 φησὶ.
426 1640 563 1675 Πνεῦματι
578 1640 645 1666 Θεοῦ
658 1640 778 1674 ἄγονται,
793 1637 866 1667 οὗτοι
883 1642 922 1667 εί-

138 1694 179 1711 σιν
191 1685 241 1711 υἱοὶ
253 1685 329 1711 Θεοῦ”
342 1685 371 1711 οὐ
391 1686 444 1720 γὰρ
456 1686 566 1712 ἐλάῆετε
586 1687 692 1721 πνεῦμα
707 1687 828 1718 δουλείας
844 1688 923 1714 πάλιν

137 1732 176 1762 εἰς
192 1731 283 1764 ιρόῦον,
297 1731 352 1757 ἀλλ’
369 1731 480 1757 ἐλέιϐετε
493 1733 602 1767 Πνεῦμα
619 1733 766 1764 υἱοθεσίας,
782 1733 810 1759 ὲν
823 1730 844 1767 ᾧ
858 1734 924 1768 κρά-

138 1776 227 1811 ζομεν·
247 1776 339 1807 ’ΜΞὕί
352 1777 366 1802 ὀ
379 1777 482 1812 Πατήρ
495 1778 558 1804 αὐτὸ
567 1778 596 1804 τὸ
609 1778 719 1813 Πνεῦμα
732 1779 924 1813 συμμαρτυρεῖ

137 1822 175 1856 τῷ
193 1822 327 1856 πνεύματι
347 1822 434 1856 ἡμῶν,
449 1823 489 1848 ὅτι
506 1823 587 1858 ἐσμὲν
604 1824 686 1849 τέκνα
700 1823 777 1849 Θεοῦ.
794 1823 823 1849 Εἰ
838 1823 866 1849 δὲ
879 1823 923 1850 τέ.

137 1875 188 1893 xw.
201 1867 234 1898 ³⁷,
248 1867 294 1892 καὶ
308 1867 481 1902 κληρονόμοι·
505 1867 666 1902 κληρονόμοι
691 1867 741 1902 μὲν
763 1867 842 1899 Θεοῦ,
857 1876 923 1901 συγ-

138 1911 300 1945 κληρονόμοι
313 1911 340 1936 δὲ
354 1911 481 1945 Χριστοῦ·
500 1912 578 1946 εῐπερ
593 1913 800 1947 συμπάσχομεν,
820 1913 862 1939 ἵνα
876 1913 923 1940 καὶ

139 1956 370 1991 συνδοξασθῶμεν.
391 1966 400 1981 ›
420 1957 474 1983 Καὶ
498 1957 631 1989 Γαλάταις
653 1958 680 1985 δὲ
703 1959 867 1986 ἐπιστέλλων
889 1959 923 1986 τὰ

139 2001 316 2036 παραπλήσια
329 2001 391 2036 ἔφη·
411 2011 420 2027 ι
434 2003 515 2029 Ὥστε
527 2003 616 2029 οὐκέτι
629 2001 654 2029 εἴ
667 2004 768 2037 δοῦλος,
785 2004 841 2030 ἀλλ’
854 2005 920 2036 υἱός·

138 2049 161 2074 εἰ
177 2048 205 2074 δὲ
222 2048 288 2079 υἱὸς,
309 2049 354 2074 καὶ
367 2048 532 2083 κληρονόμος
549 2048 616 2075 Θεοῦ
632 2049 802 2085 διὰ[Ἰησοῦ]
819 2051 841 2066 ⁸⁸
854 2051 922 2085 Χρι-

138 2094 193 2120 τοῦ.
210 2094 264 2120 Καὶ
284 2094 407 2129 Τιμοθέῳ
428 2095 456 2121 δὲ
478 2094 526 2130 τὴν
550 2095 633 2130 αὐτὴν
654 2096 772 2122 διάνοιαν
787 2096 920 2131 γέγραφε·

142 2150 149 2165 ι
165 2140 262 2172 Πιστὸς
272 2142 286 2166 ὁ
298 2141 384 2174 λόγος’
401 2141 425 2166 εί
440 2141 494 2176 γὰρ
510 2140 578 2177 [καί]
594 2142 616 2158 ⁵³
629 2143 860 2177 συναπεθάνομεν,
875 2143 921 2169 καὶ

975 1554 1022 1581 Dei
1040 1556 1168 1588 aguntur,
1180 1552 1208 1579 lli
1226 1555 1290 1578 sunt
1308 1550 1356 1577 ﬁlii
1374 1550 1432 1577 Dei.
1451 1551 1511 1577 Non
1527 1550 1600 1576 enim
1616 1549 1760 1584 accepistis

975 1600 1102 1634 spiritum
1118 1596 1259 1625 servitutis
1276 1597 1374 1623 iterum
1391 1596 1418 1622 in
1433 1596 1570 1627 timorem,
1587 1595 1634 1622 sed
1652 1595 1760 1629 accepi-

975 1644 1024 1671 stis
1037 1643 1168 1678 Spiritum
1176 1641 1335 1676 adoptionis
1348 1640 1466 1667 ﬁliorum
1480 1640 1539 1671 Dei,
1556 1640 1582 1666 in
1596 1648 1651 1674 quo
1662 1640 1762 1666 clama-

974 1698 1045 1726 mus,
1063 1689 1149 1721 Abba,
1167 1688 1256 1715 Pater.
1271 1687 1332 1722 ipse
1347 1687 1420 1713 enim
1440 1686 1559 1720 Spiritus
1575 1685 1760 1712 testimonium

974 1735 1065 1762 reddit
1083 1742 1146 1761 eum
1159 1733 1259 1768 spiritu
1275 1736 1380 1762 nostro,
1395 1731 1467 1765 quod
1486 1731 1572 1757 simus
1594 1730 1641 1757 lilii
1655 1730 1702 1757 Dei
1717 1739 1723 1756 ε
1737 1729 1760 1756 si

974 1784 1064 1807 autem
1078 1779 1135 1810 lilii,
1149 1783 1176 1804 et
1191 1777 1323 1808 haeredes,
1343 1776 1465 1803 haeredes
1476 1776 1585 1810 quidem
1600 1776 1659 1807 Dei,
1670 1775 1761 1802 cohae-

973 1825 1054 1857 redes
1070 1829 1163 1851 autent
1179 1822 1293 1853 Christi,
1308 1822 1330 1848 si
1343 1828 1396 1847 una
1406 1821 1537 1855 patimur,
1554 1825 1584 1847 ut
1597 1825 1624 1846 et
1638 1828 1690 1847 una
1703 1820 1762 1855 glo-

973 1870 1113 1896 riﬁcemur
1129 1874 1160 1894 In.
1178 1877 1187 1893 ι
1205 1866 1246 1893 Ad
1260 1866 1368 1893 Galatas
1383 1873 1493 1899 quoque
1509 1865 1645 1896 scribens,
1663 1865 1705 1890 his
1722 1865 1760 1891 si-

973 1914 1048 1942 milia
1061 1914 1128 1940 dicit
1145 1922 1151 1940 :
1169 1922 1177 1938 (
1197 1913 1290 1946 Itaque
1301 1912 1356 1946 jam
1371 1919 1426 1937 non
1437 1918 1466 1937 es
1477 1918 1585 1942 servus,
1604 1910 1650 1937 sed
1665 1910 1736 1937 ﬁlius
1751 1919 1758 1943 ;

973 1961 995 1988 si
1020 1959 1123 1994 1003
1144 1962 1236 1985 autem
1263 1956 1345 1988 ﬁlius,
1371 1959 1398 1982 et
1422 1956 1509 1982 hiercs
1532 1955 1578 1981 Dei
1602 1963 1650 1989 per
1668 1955 1760 1982 Jesum

973 2006 1112 2034 Christum
1132 2009 1154 2030 η.
1169 2013 1177 2028 ι
1198 2003 1227 2029 In
1240 2002 1364 2029 eamdem
1380 2007 1489 2035 quoque
1504 2001 1668 2026 sententiam
1684 2005 1710 2027 et
1726 2001 1760 2027 ad

974 2049 1148 2077 Timotheum
1161 2046 1258 2074 scribit
1278 2055 1284 2072 :
1305 2055 1314 2070 ι
1331 2045 1399 2072 Fide
1417 2045 1516 2079 dignus
1529 2052 1629 2076 seruio,
1647 2044 1669 2070 si
1687 2045 1761 2071 enim

973 2103 1027 2122 una
1040 2093 1141 2121 mortui
1157 2099 1263 2123 sumus,
1278 2098 1332 2117 una
1353 2098 1462 2124 quoque
1476 2089 1600 2115 vivemus
1616 2098 1621 2115 :
1638 2089 1661 2116 si
1674 2090 1759 2116 susti-

972 2147 1080 2171 nemus,
1092 2146 1145 2165 una
1161 2137 1244 2164 etiam
1261 2135 1439 2170 regnabimus
1455 2139 1478 2160 °.
1496 2144 1505 2158 ι
1522 2134 1575 2161 Sed
1589 2138 1617 2161 et
1631 2134 1712 2160 aliam
1727 2135 1760 2162 ad

139 2186 300 2220 συζήσεμεν·
318 2187 341 2212 εί
357 2187 537 2221 ὑπομένομεν,
557 2187 603 2213 καὶ
625 2188 888 2223 συμὸασιλεὺσομεν.
910 2198 918 2214 ι

974 2194 1037 2214 cum
1051 2185 1175 2212 scribens
1187 2182 1349 2217 Epistolam,
1360 2181 1417 2208 htec
1432 2188 1542 2214 quoque
1559 2180 1586 2206 in
1599 2188 1630 2206 ea
1645 2180 1737 2214 posuit
1753 2190 1759 2207 :

138 2233 192 2258 Καὶ
207 2232 289 2266 ἄλλην
311 2232 339 2258 δὲ
359 2233 467 2268 γράψας
492 2233 566 2268 αὐτῷ
584 2233 592 2248 ¹
609 2234 752 2269 ἐπιστολὴν
770 2234 818 2261 καὶ
837 2233 922 2261 ταῦτα

139 2277 289 2303 ἐντέθεικεν
301 2277 310 2291 ¹
323 2286 328 2291 ·
349 2286 357 2301 ι
376 2276 446 2310 Ἐγὼ
459 2278 512 2312 γὰρ
527 2279 577 2313 ἤδη
592 2279 754 2314 σπένδομαι·
771 2279 817 2306 καὶ
836 2281 850 2306 ὁ
863 2289 922 2306 και-

141 2320 184 2354 ρδς
197 2320 245 2354 τῆς
258 2321 326 2355 ἐμῆς
338 2320 491 2352 ἀναλύσεως
501 2322 511 2337 ³
522 2322 666 2356 ἐφέστηκε.
677 2322 727 2350 Τὸν
739 2324 820 2350 καλὸν
830 2324 922 2357 ἀγῶνα

139 2365 301 2400 ἠγώνισμαι,
318 2366 361 2392 τὶν
372 2366 470 2402 δρόμον
484 2367 623 2397 τετέλεκα.
639 2367 687 2403 τὴν
703 2368 792 2394 πίστιν
808 2369 870 2403 τετή
877 2377 923 2404 ρη-

138 2419 182 2437 κα·
194 2411 285 2437 λοιπὸν
299 2411 443 2438 ἀπόκειταί
458 2421 502 2447 μοι
514 2413 527 2438 ὀ
538 2413 586 2447 τῆς
598 2413 770 2449 δικαιοσύνης
783 2414 922 2448 στέφανος·

138 2456 165 2482 ὂν
182 2457 314 2483 ἀποδώσει
330 2465 375 2492 μοι
390 2456 425 2492 [61
441 2457 542 2492 Κύριος
558 2458 586 2483 ὲν
599 2458 689 2494 ἐκείνῃ
702 2460 735 2494 τῇ
752 2459 851 2494 ἡμέρᾳ,
864 2458 925 2485 ὁδῖ-

172 2533 184 2552 ¹ι
200 2534 209 2560 l
225 2534 288 2561 Cor.
304 2543 340 2567 ιι,
361 2535 387 2561 9.
427 2534 437 2553 ι
452 2534 531 2562 Rom.
560 2543 604 2567 vr,
627 2535 720 2562 20-23.

141 2569 183 2595 PII
207 2569 326 2596 Timoth.
341 2577 376 2602 tv,
397 2569 452 2596 6-8.

777 2541 797 2555 ιη
813 2536 893 2563 Rom.
916 2543 980 2568 vin,
1005 2535 1099 2562 ιι-ιτ.

979 2242 987 2258 ι
1004 2232 1061 2266 Ego
1074 2231 1146 2258 enim
1162 2230 1217 2264 jam
1235 2228 1316 2259 libor,
1336 2231 1364 2254 ct
1382 2231 1489 2260 tempus
1505 2233 1571 2252 mea:
1587 2225 1762 2253 resolutionis

976 2278 1068 2304 instat.
1089 2276 1193 2302 Bonum
1214 2276 1352 2301 certamen
1367 2271 1480 2302 eertavi,
1498 2279 1609 2298 cursum
1633 2278 1755 2298 consum-

976 2323 1059 2354 mavi,
1076 2321 1156 2348 ﬁdem
1173 2319 1279 2347 servavi
1298 2328 1303 2344 :
1319 2317 1392 2352 quod
1409 2317 1546 2352 reliquum
1564 2320 1621 2349 est,
1641 2317 1762 2352 reposita

976 2372 1018 2395 est
1026 2366 1093 2394 mihi
1104 2373 1205 2392 corona
1215 2363 1339 2399 justitire,
1351 2370 1431 2397 quant
1444 2362 1541 2389 reddet
1552 2362 1618 2388 mihi
1631 2362 1762 2389 Dominus

978 2413 1004 2440 in
1021 2411 1067 2438 illo
1080 2410 1223 2444 diejustus
1233 2407 1317 2443 judex
1329 2428 1336 2439 ,
1350 2414 1404 2433 non
1416 2407 1505 2433 solum
1518 2411 1609 2433 autem
1621 2406 1699 2438 mihi,
1713 2406 1761 2433 sed

977 2462 1005 2485 ct
1020 2455 1149 2484 omnibus
1168 2455 1202 2481 iis
1221 2453 1267 2488 qui
1293 2452 1451 2480 dilexerunt
1467 2451 1614 2478 adventum
1634 2451 1693 2486 ejus
1708 2455 1732 2477 Ρ.
1748 2460 1758 2476 r

1155 2531 1268 2560 llGalat.
1291 2538 1336 2562 ιν,
1363 2529 1389 2555 7.
1447 2532 1459 2546 ο
1474 2528 1497 2555 Il
1519 2528 1638 2556 Timoth.
1660 2537 1696 2563 ιι,
1717 2528 1760 2556 12.

772 2612 891 2640 νΑιιιιΕ
911 2611 1113 2640 LECTIONES.

172 2684 194 2699 ⁸⁸
208 2684 270 2715 τοὺς
281 2684 328 2718 τῆς
344 2684 454 2718 ἀρετῆς.
469 2683 517 2717 τῆς
530 2682 631 2718 ἀρετῆς
642 2683 705 2714 τοὺς
717 2683 749 2710 D.
781 2684 804 2699 ⁸⁸
816 2683 935 2718 ἀγήρων.
955 2683 1051 2718 ἀγήρω
1065 2682 1097 2709 Ι).
1127 2681 1149 2697 ⁸⁷
1162 2681 1210 2718 καὶ
1222 2681 1278 2718 ἐςιιίἶ
1294 2682 1354 2709 οὐδὲ
1367 2682 1413 2708 ἐπὶ
1490 2681 1513 2718 εξ
1527 2680 1657 2714 ἐπόπτης,
1687 2679 1753 2718 αὐ-τ-

139 2720 222 2753 όπτης
237 2719 269 2746 Ι).
297 2719 318 2734 ⁸³
337 2719 410 2744 ἰδεῖν.
439 2718 471 2752 δὴ
495 2718 557 2743 ἰδεῖν
583 2718 613 2744 D.

656 2717 678 2734 ν’
695 2716 904 2754 κατατολμήσοι.
931 2716 1146 2754 κατατολμήσαι-
1162 2716 1193 2754 Ι)ἶ

1235 2717 1256 2731 ⁹¹
1271 2717 1383 2743 ἐκείνων
1404 2716 1479 2746 τέλος
1498 2716 1529 2746 D,
1557 2720 1584 2742 et
1617 2713 1679 2741 mox
1697 2713 1754 2740 νῦν.

140 2755 161 2769 ⁹²
178 2749 256 2789 [ἅμα]
268 2761 321 2780 om.
340 2752 371 2789 (ξ,
387 2753 434 2789 υτῗ
447 2749 521 2789 “isi;
532 2753 731 2789 ἁγιασμόνηεζς
741 2760 798 2789 om.
875 2753 898 2769 νδ
908 2749 1058 2789 εὺγσεῦείαςζ
1073 2749 1228 2789 έλευθερίας
1245 2751 1296 2789 γι),
1375 2752 1397 2767 ³⁸
1413 2751 1486 2789 ὑμῖν.
1500 2751 1615 2789 meo.
1643 2749 1669 2789 ξς
1685 2749 1757 2789 {why

140 2783 262 2829 δωρεῗτσῖι
275 2789 339 2829 ἡμῖν
413 2787 538 2829 "iam.
557 2783 666 2829 υἱοὶ
685 2787 707 2803 9⁸
722 2787 840 2829 [Ἰησοῦ]
853 2795 912 2829 ρι’ρ.
986 2788 1020 2829 ‘5'”
1032 2786 1102 2821 [καὶ]
1241 2785 1263 2826 Ι¹
1278 2786 1386 2829 γράψὲς
1397 2783 1493 2829 (αὐτῷ.
1509 2783 1583 2820 αὺτῷ
1600 2784 1707 2820 γράψας
1724 2783 1756 2814 1),

142 2819 213 2858 αὐτῷ
227 2819 342 2851 om.'Va.
367 2823 376 2837 ²
389 2822 548 2849 ἐντέθεικεν.
564 2823 592 2848 ὲν
604 2819 742 2849 σύνθεικέν
757 2819 787 2849 Β.
827 2819 840 2839 δ’
852 2823 920 2858 ἐμῆς
934 2819 1102 2852 ἁναλύᾰεωςξ
1113 2819 1267 2852 ἀναλύσεώς
1283 2819 1333 2855 μου
1347 2820 1378 2853 D,

1397 2820 1480 2848 Sirm.
