1965 3051
191 129 258 161 1115

681 130 926 161 THEODORETI
942 131 1112 161 EPISCOPI
1131 131 1314 162 CYRENSIS

1750 129 1828 162 1116

190 187 252 213 Pari
267 186 348 214 modo
359 190 387 213 et
399 186 433 214 de
445 187 650 214 resurrectione
665 195 824 222 corporum,
842 193 869 215 et
882 187 980 215 Corin-

1039 196 1108 220 ιαιος
1126 189 1233 224 κριτὴς·
1258 189 1289 215 οὑ
1309 188 1388 223 μόνον
1403 188 1432 214 δὲ
1445 188 1517 223 ἐμοὶ.
1537 189 1605 216 ἀλλὰ
1623 190 1668 216 καὶ
1683 190 1750 218 πᾶσι
1763 193 1827 222 τοῖς

192 231 268 263 thiis,
290 236 319 259 et
330 232 636 266 Thessalonicensibus,
653 238 681 261 et
695 234 930 269 Philippensibus,
946 238 979 270 et

193 277 286 303 multis
303 277 364 303 aliis
384 277 504 311 scripsit.
523 277 556 304 Et
577 285 651 305 nunc
670 278 782 312 quidem
800 288 806 305 z
829 288 837 303 ι
856 278 980 305 Semina-

193 327 246 354 tur,
280 323 380 357 inquit,
407 323 435 349 in
461 324 652 358 corruptione,
681 328 807 359 resurget
835 325 863 351 in
888 325 980 352 incor—

193 368 321 402 ruptione
338 377 345 395 :
360 369 514 396 seminatur
530 370 558 396 in
574 370 756 404 ignobilitate,
773 375 867 405 surget
883 371 910 397 in
922 371 981 405 glo-

192 413 232 440 ria
248 421 254 439 :
272 414 424 441 seminatur
448 415 475 441 in
493 415 664 447 inﬁrmitate,
685 419 780 450 surget
800 416 828 442 in
854 416 956 443 virtute
973 424 979 442 :

194 460 346 487 seminatur
357 468 459 495 corpus
469 461 601 493 animale,
617 465 711 496 surget
722 462 867 496 spirituale
878 467 902 488 ιι.
920 471 929 486 ι
949 462 982 489 Ει

194 513 312 532 rursus:
332 516 341 531 ι
358 506 444 534 Canet
467 507 540 533 enim
561 507 643 539 tuba,
663 511 691 534 et
714 507 817 534 mortui
837 511 983 541 resurgent

195 551 367 586 incorrupti,
387 557 415 580 et
445 561 495 580 nos
524 553 742 580 immutabimur.
768 552 882 587 Oportet
908 553 981 580 enim

193 597 374 632 corruptibile
393 598 444 625 hoc
464 598 579 625 induere
598 598 832 632 incorruptionem
843 618 849 628 .
866 602 893 624 et
910 605 984 624 mor-

195 642 248 668 tale
270 642 322 669 hoc
340 643 456 670 induere
479 643 714 671 immortalitatem
732 649 753 670 ι.
770 653 778 669 ι
803 644 836 670 Et
857 643 980 670 iterum:

197 694 207 709 ι
227 685 326 713 Nostra
342 692 434 715 autem
451 689 626 715 conversatio
647 689 674 715 in
696 689 773 716 caelis
795 694 847 721 est,
865 689 936 716 unde
956 693 984 716 et

194 730 362 759 Salvatorem
375 738 566 768 exspectamus
580 737 587 744 '
600 734 745 761 Dominum
759 735 864 766 Jesum,
879 735 925 769 qui
939 742 983 761 re-

195 776 324 804 iormabit
341 786 442 813 corpus
458 778 564 814 ιοοά,
577 784 703 806 nostrum
716 779 830 811 humile,
852 785 881 807 ut
895 780 984 807 simile

196 822 330 850 reddatur
349 825 460 859 corpori
477 825 570 860 gloriae
583 826 643 861 ejus
656 832 678 852 ο.
695 835 704 851 ι
724 826 784 861 Ipse
802 834 913 861 quoque
933 827 986 853 Do—

1032 233 1188 269 ὴγαπηκόσι
1204 234 1253 268 τὴν
1265 234 1425 267 ἐπιφάνειαν
1439 233 1532 260 αὐτοῦ.
1549 244 1557 260 ι
1578 234 1671 267 Οὕτως
1690 236 1737 262 καὶ
1755 237 1828 272 περὶ

1031 278 1081 312 τῆς
1102 278 1156 305 τῶν
1179 279 1312 313 σωμάτων
1333 279 1506 311 ἀναστάσεως
1534 280 1580 306 καὶ
1598 281 1751 315 Κορινθίοις
1773 283 1827 308 καὶ

1032 323 1258 350 Θεσσαλονικεῦσι
1271 325 1317 351 καὶ
1328 324 1518 360 Φιλιππησίοις
1528 324 1538 340 ⁸
1550 325 1598 352 καὶ
1613 325 1718 356 πολλοῖς
1730 327 1827 358 ἄλλοις

1033 370 1173 396 ἐπέστειλε
1183 371 1194 385 ⁵
1205 379 1211 385 ·
1227 370 1282 396 Καὶ
1296 370 1344 397 νῦν
1358 371 1417 406 μὲν,
1435 371 1513 406 φησὶ,
1535 380 1544 396 α
1556 371 1699 407 σπείρεται
1711 372 1740 398 ἐν
1756 371 1827 405 φθο-

1034 417 1077 450 ρᾷ,
1101 416 1236 450 ἐγείρεται
1263 417 1291 442 ἐν
1315 416 1465 452 ἀφθαρσίᾳ·
1493 417 1633 452 σπείρεται
1656 419 1685 444 ἐν
1713 418 1825 453 ἀτιμίᾳ,

1033 461 1168 494 ἐγείρεται
1184 461 1212 487 ἐν
1225 460 1298 496 δόξῃ·
1321 461 1462 497 σπείρεται
1479 462 1509 488 ἐν
1522 461 1660 497 ἀσθενείᾳ.
1686 462 1827 498 ἐγείρεται

1033 506 1061 531 ἐν
1074 505 1198 542 δυνάμει·
1213 506 1355 541 σπείρεται
1368 506 1446 541 σῶμα
1457 506 1582 541 ψυχικὸν,
1593 507 1727 542 ἐγείρεται
1742 507 1829 542 σῶμα.

1034 552 1228 586 πνευματικόν.
1251 561 1259 578 ι
1280 551 1335 578 Καὶ
1349 549 1427 583 αὖθις
1440 553 1466 567 ³·
1485 562 1494 577 ε
1508 552 1637 578 Σαλπίσει
1656 552 1720 587 γὰρ,
1739 552 1786 578 καὶ
1799 552 1828 577 οἱ

1034 597 1126 632 νεκροὶ
1141 597 1337 632 ἐγερθήσονται
1352 597 1496 632 ἄφθαρτοι,
1515 598 1562 624 καὶ
1580 599 1661 632 ἡμεῖς
1671 597 1830 632 ἀλλαγησό-

1036 643 1115 679 μεθα·
1130 643 1171 669 δεῖ
1184 643 1238 678 γὰρ
1258 643 1288 669 τὸ
1305 643 1424 678 φθαρτὸν
1438 643 1518 670 τοῦτο
1535 644 1696 670 ἐνδύσασθαι
1717 643 1830 679 ἀφθαρ-

1036 688 1106 719 σίαν,
1124 687 1216 714 καὶτὸ
1232 687 1327 722 θνητὸν
1353 687 1431 714 τοῦτο
1451 687 1611 714 ἐνδύσασθαι
1637 687 1797 714 ἀθανασίαν.
1816 697 1826 713 ι

1037 734 1090 760 Καὶ
1104 733 1195 759 πάλιν·
1211 742 1221 758 ι
1241 733 1336 768 ’ῐίμῶν
1350 733 1378 759 δέ
1392 733 1422 759 τὸ
1437 732 1586 767 πολίτευμα
1602 733 1630 758 ὲν
1642 731 1830 766 οὺρανοῖςῦπ-

1036 779 1125 814 άρχει¹
1145 779 1173 812 ἐξ
1187 775 1217 805 οὗ
1234 779 1281 806 καὶ
1298 779 1412 814 Σωτῆρα
1427 778 1634 813 ἀπεκδεχόμεθα
1653 778 1755 813 Κύριον
1775 779 1832 812 Ἰη-

1037 825 1110 858 σοῦν,
1132 825 1163 857 ὃς
1178 825 1412 860 μετασχηματίσει
1427 825 1458 851 τὸ
1477 824 1556 860 σῶμα
1571 825 1620 859 τῆς
1636 824 1831 856 ταπεινώσεως

196 868 287 894 minus
297 868 406 896 Iudaeos
417 869 560 904 alloquens
576 879 581 896 :
599 870 681 903 «Quia
697 871 782 898 Filius
799 871 917 898 hominis
932 875 984 904 est,

1039 871 1116 906 ἡμῶν
1142 872 1182 903 είς
1200 871 1229 897 τὺ
1244 870 1372 905 γενέσθαι
1394 871 1458 897 αὐτο
1478 871 1639 906 σύμμορφον
1659 870 1697 904 τῷ
1719 869 1830 905 σώματι

197 913 282 940 nolite
300 914 394 941 mirari
412 915 465 942 hoc
481 915 564 950 :quia
580 916 656 943 venit
676 916 754 949 hora,
774 917 800 943 in
819 925 873 951 qua
890 925 987 944 omnes

196 958 242 992 qui
267 959 293 985 in
318 961 506 988 monumentis
527 965 602 993 sunt,
625 961 739 989 audient
755 970 849 990 vocem
870 963 940 998 ejus,
959 967 987 990 et

196 1004 358 1037 precedent,
380 1005 425 1039 qui
450 1005 521 1033 bona
542 1006 679 1040 fecerunt;
703 1007 732 1034 in
753 1008 986 1035 resurrectionem

197 1049 269 1081 vitae,
283 1050 329 1085 qui
344 1059 409 1078 vero
425 1053 495 1078 mala
512 1058 638 1088 egerunt,
655 1053 682 1080 in
698 1053 930 1081 resurrectionem
943 1055 987 1089 ju-

196 1095 262 1123 dicii
277 1098 299 1123 ι.
318 1107 326 1122 ι
345 1098 515 1133 Rursusque,
538 1107 600 1126 cum
620 1100 653 1127 de
671 1099 809 1127 communi
827 1100 880 1127 line
897 1100 985 1127 disse—

197 1145 280 1173 reret,
291 1142 349 1168 haec
359 1143 442 1170 etiam
456 1143 562 1171 addidit
579 1153 586 1171 :
602 1154 611 1170 ‹
627 1144 724 1171 Statim
739 1153 805 1172 vero
819 1149 882 1180 post
896 1145 986 1172 tribu-

197 1186 326 1214 lationem
345 1188 452 1215 dierum
467 1189 588 1222 illorum,
604 1192 644 1217 sol
659 1190 864 1223 obscurabitur,
881 1195 908 1218 et
921 1191 984 1218 luna

197 1240 252 1260 non
270 1233 346 1261 dabit
359 1235 449 1262 lumen
465 1244 557 1268 suum,
569 1241 596 1263 et
606 1237 692 1264 stellae
704 1237 802 1264 cadent
819 1238 851 1264 dc
864 1237 944 1268 coelo,
960 1242 988 1264 et

197 1279 314 1306 virtutes
337 1281 469 1307 cwlorum
491 1282 748 1314 commovebuntur,
770 1287 798 1309 et
820 1286 884 1310 tunc
902 1291 987 1318 appa-

197 1324 270 1351 rebit
290 1326 398 1361 signum
421 1327 482 1354 Filii
507 1328 627 1355 hominis
649 1328 677 1355 in
704 1329 783 1360 cmlo,
807 1334 835 1356 et
859 1329 988 1364 plangcnt

198 1379 295 1399 omnes
312 1374 400 1401 tribus
416 1379 495 1402 terra:
510 1381 532 1401 ιι.
553 1385 562 1400 ι
581 1375 629 1402 His
645 1380 737 1402 autem
755 1376 848 1402 verbis
868 1377 989 1403 ostendit

198 1417 301 1444 luctum
319 1427 415 1446 eorum
433 1421 479 1454 qui
491 1428 546 1447 non
561 1421 741 1448 crediderint.
755 1421 824 1448 Tum
841 1422 921 1449 allata
939 1430 988 1457 pa—

200 1463 291 1491 rabola
302 1465 335 1491 de
347 1465 501 1500 virginibus
513 1471 535 1499 ',
548 1474 666 1502 quarum
677 1467 736 1494 alia:
745 1467 989 1503 cuinlampadihus

199 1511 330 1546 ingressa:
351 1517 416 1539 sunt
437 1513 599 1546 thalamum,
614 1513 695 1541 fatum
714 1522 781 1541 vero
801 1518 880 1541 extra
900 1514 987 1541 thala-

200 1564 273 1583 mum
288 1563 488 1591 remanserunt,
498 1559 571 1594 quod
583 1567 678 1586 earum
694 1560 835 1594 lampades
846 1560 988 1587 exstincta:

200 1603 271 1635 sint;
282 1607 310 1630 et
321 1612 382 1631 cum
396 1606 562 1632 talentorum
576 1606 736 1640 parabolam
752 1605 913 1637 addidisset,
930 1613 989 1632 ser-

200 1656 352 1683 vorumque
364 1649 573 1681 industriorum,
587 1657 618 1677 ac
629 1650 725 1677 inertis
735 1650 808 1677 illius
828 1650 874 1685 qui
887 1651 990 1677 talento

200 1694 337 1722 occultato
359 1695 460 1722 missus
482 1700 524 1722 est
542 1696 569 1722 in
595 1696 722 1723 tenebras
741 1697 904 1729 exteriores,
924 1697 990 1724 sub—

198 1740 312 1774 junxit:
333 1741 424 1768 «Cum
451 1745 543 1768 autem
576 1742 684 1769 venerit
707 1742 794 1769 Filius
817 1742 938 1770 hominis
963 1744 990 1769 in

202 1787 343 1821 majestate
359 1795 418 1819 sua,
436 1792 465 1814 et
482 1795 579 1815 omnes
594 1787 681 1814 sancti
696 1788 784 1823 angeli
799 1789 858 1823 ejus
870 1797 933 1815 cum
946 1797 989 1821 eo,

203 1837 268 1859 tunc
285 1833 392 1860 sedebit
409 1841 492 1867 super
508 1833 601 1860 sedem
622 1834 774 1868 majestatis
793 1841 859 1866 sum,
879 1838 906 1861 et
927 1841 993 1861 coir-

202 1878 389 1913 gregabuntur
415 1878 520 1913 1005
546 1883 609 1905 ante
635 1887 697 1905 eum
720 1887 816 1906 omnes
832 1884 927 1914 gentes
943 1889 948 1906 :
965 1884 992 1907 ct

202 1924 340 1958 separabit.
349 1932 397 1951 eos
407 1924 442 1951 ab
457 1924 584 1956 invicem,
600 1924 672 1952 sicut
688 1929 780 1959 pastor
792 1930 916 1960 segregat
927 1934 992 1953 oves

202 1969 237 1996 ab
256 1969 342 1997 haedis
362 1979 367 1996 :
391 1975 418 1997 et
436 1975 538 1998 statuet
557 1979 623 1998 oves
640 1971 753 2006 quidem
772 1980 787 1998 a
802 1972 906 1999 dextris
923 1973 990 2005 suis,

202 2015 295 2042 Inedos
319 2021 411 2042 autem
428 2024 443 2043 a
460 2017 590 2044 sinistris.
607 2017 684 2044 Tunc
705 2018 778 2044 dicet
791 2018 847 2044 [lex
866 2018 899 2044 iis
914 2019 961 2053 qui
976 2027 992 2046 a

202 2060 307 2088 dextris
327 2061 387 2096 ejus
406 2067 489 2088 erunt
508 2071 514 2088 ε
535 2063 642 2095 Venite,
661 2063 799 2090 benedicti
822 2063 911 2090 Patris
926 2064 990 2096 mei,

202 2105 336 2140 percipite
358 2114 484 2141 regnum,
506 2107 579 2141 quod
596 2114 720 2141 paratum
740 2112 783 2135 est
796 2108 875 2135 vobis
892 2115 905 2135 a
924 2116 991 2136 con-

202 2152 345 2179 stitutione
367 2152 473 2179 mundi.
497 2153 606 2180 Esurivi
631 2154 715 2185 enim,
738 2158 765 2180 et
786 2153 902 2181 dedistis
923 2154 992 2181 mihi

1036 918 1085 952 τῆς
1100 917 1179 953 δόξης
1192 917 1285 944 αὑτοῦ.
1304 927 1312 942 ι
1334 917 1388 944 Καὶ
1403 916 1484 947 αὐτος
1501 917 1528 943 δὲ
1543 918 1556 943 6
1570 916 1669 951 Κύριος
1685 915 1752 951 πρὸς
1763 915 1831 947 τοὺς

1043 963 1186 995 Ἰουδαίους
1198 964 1259 998 ἔφη·
1280 972 1288 988 ι
1303 963 1362 989 Ὀτι
1377 961 1424 998 [εἰ]
1442 962 1451 978 ⁷
1467 962 1529 993 Υἱὸς
1545 961 1688 997 ἀνθρώπου
1704 961 1773 992 ἐστὶ,
1791 961 1830 996 μὴ

1037 1009 1192 1044 θαυμάζετε
1207 1008 1296 1035 τοῦτο·
1314 1009 1353 1034 ὅτι
1366 1008 1477 1043 ἔρχεται
1487 1008 1547 1043 ὥρα
1565 1008 1594 1034 ὲν
1645 1007 1744 1038 πάντες
1756 1007 1782 1033 οἱ
1799 1007 1830 1033 ἐν

1037 1056 1093 1086 τοῖς
1113 1055 1256 1090 μνημείοις
1271 1055 1433 1081 ἀκούσονται
1450 1055 1498 1090 τῆς
1511 1054 1602 1088 φωνῆς
1613 1053 1705 1085 αὑτοῦ,
1724 1054 1771 1080 καὶ
1784 1054 1832 1080 ἐκ·

1037 1100 1217 1137 πορεύσονται
1237 1101 1261 1127 οἱ
1281 1101 1315 1127 τὰ
1334 1100 1424 1135 ἀγαθὰ
1445 1101 1607 1135 ποιήσαντες
1623 1101 1663 1131 εἰς
1679 1101 1831 1127 ἀνάστασιν

1038 1146 1120 1180 ζωῆς
1137 1146 1161 1172 οἱ
1177 1145 1205 1171 δέ
1219 1145 1253 1172 τὰ
1267 1145 1357 1179 φαῦλα
1375 1144 1537 1180 πράξαντες,
1549 1144 1589 1175 εἰς
1604 1144 1751 1170 ἀνάστασιν
1769 1144 1830 1179 κρί-

1039 1199 1117 1221 σεως.
1139 1199 1147 1215 ι
1164 1189 1218 1216 Καὶ
1232 1189 1322 1221 πάλιν,
1339 1190 1373 1215 τὰ
1398 1188 1462 1224 περὶ
1478 1188 1525 1215 τοῦ
1543 1188 1633 1215 κοινοῦ
1650 1188 1830 1223 διηγούμενος

1037 1235 1141 1266 τέλους,
1159 1235 1205 1261 καὶ
1225 1234 1312 1261 ταῦτα
1334 1233 1538 1270 προστέθεικεν
1559 1242 1569 1259 ‹
1588 1233 1696 1264 Εὐθέως
1710 1233 1738 1259 δέ
1760 1233 1831 1267 μετὰ

1038 1280 1087 1316 τὴν
1104 1280 1193 1315 θλϊψιν
1208 1280 1262 1306 τῶν
1279 1280 1392 1316 ἡμερῶν
1407 1279 1518 1306 ἐκείνων
1532 1280 1546 1306 ό
1563 1279 1638 1314 ἥλιος
1654 1278 1831 1313 σκοτισθήσε-

1039 1335 1085 1353 ται
1098 1326 1146 1353 καὶ
1156 1327 1173 1362 ἡ
1197 1326 1295 1361 σελήνη
1317 1326 1346 1352 οὐ
1367 1325 1447 1352 δώσει
1461 1325 1492 1351 τὸ
1505 1324 1606 1359 φέγγος
1633 1324 1728 1358 αὐτῆς,
1743 1324 1790 1350 καὶ
1799 1324 1826 1349 οἱ

1039 1372 1152 1408 ἀστέρες
1166 1372 1310 1399 πεσοῦνται
1324 1371 1377 1398 ἀπὸ
1386 1371 1431 1398 τοῦ
1442 1372 1452 1387 ⁸
1462 1370 1588 1407 ούρανοῦ,
1598 1371 1645 1397 καὶ
1659 1367 1686 1397 αἱ
1700 1369 1830 1404 δυνάμεις

1040 1419 1094 1446 τῶν
1112 1418 1236 1454 οὐρανῶν
1253 1418 1478 1453 σαλευθήσονταιο
1495 1418 1542 1444 καὶ
1555 1417 1615 1443 τότε
1638 1417 1787 1451 φανήσεται
1800 1415 1831 1441 τὸ

1042 1466 1155 1500 σημεῖον
1177 1463 1223 1490 τοῦ
1241 1463 1298 1490 υἱοῦ
1323 1463 1370 1490 τοῦ
1388 1462 1531 1498 ἀνθρώπου
1551 1463 1580 1488 ἐν
1596 1462 1634 1496 τῷ
1647 1461 1764 1496 οὐρανῷ·
1784 1461 1831 1487 καὶ

1041 1511 1101 1537 τότε
1130 1511 1255 1545 κόψονται
1281 1509 1391 1545 [πᾶσαι]
1417 1509 1444 1535 αἱ
1465 1508 1548 1544 φυλαὶ
1562 1508 1612 1543 τῆς
1627 1509 1689 1542 γῆς.
1706 1517 1715 1532 ι
1732 1508 1781 1534 Διὰ
1802 1507 1830 1533 δὲ

1041 1555 1143 1581 τοῦτων
1170 1555 1244 1589 δηλοί
1266 1555 1319 1580 τῶν
1340 1554 1621 1590 [1621ὴπιστηκότων
1648 1554 1694 1580 τὸν
1719 1553 1830 1588 θρῆνον.

1042 1601 1107 1628 Εἶτα
1128 1601 1176 1636 τὴν
1193 1601 1256 1633 περὶ
1271 1601 1324 1627 τῶν
1343 1599 1483 1635 παρθένων
1498 1599 1655 1635 παραϐολὴν
1672 1598 1767 1630 εἰπὼν,
1785 1600 1831 1624 καὶ

1041 1647 1078 1678 ὡς
1099 1648 1128 1674 αἱ
1145 1647 1193 1681 μὲν
1215 1647 1340 1680 εἰσῆλθον
1363 1647 1401 1678 εἰς
1424 1646 1470 1672 τὶν
1485 1645 1618 1680 νυμφὼνα
1635 1645 1765 1680 φέρουσαι
1782 1644 1831 1676 τὰς

1042 1693 1198 1728 λαμπάδας,
1217 1694 1243 1719 αἱ
1263 1693 1292 1718 δὲ
1313 1692 1401 1727 μωραὶ
1416 1692 1466 1726 τῆς
1483 1691 1618 1721 παστάδος
1640 1690 1830 1724 ἀπεστερήθη-

1044 1747 1104 1770 σαν,
1122 1738 1271 1773 ἐπειδήπερ
1292 1738 1320 1764 αἱ
1339 1737 1480 1772 λαμπάδες
1504 1735 1682 1770 ἐσὸέσθησαν·
1703 1735 1830 1770 προσθεὶς

1043 1786 1070 1812 δὲ
1086 1785 1132 1811 καὶ
1145 1784 1178 1810 τὰ
1192 1783 1245 1810 τῶν
1259 1783 1396 1809 ταλάντων
1419 1782 1466 1808 καὶ
1483 1781 1537 1807 τῶν
1551 1780 1662 1808 οἰκετῶν
1678 1780 1731 1806 τῶν
1747 1789 1830 1806 σπου-

1042 1833 1125 1859 δαίων
1136 1831 1183 1857 καὶ
1192 1829 1240 1856 τοῦ
1255 1828 1341 1865 ἀργοῦ
1354 1827 1401 1854 τοῦ
1418 1827 1448 1853 τδ
1463 1827 1594 1853 τάλαντον
1606 1825 1830 1860 κατακρύψαντος

1043 1878 1090 1904 καί
1106 1877 1146 1909 τῷ
1165 1875 1293 1910 ἐξωτάτω
1313 1874 1404 1900 σκότει
1427 1871 1676 1908 παραπεμφθέντος
1689 1871 1710 1902 θ,
1728 1871 1829 1905 ἐπήγα-

1042 1932 1100 1958 γεν·
1120 1933 1129 1948 ι
1145 1922 1229 1948 Ὅταν
1245 1921 1272 1947 δὲ
1287 1920 1350 1956 ἔλθῃ
1365 1920 1379 1946 ὁ
1392 1919 1454 1951 Υἱὸς
1468 1917 1514 1945 τοῦ
1528 1917 1673 1953 ἀνθρώπου
1685 1918 1712 1943 ἐν
1727 1919 1759 1951 τῇ
1770 1917 1829 1951 δόξῃ

1043 1969 1137 2000 αὐτοῦ,
1156 1968 1203 1994 καὶ
1217 1967 1318 1997 πάντες
1338 1967 1362 1992 oi
1383 1966 1455 1999 ἆγιοι
1475 1963 1585 1999 ἄγγελοι
1607 1962 1713 1999 [αὑτοῦ]
1729 1964 1750 1978 ¹⁰
1774 1962 1829 1998 μετ’

1044 2014 1137 2046 αὐτοῦ,
1154 2013 1215 2040 τότε
1230 2012 1382 2046 καθήσεται
1401 2011 1448 2037 ἐπὶ
1471 2010 1567 2046 θρόνου
1582 2008 1659 2044 δόξης
1678 2009 1771 2041 αὐτοῦ,
1785 2008 1829 2034 καὶ

1044 2060 1256 2096 συναχθήσονται
1282 2059 1303 2074 ¹¹
1328 2057 1480 2094 ἔμπροσθεν
1505 2055 1588 2082 αὑτοῦ
1605 2055 1693 2082 πάντα
1710 2055 1743 2081 τὰ
1756 2054 1826 2089 ἔθνη·

1044 2107 1090 2134 καὶ
1106 2106 1233 2141 ἀφορίσει
1249 2105 1347 2135 αὐτοὺς
1367 2103 1413 2130 ἀπ’
1428 2102 1559 2138 ἀλλήλων,
1583 2102 1677 2135 ὥσπερ
1702 2101 1716 2127 ό
1733 2100 1828 2135 ποιμὴν

1043 2153 1167 2188 ἀφορίζει
1180 2152 1214 2178 τὰ
1230 2151 1355 2186 πρόὸατα
1369 2149 1422 2176 ἀπὸ
1437 2149 1490 2174 τῶν
1501 2148 1614 2184 ἐρίφων·
1629 2147 1676 2174 καὶ
1694 2147 1787 2181 στήσει
1798 2145 1829 2172 τὰ

202 2197 275 2232 quod
303 2197 513 2230 manducarem;
541 2198 626 2230 sitivi,
650 2202 678 2225 et
702 2199 853 2226 bibendum
877 2199 987 2227 dedistis

1047 2198 1096 2234 μὲν
1115 2197 1236 2234 πρόϐατα
1256 2198 1287 2223 ὲκ
1297 2194 1391 2227 δεξιῶν
1416 2193 1510 2225 αὑτοῦ,
1531 2193 1565 2219 τὰ.
1586 2192 1615 2218 δὲ
1638 2192 1731 2227 ἐρίφια
1743 2191 1772 2223 ἐξ
1787 2192 1828 2216 εὑ-

203 2242 288 2276 mihi;
305 2243 405 2278 hospes
419 2251 506 2275 eram,
527 2248 555 2270 et
580 2244 741 2279 suscepistis
761 2253 822 2278 me;
844 2245 945 2278 nudus,
964 2251 992 2272 et

202 2289 387 2323 cooperuistis
413 2297 473 2322 me;
504 2289 641 2322 infirmus,
666 2295 694 2317 et
719 2291 853 2318 visitastis
877 2299 940 2324 me;
963 2291 990 2318 in

202 2342 314 2361 carcere
323 2342 409 2367 eram,
421 2339 450 2362 et
467 2335 583 2362 venistis
596 2335 630 2362 ad
645 2343 689 2363 me
700 2341 725 2363 ι.
737 2345 745 2361 ι
761 2336 794 2363 Et
807 2336 860 2364 illis
873 2336 991 2364 dicenti-

202 2379 264 2414 bus,
282 2388 309 2407 se
323 2380 392 2407 nihil
404 2380 502 2407 horum
519 2388 639 2415 unquam
656 2381 817 2415 praestitisse
836 2382 991 2418 (proprium

201 2430 244 2454 est
263 2427 336 2454 enim
357 2426 468 2454 virtutis
487 2427 653 2454 athletarum
669 2431 700 2454 ut
720 2427 859 2455 modestos
873 2436 902 2456 se
920 2437 990 2463 pra:-

201 2472 295 2503 beant,
312 2480 431 2507 suasque
444 2480 511 2507 opes
527 2473 692 2507 occultent),
708 2473 749 2500 eis
762 2473 820 2500 llex
833 2478 930 2501 contra
945 2482 988 2501 re-

203 2516 368 2552 spondebit:
387 2527 396 2542 (
411 2518 569 2545 Ameudico
581 2518 669 2550 vobis,
693 2519 766 2554 quod
778 2519 881 2546 fecistis
893 2519 939 2546 uni
957 2527 990 2546 ex

236 2607 268 2633 ιιι
283 2606 346 2633 Cor.
363 2614 407 2638 xv,
425 2606 519 2633 42-45.
560 2611 570 2625 "
588 2607 654 2634 ibid.
671 2607 715 2636 52.
733 2607 777 2634 55.

206 2646 217 2659 ν
234 2641 329 2669 Matth.
348 2649 410 2673 xxv,
427 2641 438 2667 1
457 2649 534 2676 seqq.
573 2646 585 2659 ι
602 2642 670 2669 ibid.
688 2642 782 2669 51-56.

817 2614 826 2625 ³
844 2607 961 2642 Philipp.
981 2615 1020 2640 ιιι⁷
1035 2606 1080 2639 20,
1096 2607 1140 2634 ⁸21.

1046 2243 1173 2279 ωνύμων.
1191 2242 1257 2269 Τότε
1271 2243 1329 2277 ἐρεῖ
1342 2242 1356 2267 6
1373 2240 1499 2276 βασιλεὺς
1515 2240 1571 2270 τοῖς
1585 2239 1616 2264 ἐκ
1631 2237 1726 2270 δεξιῶν
1739 2237 1827 2263 αὑτοῦ·

1045 2288 1168 2321 Δεῦτε,οι
1185 2287 1363 2322 εὐλογημένοι
1374 2286 1420 2313 τοῦ
1433 2285 1539 2320 Πατρός
1552 2292 1613 2319 μου,
1627 2281 1828 2318 κληρονομῆσαί-

1045 2344 1074 2362 τε
1091 2335 1140 2370 τὴν
1155 2333 1359 2370 ἡτοιμασμένην
1377 2333 1441 2367 ὑμῖν
1467 2330 1604 2364 βασιλείαν
1618 2329 1671 2355 ἀπὸ
1683 2327 1828 2360 καταϐολῆς

1045 2381 1159 2416 κόσμου·
1181 2379 1311 2405 ἐπείνασα
1338 2378 1403 2413 γὰρ,
1431 2376 1478 2403 καὶ
1504 2373 1625 2403 ἐδώκατέ
1654 2382 1698 2409 μοι
1725 2373 1826 2407 φαγεῖν·

1045 2427 1168 2462 ἐδίψησα,
1182 2426 1231 2452 καὶ
1243 2423 1387 2451 ἐποτίσατέ
1400 2431 1442 2458 με·
1461 2422 1534 2454 ξένος
1549 2421 1632 2456 ήμην,
1653 2419 1700 2446 καὶ
1717 2417 1828 2452 συνηγά-

1044 2474 1107 2508 γετὲ
1133 2481 1166 2508 με
1178 2481 1184 2486 ·
1202 2472 1313 2507 γυμνὸς,
1327 2469 1374 2496 καὶ
1390 2467 1565 2504 περιεϐάλετέ
1581 2475 1614 2502 με
1624 2474 1630 2480 ·
1645 2464 1772 2500 ἀσθενὴς,
1786 2463 1827 2489 καὶ

1045 2517 1234 2553 ἐπεσκέψασθέ
1249 2525 1292 2553 με·
1304 2517 1333 2542 ἐν
1357 2515 1463 2550 φυλακῇ
1478 2514 1562 2549 ἢμην,
1583 2511 1631 2539 καὶ
1645 2511 1740 2546 ἤλθετε
1765 2509 1825 2544 πρὸς

1185 2607 1191 2623 ί
1209 2605 1288 2632 Joan.
1303 2612 1330 2636 ν,
1345 2602 1391 2636 ‘28,
1406 2602 1450 2629 ‘29.
1489 2605 1501 2619 ι·
1518 2598 1613 2627 Matth.
1639 2606 1710 2629 μιν,
1726 2597 1771 2624 29.
1787 2595 1824 2624 30.

875 2697 991 2725 VARIJ‘Z
1014 2696 1216 2724 LEC'I'lONES.

239 2771 248 2786 ‘
261 2771 423 2801 Φιλιππίοις.
440 2771 630 2804 Φιλιππησέοις
646 2770 675 2795 "..

207 2807 218 2822 ⁷
246 2805 292 2842 [ai]
310 2814 366 2842 om.
385 2806 416 2833 D.
435 2806 445 2822 ⁸
458 2805 511 2832 ἀπὸ
523 2805 623 2842 τοῦκὲκ
634 2805 680 2830 τηιῦ
694 2805 741 2842 \_"u.

722 2770 732 2784 ⁵
745 2769 893 2795 ἐπέστειλε,
912 2767 1054 2794 ἐπέστελλε
1069 2767 1118 2799 Va,
1134 2767 1188 2795 τοῖς
1202 2773 1252 2799 pro
1263 2764 1370 2794 πολλοῖς
1382 2763 1431 2789 VI).

781 2805 791 2816 ’⁸
812 2803 1069 2842 παραπεμφθέντοέ.
1087 2797 1282 2842 παραδοθέντος
1297 2803 1324 2826 ct
1337 2807 1399 2826 mox
1417 2797 1488 2824 ἔλθοι
1506 2797 1535 2823 ι).

1474 2763 1483 2776 "
1498 2761 1543 2787 καὶ
1558 2759 1644 2791 αὖθις.
1665 2758 1743 2790 αὖθις
1757 2759 1784 2785 δὲ
1799 2759 1824 2785 Ι).

1579 2797 1600 2812 ¹⁰
1615 2795 1722 2830 [ub-.691
1735 2802 1788 2821 om.
1798 2793 1824 2821 Ο.

208 2843 227 2858 ¹¹
246 2835 471 2876 συναχθήσονται.
493 2840 688 2874 συναχθήσεται
703 2840 733 2871 D,
747 2840 791 2873 qui
804 2835 864 2866 mox
885 2847 940 2865 υιιι.
953 2838 1006 2864 ἀπὸ
1021 2836 1072 2863 τῶν
1088 2835 1302 2870 ἐφι-πρόὸατα,
