1965 3051
150 127 221 159 1117

417 127 634 158 (ΞΒλΕΟΛΒΗΜ
654 129 804 159 AFFECT.
825 130 945 161 CURA'I

997 129 1092 160 ,—XI.
1113 129 1162 159 DE
1180 127 1269 159 FINE
1289 129 1336 158 ET
1353 128 1513 159 JUDICIO.

1715 129 1781 159 iiii

150 193 199 219 με.
215 192 224 208 ι
250 181 376 208 Ἐκείνων
393 180 421 207 δὲ
445 181 552 215 φάντων
570 181 652 216 μηδὲν
669 183 773 209 τούτων
792 183 903 210 πώποτε
917 184 939 199 ¹²

997 183 1036 210 his
1049 183 1172 210 minimis
1189 183 1323 210 fratribus
1335 182 1414 214 meis,
1432 182 1479 217 qui
1495 182 1522 209 in
1534 189 1578 209 me
1589 181 1779 212 crediderunt.

148 226 309 262 δεδρακέναι
323 226 399 261 (ἴδιον
412 225 467 261 γὰρ
485 225 515 251 τὺ
530 225 686 260 μετριάζειν
701 225 756 252 τῶν
777 226 826 261 τῆς
839 227 940 262 ἀρετῆς

148 272 320 307 ἀθλητῶνη,
336 272 383 298 καὶ
400 271 604 306 κατακρύπτειν
626 271 670 298 τὸν
695 271 809 298 πλοῦτον
825 272 869 307 l5),
883 273 941 308 ὲρεί

147 318 251 350 τοίνυν,
264 318 356 352 φησὶν,
373 317 442 352 πρὸς
452 317 551 346 αὐτοὺς
563 318 577 343 ὁ
587 316 729 348 Βασιλεύς·
745 327 754 343 ι
766 318 852 352 ’Δμὴν
869 318 940 352 λέγω

149 364 228 398 ὑμῖν,
247 362 290 398 ἐφ’
305 363 366 389 ὅσον
389 363 533 398 ἐποιήσατε
558 362 599 388 ἐνὶ
621 362 724 389 τούτων
743 363 798 390 τῶν
819 364 940 398 ἀδελφῶν

151 419 205 445 μου
237 410 291 436 τῶν
317 410 465 444 ἐλαχίστων
495 408 550 435 τῶν
575 409 756 436 πιστευόντων
779 410 800 426 ¹³
825 411 864 441 εἰς
879 410 940 445 ἐμὲ,

149 456 211 490 ἐμοὶ
238 455 396 489 ἐποιήσατε.
415 463 424 480 ι
453 453 532 481 Οὕτω
549 454 660 486 τούτους
686 455 873 490 ἁνακηρὺξας,
895 456 941 482 καὶ

148 501 275 532 δεδωκὼς
298 501 332 527 τὰ
347 501 416 536 γέρα
434 500 487 526 τῶν
506 500 605 531 πόνων,
631 501 699 535 ἐρεῖ,
722 501 799 536 φησὶ,
817 501 865 527 καὶ
885 503 942 533 τοῖς

149 547 182 580 ἐξ
207 546 365 581 εὐωνύμων·
392 555 401 571 ι
425 545 575 581 Πορεύεσθε
592 546 639 571 ἀπ’
653 545 731 580 ἐμοῦ,
745 547 768 572 oi
784 547 943 581 κατηραμέ-

149 601 202 623 νοι,
219 593 258 624 είς
275 593 304 619 τὸ
320 591 375 627 πῦρ
389 591 419 617 τὸ
435 591 554 622 αἰώνιον,
567 591 597 617 τὸ
614 591 814 626 ἡτοιμασμένον
832 592 870 626 τῷ
889 593 944 619 δια-

149 639 223 673 ὁόλῳ
238 639 350 669 καὶτοῖς
362 637 489 671 ἀγγέλοις
502 636 595 663 αὑτοῦ.
614 645 622 661 ι
640 637 727 671 Δήλας
741 637 768 663 δὲ
782 638 827 664 καὶ
839 638 944 670 τούτοις

154 684 211 710 τῶν
230 683 370 718 τιμωριῶν
384 683 433 714 τὰς
453 682 542 713 αἰτίας
558 683 647 708 ποιεῖ’
665 681 752 713 οὐδεὶς
764 683 818 717 γὰρ
833 682 944 718 ἔδρασεν

993 229 1061 256 mihi
1074 228 1178 256 fecistis
1193 233 1217 255 1.
1235 239 1243 254 ›
1267 229 1300 255 Ει
1317 233 1461 263 postquam
1479 228 1530 255 hos
1550 227 1625 255 vocis
1641 235 1696 255 suae
1712 236 1783 263 pne-

993 275 1075 302 conio
1092 275 1274 308 laborumque
1293 274 1415 308 praemiis
1434 273 1597 305 honestarit,
1615 273 1690 301 dicet
1705 279 1733 301 et
1748 273 1783 300 iis

993 319 1040 354 qui
1055 319 1168 346 stabunt
1177 327 1191 346 a
1207 319 1327 346 sinistris
1340 327 1346 344 :
1365 328 1374 343 ‹
1390 317 1525 345 Discedite
1538 325 1552 344 a
1564 324 1618 348 me,
1631 314 1780 348 maledicti.

995 366 1023 393 in
1038 367 1046 376 '
1061 366 1151 401 ignem
1163 370 1309 396 aeternum,
1326 364 1372 399 qui
1387 367 1499 398 paratus
1513 367 1556 390 est
1568 362 1678 389 diabolo
1691 367 1720 389 et
1732 370 1781 389 an-

994 411 1062 446 gelis
1073 411 1133 445 ejus
1145 415 1167 437 ι.
1183 419 1192 436 ›
1205 410 1329 444 Explicat
1342 413 1435 436 autem
1451 408 1493 435 his
1507 415 1616 442 quoque
1631 407 1781 441 supplicio-

995 463 1056 482 rum
1070 462 1166 482 causas
1179 463 1185 481 :
1199 455 1271 489 quod
1291 454 1383 481 nullus
1398 461 1494 483 eorum
1506 460 1538 479 ea
1549 451 1710 486 praestiterit
1721 455 1781 486 qua:

992 501 1129 536 justornm
1145 500 1247 527 chorus
1263 499 1400 534 praestitit,
1412 506 1502 533 neque
1523 505 1658 525 summam
1671 497 1781 523 illorum
1811 493 1814 498 ’

993 546 1156 574 modestiam
1172 546 1270 574 imitati
1287 545 1401 573 fuerint.
1416 545 1456 572 llli
1467 544 1541 571 enim
1552 543 1634 571 etiam
1648 543 1718 570 bona
1731 550 1782 570 ne-

994 592 1095 626 gabant
1112 599 1141 619 se
1157 591 1254 619 fecisse
1270 599 1331 626 quae
1347 590 1470 618 fecerant
1488 598 1494 616 :
1514 589 1542 616 hi
1555 596 1632 620 vero.
1649 595 1710 622 qum
1727 595 1780 613 non

993 639 1130 671 fecerunt,
1150 647 1179 666 se
1195 639 1293 666 fecisse
1309 637 1492 665 mentiuntur.
1511 636 1577 663 Jure
1595 643 1661 669 ergo
1676 633 1782 669 1006

996 685 1208 716 convincentur,
1219 688 1247 711 et
1260 683 1349 718 poenis
1363 681 1561 717 suppliciisque
1574 680 1730 708 tradentur.

150 729 263 756 ἐκείνων
276 729 294 755 δι
309 728 362 754 τῶν
379 727 491 754 δικαίων
511 727 670 754 ὲπετέ).εσεν
682 728 695 754 ὁ
716 727 810 763 χορὸς,
829 729 876 754 καὶ
890 728 952 755 οὑδὲ
972 730 1021 766 τὴν
1040 731 1157 765 ἐσχάτην
1178 729 1290 756 ἐκείνων
1307 729 1336 763 ”_
1345 727 1471 763 ζηλοῦσιν
1492 726 1644 753 εὐλάϐειαν.
1669 724 1782 751 Ἐκεῖνοι

152 775 204 809 μὲν
214 775 279 810 γὰρ,
295 774 383 800 πάντα
397 774 489 800 ἐκεῖνα
502 773 692 808 πεποιηκότες,
711 773 879 808 ἠρνήθησαν·
895 772 967 802 οὗτοι
977 776 1016 808 δὲ,
1032 777 1079 803 καλ¹
1093 776 1130 812 μὴ
1141 777 1162 791 ¹⁷
1174 775 1344 811 δεδρακότες,
1358 773 1536 809 πεποιηκέναι
1550 771 1640 807 φασίν·
1654 770 1721 798 ἀλλὰ
1735 768 1782 796 καὶ

150 820 198 847 τὸν
215 820 326 855 ἔλεγχον
339 820 470 852 δέξονται,
481 819 529 846 καὶ
543 821 576 855 τῇ
590 819 709 855 τιμωρίᾳ.
721 819 963 855 παραδοθήσονται.

188 865 290 897 Ταῦτα,
309 861 331 890 ὦ
345 864 450 899 ἄνδρες,
470 864 645 899 παραϐάλετε
660 865 717 896 τοῖς
734 865 939 900 ἐπαινουμένοις

1029 868 1092 895 llaec
1105 875 1164 900 vos,
1177 876 1194 895 ο
1210 867 1276 899 viri,
1290 866 1414 894 conferte
1431 873 1493 893 cum
1510 864 1630 892 Platonis
1646 863 1781 890 sermoni-

151 911 200 938 τοῦ
219 911 362 942 Πλάτωνος
385 910 485 944 λόγοις.
504 911 532 937 '0
545 910 600 945 γάρ
624 919 665 937 τοι
691 910 771 942 ἄλλος
795 910 877 946 λῆρος
896 912 944 938 καὶ¹

151 957 228 984 τοῦδε
244 956 356 983 καὶτῶν
374 956 463 983 ἄλλων
478 956 524 983 τοῦ
551 956 664 988 σκότους
688 955 793 983 ἐκείνου
808 965 838 990 γε
854 957 945 990 ἀξιού-

153 1003 208 1029 σθω
221 1003 256 1018 ¹⁸’
268 1002 286 1029 ἃ
299 1002 326 1028 δέ
341 1011 372 1035 γε
388 1002 434 1028 καὶ
445 1003 526 1037 ἡμεῖς
547 1002 723 1037 ἐπῃνέσαμεν
733 1001 789 1036 ἔχει
801 1002 862 1028 τινὰ
876 1003 945 1037 πρὸς

151 1049 239 1076 ταῦτα
263 1048 432 1082 ξυγγένειαν.
456 1048 512 1078 Τὰς
539 1048 593 1082 γάρ
613 1056 654 1074 τοι
671 1048 808 1080 κολάσεις,
825 1049 873 1074 καὶ
895 1048 944 1079 τὰς

152 1094 208 1120 τῶν
220 1093 329 1127 ἀγαθῶν
342 1093 502 1125 ἀντιδόσεις,
512 1093 636 1124 κάκεῖνος
647 1091 716 1120 εἶναι
726 1092 943 1127 ξυνωμολόγησε,

153 1140 201 1167 καὶ
212 1140 245 1166 τὶ
260 1140 320 1166 θεῖα
335 1139 457 1171 ἐπέδειξε
474 1140 494 1154 ¹³
505 1139 599 1173 Λόγια,
621 1139 669 1165 καὶ
689 1139 722 1166 τὰ
739 1139 820 1166 κσινὲι
845 1139 892 1166 καὶ
910 1140 945 1166 τὰ

153 1186 270 1213 παλαιά”
284 1186 412 1216 δικαστὰς
434 1185 462 1212 δὲ
485 1186 588 1216 ἐκεῖνος
612 1185 660 1220 μὲν
674 1185 723 1212 καὶ
755 1185 866 1220 ἐτέρους
889 1186 944 1212 εἰσ-

154 1233 254 1267 ήγαγε,
280 1231 326 1257 τὸν
350 1231 461 1263 Αἰακὸν,
483 1231 531 1257 καὶ
546 1231 591 1256 τὸν
611 1231 697 1262 Μίνω,
722 1231 827 1257 καὶτὸν
850 1231 945 1258 Ῥαδά-

155 1277 269 1312 μανθυν,
283 1278 381 1312 ἄνδρας
394 1277 454 1303 οὑδὲ
470 1277 504 1302 τὰ
520 1276 608 1302 πάντα
618 1276 641 1291 ¹⁰
657 1276 879 1311 ἐπαινουμένους,
894 1276 942 1302 τοῦ

159 1323 189 1348 δὲ
204 1322 281 1348 Μίνω
298 1323 345 1348 καὶ
366 1321 451 1347 πολλὰ
467 1321 534 1347 ἄττα
555 1321 736 1356 κατηγοροῦσί
755 1329 843 1352 τινες*
865 1322 945 1356 ἡμεῖς

156 1368 185 1394 δὲ
199 1367 390 1403 προσμένομεν
406 1367 537 1401 δικαστὴν
550 1366 596 1392 τὸν
608 1358 740 1402 ἦμέτερον
759 1366 884 1402 ποιητὴν,
900 1367 944 1394 τὸν

155 1413 203 1438 καὶ
223 1413 271 1447 τὴν
307 1412 387 1446 φύσιν
411 1413 444 1447 ἣν
469 1411 587 1438 ἔπλασεν
611 1412 733 1447 ἀκριϐῶς
752 1413 944 1448 ἐπιστάμενον,

156 1460 204 1485 καὶ
218 1458 320 1493 ταύτης
350 1459 380 1485 οὒ
398 1459 477 1494 μόνον
492 1458 542 1490 τὰς
565 1458 679 1493 πράξεις
704 1459 751 1484 καὶ
768 1459 831 1489 τοὺς
851 1458 946 1492 λόγους

157 1504 336 1537 γινώσκοντα,
353 1504 420 1531 ἀλλὰ
446 1504 492 1530 καὶ
519 1504 589 1530 αὐτὰ
611 1503 645 1530 τὰ
663 1503 738 1539 [165]
760 1503 810 1538 τῆς
840 1504 946 1535 ἑννοίας

995 914 1058 946 bus,
1067 914 1114 948 qui
1126 914 1242 940 maxime
1252 913 1409 940 laudantur.
1421 912 1532 940 Caetera:
1539 911 1612 938 enim
1621 916 1678 937 tum
1688 909 1781 944 hujus,

996 964 1053 987 tum
1070 960 1186 986 aliorum
1201 967 1289 994 nugat,
1311 959 1433 986 tenebris
1449 958 1502 985 illis
1522 957 1611 992 dignae
1630 959 1705 983 sunt.
1717 955 1783 988 Quae

994 1013 1060 1032 vero
1078 1013 1128 1032 nos
1141 1005 1324 1036 laudavimus,
1340 1005 1444 1032 habent
1461 1004 1578 1038 aliquam
1593 1009 1654 1029 cum
1669 1001 1713 1028 his
1727 1000 1784 1027 affi-

995 1050 1119 1077 nitatem.
1135 1050 1275 1085 Supplicia
1286 1050 1359 1077 enim
1383 1057 1414 1076 ac
1425 1049 1561 1076 bonorum
1586 1046 1784 1074 retributiones

995 1100 1022 1123 et
1037 1096 1082 1122 ille
1094 1095 1236 1122 confessus
1251 1099 1303 1128 est,
1318 1099 1346 1122 et
1362 1102 1440 1122 sacra
1451 1094 1531 1121 nobis
1543 1096 1599 1120 tum
1615 1096 1710 1119 vetera
1725 1095 1782 1118 tum

995 1149 1065 1168 nova
1073 1141 1187 1175 Eloquia
1196 1140 1355 1168 ostendunt.
1365 1139 1477 1168 Judices
1487 1147 1553 1166 vero
1564 1138 1609 1165 ille
1621 1137 1689 1165 alios
1700 1137 1781 1164 etiam

995 1188 1113 1219 induxit,
1131 1187 1244 1214 (Eacum
1255 1207 1261 1219 ,
1275 1191 1303 1214 et
1319 1187 1437 1213 Minoem
1449 1206 1456 1218 ,
1477 1189 1504 1213 et
1523 1183 1762 1212 Rhadamanthum
1774 1203 1781 1213 ,

995 1233 1122 1260 homines
1147 1241 1202 1260 non
1222 1240 1419 1267 usquequaque
1443 1231 1618 1263 laudandos;
1639 1230 1667 1256 in
1693 1229 1782 1255 Minoe

996 1282 1087 1304 autem
1104 1281 1168 1305 sunt
1187 1281 1214 1304 et
1237 1277 1284 1311 qui
1307 1277 1392 1303 multa
1412 1276 1603 1304 criminentur.
1617 1274 1672 1301 Nos
1691 1277 1782 1300 autem

994 1324 1116 1360 judicem
1133 1328 1325 1358 exspectamus
1340 1330 1403 1350 eum
1416 1323 1463 1357 qui
1480 1330 1530 1349 nos
1541 1321 1615 1352 fecit.
1630 1320 1677 1355 qui
1693 1325 1720 1347 et
1733 1327 1782 1346 na-

997 1373 1085 1396 turam
1104 1369 1206 1404 optime
1227 1369 1303 1395 novit
1322 1376 1404 1403 quam
1424 1368 1482 1402 ipse
1500 1367 1588 1399 ﬁnxit,
1616 1374 1705 1401 neque
1725 1365 1784 1400 ejus

996 1415 1067 1441 facta
1089 1415 1177 1441 solum
1193 1414 1321 1448 dictaque
1342 1414 1433 1446 callet,
1456 1413 1503 1440 sed
1522 1413 1597 1448 ipsos
1616 1419 1725 1447 quoque
1741 1412 1784 1438 in—

997 1466 1081 1488 ternze
1096 1461 1272 1496 cogitationis
1285 1465 1386 1488 motus.
1398 1460 1538 1488 Judicabit
1550 1464 1643 1487 autem
1658 1467 1719 1491 nos.
1731 1459 1783 1486 bu-

997 1507 1137 1534 manitatis
1145 1511 1244 1534 nostra:
1256 1512 1360 1534 vestem
1375 1506 1488 1534 indutus
1501 1516 1507 1532 :
1520 1505 1672 1533 divinitatis
1684 1505 1784 1540 quippe

159 1551 308 1585 κινήματα.
327 1550 437 1576 Δικάσει
462 1549 501 1582 δὲ,
518 1549 567 1584 τὴν
596 1549 645 1583 τῆς
674 1549 812 1584 ἡμετέρας
838 1548 945 1582 φύσεως

998 1557 1095 1580 natura
1122 1553 1208 1580 oculis
1234 1553 1308 1580 cerni
1337 1560 1390 1579 non
1414 1556 1515 1587 potest.
1530 1551 1600 1578 Hinc
1617 1555 1645 1578 et
1664 1551 1784 1585 seipsum

160 1595 256 1630 στολὴν
283 1595 493 1630 περικείμενοςθ
514 1595 630 1630 ἀόρατος
645 1595 699 1629 γὰρ
715 1595 730 1629 ἡ
747 1595 797 1629 τῆς
820 1594 945 1629 θεότητος

996 1598 1107 1624 hominis
1125 1597 1220 1624 Filium
1241 1598 1375 1632 appellat,
1394 1598 1459 1632 quia
1477 1597 1548 1624 hanc
1571 1596 1701 1623 videlicet
1737 1595 1785 1630 qui

157 1640 251 1674 φύσις.
267 1640 311 1675 Τῷ
329 1648 369 1666 τοι
393 1640 440 1666 καὶ
455 1639 520 1666 Υἰδν
536 1638 680 1674 ἀνθρώπου
697 1639 791 1665 ἑαυτὸν
811 1639 945 1674 προσηγό-

997 1643 1192 1678 iudicabuntur
1223 1648 1350 1670 naturam
1389 1643 1532 1670 videbunt.
1561 1642 1638 1670 Unde
1675 1641 1786 1668 divinos

158 1694 255 1720 ρευσεν
267 1694 273 1700 ·
290 1685 383 1720 ἐπειδὴ
399 1684 501 1719 ταύτην
518 1685 541 1711 οἱ
565 1685 723 1720 κρινόμενοι
745 1685 878 1720 θεωροῦσι
897 1685 946 1720 τὴν

158 1731 249 1764 φύσιν.
258 1731 303 1757 Διὸ
316 1730 348 1765 δὴ
361 1731 407 1757 καὶ
421 1731 434 1755 ὀ
447 1730 517 1762 θεῖος
537 1730 696 1762 ’Λπόστολος
710 1732 739 1756 ἐν
760 1731 912 1766 Ἀθηναίοις
923 1732 945 1747 ²¹

157 1775 320 1811 δημηγορῶν
336 1775 423 1807 οὕτως
442 1775 493 1810 ἔφη
510 1784 516 1790 ·
533 1784 542 1800 ι
559 1775 628 1805 Τοὺς
644 1776 692 1809 μὲν
709 1773 755 1801 οὖν
771 1775 885 1810 χρόνους
897 1776 947 1811 τῆς

158 1821 268 1855 ἀγνοίας
293 1819 432 1855 ὑπεριδὼν
452 1820 466 1846 ὁ
488 1819 554 1850 Θεὸς
568 1818 650 1845 τανῦν
668 1819 852 1853 παραγγέλλει
881 1820 948 1845 πᾶσι

159 1864 297 1899 πανταχοῦ
327 1865 478 1898 μετανοεῖν,
501 1862 596 1888 καθότι
614 1861 727 1897 ἔστησεν
753 1863 859 1898 ἡμέραν
883 1860 946 1899 ὲνῇ

160 1909 250 1943 μέλλει
274 1908 376 1944 κρίνειν
399 1907 449 1942 τὴν
476 1907 648 1942 οἰκουμένην,
677 1908 706 1933 ὲν
720 1907 900 1942 δικαιοσύνῃ,
919 1908 948 1933 ὲν

159 1954 236 1988 ἀνδρὶ
252 1950 273 1987 ᾧ
286 1952 381 1987 ὥρισε,
397 1952 487 1978 πίστιν
499 1951 647 1988 παρασχὼν
659 1952 764 1988 [πᾶσιν]
780 1953 816 1986 η,
830 1953 949 1988 ἀναστή-

160 2007 210 2030 σας
225 1998 305 2025 αὑτὸν
321 1999 353 2024 ἐκ
369 1997 484 2033 νεκρῶν.
499 2006 507 2022 ι

195 2045 228 2072 Et
239 2044 267 2071 δέ
283 2052 324 2076 τις
337 2044 448 2070 ἀπιστεῖ
464 2044 520 2075 τοῖς
535 2043 700 2079 λεγομένοις,
714 2044 762 2070 καὶ
777 2043 860 2079 λῆρον
875 2044 949 2079 ἠγεῖ-

161 2100 206 2118 ται
228 2090 283 2117 τῶν
312 2090 469 2117 ἀποστόλων
489 2089 524 2116 τὰ
543 2090 664 2125 ῥήματα,
681 2089 744 2125 τῇδε
770 2089 879 2125 μαθέτω
900 2088 949 2124 τὴν

159 2136 262 2163 τούτων
278 2135 419 2171 ἀλήθειαν.
436 2135 525 2162 Πολλὰ
540 2136 564 2151 ’³
587 2135 652 2170 περὶ
668 2134 715 2161 τοῦ
735 2135 878 2170 μέλλοντος
892 2134 949 2170 βίου

162 2184 208 2211 καὶ
227 2184 241 2210 ὁ
255 2182 394 2217 Δεσπότης
417 2181 533 2217 Χριστὸς
549 2181 597 2207 καὶ
618 2180 643 2206 οἱ
662 2180 758 2207 τούτου
775 2188 807 2214 γε
831 2181 950 2216 κήρυκες

161 2229 385 2265 προηγόρευσαν·
404 2227 549 2254 ὲθέσπισαν
566 2227 595 2254 δὲ
621 2227 668 2254 καὶ
693 2227 760 2254 ἄλλα
787 2226 865 2259 ἄττα,
876 2227 948 2252 ὲκεί-
964 2217 988 2245 ι)

161 2284 198 2310 νῳ
215 2276 263 2310 μὲν
282 2274 418 2309 οὐδαμῶς,
438 2273 477 2307 τῷ
502 2273 531 2299 δὲ
553 2272 603 2307 βίῳ
628 2271 716 2307 τούτῳ
725 2271 748 2287 ’³
762 2273 945 2306 προσήκοντα.

168 2318 328 2350 Ἐξετάσατε
344 2318 446 2348 τοίνυν,
462 2314 483 2343 ὦ
503 2316 610 2352 ἄνδρες,
629 2317 678 2348 τὰς
700 2316 777 2343 τοῦδε
793 2316 857 2351 πέρι
873 2324 950 2351 γεγε-

163 2363 282 2399 νημένας
299 2363 465 2399 προρρήσεις
477 2370 484 2377 ⁸
502 2362 553 2389 κᾶν
575 2361 673 2398 εὕρητε
692 2362 813 2397 ἀληθεῖς,
833 2362 879 2389 καὶ
894 2363 949 2393 τοῖς

162 2409 321 2444 πράγμασιν
345 2407 469 2444 ἐναργῶς
493 2407 705 2443 ξυμϐαινοὺσας,
722 2407 835 2441 δέξασθε
855 2407 950 2443 ἀδηρί-

162 2464 214 2486 τως
229 2456 320 2481 ἐκεῖνα
334 2455 356 2470 ’⁵
370 2454 403 2480 τὰ
418 2453 482 2489 περὶ
495 2453 549 2480 τῶν
567 2453 718 2488 μελλόντων
735 2452 948 2487 τεθεσπισμένοι.

163 2500 247 2527 Τοῦτο
264 2500 292 2527 δὲ
314 2497 365 2528 ὧδέ
385 2508 422 2534 πη
440 2498 618 2526 διασκεπτέον
633 2507 641 2514 ι
655 2499 711 2534 Τὴν
729 2498 783 2524 τῶν
800 2495 950 2532 Ἰεροσολύ-

199 2562 214 2583 1
227 2558 321 2585 Matth.
338 2565 400 2590 xxv,
417 2556 460 2584 40.
501 2561 512 2575 ι
529 2556 597 2583 ibid.
614 2556 658 2584 M.

697 2562 709 2576 α
725 2555 786 2583 Act.
801 2562 866 2587 xvn,
882 2554 928 2587 50,
944 2554 987 2581 5|.

997 1688 1155 1724 Apostolus,
1165 1697 1227 1716 cum
1240 1689 1311 1724 apud
1318 1689 1500 1716 Athenienses
1511 1688 1732 1718 concionaretur,
1746 1686 1786 1713 sic

998 1735 1036 1761 ait
1054 1744 1059 1761 :
1080 1744 1088 1759 ι
1103 1734 1237 1768 Tempora
1255 1734 1336 1769 hujus
1351 1734 1511 1769 ignorantiae
1533 1733 1688 1767 despiciens
1703 1732 1784 1764 Deus,

997 1785 1072 1804 nunc
1085 1777 1230 1804 annuntiat
1246 1777 1374 1804 omnibus
1387 1777 1488 1811 ubique
1503 1777 1670 1808 hominibus,
1685 1780 1714 1803 ut
1726 1783 1785 1810 pm—

998 1822 1141 1849 nitentiam
1155 1827 1237 1857 agant
1252 1831 1258 1848 :
1271 1830 1304 1849 co
1320 1822 1394 1857 quod
1407 1822 1504 1849 statuit
1519 1822 1603 1853 diem,
1615 1821 1786 1856 quojudiea-

999 1871 1078 1893 turus
1091 1870 1133 1894 est
1147 1867 1243 1894 orbem
1256 1867 1282 1893 in
1297 1867 1436 1901 aequitate,
1455 1874 1505 1900 per
1518 1866 1607 1892 virum
1625 1866 1652 1892 in
1665 1873 1719 1899 quo
1733 1870 1787 1892 sta-

1000 1913 1063 1944 tuit,
1076 1912 1157 1939 fidem
1168 1913 1292 1947 praebens
1304 1913 1443 1945 omnibus,
1455 1912 1591 1939 suscitans
1605 1911 1709 1946 1007
1723 1919 1786 1938 eum

1000 1965 1015 1983 a
1027 1957 1145 1984 mortuis
1161 1963 1184 1983 ι.
1205 1967 1214 1982 ι

1036 2045 1064 2073 Si
1077 2046 1140 2080 quis
1152 2051 1244 2074 autem
1260 2046 1303 2074 his
1318 2046 1431 2073 minime
1445 2045 1544 2077 credit,
1556 2049 1688 2080 putatque
1701 2052 1787 2077 nugas

1000 2098 1060 2119 esse
1076 2092 1264 2126 apostolorum
1281 2092 1376 2124 verba,
1396 2092 1505 2118 illorum
1519 2091 1661 2118 veritatem
1679 2091 1730 2117 hac
1744 2098 1787 2117 ra-

1000 2136 1075 2163 tione
1100 2136 1251 2171 perdiscat.
1266 2136 1349 2163 Multa
1370 2136 1404 2164 de
1425 2136 1527 2163 futura
1544 2135 1607 2163 vita:
1622 2140 1706 2167 statu,
1727 2139 1786 2162 tum

999 2181 1127 2209 Christus
1140 2182 1282 2213 Dominus,
1297 2187 1353 2209 tum
1363 2182 1422 2217 ejus
1437 2181 1565 2216 discipuli
1581 2181 1785 2216 praedixerunt:

1000 2227 1086 2254 multa
1098 2230 1126 2254 et
1143 2226 1196 2253 alia
1212 2226 1445 2261 praenuntiarunt,
1458 2235 1519 2261 qua:
1533 2227 1602 2253 nihil
1614 2226 1647 2253 ad
1661 2226 1733 2253 illam
1745 2225 1784 2252 fu-

1000 2276 1091 2300 turam
1114 2273 1209 2304 vitam,
1234 2272 1282 2300 sed
1301 2273 1336 2299 ad
1360 2273 1433 2300 hanc
1452 2273 1584 2300 duntaxat
1605 2272 1788 2307 pertinerent.

1001 2318 1154 2353 Expendite
1171 2318 1266 2354 igitur,
1283 2327 1300 2346 ο
1314 2319 1377 2351 viri,
1398 2323 1554 2353 spectantes
1569 2318 1602 2345 ad
1615 2319 1686 2345 hanc
1703 2318 1787 2344 vitam

1002 2363 1193 2398 praedictiones
1211 2373 1217 2390 :
1230 2366 1239 2373 '
1250 2367 1279 2391 et
1294 2363 1317 2390 si
1328 2363 1413 2391 fuisse
1427 2371 1509 2390 veras
1525 2363 1671 2390 invenietis
1696 2370 1728 2389 ae
1743 2370 1788 2389 re-

1003 2417 1064 2436 rum
1080 2413 1181 2436 eventu
1197 2410 1398 2444 comprobatas,
1410 2417 1442 2436 ea
1455 2417 1515 2443 qua:
1529 2409 1564 2436 de
1586 2409 1687 2436 futuris
1705 2409 1789 2436 rebus

1002 2453 1131 2489 prtedicta
1147 2459 1221 2486 sunt,
1240 2454 1299 2481 sine
1316 2454 1514 2488 disceptatione
1530 2453 1657 2488 accipite.
1677 2453 1706 2480 1d
1722 2460 1788 2480 vero

1002 2498 1054 2526 hac
1062 2498 1179 2527 maxime
1188 2499 1294 2527 ratione
1303 2499 1523 2535 perspiciendum
1529 2502 1571 2526 est
1578 2508 1585 2525 :
1593 2499 1789 2534 Hierosolyma:

782 2623 899 2650 VARle
918 2623 1120 2650 LECTIONES.

194 2683 216 2698 ”
232 2682 332 2708 τούτων
350 2682 469 2709 πώποτε.
482 2682 589 2708 πώποτε
607 2681 707 2708 τούτων
725 2681 755 2707 1).
783 2681 805 2696 ¹³
817 2679 1048 2715 τῶν-ἀθλητῶν.
1065 2679 1172 2710 τοίις-
1185 2678 1304 2713 ἀθλητὰς
1319 2678 1349 2715 (Ι,
1360 2678 1410 2713 τῆς
1423 2679 1523 2715 αρετῆς
1546 2677 1600 2715 τῶν
1621 2677 1744 2713 ἀθλητῶν
1756 2678 1788 2706 D.

169 2718 190 2734 ⁸³
200 2718 245 2744 τὸν
262 2717 385 2743 πλοῦτον.
409 2718 439 2743 τὸ
459 2718 584 2744 πλουτεῖν
611 2717 642 2747 D.
662 2720 689 2743 et
714 2723 767 2743 om.
794 2715 894 2742 τοίνυν.

169 2823 193 2838 ³⁸
212 2822 306 2848 πολλά.
326 2821 409 2848 πολλὰ
432 2822 485 2856 γὰρ
501 2822 552 2851 γι).

598 2821 620 2837 ²”⁸
635 2821 684 2856 βίῳ
705 2819 801 2855 τούτῳ.
815 2819 853 2855 τῷ
869 2819 916 2855 βίῳ
930 2820 977 2847 Va.

941 2715 962 2730 “’
974 2713 1164 2740 πιστευόντων.
1183 2714 1404 2740 πεπιστευκότων
1422 2714 1470 2745 Va,
1485 2713 1666 2739 πιστευόντων
1678 2721 1736 2740 sme
1750 2715 1789 2745 εἰς

169 2753 216 2787 ἐμὲ.
233 2753 283 2779 Vb.
323 2753 344 2768 “
359 2752 479 2779 ἐκείνων.
493 2753 600 2787 ἐκείνην
614 2752 677 2787 Van
700 2751 780 2787 “ﬁmi.
797 2751 842 2785 μή.
861 2750 945 2787 μηδεν
962 2750 1012 2787 γι),

169 2785 191 2803 ’θ
206 2788 266 2814 οὐδὲ
285 2787 319 2813 τὰ
335 2786 433 2813 πάντα.
457 2788 516 2821 οὐχ).
530 2785 632 2818 πάντας
648 2786 699 2812 Vb.
719 2786 807 2820 Supra
827 2786 878 2821 ngat
890 2785 988 2821 ἄνδρας

1058 2750 1079 2765 ιιι]
1095 2749 1239 2781 ἀξιούσθω,
1257 2748 1330 2780 ἄξιος
1346 2749 1375 2775 ι),
1417 2749 1438 2764 η
1457 2747 1587 2780 ἐπέδειξε.
1610 2747 1735 2780 ἀπέδειξε
1755 2748 1786 2775 D.

1006 2785 1036 2811 D.
1078 2784 1099 2799 "
1119 2784 1279 2817 Ἀθηναίοις.
1307 2784 1432 2818 ’Λθήναις
1450 2784 1480 2810 Ι).
1525 2783 1547 2798 ’⁸
1560 2781 1650 2818 [πᾶσι]
1667 2789 1722 2810 0m.
1739 2783 1786 2810 Va.

1022 2820 1044 2836 π
1060 2820 1159 2846 ἐκεῖνα.
1173 2819 1284 2845 κάκεῖνα
1297 2819 1347 2845 γι).
