1965 3051
195 121 262 156 1119

686 123 929 153 THEODORETI
949 123 1117 154 EPISCOPI
1136 125 1317 156 CYRENSIS

1750 127 1828 161 1120

193 179 271 207 urbis
281 177 453 206 obsidionem
464 176 592 205 Christus
601 177 737 212 praedixit.
751 180 937 215 templumque
949 180 974 207 il-

1033 181 1118 214 μωνὸ
1139 181 1278 216 Δεσπότης
1296 180 1413 216 Χριστὸς
1435 182 1550 217 προεῖπε
1576 183 1745 218 πολιορκίαν,
1771 187 1826 215 καὶ

191 225 240 253 lud
264 224 477 252 celeberrimum
503 223 629 251 funditus
653 225 846 258 evertendum,
870 227 980 254 Judaeos

192 271 286 302 etiam,
308 270 354 305 qui
378 270 467 304 ipsum
492 269 650 297 crueifixuri
673 276 762 304 erant,
776 276 900 300 extorres
923 278 981 301 toto

192 316 259 343 orbe
272 315 480 350 dispergeudos.
494 315 643 343 Videamus
657 316 741 351 igitur
757 325 791 344 an
809 318 868 346 haec
878 319 981 353 praedi—

192 360 246 388 ctio
264 360 298 387 ad
311 364 443 388 eventum
461 361 629 395 pervenerit.
643 361 683 389 Ac
697 361 734 388 de
745 362 849 390 ludatis
867 364 979 398 quidem

191 415 240 434 vos
257 407 434 435 dubitaturos
453 416 508 435 non
530 413 597 443 puto
615 418 622 436 :
639 409 674 436 ab
688 410 734 437 illa
753 411 827 438 enim
847 411 916 439 urbe
929 419 978 439 ex—

192 453 262 488 p‘ulsi
291 458 365 486 sunt,
390 458 418 481 et
442 459 577 482 terrarum
608 456 732 482 omnium
754 456 817 483 facti
838 457 977 492 inquilini.

191 499 297 534 Templi
313 507 378 527 vero
390 500 578 533 solitudinem,
589 505 617 528 et
628 509 643 528 a
658 501 844 528 fundamentis
855 503 978 529 eversio-

191 552 264 576 nem,
289 545 336 579 qui
362 545 412 579 ipsi
430 545 547 578 vidistis,
572 547 768 573 conﬁtemini:
789 548 887 582 reliqui
912 555 979 575 vero

191 590 366 617 narrantibus
377 591 490 618 credite.
505 592 560 626 Ego
571 592 648 620 cnim
657 593 732 620 hisce
743 594 831 621 oculis
841 594 898 621 vidi
912 594 978 622 solis

191 633 314 661 tudinem
341 634 415 661 illam
437 640 464 662 et
483 636 700 670 praedictionem,
721 646 803 672 quam
819 639 914 666 auditu
930 648 977 667 ac—

190 687 328 713 ceperam,
355 680 443 706 oculis
464 689 523 707 sum
544 682 671 714 intuitus,
692 684 894 719 veritatemque
916 685 978 712 lau-

191 724 251 751 davi
273 729 355 759 atque
378 725 500 753 adoravi.
528 727 677 755 Veritatem
699 737 766 764 ergo
790 731 977 764 praedictionis

190 769 272 804 hujus
293 778 337 797 res
357 771 422 805 ipsa:
445 771 596 799 clarissima
616 781 683 801 voce
708 779 853 803 testantur.
875 776 928 803 Sed
950 781 978 804 et

189 816 342 850 prophetiae
369 817 483 844 alterius
508 819 613 846 exitum
639 820 819 855 inquiramus.
849 823 977 850 Pnedixit

192 861 299 896 1008
323 863 452 896 apostolis
474 864 602 893 Christus
622 866 755 894 Dominus
778 869 927 896 certamina
949 874 978 897 et

189 906 313 940 pericula
328 915 388 941 quae
402 909 521 937 subituri
536 916 626 942 erant,
648 920 711 939 cum
726 913 828 941 Iudaeis
844 918 872 941 et
887 914 976 949 genti-

190 950 241 978 bus
253 952 406 981 doctrinam
419 954 550 983 aﬂ‘errent
563 965 569 983 :
587 967 595 982 ε
611 957 681 984 Ecce
695 959 780 991 enim,
794 960 834 986 ait
846 960 910 992 illis,
926 969 977 996 ego

189 996 269 1024 mitto
294 1006 343 1026 vos
367 999 438 1027 sicut
457 1009 523 1028 oves
545 1001 573 1029 in
594 1003 685 1030 medio
707 1004 835 1039 luporum
854 1005 878 1032 ι’.
902 1015 911 1031 ι
943 1007 976 1034 Et

190 1042 310 1070 iterum:
333 1055 342 1069 ‹
361 1045 482 1074 Tradent
503 1055 552 1075 vos
574 1049 710 1082 conciliis,
733 1055 761 1078 et
784 1051 812 1078 in
832 1053 976 1087 synagogis

188 1087 248 1115 suis
268 1088 445 1123 flagellabunt
462 1099 521 1122 vos.
541 1096 569 1120 et
588 1094 622 1120 ad
644 1094 774 1128 praesides
794 1100 822 1122 et
843 1096 876 1123 ad
897 1104 975 1131 reges

188 1132 327 1161 ducentiui
341 1141 453 1170 propter
467 1145 521 1170 me,
539 1138 566 1164 in
579 1140 764 1167 testimonium
779 1141 833 1168 illis
845 1147 872 1169 et
884 1143 974 1177 genti-

187 1179 240 1206 bus
261 1185 284 1206 ε.
308 1190 316 1206 ι
344 1181 483 1216 Pauloque
507 1186 570 1217 post
590 1192 597 1210 :
619 1193 627 1208 ι
651 1184 751 1212 Tradct
773 1191 863 1213 autem
891 1187 975 1214 frater

187 1225 298 1252 fratrem
312 1227 345 1253 ad
361 1233 490 1262 mortem,
500 1234 528 1256 et
542 1233 618 1264 pater
634 1230 716 1262 filios,
729 1236 758 1258 et
770 1237 915 1268 assurgent
926 1234 973 1261 filii

187 1275 282 1298 contra
303 1278 441 1306 parentes,
461 1279 489 1301 et
510 1280 599 1303 morte
615 1283 663 1304 eos
682 1277 801 1305 afiicient
820 1287 826 1305 :
846 1283 874 1306 et
895 1279 974 1306 erilis

187 1316 251 1343 odio
274 1318 402 1346 omnibus
426 1319 584 1348 hominibus
605 1328 718 1357 propter
742 1331 842 1350 nomen
869 1332 972 1351 meum.

186 1361 238 1395 Qui
250 1368 342 1390 autem
360 1367 580 1399 perseveraverit
598 1376 684 1402 usque
703 1369 730 1395 in
749 1369 842 1401 finem,
862 1370 907 1397 hic
919 1371 973 1397 sal-

186 1416 239 1436 vus
256 1409 309 1436 erit
326 1409 350 1436 τι.
371 1420 380 1435 ι
407 1411 551 1446 Itemque:
569 1422 578 1438 ‹
598 1412 626 1441 Si
647 1413 754 1441 Patrem
766 1414 883 1442 familias
894 1415 973 1443 Beel-

187 1454 276 1481 zebub
284 1460 461 1488 vocaverunt,
471 1461 574 1486 quanto
583 1458 670 1493 magis
679 1459 846 1487 domesticos
852 1461 912 1495 ejus
920 1461 951 1487 τί
960 1470 969 1486 ι

187 1500 309 1534 Itemque
326 1509 332 1528 :
349 1511 357 1526 ε
372 1502 461 1529 Nolite
480 1503 607 1531 arbitrari
620 1512 664 1532 me
680 1504 788 1533 venisse
796 1511 826 1533 ut
834 1507 972 1535 mitterem

187 1554 280 1580 pacem
294 1547 321 1574 in
336 1552 447 1575 terram.
462 1549 520 1576 Non
534 1551 597 1577 veni
614 1551 722 1579 mittere
735 1560 841 1587 pacem,
854 1554 902 1581 sed
915 1554 972 1588 gla-

186 1591 272 1618 dium.
295 1593 362 1620 Veni
382 1594 456 1620 enim
479 1598 509 1620 ut
529 1594 668 1622 concitem
683 1596 822 1624 hominem
840 1597 973 1626 adversus

185 1640 292 1671 patrem
309 1645 400 1669 suum,
418 1643 445 1666 et
464 1631 692 1668 filiam'adversus
706 1648 821 1669 matrem
837 1651 926 1676 suam,
945 1649 973 1672 et

185 1689 287 1709 nurum
309 1683 442 1711 adversus
462 1692 571 1712 socrum
591 1694 679 1718 suam,
691 1692 719 1714 et
735 1687 839 1715 inimici
853 1689 974 1718 hominis

185 1726 328 1755 domestici
348 1729 408 1763 ejus
429 1729 451 1756 ι.
472 1740 479 1756 ι
505 1730 569 1758 llaac
592 1735 684 1758 autem
704 1733 821 1767 singula.
843 1742 860 1761 ο
879 1735 972 1768 amici,

186 1772 275 1807 reipsa
285 1774 425 1802 cernimus
438 1776 572 1803 evenisse.
585 1776 652 1803 Cum
665 1777 709 1803 his
719 1777 793 1804 enim
804 1779 935 1812 periculis
945 1784 973 1807 et

185 1819 301 1853 apostoli
316 1819 406 1847 lucem
422 1821 482 1848 orbi
497 1826 633 1849 terrarum
647 1823 809 1856 attulerunt,
822 1829 850 1851 et
863 1825 971 1852 illorum

185 1872 359 1892 successores
382 1866 542 1901 religionem
570 1868 605 1894 ab
626 1868 667 1895 eis
694 1874 832 1904 acceptam
858 1878 972 1898 conser-

183 1915 294 1938 varunl.
303 1911 387 1946 Cujus
397 1912 436 1939 rei
447 1913 527 1940 fidem
537 1913 641 1942 faciunt
653 1916 660 1924 ‘
672 1915 797 1950 sepulcra
808 1921 971 1951 martyrum,

184 1965 246 1992 quae
254 1957 356 1992 ubique
368 1963 439 1985 terra
447 1960 571 1994 marique
580 1961 767 1995 resplendent,
774 1962 973 1997 veritatemque

185 2002 336 2037 praedicant
358 2004 513 2032 divinarum
536 2002 876 2042 prazdictionum.'Neque
897 2009 972 2035 enim

185 2048 240 2076 illis
254 2050 310 2076 sola
333 2050 440 2085 1009
454 2051 624 2084 discrimina,
641 2053 688 2080 sed
706 2054 848 2081 victoriam
862 2063 972 2090 quoque

183 2094 321 2128 praedixit.
343 2105 352 2119 ‹
368 2095 457 2130 Super
470 2096 541 2123 hanc
557 2097 642 2129 enim.
661 2097 760 2132 inquit,
772 2104 875 2133 petram
887 2100 973 2127 zedifi-

184 2139 252 2166 cabo
261 2140 411 2168 Ecclesiam
428 2149 527 2174 meam,
542 2146 570 2170 et
580 2148 666 2177 portae
679 2144 759 2171 inferi
772 2153 827 2172 non
841 2146 971 2180 praevale-

1030 224 1068 255 ὡς
1083 224 1097 249 ό
1112 224 1179 256 νεὼς
1191 225 1294 256 ἐκεῖνος
1306 225 1320 250 ὁ
1346 224 1510 260 περιὸόητος
1525 225 1611 261 ἄρδην
1632 227 1825 262 καταλυθήσε-

1028 277 1083 299 ται.
1099 271 1145 297 καὶ
1172 271 1210 302 ὼς
1239 271 1280 302 είς
1306 271 1415 298 ἃπασαν
1442 271 1492 306 τὴν
1518 271 1681 306 οἰκουμένην
1705 272 1735 298 τὸ
1763 273 1825 300 τῶν

1029 316 1243 351 ἐσταυρωκότων
1281 316 1363 342 αὐτὸν
1400 316 1645 352 κατασπαρήσεται
1676 317 1699 333 ’⁸
1726 317 1821 351 γένος.

1031 362 1146 396 Ἴδωμεν
1160 362 1249 388 τοίνυν
1264 362 1289 388 εί
1308 361 1345 397 μὴ
1363 361 1394 388 τὸ
1412 361 1498 397 πέρας
1512 362 1525 387 ὁ
1540 362 1617 396 λόγος
1635 361 1824 394 ὲδέξατο.Καὶ

1029 407 1094 441 περὶ
1109 406 1157 442 μὲν
1176 406 1310 433 Ἰουδαίων
1327 407 1377 433 οὐκ
1395 405 1472 441 οἶμαι
1487 407 1559 441 ὑμᾶς
1579 407 1800 443 ἀμφισϐητήσειν
1812 417 1820 423 ·

1029 453 1137 488 ἐκείνης
1162 461 1192 479 τε
1217 453 1271 488 γὰρ
1295 454 1346 488 τῆς
1360 452 1462 484 πόλεως
1487 452 1673 488 ἐξελήλανται,
1697 455 1744 480 καὶ
1767 455 1822 490 τῆς

1028 499 1191 533 οἰκουμένης
1209 500 1367 534 γεγένηνται
1387 499 1523 534 μέτοικοι·
1541 499 1587 526 τοῦ
1602 499 1654 526 νεὼ
1667 500 1694 526 δὲ
1708 501 1753 527 καὶ
1765 501 1821 536 τὴν

1028 543 1146 578 ἐρημίαν
1159 543 1206 569 καὶ
1219 545 1269 578 τὴν
1283 544 1315 570 ὲκ
1328 544 1437 579 βάθρων
1452 544 1600 571 κατάλυσιν
1613 545 1637 571 ot
1658 545 1707 580 μὲν
1719 545 1820 572 τεθεα-

1030 589 1105 624 μένοι
1125 588 1278 624 φιλαλήθως
1297 589 1494 625 όμολογήσατε,
1508 590 1533 616 οἱ
1548 590 1576 616 δὲ
1592 589 1680 616 λοιποὶ
1700 592 1756 622 τοῖς
1776 591 1821 617 δι-

1027 635 1191 669 ηγουμένοις
1215 634 1394 661 πιστεύσατε·
1417 635 1555 670 αὐτόπτης
1581 635 1636 670 γάρ
1663 645 1715 662 που
1736 636 1821 670 κάγὼ

1028 679 1076 713 τῆς
1097 679 1215 715 ἐρημίας
1235 679 1342 714 ἐκείνης
1364 679 1525 714 γεγένημαι.
1552 681 1599 707 καὶ
1615 680 1663 716 τὴν
1690 681 1819 716 πρόῤῥηο

1028 733 1070 752 σιν
1083 725 1105 740 ’⁷
1121 726 1154 761 ἣν
1173 727 1234 757 ταῖς
1251 726 1346 758 ἀκοαῖς
1369 726 1514 761 ἐδεξάμην,
1537 727 1695 761 ἐθεασάμην
1715 728 1738 743 ’⁸
1758 729 1819 759 τοῖς

1028 769 1189 804 ὀψθαλμοϊς,
1204 770 1252 796 καὶ
1271 771 1321 805 τὴν
1339 770 1469 806 ἀλήθειαν
1485 770 1596 806 ὖμνησά
1611 780 1640 798 τε
1657 773 1704 798 καὶ
1728 781 1817 808 προσ-

1028 814 1159 850 εκύνησα.
1175 816 1235 842 Ὀτι
1252 815 1300 850 μὲν
1315 814 1361 843 οὖν
1373 817 1494 851 ἀψευδὴς
1512 814 1588 849 οὗτος
1607 818 1622 843 ό
1639 817 1726 852 λόγος,
1743 816 1816 853 [καὶ]

1027 860 1062 886 τὰ
1076 860 1226 895 πράγματα
1247 860 1307 896 βοᾷ,
1339 862 1456 897 μεγίστῃ
1480 863 1638 898 κεχρημένα
1662 864 1695 897 τῇ
1721 864 1815 898 φωνῇ·

1028 905 1240 942 ὲπιζητήσωμεν
1256 907 1285 933 δὲ
1308 907 1355 933 καὶ
1377 907 1459 942 ἄλλης
1480 909 1648 943 προφητείας
1668 909 1698 935 τὸ
1715 910 1814 944 πέρας·

1027 952 1146 987 Προεῖπε
1167 955 1224 984 τοῖς
1238 953 1400 985 ἀποστόλοις
1422 954 1437 980 ό
1458 954 1597 988 Δεσπότης
1617 955 1735 989 Χριστος
1750 955 1816 987 τοὺς

1026 997 1135 1031 ἀγῶνας
1151 998 1197 1024 καὶ
1221 999 1284 1031 τοὺς
1300 999 1450 1032 κινδύνους,
1465 999 1512 1031 οὒς
1530 1000 1641 1035 ἔμελλον
1661 1000 1815 1033 πείσεσθαι,

1027 1044 1075 1070 καὶ⁸
1090 1045 1145 1076 τοῖς
1162 1044 1251 1072 ἔθνεσι
1265 1045 1312 1072 καὶ
1333 1046 1471 1078 Ἰουδαίοις
1482 1046 1532 1082 τὴν
1543 1046 1718 1073 διδασκαλίαν
1729 1055 1815 1082 προσ-

1026 1089 1165 1125 φέροντες,
1186 1100 1195 1116 ι
1215 1091 1279 1117 Ἰδοὺ
1295 1091 1360 1126 γὰρ.
1377 1091 1428 1127 ἔφη
1443 1091 1512 1127 πρὸς
1532 1092 1640 1124 αὐτοὺς,
1655 1092 1815 1119 ἀποστέλλω

1025 1136 1097 1170 ὑμᾶς
1122 1136 1161 1167 ὼς
1184 1137 1308 1172 πρόϐατα
1333 1139 1363 1163 ὲν
1387 1138 1461 1173 μέσῳ
1482 1138 1581 1164 λύκων.
1600 1148 1610 1163 ι
1635 1138 1690 1165 Καὶ
1710 1138 1812 1165 πάλιν·

1028 1192 1037 1207 ‹
1055 1182 1263 1217 Παραδώσουσιν
1280 1184 1353 1218 ὑμᾶς
1363 1184 1403 1215 εἰς
1418 1184 1554 1219 συνέδρια,
1569 1185 1616 1210 καὶ
1629 1184 1659 1210 ὲν
1673 1185 1732 1216 ταῖς
1749 1192 1813 1211 συν-

1024 1229 1147 1262 αγωγαῖς
1168 1229 1258 1255 αὐτῶν
1280 1229 1498 1263 μαστιγώσουσιν
1516 1230 1599 1265 ὑμᾶς,
1618 1230 1664 1256 καὶ
1682 1230 1728 1256 ἐπὶ
1748 1231 1810 1264 ἡγε-

1026 1274 1109 1308 μόνας
1124 1275 1171 1300 χαὶ
1183 1274 1301 1308 βασιλεῖς
1318 1275 1470 1310 ἀχθήσεσθε
1489 1275 1583 1302 ἕνεκεν
1599 1275 1665 1310 ἐμοῦ
1686 1276 1725 1306 εἰς
1742 1284 1813 1310 μαρ-

1023 1319 1115 1355 τύριον
1139 1320 1229 1351 αὐτοῖς
1252 1320 1300 1346 καὶ
1322 1321 1378 1351 τοῖς
1400 1319 1516 1346 ἔθνεσιν.
1533 1329 1542 1346 δ
1560 1320 1615 1346 Καὶ
1633 1321 1692 1354 μετ’
1717 1319 1812 1354 ὀλίγα-

1027 1375 1037 1391 (
1052 1365 1211 1401 Παραδώσει
1229 1365 1257 1392 δὲ
1277 1365 1389 1400 ἀδελφὸς
1414 1365 1527 1400 ἀδελφὺν
1552 1366 1593 1397 είς
1615 1365 1740 1396 θάνατον,
1765 1367 1813 1392 καὶ

1024 1412 1115 1446 πατὴρ
1126 1411 1224 1438 τέκνα⁶
1239 1411 1285 1438 καὶ
1307 1412 1525 1447 ἐπαναστήσεται
1539 1411 1623 1438 τέκνα
1645 1411 1690 1437 ἐπὶ
1712 1413 1813 1444 γονεῖς.

1024 1458 1070 1485 καὶ
1093 1457 1294 1484 θανατώσουσιν
1315 1457 1432 1489 αὐτούς·
1463 1458 1510 1484 καὶ
1535 1456 1629 1483 ἔσεσθε
1655 1456 1813 1492 μισούμενοι

1025 1503 1077 1529 ὑπὸ
1093 1504 1200 1530 πάντων
1215 1503 1259 1529 διὰ
1274 1503 1304 1529 τὸ
1323 1503 1409 1538 ὄνομά
1431 1511 1493 1537 μου.
1515 1503 1544 1529 '0
1558 1503 1585 1529 δὲ
1605 1502 1754 1537 ὑπομείνας
1772 1504 1811 1532 είς

1023 1549 1110 1581 τέλος,
1122 1547 1201 1581 οὗτος
1212 1548 1376 1583 σωθήσεται.
1398 1558 1406 1573 ι
1422 1549 1478 1575 Καὶ
1494 1546 1571 1579 αὖθις
1583 1556 1589 1562 “
1609 1557 1617 1573 ι
1630 1549 1661 1574 Et
1677 1547 1721 1574 τὸν
1740 1548 1812 1573 οἰκο-

1023 1594 1154 1628 δεσπότην
1168 1593 1332 1625 Βεελζεϐοὺλ
1343 1594 1521 1625 ἐπεκάλεσαν,
1537 1593 1612 1628 πόσῳ
1623 1592 1696 1628 [164]
1713 1592 1811 1627 μᾶλλον

1023 1641 1086 1672 τοὺς
1097 1641 1235 1671 οἰκιακοὺς
1249 1640 1272 1655 ¹⁹
1287 1638 1380 1666 αὑτοῦ.
1396 1649 1404 1664 ι
1419 1639 1474 1665 Καὶ
1488 1639 1583 1665 πάλιν*
1600 1649 1609 1663 ι
1625 1638 1670 1674 Μὴ
1681 1638 1810 1672 νομίσητε

1023 1686 1064 1712 ὅτι
1081 1684 1163 1720 ἦλθον
1188 1685 1281 1720 βαλεῖν
1304 1686 1415 1720 εἰρήνην
1437 1685 1483 1711 ἐπὶ
1501 1685 1550 1720 τὴν
1565 1685 1628 1720 γῆν.
1654 1685 1710 1711 Οὐκ
1730 1682 1812 1719 ἦλθον

1024 1731 1116 1766 βαλεῖν
1140 1732 1263 1766 εἰρήνην,
1285 1730 1354 1757 ἀλλὰ
1378 1730 1526 1765 μάχαιραν.
1542 1728 1644 1756 Ἦλθον
1660 1730 1713 1765 γὰρ
1736 1729 1820 1764 διχά--

1024 1785 1068 1803 σαι
1081 1777 1104 1792 ³ο
1121 1776 1264 1810 ἄνθρωπον
1282 1777 1354 1802 κατά
1364 1776 1411 1802 τοῦ
1424 1777 1526 1811 πατρὸς
1544 1776 1638 1808 αὑτοῦ,
1659 1776 1706 1802 καὶ
1726 1776 1809 1809 Θυγα-

1022 1823 1089 1858 τέρα
1105 1822 1176 1849 κατὰ
1191 1823 1240 1856 τῆς
1262 1822 1364 1857 μητρὸς
1381 1822 1476 1856 αὐτῆς,
1493 1823 1539 1848 καὶ
1557 1821 1665 1857 νύμφην
1681 1822 1750 1848 κατὰ
1762 1822 1810 1855 τῆς

1024 1870 1158 1904 πενθερᾶς
1173 1869 1259 1904 αὐτῆς
1270 1877 1277 1884 ·
1293 1869 1340 1895 καὶ
1352 1868 1443 1904 ἐχθροὶ
1461 1868 1508 1895 τοῦ
1523 1867 1667 1904 ἀνθρώπου
1680 1868 1704 1893 οἱ
1723 1869 1807 1894 οίκια‹

1023 1916 1065 1942 κοὶ
1078 1915 1171 1942 αὑτοῦ.
1188 1924 1197 1941 ι
1215 1914 1324 1940 Τούτων
1341 1914 1466 1945 ἕκαστον,
1486 1911 1507 1940 ὧ
1532 1914 1652 1949 φιλότης,
1672 1913 1744 1948 ἔργῳ
1764 1921 1810 1939 πε-

1023 1959 1202 1994 πληρωμένον
1223 1958 1296 1984 ἔστιν
1318 1958 1390 1984 ἰδεῖν.
1408 1958 1485 1984 Μετὰ
1500 1957 1554 1993 γὰρ
1577 1958 1659 1984 τῶνδε
1683 1957 1738 1983 τῶν
1753 1966 1808 1983 κιν-

1022 2005 1107 2032 δύνων
1121 2005 1168 2031 καὶ
1190 2005 1215 2030 οἱ
1232 2004 1377 2031 ἀπόστολοι
1403 2005 1451 2039 τὴν
1476 2004 1638 2038 οἰκουμένην
1664 2003 1806 2037 ὲφώτισαν,

1024 2052 1071 2078 καὶ
1084 2051 1108 2077 οἱ
1128 2051 1186 2085 μετ’
1202 2050 1334 2080 ἐκείνους,
1350 2050 1384 2084 ἢν
1408 2049 1574 2084 παρέλαϐον,
1591 2048 1753 2082 διεφύλαξαν
1768 2049 1808 2074 πί-

1024 2106 1097 2124 στιν·
1111 2097 1158 2122 καὶ
1173 2095 1340 2131 μαρτυροῦσι
1352 2095 1406 2121 τῶν
1423 2095 1569 2130 μαρτύρων
1588 2095 1615 2121 αἱ
1635 2095 1727 2128 θῆκαι,
1744 2103 1809 2120 παν-

1021 2142 1105 2177 ταχοῦ
1115 2142 1166 2176 γῆς
1177 2142 1224 2168 καὶ
1236 2141 1372 2175 θαλάττης
1385 2141 1598 2175 ἀστράπτουσαι,
1611 2139 1719 2166 καὶτῶν
1731 2139 1808 2165 θείων

183 2185 253 2213 bunt
264 2187 397 2214 adversus
408 2195 468 2215 eam
487 2190 508 2214 ε.
527 2198 536 2214 ι
549 2189 608 2216 Jam
621 2190 704 2216 etiam
719 2190 811 2218 videre
827 2195 880 2223 est,
897 2192 970 2227 quod

1025 2189 1203 2224 προρρήσεων
1226 2186 1410 2222 κηρύττουσαι
1432 2186 1481 2221 τὴν
1496 2185 1635 2220 ἀλήθειαν.
1656 2186 1692 2211 Οὺ
1707 2185 1760 2220 γὰρ
1779 2184 1808 2219 δὴ

183 2230 242 2258 fore
252 2229 389 2267 przediriit,
403 2233 500 2260 domos
512 2233 686 2269 familiasque
703 2235 815 2263 divisas.
828 2236 882 2263 Aut
898 2237 972 2264 enim

183 2276 248 2308 viri,
264 2278 327 2305 ﬁdei
342 2286 441 2313 sagena
455 2279 538 2313 capti,
552 2287 615 2306 eum
633 2279 763 2307 uxoribus
781 2281 870 2308 adhuc
884 2281 974 2309 inere-

184 2322 258 2350 dulis
272 2323 429 2358 depugnant
443 2333 448 2350 :
462 2328 509 2350 aut
521 2331 630 2356 uxores,
644 2329 756 2360 accepto
771 2325 882 2360 pietatis
897 2327 972 2361 jugo,

185 2368 259 2396 viros
274 2369 365 2396 adhuc
377 2374 502 2397 errantes
521 2369 630 2397 irretire
647 2371 827 2403 contendunt,
844 2379 970 2398 necessa-

188 2414 282 2449 riaque
296 2415 329 2442 ad
347 2415 462 2443 salutem
476 2415 611 2443 dissensio
631 2416 797 2444 laudabilem
813 2418 886 2452 parit
902 2425 969 2445 con-

184 2460 364 2488 "unctionem.
397 2461 486 2496 Atque
515 2467 544 2489 ut
571 2463 765 2497 prmdictiones
784 2464 850 2490 alias
875 2465 971 2492 missas

185 2505 294 2537 faciam,
308 2506 406 2534 mulier
421 2508 545 2542 quaedam
563 2509 597 2535 ad
618 2513 728 2536 sanctos
743 2510 802 2544 ejus
820 2510 905 2544 pedes
923 2519 971 2537 un-

185 2555 317 2585 guentum
339 2553 430 2580 attulit
447 2562 453 2579 ε
471 2554 549 2588 cujus
566 2553 644 2581 ﬁdem
666 2555 836 2589 suscipiens,
856 2556 971 2583 astanti-

186 2595 238 2623 bus
251 2595 395 2631 diseipulis
405 2598 492 2625 dixit:
509 2609 517 2623 (
535 2599 621 2626 Amen
633 2600 696 2627 dico
708 2601 799 2632 vobis,
814 2601 971 2636 ubicunque

1024 2235 1103 2270 μόνον
1124 2235 1188 2265 τοὺς
1204 2233 1354 2265 κινδύνους,
1377 2233 1446 2260 ἀλλά
1474 2233 1522 2258 καὶ
1546 2232 1596 2267 τὴν
1623 2231 1702 2265 νίκην
1721 2231 1808 2262 αὐτοῖς

1022 2281 1237 2317 προηγόρευσεν.
1254 2291 1263 2306 ι
1276 2281 1339 2307 Ἐπὶ
1355 2279 1443 2316 ταύτῃ
1456 2279 1511 2314 γὰρ
1525 2279 1578 2313 ἔφη
1591 2280 1623 2314 τῇ
1636 2278 1723 2314 πέτρα
1738 2279 1804 2304 οίκο-

1022 2328 1131 2363 δομήσω
1144 2335 1195 2361 μου
1207 2325 1257 2361 τὴν
1276 2325 1451 2360 Ἐκκλησίαν,
1466 2325 1513 2351 καὶ
1531 2324 1613 2350 πύλαι
1631 2324 1693 2359 ᾃδου
1706 2325 1737 2350 οὔ
1747 2333 1808 2350 κατ-

1024 2372 1181 2407 ισχύσουσιν
1207 2372 1303 2406 αὐτῆς.
1325 2381 1334 2396 ι
1356 2371 1434 2397 Ἐστι
1455 2370 1483 2396 δὲ
1509 2370 1571 2396 ἰδεῖν
1591 2370 1640 2396 καὶ
1665 2369 1734 2396 κατὰ
1763 2369 1808 2404 τὴν

1021 2418 1176 2453 πρόρρησιν
1200 2417 1405 2452 μεμερισμένας
1432 2415 1504 2452 [τὰς]
1528 2415 1633 2447 οίκίας³
1656 2416 1673 2450 ἢ
1703 2415 1758 2450 γὰρ
1785 2415 1807 2441 ot

1023 2464 1118 2499 ἄνδρες
1140 2463 1192 2490 ὑπὸ
1216 2463 1266 2495 τῆς
1290 2463 1406 2494 πίστεως
1423 2462 1612 2497 ζωγρηθέντες
1634 2461 1808 2502 ἀπιστούσαις

1024 2510 1064 2536 ἔτι
1079 2511 1138 2540 ταῖς
1153 2508 1260 2543 γυναιξὶ
1279 2508 1469 2543 διαμάχονται,
1482 2507 1498 2542 ἢ
1513 2507 1541 2534 αἱ
1563 2508 1690 2540 γυναῖκες
1705 2506 1750 2532 τδν
1762 2507 1808 2540 τῆς

1024 2557 1164 2587 εὐσεϐείας
1187 2555 1331 2590 δεξάμεναι
1349 2554 1430 2588 ζυγὸν
1453 2553 1611 2588 ἀλωμένους
1630 2551 1670 2578 ἔτι
1686 2551 1749 2582 τοὺς
1763 2551 1807 2577 ἆν-

1024 2602 1090 2636 δρας
1105 2599 1266 2636 σαγηνεύειν
1283 2599 1474 2630 σπουδάζουσι.
1497 2598 1553 2624 Καὶ
1566 2598 1583 2631 ἡ
1596 2597 1732 2630 ἀναγκαία
1746 2595 1807 2622 διαίι

223 2674 236 2694 ι)
251 2674 345 2703 Matth.
362 2685 388 2709 Χ,
406 2677 448 2704 16.
489 2683 499 2696 ε
518 2677 585 2705 ibid.
604 2679 646 2709 17,
664 2679 706 2706 18.
745 2679 757 2699 ι¹
775 2679 842 2707 ibid.
859 2679 903 2711 2|,
920 2679 964 2705 ‘22.

1033 2665 1101 2706 ibid.
1117 2679 1162 2706 '25.
1205 2679 1213 2698 τ
1232 2678 1300 2705 ibid.
1317 2676 1412 2706 fui—36.
1455 2678 1467 2696 ⁸
1482 2677 1577 2704 Matth.
1594 2684 1648 2708 xvi,
1666 2675 1709 2702 18.

812 2746 928 2773 \‘ARIIE
950 2746 1148 2774 LECTIONES.

226 2797 248 2837 ’ξ
264 2800 514 2837 κατασπαρήσεται.
526 2801 742 2836 διασπαρήσεται
760 2803 809 2830 Vb.
829 2803 851 2817 ⁵⁷
864 2803 964 2837 καὶτήν
979 2811 1007 2830 τε
1020 2812 1050 2828 π.
1069 2804 1129 2833 παῖς
1145 2802 1172 2828 ὰ.
1184 2803 1207 2827 ὲ.
1222 2801 1268 2828 καὶ
1287 2801 1327 2828 ἐθ.
1341 2801 1393 2828 γι).
1423 2801 1445 2815 ’κ
1461 2800 1626 2834 ἐθεασάμην.
1645 2798 1692 2826 καὶ
1714 2797 1744 2825 ιθ
1762 2798 1807 2825 Vb.

189 2834 212 2850 "
223 2833 370 2866 οίκιακούς.
384 2833 537 2867 οἰκειακοϋς
550 2837 580 2863 C.

624 2838 646 2853 ⁸⁸
657 2838 775 2871 διχάσαι.
789 2838 963 2873 διχοτομῆσαι
976 2838 1006 2864 1.).
