1965 3051
119 163 186 197 1129

381 161 599 193 ΕΗᾹΞΟΑΒΗΜ
618 160 770 192 AFFECT.
790 159 905 190 CURA'J

959 158 1072 189 .—XII.
1089 159 1139 189 DE
1158 158 1326 190 VIRTUTE
1344 159 1488 191 ACTIVA.

1675 161 1744 196 1130

115 232 160 250 νον
169 222 205 255 ⁸⁵,
221 221 260 253 εἰς
276 221 390 256 δύναμιν
409 221 450 248 ὅτι
473 220 593 255 μάλιστα
605 219 653 246 καὶ
669 218 765 246 ὲαυτδν
784 217 903 244 τοιοῦτον

956 217 1068 254 minem,
1086 224 1199 245 necesse
1211 220 1253 244 est
1264 224 1348 252 quam
1360 220 1444 252 queat
1456 216 1575 244 maxime
1587 217 1670 246 talem
1680 226 1746 248 eva-

114 269 264 304 ἀναγκαῖον
276 266 416 301 γίψεὰθαι
426 275 433 282 ”
446 266 493 293 καὶ
508 266 579 293 κατὰ
592 265 687 292 τοῦτον
700 264 745 291 τὸν
759 263 837 298 λόγον
854 263 877 279 ⁸⁵
890 263 904 290 ὀ

117 315 168 351 μὲν
180 313 296 348 σώφρων
311 313 399 348 ἡμῶν,
420 312 479 347 Θεῷ
490 311 567 346 φίλος
578 319 585 326 ⁸
600 311 692 346 ὅμοιος
712 310 766 345 γάρ
777 318 784 326 ”
796 311 810 336 ό
821 309 851 336 δὲ
867 309 904 345 μὴ

115 360 245 395 σώφρων,
261 358 390 392 ἀνόμοιός
405 365 435 384 τε
447 357 494 384 καὶ
505 357 632 392 διάφορος
646 356 681 383 ⁸⁸.
699 366 708 382 ι
725 355 807 382 Οὐδὲν
815 354 905 382 τοίνυν

115 407 221 434 ἀλλοῖον
245 405 305 431 οὐδὲ
322 400 399 435 οὗτος
421 403 532 439 εἴρηκεν
544 422 552 435 ,
575 401 643 429 ἀλλὰ
661 401 837 437 ξυνομολογεῖ
857 401 905 427 καὶ

116 452 208 483 αὐτὸς.
222 451 260 482 ὡς
273 449 396 481 δυνατὸν,
416 450 445 475 ἐν
462 450 523 480 ταῖς
545 448 610 484 περὶ
625 446 746 482 τάγαθοῦ
768 446 904 474 διαθέσεσι

114 497 160 524 τὸν
177 495 345 530 πεποιηκότα
356 494 498 530 μιμεῖσθαι
507 493 583 521 Θιόν,
599 493 731 521 Ἐνταῦθα
746 493 837 529 μέντοι
845 491 904 519 σώ-

115 549 213 578 φρονα
226 541 255 568 οὐ
267 541 321 568 τῶν
330 540 353 557 ⁸⁷
369 539 471 575 ἡδονῶν
485 540 597 566 ἐκάλεσε
613 539 766 574 κρείττονα,
780 538 848 565 ἀλλὰ
860 538 905 565 τὸν

116 589 184 615 σῶον
202 588 249 614 καὶ
264 586 357 622 ἄρτιον
373 586 403 612 τὺ
422 585 531 620 λογικὸν
548 584 729 612 διασώσαντα.
754 583 905 619 Παραπλή-

115 642 161 662 σια
175 634 203 661 δὲ
227 634 280 660 κάν
304 632 344 668 τῷ
369 632 518 667 Θεαιτήτῳ
532 631 723 666 ξυγγέγραφεν
733 638 740 644 ·
766 629 818 665 ἔφη
832 630 885 666 γάρ
896 638 903 644 ·

117 690 127 707 ‹
146 681 218 707 Ἀλλ’
233 679 297 707 οὔτε
309 677 478 705 ἀπόλλυσθαι
493 678 527 704 τὰ
542 677 616 704 κακὰ
627 675 751 708 δυνατὺν,
763 673 786 704 ὧ
802 676 904 704 Θεόδω-

115 735 147 763 ρε
156 733 163 741 ⁶
177 724 336 752 ὑπεναντίον
350 724 406 759 γάρ
415 732 441 750 τι
451 723 490 758 τῷ
502 722 597 758 ἁγαθῷ
606 722 650 750 ἀεὶ
663 722 686 739 ⁸⁸
701 720 771 749 εἶναι
785 722 902 757 ἀνάγκη·

114 771 177 798 οὔτε
196 772 225 797 ὲν
242 770 313 802 θεοῖς
328 769 350 786 ⁸⁸
363 768 431 796 αὺτά
450 767 584 804 ἱδρύσθαι,
596 767 645 803 τὴν
661 767 690 794 δὲ
707 767 808 802 θνητὴν
822 767 904 801 φύσιν

115 819 162 844 και
174 816 249 844 τόνδε
268 816 313 843 τὸν
323 816 405 842 τόπον
418 814 561 850 περιπολεῖ
573 814 596 830 ³ο
610 813 640 845 ἑξ
652 813 775 848 ἀνάγκης
786 821 792 827 '
805 813 845 840 διὸ
858 813 905 840 καὶ

115 862 263 898 πειρᾶσθαι
274 861 328 897 χρὴ
346 860 453 888 ἐνθένδε
479 859 569 885 ἐκεῖσε
595 859 707 893 φεύγειν
718 858 760 885 ὅτι
778 857 902 893 τάχιστα.

114 893 190 943 Φυγὴ
207 907 246 941 δὲ,
261 893 392 941 bit-otium;
408 905 469 940 Θεῷ
484 903 556 932 κατὰ
571 904 600 930 τὸ
616 903 741 930 δυνατόν.
760 902 905 938 Ὀμοίωσις
919 893 941 924 Β

115 953 154 985 δὲ,
170 952 274 979 δίκαιον
290 952 336 978 καὶ
360 951 433 978 ὅσιον
460 949 529 986 μετὰ
553 949 709 984 φρονήσεως
732 947 869 982 γενέσθαι.
892 956 901 974 ι

114 998 196 1026 Μάλα
210 998 238 1024 δὲ
249 997 295 1024 καὶ
306 997 399 1031 σαφῶς
412 997 434 1012 ⁹¹
447 995 495 1022 καὶ
515 994 604 1030 σοφῶς
622 995 651 1021 ὲν
672 993 778 1025 τούτοις
797 994 843 1020 τὸν
856 993 904 1029 τῆς

117 1044 260 1080 μιμήσεως
272 1042 447 1075 ἐξεπαίδευσε
459 1042 569 1077 τρόπον.
586 1040 698 1076 Πρῶτον
719 1040 768 1075 μὲν
782 1039 837 1075 γὰρ
856 1048 905 1074 φυ-

115 1091 174 1124 γεῖν
189 1089 223 1116 τὰ
239 1089 303 1124 τῇδε
323 1088 478 1120 ὲκέλεῡσεν,
504 1087 554 1114 οὐκ
580 1086 633 1119 ἔξω
646 1086 696 1122 τῆς
708 1086 759 1121 γῆς
778 1086 905 1121 γιγνόμε-

114 1143 160 1162 νον
172 1135 207 1167 ’⁸,
219 1135 287 1161 ἀλλὰ
297 1134 351 1161 τῶν
364 1133 512 1169 περιγειων
524 1133 652 1160 ἁπάντων
667 1132 690 1149 ’³
700 1131 904 1166 ἀπαλλαττόμε-

115 1189 175 1207 νον·
189 1180 267 1207 τοῦτο
279 1180 334 1216 γὰρ
347 1179 497 1215 δεδήλωκεν
512 1177 565 1215 [ἐν]
577 1175 619 1210 οἷς
630 1177 766 1214 ἐπήγαγε.
792 1187 801 1204 ‹
814 1177 905 1213 Φυγὴν

115 1227 168 1262 γὰρ
178 1246 186 1258 ,
206 1227 303 1261 φησὶν,
324 1226 440 1253 ἐκάλεσα
455 1226 504 1261 τὴν
519 1224 587 1260 πρὸς
598 1224 629 1251 τὸ
641 1223 718 1251 Θεϊον
733 1223 871 1260 ὁμοίωσιν.
893 1233 902 1249 ι

121 1272 291 1304 ’Δξιέπαινος
304 1271 332 1297 δὲ
341 1271 387 1297 καὶ
400 1271 568 1307 ἠπροσθήκη
582 1278 588 1285 ·
601 1269 631 1297 οὐ
643 1269 698 1306 γὰρ
709 1270 801 1302 ἁπλῶς
810 1271 906 1305 ὁμοιω-

116 1317 195 1353 θῆναι
207 1316 429 1351 νενομοθέτηκεν,
438 1316 495 1342 ἀλλ’
505 1316 543 1347 ὡς
552 1316 705 1351 ἀνθρώποις
714 1315 773 1341 εστὶ
781 1315 904 1342 δυνατόν.

115 1362 183 1391 Εἲτα
198 1363 229 1390 τὸ
243 1362 292 1397 τῆς
305 1361 461 1397 ὁμοιώσεως
476 1361 612 1394 ἐπέδειξεν
623 1358 703 1392 εἶδος.
725 1370 735 1387 ι
758 1359 906 1396 Ὀμοίωσιν

115 1410 183 1445 γὰρ,
202 1408 269 1444 φησι
280 1427 287 1440 ,
313 1407 534 1443 προσηγόρευσα,
559 1406 590 1433 τὸ
604 1407 677 1434 ὅσιον
691 1406 739 1434 καὶ
763 1407 866 1433 δίκαιον
882 1405 905 1423 ³⁵
921 1416 926 1417 ⁷

115 1453 241 1487 γενέσθαι
258 1452 326 1488 μετὰ
341 1452 508 1486 φρονήσεως.
527 1460 537 1477 ›
550 1451 606 1478 Καὶ
620 1451 689 1487 αὕτη
702 1451 730 1478 δὲ
742 1451 905 1486 άξιὰγαστος

115 1501 132 1536 ή
148 1499 301 1535 προσθήκη.
314 1498 374 1524 Εἰσὶ
384 1497 438 1532 γὰρ
446 1496 501 1533 [δή]
510 1506 582 1529 τινες
601 1497 732 1533 πλείστην
746 1497 796 1532 μὲν
813 1496 859 1524 τοῦ
868 1497 906 1524 δι-

116 1544 193 1572 καίου
205 1543 333 1580 φροντίδα
346 1542 512 1578 ποιούμενοι,
528 1542 668 1576 σκαιότητι
683 1541 712 1568 δὲ
724 1541 763 1576 τῷ
777 1542 824 1568 τοῦ
841 1550 906 1569 κατ-

116 1589 273 1626 apemtum;
286 1587 478 1624 λυμαινόμενοι
487 1587 588 1615 κάλλει.
603 1587 719 1614 Ἔπειτα
729 1587 752 1603 ⁸⁸
762 1586 807 1613 δια
815 1587 906 1614 πλειόο

114 1644 170 1662 νων
183 1635 211 1661 ἐν
226 1634 300 1669 αὺτῴ
313 1642 346 1667 γε
359 1632 398 1668 τῷ
410 1633 528 1668 διαλόγῳ
548 1632 598 1668 τὴν
614 1632 772 1668 τελειότητα
784 1632 905 1660 διδάσκει

116 1683 164 1716 τῆς
180 1680 290 1716 ἀρετῆς,
301 1677 352 1706 ὧδέ
368 1687 406 1714 πη
421 1679 535 1714 γράφων
545 1685 552 1693 ⁸
570 1687 579 1704 ι
593 1678 725 1713 Λέγωμεν
734 1677 766 1713 δὴ
778 1679 841 1713 περὶ
851 1678 906 1705 τῶν

117 1727 283 1762 κορυφαίων,
299 1726 319 1751 Τ
324 1725 331 1752 ί
345 1725 399 1760 γὰρ
411 1725 443 1752 ἄν
457 1732 497 1756 τις
504 1724 568 1756 τοὺς
577 1723 743 1760 παρανόμως
755 1724 784 1751 ὲν
800 1723 906 1759 φιλοσο-

118 1772 166 1807 φίᾳ
182 1771 366 1806 διατρίϐοντας
377 1769 468 1804 λέγοις
484 1767 562 1797 Οὗτοι
570 1769 598 1796 δέ
615 1777 666 1796 που
682 1768 744 1796 οὔτε
753 1769 793 1801 εις
802 1769 906 1805 ἀγορὰν

64 1828 70 1833 ι
118 1818 190 1844 ἴσασι
204 1817 253 1852 τὴν
261 1815 397 1848 ὁδὸν,οῦτε
408 1817 475 1842 ὅπου
483 1814 690 1851 δικαστήριον,ἢ
701 1814 904 1851 βουλευτήριον,

117 1864 134 1899 ἢ
147 1872 174 1890 τι
186 1862 273 1889 κοινὸν
290 1862 354 1889 ἄλλο
364 1862 414 1896 τῆς
429 1860 531 1892 πόλεως
541 1860 676 1896 ξυνέδριον
685 1868 692 1875 ·
710 1860 808 1895 νόμους
820 1856 847 1886 δὲ
860 1860 907 1886 καὶ

117 1908 280 1944 ψηφίσματα
291 1906 426 1942 λεγόμενα
437 1906 453 1941 ἢ
471 1905 633 1941 γραφόμενα
649 1905 711 1932 οὗτε
722 1905 832 1941 ὁρῶσιν,
844 1904 906 1931 οὔτε

118 1953 263 1981 ἀκούουσιν
273 1959 280 1966 ·
295 1952 409 1978 σπουδαὶ
419 1951 448 1977 δὲ
458 1950 599 1986 ἑταιρειῶν
610 1951 653 1977 ἐπ’
668 1951 767 1986 ἀρχὰς,
783 1951 830 1978 καὶ
845 1950 906 1983 ξύν-

117 1999 181 2031 οδοι,
196 1998 243 2024 καὶ
258 1997 365 2028 δεῖπνα,
383 1996 432 2022 καὶ
453 1995 477 2021 οἱ
494 1994 569 2031 [169]
589 1995 635 2027 ξὺν
646 1995 789 2030 αὐλητρίσι
811 1994 834 2011 ⁸⁸
852 1994 908 2030 κῶτ

120 2053 176 2080 μοι,
189 2043 249 2071 οὐδὲ
263 2043 329 2078 όναρ
345 2043 476 2077 πράττειν
490 2041 668 2077 προσίσταται
685 2040 708 2058 ⁸⁷
723 2041 814 2073 αὐτοῖς
825 2048 832 2055 ·
846 2040 906 2068 οὐδὲ

119 2092 143 2117 ει
154 2090 237 2121 κακός
252 2089 275 2106 ’⁸
291 2097 333 2121 τις
352 2088 464 2122 γέγονεν
483 2089 513 2114 ὲν
533 2087 620 2120 πόλει,
645 2088 662 2122 ἧ
677 2087 704 2114 τί
726 2095 765 2123 τῳ
782 2087 805 2104 "
821 2087 906 2115 κακόν

118 2138 192 2163 ἔστιν
208 2136 240 2162 ὲκ
251 2135 391 2172 προγόνων
402 2133 512 2169 γεγονὸς
529 2133 596 2170 πρὸς
609 2133 713 2170 ἀνδρῶν
725 2133 741 2169 ἢ
755 2133 904 2168 γυναικῶν,

121 2182 219 2216 μᾶλλον
226 2181 306 2208 αὐτὸν
313 2181 425 2216 λέληθεν
434 2181 449 2216 ἢ
460 2181 484 2207 οἱ
491 2180 539 2215 τῆς
547 2179 681 2215 θαλάττης
689 2179 827 2215 λεγόμενοι
833 2179 904 2214 χόες.

919 1564 939 1593 C

955 263 1022 290 dere
1037 263 1127 298 qualis
1143 262 1179 290 sit
1193 262 1268 290 Deus
1283 271 1288 289 :
1304 262 1411 298 hacque
1429 263 1605 297 potissimum
1624 265 1743 299 ratione,

955 308 1082 343 quisquis
1098 313 1223 336 nostrum
1244 308 1314 344 frugi
1337 308 1420 336 homo
1449 313 1674 345 temperatusque
1690 314 1744 344 est,

955 354 1010 382 Deo
1023 359 1065 382 est
1080 354 1182 383 charus
1196 364 1202 381 :
1214 354 1314 382 similis
1330 354 1403 381 enim
1420 354 1459 381 illi
1474 359 1525 382 est.
1544 354 1596 388 Qui
1609 363 1676 383 vero
1688 364 1744 384 non

954 404 998 427 est
1012 403 1192 434 temperatus,
1211 399 1345 427 absimilis
1367 403 1395 426 et
1410 399 1542 427 diﬂ'erens
1558 400 1639 435 plane
1657 405 1709 427 est.
1730 410 1740 427 ι

956 445 1063 480 1017
1077 445 1151 473 Nihil
1163 453 1228 481 ergo
1253 445 1374 473 alienum
1395 444 1441 472 hic
1451 452 1561 480 quoque
1582 444 1652 472 dixit
1666 453 1672 472 :
1689 445 1745 472 imo

953 490 1056 518 fatetur
1065 495 1094 518 et
1106 491 1164 526 ipse
1185 498 1267 526 posse
1277 498 1329 518 nos
1338 490 1366 517 in
1376 490 1456 518 bonis
1467 489 1660 517 affectionibus
1667 497 1744 517 crea-

954 540 1042 564 torem
1059 536 1146 564 Deum
1163 536 1276 564 imitari.
1290 535 1473 571 Temperatum
1487 539 1579 562 autem
1596 534 1744 569 appellavit

955 582 1008 610 hoc
1020 582 1092 616 loco,
1107 591 1163 610 non
1176 590 1240 610 eum
1256 583 1304 618 qui
1320 582 1511 617 voluptatibus
1527 581 1699 616 superiorem
1713 588 1743 608 se

954 627 1085 661 praebeat,
1103 627 1151 654 sed
1167 628 1215 662 qui
1228 627 1391 655 rationalem
1409 627 1506 654 animae
1520 631 1628 662 partem
1640 626 1743 653 salvam

955 676 1038 707 atque
1060 672 1195 708 integram
1222 677 1378 700 conservet.
1405 672 1513 706 Quibus
1534 671 1635 700 similia
1658 675 1687 699 et
1714 670 1744 698 in

955 718 1083 746 Thewteto
1093 720 1207 755 scripsit
1222 719 1260 755 (p.
1275 719 1348 755 176).
1366 728 1375 745 ‹
1389 719 1444 746 Sed
1455 718 1582 751 interire,
1597 718 1698 753 inquit,
1711 725 1743 746 ac

954 765 1024 798 tolli,
1042 772 1059 792 ο
1076 765 1231 798 Theodore,
1245 765 1317 792 mala
1335 772 1449 800 prorsus
1469 771 1524 791 non
1542 767 1658 799 possunt
1672 772 1679 790 :
1691 771 1743 791 ne-

953 818 1031 839 cesse
1050 816 1093 839 est
1113 811 1187 838 enim
1200 818 1309 846 semper
1325 818 1385 838 esse
1401 807 1475 845 quod
1486 811 1560 837 bono
1571 809 1743 837 contrarium

954 856 1001 884 sit.
1011 856 1107 891 Neque
1118 860 1209 884 tamen
1221 856 1249 883 in
1259 856 1313 883 diis
1323 856 1415 883 locum
1425 856 1527 884 habere
1537 856 1596 883 haec
1607 859 1723 890 possunt
1734 863 1741 882 :

954 902 1100 929 mortalem
1106 909 1173 930 vero
1182 906 1309 929 naturam
1318 905 1346 929 et
1355 901 1446 930 locum
1454 901 1529 929 hunc
1539 900 1687 928 circumire
1698 900 1743 928 illa

955 955 1070 976 necesse
1096 952 1149 976 est.
1163 948 1337 983 Quapropter
1356 948 1517 975 tentandum
1532 952 1574 975 est
1588 951 1618 974 ut
1633 947 1698 974 hinc
1711 954 1744 974 eo

955 1003 1038 1030 quam
1062 988 1189 1023 oéissime
1218 994 1355 1030 fugiamus
1378 1003 1385 1021 :
1407 994 1471 1030 fuga
1494 998 1587 1022 autem
1612 998 1671 1026 est,
1694 993 1744 1021 Dei

955 1044 1089 1075 quantum
1102 1040 1129 1067 in
1144 1039 1225 1067 nobis
1235 1043 1278 1067 est
1292 1039 1453 1067 similitudo.
1469 1039 1629 1067 Similitudo
1640 1043 1743 1072 autem,

956 1089 986 1112 ut
1002 1093 1064 1113 cum
1077 1085 1225 1121 prudentia
1239 1085 1327 1113 sancti
1339 1093 1372 1113 ac
1380 1086 1447 1121 justi
1462 1085 1557 1113 simus.
1576 1095 1585 1111 ι
1600 1085 1745 1120 Sapienter

955 1137 1048 1161 autem
1070 1141 1102 1160 ac
1118 1133 1264 1160 manifeste
1285 1133 1329 1160 his
1341 1133 1435 1161 verbis
1451 1132 1614 1160 imitationis
1631 1132 1744 1160 modum

955 1178 1079 1207 edocuit.
1092 1179 1216 1206 Primum
1230 1179 1304 1206 enim
1315 1179 1455 1206 mundana
1467 1179 1525 1206 haec
1537 1179 1632 1215 fugere
1640 1178 1722 1214 jussit
1735 1186 1743 1205 :

955 1231 1010 1252 non
1028 1228 1058 1251 ut
1071 1222 1151 1252 extra
1164 1228 1267 1252 terram
1279 1225 1380 1260 migret
1392 1225 1540 1260 quispiam,
1552 1224 1601 1252 sed
1618 1229 1648 1251 ut
1659 1231 1674 1251 a
1690 1227 1746 1251 tero

956 1270 1092 1298 restribus
1106 1270 1181 1298 curis
1195 1270 1339 1298 liberetur.
1351 1271 1408 1298 Hoc
1421 1271 1495 1298 enim
1510 1278 1559 1306 per
1573 1278 1604 1297 ea
1618 1278 1678 1305 qua:
1695 1270 1745 1297 ad-

956 1316 1036 1348 didit,
1048 1316 1206 1344 deelaravit.
1230 1325 1240 1342 ‹
1253 1316 1355 1352 Fugam
1367 1317 1451 1350 enim,
1468 1317 1568 1352 inquit,
1583 1317 1677 1344 vocavi
1696 1317 1745 1345 ho-

955 1361 1039 1390 minis
1050 1369 1112 1390 cum
1126 1362 1182 1391 Deo
1195 1362 1416 1391 similitudinem.
1432 1373 1441 1390 ι
1455 1363 1614 1391 Laudabilis
1624 1371 1692 1391 vero
1704 1367 1746 1391 est

956 1405 1015 1434 hac
1034 1406 1149 1435 additio.
1171 1407 1266 1443 Neque
1277 1407 1352 1436 enim
1366 1409 1497 1444 pracepit
1518 1412 1547 1436 ut
1566 1409 1691 1436 absolute
1709 1409 1746 1436 si-

955 1451 1035 1479 miles
1045 1451 1101 1480 Deo
1113 1452 1209 1485 simus,
1220 1453 1268 1481 sed
1276 1454 1367 1488 quoad
1378 1453 1522 1481 hominum
1533 1454 1609 1481 vires
1620 1458 1744 1489 possunt.

957 1496 1028 1525 Tum
1050 1501 1077 1525 et
1096 1497 1286 1526 similitudinis
1301 1499 1417 1526 formam
1435 1499 1565 1527 ostendit.
1586 1508 1595 1524 (
1613 1499 1747 1526 Similitu-

958 1541 1062 1575 dinem,
1077 1542 1177 1578 inquit,
1196 1551 1276 1577 voco,
1296 1549 1420 1572 sanctum
1438 1552 1471 1572 ac
1481 1545 1585 1580 justum
1602 1552 1664 1571 cum
1681 1552 1748 1579 pru-

957 1586 1050 1615 dentia
1075 1587 1135 1615 ﬁeri
1155 1596 1161 1615 :
1183 1597 1193 1614 ι
1217 1596 1278 1624 qua:
1295 1593 1322 1617 et
1341 1589 1399 1624 ipsa
1418 1597 1528 1625 quoque
1548 1589 1668 1624 adiectio
1685 1589 1746 1617 lau—

957 1630 1047 1659 danda
1060 1636 1111 1659 est.
1124 1631 1194 1660 Sunt
1206 1632 1290 1664 enim.
1302 1633 1350 1668 qui
1362 1640 1497 1661 summam
1511 1634 1623 1668 quidem
1632 1631 1748 1669 justitite

957 1683 1052 1704 curam
1062 1677 1176 1711 habent,
1190 1678 1239 1706 sed
1251 1678 1403 1707 stoliditate
1416 1679 1524 1714 1018
1534 1679 1618 1706 animi
1631 1679 1747 1714 egregiae

956 1723 1073 1752 actionis
1084 1724 1320 1759 pulchritudinem
1332 1729 1524 1760 corrumpunt.
1537 1726 1603 1753 Post
1617 1725 1675 1753 haec
1686 1726 1746 1754 fuse

957 1769 986 1798 in
1009 1770 1107 1798 eodem
1128 1770 1236 1806 dialogo
1260 1770 1459 1806 perfectionem
1480 1771 1592 1799 virtutis
1613 1771 1744 1799 ostendit.

961 1824 971 1840 ‹
982 1814 1150 1850 Loquamur,
1158 1815 1248 1850 inquit
1257 1815 1295 1851 (p.
1306 1816 1379 1853 175),
1390 1815 1424 1842 de
1434 1817 1549 1844 summis
1556 1817 1746 1852 philosophis;

957 1859 1020 1895 quis
1034 1859 1108 1887 enim
1122 1859 1156 1886 de
1169 1859 1204 1886 ils
1213 1859 1290 1894 loqui
1303 1852 1393 1892 curet,
1409 1861 1457 1894 qui
1470 1861 1600 1889 aberrant
1612 1869 1627 1889 a
1639 1862 1746 1898 legibus

956 1904 1159 1940 philosophiae?
1177 1904 1210 1932 Hi
1222 1912 1299 1937 vero,
1311 1913 1401 1940 neque
1416 1905 1490 1932 viam
1507 1911 1610 1934 norunt
1631 1915 1692 1942 quae
1711 1908 1745 1935 ad

957 1950 1049 1978 forum
1071 1949 1157 1983 ducit,
1184 1957 1275 1985 neque
1299 1950 1347 1978 ubi
1365 1951 1502 1986 judicium
1524 1956 1670 1981 senatusve
1697 1953 1744 1987 sit,

957 1995 1062 2024 aliusve
1073 1995 1202 2030 publicus
1216 1995 1336 2024 civitatis
1349 2003 1504 2025 consessus.
1514 1997 1601 2033 Leges
1612 2003 1745 2033 praeterea

957 2045 985 2069 et
1002 2040 1124 2074 decreta,
1143 2048 1193 2069 seu
1217 2041 1310 2069 verbis
1329 2041 1465 2076 ferantur,
1488 2050 1536 2071 seu
1556 2044 1658 2079 scripta
1675 2045 1742 2078 sint,

957 2093 1047 2120 neque
1064 2085 1192 2119 audiunt,
1204 2093 1295 2121 neque
1307 2086 1474 2122 inspiciunt:
1487 2087 1577 2116 studia
1588 2096 1654 2116 vero
1666 2090 1746 2117 soda-

956 2131 1080 2159 litiorum
1090 2131 1124 2160 ad
1135 2133 1144 2141 ‘
1154 2131 1288 2160 creandos
1299 2132 1486 2168 magistratus,
1499 2138 1527 2161 et
1540 2140 1704 2167 conventus,
1717 2139 1746 2163 et

958 2177 1094 2211 convivia,
1114 2182 1143 2205 et
1167 2185 1231 2206 cum
1253 2177 1376 2206 tibicinis
1395 2179 1621 2213 comessationes,
1643 2188 1678 2208 ne
1696 2188 1746 2216 per

119 2229 174 2255 Καὶ
186 2227 274 2254 ταῦτα
288 2227 377 2254 πάντα
399 2226 453 2253 οὐδ’
470 2226 511 2252 ὅτι
528 2226 579 2252 οὐκ
599 2222 692 2261 [οἶδεν]
707 2222 778 2252 οἶδεν
797 2225 806 2241 ⁸
818 2233 824 2239 ·
843 2225 905 2252 οὐδὲ

957 2223 1095 2251 somnium
1110 2223 1222 2259 quidem
1233 2224 1288 2251 illis
1301 2224 1496 2252 obversantur.
1511 2225 1585 2253 Bene
1603 2230 1696 2254 autem
1709 2235 1745 2254 an

118 2273 173 2308 γὰρ
185 2273 274 2300 αὐτῶν
288 2272 419 2306 ἀπέχεται
439 2271 485 2298 τοῦ
505 2271 659 2306 εὐδοκιμεῖν
679 2270 770 2306 χάριν.
787 2270 831 2305 Τῷ
849 2270 907 2297 ὄντι

118 2318 150 2351 δὲ,
161 2318 191 2344 τὸ
207 2318 287 2352 σῶμα
302 2318 381 2352 μόνον
395 2317 405 2332 ¹
418 2318 446 2343 ὲν
457 2318 490 2351 τῇ
503 2317 584 2353 πόλει.
593 2317 680 2344 κεῖται
696 2315 778 2343 αὐτοῦ
789 2316 836 2342 καὶ
847 2316 906 2342 ὲπι-

118 2364 210 2398 δημεῖ,
225 2363 241 2397 ἡ
252 2362 280 2388 δὲ
290 2362 403 2394 διάνοια,
417 2362 502 2388 ταῦτα
515 2361 601 2388 πάντα
613 2361 776 2396 ἡγησαμένη
789 2360 905 2396 σμικρὰ,

119 2407 189 2446 [καί]
209 2408 246 2440 ὼς
262 2408 338 2434 οὐδὲν
349 2408 517 2442 ἀτιμάσασα,
534 2408 659 2442 πανταχῆ
671 2407 785 2434 πέταται
800 2407 820 2440 ³,
831 2405 904 2433 κατὰ

119 2454 263 2490 Πίνδαρον,
278 2453 313 2480 τά
326 2461 356 2480 τε
379 2454 431 2488 γῆς
457 2453 604 2488 ὑπένερθεν
621 2452 642 2486 ⁵,
666 2452 713 2480 καὶ
731 2452 766 2479 τὰ
788 2452 905 2479 ἐπίπεδα

118 2498 323 2535 γεωμετροῦσα,
340 2498 480 2534 ,οὐρανούς
498 2507 529 2524 τε
549 2497 842 2534 ὑπεραστρονομοῦσα,
858 2498 906 2524 καὶ

119 2547 209 2573 πᾶσαν
224 2545 412 2583 πάντη,ιρύσιν
428 2545 636 2581 διερευνωμένη.
655 2553 664 2570 ι
691 2543 736 2570 Ἐν
755 2543 784 2570 δὲ
800 2543 905 2576 τούτοις

959 2270 1029 2297 male
1045 2269 1151 2305 aliquid
1169 2269 1273 2298 factum
1290 2270 1326 2298 sit
1345 2270 1374 2297 in
1387 2270 1511 2304 civitate,
1531 2275 1578 2298 aut
1593 2271 1661 2306 quid
1679 2272 1743 2299 mali

958 2314 1081 2350 cuipiam
1094 2315 1241 2350 contigerit
1253 2323 1269 2342 a
1282 2315 1446 2350 majoribus,
1465 2315 1523 2343 sive
1536 2323 1551 2343 a
1565 2316 1643 2348 viris,
1657 2316 1715 2343 sive
1729 2324 1745 2343 a

957 2360 1078 2394 feminis,
1093 2361 1179 2396 magis
1190 2361 1280 2396 ipsum
1291 2361 1369 2394 latet,
1383 2368 1466 2396 quam
1477 2365 1546 2396 quot
1561 2361 1616 2388 sint
1627 2369 1704 2396 aqua}
1717 2361 1744 2389 in

957 2406 1028 2434 mari
1038 2414 1186 2434 mensurae.
1204 2406 1294 2441 Atque
1310 2407 1369 2434 base
1385 2406 1470 2433 etiam
1487 2407 1579 2434 omnia
1591 2406 1699 2434 nescire
1715 2414 1745 2433 se

959 2453 1057 2481 nescit.
1075 2453 1135 2481 Non
1152 2453 1229 2480 enim
1244 2460 1277 2481 eo
1294 2452 1411 2481 consilio
1426 2452 1470 2480 his
1486 2452 1615 2485 abstinet,
1639 2456 1670 2479 ut
1684 2452 1744 2480 lau-

959 2499 1022 2527 dem
1033 2502 1134 2534 captet.
1149 2498 1203 2527 Sed
1216 2505 1314 2526 revera
1327 2499 1417 2534 ipsius
1432 2502 1539 2526 tantum
1550 2504 1651 2532 corpus
1663 2498 1691 2525 in
1707 2497 1746 2526 ci-

959 2545 1046 2572 vitate
1066 2549 1214 2573 versatur:
1230 2552 1310 2573 mens
1329 2547 1422 2571 autem
1445 2543 1505 2571 haec
1526 2551 1611 2578 parva
1630 2543 1745 2578 ducens,

770 2601 889 2630 VARUS
908 2600 1109 2630 LECTIONES.

153 2663 176 2680 “
188 2662 341 2697 γενόμενον.
354 2661 494 2697 γινόμενον
508 2660 538 2688 C.
554 2692 566 2697 _
577 2660 700 2697 ’ζλόγοψ
713 2659 814 2697 τρόπον
823 2659 869 2697 ηας
894 2659 927 2687 Ι).

119 2700 152 2727 ι).
188 2699 210 2715 ⁸⁸
221 2697 264 2725 ἀεὶ
275 2705 329 2725 om.
342 2697 373 2724 D.

121 2735 143 2750 “
157 2733 204 2761 καὶ
219 2732 312 2768 σαφῶς
327 2730 436 2768 οιιιηβἒ
470 2731 499 2768 ⁹¹Α
509 2731 680 2768 γιγνόμενον.
699 2730 844 2768 γενόμενον
857 2730 889 2768 ρ.

1167 2659 1190 2686 D
1212 2659 1242 2686 ni
1269 2658 1348 2686 fallor
1369 2657 1522 2692 ἀδιάφορος.
1546 2655 1583 2692 ν⁸¹¹
1608 2655 1684 2692 τῶνέ
1701 2654 1746 2692 rev

966 2659 990 2676 οο
1006 2659 1027 2676 κ.
1034 2660 1133 2676 ιιηιυυι-

416 2669 494 2696 μενον
508 2660 538 2688 C.
577 2661 600 2677 "
612 2660 700 2694 λόγον.
713 2659 814 2696 τρόπον
837 2659 869 2693 C',
894 2659 927 2687 Ι).
966 2659 990 2676 ⁸⁸
1006 2659 1142 2722 διάφῗρος.
1167 2659 1190 2686 D
1212 2659 1242 2686 ni
1269 2659 1348 2686 fallor
1369 2659 1522 2692 ἀδιάφορος.
1559 2659 1582 2700 ’ζ
1608 2659 1674 2682 τῶν.
1701 2659 1744 2682 τὸν

412 2697 434 2740 3°
447 2692 1379 2745 922‘i:.9§€.9;.._1°sese}?-."€P*:F2*:£E:_._..ztamira?“
1395 2692 1439 2743 θές
1448 2690 1698 2745 κὲἕιιλέεέηεῖιξιέἑφ
1713 2691 1744 2745 R-

121 2735 143 2750 “
157 2733 204 2761 καὶ
219 2732 312 2768 σαφῶς
327 2739 382 2759 om.
400 2730 430 2759 C.
470 2731 492 2746 θ’
510 2731 680 2766 γιγνόμενον.
699 2729 844 2765 γενόμενον
857 2730 889 2756 D.
911 2729 967 2770 ⁷1⁸⁸
982 2730 1120 2770 ἁπάντων,
1137 2729 1308 2791 πραγΙμάτων
1323 2729 1355 2756 D.

119 2769 143 2786 "
156 2769 259 2806 ἔπειτα.
277 2767 371 2806 ἔπειτα
424 2767 455 2794 Ι).
478 2801 484 2806 Ι
494 2766 671 2806 ἐαὺλητρισι.
686 2765 839 2806 αὐλιστρισι
853 2765 882 2792 C.
903 2764 1067 2806 Vld.\l_3\asti't
1083 2763 1187 2806 gotum.
1212 2763 1340 2806 -ιιιωορῃ

1413 2727 1436 2743 ⁸⁵
1448 2725 1551 2754 δίὲαιον
1565 2727 1611 2753 καὶ
1625 2726 1698 2752 ὅσιον
1713 2725 1745 2753 D.

1231 2763 1340 2798 alwogr.
1357 2770 1384 2798 p.
1399 2762 1461 2790 716.
1505 2761 1746 2798 "necaturas-rat.

120 2793 341 2840 πρόἇῐᾲέᾳὲάιρ
380 2801 510 2840 *βξ-καλιάς.
520 2793 621 2840 meum;
632 2801 663 2828 C.
679 2800 774 2840 καζὼξ
784 2793 826 2836 '(o;
836 2806 920 2840 supra
930 2799 979 2840 (of)
990 2800 1022 2827 D.
1035 2797 1072 2840 eg
1081 2799 1137 2840 5h__ﬂ
1152 2798 1246 2840 κακῶς
1259 2807 1284 2825 τι
1298 2793 1407 2840 Sim-1.“
1420 2798 1443 2813 "
1457 2805 1505 2840 τῳ.
1519 2796 1549 2840 τὸ
1609 2796 1663 2840 ΒᾎΔ
1674 2793 1746 2840 Lota

120 2832 174 2866 δέν.
193 2838 268 2865 οὐδὲν
284 2837 312 2863 δὲ
320 2837 352 2868 C,
364 2836 439 2862 οὐδὲν
450 2832 496 2862 Β(
519 2836 529 2871 ξ
545 2837 624 2870 μόνον
642 2843 696 2863 om.
715 2832 880 2870 C.D,'supra
891 2834 928 2871 δὴ
946 2832 1030 2871 Πρτο
1045 2834 1084 2861 δέ.
1101 2832 1162 2861 Mox
1180 2834 1268 2860 πάντα
1284 2833 1370 2860 ταῦτα
1388 2833 1419 2860 D.
1466 2832 1477 2847 ³
1492 2833 1617 2859 πέταται.
1632 2832 1746 2857 ποτᾶται

122 2874 153 2901 Κ).
189 2873 200 2890 δ
213 2871 369 2906 ὑπένερθεν.
385 2871 501 2905 ὕπερθεν
512 2869 616 2898 ΟΜΟΧ
633 2871 680 2896 καὶ
696 2871 765 2906 ὑπὲρ
778 2870 876 2904 ἄστρον
891 2869 922 2896 D.

259 2921 394 2951 PATKUL.
416 2919 475 2950 Gn.
497 2919 652 2948 LXXXIII.

1530 2911 1567 2943 εδ
