1965 3051
241 178 307 214 1131

732 168 976 210 THEODORETI
996 164 1165 197 EPISCOPI
1185 164 1364 195 CYRENSIS

1799 159 1871 192 1132

242 243 273 264 ac
288 231 366 262 nihili
383 230 475 267 potius
492 227 643 259 astimans,
660 232 756 253 omnes
770 224 798 251 in
816 227 910 258 partes
926 220 1028 251 evolat,

1095 238 1096 242 η
1110 218 1224 245 Πλάτων
1236 218 1286 251 τὴν
1298 216 1352 243 τῶν
1364 216 1506 251 ἡμετέρων
1521 214 1674 250 φιλοσόφων
1689 213 1876 251 ὲζωγράφηαι

242 285 272 309 ut
285 279 408 314 loquitur
418 274 566 306 Pindarus,
578 271 686 307 1019
697 274 797 308 eliquat
808 269 860 296 sub
869 274 943 295 terra
953 269 1030 297 sunt,

242 332 269 361 et
290 312 351 362 qua
369 329 454 358 super
475 325 579 348 terram
605 317 765 349 dimetiens,
783 320 980 348 astrorumque
1001 312 1032 340 in

241 374 312 403 celo
333 371 458 399 rationes
480 367 632 404 explicans,
651 369 680 392 et
699 371 794 392 rerum
810 362 935 389 omnium
950 363 1033 387 natu-

242 424 302 444 ram
313 413 516 451 pervestigans.
529 421 538 438 ι
551 411 600 439 His
613 414 705 438 autem
716 408 808 436 verbis
820 407 895 435 Plato
908 405 1033 441 philoso-

242 449 361 498 phorum
388 462 549 485 nostrorum
576 455 662 482 vitam
689 452 796 481 ciiinxit
815 460 821 478 :
840 457 932 486 neque
957 449 1034 477 enim

243 495 317 542 apud
341 504 404 532 illos
427 502 490 530 talis
512 501 586 529 uilus
606 499 723 528 exstitit.
743 498 872 526 Sacrates
894 495 970 524 enim
987 495 1035 522 ille

243 540 474 588 philosophorum
501 547 673 583 eoryphmus,
694 549 722 572 et
740 545 768 572 in
787 542 947 580 gymnasiis,
961 545 990 568 et
1005 540 1035 567 in

244 596 384 626 artiﬁcum
395 594 523 626 ofﬁcinis,
535 592 647 620 assidue
658 591 832 625 disputabat;
844 588 927 616 modo
941 592 1034 615 autem

243 649 273 673 et
287 644 316 672 in
328 642 440 670 civitate
454 648 561 669 moram
574 638 712 669 trahebat,
727 637 811 664 modo
826 640 854 663 ct
869 635 903 662 ad
916 635 1036 662 Piraeum

244 687 417 717 descendens
433 693 550 722 pompas
565 683 723 720 spectabat;
738 681 852 709 armatis
867 679 951 708 etiam
962 677 1037 706 mili-

246 736 320 763 tibus
344 733 492 768 ascriptus,
515 734 543 759 et
567 730 595 757 in
607 728 741 761 Potidwa,
767 731 794 755 ct
816 728 844 754 in
861 726 928 754 Delo
947 724 1038 752 insula

246 780 386 809 militavit.
399 779 472 813 Quin
485 782 513 806 et
524 776 649 805 convivia
662 775 855 809 frequentans,
876 771 1037 806 Ariswpha-

244 827 290 855 nis
307 825 412 854 comica
433 822 553 850 ludibria
568 821 733 853 sustinebat,
750 824 778 847 et
791 818 944 846 Alcibiadis
960 820 1039 852 petu-

246 873 359 900 lantiam
383 878 390 897 :
411 870 467 897 hoc
488 868 562 896 enim
590 868 671 895 docet
698 865 822 893 Platonis
851 863 1036 900 Symposium.

247 917 400 946 Theatrum
423 915 506 943 etiam
527 912 719 941 conscendens
744 910 826 938 ludos
846 916 909 938 cum
934 908 1038 944 populo

248 964 398 1001 spectabat.
405 962 514 989 Minime
522 960 605 995 igitur
611 958 717 987 Socrati
723 957 891 985 conveniunt
898 962 958 991 quae
966 955 1039 983 dicta

249 998 313 1038 sunt
326 1018 340 1036 a
352 1009 476 1036 Platone.
496 1005 573 1040 Quod
586 1004 608 1032 si
622 1004 688 1031 huic
699 1011 756 1030 non
774 1001 951 1033 conveniant,
968 998 1039 1036 aegre

249 1056 298 1084 ulli
312 1055 393 1082 alteri
408 1052 584 1081 convenient.
601 1051 635 1078 At
651 1049 699 1085 qui
712 1048 899 1084 evangelicam
915 1046 1040 1083 philoso-

249 1101 343 1137 phiam
356 1099 531 1130 adamarunt,
547 1096 645 1133 procul
660 1103 688 1122 se
700 1095 734 1122 ab
745 1094 820 1122 omni
835 1092 956 1121 civitatis
968 1096 1040 1120 stre-

250 1147 309 1182 pitu
332 1147 509 1180 receperunt,
532 1142 727 1176 montiumque
748 1139 890 1175 occupatis
912 1137 1040 1174 fastigiis,

251 1196 299 1220 aut
307 1190 440 1219 solitariis
451 1190 478 1217 in
485 1189 554 1216 locis
564 1188 733 1219 habitantes,
740 1193 834 1214 rerum
846 1194 874 1213 se
883 1185 1041 1213 divinarum

252 1235 488 1271 contemplationi,
507 1242 539 1262 ac
558 1233 621 1261 vitae
634 1240 695 1268 quae
715 1233 787 1259 hanc
807 1231 904 1259 deccat
926 1230 1041 1257 addixe-

252 1287 328 1316 runt,
346 1282 421 1310 nulla
436 1287 564 1312 uxorum,
584 1283 613 1307 et
631 1279 762 1310 ﬁliorum,
779 1278 953 1305 honorumve
975 1282 1043 1302 cura

253 1327 391 1360 distracti,
403 1326 451 1354 sed
469 1325 576 1352 animas
591 1323 626 1351 ad
641 1322 800 1350 divinarum
814 1321 906 1356 legum
918 1319 1042 1355 regulam

253 1374 415 1409 dirigentes,
430 1375 458 1399 et
471 1374 600 1405 tanquam
619 1368 739 1404 pictores
758 1366 866 1402 optimi,
883 1365 917 1393 ad
932 1365 1044 1392 virtutis

254 1420 403 1454 archetypa
422 1416 583 1452 spirituales
598 1414 733 1450 imagines
748 1421 812 1440 suas
826 1411 933 1447 1020
950 1410 1043 1447 expri-

254 1470 373 1495 mentes.
398 1462 476 1497 Quod
495 1462 570 1489 cnim
590 1461 635 1489 his
655 1467 771 1496 prorsus
794 1458 960 1486 conveniant
984 1464 1045 1492 quae

255 1513 329 1540 dicta
340 1514 405 1538 sunt
414 1517 429 1536 a
442 1509 567 1541 Platone,
579 1507 696 1542 ipsemet
707 1508 833 1537 testatur,
845 1507 907 1539 post
918 1503 970 1530 alia
981 1503 1044 1538 plu-

1083 264 1221 292 πολιτείαν
1232 272 1240 279 ·
1257 263 1288 289 οὐ
1301 263 1356 298 γὰρ
1369 263 1401 298 δή
1417 270 1460 294 τις
1473 262 1539 298 παρ’
1552 261 1667 292 ἐκείνοις
1680 260 1802 290 τοιοῦτος
1811 261 1878 295 ἐγέ-

1083 318 1154 338 νετο.
1171 310 1202 336 '0
1219 309 1268 344 μὲν
1282 308 1335 344 γὰρ
1349 308 1507 343 Σωκράτης,
1523 306 1580 333 τῶν
1598 305 1751 341 φιλοσόφων
1764 306 1779 332 δ
1789 313 1879 341 κορυ-

1084 357 1173 391 φαῖος,
1201 356 1253 383 κάν
1271 356 1327 386 τοῖς
1350 353 1513 391 γυμνασίοις
1529 353 1582 380 κάν
1600 353 1657 384 τοῖς
1680 351 1879 388 ἐργαστηρίοις

1083 401 1274 437 διαλεγόμενος
1286 401 1400 428 διετέλει
1409 407 1417 416 '
1429 399 1477 427 καὶ
1488 399 1554 426 ποτὶ
1575 398 1624 434 μὲν
1638 399 1667 425 ὲν
1685 398 1762 424 ἄστει
1775 397 1880 432 διέτρι-

1086 447 1128 480 6ε,
1143 443 1209 474 ποτὲ
1225 448 1254 474 δὲ
1266 448 1307 479 εἰς
1316 447 1434 483 Πειραιᾶ
1444 445 1547 473 κατιὼν
1557 445 1607 477 τὰς
1622 443 1735 479 πομπὰς
1751 443 1880 479 ἐθεώρει·

1086 494 1133 520 καὶ
1145 494 1201 525 τοῖς
1214 492 1337 524 ὁπλίταις
1351 492 1380 519 δὲ
1395 491 1618 526 ξυνταττόμενος,
1629 489 1699 526 [καὶ]
1709 491 1737 516 ὲν
1748 488 1881 523 Ποτιδαίᾳ

1086 540 1133 566 καὶ
1149 540 1178 565 ὲν
1194 539 1271 574 Δήλῳ
1285 539 1480 574 παρετάττετο.
1497 537 1553 564 Καὶ
1575 537 1666 572 μέντοι
1691 536 1739 563 καὶ
1758 536 1797 567 είς
1811 534 1881 567 ξυσ-

1088 583 1161 611 σίτια
1176 583 1265 611 ἀπιὼν
1276 584 1400 618 ἠνείχετο
1415 583 1463 610 καὶ
1487 581 1698 618 Ἀριστοφάνους
1715 580 1883 616 κωμῳδοῦν-

1087 638 1143 661 τος,
1161 629 1209 656 καὶ
1231 629 1402 656 Ἀλκιϐιάδου
1425 628 1616 664 κωμάζοντος·
1638 627 1719 654 τοῦτο
1736 627 1748 643 ³
1767 626 1824 662 γὰρ
1840 625 1884 653 δι-

1087 675 1181 702 δάσκει
1194 675 1242 701 τοῦ
1253 675 1396 706 Πλάτωνος
1405 674 1435 700 τὸ
1449 674 1639 708 Συμπόσιον
1653 673 1700 700 καὶ
1716 673 1756 704 είς
1765 672 1884 707 θέατρον

1089 720 1242 748 ἀναϐαίνων
1256 719 1400 752 ξυνεθεᾶτο
1415 719 1454 754 τῷ
1467 719 1555 754 δήμῳ.
1568 719 1687 746 Ἦκιστα
1703 717 1792 744 τοίνυν
1805 717 1884 752 αὐτῷ

1090 766 1222 802 προσήκει
1237 765 1272 794 τὰ
1285 765 1360 800 παρὰ
1374 765 1517 796 Πλάτωνος
1530 764 1673 800 εἰρημένα.
1687 763 1757 790 Είδὲ
1770 763 1781 779 ⁶
1794 762 1884 795 τούτῳ

1090 813 1120 839 οὐ
1132 812 1268 848 προσῆκε,
1293 811 1374 847 σχολῇ
1390 811 1417 846 γ’
1436 810 1470 838 ἂν
1483 810 1555 846 ἄλλῳ
1579 818 1618 846 τῳ
1635 808 1789 845 ἀρμόσειέν.
1805 809 1838 836 Οἱ
1854 809 1884 835 δὲ

1090 859 1142 894 τῆς
1153 859 1336 894 εὐαγγελικῆς
1346 859 1510 894 ἐρασθέντες
1524 858 1683 893 φιλοσοφίας
1698 858 1792 894 πόρρω
1807 858 1818 873 "
1831 859 1885 893 μὲν

1088 905 1143 933 τῶν
1154 905 1301 932 πολιτικῶν
1312 905 1436 941 θορύϐων
1444 905 1608 940 γεγένηνται
1621 913 1628 920 ·
1642 905 1692 936 τὰς
1704 904 1733 931 δὲ
1745 904 1799 931 τῶν
1810 904 1884 938 ὀρῶν

1090 951 1263 988 ἀκρωνυχίας
1275 951 1483 987 κατειληφότες,
1500 951 1517 987 ἣ
1531 951 1577 978 τὸν
1591 951 1619 977 ὲν
1641 951 1689 986 έρή
1695 958 1755 985 μοις
1773 949 1887 985 χωρίοις

1091 997 1285 1034 ἀγαπήσαντες
1299 997 1366 1034 βίον,
1379 999 1412 1034 τῇ
1426 997 1530 1033 θεωρίᾳ
1543 997 1598 1024 τῶν
1611 997 1690 1024 θείων
1703 996 1750 1024 καὶ
1765 996 1805 1032 τῷ
1817 997 1887 1022 ταύ-

1090 1052 1124 1080 τῃ
1141 1043 1153 1061 ⁸
1164 1043 1380 1080 ξυνηρμοσμένῳ
1399 1044 1470 1079 σφᾶς
1486 1043 1586 1075 αὐτοὺς
1596 1043 1797 1078 ἀπεκλήρωσαν
1817 1042 1869 1078 βίῳ
1879 1052 1885 1058 ·

1091 1090 1122 1118 οὗ
1137 1091 1277 1126 γυναικῶν
1293 1091 1340 1119 καὶ
1354 1091 1458 1118 παίδων
1474 1090 1522 1117 καὶ
1539 1089 1687 1125 κτημάτων
1704 1088 1889 1124 ἐπιμελούμε-

1091 1145 1142 1170 νοι,
1158 1136 1226 1164 ἀλλὰ
1243 1136 1293 1169 τὰς
1306 1136 1395 1172 ψυχὰς
1414 1137 1486 1163 κατὰ
1499 1143 1532 1170 γε
1554 1135 1601 1162 τὸν
1621 1135 1722 1162 κανόνα
1735 1134 1790 1160 τῶν
1806 1133 1889 1160 θείων

1091 1182 1276 1215 διευθύνοντες
1294 1182 1397 1218 νόμων,
1412 1182 1460 1208 καὶ
1474 1179 1529 1208 οἷόν
1543 1189 1615 1213 τινες
1623 1181 1729 1217 ἄριστοι
1746 1180 1889 1215 ζωγράφοι

1093 1227 1163 1264 πρὸς
1186 1227 1220 1254 τὰ
1239 1226 1382 1264 ἀρχέτυπα
1400 1226 1451 1262 τῆς
1472 1225 1575 1261 ἀρετῆς
1601 1225 1652 1256 τὰς
1673 1223 1770 1259 νοερὰς
1795 1222 1889 1250 αὐτῶν

1094 1272 1303 1309 ζωγραφοῦντες
1314 1271 1431 1303 εἰκόνας.
1446 1271 1508 1298 ’Ότι
1523 1271 1577 1306 γὰρ
1591 1270 1624 1306 δὴ
1636 1269 1741 1301 τούτοις
1754 1268 1889 1304 ἁρμόττει

1093 1319 1128 1345 τὰ
1153 1317 1229 1353 παρὰ
1254 1318 1399 1349 Πλάτωνος
1414 1316 1559 1352 εἰρημένα,
1580 1316 1685 1352 μάρτυς
1709 1315 1792 1345 αὐτὸς
1818 1315 1890 1351 μετὰ

1095 1363 1207 1390 πλεῖστα
1222 1361 1308 1389 είπών
1320 1369 1328 1379 ⁸
1346 1371 1356 1388 ι
1370 1360 1527 1397 ΙἈγροικον”
1541 1360 1569 1388 δὲ
1593 1361 1641 1388 καὶ
1665 1361 1828 1389 ἀπαίδευτον
1841 1361 1888 1388 ὑπ’

1095 1408 1224 1444 ἀσχολίας
1234 1408 1310 1436 οὐδὲν
1321 1405 1404 1444 ἧττον
1418 1407 1474 1435 τῶν
1487 1408 1592 1442 νομέων
1607 1407 1653 1434 τὸν
1666 1407 1787 1434 τοιοῦτον
1803 1408 1890 1441 ἀναγ-

1095 1455 1173 1481 καῖον
1186 1454 1340 1488 γίγνεσθαι,
1354 1453 1437 1488 σηκὸν
1456 1455 1485 1480 έν
1503 1453 1561 1489 δρει
1581 1453 1611 1480 τὸ
1634 1454 1723 1489 τεῖχος
1734 1453 1744 1469 ³
1757 1452 1890 1488 περιΰαλ-

1095 1500 1219 1535 λόμενον,
1235 1499 1290 1534 Γῆς
1303 1499 1332 1526 δὲ
1348 1500 1413 1526 ὅταν
1431 1499 1517 1535 μυρία
1535 1499 1640 1535 πλέθρα
1656 1499 1713 1535 ἢεῖ
1724 1500 1746 1515 ¹⁰
1763 1508 1789 1525 τι
1806 1499 1890 1525 πλέον

256 1557 326 1585 rima
336 1555 395 1583 haec
405 1553 510 1582 addens
518 1553 555 1589 (p.
565 1551 627 1587 174)
638 1559 645 1578 :
657 1550 780 1578 «Rudem
789 1556 855 1576 vero
866 1553 894 1575 et
903 1547 1044 1574 indoctum

1098 1546 1202 1582 ἀκούσῃ
1217 1545 1254 1578 ὥς
1271 1554 1312 1577 τις
1327 1545 1380 1581 ἄρα
1394 1546 1563 1582 κεκτημένος
1576 1545 1720 1581 θαυμαστὰ
1738 1545 1828 1581 πλήθη
1843 1546 1890 1571 κέ-

255 1609 313 1638 prae
326 1601 370 1629 sui
386 1598 488 1635 negotii
507 1597 673 1629 attentione,
689 1596 770 1624 talem
787 1594 848 1622 ﬁeri
867 1600 981 1621 necesse
992 1596 1044 1625 est,

257 1637 313 1675 non
331 1653 412 1674 secus
426 1652 458 1672 ac
468 1648 606 1680 pastores,
619 1643 627 1653 ‘
640 1645 737 1676 utpote
754 1641 802 1675 qui
815 1639 931 1675 perinde
948 1637 1048 1666 mani-

257 1693 310 1721 bus
321 1695 352 1719 ut
362 1690 400 1719 illi
418 1689 503 1722 caulae
518 1691 596 1724 septo
610 1687 638 1714 in
653 1690 747 1714 monte
763 1685 960 1713 circumdetur.
978 1683 1048 1712 Cum

257 1745 325 1767 vero
337 1737 435 1764 decem
451 1734 538 1762 millia
553 1734 682 1769 jugerum
693 1736 741 1759 aut
753 1732 834 1767 plura
849 1730 986 1759 nominari
998 1737 1048 1757 au-

260 1784 312 1816 dit,
327 1789 447 1817 eumque
459 1780 507 1816 qui
519 1780 565 1807 illa
573 1779 714 1814 possideat
722 1777 969 1813 locupletissimum
979 1784 1050 1811 pra:-

260 1827 358 1861 dicari,
369 1826 448 1854 valde
458 1824 557 1861 exigua
568 1824 622 1851 sibi
633 1824 731 1851 audire
741 1823 864 1854 videtur,
877 1822 923 1857 qui
937 1822 1051 1849 univer-

260 1881 321 1902 sum
332 1877 414 1900 terra!
426 1871 521 1898 orbem
532 1873 658 1904 spectare
671 1868 707 1896 sit
717 1868 824 1895 solitus.
840 1876 849 1893 ι
866 1866 944 1900 Quod
957 1869 1050 1893 autem

259 1917 353 1944 nullus
377 1915 537 1943 Graecorum
557 1912 787 1948 phi1050phorum
811 1916 974 1939 montanum
997 1915 1052 1939 sta-

260 1962 359 1991 bulum
373 1959 516 1991 habitarit,
529 1958 597 1986 satis
615 1961 740 1985 veterum
758 1960 937 1984 monumenta
955 1959 1052 1983 osten-

262 2008 341 2036 dunt.
366 2006 442 2034 Idem
460 2013 527 2033 vero
545 2008 573 2032 et
592 2012 641 2032 vos
669 2003 819 2036 testamini,
843 2003 890 2038 qui
914 2003 968 2030 hoc
989 2002 1052 2030 vitae,

262 2060 350 2091 genus
371 2051 539 2080 docentibus
561 2050 681 2086 graviter
707 2049 887 2082 succensetis,
910 2056 973 2076 cum
999 2048 1053 2076 hoc

262 2104 355 2127 tamen
369 2098 446 2126 Plato
460 2097 540 2124 valde
550 2095 719 2123 laudandum
732 2095 842 2122 dixerit.
859 2094 1052 2122 Consentanea

262 2153 330 2172 vero
341 2143 405 2171 etin
419 2142 541 2170 secundo
550 2140 709 2176 Reipublicw
717 2140 790 2168 libro
800 2140 895 2167 scribit
903 2139 940 2175 (p.
950 2139 998 2166 561
1008 2139 1051 2174 Β).

267 2201 275 2217 ι
290 2190 349 2218 Tali
361 2189 474 2216 homine
486 2187 570 2214 semel
584 2195 599 2214 a
614 2187 695 2214 nobis
708 2186 809 2221 posito,
826 2185 926 2220 inquit,
946 2185 1052 2220 justum

1099 1600 1208 1627 κτηται,
1224 1591 1296 1619 πάνυ
1308 1592 1413 1627 σμικρὰ
1427 1592 1502 1619 δοκεῖ
1520 1591 1641 1625 ἀκούειν,
1652 1593 1693 1623 είς
1708 1592 1817 1619 ἅπασαν
1828 1592 1890 1618 εἰω-

1099 1636 1154 1669 θὼς
1167 1637 1216 1672 τὴν
1235 1636 1287 1672 γῆν
1306 1636 1426 1672 βλέπειν.
1445 1646 1455 1663 ι
1477 1637 1539 1664 Ὀτι
1563 1637 1591 1664 δὲ
1614 1637 1670 1664 τῶν
1689 1637 1754 1673 παρ’
1778 1637 1890 1674 Ἕλλησι

1101 1683 1359 1719 πεφιλοσοφηκύτων
1380 1683 1469 1716 οὐδεὶς
1489 1684 1518 1711 ὲν
1533 1684 1591 1720 ὄρει
1620 1684 1703 1720 σηκὸν
1728 1684 1891 1719 δειμάμενος

1100 1729 1217 1766 ᾤκησεν,
1237 1730 1315 1757 ἱκανὰ
1330 1730 1378 1765 μὲν
1391 1729 1439 1756 καὶ
1451 1730 1485 1756 τὰ
1499 1729 1602 1756 παλαιὰ
1614 1729 1732 1765 δηλῶσαι
1748 1729 1891 1765 ξυγγράμε

1102 1785 1184 1812 ματα,
1202 1777 1366 1812 μαρτυρεῖτε
1385 1775 1414 1802 δὲ
1427 1776 1474 1802 καὶ
1488 1776 1579 1811 ὑμεῖς,
1594 1776 1651 1807 τοῖς
1664 1774 1759 1802 τοῦτον
1774 1775 1794 1790 ¹¹
1825 1783 1890 1809 μετ-

1100 1821 1172 1849 ιοῦσι
1184 1822 1352 1857 νεμεσῶντες
1377 1821 1424 1847 τὴν
1451 1820 1519 1856 βίον.
1553 1820 1647 1847 Ἀλλ’δ
1664 1820 1776 1847 Πλάτων
1798 1819 1891 1846 τοῦτον

1100 1867 1211 1902 εἴρηκεν
1228 1867 1460 1901 ἁξιαγαστὸτατον
1488 1866 1564 1903 [170]
1592 1864 1671 1893 εἷναι.
1697 1866 1837 1901 Ξύμλεωνα
1863 1866 1892 1892 δὲ

1101 1912 1153 1939 κάν
1161 1911 1200 1947 τῷ
1219 1912 1337 1948 δευτέρῳ
1352 1913 1400 1947 τῆς
1409 1912 1565 1945 Πολιτείας
1577 1912 1639 1948 ἔφη’
1652 1921 1661 1937 ι
1676 1912 1728 1938 Τὸν
1742 1911 1795 1946 γὰρ
1809 1911 1893 1937 τοιοῦ-

1100 1965 1158 1991 τον,
1172 1958 1248 1992 φησὶ,
1265 1957 1366 1989 θέντες,
1378 1958 1424 1984 τὸν
1438 1958 1543 1984 δίκαιον
1555 1955 1588 1984 αὗ
1601 1957 1666 1992 παρ’
1678 1957 1759 1984 αὐτὸν
1775 1958 1892 1992 ίστῶμεν

1101 2003 1140 2038 τῷ
1150 2002 1233 2038 λόγῳ,
1247 2003 1332 2039 ἄνδρα
1348 2002 1452 2030 ἁπλοῦν
1468 2003 1515 2031 καὶ
1527 2005 1659 2038 γενναῖον,
1678 2003 1737 2030 κατ’
1749 2003 1891 2038 Αἰσχύλον,

1102 2049 1133 2075 οὺ
1148 2048 1237 2075 δοκεῖν
1264 2049 1322 2075 ἀλλ’
1337 2046 1407 2076 εἶναι
1431 2049 1533 2084 ἀγαθὸν
1555 2049 1694 2078 ἐθέλοντα.
1720 2050 1892 2085 Ἀφαιρετέον

1102 2092 1131 2119 δὲ
1146 2093 1180 2119 τὸ
1196 2093 1306 2120 δοκεῖν.
1324 2092 1355 2120 Εἰ
1369 2094 1423 2129 γὰρ
1437 2093 1508 2126 δόξει
1523 2094 1545 2110 ⁸³
1559 2095 1663 2126 δίκαιος
1685 2093 1765 2127 εἶναι,
1788 2095 1892 2121 ἔσονται

1103 2137 1177 2172 αὐτῷ
1188 2138 1266 2172 τιμαὶ
1279 2138 1324 2164 καὶ
1336 2138 1445 2173 δωρεαὶ,
1457 2139 1578 2165 δοκοῦντι
1589 2139 1702 2175 τοιούτῳ
1716 2137 1796 2166 εἶναι.
1811 2139 1893 2174 Ἀδη-

1103 2183 1148 2210 λον
1165 2181 1221 2215 οὖν,
1238 2184 1292 2211 εἴτε
1307 2184 1354 2211 τοῦ
1365 2184 1481 2218 δικαίου,
1493 2185 1547 2211 εἴτε
1560 2184 1615 2211 τῶν
1625 2185 1733 2220 δωρεῶν
1747 2185 1792 2212 καὶ
1807 2185 1893 2220 τιμῶν

263 2242 361 2263 rursus
375 2234 452 2269 juxta
466 2233 540 2259 hunc
560 2236 725 2264 statuamus,
741 2231 832 2258 virum
852 2229 1006 2265 simplicem
1024 2236 1044 2256 et

1104 2230 1197 2257 ένεκεν
1211 2229 1330 2261 τοιοῦτος
1349 2231 1404 2266 εἴη.
1419 2230 1579 2265 Γυμνωτέος
1593 2230 1624 2266 δὴ
1648 2231 1756 2257 πάντων
1769 2230 1840 2266 πλὴν
1856 2231 1894 2257 διο

263 2287 439 2316 generosum,
459 2278 517 2313 qui,
534 2282 565 2304 ut
583 2277 622 2303 ait
641 2276 799 2312 A‘Ischylus,
815 2283 869 2302 non
886 2274 986 2307 videri,
1004 2274 1053 2302 scd

263 2334 323 2354 esse
333 2325 423 2352 bonus
433 2326 551 2358 appetat.
565 2322 634 2349 Illud
645 2322 717 2349 enim
731 2321 812 2349 videri
820 2328 936 2356 prorsus
951 2321 1051 2348 tollen-

263 2372 329 2399 dum
352 2377 462 2397 censeo.
486 2368 554 2395 Nam
579 2368 602 2395 si
620 2368 711 2403 justus
729 2367 891 2394 hominibus
911 2366 1051 2400 videatur,

263 2417 384 2444 honores
393 2415 470 2442 illum
483 2418 511 2441 et
523 2421 639 2440 munera
652 2413 844 2448 insequentur,
855 2412 903 2447 qui
915 2412 978 2439 talis
990 2420 1052 2440 esse

263 2463 400 2490 videatur.
411 2462 548 2488 Incertum
560 2460 653 2494 itaque
665 2459 729 2491 erit,
739 2463 832 2486 utrum
846 2457 1002 2494 isjustitiaz,
1016 2466 1051 2485 an

259 2509 439 2545 prmniorum
454 2514 487 2534 ac
497 2506 662 2542 dignitatum
674 2512 756 2532 causa
768 2504 803 2532 sit
815 2504 888 2532 talis.
901 2503 1053 2532 Nudandus

264 2555 346 2590 plane
368 2558 410 2581 est
426 2553 510 2581 rebus
524 2552 667 2584 omnibus,
685 2554 800 2586 excepta
818 2550 937 2586 justitia,
961 2554 989 2577 et
1003 2549 1054 2576 ﬁn-

265 2601 372 2637 gendus
388 2600 528 2628 contrario
542 2599 625 2626 modo
644 2598 761 2626 aﬂ‘ectus
776 2605 860 2633 quam
879 2597 966 2632 prior.
984 2596 1054 2624 Cum

265 2647 357 2682 itaque
369 2646 438 2674 nihil
448 2646 549 2673 habeat
560 2643 736 2682 (injustitiae),
752 2647 844 2671 tamen
854 2643 1054 2679 injustissimus

1105 2275 1263 2311 καιοσύνης,
1279 2275 1326 2302 κα)⁸
1339 2276 1465 2310 ποιητέος
1479 2276 1609 2307 ἐναντίως
1632 2276 1803 2311 διακείμενος
1819 2276 1841 2291 ¹³
1855 2276 1893 2310 τῷ

1106 2321 1241 2357 προτέρῳ.
1251 2322 1342 2356 Μηδὲν
1354 2321 1409 2356 γὰρ
1419 2321 1489 2357 ἔχων
1503 2320 1581 2354 δόξαν
1596 2321 1680 2356 ἐχέτω
1694 2322 1824 2357 μεγίστην
1839 2321 1893 2348 ἀδι-

1105 2368 1178 2400 κίας,
1189 2367 1232 2394 ἵνα
1246 2365 1503 2403 βεϐασανισμένοςῇ
1521 2368 1560 2399 είς
1571 2368 1755 2404 δικαιοσύνην,
1769 2367 1807 2403 τῷ
1823 2368 1859 2403 μὴ
1872 2368 1891 2383 ιδ

1105 2414 1228 2442 τίθεσθαι
1239 2413 1290 2440 ὑπὸ
1304 2414 1327 2430 ¹⁵
1346 2413 1515 2446 κακοδοξίας,
1533 2414 1581 2441 καὶ
1596 2413 1651 2441 τῶν
1675 2415 1723 2441 ἀπ’
1739 2413 1823 2449 αὐτῆς
1853 2422 1893 2449 γι-

1106 2459 1244 2495 γνομένων
1256 2467 1262 2475 ·
1284 2459 1342 2486 ἀλλ’
1360 2459 1431 2486 ἔστω
1450 2459 1640 2494 ἀμετάστατος
1660 2460 1741 2495 μέχρι
1766 2459 1891 2491 θανάτου,

1107 2505 1194 2532 δοκῶν
1206 2502 1276 2532 εἶναι
1295 2504 1386 2537 ἄδικος
1401 2504 1445 2531 διὰ
1462 2505 1531 2540 βίου.
1553 2514 1562 2531 ι
1582 2505 1638 2532 Καὶ
1655 2505 1742 2532 ταῦτα
1762 2505 1791 2532 δὲ
1805 2505 1893 2532 ὡσαύ-

1107 2559 1160 2582 τως
1171 2551 1228 2582 τοῖς
1242 2550 1387 2586 ἡμετέροις
1407 2551 1538 2586 ἁρμόττει
1555 2552 1605 2587 τῆς
1629 2551 1730 2587 ἀρετῆς
1753 2551 1891 2587 ἀθληταῖς.

1106 2596 1145 2623 Οὗ
1164 2595 1219 2632 γὰρ
1239 2595 1415 2628 Ἀντισθένει,
1430 2595 1478 2622 καὶ
1489 2596 1622 2630 Διογένει,
1637 2596 1684 2622 καὶ
1702 2597 1826 2631 Κράτητι
1843 2605 1892 2622 πα-

1107 2641 1265 2678 ροιπλησίως
1284 2642 1366 2693 navi};
1380 2641 1461 2669 ἕνεκα
1475 2642 1566 2677 δόξης,
1579 2641 1638 2669 ἀλλ’
1651 2634 1735 2671 αὐτοῦ
1756 2650 1788 2676 γε
1803 2642 1892 2669 εἵνεκα

924 2709 1039 2737 ΥΑΠΙίΕ
1059 2708 1262 2738 LECTIONES.

300 2782 406 2825 ξτοῦξο
413 2782 609 2825 -Μσυμπρσιον
624 2790 679 2810 οιη.
693 2782 725 2825 D'.
763 2782 812 2825 επεὶ
825 2781 864 2825 δέ.
877 2817 882 2823 ι
898 2782 958 2825 οὐδὲ
983 2782 1032 2810 Va.
1045 2782 1122 2825 [Mox
1141 2781 1275 2825 σχολῇιρὶ
1293 2781 1325 2809 D.
1340 2817 1350 2825 α
1364 2781 1502 2825 "Metire.
1532 2781 1682 2825 népéweav‘
1697 2781 1784 2825 Dan".
1799 2779 1889 2822 ταύτῃ.

265 2818 366 2878 Extirpa;
380 2818 429 2845 Va.
444 2815 515 2845 Tum
531 2817 762 2878 ξυνηρμοσαιμένῳ
780 2817 812 2848 D,
822 2821 859 2857 _et
875 2816 945 2844 infra
964 2818 1111 2857 κτημάτων
1188 2815 1302 2844 παίδων.
1340 2817 1350 2832 ⁹
1366 2817 1395 2844 τὸ
1408 2815 1507 2852 τεῖχος.
1519 2825 1549 2843 τε
1560 2815 1649 2851 τεῖχος
1662 2815 1693 2844 C.
1734 2816 1756 2832 ¹⁰
1771 2815 1787 2851 ἢ
1803 2815 1836 2841 εἰ.
1850 2815 1890 2850 εἴη

279 2870 296 2878 ..
335 2859 380 2878 um
397 2852 531 2878 ἀκουσίως
543 2852 622 2878 πλέον
633 2861 675 2878 τις
709 2871 716 2878 .
755 2852 775 2867 ¹¹
789 2860 892 2878 τουτον.
909 2860 1026 2878 τοιουτον
1055 2853 1086 2878 D.
1124 2851 1144 2866 “
1159 2851 1323 2878 οόξαι.δύεει
1348 2851 1380 2878 Ι).
1402 2855 1430 2878 et
1460 2859 1524 2878 mox
1545 2851 1637 2878 ἕνεκα.
1677 2852 1698 2868 ¹³
1713 2850 1889 2878 διακείμενος.

265 2851 296 2881 C.
311 2851 380 2879 Tum
397 2852 531 2883 ἀκουσίως
543 2851 622 2879 πλέον
633 2861 675 2883 τις

755 2852 775 2867 ¹¹
789 2851 892 2878 τοῦτον.
909 2851 1026 2878 τοιοῦτον
1055 2853 1086 2879 D.

1124 2851 1144 2866 “
1159 2851 1323 2883 δόξαι.δύξει
1348 2851 1380 2885 D,
1402 2855 1430 2880 et
1452 2850 1524 2879 iuox
1545 2850 1637 2879 ἕνεκα.
1677 2852 1698 2868 ¹³
1713 2850 1889 2885 διακείμενος.

266 2887 429 2921 διακειμένῳ
442 2885 473 2918 C.
486 2887 517 2914 ι).
534 2887 593 2914 Mox
608 2887 736 2921 μεγίστης
749 2886 781 2913 D.
821 2887 842 2902 ’δ
859 2885 897 2921 τῷ
910 2888 957 2921 μή.
969 2887 998 2913 τὸ
1014 2886 1051 2922 μὴ
1065 2886 1094 2914 C.
1136 2887 1157 2903 ”
1171 2886 1233 2913 ὑπό.
1243 2887 1297 2914 ἀπὸ
1313 2886 1342 2914 C.
