1965 3051
143 121 214 157 1133

409 125 628 156 ϐΒιΕΟΑΒΗΜ
646 126 692 156 AF
694 127 715 156 F
718 127 796 157 ECT.
818 127 928 157 (SURAE

979 129 1101 160 L—XII.
1123 129 1171 159 DE
1191 130 1358 161 VIRTUTE
1378 132 1521 164 ACTIVA.

1705 135 1774 169 1135

142 181 191 209 τοῦ
204 180 287 208 καλοῦ
299 181 398 217 δρῶσιν
409 181 428 209 ἃ
440 181 539 218 δρῶσιν
553 182 584 208 ¹⁸.
598 183 643 209 Διὸ
654 183 687 218 δὴ
704 183 752 210 καὶ
767 183 871 211 πόλεων
885 183 928 210 καῒ

985 192 1046 213 esse
1057 185 1188 214 credatur
1201 195 1207 214 :
1225 191 1256 215 ut
1265 187 1320 215 hoc
1328 187 1456 216 examine
1469 188 1572 224 1021
1591 189 1724 224 probetur
1739 192 1773 220 ad

141 227 246 263 κωμῶν
258 228 352 263 πόρρω
362 227 497 262 διάγουσι,
510 228 559 264 τὴν
571 229 671 264 ἀρετὴν
683 229 931 266 κατακρύπτοντες,

143 274 192 301 καὶ
204 274 276 309 μόνῳ
292 282 323 308 γε
338 273 377 309 τῷ
395 274 498 310 ταύτης
514 274 671 311 ἀγωνοθέτῃ
685 275 850 307 δεικνύντες.
863 275 933 302 Ἀλλ’

142 320 223 354 ὑμεῖς
235 319 300 350 τοὺς
317 319 367 355 μὲν
381 318 469 351 οὕτως
495 320 713 356 ἀγωνιζομένους
735 320 797 348 οὔτε
821 321 933 356 θεωρεῖν

139 364 205 392 οὔτε
225 364 378 399 θαυμάζειν
404 363 520 392 ἐθέλετε.
546 365 577 392 El
592 365 620 392 δέ
633 373 709 397 τινας
732 364 811 392 τδοιτε
835 365 866 392 τὸ
884 366 933 401 μὲν

141 411 292 446 πρόσχημα
307 409 386 436 τοῦτο
399 410 619 445 περικειμένους,
630 411 661 438 οὐ
673 411 763 439 πάντα
774 412 803 439 δὲ
818 421 933 448 συνομο-

141 455 272 490 λογοῦντα
287 455 326 490 τῷ
342 455 462 491 σχήματι
483 455 539 490 βίον
559 455 780 492 ἀσπαζομένους,
796 457 877 490 εὐθὺς
892 459 932 490 είς

142 499 275 535 λοιδορίαν
291 500 392 527 κινεῖτε
407 499 456 536 τὴν
476 500 610 534 γλῶτταν.
631 501 687 528 Καὶ
702 502 727 528 εί
746 501 795 537 μὲν
811 502 932 535 ἐκείνους

141 547 271 573 team-.5
286 547 395 582 μόνους,
409 544 481 582 εἶχεν
495 546 528 573 ἄν
546 555 607 574 τινα
619 546 649 573 τὸ
663 547 824 583 γιγνόμενον
841 548 930 582 λόγον’

141 591 280 627 ἐπειδὴδὲ
296 593 354 627 μετ’
378 593 490 619 ἐκείνων
505 593 552 619 καὶ
575 594 638 625 τοὺς
659 594 788 630 ἄντικρυς
804 594 932 628 ἐναντίως

140 637 328 673 διακειμένους
344 637 469 670 ἐκείνοις,
492 639 538 664 καὶ
564 638 672 674 ἀληθῶς
696 640 930 675 φιλοσοφοῦντας,

140 684 282 720 κωμῳδεῖν
301 684 433 720 πειρᾶσθε
459 686 506 712 καὶ
532 685 682 722 διασύρειν,
697 687 741 714 τὸν
765 688 931 716 ἀδικώτατον

140 729 218 765 ὑμῶν
233 729 311 765 δῆλον
328 732 429 757 ποιεῖτε
457 731 575 758 σκοπόνο
594 732 624 759 οὐ
648 733 702 767 γὰρ
726 735 782 765 τοῖς
805 736 931 770 πονηροῖς

140 775 340 810 ἀπεχθάνεσθε,
358 776 427 803 ἀλλὰ
440 777 485 803 τὸν
505 777 662 809 ἀξιέπαινον
681 778 837 806 διαδάλλετε
855 779 930 815 βίον·

138 821 233 855 ὅμοιον
246 820 386 853 ποιοῦντες
398 821 492 857 ὥσπερ
510 822 542 848 ἂν
558 822 585 848 εί
603 832 646 855 τις
670 824 787 859 πίθηκον
805 824 867 852 ἰδὼν
885 834 931 860 μι-

981 232 1129 268 justitiam,
1145 232 1168 260 si
1185 241 1237 261 nec
1253 233 1377 266 infamia,
1392 241 1445 262 nec
1453 234 1536 262 rebus
1550 234 1583 263 iis
1597 243 1657 271 qua:
1670 245 1774 272 prove-

983 277 1065 304 niunt
1083 278 1117 305 ab
1136 277 1260 311 infamia,
1284 282 1438 312 moveatur.
1460 278 1508 307 sed
1534 279 1716 310 immutabilis
1739 283 1774 316 ad

983 328 1101 352 mortem
1116 331 1204 359 usque
1219 324 1360 359 persistat.
1371 325 1480 352 tametsi
1496 332 1546 360 per
1561 333 1672 354 omnem
1687 328 1772 356 vitam

983 368 1113 396 credatur
1125 376 1185 396 esse
1202 369 1332 404 injustus.
1353 378 1362 394 ι
1377 368 1441 397 Haec
1455 373 1548 397 autem
1560 371 1663 398 nostris
1676 372 1774 400 simili-

983 419 1025 442 ter
1037 415 1150 442 virtutis
1162 415 1273 451 athletis
1292 419 1459 451 congruunt.
1480 415 1576 452 Neque
1593 416 1680 451 enim,
1700 417 1773 446 sicut

982 461 1172 494 Antisthenes,
1198 461 1344 496 Diogenes,
1377 464 1406 488 et
1427 460 1534 494 Crates,
1563 461 1656 490 inanis
1678 463 1772 498 gloria:

982 515 1075 540 causa,
1091 507 1141 535 sed
1158 512 1271 543 propter
1287 507 1375 542 ipsam
1396 507 1570 536 honestatem
1584 507 1692 537 faciunt
1711 517 1774 545 qua;

982 551 1096 579 faciunt.
1108 551 1231 587 Eamque
1240 551 1276 579 ob
1284 559 1343 579 rem
1353 551 1452 579 semoti
1461 559 1476 579 a
1485 551 1644 580 civitatibus
1655 558 1683 581 et
1696 554 1772 590 pagis

982 595 1066 623 vitam
1076 600 1170 631 agunt,
1183 596 1314 623 virtutem
1328 595 1509 629 occultantes,
1521 603 1549 624 et
1563 597 1613 624 soli
1628 597 1712 634 hujus
1725 606 1771 627 re-

982 643 1151 670 muneratori
1158 650 1218 670 eam
1229 641 1416 671 ostendentes.
1423 642 1479 670 Vos
1486 650 1552 670 vero
1560 643 1599 670 sic
1607 643 1668 671 illos
1677 643 1773 672 decer-

982 692 1071 716 tantes
1085 696 1138 716 ncc
1154 692 1280 724 spectare
1293 688 1395 721 vultis,
1411 696 1463 716 nec
1479 689 1608 716 laudibus
1628 690 1770 725 prosequi.

981 732 1058 766 Quod
1070 732 1093 760 si
1108 740 1178 768 quos
1192 733 1264 761 forte
1280 732 1409 765 videatis,
1421 733 1542 760 nominis
1555 732 1637 769 hujus
1650 734 1771 769 speciem

981 785 1038 813 pra:
1050 785 1079 806 se
1095 778 1229 811 ferentes,
1247 785 1337 813 neque
1351 782 1567 811 consentaneam
1583 779 1670 806 cultui
1686 780 1771 807 vitam

981 823 1116 856 viventes,
1134 824 1208 852 illico
1224 824 1253 851 in
1271 824 1417 851 maledicta
1437 824 1558 860 linguam
1578 826 1769 854 commovetis.

141 865 277 901 μούμενον
295 866 450 903 ἄνθρωπον,
465 866 499 894 δι’
515 868 622 904 ἐκείνην
632 869 681 904 τὴν
693 869 808 905 μίμησιν
822 871 869 897 καὶ
877 859 928 899 τῶν

981 869 1020 897 Ac
1029 869 1142 905 quidem
1158 870 1232 898 solos
1247 869 1309 897 illos
1325 870 1347 897 si
1358 859 1586 905 proscinderetis,
1602 871 1708 899 ratione
1722 871 1773 899 ali-

139 911 292 946 ἀνθρώπων
308 913 418 948 μισήσοι
439 914 460 929 ⁸⁷
478 914 525 949 τὴν
543 914 634 948 φύσιν.
648 915 755 951 Ταύτης
777 915 806 942 δέ
825 925 867 943 τοι
882 917 930 951 τῆς

140 957 264 992 γνώμης,
276 958 326 985 οὐκ
338 957 393 993 ἐγὼ
406 959 496 994 μόνος,
510 959 578 986 ἀλλὰ
588 959 636 986 καὶ
646 959 759 987 Πλάτων
771 963 929 997 κατηγορεῖ.

146 1002 192 1029 Ἐν
205 1003 259 1038 γάρ
275 1002 338 1040 [τοι]
362 1004 400 1040 τῷ
422 1004 570 1039 Θεαιτήτῳ
592 1005 672 1040 φησί·
693 1014 702 1031 ι
721 1006 889 1042 Σκεψώμεθα
902 1007 931 1034 δέ

139 1057 180 1084 πη
194 1049 269 1085 τῇδε·
285 1050 366 1085 Φέρε,
385 1051 412 1077 εί
423 1059 465 1083 τις
483 1050 504 1066 ίθ
521 1050 608 1085 αίγῶν
618 1051 737 1087 τροφὴν,
759 1052 847 1079 καὶτὸ
861 1053 930 1085 ζῶον

140 1096 218 1128 αὐτὸ,
229 1096 322 1131 κτῆμα
335 1097 372 1128 ὡς
385 1097 466 1123 καλόν
478 1098 563 1130 ἐστιν,
579 1098 687 1125 ἐπαινοῖ
700 1099 733 1131 ¹⁹,
745 1098 824 1131 ἄλλος
839 1099 868 1126 δέ
878 1107 929 1132 τις,

140 1141 272 1177 ἑωρακὼς
285 1141 366 1177 αἶγας
379 1143 464 1178 χωρὶς
476 1143 630 1179 νεμομένας
651 1143 763 1171 αἰπόλου
777 1145 806 1172 ὲν
819 1145 930 1180 ἐργασί-

141 1195 202 1221 μοις
219 1188 329 1223 χωρίοις
341 1188 448 1224 δρώσας
462 1188 544 1221 κακὰ,
561 1188 696 1223 διαψέγοι,
713 1189 761 1216 καὶ
772 1190 827 1217 πᾶν
844 1190 930 1226 θρέμ-

142 1241 181 1267 μα
196 1233 313 1269 ἄναρχον
330 1234 345 1269 ἢ
359 1233 429 1268 μετὰ
443 1234 537 1261 κακῶν
551 1235 690 1270 ἀρχόντων
708 1235 768 1262 ἰδὼν
779 1235 850 1264 οὕτω
859 1237 930 1273 μέμ-

140 1285 229 1311 φοιτο,
245 1278 291 1304 τὸν
315 1278 435 1305 τοιοῦτον
455 1278 539 1314 ψόγον
556 1280 697 1315 ἡγούμεθα
719 1281 795 1315 ὑγιὲς
808 1281 840 1308 ἄν
865 1291 929 1308 ποτε

139 1323 230 1358 ψέξαι,
247 1323 294 1349 καὶ
308 1323 413 1356 ὁτιοῦν;
430 1324 478 1350 κα
495 1324 588 1356 ὃπως;
613 1334 622 1350 ›
639 1324 732 1352 Ταῦτα
747 1324 795 1351 τοῦ
814 1326 925 1353 Πλάτω-

139 1377 196 1400 νος,
210 1366 233 1395 ὦ
247 1369 352 1404 ἄνδρες,
363 1369 413 1396 οὐκ
427 1370 482 1405 ὲμὰ
503 1370 538 1396 τὰ
561 1371 681 1406 ῥήματα.
714 1371 831 1405 Ἐδίδαξε
846 1372 874 1398 δὲ
890 1373 928 1409 μὴ

140 1414 249 1442 ἅπαντα
262 1416 285 1431 ’θ
303 1414 439 1442 σκώπτειν
452 1415 486 1442 τὰ
502 1415 647 1452 θρέμματα
661 1416 705 1444 διὰ
719 1417 753 1443 τὰ
770 1417 862 1450 κακῶς
877 1418 929 1445 ὑπὸ

140 1460 233 1487 κακῶν
259 1460 397 1496 ἀρχόντων
413 1461 555 1496 ἀρχόμενα
569 1463 604 1494 ¹¹,
624 1462 640 1497 ἢ
656 1462 786 1498 ἄρχοντος
812 1464 928 1498 πάμπαν

139 1507 320 1542 ἐστερημένα.
339 1508 394 1534 Καὶ
414 1508 530 1544 ἀλλαχοῦ
546 1509 574 1535 δὲ
590 1510 670 1537 πάλιν
686 1510 835 1546 διαρρήδην
855 1511 928 1539 διδά-
941 1526 963 1556 c

140 1560 220 1586 σκει,
250 1553 288 1584 ὡς
311 1553 464 1589 φιλοσόφων
496 1555 598 1591 πλῆθος
627 1555 757 1584 ἀδύνατον
789 1557 925 1591 γενέσθαι.

141 1605 152 1623 ‹
172 1597 379 1634 Ναρθηκοιρόροι
392 1599 441 1634 μὲν
455 1600 509 1635 γὰρ
525 1600 628 1633 πολλοὶ,
645 1601 726 1637 φησὶν
739 1602 773 1634 ’³,
792 1601 888 1638 βάκχοι
899 1603 928 1630 δέ

138 1650 168 1669 τε
181 1643 291 1678 παῦροι.
309 1654 318 1670 ι
333 1644 418 1671 Τοῦτο
430 1645 458 1671 δὲ
470 1645 518 1672 καὶ
531 1645 545 1671 ὁ
559 1646 696 1681 Δεσπότης
709 1645 784 1683 [ΓΗ]
796 1646 848 1682 ἔφη
862 1648 928 1682 Χρι-

139 1688 202 1721 στός
214 1690 237 1705 ’³
251 1698 257 1705 ·
277 1699 286 1715 ι
309 1690 404 1717 Πολλοὶ
421 1690 486 1725 γὰρ,
500 1688 573 1723 εἷπε,
592 1692 697 1727 κλητοὶ,
709 1692 794 1727 όλίγοι
810 1693 838 1720 δὲ
850 1693 927 1720 ἐκλε-

138 1734 208 1761 κτοί.
229 1743 239 1760 ›
257 1735 367 1771 Συνῳδὰ
383 1735 433 1772 [δὲ]
445 1736 550 1768 τούτοις
565 1738 580 1764 ό
595 1737 709 1765 Πλάτων
725 1738 777 1766 κάν
790 1740 824 1774 τῇ
845 1739 926 1767 Ἐπι-

138 1780 237 1814 νομίὸι
250 1781 332 1816 φησιν
345 1789 352 1796 ”
371 1792 380 1808 ι
400 1781 436 1809 OG
458 1791 529 1818 φημι
543 1780 613 1810 εἶναι
637 1783 791 1819 ἀνθρώποις
816 1783 927 1812 δυνατὸν

140 1827 285 1862 μακαρίοις
297 1826 349 1864 [τε]
359 1829 406 1855 καὶ
418 1828 558 1863 εὐδαίμοσι
575 1828 713 1863 γενέσθαι,
732 1829 802 1864 πλὴν
816 1829 924 1863 ὀλίγων.

137 1870 227 1906 Μέχρι
244 1881 297 1907 περ
310 1872 342 1899 ἂν
357 1873 458 1908 ζῶμεν,
474 1873 553 1900 τοῦτο
564 1873 727 1908 διορίζομαι.
743 1873 821 1908 Καλὴ
836 1873 865 1900 δὲ
882 1874 927 1900 έλ-

138 1916 185 1948 πὶς
198 1917 391 1952 τελευτήσαντι
410 1919 500 1953 τυχεῖν
513 1917 652 1946 ἁπάντων.
674 1928 684 1945 ι
706 1918 739 1945 Τί
758 1918 857 1955 δήποτε
871 1919 927 1946 τοί-

138 1969 186 1988 νυν
204 1961 382 1995 χαλεπαίνετε
399 1962 465 1997 παρ’
484 1963 551 1997 ἡμῖν
567 1962 591 1978 ³⁵
601 1962 719 1998 ὁρῶντές
733 1971 811 1995 τινας
832 1963 927 1997 ψευδο-

139 2006 237 2042 μένους
262 2006 292 2033 ὃν
316 2007 532 2041 ἐπαγγέλλονται
551 2007 625 2043 βίονς
656 2008 727 2035 ’Λνθ’
743 2008 804 2035 ὅτου
831 2009 859 2035 δὲ
888 2009 925 2045 μὴ

138 2050 294 2086 θαυμάζετε
312 2051 376 2083 τοὺς
394 2050 440 2078 τὸν
457 2051 586 2086 ὑπερφυᾶ.
600 2051 657 2086 βίον
670 2051 862 2088 ἠγαπηκότας,
879 2053 926 2079 καὶ

138 2097 166 2124 ὲν
183 2097 290 2133 σώματι
305 2097 353 2132 μὲν
366 2096 593 2132 ἀγωνιζομένους,
609 2097 658 2132 τὴν
671 2097 816 2133 ἀσώματον
829 2097 858 2124 δὲ
874 2106 925 2124 πο-

137 2142 239 2170 λιτείαν
251 2143 440 2179 ὲζηλωκότας;
451 2143 509 2170 Πᾶν
522 2142 576 2178 γὰρ
590 2143 744 2170 τούναντίον
758 2144 812 2170 ἔδει
826 2146 923 2171 ποιεῖν·

982 922 1036 950 qua
1051 914 1153 943 factum
1167 923 1224 942 non
1241 919 1350 943 careret
1366 923 1372 942 :
1386 915 1452 950 quia
1472 923 1539 943 vero
1559 924 1614 943 una
1633 924 1696 943 cum
1716 914 1771 945 illis

981 961 1065 988 etiam
1082 968 1130 988 eos
1142 961 1189 996 qui
1206 961 1317 988 illorum
1333 960 1415 996 longe
1428 965 1493 988 sunt
1505 961 1664 993 dissimiles,
1678 969 1710 989 ac
1725 969 1771 989 re-

981 1015 1047 1035 vera
1056 1006 1299 1042 philosophantur,
1308 1006 1427 1035 irridere
1439 1015 1471 1035 ac
1483 1007 1628 1035 traducere
1641 1008 1769 1040 studetis,

981 1052 1082 1080 mentis
1107 1055 1204 1079 vestrae
1226 1051 1430 1086 iniquissimum
1452 1051 1599 1080 consilium
1617 1053 1625 1063 '
1640 1052 1769 1088 proditis.

981 1097 1075 1133 Neque
1085 1098 1159 1125 enim
1166 1097 1246 1125 malis
1254 1096 1354 1125 infensi
1361 1097 1438 1130 estis,
1452 1097 1501 1129 sed
1510 1097 1677 1126 laudabilem
1685 1098 1770 1126 vitam

981 1142 1119 1170 damnatis
1134 1151 1141 1169 :
1157 1150 1212 1169 non
1232 1150 1313 1170 secus
1326 1141 1470 1175 facientes,
1491 1149 1524 1170 ac
1541 1142 1565 1170 si
1580 1143 1645 1178 quis
1659 1144 1768 1171 simiam

981 1189 1156 1224 conspicatus
1169 1188 1290 1216 hominis
1305 1192 1398 1223 gestus
1407 1187 1515 1223 aliquos
1531 1188 1644 1222 imitari,
1659 1189 1695 1217 ob
1708 1196 1769 1217 eam

980 1235 1163 1262 imitationem
1180 1241 1266 1269 genus
1277 1233 1361 1261 etiam
1376 1233 1520 1262 hominum
1537 1233 1603 1262 odio
1617 1242 1769 1270 prosequa-

980 1284 1036 1307 tur.
1051 1279 1109 1306 Hoc
1118 1287 1183 1306 vero
1196 1280 1322 1314 iniquum
1336 1279 1472 1315 judicium
1486 1288 1541 1307 non
1558 1287 1609 1315 ego
1619 1281 1704 1313 solus,
1720 1281 1769 1309 sed

980 1324 1057 1352 Plato
1081 1331 1192 1359 quoque
1213 1328 1342 1357 accusat,
1361 1324 1390 1351 in
1409 1324 1537 1352 Thewteto
1557 1325 1654 1354 dicens
1676 1327 1768 1363 (Legg.

979 1377 1008 1404 p.
1027 1368 1095 1402 659;
1113 1368 1216 1396 Euseb.
1230 1376 1257 1404 p.
1274 1367 1325 1395 609
1341 1367 1372 1404 C)
1390 1377 1396 1396 :
1417 1378 1427 1394 ι
1444 1368 1594 1398 Videamus
1611 1375 1702 1398 autem
1717 1371 1770 1398 hac

979 1414 1066 1442 ferme
1082 1413 1200 1441 ratione.
1215 1414 1281 1448 Age,
1298 1413 1321 1440 si
1333 1413 1396 1448 quis
1413 1420 1559 1449 caprarum
1576 1415 1767 1447 nutritionem,

979 1464 1006 1488 et
1018 1460 1108 1495 ipsum
1126 1459 1232 1494 1022
1247 1458 1359 1491 animal,
1379 1459 1458 1494 quasi
1476 1459 1549 1487 bella
1565 1459 1602 1487 sit
1617 1461 1768 1495 possessio,

979 1506 1075 1534 laudat
1088 1514 1095 1532 :
1108 1504 1178 1532 alius
1197 1512 1264 1532 vero
1285 1504 1422 1540 quispiam
1442 1512 1540 1540 capras
1560 1505 1621 1533 sine
1641 1506 1768 1541 caprario

979 1555 1134 1587 pascentes,
1145 1550 1282 1585 cultisque
1293 1550 1363 1577 locis
1377 1549 1477 1577 damna
1492 1550 1641 1578 inferentes
1655 1551 1767 1587 conspi-

979 1601 1057 1624 catus
1069 1596 1219 1631 vituperet,
1235 1600 1355 1623 etomne
1368 1603 1463 1631 pecus,
1483 1596 1557 1630 quod
1573 1596 1631 1624 sine
1647 1601 1767 1630 rectore,

978 1647 1026 1671 aut
1038 1650 1100 1670 cum
1117 1641 1197 1669 malis
1212 1641 1369 1669 rectoribus
1380 1641 1498 1675 viderit,
1518 1641 1555 1669 ita
1571 1642 1766 1677 reprehendat,

977 1688 1114 1725 ejusmodi
1125 1687 1358 1723 vituperationem
1370 1695 1436 1715 sana
1443 1692 1536 1715 mente
1547 1688 1705 1723 vituperare
1717 1688 1768 1716 du-

978 1735 1077 1767 cimus,
1088 1739 1116 1762 et
1127 1735 1313 1770 quodcunque
1324 1733 1335 1760 ?
1346 1738 1374 1761 et
1390 1734 1548 1769 quomodo?
1561 1743 1569 1760 ι
1585 1733 1648 1761 Hme
1663 1734 1766 1769 omnia,

978 1789 995 1809 ο
1009 1781 1073 1813 viri,
1093 1780 1216 1808 Platonis
1232 1780 1318 1807 verba
1336 1783 1413 1812 sunt,
1430 1787 1487 1806 non
1501 1787 1562 1806 mea
1578 1788 1583 1806 :
1600 1780 1702 1815 quibus
1714 1786 1767 1807 nos

978 1825 1118 1856 admonet,
1138 1819 1195 1850 non
1211 1823 1314 1850 debere
1329 1829 1430 1857 pecora
1445 1823 1538 1850 omnia
1559 1823 1587 1850 in
1604 1824 1766 1852 universum

978 1871 1114 1903 damnari,
1136 1869 1173 1897 ob
1191 1876 1223 1896 ea
1241 1876 1302 1903 qua:
1321 1876 1336 1895 a
1354 1868 1435 1895 malis
1454 1869 1614 1903 pastoribus
1634 1873 1764 1905 aguntur,

977 1916 1021 1943 vel
1053 1922 1114 1950 quae
1141 1912 1301 1949 pastoribus
1328 1919 1444 1947 prorsus
1470 1917 1575 1940 carent.
1604 1913 1766 1950 Rursusque

978 1960 1082 1998 (Phaed.
1099 1967 1127 1994 p.
1142 1959 1176 1986 69
1192 1958 1223 1992 C)
1245 1957 1312 1986 alibi
1329 1958 1474 1986 manifeste
1496 1958 1577 1987 docet
1610 1967 1666 1987 non
1683 1968 1765 1995 posse

977 2006 1182 2035 multitudinem
1199 2012 1260 2032 esse
1276 2004 1516 2040 philosophorum.
1533 2014 1543 2030 ‹
1562 2004 1640 2033 Multi
1651 2006 1764 2041 quidem

976 2052 1079 2081 ferulas
1099 2055 1217 2087 gestant,
1237 2050 1337 2086 inquit,
1355 2049 1437 2085 pauci
1460 2057 1526 2077 vero
1547 2054 1613 2078 sunt
1625 2051 1734 2079 bacchi.
1749 2061 1759 2077 ι

977 2099 1052 2127 Idem
1065 2098 1133 2125 dixit
1145 2096 1272 2125 Christus
1288 2095 1421 2123 Dominus
1436 2104 1442 2123 :
1459 2105 1469 2121 ι
1486 2095 1564 2123 Multi
1580 2101 1644 2124 sunt
1660 2096 1761 2129 vocati,

976 2143 1057 2180 pauci
1076 2150 1144 2170 vero
1164 2141 1245 2169 electi
1267 2141 1290 2167 ⁸.
1308 2149 1317 2166 ›
1349 2140 1455 2174 Quibus
1474 2140 1559 2168 etiam
1578 2145 1763 2169 consentanea

137 2190 199 2221 τοὺς
217 2189 268 2224 μὲν
288 2188 379 2225 [ἄγαν]
396 2189 547 2224 θαυμάζειν
569 2188 628 2225 [ὡς]
648 2189 884 2226 ὑπεραλλομένους
899 2190 922 2206 ’⁸

979 2193 1051 2220 sunt,
1077 2195 1137 2224 quae
1161 2187 1239 2214 Plato
1265 2185 1304 2213 ait
1331 2186 1360 2213 in
1382 2186 1546 2221 Epinomide
1575 2186 1612 2223 (p.
1632 2187 1684 2215 975
1705 2186 1762 2222 C):

136 2235 171 2262 τὰ
183 2236 232 2270 τῆς
248 2234 356 2269 φύσεως
373 2237 532 2270 σκάμματα,
546 2236 603 2267 τοῖς
619 2235 647 2262 δὲ
667 2235 759 2271 νέμειν
777 2237 838 2263 τινὰ
859 2235 923 2270 ξυγ-

138 2280 259 2315 γνώμην,
273 2279 332 2315 [ὡς]
351 2279 403 2307 ὑπὸ
415 2279 469 2306 τῶν
484 2280 612 2315 ἐμφύτων
627 2282 858 2316 κατασυρομένοις
870 2290 922 2308 πα-

138 2326 201 2353 θῶν.
221 2326 281 2352 Ὅτι
298 2325 352 2361 γὰρ
375 2325 430 2361 [δὴ]
447 2326 470 2342 ’⁸
484 2325 572 2353 ταῦτα
599 2326 775 2361 παγχάλεπα,
793 2326 850 2354 ἴστε
876 2327 923 2354 καὶ

139 2372 232 2406 ὑμεῖς·
252 2380 261 2396 ι
281 2370 318 2396 Οὑ
335 2370 390 2406 γὰρ
409 2371 441 2397 ἐκ
463 2369 543 2407 δρυδς
556 2391 564 2404 ,
583 2380 592 2397 ι
617 2372 688 2398 κατὰ
714 2372 760 2399 τὸν
783 2373 924 2408 ποιητικὸν

138 2417 226 2452 λόγον,
245 2425 255 2443 ι
271 2417 288 2452 ἢ
302 2417 357 2444 ἀπὺ
382 2417 485 2452 πέτρης
500 2417 523 2432 ’⁷
537 2417 697 2452 γεγένησθε.
717 2427 726 2444 ι
743 2419 883 2454 Δεδήλωκε
896 2419 924 2446 δὲ

137 2462 215 2489 τοῦτο
236 2462 283 2489 καὶ
301 2463 315 2489 ό
333 2461 445 2488 Πλάτων
470 2463 499 2488 ἐν
517 2461 557 2497 τῷ
572 2462 622 2497 τῆς
646 2463 803 2497 Πολιτείας
823 2463 925 2500 πρώτῳ

138 2507 264 2542 διαλόγῳ,
276 2507 323 2534 τδν
337 2507 463 2543 Κέφαλον
477 2508 632 2543 εἰσαγαγὼν
654 2508 692 2543 τῷ
707 2509 847 2544 Σωκράτει
866 2509 925 2537 δια-

139 2552 295 2588 λεγόμενον,
309 2554 356 2581 καὶ
380 2553 510 2588 λέγοντα·
532 2563 542 2580 ι
559 2552 597 2581 Εὖ
620 2554 675 2581 ἴσθι
692 2555 733 2582 ὄτι
748 2555 842 2591 ἔμοιγε
862 2557 925 2583 ὅσον

173 2619 187 2638 ⁸
200 2615 295 2647 Matth.
310 2627 356 2654 ιιι,
372 2619 423 2653 16;
439 2628 504 2654 xxu,
522 2621 566 2650 14.

980 2247 989 2263 ι
1007 2229 1186 2270 Nequaquam
1214 2231 1331 2260 dixerim
1358 2239 1438 2267 posse
1461 2232 1589 2260 homines
1611 2232 1706 2260 felices
1730 2241 1763 2261 ac

975 2283 1071 2311 beatos
1094 2280 1169 2312 fieri,
1195 2283 1377 2314 praeterquam
1404 2277 1432 2306 in
1453 2278 1559 2314 paucis.
1587 2279 1657 2306 Dum
1676 2277 1762 2306 vitam

975 2330 1047 2357 banc
1064 2327 1200 2358 vivimus,
1219 2325 1257 2352 ita
1274 2324 1394 2352 decerno
1411 2331 1418 2351 :
1436 2324 1540 2359 optima
1557 2331 1623 2352 vero
1639 2327 1682 2352 est
1698 2331 1762 2359 spes

973 2373 1123 2404 morienti.
1147 2371 1240 2400 omnia
1261 2371 1405 2407 consequi.
1426 2380 1436 2397 ι
1461 2371 1532 2405 Quid
1556 2371 1640 2406 igitur
1666 2371 1762 2406 iniquo

973 2421 1066 2449 animo
1077 2418 1166 2452 fertis,
1180 2417 1254 2454 quod
1269 2417 1342 2453 apud
1355 2425 1406 2445 nos
1416 2417 1550 2452 quosdam
1564 2416 1664 2445 videtis
1680 2417 1761 2444 aliam

973 2473 1058 2502 quam
1083 2464 1251 2500 proﬁtentur
1279 2463 1365 2490 vitam
1394 2462 1521 2490 moribus
1556 2461 1763 2498 exprimentes?

973 2511 1065 2546 Quare
1081 2513 1177 2538 contra
1192 2517 1241 2537 eos
1256 2516 1313 2536 non
1327 2506 1501 2536 admiremini
1511 2527 1519 2540 ,
1532 2508 1580 2543 qui
1596 2512 1696 2536 natura
1713 2515 1761 2535 su-

973 2557 1112 2592 periorem
1122 2555 1207 2583 vitam
1222 2558 1287 2583 sunt
1297 2554 1427 2590 amplexi,
1437 2560 1469 2581 ac
1482 2553 1511 2581 in
1523 2560 1639 2589 corpore
1649 2553 1761 2589 quidem

773 2674 890 2716 VAiile
911 2675 1105 2704 LECTIONES
1116 2694 1123 2703 .

173 2724 195 2760 εξ
211 2722 229 2751 ἃ.
241 2724 340 2760 δρῶσιν
351 2732 406 2752 om.
425 2725 457 2752 D.
509 2724 532 2740 ¹⁷
547 2723 668 2760 μισήσοι.
693 2721 785 2760 μισοίη
806 2721 889 2760 Sir_m.

138 2756 161 2774 ‘°
176 2756 294 2794 ἅπαντα.
310 2759 398 2787 πάντα
419 2760 450 2788 D.
507 2760 529 2775 “
541 2756 827 2794 «ipzé'psvatfidyépeva
842 2757 873 2785 Ι).

138 2795 186 2844 alui
201 2802 263 2822 mox
276 2793 324 2830 ἦτε
338 2802 386 2829 pro
401 2793 470 2821 εἶπε.
527 2794 548 2810 ⁵³
563 2792 641 2828 ημῖν.
655 2793 731 2827 ἡμῶν
743 2792 775 2832 (1.,
796 2793 827 2819 D.

175 2829 277 2844 ..ἐ-λ..-
301 2831 349 2844 -Δ-
357 2838 402 2844 ιιι-ι
418 2830 439 2844 I'\
453 2830 488 2844 Ιιιο
502 2830 541 2844 ah
558 2827 702 2844 ἔτινον-πνοιή
715 2834 816 2844 nmnacn

952 2721 974 2738 ¹⁸
993 2722 1059 2757 φέρε
1082 2721 1109 2749 sl’
1122 2727 1175 2753 τις.
1191 2720 1268 2757 φέρει
1283 2719 1370 2757 τις

931 2757 953 2772 ¹²
969 2755 1071 2789 πολλοὶ,
1089 2756 1182 2792 φησιν.
1198 2755 1391 2792 “summa
1405 2756 1437 2783 ι).

886 2793 908 2808 ⁵³
923 2790 1167 2832 ὑειεραλλομένόυς.
1180 2791 1434 2826 ὐπερδαλλομένους
1456 2790 1487 2819 Ι).

1425 2720 1448 2737 ’⁸
1462 2720 1576 2756 ἐπαινοῖ.
1591 2720 1714 2756 ἐπαινοίη
1728 2721 1760 2756 D.

1494 2755 1518 2772 ¹³
1533 2755 1648 2790 Χριστὸς
1664 2755 1716 2790 ἔφη
1729 2755 1760 2786 1).

1546 2791 1569 2807 ’⁸
1584 2790 1638 2827 [δὴ]
1656 2798 1710 2818 οιη.
1728 2790 1752 2817 (ὶι

175 2827 349 2865 πέτρηςξπέξ
356 2838 402 2865 ρας
418 2830 439 2856 Ι)
453 2830 490 2866 (et
502 2830 541 2857 sic
557 2827 702 2863 interpres)
715 2827 816 2855 omisso
833 2835 895 2855 mox
908 2827 996 2854 τοῦτο.
