1965 3051
202 163 270 202 litis

696 165 939 197 THEODORETI
960 160 1129 195 EPISCOPI
1148 165 1331 196 CYRENSIS

1767 163 1778 196 1
1785 162 1836 197 136

201 225 354 258 decertant,
375 224 423 252 sed
448 223 640 258 incorpoream
659 222 702 259 (ac
720 222 905 259 spiritualem)
928 222 990 250 vitae

1050 220 1071 246 ιὶ
1088 220 1167 248 ἄλλαι
1184 221 1211 247 al
1229 221 1300 247 κατὰ
1314 221 1344 247 τὸ
1362 219 1441 255 σῶμα
1469 220 1562 254 ἡδοναὶ
1590 220 1835 257 ἀπομαραίνονται,

203 273 337 300 rationem
358 269 545 299 aemulantur?
565 268 667 296 Contra
688 269 762 296 enim
781 277 813 296 ac
834 269 924 296 facitis
941 276 991 296 vos

203 317 294 345 facere
307 318 460 351 oporteret,
483 318 514 341 ut
528 318 557 342 et
571 313 632 341 illos
647 313 808 346 laudaretis,
827 314 929 349 quippe
944 313 991 348 qui

203 367 308 389 natura:
326 361 395 387 lines
412 359 578 391 transiliant,
599 362 627 385 et
643 358 687 386 his
699 358 807 386 veniam
822 358 928 393 1023
943 357 993 384 ali-

205 414 286 441 quam
301 405 471 438 tribueretis,
490 409 521 431 ut
538 403 584 439 qui
600 412 616 431 a
628 407 728 431 natura
742 403 832 431 insitis
846 403 992 438 perturba-

206 452 327 479 tionibus
344 451 527 485 abripiantur.
544 449 631 483 Quam
643 449 699 477 sint
718 449 792 476 cnim
805 449 848 476 hze
862 448 894 475 ad
910 455 992 483 supe-

206 496 321 523 randum
340 489 481 527 diﬁiciles,
496 494 548 529 ipsi
563 501 619 520 non
636 493 770 528 ignoratis
789 500 795 519 :
812 498 902 526 neque
918 491 993 518 enim

205 550 219 568 e
235 547 350 576 quercu,
364 546 394 568 ut
411 545 499 576 poetae
520 539 615 566 verbis
635 542 709 570 utar,
729 538 774 566 vel
791 545 806 565 e
827 537 894 573 pinu
907 536 993 572 geniti

206 588 359 625 prodiistis.
376 586 435 614 Hoc
452 590 519 614 vero
533 589 560 613 et
574 586 652 613 Plato
668 585 814 612 manifeste
831 583 952 611 ostendit
965 583 994 610 in

204 635 295 670 primo
309 633 466 669 Reipublicae
479 633 561 665 libro,
575 632 727 668 Cephalum
737 639 800 659 cum
812 631 924 658 Socrate
937 630 994 658 dis-

206 684 345 708 serentem
364 679 508 712 inducens,
528 682 557 706 et
567 678 704 706 dicentem
723 677 761 713 (p.
777 677 829 705 328
844 676 876 710 D)
894 685 900 703 :
923 686 932 702 ‹
952 676 994 703 Tu

206 726 246 753 sic
256 725 358 753 habeto
370 734 376 751 :
391 725 499 758 Quanto
511 725 519 734 ‘
536 724 623 760 magis
637 723 705 750 mihi
718 724 778 751 aliae
793 730 932 758 corporeae
944 730 995 749 vo-

206 771 326 806 luptates
334 773 524 797 emarcescunt
535 769 563 796 in
574 769 643 802 dies,
656 768 796 804 magisque
803 767 994 800 debilitantur,

207 820 284 843 tanto
303 816 389 851 magis
408 815 531 851 augescit
544 814 713 842 desiderium
737 813 924 848 colloquendi,
940 820 998 840 ser-

207 862 351 896 monisque
375 862 514 896 voluptas.
534 871 543 887 ι
571 859 642 888 Tum
659 860 771 888 Socrate
795 860 995 895 interrogante,

1041 266 1168 293 τοσοῦτον
1183 266 1311 299 αὔξονται
1325 266 1352 292 αἱ
1368 265 1433 301 περὶ
1451 266 1515 298 ’τοὺς
1528 266 1624 301 λόγους
1648 267 1790 302 ἐπιθυμίαι
1804 273 1835 294 τε

1043 312 1090 340 καὶ
1103 311 1205 347 ἡδοναί.
1223 322 1232 338 ι
1246 310 1314 338 Εἶτα
1331 311 1485 346 πυθομένου
1501 311 1549 338 τοῦ
1573 312 1735 348 Σωκράτους
1753 314 1777 340 εἰ
1794 313 1836 340 ἔτι

1042 358 1073 385 τὸ
1084 358 1138 384 τῶν
1152 358 1252 394 ἡδονῶν
1269 358 1448 384 ἐπανίσταται
1472 357 1558 390 πάθος
1571 378 1578 390 ,
1596 358 1741 386 ὑπολαὸὼν
1766 359 1836 394 ἔφη·

1046 414 1055 430 ι
1067 403 1204 439 Εὐφήμει,
1217 403 1343 439 ἄνθρωπε
1355 412 1361 419 ·
1373 404 1561 439 ἀσμενέστατα
1578 404 1628 439 μὲν
1640 405 1675 430 τὰ
1690 404 1805 431 τοιαῦτα
1813 404 1837 421 ’³

1043 449 1195 483 ἀπέφυγον,
1207 448 1300 485 ὥσπερ
1314 449 1337 465 ’⁸
1349 448 1488 476 λυττῶντά
1503 457 1563 476 τινα
1572 451 1619 476 καὶ
1635 450 1730 485 ἄγριον
1742 451 1839 477 δεσπό-

1044 503 1094 530 την
1105 494 1264 529 ἀποφυγών.
1285 505 1295 521 ι
1319 495 1449 522 Ἐνταῦθα
1462 496 1511 531 μὲν
1522 493 1568 523 οὖν
1580 497 1644 531 περὶ
1657 498 1707 532 τῆς
1720 497 1838 532 αίσχρᾶς

1045 541 1141 576 ἡδονῆς
1151 541 1264 568 τοιαῦτα
1276 541 1432 577 διελήλυθεν
1449 541 1472 557 ³ο
1486 550 1493 558 ·
1506 543 1535 568 ὲν
1549 542 1578 568 δὲ
1595 542 1634 578 τῷ
1645 543 1758 578 Γοργίᾳ
1774 543 1840 578 περὶ

1045 584 1217 623 δικαιοσύνης
1232 587 1280 615 καὶ
1300 588 1406 620 ἀδικίας
1430 584 1482 615 ὧδέ
1509 596 1591 623 φησι·
1611 597 1620 614 ι
1637 588 1763 615 Χαλεπὸν
1789 587 1841 623 μὲν

1045 633 1110 668 γὰρ,
1126 630 1149 660 ὦ
1161 633 1333 666 Καλλίκλεις,
1347 634 1395 661 καὶ
1406 633 1503 660 πολλοῦ
1518 634 1628 660 ἐπαίνου
1643 633 1728 666 ἄξιον,
1745 634 1774 660 ὲν
1789 641 1842 668 με-

1046 679 1116 715 γάλῃ
1129 679 1238 715 ἐξουσίᾳ
1249 679 1395 714 γενόμενον
1407 679 1454 706 τοῦ
1472 680 1584 712 ἀδικεῖν,
1597 679 1709 711 δικαίως
1724 680 1844 706 διαϐιῶ-

1049 734 1102 752 ναι.
1124 725 1223 760 ὐλίγοι
1236 725 1264 751 δὲ
1278 725 1398 760 γίνονται
1413 725 1437 752 οί
1450 725 1575 752 τοιοῦτοι.
1597 725 1674 752 Ἐπεὶ
1689 725 1736 752 καὶ
1747 725 1841 752 ὲνθάδι

1047 771 1095 798 καὶ
1120 769 1212 798 ἄλλοθι
1239 770 1384 804 γεγόνασιν
1398 791 1405 804 ,
1428 768 1505 806 οἶμαι
1525 770 1554 797 δὲ
1578 770 1685 797 ἔσονται
1703 770 1780 797 καλοὶ
1793 772 1842 798 καὶ

1047 814 1145 849 ἀγαθοὶ
1160 814 1261 850 ταύτην
1276 814 1326 850 τὴν
1344 815 1456 850 ἀρετὴν,
1473 815 1506 850 ἦν
1521 823 1563 841 τοι
1583 815 1695 847 δικαίως
1708 815 1842 850 διαχειρί-

1048 860 1131 893 ζωσιν
1142 860 1163 877 ⁸¹
1179 860 1196 888 ἃ
1208 861 1240 887 ἄν
1256 869 1299 892 τις
1314 861 1460 897 ἐπιτρέπῃ.
1482 870 1491 887 ι
1509 861 1564 888 Καὶ
1581 859 1614 888 αὖ
1635 860 1731 888 πάλιν·
1748 870 1757 887 ι
1769 861 1841 887 Ἀλλ’

208 915 242 935 an
252 911 282 935 et
293 895 466 943 voluptatum
478 907 593 935 aﬂ‘ectus
605 906 695 934 adhuc
707 906 900 942 insurgerent?
918 915 926 932 ι
942 905 996 934 Me-

1050 907 1077 933 ὲν
1091 907 1227 939 τοσούτοις
1242 906 1331 941 λόγοις
1469 906 1655 943 ἐλεγχομένων
1671 907 1751 943 μόνος
1762 903 1840 939 οὗτος

207 953 287 986 liora,
305 947 549 988 inquit,'loquere.
574 952 631 987 Ego
650 951 724 979 enim
744 951 928 979 libentissime
947 951 997 979 has

208 999 381 1033 voluptatum
406 997 632 1033 perturbationes
652 997 736 1033 eﬂ'ugi
757 1006 762 1023 :
784 1005 838 1024 non
864 1005 944 1025 secus
966 1003 998 1024 ac

209 1043 397 1070 truculentum
426 1042 572 1078 quemdam
596 1042 833 1077 saevissimumque
854 1043 996 1070 dominum

211 1089 366 1125 en‘ugerim.
386 1097 395 1114 ›
413 1088 453 1116 Eo
465 1091 557 1115 autem
570 1088 632 1115 loco
649 1087 682 1115 de
698 1088 771 1123 turpi
785 1088 924 1123 voluptate
939 1088 998 1115 haec

211 1135 289 1161 dixit.
303 1134 333 1160 ln
344 1133 440 1168 Gorgia
455 1140 533 1166 vero,
546 1132 580 1160 de
591 1132 699 1168 justitia
713 1137 741 1159 et
754 1133 890 1168 injustitia
903 1133 944 1160 sic
957 1131 998 1159 lo-

210 1179 305 1214 quitur
319 1180 356 1214 (p.
374 1178 426 1206 526
440 1177 471 1214 D)
493 1187 500 1205 :
518 1187 526 1204 ι
541 1177 665 1211 Diﬂicile,
685 1185 701 1205 ο
713 1177 849 1211 Callicles,
864 1186 897 1205 ac
917 1177 998 1205 laude

211 1225 289 1252 valde
312 1224 426 1259 dignum
447 1228 498 1257 est,
521 1223 663 1251 hominem
685 1224 758 1259 juste
773 1223 878 1257 vivere,
900 1223 948 1258 qui
970 1218 999 1250 in

211 1274 346 1306 potestate
361 1278 457 1306 magna
470 1269 649 1302 constitutus,
662 1270 775 1304 impune
790 1273 874 1304 queat
886 1277 947 1297 esse
959 1269 999 1296 in-

209 1317 310 1352 justus.
324 1315 410 1343 Pauci
423 1315 496 1342 enim
517 1316 586 1343 tales
604 1314 784 1343 inveniuntur
799 1314 863 1341 viri.
885 1315 954 1342 Nam
971 1319 1000 1343 et

211 1363 257 1390 hic
275 1365 303 1389 et
324 1361 389 1389 alibi
410 1361 495 1389 fuisse
517 1368 572 1388 non
590 1368 671 1396 nego,
696 1364 818 1396 putoque
830 1360 913 1387 etiam
928 1360 998 1391 fore,

212 1407 314 1435 virtute
326 1408 378 1434 hac
393 1406 524 1434 honestos
535 1407 678 1441 bonosque
694 1406 832 1438 homines,
850 1405 873 1433 si
887 1413 919 1432 ea
927 1405 1000 1440 juste

212 1453 373 1488 dispensent
392 1460 452 1488 quae
472 1452 524 1480 sibi
544 1452 690 1480 commissa
709 1451 773 1479 sint.
795 1461 804 1478 ›
829 1451 863 1478 Ει
884 1458 998 1478 rursus:

217 1509 226 1524 ι
242 1498 294 1526 Sed
313 1498 399 1531 enim,
423 1505 485 1525 cum
499 1505 533 1525 ex
547 1501 587 1524 tot
603 1497 779 1524 sermonibus
789 1497 846 1532 jam
858 1496 936 1523 multi
955 1503 1000 1523 re-

214 1543 322 1579 darguti
334 1543 447 1576 fuerint,
460 1543 536 1570 solus
547 1542 593 1570 hic
607 1550 699 1570 sermo
713 1542 793 1570 nobis
808 1541 1001 1570 honestissime

213 1588 399 1624 conquiescit,
427 1595 482 1623 quo
511 1587 689 1615 decernimus
713 1587 865 1615 cavendum
894 1586 1001 1622 102‘.

213 1634 299 1670 magis
311 1641 371 1661 esse
381 1641 415 1660 ne
431 1633 525 1668 injurii
542 1633 603 1660 aliis
618 1633 671 1668 ipsi
689 1633 785 1665 simus,
796 1640 878 1667 quam
890 1640 923 1659 ne
935 1632 1002 1667 quid

213 1680 248 1707 ab
263 1679 326 1706 aliis
345 1678 453 1714 injuriae
466 1678 604 1713 patiamur
624 1687 630 1705 :
651 1686 761 1713 praeque
775 1678 858 1706 rebus
873 1678 1002 1705 omnibus

213 1726 240 1753 ei
251 1726 298 1760 qui
315 1732 379 1752 vere
393 1724 428 1751 sit
438 1724 490 1757 vir,
507 1724 559 1751 hoc
570 1723 725 1752 curandum
741 1731 812 1756 esse,
829 1731 885 1750 non
899 1727 1001 1751 utesse

215 1771 352 1803 videatur,
367 1769 415 1797 sed
427 1774 457 1797 ut
471 1769 561 1804 reipsa
573 1769 609 1796 sit
624 1769 723 1801 bonus,
735 1773 763 1796 et
778 1769 888 1803 publice
901 1773 930 1796 et
943 1768 1001 1804 pri-

215 1817 309 1844 vatim.
326 1826 335 1842 )
352 1815 470 1843 Eosdem
486 1823 582 1842 rursus
593 1822 735 1842 sermones
750 1822 812 1842 cum
825 1814 938 1842 Critone
950 1814 1002 1842 So-

215 1867 305 1892 crates
326 1862 433 1890 habuit.
461 1861 527 1889 Post
549 1861 634 1888 multa
655 1860 729 1888 enim
752 1860 805 1887 alia
826 1859 885 1887 haec
903 1859 1003 1896 adjecit

216 1910 254 1946 (p.
263 1909 297 1937 49
310 1909 340 1945 Β)
353 1918 360 1936 ι
375 1918 384 1935 ι
394 1908 476 1936 Nullo
488 1907 572 1943 igitur
582 1910 663 1942 pacto
673 1908 783 1942 oportet
796 1906 897 1942 injuria
907 1913 1004 1940 quem-

215 1964 297 1992 quam
312 1954 431 1987 atticere,
444 1961 533 1989 neque
545 1953 569 1981 si
582 1952 632 1980 tibi
646 1952 792 1984 inferatur,
803 1950 864 1980 e'am
878 1952 1002 1979 vicissim

216 2001 329 2033 referre,
344 2000 425 2027 sicuti
439 1999 539 2027 multos
549 1999 652 2026 sentire
663 1997 745 2026 video
757 2006 763 2025 :
777 1998 854 2025 nullo
865 1998 1002 2033 siquidem

215 2051 296 2082 pacto
312 2047 392 2074 decet
406 2054 466 2074 esse
479 2045 623 2082 iniurium.
640 2044 712 2078 Quid
725 2049 828 2077 autem,
841 2044 928 2077 Crito,
944 2051 1004 2071 ma-

216 2093 278 2120 lone
303 2099 467 2127 quemquam
480 2091 546 2118 licet
559 2090 677 2123 atlicerc,
701 2098 735 2117 an
751 2096 807 2117 non
823 2089 907 2117 licet?
922 2088 1004 2117 Nullo

217 2137 382 2170 modolicet,
399 2144 415 2164 ο
430 2136 565 2164 Socrates.
579 2136 679 2162 Malum
691 2142 756 2162 vero
770 2135 797 2162 in
808 2142 871 2162 cum
886 2134 1001 2168 referre,

217 2192 233 2212 a
248 2191 303 2219 quo
321 2183 397 2218 prior
415 2190 512 2217 passus
531 2181 625 2214 fueris,
649 2180 725 2208 fasne
741 2185 793 2213 est,
813 2185 843 2208 ut
860 2181 939 2209 multi
963 2181 1004 2209 di-

1048 952 1148 988 ήρεμεῖ
1165 953 1179 979 ὸ
1192 952 1281 986 λόγος,
1298 952 1335 984 ὡς
1351 951 1516 988 εὐλαϐητέον
1535 952 1593 979 ἐστὶ
1607 953 1638 980 τδ
1651 953 1753 980 ἀδικεῖν
1770 953 1841 988 μᾶλ-

1048 998 1104 1030 λον,
1117 999 1134 1034 ἢ
1154 998 1184 1024 τὸ
1198 997 1362 1031 ἀδικεῖσθαι,
1378 998 1426 1025 καὶ
1441 999 1543 1031 παντὸς
1558 999 1657 1034 μᾶλλον
1670 999 1747 1034 ἀνδρὶ
1761 999 1841 1034 μελε-

1048 1043 1143 1079 τητέον
1169 1043 1199 1070 οὐ
1224 1043 1255 1070 τὸ
1272 1043 1360 1070 δοκεῖν
1384 1042 1453 1070 εἶναι
1469 1044 1581 1078 ἀγαθὸν,
1599 1044 1667 1071 ἀλλὰ
1693 1045 1724 1070 τὸ
1740 1044 1842 1078 ἀγαθὸν

1049 1087 1130 1121 εἶναι,
1142 1089 1189 1116 καὶ
1207 1089 1259 1125 ἰδίᾳ
1271 1089 1319 1116 καὶ
1329 1089 1456 1125 δημοσίᾳ.
1471 1100 1480 1115 ι
1495 1090 1551 1117 Καὶ
1562 1090 1673 1122 τούτους
1684 1090 1712 1117 δὲ
1725 1090 1806 1117 πάλιν
1817 1090 1842 1108 ³³

1049 1136 1112 1167 τοὺς
1126 1135 1221 1169 λόγους
1244 1136 1258 1161 ὁ
1281 1135 1430 1170 Σωκράτης
1445 1135 1483 1170 τῷ
1502 1136 1624 1171 Κρίτωνι
1645 1136 1841 1171 προσενήνοχε.

1049 1182 1126 1209 Μετὰ
1141 1182 1195 1217 γὰρ
1219 1181 1333 1213 πολλοὺς
1356 1182 1465 1217 ἐτέρους
1491 1182 1539 1208 καὶ
1554 1182 1615 1209 τάδε
1632 1181 1841 1218 προστέθεικεν·

1052 1236 1061 1252 ι
1081 1226 1214 1262 Οὐδαμῶς
1228 1226 1282 1262 ἄρα
1304 1226 1345 1252 δεῖ
1360 1226 1473 1253 ἀδικεῖν.
1501 1225 1570 1254 Οὐδὲ
1588 1226 1764 1261 ἀδικούμενον
1786 1227 1842 1262 ἄρα

1050 1272 1213 1304 ἀνταδικεῖν,
1227 1271 1264 1303 ὡς
1277 1272 1301 1298 οἱ
1319 1271 1413 1298 πολλοὶ
1426 1271 1541 1298 οἴονται·
1553 1272 1701 1307 ἐπειδήπερ
1714 1272 1840 1306 οὐδαμῶς

1050 1318 1091 1345 δεῖ
1104 1318 1216 1344 ἀδικεῖν.
1232 1318 1265 1343 Τί
1279 1317 1307 1343 δὲ
1326 1317 1356 1352 δή
1373 1318 1414 1350 ³³;
1432 1319 1597 1353 κακουργεῖν
1611 1318 1660 1350 δεῖ,
1676 1315 1699 1344 ὧ
1719 1318 1841 1353 Κρίτων,

1051 1363 1068 1400 ἢ
1083 1363 1112 1390 οὗ
1126 1372 1132 1396 ;
1151 1364 1187 1391 Οὔ
1203 1361 1264 1398 [δεῖ]
1278 1363 1363 1397 δήπου
1378 1362 1412 1394 ⁸ῖ,
1425 1359 1448 1389 ὦ
1460 1363 1614 1398 Σώκρατες.
1636 1363 1668 1389 Τί
1689 1362 1718 1390 δέ
1736 1363 1775 1396 al‘;
1796 1364 1843 1390 ἀν-

1049 1409 1242 1444 τικακουργεῖν
1256 1407 1348 1439 κακῶς
1368 1407 1518 1443 πάσχοντα,
1538 1408 1576 1440 ὡς
1602 1409 1626 1434 οἰ
1647 1407 1740 1434 πολλοὶ
1759 1417 1839 1443 φατι,

1051 1454 1192 1490 δίκαιον,ἢ
1208 1454 1238 1481 οὐ
1259 1454 1380 1487 δίκαιον;
1397 1453 1540 1488 Οὐδαμῶς.
1559 1453 1596 1480 Τὸ
1613 1454 1667 1488 γάρ
1685 1462 1737 1480 που
1757 1454 1843 1480 κακὸν

1051 1503 1138 1528 ποιεῖν
1151 1500 1316 1536 ἀνθρώποις,
1327 1500 1375 1527 τοῦ
1387 1500 1489 1526 ἀδικεῖν
1505 1500 1582 1526 οὐδὲν
1595 1499 1728 1534 διαφέρει.
1745 1499 1844 1531 Καλῶς

1052 1546 1151 1581 λέγεις.
1164 1545 1233 1573 οὒτε
1251 1543 1296 1572 οὖν
1309 1545 1363 1581 ἄρα
1377 1546 1530 1572 ἀνταδικεῖν
1551 1546 1573 1561 ³⁸
1592 1545 1650 1578 δεῖ,
1671 1545 1732 1572 οὔτε
1750 1545 1844 1577 κακῶς

1053 1593 1140 1618 ποιεῖν
1156 1591 1251 1618 οὐδένα
1267 1590 1430 1626 ἀνθρώπων,
1457 1591 1511 1617 οὐδ’
1527 1591 1560 1618 ἂν
1580 1591 1670 1618 ὁτιοῦν
1694 1592 1786 1627 πάσχῃ
1801 1600 1843 1623 τις

1053 1637 1100 1663 ὑπ’
1115 1636 1215 1663 αὐτῶν.
1236 1646 1245 1662 ι
1263 1635 1398 1671 Τοιαύτην
1425 1636 1475 1671 μὲν
1493 1635 1570 1672 [HQ]
1586 1634 1632 1663 οὖν
1649 1637 1757 1668 ἀδικίας
1777 1636 1843 1671 πέρι

1053 1683 1101 1709 καλ⁵
1116 1682 1290 1717 δικαιοσύνης
1307 1681 1457 1717 Σωκράτης
1473 1683 1520 1709 καὶ
1538 1682 1650 1710 Πλάτων
1670 1683 1844 1710 διδασκαλίαν

1053 1728 1229 1764 ἐποιησάτην,
1247 1728 1405 1761 ἀξιέπαινον
1421 1728 1529 1763 άληθῶς
1546 1728 1593 1755 καὶ
1615 1728 1725 1764 λογικὴν
1747 1729 1793 1755 καὶ
1809 1730 1843 1765 τῇ

1054 1773 1133 1808 φύσει
1148 1774 1181 1809 τῇ
1204 1773 1362 1809 ἀνθρωπίνῃ
1385 1773 1600 1808 ξυμϐαίνουσαν·
1626 1773 1661 1800 τὰ
1687 1774 1742 1809 γὰρ
1760 1774 1844 1809 ἠθικὰ

1055 1819 1206 1855 μαθήματα
1225 1819 1330 1851 πάντας
1356 1819 1516 1854 ἀνθρώπους
1540 1820 1557 1855 ὴ
1586 1819 1667 1854 φύσις
1687 1820 1841 1847 ἐπαίδευσε.

1053 1865 1210 1897 Διαπλάσας
1224 1865 1278 1900 γάρ
1294 1873 1335 1892 τοι
1348 1864 1401 1892 τῶν
1416 1865 1567 1900 ἀνθρώπων
1581 1865 1611 1891 τὸ
1626 1865 1704 1899 γένος
1719 1866 1733 1892 ὁ
1758 1867 1843 1900 Ποιη-

1054 1910 1113 1946 τὴς,
1133 1910 1267 1937 ὲντέθεικε
1279 1912 1311 1946 τῇ
1326 1910 1405 1945 φύσει
1417 1910 1466 1947 τὴν
1476 1911 1531 1938 τῶν
1540 1910 1650 1945 ἀγαθῶν
1667 1911 1713 1938 καὶ
1728 1911 1778 1947 τὴν
1790 1911 1844 1937 τῶν

1055 1956 1183 1984 ἐναντίων
1209 1956 1354 1990 διάγνωσιν
1382 1956 1415 1983 ³⁷.
1436 1957 1518 1983 Ὅθεν
1544 1957 1574 1983 οὐ
1592 1957 1672 1991 μόνον
1695 1957 1844 1993 Σωκράτης

1054 2003 1100 2030 καὶ
1112 2002 1225 2029 Πλάτων
1240 2003 1287 2029 καὶ
1308 2002 1476 2038 Ἀριστείδης
1493 2003 1506 2029 ό
1520 2002 1679 2037 Λυσιμάχου
1696 2003 1744 2029 καὶ
1764 2003 1843 2030 ἄλλοι

1053 2048 1125 2079 τινες
1151 2047 1204 2074 τῶν
1231 2046 1365 2082 Ἐλλήνων
1381 2047 1428 2074 τὸν
1454 2047 1545 2074 ἄδικον
1572 2048 1747 2081 ramosam
1775 2048 1843 2083 βίον,

1055 2093 1122 2121 ἀλλά
1133 2093 1180 2120 καὶ
1198 2092 1251 2119 τῶν
1266 2092 1411 2128 βαρϐάρων
1427 2093 1530 2120 πολλοί.
1547 2094 1602 2120 Καὶ
1614 2094 1668 2129 γὰρ
1689 2094 1844 2127 Ἑλλάνικος

1054 2140 1084 2167 ὲν
1100 2140 1161 2170 ταῖς
1174 2138 1305 2174 ἱστορίαις
1323 2138 1374 2174 ἔφη
1388 2147 1395 2155 ·
1413 2149 1423 2165 ι
1443 2139 1513 2171 Τοὺς
1538 2140 1738 2175 Ὑπερϐορέους
1758 2141 1844 2168 οἰκεῖν

1057 2184 1105 2220 μὲν
1118 2183 1187 2218 ὑπὲρ
1198 2183 1232 2210 τὰ
1252 2182 1362 2210 Ῥίπαια
1373 2183 1434 2219 ὅρη,
1452 2184 1547 2210 ἀσκεῖν
1561 2184 1589 2210 δὲ
1604 2184 1790 2221 δικαιοσύνην,
1807 2186 1844 2221 μὴ

217 2233 293 2262 cunt,
313 2237 348 2256 an
362 2228 457 2255 nefas?
474 2227 555 2254 Nullo
570 2227 681 2262 quidem
700 2226 782 2254 modo
804 2226 845 2254 fas
866 2231 917 2254 est.
934 2227 999 2255 Male

1057 2227 1267 2264 κρηφαγοῦντας
1283 2228 1317 2261 ³³,
1334 2228 1392 2255 ἀλλ’
1404 2229 1566 2264 ἀκροδρύοις
1581 2230 1750 2266 χρωμένους.
1769 2240 1778 2257 ι
1790 2232 1845 2258 Καὶ

216 2275 290 2303 enim
310 2282 475 2310 quemquam
494 2272 607 2305 adicias,
624 2280 658 2300 an
676 2273 715 2300 sis
730 2272 770 2300 illi
788 2273 917 2309 injurius,
933 2273 1005 2301 nihil

217 2322 321 2351 ditl‘ert.
339 2321 423 2348 Recte
440 2319 518 2348 dicis.
536 2319 632 2354 Neque
646 2319 730 2354 igitur
745 2319 875 2354 injuriam
888 2319 1003 2354 referre,

219 2375 306 2402 neque
322 2366 425 2393 malum
438 2364 540 2393 inferre
561 2364 705 2392 hominum
721 2364 856 2399 cuiquam
876 2365 952 2398 licet,
967 2373 1004 2393 ne

218 2412 330 2449 quidem
345 2411 367 2440 si
382 2411 416 2439 ab
437 2410 478 2438 eis
493 2410 640 2446 quisquam
654 2411 731 2445 prior
747 2411 880 2445 patiatur.
896 2421 906 2437 ι
929 2412 1007 2439 Hanc

218 2458 302 2493 igitur
328 2457 362 2485 de
381 2456 488 2492 iustitia
512 2460 541 2483 et
564 2455 699 2492 injustitia
721 2455 849 2483 Socrates
877 2463 909 2483 ac
928 2456 1006 2484 Plato

217 2502 372 2530 doctrinam
389 2500 573 2533 tradiderunt,
601 2499 768 2527 laudabilem
789 2499 864 2527 illam
878 2507 1005 2534 prorsus,

220 2547 374 2583 rationique
389 2551 615 2578 consentaneam,
628 2549 656 2572 et
672 2545 799 2573 humana:
814 2549 919 2573 natura:
937 2552 1005 2573 con-

218 2597 371 2629 gruentem.
391 2592 521 2620 Moralem
533 2591 671 2627 siquidem
688 2591 861 2626 disciplinam
876 2592 1008 2620 mortales

1056 2275 1119 2306 τοὺς
1133 2273 1298 2309 Βραχμᾶνας
1313 2273 1465 2310 ἱστοροῦσιν
1479 2274 1568 2311 ἕτεροι
1582 2277 1610 2303 ὲν
1635 2277 1696 2308 ταῖς
1712 2276 1788 2308 ὕλαις
1802 2277 1843 2303 δι-

1058 2320 1144 2355 άγειν.
1159 2319 1269 2354 φύλλοις
1285 2319 1316 2346 τὸ
1332 2319 1412 2355 σῶμα
1424 2320 1620 2353 καλύπτοντας.
1642 2322 1696 2348 Καὶ
1712 2322 1845 2358 Ἀνάχαρο

1058 2375 1099 2393 σιν
1110 2366 1138 2393 δὲ
1152 2365 1197 2392 ’τὸν
1212 2365 1319 2401 Σκύθην
1339 2366 1483 2401 φιλόσοφον
1501 2367 1668 2402 γεγενῆσθαί
1685 2377 1777 2402 φασιν.
1791 2368 1844 2396 Οὖ-

1055 2421 1110 2444 τως
1126 2412 1154 2438 δὲ
1170 2412 1250 2438 αὐτδν
1261 2412 1274 2438 ὁ
1284 2412 1333 2446 τῆς
1350 2411 1509 2448 φιλοσοφίας
1526 2413 1716 2448 ἐπυρπόλησεν
1727 2414 1749 2430 ³⁸
1762 2414 1843 2450 ἔρως,

1054 2457 1092 2489 ὡς
1103 2458 1318 2493 ὀνομαστότατον
1329 2457 1457 2491 γενέσθαι
1471 2459 1516 2485 καὶ
1531 2459 1607 2494 παρὰ
1618 2460 1701 2486 πᾶσιν
1711 2460 1843 2495 ἀοίδιμον.

1056 2502 1093 2529 Οὐ
1110 2502 1165 2537 γὰρ
1182 2502 1261 2537 μόνον
1276 2502 1435 2538 ὲγρηγορὼς
1456 2502 1525 2538 πρὸς
1540 2503 1574 2530 τὰ
1588 2503 1638 2538 τῆς
1657 2504 1746 2539 ψυχῆς
1769 2505 1844 2540 ήγω-

1056 2547 1144 2580 νίζετο
1165 2547 1248 2582 πάθη,
1265 2547 1333 2574 ἀλλά
1351 2547 1399 2575 καὶ
1417 2548 1555 2575 καθεύδων
1564 2549 1599 2576 τὰ
1616 2550 1666 2585 τῆς
1679 2550 1843 2585 ἐγκρατείας

1057 2592 1208 2628 παρεδήλου
1223 2595 1324 2628 σημεῖα
1334 2602 1341 2608 '
1355 2594 1444 2621 εἰώθει
1454 2594 1508 2630 γὰρ
1521 2596 1552 2630 τῇ
1570 2595 1620 2631 μὲν
1634 2595 1698 2630 λαιᾷ
1712 2595 1746 2622 τὰ
1757 2595 1843 2622 αἰδοῖα

873 2662 990 2690 νΑκιΑι
1006 2662 1209 2691 LECTIONES.

327 2740 341 2758 ν
354 2739 395 2757 τοι
408 2730 488 2770 αὐτά.
505 2730 664 2770 τεῂτοιαῦτα
679 2729 711 2770 ρ,
729 2731 768 2770 τά-
777 2729 888 2770 τοιαῦτα
900 2731 931 2758 D.
1011 2732 1115 2770 ὥσπερ.
1128 2731 1210 2770 ὼςβ.
1250 2733 1281 2770 '°_
1289 2732 1458 2770 autem“,
1467 2734 1656 2770 διεξελήλυθεν,
1667 2735 1699 2762 ι).

1753 2735 1774 2751 ¹¹
1788 2735 1844 2762 δια-

219 2764 670 2804 χειιλρίζωνταικδιαχειρίζουσιλ(1ζ
681 2766 732 2804 V_b,
755 2764 961 2804 διαχωρίςουσιν
970 2767 1019 2798 Va,
1050 2764 1249 2804 Qtdxezpltuiag
1266 2768 1346 2804 1),οι
1356 2764 1427 2804 ξιηοι
1452 2764 1603 2804 ἐπιτρέποι.
1650 2769 1673 2785 “
1698 2770 1787 2797 πάλιν.
1809 2768 1843 2798 αὖ

220 2800 300 2837 πάλιν
312 2800 348 2837 n.
380 2801 423 2837 _"
436 2800 461 2826 τί
477 2800 560 2837 ᾷὲιδή.
577 2800 642 2837 τῇδε
657 2801 673 2837 ἢ
687 2800 718 2837 D-

775 2799 846 2840 a""053
858 2799 919 2840 [δεῖ]
930 2801 1026 2840 δήπου.
1043 2802 1073 2828 οὺ
1089 2799 1175 2836 δήπου
1187 2802 1218 2840 δὴ
1229 2803 1260 2829 D.
1281 2799 1323 2840 _"f
1335 2803 1360 2829 τί
1430 2804 1470 2830 δεῖ
1486 2799 1554 2837 δὲ’(ἶ,
1572 2805 1602 2832 D.
1642 2804 1665 2820 ³⁸
1679 2805 1841 2840 άνταδικεῗῖν.

219 2835 363 2875 ἀντιδικεῖν
375 2835 449 2875 §,_et
462 2835 501 2862 sic
540 2844 581 2870 pr.
597 2835 607 2837 ⁷’
620 2836 642 2875 δῖ
650 2835 810 2875 διάγνωσινέ
825 2835 959 2875 διάκρισιν
970 2837 1077 2875 (γνωσιν
1093 2835 1176 2875 supra
1189 2835 1289 2873 κ’ρισιν)
1306 2839 1336 2866 Ι).
1376 2839 1398 2855 ⁸³
1414 2835 1632 2874 κρηφαγοῦντας.
1652 2839 1843 2875 κρεωφαγοῦν-

220 2878 268 2900 τας
291 2870 322 2896 D.

375 2870 396 2886 ³⁹
412 2870 609 2905 ἐπυρπόλησεν.
631 2870 778 2903 ἐξέκαυσεν
793 2871 824 2904 l),
844 2871 890 2906 qui
914 2870 1080 2908 ιηοίμόνον
1102 2870 1164 2907 γάρ.
