1965 3051
128 179 195 213 1131

390 177 610 210 GRJECARUM
629 176 780 208 AFFECT.
800 176 1083 209 CURATIO.--XII.
1105 179 1154 209 DE
1174 180 1340 211 VIRTUTE
1360 181 1504 211 ACTIVA.

1689 179 1758 213 1138

127 232 266 268 κατέχειν,
283 231 316 268 τῇ
339 231 414 268 δεξιᾷ
427 231 500 259 δὲτὰ
519 232 596 267 χείλη
617 231 740 267 συνέχειν
751 239 757 246 ·
774 230 861 266 ταύτῃ
878 239 915 265 πη

977 238 1064 259 )mnes
1090 236 1188 260 natura
1208 233 1267 268 ipsa
1286 234 1441 269 perdocuit.
1459 233 1660 262 Creatorenim
1673 234 1758 268 Deus,

127 279 226 314 δηλῶν,
244 279 282 311 ὡς
297 278 387 314 πολλῷ
402 278 502 314 μείζων
516 278 589 305 ἐστὶν
603 279 620 314 ή
645 277 750 312 ἀγωνία
764 277 814 313 τῆς
829 276 917 312 γλῶτ-

127 333 187 360 της,
204 325 250 351 καλ¹
271 324 394 360 μείζονος
412 324 572 360 ἐπικουρίας
590 325 630 356 είς
651 324 801 360 ἀσφάλειαν
821 324 917 351 δεῖται.

127 371 184 397 Καὶ
200 370 325 406 Χείρωνα
339 370 367 397 δὲ
383 370 429 397 τὴν
451 369 608 405 Κένταυρον
625 369 784 405 Ἕρμιππός
806 378 887 405 φησιν
905 369 920 396 ό

129 416 261 452 Βηρύτιος
274 416 448 451 δικαιοσύνης
458 415 585 450 γενέσθαι
597 415 766 448 διδάσκαλον,
776 417 822 442 καὶ
829 417 918 452 Ὅμη-

133 470 179 496 ρος
191 462 219 488 δέ
234 462 315 488 αὐτὸν
335 471 344 487 ι
364 461 535 489 δικαιότατον
551 461 605 489 τῶν
622 461 807 498 Κενταύρων)
824 463 919 490 ἐκάλε-

130 515 186 534 σεν.
203 507 239 533 Οὐ
255 507 344 534 τοίνυν
359 507 431 542 μάλα
442 507 576 542 προσήκει
587 506 738 543 θαυμάζειν
748 507 810 534 οὔτε
828 508 919 534 Ἠσίο-

129 553 184 585 δον,
196 554 325 589 τραχεῖαν
341 553 455 587 λέγοντα
466 553 516 589 τῆς
530 554 631 589 ἀρετῆς
642 553 691 590 τὴν
701 553 759 581 ὁδὸν
772 555 818 581 καὶ
834 563 920 590 προσ-

129 598 195 633 άντη
221 599 267 625 καὶ
283 598 426 630 δύσϐατον,
453 598 514 625 οὗτε
542 599 693 634 Σιμωνίδην
730 598 921 635 [Τὴν-ἀρετὰν

129 643 258 679 εἰρηκότα
269 645 365 670 ναίειν
376 644 399 659 ⁵ο
417 643 578 677 δυσϐάτοις
594 643 645 671 ἐπὶ
658 644 802 681 πέτραις]
822 645 854 671 'A
866 647 920 682 γὰρ

128 689 161 724 δὴ
176 689 215 724 τῷ
233 689 350 725 Χείρωνι
365 689 412 716 καὶ
426 691 482 721 τοῖς
508 689 703 725 Ἱππημολγοῖς
726 691 919 726 προσεμαρτύ-

130 743 213 770 ρησεν
226 735 360 770 Ὅμηρος,
375 736 422 762 καὶ
437 736 507 772 ἅπερ
527 735 691 772 Ἀνάχαρσις
701 737 715 762 ὀ
727 737 832 771 Σκύθης
847 737 921 773 ἔργῳ

132 780 260 815 μετῆλθε,
280 780 367 808 ταῦτα
393 781 466 817 λόγῳ
491 781 649 817 παρῄνεσαν
676 782 701 808 oi.
729 783 920 818 ἐπαινούμενοι

131 826 254 860 ποιηταί.
276 826 332 852 Καὶ
360 826 531 862 Ἀντισθένης
550 827 578 854 δέ
596 828 610 854 ὁ
633 827 750 859 Κυνικὸς
772 828 920 863 (Σωκρατι-

132 870 179 901 κὸς
190 870 212 885 δ¹
229 870 257 897 δὲ
276 871 322 897 καὶ
337 868 423 906 οὗτος)
439 872 485 898 τοῦ
500 872 612 908 ἥδεσθαι
629 873 659 899 τὸ
674 872 814 908 μαίνεσθαι
831 875 921 908 κρεῖτ-

130 923 178 942 τον
189 916 298 952 εἴρηκεν
312 915 380 944 εἶναι
391 925 397 932 ·
410 917 450 944 διδ
464 918 510 944 καὶ
528 918 646 953 παρῄνει
659 918 682 934 δ’
699 920 755 950 τοῖς
771 919 920 954 γνωρίμοις
936 909 958 939 Β

135 961 203 996 μηδὲ
215 962 346 989 δάκτυλον
362 963 480 990 ἐκτεῖναί
493 972 557 990 ποτε
571 964 663 991 εἵνεκα
674 963 779 999 ἡδονῆς.
792 965 848 1000 Τῆς
861 964 921 991 τοὺ-

134 1015 180 1033 του
191 1007 364 1041 διδασκαλίας
378 1009 512 1045 τετύχηκε
525 1011 652 1046 Διογένης
665 1012 679 1037 ὁ
693 1011 841 1042 Σινωπεὺς,
850 1011 920 1046 λόγῳ

137 1054 186 1089 μὲν
207 1055 254 1080 καὶ
276 1055 357 1087 αὐτὸς
374 1056 423 1091 τὴν
441 1056 599 1091 φιλοσοφίαν
619 1056 755 1091 ζηλώσας,
772 1056 869 1092 ἡδονῆς
893 1056 922 1082 δὲ

134 1099 228 1131 δοῦλος
243 1100 400 1135 γενόμενος,
415 1102 461 1128 καὶ
480 1101 596 1137 δημοσία
608 1103 668 1133 ταῖς
689 1102 810 1137 ἑταίραις
826 1101 923 1137 μιγνύ-

137 1153 228 1179 μενος,
247 1145 295 1172 Xa).
310 1146 439 1173 κάκιστον
454 1148 509 1179 τοῖς
524 1146 671 1182 θεωμένοις
693 1147 856 1182 προσφέρων
872 1157 924 1174 πα-

138 1188 280 1224 ράδειγμα.
295 1190 363 1216 Φασὶ
385 1191 413 1217 δὲ
429 1191 509 1219 αὑτὸν
523 1212 530 1224 ,
548 1192 727 1227 μεμψαμένου
743 1193 815 1224 τινὸς
836 1193 867 1220 τὺ
883 1202 921 1227 γιρ

135 1233 278 1269 γνόμενον,
296 1236 342 1262 καὶ
354 1237 506 1272 εἰρηκότος,
528 1247 537 1263 t
556 1237 588 1264 Τί
613 1240 709 1270 ποιεῖς,
725 1235 747 1264 ὦ
759 1239 897 1272 Διόγενεςς
912 1248 921 1264 ι

970 285 1033 305 cum
1050 277 1191 306 hominem
1208 279 1365 314 formasset,
1379 285 1488 308 naturaa
1505 280 1606 308 indidit
1622 280 1760 309 honorum

970 323 1161 360 malorumque
1174 325 1381 354 discretionem.
1400 326 1460 360 Quo
1475 326 1586 359 factum,
1600 331 1631 353 ut
1643 334 1698 354 non
1715 334 1760 355 so-

970 369 1027 397 lum
1053 370 1195 404 Socrates,
1220 376 1250 399 et
1272 371 1368 404 Plato,
1393 375 1422 399 et
1443 371 1582 399 Aristides
1603 371 1761 406 Lysimachi

969 415 1053 449 ﬁlius,
1078 421 1106 444 et
1126 417 1172 444 alii
1187 417 1500 452 quidam'Graecorum,
1514 417 1677 453 injustitiam
1691 417 1760 445 abo-

970 461 1067 488 minati
1081 461 1151 495 (sint,
1173 462 1221 489 sed
1240 462 1422 490 barbarorum
1429 463 1512 491 etiam
1521 462 1645 497 plurimi.
1657 463 1761 490 Auctor

970 508 1044 535 enim
1054 512 1097 536 est
1110 509 1138 536 in
1157 509 1262 544 1025
1275 509 1399 538 historiis
1408 510 1467 538 suis
1477 509 1645 542 Hellanicus,
1654 508 1760 545 Hyper-

970 552 1080 585 boreos,
1092 552 1140 588 qui
1153 553 1226 580 ultra
1237 558 1344 582 montes
1355 554 1465 590 Ripaaos
1476 554 1613 587 habitant,
1624 554 1761 590 justitiam

971 599 1073 631 colere,
1099 606 1151 626 nec
1172 599 1302 627 carnibus
1322 600 1408 633 vesci,
1430 599 1479 628 sed
1504 599 1629 627 arboreis
1653 603 1761 627 tantum

970 643 1115 672 fructibus.
1138 644 1172 672 Et
1187 644 1383 674 Brachmanas'
1393 645 1440 673 alii
1457 649 1571 673 narrant
1582 645 1611 672 in
1624 644 1701 672 silvis
1714 644 1762 672 de-

971 698 1044 726 gere,
1057 698 1160 726 corpus
1171 690 1317 719 frondibus
1326 691 1486 720 vestientes.
1500 689 1682 719 Anacharsim
1693 697 1762 725 quo-

971 744 1024 771 que
1034 735 1162 772 Scytham
1171 736 1367 772 philosophum
1379 737 1457 764 aiunt
1464 736 1550 764 fuisse
1562 744 1568 763 ε
1582 739 1658 764 tanto
1669 738 1760 763 autem

972 782 1049 809 illum
1062 782 1243 818 philosophia:
1256 791 1349 811 amore
1365 783 1505 815 inarsisse,
1523 785 1554 810 ut
1565 781 1762 821 celeberrimus

971 829 1100 862 evaserit,
1119 833 1147 856 et
1163 829 1235 864 apud
1251 836 1347 857 omnes
1362 829 1488 856 illustris.
1503 827 1564 856 Non
1577 827 1667 855 solum
1687 826 1762 861 enim

972 874 1105 902 adversus
1122 874 1205 902 animi
1223 875 1447 910 perturbationes
1461 873 1601 909 vigilando
1611 871 1761 908 pugnabat,

975 928 1070 947 verum
1088 919 1171 947 etiam
1193 920 1335 948 dormiens
1361 919 1538 947 continentia:
1560 918 1637 954 signa
1658 917 1741 947 dabat
1754 917 1768 944 τ’

975 970 1156 994 consueverat
1167 966 1241 993 enim
1256 966 1368 993 sinistra
1381 966 1492 1002 quidem
1503 964 1596 993 virilia
1607 964 1762 996 continere,

975 1010 1070 1038 dextra
1100 1018 1166 1038 vero
1191 1011 1270 1038 labra
1296 1011 1479 1046 comprimere
1505 1018 1512 1036 :
1538 1010 1579 1037 sic
1614 1007 1764 1036 ostendens

976 1056 1088 1091 majoris
1105 1064 1165 1084 esse
1187 1056 1290 1092 negotii
1309 1055 1430 1096 linguam
1450 1063 1590 1088 coercere,
1609 1054 1764 1090 majorique

974 1101 1076 1129 auxilio
1094 1103 1154 1129 esse
1169 1101 1293 1137 opus,’nt
1308 1100 1342 1129 ab
1352 1109 1385 1136 ea
1399 1101 1450 1129 tuti
1461 1109 1522 1128 esse
1535 1100 1683 1135 possimus.
1696 1098 1763 1127 Chi-

975 1144 1075 1174 ronem'
1083 1155 1192 1181 quoque
1211 1146 1380 1174 Centaurum
1401 1146 1567 1181 llermippus
1583 1144 1712 1180 Berytius
1725 1143 1765 1171 ait

973 1192 1088 1228 iustitiae
1120 1192 1283 1228 magistrum
1323 1191 1436 1220 fuisse:
1461 1191 1594 1226 illumque
1627 1189 1765 1217 Homerus

981 1248 990 1265 ι
1003 1238 1204 1266 Centaurorum
1218 1238 1402 1273 iustissimum
1418 1247 1427 1263 ι
1443 1236 1571 1272 appellat.
1590 1235 1669 1264 Haud
1680 1235 1766 1269 igitur

136 1280 221 1314 φάναι
238 1283 352 1314 ἐκεῖνον,
369 1283 400 1317 τῇ
419 1283 529 1318 συνήθει
543 1283 663 1319 λοιδορίᾳ
674 1285 861 1320 χρησάμενον
875 1282 924 1310 «Ὦ

978 1283 1073 1311 mirari
1084 1283 1164 1311 valde
1180 1284 1319 1316 convenit,
1337 1283 1381 1311 vel
1398 1282 1559 1315 Hesiodum,
1576 1281 1624 1317 qui
1639 1288 1766 1316 asperam

136 1324 278 1359 κάθαρμα,
295 1327 318 1352 εί
331 1326 487 1361 ὲπιτύχοιμι
502 1327 536 1360 ⁸³,
552 1327 705 1363 ἄνθρωπον.
729 1338 738 1354 ο
758 1328 850 1361 υῦτως
864 1328 924 1354 ἀνέ-

977 1329 1089 1356 virtutis
1102 1328 1175 1355 viam
1190 1336 1251 1356 esse
1261 1328 1339 1362 dicit,
1361 1332 1389 1356 et
1405 1327 1531 1360 arduam,
1545 1330 1629 1362 atque
1642 1326 1767 1353 inacces-

135 1369 183 1403 δην
208 1370 346 1404 ἐλάγνευε.
373 1371 473 1398 Τούτου
499 1373 611 1407 Κράτης
635 1374 649 1399 ὁ
670 1372 786 1408 Θηὸαἶος
806 1373 851 1399 τὸν
867 1373 923 1408 βίον

978 1383 1036 1403 sam
1052 1384 1058 1402 :
1073 1375 1115 1402 vel
1132 1372 1312 1407 Simonidem,
1331 1373 1378 1409 qui
1393 1373 1523 1410 (habitare
1538 1373 1662 1400 virtutem
1680 1371 1720 1399 ait
1738 1371 1767 1398 in

136 1415 274 1450 ἐζήλωσε,
299 1417 346 1443 καὶ
367 1417 478 1450 πολλαῖς
504 1418 553 1454 μὲν
578 1419 726 1454 εὐφημίαις
751 1419 799 1455 τὴν
824 1419 924 1456 ἀρετὴν

978 1421 1058 1457 petris
1079 1421 1155 1448 inviis
1172 1429 1203 1447 ac
1222 1419 1391 1455 difﬁcilibus.)
1411 1419 1476 1453 Quae
1492 1418 1567 1447 enim
1587 1418 1621 1445 de
1641 1416 1765 1445 Chirone

137 1462 325 1496 ἐστεφάνωσεν
336 1472 342 1479 ·
355 1464 437 1491 αὑτοῦ
451 1465 504 1500 γὰρ
514 1465 545 1500 δὴ
562 1465 604 1491 ὅδε
615 1466 629 1492 ό
642 1465 665 1480 ’⁸³
676 1465 767 1501 λόγος’

978 1466 1129 1498 Centauro,
1142 1465 1232 1500 deque
1242 1464 1431 1501 llippomoigis
1440 1464 1576 1492 liomerus
1587 1467 1704 1491 testatus
1714 1465 1768 1495 est,

138 1515 253 1542 quasque
287 1509 455 1538 Anacharsis
474 1510 574 1546 Scytha
596 1511 685 1546 reipsa
705 1512 843 1546 praestitit,
862 1513 895 1540 ad
926 1520 959 1541 ea
978 1512 1036 1540 suis
1062 1512 1233 1539 carminibus
1258 1511 1362 1539 hortati
1382 1515 1447 1539 sunt
1471 1509 1645 1538 celeberrimi
1667 1512 1765 1543 poetae.

137 1553 316 1583 Antisthenes
334 1564 400 1584 vero
433 1556 552 1593 Cynicus
585 1556 681 1593 (Clem.
702 1558 780 1586 Alex.
804 1558 902 1586 Slrom.
923 1567 953 1591 ιι,
975 1567 1002 1594 p.
1022 1558 1096 1593 492),
1117 1557 1165 1593 qui
1183 1562 1210 1584 et
1225 1557 1384 1585 Socraticus
1405 1556 1477 1589 fuit,
1491 1559 1622 1591 praestare
1641 1553 1710 1582 dixit
1727 1553 1770 1580 in-

138 1601 241 1632 sanire,
259 1609 340 1636 quam
354 1602 496 1629 obiectari.
515 1603 620 1630 Idcirco
633 1608 661 1630 et
678 1603 783 1631 amicos
808 1603 984 1636 hortabatur,
999 1606 1029 1630 ut
1059 1609 1093 1629 ne
1126 1601 1244 1637 digitum
1262 1601 1374 1637 quidem
1393 1601 1543 1636 voluptatis
1560 1606 1644 1627 causa
1672 1602 1770 1626 exten~

139 1644 247 1674 derent.
278 1647 363 1684 liuius
395 1647 523 1675 doctrina
558 1648 681 1676 imbutus
708 1649 759 1676 fuit
789 1649 924 1685 Diogenes
945 1648 1118 1684 Sinopensis,
1137 1647 1244 1683 1026
1263 1647 1311 1682 qui
1331 1646 1417 1674 verbo
1447 1645 1560 1681 quidem
1593 1648 1622 1672 et
1637 1644 1695 1678 ipse
1710 1641 1772 1678 phi-

139 1693 293 1727 losophiam
312 1698 353 1720 est
382 1699 573 1727 consectatus,
596 1695 644 1722 sed
665 1703 761 1722 servus
782 1694 871 1722 factus
892 1695 1052 1729 voluptatis,
1066 1694 1177 1729 publice
1205 1700 1268 1720 cum
1299 1691 1495 1719 meretricibus
1527 1689 1770 1726 congrediehatur,

140 1742 346 1777 pessimumque
369 1743 524 1778 exemplum
551 1744 754 1778 spectatoribus
775 1744 926 1779 praebebat.
946 1743 1032 1771 Aiunt
1053 1747 1145 1770 autem
1165 1741 1252 1774 illum,
1277 1748 1340 1768 cum
1373 1741 1433 1776 ejus
1456 1739 1558 1768 factum
1593 1738 1705 1774 quidam
1728 1744 1771 1764 re-

141 1789 315 1823 prehendens
339 1790 444 1818 diceret
458 1799 465 1817 :
487 1801 496 1816 (
513 1791 585 1824 Quid
617 1791 684 1819 facis
695 1812 702 1824 ,
738 1800 754 1820 ο
776 1792 932 1827 Diogenes?
949 1790 1157 1826 i-respondisse
1167 1797 1230 1816 cum
1241 1788 1321 1816 solita
1333 1787 1500 1815 contumelia
1513 1796 1519 1813 :
1539 1796 1547 1812 ι
1561 1785 1584 1814 0
1597 1785 1701 1813 scelus!
1714 1784 1770 1812 llo—

140 1835 255 1867 minem,
277 1836 300 1862 si
314 1843 436 1871 possum.
461 1846 471 1862 i
493 1837 569 1865 Adeo
588 1837 763 1872 impudenter
781 1838 927 1865 libidinem
947 1836 1103 1865 exercebat.
1125 1834 1214 1870 Hujus
1230 1834 1314 1860 vitam
1334 1833 1457 1860 imitatus
1487 1832 1583 1860 Crates
1612 1830 1771 1864 Thebanus,

141 1880 237 1908 multis
252 1881 334 1908 etiam
356 1882 486 1910 laudibus
503 1883 632 1910 virtutem
666 1883 783 1910 ornavit.
802 1882 945 1918 Siquidem
965 1882 1025 1917 ejus
1053 1884 1096 1907 est
1110 1879 1169 1906 haec
1181 1878 1319 1906 sententia
1333 1887 1340 1904 :

981 1938 1004 1966 Α
1020 1936 1108 1965 servili
1120 1936 1262 1971 voluptatis
1276 1936 1386 1971 imperia
1403 1935 1477 1962 liberi
1488 1939 1512 1962 et
1526 1935 1628 1970 inﬂexi,

147 1939 258 1973 Ἡδονῇ
273 1940 495 1973 ἁνδραποδώὸει
508 1940 673 1968 ἀδούλωτοι
687 1941 736 1967 καὶ
745 1941 892 1981 ἅκαμπτοι

148 1975 307 2002 Ἆθάνατον
314 1975 478 2006 βασιλείαν
489 1975 663 2006 ἐλευθερίαν
674 1975 697 2002 τ’
709 1976 875 2006 ἀγαπωσιν.

981 1939 1004 1966 Α
1020 1939 1108 1965 servili
1120 1939 1262 1971 voluptatis
1276 1939 1386 1971 imperia
1403 1939 1477 1962 liberi
1488 1939 1512 1962 et
1526 1939 1592 1970 iri/te;

982 1971 1137 2002 Immortale
1152 1979 1263 2006 regnum
1279 1970 1476 2006 libertatemque
1490 1973 1592 1997 amant.

148 1975 307 2002 Ἆθάνατον
314 1975 478 2006 βασιλείαν
489 1975 663 2009 ἐλευθερίαν
674 1975 697 2002 τ’
709 1975 875 2010 ἀγαπῶσιν.

143 2027 228 2061 οὗτος
246 2031 336 2058 εἰώθει
348 2031 447 2066 λέγειν,
470 2032 520 2066 τῆς
545 2032 585 2063 εἰς
608 2031 643 2057 τὰ
674 2032 818 2066 ἀφροδίσια
842 2031 925 2067 ὁρμῆς

982 2028 1033 2056 Hic
1052 2027 1144 2056 dicere
1153 2026 1258 2055 solebat
1268 2026 1380 2055 venerei
1391 2027 1533 2062 appetitus
1544 2026 1698 2054 remedium
1710 2033 1774 2054 esse

144 2077 221 2114 [175]
243 2078 408 2112 κατάπαυμα
432 2077 455 2094 ⁵⁸
468 2077 548 2113 λιμὸν
562 2076 632 2104 εἶναι
643 2086 650 2093 ·
667 2078 691 2104 εί
710 2078 742 2113 δὴ
757 2077 804 2113 μὴ,
822 2077 929 2113 βρόχον.

151 2123 230 2149 Ἀλλὰ
259 2123 306 2150 τοῦ
331 2123 434 2156 πάθους
460 2124 672 2156 ἐπαναστάντος,
691 2124 853 2160 ’ἱππαρχίαν
880 2124 930 2160 τὴν

145 2169 316 2203 Μαρωνεῖτιν
334 2168 358 2185 ’⁸⁸
380 2169 498 2205 δημοσίᾳ
511 2169 609 2205 ἔγημε,
626 2170 718 2196 καὶτὰ
735 2170 888 2205 κυνογάμια
902 2170 931 2197 ἐν

145 2215 178 2249 τῇ
206 2214 318 2250 Ποικίλη
345 2214 477 2248 ἐτέλεσεν,
507 2215 645 2250 ἐρρῶσθαι
672 2215 757 2242 πολλὰ
775 2215 881 2250 φράσας
897 2217 931 2251 τῇ

147 2259 285 2295 ὑψηγορίᾳ
306 2260 359 2286 τῶν
384 2260 481 2294 λόγων.
497 2261 552 2287 Καὶ
576 2261 753 2297 Ἀρίστιππος
767 2261 794 2288 δὲ
808 2262 822 2288 ὁ
839 2262 934 2297 Κυρη-

146 2305 250 2337 ναῖκὺς,
272 2304 466 2339 ὀνειδιζόμενος
486 2306 527 2332 ὅτι
547 2306 579 2341 δὴ
598 2305 621 2321 ⁵⁷
638 2306 713 2341 θαμὰ
731 2306 884 2340 ξυνεγίνετο
898 2307 932 2341 τῇ

148 2350 244 2384 ἑταίρᾳ.
272 2351 305 2384 τῇ
335 2349 484 2385 Κορινθίᾳ,
510 2360 519 2376 ι
539 2351 624 2385 “Exin,
650 2350 736 2385 ἔλεγε,
761 2351 858 2383 Λαΐδα,
886 2351 934 2378 καὶ

149 2396 199 2422 οὐκ
224 2395 321 2430 ἔχομαι
352 2395 397 2421 ὑπ’
417 2395 513 2430 αὐτῆς.
534 2405 543 2421 ι
560 2396 616 2423 Καὶ
631 2397 655 2422 οἱ
677 2396 891 2432 Περιπατητικοὶ
907 2396 935 2423 δὲ

148 2440 220 2477 λόγῳ
238 2441 286 2477 μὲν
302 2440 442 2476 εὐφήμουν
466 2441 515 2476 τὴν
534 2441 644 2478 ἀρετὴν,
661 2442 800 2469 ἐκύδαινον
816 2442 843 2468 δέ
862 2442 937 2477 ἔργῳ

149 2486 198 2522 τὴν
214 2487 329 2522 ἡδονήν·
352 2487 398 2513 καὶ
421 2486 507 2513 ταῦτα
533 2486 622 2514 αὐτῶν
646 2487 696 2513 οὐκ
721 2487 794 2514 ἄλλοι
819 2495 937 2523 κατηγο-

152 2529 254 2564 ροῦσιν,
276 2529 334 2556 ἀλλ’
356 2530 434 2557 αὐτοὶ
455 2530 519 2566 περὶ
537 2530 585 2557 τοῦ
605 2529 679 2565 σφῶν
695 2531 856 2559 διδασκάλου
872 2531 937 2566 ξυγ-

150 2574 312 2609 γράφουσιν.
336 2574 513 2610 Ἀριστοκλῆς
528 2574 583 2610 γάρ
607 2583 658 2602 που
679 2575 693 2602 ὁ
717 2576 937 2611 Περιπατητικὸς

149 2618 266 2646 Λύκωνα
282 2619 334 2655 ἔφη
358 2620 405 2648 τὸν
427 2620 613 2656 Πυθαγόρειον
637 2621 700 2657 περὶ
734 2621 937 2658 Ἀριστοτέλους

151 2663 244 2698 φάναι,
261 2665 301 2692 ὃτι
313 2666 341 2692 ἐν
354 2666 435 2702 ἐλαίῳ
451 2666 545 2702 θερμῷ
560 2666 704 2702 λουόμενος
719 2666 808 2701 τοῦτο,
824 2667 937 2704 ὕστερον

981 2075 1093 2107 famem,
1102 2073 1145 2101 sin
1156 2073 1257 2105 minus,
1268 2073 1408 2108 laqueum.
1415 2072 1561 2106 Caeterum,
1571 2071 1595 2100 is
1604 2071 1719 2100 libidine
1731 2072 1773 2099 in-

984 2125 1124 2157 surgente,
1133 2119 1327 2155 Hipparchiam
1339 2119 1530 2147 Maronitidem
1541 2119 1682 2154 propalam
1694 2118 1773 2145 duxit

985 2174 1108 2199 uxorem,
1132 2169 1161 2194 et
1182 2165 1293 2201 cynicas
1305 2165 1417 2200 nuptias
1432 2165 1462 2193 in
1481 2164 1558 2192 varia
1576 2163 1686 2199 porticu
1701 2163 1774 2191 cele-

984 2211 1086 2244 bravit,
1098 2211 1251 2247 magnificis
1267 2211 1322 2238 illis
1338 2210 1396 2238 suis
1407 2210 1489 2238 dictis
1507 2209 1665 2237 valedicens
1676 2208 1771 2245 (Clem.

985 2258 1063 2286 Alex.
1072 2257 1171 2285 Strom.
1181 2265 1218 2290 rv,
1227 2265 1255 2292 p.
1265 2256 1338 2292 619).
1351 2256 1509 2292 Aristippus
1517 2263 1584 2283 vero
1594 2254 1772 2291 Cyrenaicus,

986 2312 1050 2333 cum
1070 2304 1097 2331 ei
1115 2303 1218 2338 probro
1236 2303 1359 2336 daretur,
1380 2302 1455 2338 quod
1470 2302 1587 2330 amicam
1601 2299 1774 2328 Corinthiam

985 2349 1117 2385 frequens
1129 2349 1218 2377 adiret
1236 2357 1242 2375 :
1261 2358 1271 2374 ‹
1287 2348 1390 2381 Habeo,
1402 2348 1501 2383 inquit,
1514 2346 1638 2378 Laidem,
1653 2353 1696 2372 me
1708 2352 1775 2372 vero

986 2396 1050 2423 Lais
1065 2403 1121 2423 non
1135 2394 1219 2422 habet
1232 2394 1328 2430 (Clem.
1345 2394 1422 2422 Alex.
1435 2402 1463 2428 p.
1475 2392 1547 2428 490).
1568 2401 1577 2417 ι
1599 2391 1669 2425 Quin
1681 2395 1709 2418 et
1722 2390 1775 2425 ipsi

987 2441 1177 2477 Peripatetici,
1192 2441 1288 2468 Verbis
1297 2440 1409 2475 quidem
1423 2440 1554 2467 virtutem
1570 2437 1730 2468 laudabant,
1745 2443 1775 2462 re

988 2491 1080 2515 autem
1098 2487 1156 2522 ipsa
1171 2486 1307 2522 voluptati
1329 2486 1478 2514 studebant
1495 2493 1502 2512 :
1517 2491 1607 2519 neque
1624 2483 1675 2510 hac
1696 2482 1725 2509 in
1746 2488 1777 2508 re

990 2532 1024 2560 ab
1039 2532 1101 2559 aliis
1117 2534 1292 2564 accusantur,
1306 2530 1355 2558 sed
1367 2530 1478 2565 ipsimet
1490 2529 1524 2557 de
1544 2532 1714 2564 praaceptore
1725 2533 1776 2554 suo

990 2577 1124 2606 scribunt.
1145 2576 1295 2605 Aristocles
1321 2576 1397 2604 enim
1421 2575 1621 2610 Peripateticus
1638 2573 1777 2609 Lyconem

990 2624 1191 2660 Pythagoreum
1202 2623 1236 2651 de
1247 2622 1394 2651 Aristotele
1408 2621 1503 2650 testari
1516 2621 1558 2648 ait
1571 2619 1683 2656 (Euseb.
1695 2618 1727 2645 P.
1741 2617 1777 2644 E.

990 2678 1018 2706 p.
1030 2670 1105 2705 792),
1119 2676 1226 2697 morem
1243 2669 1283 2697 illi
1303 2668 1398 2701 fuisse,
1411 2672 1442 2695 ut
1455 2667 1547 2695 oleum
1560 2665 1704 2696 venderet,
1716 2670 1776 2699 quo

761 2743 880 2772 VARIAQ
898 2744 1101 2775 LECTIONES.

152 2813 176 2851 ‘f
190 2813 387 2851 vaiew._vais_ty
397 2812 430 2851 ﬁt
493 2849 498 2851 _
512 2813 534 2829 “
551 2813 736 2851 Σωκρατικός.
754 2814 901 2851 Σωκράτης
919 2814 963 2851 1).Δ
988 2815 1011 2851 θ’
1025 2816 1151 2851 παρῄνει.
1171 2814 1298 2851 παραίνει
1313 2814 1345 2841 Ι).

152 2849 183 2874 τὸ
199 2849 273 2885 ναῖον
287 2848 319 2876 D.
330 2884 338 2885 ί
348 2847 381 2885 4⁸⁸
396 2848 473 2885 ὅδενό.
488 2849 502 2874 ὁ
518 2856 574 2876 om.
588 2847 635 2885 Ι)ζὲ
659 2848 682 2865 ⁸⁵
699 2847 884 2885 κατάπαυμα(
897 2847 1142 2881 κατάπλασμὰἿαυ
1157 2847 1239 2885 supra
1249 2849 1302 2877 λασ
1315 2848 1428 2884 scripto)
1447 2848 1477 2875 D.

153 2884 317 2919 κυνογάμια.
330 2883 483 2920 Μαρωνῖτιν
494 2883 691 2919 ι-κοινογάμια
707 2883 738 2911 D.
774 2884 796 2900 δτ
812 2884 843 2918 δὴ
855 2892 909 2911 om.
924 2885 954 2911 D.

1401 2813 1424 2829 "
1438 2812 1612 2845 ὲπιτύχοιμι-
1627 2809 1714 2845 -βιον.
1732 2807 1780 2843 ἐπὶ

1540 2848 1549 2863 α
1565 2846 1609 2873 Ma
1614 2845 1708 2880 por/sit
1712 2851 1736 2871 ιν
1742 2845 1780 2864 -’
