1965 3051
186 192 257 228 1139

691 192 934 223 THEODORETI
954 192 1122 223 EPISCOPI
1143 192 1324 222 CYRENSIS

1751 193 1819 226 illi]

186 256 217 278 Ie
239 248 318 285 prius
338 248 426 276 calido
446 247 621 284 perunxisset
639 257 645 275 :
668 257 787 285 cumque
808 249 831 277 is
849 250 876 276 in
898 248 978 277 Chal-

1036 242 1171 277 ἱπεδίδοτο
1193 249 1215 266 ⁸⁸
1229 257 1235 263 ·
1263 249 1309 275 καὶ
1324 249 1405 284 ἡνίκα
1420 249 1446 276 δὲ
1463 249 1502 281 είς
1516 249 1635 276 Χαλκίδα
1649 249 1744 285 ἀπῄει,
1756 249 1820 282 τοὺς

186 295 277 323 cidem
297 294 404 330 1027
422 294 528 328 abiret,
550 295 728 330 publicanos,
755 296 898 331 explorato
917 296 978 332 ejus

186 341 308 376 navigio,
333 340 471 369 invenisse
491 342 606 377 patellas
624 350 710 370 aereas
734 343 793 378 ejus
813 347 932 378 quatuor
946 351 979 370 ac

187 387 381 422 septuaginta:
398 391 528 415 auctores
545 392 638 416 autem
659 389 793 424 quosdam
814 389 884 416 alios
905 397 977 422 esse,

187 432 305 468 patellas
319 432 399 460 illum
418 433 549 462 habuisse
562 438 709 462 trecentas.
727 435 796 462 Puta
810 440 901 462 autem
917 436 980 463 illos

187 479 262 506 haud
285 487 401 514 prorsus
422 480 546 508 mentiri.
568 481 597 509 in
623 481 784 517 hujusmodi
801 482 875 509 enim
896 482 979 510 rebus

187 524 350 554 felicitatem
370 526 416 554 ille
428 527 569 556 statuebat
586 537 592 554 :
612 528 715 564 quippe
732 528 779 563 qui
795 529 895 556 solitus
906 532 979 556 esset

188 571 292 605 dicere,
309 579 367 600 non
388 572 469 601 aliter
488 581 570 609 posse
591 581 758 609 quemquam
778 573 838 601 fieri
856 574 978 608 beatum,

188 625 272 653 quam
289 625 322 645 ex
340 618 464 654 jucundo
488 620 614 654 corporis
637 624 727 652 statu,
748 624 981 655 externarumque

188 669 283 691 rerum
306 662 457 697 aﬂluentia,
482 664 542 692 sine
563 665 666 699 quibus
686 665 755 692 nihil
773 666 870 700 juvare
891 665 982 692 aiebat

189 707 333 736 virtutem.
348 708 441 744 Atque
459 710 517 737 haec
531 710 638 738 Atticus
650 710 808 738 Platonicus
825 711 852 738 in
876 711 909 738 iis
921 718 982 746 quae

190 757 286 781 contra
320 753 499 782 Aristotelem
533 755 648 787 scribit.
682 755 826 783 manifeste
861 755 983 783 ostendit

191 801 229 835 (v.
247 799 349 827 Euseb.
366 807 412 832 xv,
430 800 469 836 4).
488 800 554 834 Quae
568 801 661 836 itaque
676 805 771 829 contra
790 801 866 828 illum
882 801 982 829 dicun-

191 850 256 877 tur,
279 845 431 874 multorum
453 854 584 875 sermone
610 847 818 875 confirmantur.
848 848 882 875 At
906 847 983 875 Plato

191 891 333 920 contraria
345 899 462 927 prorsus
480 892 571 921 docet.
589 893 619 920 In
633 893 715 921 tertio
732 893 807 920 enim
824 893 984 929 Reipublicae

193 935 292 973 (Clem.
303 936 380 965 Alex.
393 945 432 971 IV,
448 946 476 973 p.
489 938 564 974 5'“),
577 943 690 974 propter
700 939 799 966 animae
810 939 982 966 harmoniam

192 983 317 1018 corporis
338 984 473 1012 rationem
496 985 599 1013 habere
615 986 704 1021 jubet,
726 994 776 1021 per
795 986 867 1021 quod
890 986 982 1014 vivere

192 1033 236 1057 est
246 1029 416 1064 hominibus,
435 1037 468 1058 ac
481 1035 567 1064 recte,
581 1031 615 1059 iis
626 1031 673 1067 qui
689 1039 749 1060 sese
767 1033 794 1059 in
807 1032 982 1067 praedicanda

192 1075 310 1103 veritate
326 1080 484 1105 exerceant.
501 1077 542 1105 Ad
553 1077 612 1105 haec
630 1083 722 1106 autem
739 1083 767 1105 et
783 1078 894 1105 divinus
908 1078 982 1113 Apo~

193 1121 282 1148 stolus
303 1121 441 1155 hortatur,
465 1129 528 1150 cum
552 1123 591 1150 ait
612 1131 618 1150 :
644 1132 653 1149 ‹
669 1123 728 1150 Nox
750 1123 894 1158 processit,
923 1123 983 1152 dies

193 1170 286 1194 autem
304 1167 548 1203 appropinquavit.
568 1168 737 1204 Abjiciamus
754 1177 821 1204 ergo
841 1176 925 1204 opera
944 1174 984 1197 te-

193 1210 354 1244 nebrarum,
377 1215 406 1240 et
426 1212 577 1243 induamus
590 1221 666 1241 arma
686 1214 765 1242 lucis.
782 1214 858 1242 Sicut
877 1215 906 1243 in
926 1216 982 1249 die,

194 1255 310 1284 honeste
328 1256 503 1285 ambulemus
524 1265 604 1286 :non
631 1258 660 1285 in
684 1260 932 1289 comessationibus
956 1266 984 1290 et

194 1301 388 1336 ebrietatibus,
408 1311 464 1330 non
476 1303 503 1330 in
517 1304 658 1332 cubilibus
675 1308 703 1333 et
721 1305 913 1340 impudicitiis,
928 1315 984 1335 non

193 1345 225 1376 in
236 1348 417 1375 contentione
435 1352 463 1374 et
482 1347 659 1376 aemulatione
675 1358 681 1376 :
697 1349 745 1377 sed
764 1349 912 1378 induimini
928 1351 983 1379 Do-

194 1391 301 1420 minum
323 1392 417 1421 Iesum
430 1393 582 1428 Christum,
602 1398 631 1423 et
649 1394 740 1423 carnis
756 1404 851 1423 curam
866 1405 901 1423 ne
913 1396 985 1425 fece-

195 1437 258 1465 ritis
277 1437 307 1465 in
327 1438 474 1467 desideriis
487 1440 512 1467 h.
534 1449 543 1466 ι
561 1440 658 1476 Neque
669 1441 742 1468 enim
759 1441 798 1469 sic
813 1442 921 1479 1028
937 1451 985 1472 cu-

195 1481 313 1510 randum
324 1487 366 1510 est
377 1489 489 1518 corpus,
504 1488 535 1512 ut
547 1489 643 1513 contra
657 1486 665 1495 '
675 1486 794 1514 animam
807 1488 926 1520 exsiliat,
936 1489 983 1516 sed

194 1531 226 1556 ω
247 1527 402 1556 subserviat
415 1532 444 1556 et
466 1529 588 1565 adjuvet,
611 1531 726 1567 ejusque
746 1532 861 1560 nutibus
879 1534 985 1562 obtem-

1028 295 1144 327 τελώνας
1159 295 1209 330 ἔφη
1221 295 1452 330 διερευνωμένους
1478 294 1507 321 τὸ
1535 295 1626 322 πλοῖον
1647 295 1738 331 εὑρεῖν
1766 295 1819 330 (ἐν)

1028 340 1102 376 αὐτῷ
1116 341 1228 368 λοπάδια
1247 341 1334 377 χαλκᾶ
1347 341 1464 376 τέτταρα
1485 341 1530 368 καὶ
1549 341 1735 377 ἑϐδομήκοντα
1747 350 1754 357 ·
1773 341 1821 369 άλ-

1028 387 1089 419 λους
1107 386 1135 413 δέ
1157 395 1232 418 τινας
1253 386 1404 422 εἰρηκέναι,
1425 386 1584 422 τριακοσίας
1599 385 1621 402 ⁵³
1640 386 1723 413 αὐτὸν
1738 386 1762 402 ⁵⁸
1776 387 1821 412 ὲσ-

1029 432 1143 468 χηκέναι
1156 432 1284 464 λοπάδας.
1311 432 1367 459 Καὶ
1387 430 1463 468 οἶμαι
1483 432 1582 464 αὐτοὺς
1605 432 1643 468 μὴ
1663 432 1820 459 παντάπασι
1845 425 1849 433 ’

1028 479 1184 515 ψεύδεσθαι.
1216 479 1259 505 Ἐν
1277 478 1381 510 τούτοις
1396 478 1451 514 γὰρ
1464 477 1496 514 δὴ
1513 478 1616 509 ἐκεῖνος
1630 477 1680 513 τὴν
1695 477 1821 513 εὐδαιμο-

1030 525 1089 553 νίαν
1110 525 1233 561 ὡρίζετο.
1252 524 1349 552 Είώθει
1375 525 1426 559 γὰρ
1447 524 1547 559 λέγειν,
1566 525 1616 551 οὐκ
1629 524 1716 556 ἄλλως
1733 524 1822 551 εὐδαί-

1033 572 1103 607 μονά
1118 580 1179 598 τινα
1193 571 1346 606 γίγνεσθαι,
1363 571 1379 606 ἢ
1402 570 1445 598 διὰ
1463 571 1512 605 τῆς
1525 569 1572 597 τοῦ
1595 570 1719 606 σώματος
1735 570 1822 597 εὐπα-

1031 618 1118 651 θείας,
1130 618 1175 646 καὶ
1190 618 1239 654 τῆς
1255 617 1310 644 τῶν
1324 617 1400 649 ἐκτὸς
1418 617 1576 654 περιουσίας
1594 625 1600 632 ·
1612 614 1649 644 ὧν
1658 618 1721 644 άνευ
1737 615 1822 652 μηδὲν

1030 665 1081 699 τὴν
1093 663 1192 700 ἀρετὴν
1207 663 1333 698 ώερελεῖν.
1350 663 1406 690 Καὶ
1420 663 1499 690 τοῦτο
1512 662 1568 699 [δὴ]
1586 662 1681 698 σαφῶς
1701 662 1822 693 Ἀττικὸς

1031 711 1045 737 6
1059 709 1230 742 Πλατωνικὸς
1245 710 1273 735 ὲν
1289 706 1329 741 οἷς
1347 709 1415 745 πρὸς
1441 708 1632 744 Ἀριστοτέλην
1651 708 1752 743 γράφει
1777 708 1819 734 δε-

1032 757 1146 793 δήλωκε.
1174 755 1214 782 Τὰ
1238 756 1328 783 τοίνυν
1347 755 1408 782 κατ’
1422 754 1505 782 αὐτοῦ
1522 754 1655 788 λεγόμενα
1668 753 1822 789 βεϐαιοῦσιν

1032 804 1057 829 οί
1077 802 1168 836 λόγοι·
1185 803 1199 828 ὁ
1221 802 1249 829 δὲ
1263 801 1375 828 Πλάτων
1401 800 1531 836 ἄντικρυς
1559 799 1668 826 ἐναντία
1693 799 1822 826 διδάσκει.

1040 847 1084 875 Ἐν
1100 848 1154 884 γὰρ
1169 847 1208 883 τῷ
1224 847 1308 882 τρίτῳ
1322 847 1371 881 τῆς
1389 845 1545 878 Πολιτείας
1569 844 1757 879 ἐπιμελεῖσθαι
1778 852 1823 871 κε-

1033 894 1107 921 λεύει
1127 894 1173 921 τοῦ
1196 892 1333 928 σώματος,
1359 891 1450 927 ψυχῆς
1474 891 1567 917 εἵνεκα
1581 890 1727 925 ἁρμονίας,
1744 890 1778 916 δι’
1792 885 1824 916 οὗ

998 919 1022 950 Β
1119 919 1142 965 τί
1157 919 1228 970 ἐστι,
1239 919 1290 965 ’καὶ
1299 919 1387 973 epes;
1400 919 1498 971 "916m,
1524 919 1756 970 καταγγέλλοντας
1774 937 1825 970 τῆς

1034 985 1161 1020 ἀληθείας
1179 984 1211 1011 τδ
1225 985 1365 1019 κήρυγμα.
1382 983 1467 1009 Τοῦτο
1479 982 1506 1008 δὲ
1518 982 1563 1009 καὶ
1577 983 1591 1008 6
1602 982 1673 1014 θεῖος
1695 981 1824 1008 Ἀπόστο-

1033 1031 1078 1063 λος
1087 1031 1215 1066 παραινεῖ
1232 1030 1329 1063 λέγων·
1346 1039 1355 1055 ‹
1378 1029 1412 1057 Ἦ
1425 1027 1474 1060 νὺξ
1484 1028 1644 1063 προέκοψεν,
1660 1029 1677 1063 ὴ
1691 1027 1718 1054 δὲ
1732 1027 1825 1063 ἡμέρα

1034 1077 1158 1112 ἤγγικεν,
1181 1074 1362 1109 Ἀποθώμεθα
1378 1072 1425 1101 οὖν
1438 1074 1472 1100 τὰ
1487 1073 1556 1109 ἔργα
1568 1072 1616 1099 τοῦ
1634 1072 1757 1104 σκότους,
1777 1071 1825 1098 καὶ

1034 1121 1208 1157 ἐνδυσώμεθα
1219 1121 1252 1148 τά
1264 1121 1333 1148 ὅπλα
1346 1120 1393 1148 τοῦ
1408 1119 1496 1155 φωτός
1505 1127 1512 1135 ·
1529 1119 1566 1151 ὡς
1584 1120 1613 1146 ἐν
1623 1119 1715 1154 ἡμέρα
1728 1118 1826 1153 εὐσχη-

1037 1168 1124 1204 μόνως
1149 1168 1390 1203 περιπατήσωμεν,
1409 1166 1447 1202 μὴ
1470 1164 1573 1201 κώμοις
1596 1165 1644 1191 καὶ
1662 1164 1769 1199 μέθαις,
1788 1162 1826 1199 μὴ

1035 1214 1140 1245 κοίταις
1159 1213 1206 1240 καὶ
1218 1212 1383 1247 ἀσελγείαις,
1402 1211 1439 1247 μὴ
1453 1210 1522 1246 ἔριδι
1538 1210 1585 1237 καὶ
1603 1210 1676 1246 ζήλῳ
1687 1218 1694 1225 ο
1711 1209 1768 1236 ἀλλ’
1781 1210 1826 1235 ὲν-

1035 1259 1154 1286 δύσασθε
1170 1258 1216 1285 τὸν
1239 1257 1342 1292 Κύριον
1367 1256 1471 1292 Ἰησοῦν
1483 1255 1611 1291 Χριστὸν,
1632 1254 1679 1281 καὶ
1694 1254 1744 1288 τῆς
1761 1262 1826 1288 σαρ-

1035 1305 1082 1337 κὸς
1111 1305 1240 1340 πρόνοιαν
1257 1304 1293 1339 μὴ
1311 1302 1431 1330 ποιεῖσθε
1450 1303 1490 1334 είς
1513 1299 1671 1336 ἐπιθυμίας.
1691 1309 1699 1326 ι
1719 1299 1756 1326 οὐ
1772 1299 1828 1334 γὰρ

1034 1349 1167 1384 τοσαύτην
1179 1348 1254 1383 αὺτῷ
1268 1348 1430 1383 προσφέρειν
1443 1347 1466 1363 δι
1476 1345 1515 1373 δεῖ
1525 1345 1683 1381 θεραπείαν,
1697 1343 1765 1371 ὥστε
1779 1353 1829 1372 κα-

1034 1395 1183 1430 τασκιρτᾷν
1195 1394 1245 1429 τῆς
1259 1393 1359 1429 ψυχῆς·
1370 1393 1428 1420 ἀλλ’
1437 1393 1480 1420 ῖνα
1490 1393 1626 1428 ὑπουργῇ,
1641 1391 1687 1419 καὶ
1696 1391 1826 1426 συνεργῇ,

1036 1442 1082 1469 καὶ
1096 1442 1152 1473 τοῖς
1167 1441 1273 1476 ἐκείνης
1298 1440 1397 1475 ἕπηται
1413 1439 1538 1475 νεύμασι.
1553 1437 1759 1473 Ξυμπεφώνηκε
1773 1435 1828 1463 τοί-

1036 1496 1083 1515 νυν
1103 1486 1143 1523 [ὲν
1152 1485 1268 1521 τούτοις]
1282 1486 1304 1502 δ’
1318 1485 1333 1511 6
1343 1485 1456 1512 Πλάτων
1468 1485 1523 1516 τοῖς
1533 1483 1689 1520 ἡμετέροις,
1703 1482 1753 1516 τὴν
1764 1482 1828 1509 ἁνα-

1035 1532 1135 1568 γχαίαν
1146 1531 1303 1567 ἐπιμέλειαν
1315 1530 1451 1558 ποιεῖσθαι
1465 1529 1661 1566 παρεγγυήσας
1673 1527 1719 1554 τοῦ
1733 1527 1828 1562 σώμα-

195 1575 284 1607 peret.
307 1571 416 1600 Nostris
439 1580 506 1609 ergo
525 1574 578 1602 hac
594 1575 623 1602 in
639 1580 717 1610 parte
737 1577 877 1604 consentit
895 1578 981 1612 Plato,

1036 1586 1090 1610 τος.
1112 1576 1247 1609 Ἐπέδειξε
1263 1577 1292 1604 δὲ
1317 1576 1365 1603 καὶ
1378 1576 1452 1608 ὅπως
1461 1575 1574 1611 ἄρχεταί
1583 1584 1612 1602 τε
1626 1573 1673 1602 καὶ
1682 1574 1706 1591 ⁸⁸
1718 1572 1828 1605 αὒξεται

195 1617 382 1645 necessariam
406 1620 533 1654 corporis
556 1627 651 1647 curam
679 1621 836 1649 habendam
857 1630 982 1651 monens.

194 1661 368 1690 Adhortatur
381 1664 456 1691 enim
477 1672 529 1692 nos
549 1669 580 1693 ut
596 1667 782 1694 necessariam
798 1668 920 1702 corporis
935 1677 986 1696 cu-

196 1715 256 1735 ram
265 1707 426 1736 habeamus.
438 1708 566 1738 Ostendit
576 1715 669 1739 autem
679 1716 706 1739 et
717 1720 772 1747 quo
783 1718 862 1748 pacto
874 1713 986 1749 incipiat

195 1758 384 1788 augeaturque
395 1753 521 1797 libidinis
531 1756 680 1791 appetitus.
696 1767 705 1783 ι
718 1757 774 1785 Nos
785 1758 871 1792 enim,
884 1760 986 1796 inquit,

196 1798 291 1826 dicere
306 1797 424 1827 fortasse
438 1799 512 1828 haud
525 1800 646 1829 absurde
657 1803 806 1836 possimus,
820 1801 910 1832 visum
924 1813 986 1834 esse

196 1844 300 1873 amoris
318 1845 498 1881 principium,
519 1854 567 1882 spe
583 1854 649 1875 vero
664 1847 743 1875 illum
760 1850 866 1884 augeri,
884 1839 989 1880 nutriri.

196 1890 340 1923 memoria,
355 1898 407 1919 usu
418 1895 446 1919 et
459 1892 638 1920 assuetudine
648 1895 832 1922 conservari.»
852 1895 908 1924 lloc
921 1905 987 1924 vero

196 1935 287 1970 ipsum
310 1936 395 1964 etiam
420 1936 454 1964 de
478 1937 581 1964 virtute
600 1937 671 1964 dixit
690 1938 780 1974 (Legg.
802 1947 830 1974 p.
857 1940 910 1967 765
932 1941 985 1976 E):

200 1989 210 2005 ι
229 1979 326 2008 Omnis
344 1981 430 2014 enim,
454 1981 554 2016 inquit,
580 1981 681 2017 planta:
702 1984 789 2018 prima
810 1985 986 2019 germinatio,

196 2025 268 2054 bene
279 2026 315 2054 ad
325 2027 458 2055 virtutem
472 2027 589 2061 directa,
603 2032 710 2056 naturas
723 2037 780 2057 suae
792 2034 922 2066 tanquam
936 2039 986 2066 po-

196 2071 352 2100 tentissima
360 2071 472 2100 domina
479 2075 533 2105 est,
541 2072 747 2108 plurimumque
756 2074 830 2102 valet
840 2075 874 2102 ad
885 2083 987 2110 oppor-

196 2119 296 2144 tunum
318 2115 402 2144 linem
423 2117 663 2152 consequendum.
686 2127 696 2144 ι
725 2118 853 2147 Socrates
875 2128 987 2156 quoque

198 2160 337 2197 (Xenoph.
358 2161 435 2190 Mem.
454 2170 475 2194 ι.
491 2162 519 2198 5)
539 2170 636 2191 cavere
652 2164 732 2200 jubet
751 2165 909 2200 illecebras,
925 2175 986 2202 qua:

198 2208 325 2241 suadent,
349 2212 380 2236 ut
405 2216 461 2237 non
489 2209 645 2238 esurientes
668 2211 856 2245 comedamus,
878 2218 906 2241 ct
931 2221 987 2242 non

1036 1623 1086 1657 τῆς
1111 1621 1259 1658 ἐπιθυμίας
1271 1621 1302 1649 τδ
1315 1622 1413 1654 πάθος.
1437 1631 1446 1647 ε
1470 1621 1565 1656 Ἡμεῖς
1579 1620 1642 1656 γὰρ,
1657 1620 1720 1655 ἔφη,
1737 1618 1828 1652 λέξαι-

1039 1676 1088 1703 μεν
1104 1668 1136 1705 ἂν
1150 1667 1215 1699 ἴσως
1227 1667 1277 1694 οὐκ
1291 1667 1408 1699 ἀτόπως,
1423 1667 1464 1693 ὅτι
1480 1665 1558 1702 ἄρχει
1572 1666 1622 1701 μὲν
1641 1665 1742 1701 ἔρωτος
1765 1665 1829 1698 ὅρα-

1040 1721 1093 1745 σις,
1111 1712 1187 1745 αὔξει
1199 1712 1227 1740 δὲ
1239 1713 1269 1739 τὸ
1279 1712 1366 1744 πάθος
1379 1712 1467 1743 ἐλπὶς,
1480 1711 1575 1747 τρέφει
1585 1711 1614 1737 δὲ
1629 1711 1736 1745 μνήμη,
1751 1709 1831 1745 τηρεῖ

1038 1759 1065 1786 δὲ
1085 1759 1224 1794 συνήθεια.
1241 1768 1249 1784 ι
1277 1758 1363 1785 Τοῦτο
1386 1758 1415 1784 δὲ
1432 1757 1497 1784 αὐτὸ
1512 1758 1560 1784 καὶ
1581 1757 1645 1792 περὶ
1661 1755 1711 1790 τῆς
1727 1755 1829 1791 ἀρετῆς

1038 1805 1143 1841 εἴρηκε.
1174 1814 1183 1831 ι
1199 1804 1302 1836 Παντὸς
1320 1803 1386 1838 γὰρ,
1404 1803 1466 1838 ἔφη,
1480 1801 1564 1836 φυτοῦ
1576 1801 1698 1837 ἡπρώτη
1714 1800 1828 1836 βλάστη.

1038 1851 1129 1882 καλῶς
1152 1849 1307 1886 ὀρθωθεῖσα
1329 1848 1396 1884 πρὸς
1416 1848 1528 1884 ἀρετὴν,
1544 1848 1593 1883 τῆς
1607 1847 1704 1874 ἑαυτοῦ
1721 1845 1829 1881 φύσεως

1038 1896 1194 1930 κυριωτάτη
1214 1895 1289 1926 τέλος
1304 1893 1438 1920 ἐπιθεῖναι
1464 1893 1494 1920 τὺ
1515 1893 1678 1928 πρόσφορον.
1697 1901 1706 1918 ι
1732 1891 1788 1918 Καὶ
1815 1892 1830 1918 ὁ

1039 1940 1187 1975 Σωκράτης
1203 1939 1231 1966 δὲ
1243 1938 1425 1974 φυλάττεσθαι
1441 1937 1515 1973 [174]
1533 1937 1660 1964 ἐκέλευσε
1675 1935 1697 1952 ⁵³
1715 1935 1748 1963 τὰ
1760 1936 1830 1962 ἀνα-

1039 1985 1166 2012 πείθοντα
1191 1984 1229 2020 μὴ
1253 1983 1406 2014 πεινῶντας
1433 1982 1544 2014 ὲσθίειν,
1569 1981 1616 2008 καὶ
1640 1981 1677 2017 μὴ
1693 1980 1829 2016 διψῶντας

1038 2030 1128 2057 πίνειν
1141 2038 1147 2045 ·
1173 2031 1221 2056 καὶ
1243 2029 1277 2055 τὰ
1305 2028 1449 2063 βλέμματα
1466 2028 1514 2054 καὶ
1529 2026 1564 2053 τὰ
1583 2027 1606 2043 ⁸⁸
1621 2026 1762 2061 φιλήματα
1774 2024 1830 2051 τῶν

1039 2075 1140 2108 καλῶν,
1170 2075 1207 2107 ὡς
1236 2074 1425 2110 χαλεπώτερον
1443 2073 1580 2108 σκορπίων
1606 2072 1653 2099 καὶ
1670 2070 1830 2106 φαλαγγίων

1041 2123 1079 2150 ίὸν
1098 2123 1199 2149 ἐνιέναι
1222 2121 1388 2156 πεφυκότα,’
1405 2119 1487 2147 Ἀλλὰ
1503 2118 1589 2145 ταῦτα
1608 2117 1664 2154 [τὰ]
1680 2118 1703 2134 ⁵⁸
1719 2117 1830 2153 ῥήματα

1039 2165 1084 2203 ἦν,
1098 2167 1185 2199 ἄλλως
1201 2167 1289 2202 ἔργων
1301 2165 1514 2201 γεγυμνωμένα.
1531 2164 1579 2195 Είς
1597 2163 1652 2199 γὰρ
1667 2163 1698 2199 δὴ
1718 2163 1753 2190 τὰ
1781 2170 1831 2197 γυ-

1040 2213 1141 2248 μνάσια
1150 2212 1205 2238 τῶν
1214 2212 1283 2238 νέων
1297 2211 1390 2237 εἵνεκα
1399 2210 1447 2236 καὶ
1459 2209 1550 2236 καλῶν
1564 2208 1653 2235 εἰώθει
1667 2208 1772 2244 φοιτᾷν,
1784 2207 1832 2234 καὶ

197 2255 324 2284 sitientes
333 2247 477 2283 bibamus:
487 2259 517 2284 et
529 2256 710 2292 pulchrorum
721 2258 835 2286 obtutus
843 2263 871 2286 et
882 2261 984 2294 oscula,

1040 2247 1103 2290 τοὺς
1118 2258 1273 2294 ὀφθαλμοὺς
1289 2257 1377 2284 είστία
1391 2257 1424 2291 τῇ
1445 2256 1516 2290 κακῇ
1541 2254 1652 2290 θεωρίᾳ.
1677 2254 1733 2281 Καὶ
1760 2261 1832 2289 μαρ-

198 2307 229 2330 υι
241 2310 302 2338 quae
320 2302 399 2338 pejus
413 2303 521 2330 soleant
535 2307 564 2331 et
579 2303 774 2339 scorpionibus
788 2309 817 2332 et
835 2306 990 2342 phalangiis

197 2356 335 2377 venenum
347 2348 505 2377 infundere.
520 2349 574 2377 Sed
589 2357 664 2377 mera
677 2350 763 2378 verba
776 2351 835 2379 haec
846 2357 935 2385 erant,
946 2361 991 2381 re—

197 2394 252 2423 bus
267 2395 403 2430 factisque
424 2395 557 2423 carentia.
580 2395 693 2423 Solebat
713 2396 787 2424 enim
807 2397 987 2432 pulchrorum

197 2436 418 2469 adolescentium
429 2449 511 2469 causa
520 2442 661 2478 gymnasia
671 2441 860 2477 frequentare,
872 2443 990 2480 flagitio-

197 2493 284 2522 soque
298 2487 457 2522 spectaculo
467 2487 598 2522 pascebat
605 2488 711 2515 oculos.
721 2488 873 2524 Testesqne
886 2494 951 2517 sunt
960 2494 989 2517 et

197 2530 334 2565 Philebus,
355 2538 384 2560 et
395 2533 533 2566 Phaedrus,
553 2538 581 2561 et
593 2533 709 2568 Βίυιιίεε,
726 2539 755 2562 et
774 2534 940 2568 Charmides,
960 2540 989 2564 et

198 2577 245 2606 alii
255 2577 379 2606 Platonis
389 2578 489 2615 dialogi
502 2579 671 2614 complures,
686 2580 768 2616 hujus
779 2581 890 2616 generis
903 2581 989 2609 multa

199 2627 354 2653 narrantes.
367 2623 434 2658 Quae
445 2632 512 2654 vero
525 2625 683 2656 Alcibiades
696 2626 725 2655 in
740 2626 878 2664 Symposio
892 2627 927 2656 de
937 2627 989 2656 So-

236 2703 250 2723 ὶ·
266 2703 346 2731 Rom.
363 2712 421 2737 xm,
438 2705 531 2734 l2-M.

1039 2307 1117 2340 τυρεῖ
1136 2305 1276 2338 Φίληϐος,
1300 2304 1347 2330 καὶ
1375 2301 1514 2336 Φαῖδρος,
1546 2300 1595 2327 καί¹
1633 2299 1831 2334 Ἀντερασταί,

1041 2351 1088 2378 καὶ
1106 2350 1267 2386 Χαρμίδης,
1293 2349 1341 2376 καὶ
1357 2348 1431 2376 ἄλλοι
1451 2347 1543 2374 πολλοὶ
1564 2346 1693 2380 διάλογοι,
1718 2344 1831 2371 τοιαῦτα

1041 2397 1148 2433 ἔχοντες
1159 2397 1326 2432 διηγήματα.
1350 2395 1384 2421 "A
1403 2394 1431 2421 δὲ
1459 2392 1630 2427 Ἀλκιὸιάδης
1649 2392 1679 2418 ὲν
1694 2390 1733 2425 τῷ
1755 2391 1833 2424 Συμ-

1041 2443 1140 2476 ποσίῳ
1160 2443 1223 2478 περὶ
1237 2441 1400 2477 Σωκράτους
1418 2440 1486 2474 ἔφη,
1500 2438 1612 2466 Πλάτων
1635 2437 1684 2472 μὲν
1701 2435 1831 2472 ἔγραψεν,

1042 2488 1099 2523 ἐγὼ
1110 2488 1139 2516 δὲ
1155 2488 1240 2524 φειδοῖ
1251 2487 1298 2514 τοῦ
1312 2486 1475 2522 Σωκράτους
1500 2484 1587 2511 εἰπεῖν
1614 2483 1664 2510 οὐκ
1689 2482 1830 2516 ἀνέξομαι.

1044 2534 1186 2570 Τοσαύτην
1209 2533 1317 2568 ἔχουσιν
1333 2532 1446 2559 ἀτοπίαν
1461 2531 1509 2558 καὶ
1524 2528 1667 2565 παροινίαν
1678 2527 1701 2544 ⁸⁷
1717 2526 1831 2561 Σωκρά-

1042 2590 1107 2613 τους
1136 2580 1184 2608 καὶ
1210 2579 1300 2614 λώὸην
1321 2579 1375 2610 τοῖς
1388 2577 1548 2612 ὀξυρρόποις
1562 2575 1625 2610 περὶ
1639 2574 1670 2600 τὸ
1682 2572 1789 2600 πταίειν
1807 2572 1832 2598 οι

1044 2627 1118 2662 λόγοι
1135 2627 1234 2654 ἐκεῖνοι
1249 2626 1278 2652 ὲν
1300 2624 1397 2659 ἐκείνῳ
1419 2622 1457 2658 τῷ
1471 2622 1597 2656 διαλόγῳ.
1616 2620 1671 2647 Καὶ
1687 2618 1832 2654 ἑσπερίσαι

860 2749 979 2778 νΑιιιΑς
1000 2748 1206 2778 LECTIONES.

236 2806 258 2824 “
270 2807 421 2834 ἀπεδίδοτο.
448 2808 597 2835 ἀπεδίδοπο
625 2807 657 2834 Ι).
695 2806 719 2823 ⁸⁸
745 2807 916 2843 τριακοσίας.
932 2808 973 2836 Ab
996 2809 1025 2836 h.
1058 2808 1077 2836 Ι.
1105 2816 1194 2871 usque
1229 2808 1263 2836 ad
1279 2808 1365 2843 ἐφῆκε
1397 2814 1425 2842 p.
1448 2805 1510 2837 174,
1522 2803 1550 2838 5,
1572 2803 1674 2831 lacuna
1700 2804 1743 2829 est
1755 2801 1785 2827 in
1798 2799 1830 2827 (Ι.

238 2843 319 2869 αὑτὸν
334 2850 389 2870 οιιι.
406 2843 438 2869 D.
476 2843 498 2858 “
517 2843 682 2871 προσφέρειν
701 2842 751 2870 δεῖ.
779 2842 819 2870 δεῖ
833 2844 998 2871 προσφέρειν
1021 2844 1052 2871 D.
1092 2843 1115 2860 ⁸¹
1135 2843 1144 2871 ί
1161 2853 1175 2871 ν
1190 2843 1306 2871 τούτοις]
1328 2850 1384 2870 om.
1403 2843 1436 2870 D.
1472 2841 1496 2857 "
1515 2848 1546 2866 τε
1563 2838 1620 2866 καί·
1652 2846 1682 2864 τε
1711 2843 1766 2863 οῖη-
1798 2835 1830 2863 θη

200 2842 223 2858 ⁸⁰
238 2843 319 2869 αὐτὸν
334 2850 389 2870 om.
406 2843 438 2885 Π.
476 2843 498 2858 ⁸³
517 2843 682 2878 προσφέρειν
701 2842 751 2870 δεῖ.
766 2842 819 2870 δεῖ
833 2844 998 2879 προσφέρειν
1021 2844 1052 2872 D.
1092 2843 1149 2909 "B

200 2878 223 2893 "
237 2877 374 2903 ἐκέλευσε.
387 2877 496 2903 ὲκελευε
509 2877 542 2904 D.
586 2877 610 2893 ⁸³
628 2877 675 2904 καὶ
692 2877 736 2904 τά.
747 2877 783 2905 τὰ
797 2884 852 2905 om.
865 2879 896 2906 Ι).
942 2879 965 2896 ⁸⁸
981 2879 1038 2909 [τάΙ
1058 2887 1113 2907 om.

237 2877 374 2916 ἐκέλευσε.
387 2877 496 2916 έκὲλευε
570 2912 576 2916 _
586 2877 610 2893 "
626 2877 675 2904 καὶ
692 2877 736 2904 τά.
747 2877 783 2905 τὰ
797 2877 896 2906 οιιι.Ἰ).
911 2877 916 2879 ⁷
941 2877 965 2896 ⁸⁸
981 2879 1038 2916 [τὰ]
1058 2887 1113 2907 om.
1128 2877 1160 2912 Β,

201 2911 234 2941 ι),
253 2911 299 2938 ubi
315 2918 377 2940 mox
393 2912 491 2938 ἐκεῖνοι
507 2912 532 2938 οι
547 2912 634 2946 λόγοι,

1161 2835 1306 2880 νήτούτοιςῙ
1325 2835 1384 2870 Ioui.
1397 2835 1436 2870 ID.
1465 2835 1548 2880 fre
1563 2838 1622 2880 καίἶ
1652 2846 1682 2864 τε
1698 2843 1766 2880 rom.

1178 2880 1226 2915 qui
1251 2871 1316 2906 mo'x
1334 2878 1425 2906 ἕνεκα.
1463 2876 1487 2894 ⁸⁷
1513 2873 1666 2910 παροινίαν.
1682 2871 1834 2907 παράνοιαν
