1965 3051
132 152 198 185 iiii

393 155 613 188 GRJECARUM
630 159 781 192 AFFECT.
801 161 1086 193 CURATIO.—XII.
1106 162 1154 192 DE
1171 161 1337 193 VIRTUTE
1357 160 1501 193 ACTIVA.

1688 161 1757 196 1142

130 211 213 238 αὐτον
235 219 282 238 και
304 211 527 248 διανυκτερεῦσαι
553 214 663 242 πίνοντα
679 216 701 232 ⁸³
722 216 784 252 ἔφη,
802 218 918 245 καὶτῶν

975 223 1045 246 crate
1067 218 1147 251 dixit,
1170 218 1247 246 Plato
1269 217 1382 252 quidem
1403 216 1515 252 scriptis
1535 215 1685 250 mandavit.
1705 225 1757 253 ego

131 256 219 283 ἄλλων
234 256 256 272 δ”
270 257 461 293 ἀπειρηκότων
472 259 533 294 ἤδη,
550 261 596 287 καὶ
612 261 657 288 τὸν
683 261 767 289 ὖπνον
791 264 918 290 ἀσπασα-

135 302 234 337 μένων,
244 303 416 340 ἐγρηγορότα
431 305 520 340 μεῖναι
533 305 644 333 πίνοντα
658 307 703 334 καὶ
716 308 816 343 μεταξὺ
833 308 918 336 διαλε-

133 347 258 382 γόμενον,
275 349 437 385 ὀνησιφόρον
455 350 505 385 μὲν
520 349 607 383 οὐδὲν,
624 351 641 379 ἃ
657 352 685 379 δὲ
706 353 860 390 Ἀλκιϐιάδῃ
873 354 920 381 καὶ

140 392 330 428 Ἀριστοφάνει
358 395 405 421 καὶ
431 397 487 427 τοῖς
511 395 600 428 ἄλλοις
631 398 751 433 ἥρμοττε
781 399 804 415 ⁸⁵
827 408 920 435 κωμα‹

135 439 220 471 σταῖς.
239 440 292 466 Καὶ
311 441 325 466 ὁ
341 441 493 477 Πορφύριος
509 443 548 475 δὲ,
573 443 621 479 τὴν
646 444 789 479 φιλόσοφον
801 446 920 481 ἱστορίαν

135 484 303 520 ξυγγράψας,
332 486 438 522 πρῶτον
467 487 516 522 μὲν
528 488 608 515 αὑτὸν
622 489 769 525 ἀκρόχολον
784 490 830 517 καὶ
844 491 922 526 εὐόρ-

135 539 217 566 γητον
234 532 327 568 εἴρηκε
344 533 518 569 γεγενῆσθαι,
545 535 722 572 Ἀριστοξένῳ
741 537 858 572 μάρτυρι
876 545 920 564 κε-

135 577 280 612 χρημένος,
294 578 341 604 τὸν
365 579 526 615 Σωκράτους
553 580 610 615 βίον
622 581 833 617 ξυγγεγραφότι.
849 583 920 618 Ἔφη

134 621 189 658 γὰρ
204 622 298 658 μηδενὶ
315 623 400 660 ἑτέρῳ
415 625 624 661 ἐντετυχηκέναι
635 627 827 664 ’πιθανωτέρῳ
851 629 923 656 ὲκεί-

135 676 191 694 νςυ.
209 667 342 705 Τοιαύτην
363 668 433 697 εἶναι
453 671 503 705 τήν
520 680 549 698 τε
575 672 678 708 φωνὴν,
701 674 748 700 καὶ
765 673 795 701 τὸ
823 674 920 710 στόμα,

136 711 183 738 καὶ
198 711 228 738 τὸ
245 712 453 749 ἐπιφαινόμενον
475 712 551 751 ἦθος,
569 717 617 744 καὶ
636 718 703 753 πρὸς
719 718 804 746 ἃπασι
820 719 848 746 δὲ
865 721 922 752 τοῖς

135 757 290 793 είρημένοις
315 759 364 794 τὴν
378 760 425 787 τοῦ
440 761 527 794 εἴδους
549 763 571 778 ⁸³
589 763 717 799 ίδιότητα.
736 764 879 800 Γίγνεσθαι
893 765 922 792 δὲ

136 802 225 835 τοῦτο,
244 803 288 830 ὅτε
313 805 350 841 μὴ
374 806 528 841 ὀργίζοιτοσ
549 808 592 835 ὅτε
610 808 638 835 δὲ
659 809 774 846 ληφθείη
799 811 851 838 ὑπὸ
874 809 921 838 τοῦ

137 847 240 880 πάθους
263 849 368 883 τούτου,
389 850 478 887 δεινὴν
501 850 570 880 εἶναι
584 854 634 890 τὴν
648 855 859 892 ἀσχημοσύνην·
876 858 923 884 οὑ-

970 268 1074 297 autem,
1097 267 1127 291 ut
1140 263 1247 292 Socrati
1263 270 1382 298 parcam,
1401 269 1456 289 non
1475 262 1647 295 committam
1665 267 1696 290 ut
1712 271 1757 291 re-

970 310 1052 338 citem
1070 319 1076 337 :
1099 313 1202 338 tantam
1218 309 1325 344 1029
1342 308 1464 336 Socratis
1484 307 1616 343 ineptiam
1632 315 1664 336 ac
1679 313 1756 344 pctus

970 356 1085 384 Iamiam
1113 355 1272 387 continent,
1297 358 1459 389 tantumque
1484 354 1578 381 damni
1598 354 1757 390 huiusmodi

970 409 1112 429 sermones
1122 402 1150 429 in
1158 401 1266 436 dialogo
1278 400 1326 428 illo
1337 399 1458 427 atterunt
1468 399 1583 427 lubricis
1593 400 1628 427 ad
1640 407 1758 434 peccau-

970 446 1037 474 dum
1057 446 1230 475 hominibus.
1251 445 1337 473 Aiunt
1353 445 1428 473 enim
1449 445 1591 474 Socratem
1610 454 1626 473 a
1643 454 1758 481 vespera

971 496 1043 520 totas
1056 496 1153 520 noctes
1170 492 1242 519 inter
1254 491 1323 519 meri
1341 491 1439 526 pocula
1451 492 1633 526 protraxisse,
1642 491 1761 526 aliisque

968 539 1025 574 jam
1056 538 1181 571 defessis,
1215 545 1397 572 somnumque
1432 537 1636 573 appetentibus,
1668 537 1759 572 ipsum

971 589 1065 613 tamen
1090 584 1246 612 insomnem
1269 584 1304 612 ad
1327 584 1440 620 cyathos
1461 584 1626 619 perstitisse,
1649 583 1760 619 garrula

972 630 1044 658 inter
1056 629 1207 666 potandum
1223 629 1389 665 loquacitate
1409 629 1541 657 diﬁ‘usum
1558 637 1565 656 :
1582 629 1652 657 nihil
1667 633 1759 656 tamen

972 676 1086 704 eli‘atum
1102 675 1176 711 quod
1188 675 1260 711 frugi
1271 679 1355 708 esset,
1371 675 1418 703 sed
1430 683 1492 710 quae
1507 675 1643 702 Alcibiadi
1657 679 1685 702 et
1697 673 1759 701 Ari-

973 722 1113 757 stophani,
1124 722 1240 757 aliisque
1251 721 1414 756 procacibus
1428 720 1552 748 convivis
1566 719 1759 748 convenirent.

972 767 1143 804 Porphyrius
1155 768 1232 800 item,
1248 767 1296 803 qui
1308 766 1530 802 philosophicam
1547 765 1659 800 scripsit
1674 764 1761 792 histo-

973 814 1043 842 riam
1059 813 1165 850 (Cyrill.
1183 813 1244 840 adu.
1259 812 1362 840 Julian.
1385 821 1412 847 p.
1427 812 1500 847 l85),
1518 811 1640 847 primum
1652 810 1687 838 ad
1706 810 1761 837 ira-

974 859 1104 888 cundiam
1121 859 1433 893 excandesccntiamque
1453 858 1604 893 proclivem
1625 857 1703 885 illum
1721 855 1760 883 ait

137 893 212 926 εενὸς
234 895 256 910 ⁶¹
277 896 331 931 γὰρ
347 896 409 923 οὔτε
426 897 557 932 ὀνόματος
578 900 740 935 ἀπέχεσθαι,
755 901 817 929 οὔτε
832 903 923 939 πράγ-

975 903 1069 937 fuisse,
1087 904 1280 931 Aristoxenum
1294 907 1392 931 testem
1404 902 1558 938 proferens,
1578 902 1626 938 qui
1638 899 1762 929 Socratis

140 948 232 974 ματος.
247 941 302 968 Καὶ
313 941 381 969 ἄλλα
394 942 422 969 δὲ
439 943 551 971 τοιαῦτα
565 944 706 978 διεξελθὼν
722 947 857 975 δείκνυσιν
872 950 922 976 αὺ-

137 986 181 1013 τδν
196 987 242 1012 καὶ
266 988 325 1019 ταῖς
348 988 523 1023 ἡδυπαθείαις
550 990 757 1026 δεδουλωμένον.
788 994 870 1028 Λέγει
893 994 922 1021 δὲ

136 1031 238 1064 οὕτως’
257 1042 266 1058 ι
286 1033 358 1069 Πρὸς
372 1033 461 1070 δὲτὴν
478 1034 531 1062 τῶν
548 1036 713 1072 ἀφροδισίων
736 1038 834 1074 χρῆσιν
855 1048 922 1073 σφο-

135 1077 261 1113 δρότερον
291 1079 341 1115 μὲν
369 1077 448 1112 εῐναι,
475 1081 580 1109 ἀδικίαν
605 1083 635 1109 δὲ
656 1083 695 1119 μὴ
722 1085 877 1120 προσεῖναι·
905 1085 922 1121 ἢ

135 1123 191 1160 γὰρ
202 1125 263 1155 ταῖς
277 1127 421 1160 γαμεταῖς,
444 1126 460 1162 ἦ
479 1127 538 1158 ταῖς
556 1129 660 1160 κοιναῖς
684 1128 802 1164 χρῆσθαι
816 1130 921 1165 μόναις.

136 1168 188 1196 Δύο
201 1169 229 1195 δὲ
247 1168 319 1205 ἔχειν
338 1172 471 1206 γυναῖκας
485 1172 559 1207 ἅμα,
576 1173 737 1210 Ξανθίππην
762 1174 821 1210 μὲν,
846 1175 920 1202 πολί-

136 1223 185 1249 την
198 1215 231 1246 ⁸⁸,
245 1216 292 1242 καί
307 1217 464 1252 κοινοτέραν
482 1226 542 1248 πως
552 1237 559 1250 ,
577 1218 678 1254 Μυρτὼ
689 1219 729 1253 δὲ,
746 1220 922 1255 Ἀριστείδου,

136 1259 300 1295 θυγατριδῆν
323 1260 371 1287 τοῦ
390 1262 560 1297 Λυσιμάχου.
585 1263 640 1290 Καὶ
664 1263 713 1298 τὴν
733 1264 782 1300 μὲν
807 1265 924 1292 Ξανθίπ-

135 1314 191 1340 πην
209 1306 432 1341 προσπλακεῖσαν
453 1307 547 1335 λαϐεῖν
567 1308 603 1324 “-
619 1309 649 1342 ὲξ
666 1307 699 1346 ἧς
710 1309 724 1335 ὁ
737 1311 924 1346 Λαμπροκλῆς

135 1351 252 1385 ἐγένετο.
269 1352 324 1386 Τὴν
343 1352 371 1378 δὲ
385 1352 499 1388 Μυρτὼ,
517 1353 705 1390 γαμηθεῖσαν,
724 1354 753 1387 ἐξ
772 1353 807 1392 ἦς
821 1356 924 1391 Σοφρο-

135 1396 228 1428 νίσκος
245 1396 291 1423 καὶ
305 1397 465 1429 Μενέξενος.
483 1396 565 1426 Αὗται
579 1399 607 1425 δὲ
628 1400 813 1427 συνάπτουσαι
834 1400 924 1437 μάχην

136 1442 203 1477 πρὸς
218 1442 346 1476 ἀλλήλας,
368 1443 479 1470 ἐπειδὰν
491 1444 652 1477 παύσαιντο,
665 1444 712 1472 ἐπὶ
729 1445 774 1472 τὸν
790 1446 924 1482 Σωκράτη

136 1489 237 1524 ὥρμων
249 1490 283 1522 ⁸³,
298 1489 343 1516 διὰ
357 1491 388 1516 τὸ
405 1490 540 1526 μηδέποτε
560 1491 646 1523 αὑτὰς
659 1492 816 1528 μαχομένας
826 1493 925 1521 διακω-

136 1534 219 1568 λύειν,
230 1535 312 1570 γελᾷν
326 1535 365 1569 δὲ,
377 1536 424 1563 καὶ
438 1536 566 1572 ἀλλήλαις
582 1538 604 1553 ⁸⁸
616 1539 663 1564 καὶ
679 1538 755 1573 αὑτῷ
767 1539 924 1574 μαχομένας

135 1581 251 1616 ὁρῶντα.
268 1579 344 1608 Εἶναι
358 1581 385 1608 δέ
397 1591 480 1617 φησιν
493 1583 574 1610 αὐτὸν
592 1583 621 1611 ὲν
635 1585 696 1616 ταῖς
707 1583 827 1619 ὁμιλίαις
842 1585 924 1618 αίνῶς
937 1579 947 1602 ‘-

135 1635 166 1653 τε
182 1626 204 1642 ⁸⁷
220 1627 444 1663 φιλαπεχθήμονα
459 1630 508 1655 καὶ
526 1629 645 1665 λοίδορον
665 1630 712 1657 καὶ
727 1630 895 1666 ὑὸριστικόν.
911 1640 922 1658 ›

135 1673 190 1699 Καὶ
202 1672 288 1699 ταῦτα
295 1672 323 1698 δὲ
338 1671 410 1709 [175]
424 1673 542 1709 περὶτοῦ
557 1673 614 1709 βίου
628 1675 926 1712 ΣωκράτουςὸΠορφύ-

138 1726 194 1753 ριος
204 1718 266 1753 ἔφη’
279 1727 288 1743 ι
300 1718 423 1752 Ἐλέγετο
431 1719 458 1745 δὲ
471 1720 532 1755 περὶ
544 1720 637 1753 αὑτοῦ,
647 1720 684 1752 ὡς
692 1721 745 1757 ἄρα
753 1722 818 1753 παῖς
830 1721 867 1748 ὢν
876 1722 927 1749 οὐκ

137 1760 166 1789 εὖ
183 1762 316 1797 βιώσειεν,
334 1764 395 1790 οὐδὲ
412 1764 562 1796 εὐτάκτως.
577 1764 688 1800 Πρῶτον
704 1766 753 1801 μὲν
774 1766 828 1802 γάρ
840 1775 926 1800 φασιν

137 1809 219 1836 αὐτὸν
240 1808 279 1845 τῷ
297 1809 381 1846 πατρὶ
403 1809 556 1837 διατελέσαι
576 1811 757 1838 ἀπειθοῦντα·
779 1812 827 1838 καὶ
845 1813 926 1840 ὁπότε

137 1854 292 1882 κελεύσειεν
305 1855 326 1871 ⁸⁸
341 1856 431 1888 αὑτὸν,
446 1856 562 1883 λαϐόντα
577 1856 610 1883 τὰ
622 1856 727 1892 ὄργανα
741 1857 775 1883 τὰ
790 1859 855 1893 περὶ
874 1857 925 1893 τὴν

137 1901 235 1936 τέχνην
260 1902 382 1937 ὰπαντᾷν
406 1902 428 1918 ⁶⁹
451 1903 631 1938 ὁπουδήποτε,
658 1903 863 1938 ὁλιγωρήσαντα
880 1903 927 1930 τοῦ

139 1947 351 1982 προστάγματος
368 1948 540 1983 περιτρέχειν
556 1948 638 1975 αὑτὸν
657 1948 825 1984 ὁπουδήποτε
844 1949 866 1965 το
886 1949 929 1976 δό-

139 1992 221 2026 ξειεν.
235 1993 305 2028 Ἤδη
325 1993 353 2019 δὲ
373 1993 437 2029 περὶ
453 1994 486 2020 τὰ
497 1994 684 2021 ἑπτακαίδεκα
698 1993 746 2029 ἐτη
769 1994 927 2030 προσελθεῖν

139 2037 214 2073 αὐτῷ
246 2038 392 2074 Ἀρχέλαον
425 2038 470 2066 τὸν
504 2038 684 2075 Ἀναξαγόρου
713 2039 850 2076 μαθητὴν,
881 2040 930 2075 φά-

140 2093 241 2111 σκοντα
268 2085 386 2121 ἐραστὴν
417 2084 502 2112 εἶναι·
522 2085 568 2113 τὸν
591 2086 619 2112 δὲ
640 2087 787 2122 Σωκράτην
806 2087 857 2114 οὐκ
876 2087 929 2114 ἀπ-

139 2129 260 2156 ώσασθαι
274 2130 323 2165 τὴν
348 2129 466 2162 ἔντευξίν
488 2138 517 2156 τε
540 2129 587 2156 καὶ
609 2129 716 2164 ὁμιλίαν
730 2131 779 2166 τὴν
803 2131 870 2167 πρὸς
884 2130 930 2158 τὸν

146 2175 299 2211 Ἀρχέλαον,
314 2176 382 2203 ἀλλὰ
390 2175 515 2210 γενέσθαι
531 2177 596 2212 παρ’
613 2177 687 2211 αὐτῷ
703 2177 750 2213 ἐτη
764 2177 865 2213 συχνόν
882 2177 930 2205 καὶ

973 950 1063 979 Vitam
1074 949 1249 984 conscripsit.
1266 949 1312 975 Ait
1322 949 1407 982 enim,
1426 956 1488 975 cum
1501 947 1577 975 nullo
1592 954 1622 975 se
1638 952 1760 981 unquam

974 995 1086 1023 homine
1098 998 1250 1026 versatum,
1262 994 1310 1029 qui
1320 994 1366 1021 illo
1377 993 1412 1021 ad
1423 992 1645 1028 persuadendum
1656 994 1664 1001 ‘
1675 991 1762 1026 magis

973 1045 1047 1069 esset
1066 1040 1193 1068 idoneus.
1209 1039 1305 1067 Talem
1326 1039 1366 1067 illi
1381 1046 1478 1067 vocem
1498 1038 1609 1073 orisque
1622 1037 1759 1069 habitum,

974 1086 1055 1114 talem
1063 1088 1206 1113 externam
1216 1084 1336 1113 indolem
1348 1084 1444 1118 fuisse.
1450 1092 1482 1112 ac
1490 1087 1589 1119 prmter
1598 1082 1657 1110 haec
1667 1081 1761 1110 omnia

973 1133 1113 1167 propriam
1129 1131 1223 1158 vultus
1244 1137 1275 1158 ac
1297 1130 1392 1158 formae
1405 1130 1471 1157 vim.
1492 1129 1555 1157 Haec
1572 1133 1664 1157 autem
1682 1127 1713 1155 in
1727 1134 1758 1154 ec

974 1182 1040 1205 tune
1053 1176 1183 1212 viguisse,
1199 1183 1262 1203 cum
1275 1176 1354 1203 nulla
1369 1175 1514 1203 iracundia
1526 1178 1680 1203 tentaretur
1695 1182 1702 1200 :
1715 1173 1760 1201 cui

974 1223 997 1251 si
1011 1222 1121 1258 quando
1138 1222 1341 1255 succumberet,
1361 1228 1468 1249 summa
1481 1223 1542 1248 erat
1559 1219 1721 1248 deformitas
1733 1222 1761 1246 et

959 1268 1117 1305 tturpitudo
1134 1277 1140 1295 :
1155 1272 1186 1296 ut
1201 1268 1249 1303 qui
1264 1275 1316 1296 nec
1335 1268 1422 1296 verbo
1442 1267 1499 1295 ullo
1520 1274 1572 1295 nec
1587 1266 1660 1294 facto
1673 1266 1761 1293 absti-

974 1317 1063 1340 neret.
1082 1313 1116 1340 Et
1125 1312 1179 1340 alia
1189 1312 1347 1349 huiusmodi
1359 1312 1392 1340 de
1401 1311 1448 1340 illo
1460 1315 1632 1348 persecutus,
1641 1310 1763 1339 ostendit

974 1356 1053 1383 illum
1074 1356 1264 1392 voluptatibus
1287 1364 1398 1392 quoque
1426 1357 1578 1385 obnoxium
1600 1356 1697 1384 fuisse.
1717 1356 1763 1384 Ait

974 1402 1048 1430 enim
1064 1402 1136 1439 (ibid.
1149 1410 1176 1438 p.
1188 1401 1250 1437 186)
1267 1411 1276 1429 ι
1293 1402 1328 1430 ad
1338 1403 1473 1431 Venerem
1488 1402 1600 1438 quidem
1611 1403 1761 1431 vehemen-

975 1447 1114 1475 tissimum
1134 1447 1231 1480 fuisse,
1250 1448 1291 1475 sic
1305 1451 1396 1476 tamen
1410 1452 1440 1476 ut
1456 1448 1527 1475 nulli
1541 1452 1615 1476 esset
1633 1448 1761 1484 iniurius,

975 1493 1040 1529 quia
1053 1494 1119 1521 solis
1134 1494 1176 1521 vel
1189 1494 1296 1530 1030
1311 1494 1443 1522 uxoribus
1457 1495 1501 1522 vel
1515 1494 1599 1530 vulgo
1612 1494 1763 1528 prostanti.

975 1539 1028 1566 bus
1040 1538 1180 1566 utebatur.
1202 1540 1274 1567 Duas
1289 1543 1380 1567 autem
1403 1539 1486 1566 simul
1501 1539 1632 1566 habuisse
1651 1545 1763 1570 uxores.

975 1584 1154 1619 Xanthippen
1184 1584 1315 1612 videlicet
1347 1585 1454 1617 civem,
1490 1584 1764 1619 communioremque

976 1629 1190 1665 quodammodo,
1212 1634 1240 1657 et
1255 1629 1404 1665 Myrtonem
1428 1630 1514 1657 ﬁliam
1531 1629 1670 1662 Aristidat,
1685 1629 1764 1664 Lysi-

976 1675 1123 1710 machique
1139 1679 1252 1711 neptem
1268 1683 1303 1703 ex
1321 1675 1387 1702 ﬁlia.
1404 1675 1438 1702 Et
1455 1675 1631 1710 Xanthippcn
1651 1674 1765 1710 quidem

977 1725 1058 1749 antea
1075 1720 1128 1748 sibi
1149 1720 1312 1756 implicitum
1330 1720 1524 1756 assumpsisse,
1546 1728 1581 1748 ex
1605 1727 1661 1755 qua
1682 1719 1764 1748 Lam-

977 1766 1087 1802 procles
1111 1765 1184 1793 ﬁlius
1201 1769 1285 1793 natus
1309 1765 1354 1793 sit.
1378 1765 1530 1801 Myrtonem
1549 1772 1616 1795 vero
1635 1762 1767 1799 legitimis

978 1811 1083 1846 nuptiis
1107 1818 1222 1838 uxorem
1248 1810 1377 1842 duxisse,
1409 1818 1444 1838 ex
1467 1817 1522 1845 qua
1548 1809 1766 1844 Sophroniscum

978 1856 1217 1890 Menexenumque
1230 1856 1393 1890 susceperit.
1407 1855 1454 1883 lite
1462 1862 1538 1887 vero,
1555 1862 1617 1882 cum
1634 1861 1650 1881 a
1662 1853 1767 1882 mutuis

979 1899 1052 1927 inter
1067 1907 1096 1926 se
1116 1899 1342 1927 contentionibus
1358 1903 1509 1933 cessarent,
1527 1899 1555 1926 in
1569 1899 1712 1927 Socratem
1727 1898 1768 1925 ir-

979 1942 1110 1974 ruebant,
1129 1950 1162 1969 eo
1176 1941 1250 1977 quod
1268 1942 1456 1978 disceptantes
1472 1951 1613 1978 nunquam
1636 1942 1768 1971 cohibere

980 1988 1017 2017 sit
1029 1987 1139 2021 solitus,
1158 1987 1206 2015 sed
1226 1995 1288 2014 cum
1307 1988 1364 2015 risu
1384 1993 1519 2023 spectare,
1539 1993 1567 2016 et
1581 1993 1678 2016 mutuo
1695 1989 1768 2017 inter

981 2041 1021 2066 se,
1039 2038 1068 2061 et
1083 2037 1180 2060 contra
1208 2033 1298 2067 ipsum
1323 2032 1532 2060 contendentes.
1563 2034 1659 2063 Fuisse
1675 2038 1768 2062 autem

980 2079 1058 2108 illum
1073 2079 1102 2106 in
1115 2077 1534 2111 conversnndo'contcutiosum,
1548 2087 1720 2115 pronumque
1733 2081 1768 2109 ad

981 2125 1106 2154 convicia
1125 2130 1154 2153 et
1168 2124 1376 2152 contumelias:
1393 2124 1456 2152 Hac
1469 2124 1589 2160 denique
1597 2126 1767 2162 Porphyrius

981 2171 1016 2199 de
1030 2171 1151 2198 Socratis
1163 2171 1219 2197 vita
1235 2170 1358 2206 prodidit
1374 2178 1380 2196 ε
1400 2179 1409 2196 ι
1425 2169 1554 2206 Vulgaris
1571 2178 1682 2206 quoque
1697 2171 1769 2199 fama

140 2220 226 2253 οὕτως
248 2221 300 2248 ὑπὸ
317 2221 363 2248 τοῦ
381 2222 402 2237 ⁷⁸
423 2221 570 2257 Ἀρχελάου
589 2223 780 2259 προτραπῆναι
795 2224 842 2250 ἐπὶ
856 2223 892 2252 τὰ
906 2224 925 2240 '"

980 2216 1140 2254 percrebuit
1156 2224 1272 2251 puerum
1287 2216 1427 2244 Socratem
1444 2223 1496 2244 nec
1510 2215 1629 2244 olliciose
1639 2223 1690 2244 nec
1707 2225 1768 2245 mo-

141 2265 283 2300 φιλόσοφα.
302 2275 311 2291 ι
331 2264 396 2293 Εἶτα
412 2267 470 2302 μετ’
483 2267 576 2301 ὀλίγα·
602 2277 611 2293 ι
625 2265 680 2294 Ἦν
690 2267 718 2293 δὲ
735 2267 782 2294 καὶ
794 2267 849 2294 τῶν
867 2268 928 2294 ἐπι-

141 2311 302 2346 τιμωμένων
328 2311 375 2338 καὶ
395 2313 457 2339 τάδε
477 2312 627 2348 Σωκράτὲ.
650 2313 690 2340 ὅτι
703 2313 744 2344 είς
756 2313 820 2344 τοὺς
835 2312 930 2348 ὄχλους

143 2356 290 2389 είσωθεῖτο,
319 2358 365 2383 καὶ
386 2357 434 2389 τὰς
457 2357 598 2394 διατριϐὰς
624 2359 647 2374 ’⁷³
663 2359 781 2385 ἐποιεῖτο
792 2358 859 2393 πρὸς
872 2359 931 2390 ταῖς

142 2400 292 2436 τραπέζαις
311 2401 344 2435 ⁷⁸,
364 2401 412 2428 καὶ
426 2402 494 2437 πρὸς
508 2403 564 2433 τοῖς
584 2402 708 2438 Ἑρμαῖς.
725 2411 734 2428 ι
756 2401 850 2428 Ταῦτα
866 2402 932 2437 περὶ

144 2446 304 2482 Σωκράτους
316 2447 330 2473 ὁ
343 2447 497 2482 Πορφύριος
510 2447 573 2483 ἔφη,
590 2448 638 2475 καὶ
647 2448 716 2475 ἄλλα
731 2446 811 2480 ἄττα,
826 2447 845 2474 ἃ
860 2447 931 2474 ἑκὼν

981 2263 1058 2290 deste
1080 2263 1192 2290 vixisse.
1209 2262 1333 2290 Primum
1352 2261 1426 2290 enim
1448 2262 1527 2290 aiunt
1551 2270 1615 2290 eum
1635 2268 1770 2299 perpetuo

982 2314 1174 2336 contumacem
1195 2311 1292 2336 contra
1314 2313 1420 2344 patrem
1444 2308 1540 2336 fuisse.
1559 2309 1674 2343 Quoties
1695 2309 1769 2337 enim

982 2362 1091 2390 cunque
1120 2363 1135 2382 a
1164 2358 1241 2390 patre
1262 2354 1408 2390 iuberetur
1436 2355 1505 2383 artis
1531 2355 1715 2383 instrumenta
1741 2356 1770 2383 in

982 2409 1081 2429 manus
1094 2409 1215 2433 sumere,
1228 2401 1369 2428 adversari
1384 2401 1497 2429 solitum
1507 2409 1579 2434 esse,
1595 2405 1769 2438 contempto-

984 2454 1037 2482 que
1047 2446 1233 2481 patrisjussu,
1245 2445 1364 2473 licenter
1374 2453 1541 2481 quocunque
1549 2445 1676 2473 libuisset
1692 2446 1771 2474 aber-

816 2514 934 2546 VARUE
954 2515 1161 2545 LECTIONES.

195 2588 218 2605 "
231 2587 353 2615 πίνοντα.
367 2587 506 2615 πεινῶντα
520 2588 551 2616 1).

607 2588 630 2605 ⁵⁸
644 2587 754 2615 καὶτῶν
767 2587 864 2615 ἄλλων.
881 2587 915 2615 τὰ
935 2587 1004 2623 μετὰ
1015 2586 1101 2614 ταῦτα
1130 2587 1158 2623 εν
1177 2587 1233 2618 τοῖς
1247 2586 1296 2622 τῆς
1304 2585 1486 2623 “Ba-rixam);-
1504 2584 1679 2623 βιϐλιοθήκης
1696 2586 1771 2613 ἀντι-

195 2595 218 2605 ⁸¹³
231 2595 353 2615 πίνοντα.
367 2596 506 2615 πεινωντα
520 2595 551 2616 υ.
607 2595 630 2605 "
644 2595 690 2615 και
701 2596 754 2614 των
767 2595 864 2615 αλλων.
881 2595 915 2615 τα
935 2595 1004 2623 μετα
1015 2595 1101 2614 ταυτα
1130 2595 1158 2613 εν
1177 2595 1233 2618 τοις
1247 2595 1296 2622 της
1323 2595 1441 2613 βατικαν
1463 2602 1464 2609 ι

145 2623 261 2666 τράγοις
274 2623 418 2666 ﬁbram
431 2623 529 2666 έφεξῇς
542 2624 574 2651 εκ
590 2623 637 2666 τεῦ
656 2622 1027 2666 προειρημένουβεριετύτῖοι
1045 2595 1464 2666 ιξετξϊέϊρειῖτξᾳξ-ᾞξιξέξψὲῧ

1465 2621 1584 2648 uodnam
1602 2621 1772 2656 archetypon

145 2655 192 2686 hic
203 2655 306 2686 indicet
316 2658 444 2694 Ursinus,
452 2655 524 2686 'mih'i
534 2667 590 2686 non
603 2655 700 2694 liquet.
714 2655 809 2693 Neque
823 2655 1070 2694 enim—Carneriu's,
1081 2656 1135 2694 _qui
1153 2656 1269 2694 schedns
1288 2656 1450 2694 Ursinianas
1479 2656 1510 2694 _i_n
1540 2655 1631 2694 lucem
1644 2655 1771 2694 protulit,

145 2694 297 2757 guidquam
312 2693 346 2721 de
359 2701 395 2734 eo
411 2701 532 2734 munere_
541 2693 669 2730 dignatus
679 2697 731 2721 est.
778 2695 800 2710 ⁸ο
817 2693 948 2729 ἥρμοττε.

171 2749 178 2757 .
191 2729 238 2756 ubi
251 2736 313 2755 mox
327 2737 373 2755 του
391 2729 430 2755 ὸν.
443 2732 471 2756 et
487 2737 533 2755 του
545 2730 653 2757 πρᾶγμ.
709 2729 732 2745 ⁸³
746 2729 795 2757 μὲν
809 2729 948 2757 πολίτην-

171 2749 178 2760 ,
191 2729 238 2756 ubi
251 2736 313 2765 mox
327 2729 373 2755 τοῦ
391 2729 436 2765 ὸνἶ
443 2732 471 2756 et
487 2729 533 2755 τοῦ
545 2729 653 2765 πρᾶγμ.

982 2693 1064 2733 emis
1081 2690 1113 2719 D1
1151 2691 1381 2733 “unus
1406 2691 1438 2733 12.-
1477 2691 1498 2706 “
1521 2690 1772 2733 maecenas

709 2729 732 2745 ⁸³
746 2729 795 2764 μὲν
809 2725 921 2764 πολίτην

975 2725 1132 2764 Ξανθίππην
1146 2734 1201 2754 om.
1217 2727 1258 2764 D,_
1274 2725 1377 2764 πολῖτιν
1408 2725 1500 2764 S_i_rm.‘
1522 2725 1551 2764 ξ*
1564 2725 1773 2764 λαόεἳνκλαθῇν

146 2764 210 2800 Cyr.
248 2764 271 2800 ‘f‘
288 2766 410 2800 ὥρμουνἶ
421 2764 522 2800 ὥρμων
536 2761 574 2792 νς
607 2761 629 2781 δέ
644 2761 783 2799 ἀλλήλαις.
811 2763 880 2800 πρὸς
898 2761 923 2790 ’ἀ

976 2763 1024 2800 λας
1162 2769 1217 2789 οιη.
1247 2761 1363 2800 ρρὦντα.

1420 2761 1442 2776 ⁸⁷
1474 2760 1556 2792 αίνῶς
1572 2768 1611 2786 τε.
1639 2759 1724 2787 ἐνίοτε
1739 2761 1771 2787 D.

147 2794 319 2838 ⁶⁸”κελεύσοιξ
331 2794 576 2838 ὶιελεύσεὶὲνῃῦκι).
615 2800 637 2838 ‘_’
651 2794 801 2838 ᾁπαίντᾷὲκ
810 2794 918 2838 ἅπαντέ
932 2794 1006 2838 (λ’-’ζ’
1034 2797 1218 2838 ,ὁπουδήποτε
1249 2794 1394 2838 ὃξοωποτὲ
1407 2795 1439 2823 C.
1454 2795 1542 2838 supra
1570 2794 1772 2838 πρέιγμιξτος

148 2842 198 2870 pro
209 2834 428 2870 προστάγματος.

483 2834 504 2850 ⁷¹
521 2834 608 2866 οὓτως
622 2835 674 2861 ὑπὺ
688 2832 751 2862 τοῦξ
764 2834 822 2866 πῶς
832 2834 884 2861 ὑπὸ
900 2834 932 2861 D.
973 2833 996 2848 "
1010 2833 1054 2860 τά.
1070 2833 1117 2859 ἐπὶ
1130 2833 1165 2858 τὰ
1181 2832 1212 2859 D.

1265 2831 1287 2847 ⁷³
1302 2831 1350 2862 τὰς
1361 2831 1449 2866 διατρ.
1465 2829 1514 2862 τᾶς
1528 2838 1583 2858 om.
1608 2829 1656 2858 D.’
1678 2830 1700 2846 ⁷⁸
1724 2829 1771 2861 τὰς

148 2866 289 2905 τραπέζας
303 2866 352 2896 καὶ
372 2868 440 2905 πρὺς
456 2870 527 2901 τοῖς,
537 2871 598 2901 ταῖς
612 2869 762 2905 τραπέζαις
777 2870 822 2897 καὶ
839 2869 908 2905 πρὸς
921 2869 982 2901 ταῖς
1001 2868 1022 2897 C
1036 2869 1073 2901 Ι)ι
1081 2867 1129 2895 sed
1142 2867 1173 2896 D.
1190 2875 1235 2894 om
1250 2866 1316 2904 πρὸς
1331 2873 1387 2894 sec.
