1965 3051
189 163 259 197 1143

682 164 927 196 THEODORETI
947 164 1117 198 EPISCOPI
1135 166 1318 198 CYRENSIS

1751 164 1821 199 ll“

187 228 259 248 rare.
281 220 423 248 Decimum
443 227 510 248 vero
529 227 561 248 ac
585 220 734 255 septimum
757 220 850 256 agenti
871 227 975 248 annum

1042 218 1098 248 ῖναι
1117 222 1278 257 παρέλιπον.
1303 221 1348 254 Ἐξ
1366 217 1404 250 ῶν
1424 219 1643 255 καταμανθάνειν
1657 219 1762 253 ἔξεστιν
1784 221 1818 253 ”,

188 267 339 295 accessisse
357 266 710 302 ArchelaumAnaxagorae
733 267 911 302 discipulum,
928 266 976 301 qui

187 320 218 341 se
240 313 346 340 diceret
364 319 460 339 amore
470 312 536 347 eius
554 316 713 347 correptum
728 321 736 340 :
749 312 888 340 Socratem
911 319 977 340 vero

191 358 295 393 1031
316 357 451 385 amatoris
463 359 610 387 occursum”
634 366 666 385 ac
685 357 902 385 familiaritatem
923 357 977 384 mi-

188 404 264 432 nime
276 408 444 436 aversatum,
454 403 556 431 multos
568 403 605 431 illi
615 408 705 431 annos
713 404 877 435 convixisse,
889 411 978 438 eoque

190 453 271 485 pacto
278 448 314 476 ab
320 448 456 479 Archelao
462 449 495 476 ad
504 449 708 484 philosophiam
717 450 875 477 traductum
888 457 956 477 esse.
966 459 975 475 ι

193 494 294 523 Deinde
308 499 370 530 post
387 503 495 531 pauca:
514 505 523 522 ι
541 494 617 524 inter
632 500 730 524 caetera
748 500 857 529 autem,
878 496 980 531 quibus

191 540 320 569 Socrates
333 542 525 574 accusabatur,
539 542 598 570 haec
609 546 700 574 erant,
714 541 789 577 quod
809 542 837 569 in
855 541 980 569 conferta

191 587 286 622 populi
312 587 394 615 turba
416 588 633 621 conﬂictaretur,
657 587 787 623 quodque
808 587 842 615 ad
870 595 981 615 mensas

191 633 321 669 ipsosque
331 634 448 662 Hermas
459 634 488 661 in
499 634 588 662 triviis
599 634 808 662 dissertationes
818 640 981 669 moramque

190 678 377 714 protraheret.
394 688 403 706 ι
418 680 428 690 ’
440 679 503 707 Haec
517 680 552 707 de
565 680 680 708 Socrate
693 679 862 716 Porphyrius
875 683 979 712 narrat,

191 726 218 750 et
234 723 287 750 alia
300 723 438 758 quaedam,
452 732 513 759 quae
528 724 618 752 sciens
638 725 789 760 volensque
806 725 979 761 praetermisi.

191 768 232 796 Ex
251 769 286 800 iis
307 774 401 798 autem
419 778 482 806 quae
502 771 575 804 dixi,
595 771 774 807 intelligitur,
803 771 866 800 illos
888 772 982 799 verbis

191 815 303 850 quidem
317 816 444 844 laudasse
458 817 600 849 virtutem,
614 825 645 845 re
666 823 759 845 autem
779 817 838 853 ipsa
856 818 983 853 volupta-

191 865 247 888 tem
260 864 380 889 sectatos
392 869 464 894 esse,
476 862 716 898 cupiditatumque
730 863 893 891 servitutem
908 863 983 891 ultro

191 914 348 942 perpessos.
368 907 438 935 Nam
457 907 492 941 si,
505 912 536 935 ut
554 908 724 944 Porphyrius
738 909 787 942 ait,
802 909 831 936 in
846 909 982 936 Venerem

191 952 358 987 propensius
368 952 521 986 ferebatur,
536 962 627 989 neque
640 954 757 982 duarum
770 955 851 982 simul
866 963 983 983 uxorum

192 998 377 1027 contubernio
390 999 554 1032 satiabatur,
569 1000 618 1027 sed
636 1000 757 1035 publicis
773 1001 858 1028 etiam
872 1001 984 1028 feminis

194 1043 371 1079 impudenter
385 1044 526 1077 utebatur,
541 1045 737 1080 nudorumque
753 1045 781 1073 in
797 1047 924 1082 palaestra
938 1047 983 1082 ju-

192 1095 294 1117 venum
304 1094 430 1125 aspectu,
442 1090 556 1118 Platone
568 1095 648 1124 teste,
663 1090 854 1119 delectabatur
867 1101 873 1119 :
887 1092 910 1120 si
921 1100 986 1128 pro-

192 1134 257 1162 nior
282 1140 344 1163 erat
369 1135 404 1163 ad
433 1136 615 1169 iracundiam,
637 1140 667 1164 et
695 1137 886 1173 insurgentem
916 1138 985 1165 iram

193 1182 377 1217 comprimere
394 1182 439 1209 vix
455 1186 575 1218 poterat,
595 1182 619 1210 si
635 1182 740 1210 dicacis
756 1188 817 1211 erat
836 1184 937 1220 linguae
954 1192 986 1212 ac

194 1226 320 1260 infrenis,
339 1227 478 1263 quodnam
490 1228 514 1256 is
528 1228 639 1256 tandem
647 1228 830 1264 phiIOsophiaa
840 1237 926 1264 genus
938 1237 986 1257 ex-

194 1273 299 1301 coluit?
309 1274 388 1307 Quod
400 1282 468 1303 vero
478 1275 622 1303 Platonem
641 1283 753 1311 quoque
769 1281 902 1304 accusent
915 1277 986 1304 anti-

194 1327 315 1355 quorum
326 1320 464 1354 nonnulli,
478 1325 508 1348 ut
525 1321 572 1356 qui
585 1321 672 1349 multa
688 1321 787 1349 fecerit
799 1329 860 1356 quae
875 1321 986 1357 indigna

195 1366 251 1393 sint
266 1366 456 1402 philosophia,
474 1366 688 1402 Xenophontem
706 1367 802 1394 audite
817 1367 846 1394 in
863 1367 988 1402 Epistola

194 1410 228 1438 ad
237 1409 398 1439 Eschinem
407 1411 447 1439 sic
457 1411 616 1447 loquentem
626 1412 739 1448 (Euseb.
752 1411 784 1439 P.
792 1411 826 1439 E.
838 1420 867 1447 p.
875 1412 927 1440 745
936 1411 967 1447 D)
980 1420 986 1438 :

199 1465 208 1482 α
223 1455 369 1492 Εεγριυπι
385 1457 463 1484 enim
479 1457 653 1490 adamarunt,
672 1457 778 1493 1032
791 1462 989 1486 monstrosam-

195 1510 250 1540 que
268 1503 429 1538 Pythagorae
451 1503 668 1539 philosophiam.
690 1503 815 1536 Quorum
837 1504 987 1536 luxuriam,

1028 268 1066 299 ὡς
1082 267 1171 302 λόγοις
1186 269 1302 304 ἐπῄνουν
1317 269 1415 295 ἐκεῖνοι
1427 267 1476 303 τὴν
1490 267 1601 303 ἀρετὴν,
1622 267 1777 302 ἠσπάζοντο
1791 267 1820 293 δὲ

1028 314 1078 350 τὴν
1106 315 1212 351 ἡδονὴν,
1229 315 1277 343 καὶ
1290 316 1348 346 τοῖς
1359 314 1457 342 πάθεσι
1471 313 1607 341 δουλεύειν
1620 313 1771 348 ἠνείχοντο.
1788 314 1819 340 Εἰ

1029 361 1084 397 γὰρ
1098 360 1130 396 δὴ
1142 361 1211 388 κατὰ
1224 361 1269 388 τὸν
1288 361 1442 396 Πορφύριον
1467 360 1514 387 καὶ
1534 360 1598 395 περὶ
1626 359 1660 386 τὰ
1677 359 1820 396 ἀφροδίσια

1029 407 1188 443 ὁρμητικῶς
1217 405 1285 442 εἷχε,
1313 408 1360 433 καὶ
1383 406 1430 433 δύο
1458 406 1566 440 γυναιξὶ
1585 405 1655 432 κατὰ
1678 405 1776 432 ταυτὺν
1799 405 1821 421 ⁷⁸

1031 453 1132 489 ὁμιλῶν
1158 453 1207 480 οὐκ
1230 453 1366 488 ἐλάμϐανε
1391 452 1480 489 κόρον,
1497 452 1564 479 ἀλλὰ
1577 452 1624 478 καὶ
1642 452 1701 483 ταῖς
1719 452 1822 482 κοιναῖς

1031 499 1127 534 ἀνέδην
1140 498 1248 534 ἐχρῆτο,
1260 499 1306 525 καὶ
1320 498 1374 525 τῶν
1389 499 1417 524 ὲν
1431 499 1490 530 ταῖς
1506 497 1688 533 παλαίστραις
1708 503 1822 531 γυμνου-

1033 545 1121 580 μένων
1134 545 1217 577 νέων,
1234 544 1304 571 κατὰ
1317 544 1361 570 τδν
1376 543 1517 575 Πλάτωνα,
1534 543 1584 578 τὴν
1596 542 1660 569 Θέαν
1672 541 1823 577 ἠσπάζετο,

1031 590 1079 618 καὶ
1097 590 1264 626 δυσόργητος
1277 590 1300 605 ’⁷⁷
1318 587 1362 625 ἦν,
1385 590 1430 616 καὶ
1457 589 1536 624 μόγις
1559 589 1673 624 ᾅττοντα
1696 588 1823 623 κατέχειν

1031 635 1148 671 ἠδύνατο
1166 635 1212 662 τὸν
1230 635 1327 671 θυμὸν,
1345 636 1392 662 καὶ
1407 635 1526 671 λοίδορον
1549 633 1605 670 εἶχε
1629 634 1678 670 τὴν
1700 634 1824 669 γλῶτταν

1032 682 1081 708 καὶ
1100 681 1277 716 ἀχαλίνωτον,
1297 682 1373 708 ποῖον
1388 681 1440 716 ἄρα
1454 679 1522 712 εἶδος
1540 680 1697 715 φιλοσοφίας
1712 679 1824 715 perﬂet;

1034 727 1095 754 Ὅτι
1110 727 1137 753 δὲ
1156 727 1202 753 καὶ
1220 727 1242 742 ’⁷³
1258 727 1400 758 Πλάτωνος
1423 725 1607 761 κατηγοροῦσι
1627 725 1682 752 τῶν
1701 724 1824 751 παλαιῶν

1033 781 1114 805 τινες,
1133 772 1170 804 ὡς
1196 771 1281 798 πολλὰ
1313 771 1495 807 πεποιηκότος
1527 771 1686 806 φιλοσοφίας
1716 770 1824 803 ἀνάξια,

1033 819 1168 846 ἀκούσατε
1182 818 1353 852 Ξενοφῶντος
1368 818 1491 852 λέγοντος
1506 818 1534 844 ὲν
1546 818 1578 853 τῇ
1603 817 1671 851 πρὸς
1695 816 1825 851 Αίσχίνην

1035 865 1180 900 ἐπιστολῇ·
1203 875 1211 890 ι
1227 863 1367 898 Αἰγύπτου
1384 864 1439 899 γὰρ
1465 863 1625 898 ἠράσθησαν
1642 862 1688 889 καὶ
1703 863 1752 898 τῆς
1768 863 1824 889 Πυ-

1035 909 1152 945 θαγόρου
1161 908 1329 945 τερατὼδους
1352 909 1458 942 σοφίας.
1476 906 1526 934 Ὧν
1539 907 1570 934 τὸ
1586 907 1711 943 περιττὸν
1725 907 1772 934 καὶ
1788 908 1825 942 μὴ

1036 956 1150 992 μόνιμον
1175 956 1222 982 ἐπὶ
1239 955 1380 991 Σωκράτει
1394 955 1536 990 διήλεγχεν
1549 954 1570 970 ⁷³
1587 953 1656 989 ἔρως
1671 953 1826 990 τυραννίδος

1034 1003 1082 1029 καὶ
1091 1002 1151 1029 ἀντὶ
1164 1001 1270 1035 διαίτης
1281 1001 1357 1036 λιτῆς
1368 1000 1524 1031 Σικελιῶτις
1538 999 1656 1034 γαστρὸς
1667 999 1789 1035 ἀμέτρου
1802 998 1827 1015 ⁸⁸

1034 1047 1169 1084 τράπεζα.
1187 1057 1196 1073 ι
1217 1047 1368 1073 Αίνίττεται
1392 1046 1420 1072 δὲ
1435 1046 1478 1073 διὰ
1498 1045 1601 1072 τούτων
1615 1045 1664 1080 τὴν
1681 1045 1750 1081 μετὰ
1767 1046 1826 1072 Διο-

1036 1095 1129 1121 νυσίου
1144 1093 1192 1120 τοῦ
1209 1093 1341 1129 τυράννου
1358 1094 1386 1119 ὲν
1402 1091 1512 1128 Σικελία
1530 1091 1682 1127 διατριϐήν.
1704 1091 1761 1123 Τὰς
1773 1091 1828 1126 γὰρ

1041 1139 1158 1176 Ἀθήνας
1173 1138 1330 1166 καταλιπὼν
1346 1139 1442 1174 ἐκείνῳ
1454 1138 1544 1172 ξυνῆν,
1561 1137 1746 1172 Συρακουσίας
1757 1137 1826 1163 ἀπο-

1035 1185 1125 1213 λαύων
1139 1185 1247 1221 χλιδῆς·
1265 1186 1311 1212 καὶ
1329 1185 1400 1221 μετὰ
1421 1185 1472 1220 τὴν
1497 1184 1601 1210 ἐκείνου
1627 1182 1767 1218 τελευτὴν,
1788 1181 1828 1216 τῷ

1036 1232 1141 1259 ἐκείνου
1158 1231 1243 1258 παιδί.
1261 1231 1394 1258 Τοσοῦτον
1420 1230 1448 1256 δὲ
1469 1229 1610 1264 παραινῶν
1630 1229 1675 1256 τὸν
1697 1227 1829 1263 τύραννον

1037 1276 1152 1312 ὤνησεν,
1165 1276 1202 1308 ὡς
1223 1276 1271 1303 καὶ
1295 1276 1405 1311 δεθῆναι
1423 1275 1474 1302 κάν
1501 1275 1562 1306 ταῖς
1587 1273 1756 1309 λιθοτομίαις
1772 1273 1830 1308 εἰρ-

1037 1322 1145 1358 χθῆναι,
1173 1321 1287 1357 ὕστερον
1317 1321 1345 1347 δὲ
1370 1321 1391 1336 ⁸¹
1418 1320 1465 1347 καὶ
1479 1320 1517 1352 ὡς
1537 1319 1702 1355 ἀνδράποδον
1715 1319 1831 1346 ἀπέδοντο

1039 1368 1185 1404 βάρϐαρον.
1200 1367 1254 1394 Καὶ
1270 1369 1284 1394 ὁ
1295 1367 1469 1402 Πλούταρχος
1491 1366 1520 1393 δέ
1541 1375 1623 1401 φησιν
1640 1367 1730 1394 ἔλαιον
1749 1367 1830 1394 αὑτὸν

1038 1415 1079 1446 είς
1090 1413 1138 1449 τὴν
1155 1414 1293 1448 Αἴγυπτον
1306 1413 1442 1449 ἐμπορίας
1453 1413 1533 1448 χάριν
1551 1413 1743 1448 μετακομίσαι.
1760 1413 1830 1439 Ἀλλ’

1038 1459 1112 1493 ὅμως
1128 1458 1177 1484 καὶ
1197 1457 1251 1484 τῶν
1274 1457 1402 1484 τοιούτων
1423 1456 1515 1491 ψόγων
1533 1456 1677 1488 ἀκούοντες
1694 1455 1832 1491 θαυμάζο-

1041 1511 1091 1539 μεν
1121 1502 1202 1530 αὐτοῦ
1226 1503 1260 1530 τὰ
1285 1502 1374 1534 καλῶς
1391 1502 1536 1538 εἰρημένα,
1555 1502 1603 1528 καὶ
1617 1502 1667 1537 τὴν
1682 1501 1715 1528 ἐκ
1729 1500 1832 1528 τούτων

195 1550 454 1584 inconstantemque
481 1550 605 1577 animum
631 1549 704 1585 apud
723 1550 865 1578 Socratem
884 1550 987 1585 perdu-

1041 1548 1176 1584 ὡφέλειαν
1198 1548 1245 1575 καὶ
1269 1548 1340 1583 ὑμᾶς
1361 1547 1490 1582 ἀξιοῦμεν
1507 1546 1652 1581 ξυλλέγειν.
1667 1545 1723 1572 Καὶ
1733 1544 1786 1581 γὰρ
1799 1545 1832 1580 δὴ

195 1595 288 1628 randi,
303 1595 425 1623 ostendit
439 1603 517 1623 amor
531 1596 577 1624 ille
597 1604 652 1631 quo
670 1600 818 1632 tyrannum
834 1603 986 1631 proseque-

195 1641 290 1674 batur,
309 1648 416 1677 proque
435 1641 509 1677 frugi
531 1649 564 1670 ac
580 1649 665 1678 parco
679 1643 754 1669 victu
780 1641 872 1669 Sicula
892 1649 986 1670 mensa

1042 1595 1089 1622 καὶ
1104 1595 1236 1629 γυναῖκας
1250 1593 1413 1629 γεγενῆσθαι
1429 1593 1494 1629 παρ’
1510 1592 1640 1628 Ἕλλησιν
1659 1590 1833 1624 ἀξιεπαίνους

1038 1640 1184 1676 ἀκούομεν.
1197 1640 1327 1675 Λυσιδίκη
1343 1640 1391 1675 μὲν
1406 1639 1471 1675 γὰρ,
1483 1638 1520 1670 ὣς
1534 1647 1627 1673 φασιν,
1639 1637 1749 1665 ἐλούετο
1762 1637 1799 1672 μὴ
1808 1635 1833 1652 ⁸⁸

195 1687 268 1723 gulae
284 1691 366 1722 atque
381 1686 528 1714 edacitatis
543 1687 698 1715 immodicae
716 1687 848 1723 appetita.
869 1697 878 1714 ι
895 1688 988 1716 innuit

1040 1687 1084 1713 τὸν
1099 1686 1260 1722 χιτωνίσκον
1276 1685 1436 1721 ἐκδυομὲνη,
1453 1683 1529 1720 [176]
1542 1683 1587 1710 διὰ
1610 1683 1659 1718 τὴν
1681 1681 1834 1718 ὑπερϐολὴν

198 1736 291 1760 autem
308 1731 353 1760 his
369 1733 463 1760 verbis
483 1740 546 1762 cum
557 1733 688 1769 Dionysio
708 1738 826 1769 tyranno
845 1733 873 1762 in
893 1733 989 1761 Sicilia

198 1778 440 1807 consuetudinem.
459 1778 577 1806 Athenis
596 1779 671 1806 enim
690 1779 805 1811 relictis,
823 1779 896 1815 apud
911 1779 989 1806 illum

198 1823 317 1860 degebat
335 1822 516 1860 Syracusanis
535 1823 631 1852 fruens
650 1824 769 1857 deliciis,
786 1829 814 1851 et
835 1828 898 1860 post
915 1825 991 1852 illius

199 1874 329 1903 mortem,
348 1869 422 1905 apud
436 1869 497 1906 ejus
514 1869 613 1898 ﬁlium.
632 1869 751 1898 Tantum
766 1877 834 1898 vero
847 1871 905 1898 suis
917 1870 991 1906 apud

200 1920 349 1952 tyrannum
360 1915 604 1945 adhortationibus
616 1917 744 1953 profecit,
759 1922 789 1945 ut
805 1917 916 1945 vinctus
933 1917 993 1945 fuc-

199 1962 248 1995 rii,
259 1969 291 1990 ac
298 1962 457 1998 lapicidinis
465 1962 594 1991 addictus
606 1972 612 1990 τ
625 1963 735 1991 tandem
744 1971 821 1997 vero,
831 1971 882 1992 ceu
894 1963 994 1991 barba-

201 2016 264 2036 rum
277 2008 458 2045 mancipium,
472 2008 507 2037 ad
518 2009 682 2038 servitutem
693 2015 737 2038 est
748 2010 935 2039 venundatus.
949 2011 1001 2039 Ait'

202 2061 285 2090 porro
323 2054 490 2083 Plutarchus
529 2055 606 2083 illum
642 2056 806 2084 venalitium
833 2057 925 2085 oleum
959 2057 994 2084 ad

202 2099 346 2137 Egyptios
359 2101 501 2129 detulisse.
514 2100 638 2137 Cumque
651 2102 711 2130 haec
724 2102 759 2130 de
771 2103 818 2130 illo
828 2102 930 2138 probra
944 2111 995 2130 au-

203 2149 324 2182 diamus,
345 2157 378 2177 ea
395 2153 487 2177 tamen
499 2157 561 2184 qua:
571 2153 646 2177 recte
665 2149 700 2177 ab
715 2157 748 2178 eo
766 2149 839 2177 dicta
855 2153 919 2176 sunt
939 2149 997 2177 lau-

206 2196 314 2228 damus,
330 2203 362 2223 ac
380 2201 411 2223 ut
428 2203 478 2223 vos
491 2196 575 2224 etiam
593 2203 627 2223 ex
638 2195 683 2224 his
700 2195 849 2223 utilitatem
870 2194 995 2230 capiatis,

1041 1733 1090 1768 τῆς
1113 1732 1215 1764 αἰδοῦς.
1237 1732 1269 1758 Ἣ
1283 1732 1310 1758 δὲ
1323 1726 1461 1764 Φιλωτέρα
1469 1730 1493 1745 ⁸³
1505 1729 1635 1757 κατιοῦσα
1648 1729 1688 1760 είς
1703 1728 1753 1763 τὴν
1767 1726 1835 1754 πύε-

1040 1779 1085 1806 λον
1099 1778 1122 1795 “
1147 1778 1218 1806 κατὰ
1231 1778 1318 1813 βραχὺ
1339 1777 1370 1804 τὸ
1385 1777 1423 1812 τῷ
1435 1776 1511 1803 ὕδατι
1539 1774 1743 1810 καλυπτόμενον
1769 1772 1834 1807 ὲγύ·

1044 1834 1110 1861 μνου
1120 1825 1143 1841 “
1155 1823 1202 1851 τοῦ
1216 1823 1353 1859 σώματος,
1365 1822 1565 1849 ἁναστέλλουσα
1573 1820 1633 1848 κατ’
1642 1819 1731 1854 ὀλίγον
1739 1818 1784 1845 τὸν
1795 1827 1836 1854 χι-

1042 1871 1125 1898 τῶνω
1133 1872 1180 1897 καὶ
1188 1867 1221 1897 αὖ
1230 1870 1310 1897 πάλιν
1318 1868 1431 1896 ἀνιοῦσα
1439 1877 1476 1895 πα
1480 1865 1834 1904 ραπλησίωςὴμπέσχετο³⁶.

1043 1916 1136 1944 Θεανὼ
1147 1917 1175 1943 δὲ
1183 1917 1199 1951 ἡ
1206 1915 1334 1951 Πυθαγορ
1340 1915 1395 1950 ικὴ,
1404 1914 1606 1949 ἀποϐλέψαντός
1616 1921 1688 1944 τινος
1695 1913 1735 1944 είς
1741 1911 1835 1946 αὐτὴν,

1044 1964 1091 1990 καὶ
1103 1963 1234 1994 εἰπόντος,
1245 1962 1343 1994 Καλὸς
1352 1963 1367 1988 ό
1375 1961 1486 1996 πῆχυς,
1496 1976 1530 1980 ——
1543 1960 1619 1987 Ἀλλ’
1631 1959 1666 1986 οὐ
1679 1957 1835 1992 δημόσιος,

1045 2007 1223 2043 ἀπεκρίνατο.
1244 2006 1428 2042 Ἐρωτηθεῖσα
1454 2006 1482 2032 δὲ
1506 2005 1597 2036 πάλιν,
1623 2002 1741 2030 ποσταία
1768 2002 1837 2036 γυνὴ

1046 2044 1100 2080 ἀπὸ
1111 2052 1207 2088 ἀνδρὸς
1222 2053 1262 2084 εἰς
1278 2053 1307 2078 τὸ
1321 2052 1506 2087 Θεσμοφόριον
1520 2051 1642 2078 κάτεισιν
1653 2071 1660 2082 ,
1675 2059 1685 2075 ι
1707 2048 1774 2075 Ἀπὸ
1787 2047 1837 2083 μὲν

1045 2098 1094 2126 τοῦ
1115 2099 1180 2126 ίδίου
1205 2098 1386 2133 παραχρῆμα,
1409 2097 1477 2132 ἔφη·
1497 2096 1551 2123 ἀπὸ
1572 2096 1600 2122 δὲ
1620 2095 1667 2122 τοῦ
1684 2092 1836 2129 ἀλλοτρίου,

1047 2145 1182 2172 οὐδέποτε.
1201 2154 1210 2171 ι
1235 2144 1340 2177 Ταῦτα,
1357 2143 1405 2171 καὶ
1433 2143 1484 2169 ὅσα
1501 2142 1624 2173 τοιαῦτα,
1642 2140 1690 2167 καὶ
1711 2138 1838 2166 ἐπαινοῦ-

1050 2200 1110 2228 μεν,
1124 2192 1170 2218 καὶ
1181 2190 1340 2225 φιλοσοφίας
1353 2187 1422 2216 εἶναι
1436 2189 1499 2222 ἄξιά
1515 2196 1616 2223 φαμεν.
1638 2186 1694 2213 Καὶ
1709 2184 1840 2220 ἀποδεχό-

207 2246 345 2278 optamus.
369 2240 437 2267 Nam
461 2244 489 2267 et
509 2240 640 2267 mulieres
661 2247 772 2275 quoque
794 2238 866 2274 apud
888 2237 988 2266 Graeco:

1051 2238 1121 2274 μεθα
1129 2238 1175 2264 τὸν
1183 2237 1314 2265 Πλάτωνα
1321 2237 1376 2268 τοϊς
1387 2235 1500 2270 ἀγαθοῖς
1509 2234 1553 2261 τὸν
1567 2233 1654 2268 γάμον
1663 2231 1839 2265 ξυντάξαντα,

207 2287 287 2315 laude
301 2286 397 2322 dignas
407 2286 544 2314 exstitisse
558 2286 725 2321 accepimus.
743 2284 870 2321 Lysidicc
885 2284 997 2320 quippe,

207 2337 238 2360 ut
251 2333 354 2366 ferunt,
368 2331 404 2360 ob
417 2331 548 2359 eximium
563 2332 707 2367 pudorem,
719 2331 839 2359 tunicam
850 2338 912 2358 cum
925 2330 1000 2358 lava-

209 2383 286 2408 retur
297 2386 352 2407 non
367 2378 495 2406 exuebat.
508 2378 648 2406 Pbilotera
661 2381 764 2410 autem,
777 2384 839 2404 cum
851 2376 879 2404 in
891 2376 998 2404 labrum

207 2426 337 2454 balneare
350 2424 542 2458 descenderet,
556 2429 664 2460 partem
676 2424 751 2451 illam
767 2422 902 2458 corporis,
916 2429 999 2458 quam

208 2479 280 2507 aqua
305 2475 421 2507 tegeret,
446 2471 548 2499 sensim
568 2469 702 2504 nudabat,
724 2469 846 2497 tunicam
866 2468 998 2504 paulatim

211 2518 347 2546 reducens
361 2526 367 2545 :
380 2521 408 2545 et
420 2525 518 2545 rursus
528 2517 624 2545 exiens
635 2516 720 2544 simili
730 2515 812 2544 modo
820 2514 998 2543 induebatur.

210 2564 391 2600 Pythagorica
413 2565 423 2574 '
447 2571 558 2599 quoque
575 2563 698 2595 Theano,
717 2570 781 2590 cum
805 2569 865 2590 eam
888 2561 1001 2596 quidam

211 2609 331 2638 intuitus
348 2609 471 2638 diceret:
487 2609 631 2637 Pulchrum
656 2609 803 2642 brachium,
825 2606 1001 2642 respondisse

211 2656 311 2688 fertur,
327 2656 361 2684 At
381 2656 486 2692 1033
504 2664 556 2683 non
571 2655 714 2692 publicum.
737 2655 771 2683 Et
786 2658 880 2690 rogata
894 2661 1001 2686 rursus,

1051 2285 1098 2311 καὶ
1112 2283 1262 2315 ἀθανασίας
1279 2282 1400 2308 ἐπίνοιαν
1413 2281 1460 2307 καὶ
1475 2279 1604 2315 διαμονὴν
1619 2279 1666 2305 τοῦ
1682 2278 1778 2312 γένους
1789 2286 1840 2305 κα-

1051 2329 1175 2356 λέσαντα.
1195 2326 1358 2363 Δημοκρίτῳ
1371 2326 1398 2352 δὲ
1413 2325 1460 2352 καὶ
1481 2323 1638 2359 Ἐπικούρῳ
1660 2323 1720 2349 λίαν
1737 2322 1841 2358 μεμφί-

1053 2374 1133 2411 μεθα,
1149 2372 1339 2409 παραιτεῖσθαι
1357 2371 1403 2398 καὶ
1416 2371 1461 2397 τὸν
1479 2371 1568 2405 γάμον
1581 2369 1627 2395 καὶ
1645 2367 1695 2404 τὴν
1712 2367 1841 2400 παιδογό-

1052 2421 1112 2448 νίαν
1122 2419 1144 2436 ⁸⁷
1168 2418 1320 2446 κελεύουσι.
1345 2417 1401 2452 Τὴν
1426 2415 1480 2452 γάρ
1503 2423 1546 2442 τοι
1569 2413 1665 2450 ἡδονὴν
1685 2413 1843 2449 ὁρισάμενοι

1051 2467 1139 2498 τέλος,
1152 2465 1187 2492 τὰ
1206 2463 1350 2500 φροντίδας
1363 2462 1458 2498 ἔχοντα
1476 2461 1522 2487 καί
1539 2468 1614 2492 τινας
1633 2459 1727 2494 ἀηδίας
1743 2465 1842 2484 παντε-

1053 2513 1107 2545 λῶς
1121 2510 1309 2547 ἀπεκήρυξαν.
1322 2508 1393 2541 Οἰδὲ
1402 2508 1451 2542 τῆς
1464 2506 1593 2541 Ποικίλης
1611 2505 1697 2540 μέσην
1709 2503 1770 2530 τινὰ
1785 2502 1843 2530 ὁδὸν

1054 2559 1175 2587 ὥδευσαν
1188 2566 1194 2574 ·
1214 2558 1271 2588 τοῖς
1291 2555 1345 2590 γὰρ
1366 2553 1525 2588 ἀδιαφόροις
1547 2551 1592 2578 τὸν
1608 2550 1701 2592 ,γάμον
1727 2549 1774 2576 καὶ
1795 2547 1844 2584 τὴν

1057 2603 1230 2639 παιδογονίαν
1250 2600 1420 2634 ξυνέξευξαν.
1448 2599 1479 2626 Οί
1503 2597 1532 2624 δὲ
1549 2597 1615 2624 θεῖοι
1636 2596 1711 2629 λόγοι
1728 2594 1777 2630 τὴν
1795 2594 1845 2629 μὲν

1056 2652 1101 2679 διὰ
1117 2648 1276 2686 φιλοσοφίαν
1297 2645 1494 2681 ὲπινοουμένην
1516 2643 1626 2678 ἁγνείαν
1649 2640 1791 2677 ὑμνοῦσιν,
1806 2641 1844 2673 ὡς

861 2727 980 2756 VARUS
1008 2723 1210 2754 LECTIONES.

250 2795 272 2811 ⁷⁵
285 2795 505 2830 καταμανθάνειν
514 2793 631 2830 ἒξεστιν.
653 2790 822 2830 καταμαθεῖν
830 2789 946 2830 ’ἔνεστιν
960 2787 992 2815 D.

215 2831 273 2857 καί.
291 2831 338 2857 καὶ
351 2824 406 2857 om.
422 2830 453 2857 Ι).
512 2824 701 2862 τίδιήλεγχεν.
728 2824 871 2862 ’διήλεγξεν
904 2824 935 2851 ι).

216 2866 239 2881 ³³
258 2867 303 2888 μή.
320 2866 388 2888 μήτε
401 2866 430 2888 n.
470 2863 494 2880 ⁸³
508 2863 648 2888 mm“.
660 2861 799 2888 Φιλωτέοα
810 2861 841 2888 D.
889 2860 911 2875 "
929 2867 935 2876 '

216 2866 239 2881 "
258 2867 304 2901 μή.
320 2866 388 2900 μήτε
401 2866 430 2892 D.
470 2863 494 2880 ⁸³
508 2863 648 2924 Φιλοτέῗα.
660 2863 799 2903 Φιλωτέρξι
811 2863 841 2888 1).

218 2901 240 2916 ⁸⁸
258 2900 414 2936 ἡμπέσχετο
439 2899 592 2934 ἠμπίσχετο
618 2899 637 2923 ).
693 2897 714 2911 ⁸⁷
731 2904 841 2924 nam/om

1040 2787 1061 2802 ⁷⁸
1075 2785 1182 2812 ταυτόν.
1197 2782 1280 2811 ταυτὸ
1292 2782 1324 2809 Ι).

992 2823 1015 2838 ⁸⁸
1032 2821 1168 2860 ᾁμέτρου-
1184 2817 1346 2860 οῐιτ.,(ξ,[).ῃ
1379 2817 1404 2860 1‘
1422 2817 1534 2860 ὕστερον

889 2849 918 2875 ’ζ
1003 2849 1114 2884 πύελον.’
1144 2855 1190 2894 τὸν
1216 2853 1313 2894 πύελον
1327 2851 1358 2883 C,
1379 2851 1410 2877 D.
1448 2849 1471 2865 ⁸⁵
1489 2849 1617 2883 ἐγύμνου.

693 2897 714 2911 ⁸⁷
731 2888 901 2924 παιδοποιεῖν
915 2888 1017 2930 (γονίαν
1029 2900 1112 2926 supra
1131 2889 1231 2923 ποιῐαν)
1250 2888 1279 2915 Ι)-

1375 2780 1404 2830 1;l
1413 2779 1524 2822 sycépy.
1536 2777 1629 2838 εὑόὲγ.
1647 2774 1731 2814 Sirm.
1778 2771 1847 2822 ,Υιδδ

1422 2821 1535 2838 υστεοον
1565 2812 1580 2838 δ
1598 2831 1604 2837 .
1621 2811 1643 2838 D
1658 2809 1736 2837 addit
1755 2815 1847 2835 αυιον.

1422 2811 1847 2883 “ira;,f:;.”.;3:;:.s:::°.;:
