1965 3051
160 118 230 151 1145

424 119 644 150 GILECARUM
662 120 813 152 AFFECT.
833 121 1049 153 CURATIO.-
1056 123 1126 154 XII.
1146 123 1196 154 DE
1214 123 1382 155 VIRTUTE
1400 126 1532 156 ACTIVA

1727 124 1794 156 1146

162 181 219 214 βίον
248 177 432 215 προξενοῦσαν
455 177 602 212 φροντίδων
628 177 768 212 ἐλεύθερον
779 178 802 194 ⁸⁸
817 187 824 195 ·
849 178 898 205 τὸν
924 179 950 205 δὲ

1004 184 1089 215 quoto
1109 180 1156 208 die
1179 188 1194 208 a
1214 180 1267 207 viri
1283 188 1433 215 congressu
1451 181 1549 208 mulier
1568 180 1794 216 Thesmophoriis

161 226 288 261 σώφρονα
300 225 388 259 γάμον
402 223 604 259 νομοθετοῦσιν,
620 224 658 256 ὡς
670 225 717 250 καὶ
730 224 760 251 τὸ
775 224 852 258 γένος
866 225 950 258 nega-

160 280 242 299 νοντα
251 271 284 303 ",
308 271 356 297 καὶ
375 269 504 304 λαγνείας
523 271 586 300 τοὺς
607 271 755 305 σωφρονεῖν
774 271 951 306 βουλομένους

160 317 354 353 ἐλευθεροῦντα
368 324 375 331 ’
391 316 518 352 πορνείας
532 315 560 341 δὲ
575 315 623 342 καὶ
636 317 685 351 τῆς
704 315 788 351 ἄλλης
804 316 950 349 ἀκολασίας

161 364 200 396 ὡς
219 363 336 395 συώδους
359 362 551 397 κατηγοροῦσι.
570 371 579 387 ε
594 362 689 396 Τίμιος
705 363 759 398 γὰρ
783 364 797 389 ὁ
817 363 906 397 γάμος
922 364 951 390 ὲν

161 411 240 442 πᾶσι,
255 410 302 436 καὶ
317 410 333 444 ἡ
353 408 430 443 κοίτη
444 408 585 442 ἀμίαντος,
600 408 683 443 φησὶν
699 409 712 434 ό
728 409 799 439 θεῖος
820 409 951 435 Ἀπόστο-

160 459 232 490 λος·
252 455 367 490 πόρνους
385 454 413 481 δὲ
436 454 482 481 καὶ
506 454 617 489 μοιχοὺς
632 455 719 488 κρινεῖ
738 455 752 480 ὁ
771 454 849 486 Θεός.
872 464 881 480 ι
897 455 951 481 Καὶ

159 502 258 529 πάλιν·
281 510 290 526 ι
303 501 381 533 Λέγω
399 499 426 526 δὲ
442 500 497 530 τοῖς
511 499 533 515 ⁹⁶
555 500 673 534 ἀγάμοις
698 499 745 527 καὶ
763 501 822 532 ταῖς
839 501 949 536 χήραιςι

160 547 250 574 Καλὸν
265 546 356 577 αὐτοῖς
371 546 446 572 ἐστιν
462 545 509 572 ὲάν
524 545 650 580 μείνωσιν
663 545 700 577 ὡς
717 545 794 580 κάγώ
807 554 812 560 ·
827 547 887 573 εἰδὲ
901 547 951 574 οὐκ

160 593 372 628 ἐγκρατεύονται
388 611 395 623 ,
435 590 648 626 γαμησάτωσαν.
672 600 681 616 ι
713 592 769 618 Καὶ
806 592 919 627 ἑτέρωθι
942 600 948 606 ·

163 649 173 665 ι
189 638 307 674 Πορνεία
325 637 354 663 δὲ
378 637 424 664 καὶ
448 637 605 671 ἀκαθαρσία
633 636 670 672 μὴ
681 637 703 652 ⁹¹
731 637 907 672 ὀνομαζέσθω
923 639 950 665 ὲν

159 683 235 719 ὑμῖν,
258 681 352 713 καθὼς
375 681 475 717 πρέπει
498 681 597 715 ἁγίοις.
613 690 629 713 ι,
645 681 701 708 Καὶ
720 682 838 717 ἀλλαχοῦ
850 692 856 698 ·
880 692 888 708 α
905 684 950 717 Μή

158 736 201 759 τις
215 727 313 763 πόρνος
332 726 378 753 καὶ
395 725 548 760 βέϐηλος”,
574 725 611 756 ὡς
637 725 733 752 Ἡσαῦ.
750 735 759 751 ι
783 726 816 753 0t
839 727 888 762 μὲν
904 725 951 754 οὖν

158 773 288 810 ἡμέτεροι
306 771 461 799 διδάσκαλοι
475 771 521 798 τὸν
535 771 653 805 λογικοῖς
665 772 803 807 πρέποντα
811 773 951 808 διεθεσμο-

159 819 278 854 θέτησαν
297 819 354 854 βίον
371 827 378 834 ο
394 819 419 845 οἱ
434 817 463 844 δὲ
478 817 531 844 τῶν
546 817 699 852 φιλοσόφων
717 818 823 852 ἄριστοι
838 820 884 846 καὶ
900 820 950 846 αὺ-

1005 226 1114 254 intersit
1131 235 1137 253 :
1157 224 1203 253 (Ἀ
1215 226 1330 261 proprii,
1342 227 1440 262 inquit,
1453 227 1556 258 statim,
1569 226 1603 253 ab
1615 227 1707 258 alieni,
1721 235 1792 257 nun-

1004 279 1097 306 quam.
1115 282 1123 297 ι
1141 272 1204 299 Haec
1216 276 1244 300 et
1256 280 1317 307 qua:
1334 261 1399 300 sunt
1415 272 1459 299 his
1475 261 1746 305 similia'laudaiuus,
1763 277 1794 300 et

1004 317 1179 352 philosophia
1193 318 1275 353 digna
1287 309 1443 350 censemus,
1460 318 1658 353 Platonemque
1673 318 1794 345 admitti-

1004 371 1066 390 mus
1083 364 1195 398 nuptias
1215 364 1286 391 inter
1301 363 1374 391 bona
1393 364 1586 396 collocantem,
1604 364 1793 391 immortalita-

1005 404 1094 443 tisqtie
1113 410 1241 444 parandae
1261 410 1415 442 inventum,
1434 414 1463 437 et
1486 410 1666 437 stabilitatem
1685 410 1794 445 generis

1005 455 1206 489 appellantem;
1222 455 1410 483 Democritum
1423 463 1491 483 vero
1505 460 1533 483 et
1544 456 1693 491 Epicurum
1711 455 1794 482 vehe-

1004 504 1112 527 menter
1135 499 1308 532 damnamus,
1332 501 1379 536 qui
1404 505 1433 529 et
1451 502 1573 536 nuptias,
1590 505 1619 528 et
1642 501 1794 528 liberorum

1005 544 1225 579 procreationem
1244 545 1327 572 vitari
1343 545 1451 580 jubent.
1476 545 1529 578 Qui
1547 545 1620 573 enim
1643 545 1794 572 humanam

1004 589 1164 617 felicitatem
1172 591 1312 626 voluptate
1320 591 1515 623 metiebantur,
1524 591 1659 626 quidquid
1666 599 1794 618 curarum

1004 636 1107 671 aliquid
1120 637 1162 663 vel
1182 637 1283 664 fastidii
1304 637 1403 665 ail‘erre
1417 641 1536 672 poterat,
1546 637 1658 665 omnino
1667 637 1796 672 repudia-

1005 686 1079 708 runt.
1093 682 1127 709 At
1139 681 1223 709 Stoici
1235 682 1324 709 media
1338 679 1456 717 quadam
1469 683 1513 710 via
1526 683 1710 710 incesserunt.
1724 683 1796 710 Con-

1002 724 1079 760 jugia
1097 725 1182 757 enim,
1202 734 1234 753 ac
1253 726 1405 753 liberorum
1424 727 1637 762 susceptionem,
1658 728 1730 755 inter
1751 729 1794 755 in-

1005 771 1160 798 diﬂerentia
1195 778 1405 799 recensuerunt.
1438 772 1528 800 Sacrae
1557 778 1649 800 autem
1684 773 1795 801 Litterae

1005 815 1196 843 castimoniam
1224 817 1335 851 quidem
1357 817 1470 845 laudant
1497 819 1677 853 philosophiw
1703 819 1796 846 studio

157 865 200 892 τοὶ
213 866 271 896 ταῖς
294 864 401 900 ἡδοναῖς
425 863 621 898 ἐδουλώθησαν,
640 863 686 889 καὶ
704 863 803 899 νόμους
826 864 949 900 ἔγραψαν

1004 866 1167 896 susceptam,
1185 866 1214 888 ut
1229 871 1290 897 qua:
1306 863 1390 889 vitam
1398 864 1521 898 prmbeat
1536 872 1551 891 a
1565 865 1639 891 curis
1653 864 1768 891 liberam
1787 875 1794 891 :

159 909 307 937 ἀκολασίαν
326 909 500 940 διδάσκοντας
516 917 522 923 ·
541 909 656 935 τοιοῦτοι
668 909 724 944 γὰρ
737 910 761 935 oi
779 910 841 945 περὶ
854 910 951 946 γάμων

158 955 208 982 καὶ
225 955 420 991 παιδεραστίας
444 954 491 980 τοῦ
512 954 655 986 Πλάτωνος
675 954 762 989 νόμοι.
787 955 841 981 Καὶ
860 955 950 990 μέντοι

159 1002 207 1028 καὶ
223 1002 286 1037 περὶ
299 1001 389 1035 φιλίας
410 1001 575 1035 Ἱππόδαμος
588 1001 602 1027 ὁ
619 1000 803 1036 Πυθαγόρειος
819 1001 889 1027 οὕτω
904 1002 950 1036 γέ-

158 1055 266 1082 γραφεν
285 1055 291 1062 ·
317 1055 327 1072 ο
347 1047 376 1073 'A
394 1046 455 1081 μὲν,
470 1045 500 1078 ὲξ
517 1046 671 1080 ὲπιστάμας
683 1045 706 1061 ’³
726 1045 793 1073 θεῶν
807 1054 814 1061 ο
835 1047 853 1072 ἁ
868 1046 905 1078 δὲ,
919 1047 951 1073 ὲκ

160 1094 283 1128 παροχᾶς
302 1091 469 1128 ἀνθρώπων·
492 1092 510 1118 ἁ
526 1091 564 1121 δὲ,
580 1091 610 1123 ἐξ
627 1091 723 1122 ἁδονᾶς
739 1090 825 1122 ζώων.
842 1100 851 1117 )
879 1091 908 1119 Ὁ
923 1091 951 1118 δὲ

159 1139 298 1175 Δεσπότης
308 1138 424 1174 Χριστὸς
440 1139 469 1164 ὲν
487 1138 544 1168 τοῖς
565 1133 648 1172 ίεροῒς
666 1137 844 1172 Εὑαγγελίοις
860 1138 926 1172 φησί
941 1146 948 1152 ·

162 1194 173 1210 α
185 1184 303 1216 Μείζονα
315 1183 416 1218 ταύτης
432 1183 541 1217 ἀγάπην
556 1182 642 1214 οὐδεὶς
664 1183 776 1210 δύναται
791 1183 886 1215 δεῖξαι,
908 1183 956 1210 ἵνα

158 1239 202 1262 τις
217 1231 249 1266 θῇ
264 1231 313 1265 τὴν
327 1229 415 1264 ψυχὴν
430 1229 513 1255 αὑτοῦ
526 1228 596 1263 ὑπὲρ
610 1228 663 1255 τῶν
678 1228 762 1263 φίλων
774 1228 868 1256 αὑτοῦ.
885 1239 893 1255 ι
910 1228 951 1255 Τὰ

158 1276 313 1304 τελεώτατα
327 1275 496 1303 ὲκπαιδεύων
507 1275 529 1291 ἰ
541 1275 587 1301 καὶ
599 1275 663 1306 τοὺς
680 1275 793 1309 ἐχθροὺς
808 1275 952 1303 ἐκέλευσεν

160 1323 286 1357 ἀγαπᾷν·
304 1323 317 1348 ὁ
331 1322 359 1348 δὲ
373 1322 422 1357 τὴν
438 1321 622 1356 Πυθαγόρειον
644 1320 834 1352 ὲκπαιδευθεὶς
854 1329 952 1356 τετρα-

121 1388 125 1398 .
160 1369 227 1395 κτὺν
238 1368 287 1403 τὴν
302 1367 378 1403 [17η
393 1366 568 1402 ἀνθρωπίνην
581 1366 673 1400 φιλίαν
691 1367 722 1393 ὲκ
739 1367 864 1402 παροχῆς
881 1367 951 1402 dipt-

160 1422 227 1441 σατο
241 1412 481 1447 κατορθοῦσθαι⁹⁵.
497 1412 534 1438 οὺ
552 1411 632 1447 μόνον
646 1411 674 1438 δὲ
690 1412 803 1447 ἀπᾴδων
819 1412 861 1438 ὅδε
879 1412 893 1437 ὸ
909 1412 952 1438 λό-

160 1467 218 1493 γος,
233 1459 301 1485 ἀλλὰ
321 1458 368 1485 καὶ
397 1458 514 1493 πάμπαν
524 1457 547 1473 ⁹⁶
566 1457 730 1488 ἀσύστατος.
755 1457 872 1488 Πολλοὺς
897 1458 952 1493 γὰρ

162 1505 266 1540 ἐχθρῶν
275 1504 420 1540 εὐεργέτας
430 1503 630 1539 γεγενημένους
642 1503 806 1538 εὑρίσκομεν
818 1511 824 1518 ·
838 1503 952 1535 πολλοὺς

1003 912 1093 935 castas
1113 916 1178 935 vero
1205 909 1316 943 nuptias
1337 910 1395 945 lege
1417 910 1555 942 sanciunt,
1578 915 1608 937 ut
1630 918 1691 945 qua:
1709 918 1796 945 genus

1003 959 1134 990 augeant,
1151 959 1179 982 et
1191 963 1205 982 a
1219 955 1333 982 libidine
1344 956 1463 983 liberent
1473 964 1521 983 eos
1532 957 1579 991 qui
1593 957 1662 984 casti
1676 965 1737 984 esse
1747 965 1796 984 vo-

1003 1000 1074 1027 lunt.
1089 1000 1311 1028 Fornicationem
1331 1010 1408 1034 vero,
1428 1006 1456 1030 et
1470 1002 1551 1029 aliam
1568 1010 1679 1030 omnem
1699 1003 1795 1030 incon-

1003 1045 1146 1073 tinentiam
1169 1046 1311 1079 damnant,
1328 1051 1358 1074 ut
1371 1047 1468 1075 suibus
1480 1052 1690 1083 congruentem.
1714 1058 1722 1073 ε
1737 1048 1794 1075 Ho—

1002 1093 1126 1119 norabile
1154 1093 1228 1120 enim
1254 1094 1424 1121 connubium
1445 1095 1474 1122 in
1497 1096 1637 1127 erunibus,
1663 1099 1691 1122 et
1717 1099 1796 1123 torus

1003 1138 1211 1171 immaculatus,
1233 1141 1270 1167 ait
1294 1140 1403 1168 divinus
1426 1141 1590 1176 Apostolus;
1615 1142 1796 1169 fornicatores

1003 1189 1095 1212 autem
1109 1190 1136 1212 et
1148 1185 1289 1214 adulteros
1301 1187 1437 1221 indicabit
1455 1187 1528 1214 Deus
1547 1189 1568 1214 ι.
1586 1197 1594 1213 ›
1612 1188 1793 1222 Rursusque:

1007 1240 1016 1256 I
1027 1231 1094 1258 Dico
1111 1235 1204 1259 autem
1221 1240 1276 1258 non
1294 1233 1387 1267 nuptis
1402 1238 1430 1260 et
1441 1233 1532 1260 viduis
1546 1233 1668 1260 :Bonum
1682 1237 1725 1260 est
1741 1233 1796 1260 illis

1005 1277 1112 1313 1035
1123 1278 1144 1304 si
1159 1277 1198 1305 sic
1210 1279 1420 1312 permanserint,
1434 1280 1540 1307 sicutet
1553 1287 1605 1314 ego
1619 1288 1625 1306 :
1641 1279 1714 1314 quod
1729 1279 1751 1306 si
1765 1286 1795 1306 se

1003 1330 1059 1350 non
1074 1324 1227 1357 continent,
1245 1325 1351 1352 nubant
1373 1324 1396 1352 i.
1415 1335 1425 1351 ›
1449 1326 1483 1352 Et
1503 1326 1568 1352 alibi
1586 1335 1592 1352 :
1612 1336 1621 1351 ι
1638 1325 1794 1352 Fornicatio

1003 1373 1107 1401 autem,
1117 1374 1144 1397 et
1158 1370 1343 1403 immunditia,
1353 1379 1404 1398 nec
1416 1372 1573 1398 nominetur
1584 1372 1611 1398 in
1623 1372 1711 1402 vobis,
1722 1372 1796 1399 sicut

1004 1415 1084 1442 decet
1107 1421 1217 1443 sanctos
1236 1417 1258 1442 Ιι.
1278 1426 1286 1441 ι
1314 1417 1348 1443 Et
1363 1417 1428 1444 alibi
1447 1426 1453 1443 :
1475 1427 1483 1443 ι
1507 1417 1545 1444 Nc
1561 1418 1622 1452 quis
1642 1417 1794 1444 fornicator

1003 1465 1051 1488 aut
1064 1461 1195 1495 profanus
1209 1462 1362 1489 sicutEsau
1379 1461 1398 1489 ι.
1420 1473 1429 1488 ι
1445 1464 1577 1490 Doctores
1594 1464 1686 1499 itaque
1704 1464 1793 1492 nostri

1005 1506 1111 1533 ratione
1130 1507 1254 1541 praeditis
1272 1508 1482 1535 convenientem
1502 1509 1586 1536 vitam
1609 1509 1666 1536 suis
1688 1509 1794 1544 legibus

160 1535 193 1578 δέ
211 1535 240 1577 εὖ
261 1551 310 1586 μὲν
323 1535 411 1583 ’παρά
433 1535 712 1580 τινων-πεπονθότας,
736 1535 900 1583 ἀναρίστους
921 1549 950 1575 δὲ

1005 1551 1195 1579 instituerunt.
1217 1553 1251 1580 At
1271 1554 1499 1588 philosophorum
1516 1535 1745 1589 prmstantissimi,
1767 1559 1795 1582 et

164 1597 236 1631 μάλα
252 1597 316 1632 περὶ
331 1597 394 1627 τοὺς
414 1595 560 1630 εὐεργέτας
573 1593 784 1629 γεγενημένους.
807 1594 844 1620 UO
860 1595 950 1622 τοίνυν

1005 1597 1057 1632 ipsi
1076 1598 1264 1634 voluptatibus
1281 1599 1448 1631 servierunt,
1468 1605 1495 1626 et
1514 1600 1588 1634 leges
1611 1601 1791 1634 scripserunt,

162 1643 286 1678 παροχῆς
307 1642 417 1676 ἔκγονος
439 1643 455 1677 ἡ
483 1641 569 1675 φιλία,
594 1641 790 1675 ἀλλά,καρπὺς
819 1642 911 1675 φιλίας
933 1642 950 1677 ἡ

1005 1650 1066 1678 quae
1082 1643 1309 1671 incontinentiam
1332 1644 1442 1672 docent.
1466 1645 1545 1672 Tales
1567 1645 1640 1672 enim
1662 1650 1736 1677 sunt,
1760 1645 1794 1672 de

162 1689 282 1724 παροχή.
1004 1690 1151 1725 coniugiis,
1175 1694 1203 1717 et
1221 1690 1255 1717 de
1275 1698 1423 1724 puerorum
1446 1699 1549 1723 amore,
1566 1691 1688 1719 Platonis
1709 1691 1792 1726 leges.

161 1734 232 1768 Quin
253 1739 282 1762 et
301 1735 336 1762 de
363 1735 484 1762 amicitia
507 1735 694 1771 Hippodamus
710 1736 898 1772 Pythagoreus
921 1735 949 1762 in
969 1735 1044 1763 hunc
1060 1737 1172 1763 modum
1187 1737 1308 1771 scripsit.
1328 1747 1337 1762 ι
1357 1737 1417 1764 Alia
1449 1737 1560 1771 quidem
1596 1737 1744 1772 gignuntur
1760 1745 1793 1764 ex

162 1781 277 1809 deorum
292 1783 421 1815 scientia;
445 1783 496 1810 alia
517 1791 595 1814 vero,
608 1791 641 1810 ex
661 1783 806 1809 hominum
825 1784 832 1792 '
847 1782 1028 1816 prtebitione;
1053 1783 1105 1809 alia
1137 1791 1171 1809 cx
1202 1783 1360 1809 animalium
1376 1783 1527 1817 voluptate.
1546 1793 1555 1807 ι
1588 1783 1714 1810 Christus
1725 1790 1793 1809 vero

161 1825 294 1854 Dominus
312 1828 340 1854 in
354 1828 439 1855 sacris
453 1828 609 1863 Evangeliis
625 1828 692 1855 dicit
707 1837 714 1854 :
734 1837 743 1853 ε
762 1828 890 1862 Maiorem
909 1828 960 1855 hac
978 1828 1141 1855 charitatem
1156 1836 1239 1855 neuio
1252 1833 1342 1862 potest
1359 1828 1515 1859 ostendere,
1537 1833 1566 1855 ut
1586 1829 1705 1855 animam
1715 1835 1792 1854 suam

161 1876 246 1907 ponat
260 1873 322 1907 quis
337 1881 386 1907 pro
398 1873 494 1900 amicis
508 1873 566 1900 suis
577 1878 608 1899 ω.
625 1883 633 1897 ι
651 1873 685 1899 Et
699 1872 731 1899 ad
750 1872 948 1906 perfectissima
968 1872 1108 1905 erudiens,
1126 1873 1209 1899 etiam
1222 1871 1350 1898 inimicos
1369 1871 1485 1906 diligere
1503 1871 1585 1906 jussit
1600 1876 1623 1897 η.
1637 1872 1684 1899 Ille
1702 1877 1792 1899 autem

161 1917 208 1951 qui
241 1917 452 1952 Pythagoricum
488 1917 697 1952 quaternarium
719 1917 865 1949 didicerat,
903 1917 1050 1944 humanam
1092 1917 1240 1944 amicitiam
1267 1916 1404 1950 proficisci
1433 1917 1471 1943 ait
1497 1924 1512 1942 a
1534 1916 1706 1951 praebitione.
1729 1909 1794 1949 Quae

161 1963 250 1990 oratio
265 1972 320 1990 non
333 1965 415 1991 modo
428 1968 470 1992 est
485 1965 600 1996 absona,
618 1965 665 1992 sed
679 1965 761 1991 etiam
777 1965 855 1991 nullo
868 1964 950 1991 modo
970 1965 1122 1992 consistere
1155 1968 1256 1999 potest.
1288 1964 1389 1991 Multos
1400 1965 1474 1990 enim
1495 1964 1622 1991 inimicos
1637 1964 1794 1993 invenimus

162 2008 295 2037 beneﬁcia
310 2011 460 2038 contulisse
476 2019 482 2037 :
500 2011 602 2037 multos
615 2018 723 2042 rursus,
738 2012 785 2045 qui
797 2010 889 2038 allecti
916 2010 1070 2043 heneticiis,
1089 2010 1188 2045 ingrati
1215 2017 1330 2044 prorsus
1345 2017 1409 2044 erga
1443 2009 1639 2037 beneﬁciorum
1668 2016 1804 2048 auctores_

161 2057 285 2085 fuerunt.
309 2057 414 2092 1035
431 2057 490 2085 Non
514 2058 597 2093 igitur
612 2057 783 2093 praebitionis
799 2061 894 2093 partus
909 2061 951 2084 est
971 2057 1101 2088 amicitia,
1114 2057 1161 2084 sed
1179 2057 1308 2084 amicitiae
1322 2057 1428 2083 fruetus
1444 2056 1578 2091 praebitio.
1786 2050 1794 2053 ’

196 2105 289 2132 Ταῦτα
301 2096 391 2137 πήιν,
401 2102 423 2131 ὧ
437 2105 545 2140 ἄνδρες.
560 2105 804 2140 παρεξετάσαντες,
817 2105 864 2131 καὶ⁷
875 2104 953 2138 γνόν-

161 2161 207 2184 τες
223 2152 284 2178 ὅσον
300 2151 378 2177 θείων
394 2152 442 2178 καὶ
458 2151 635 2187 ἀνθρωπίνων
651 2151 682 2177 τὸ
703 2151 794 2186 μέσον,
817 2151 850 2177 δι’
875 2151 950 2176 ὲκεί-

1042 2104 1104 2131 Haec
1129 2104 1239 2134 iterum,
1268 2111 1285 2130 ο
1311 2103 1373 2135 viri,
1399 2103 1517 2130 invicem
1539 2107 1739 2137 comparantes,
1765 2107 1794 2132 et

1004 2156 1136 2185 quantum
1165 2150 1238 2177 inter
1258 2150 1351 2177 divina
1376 2154 1404 2177 et
1427 2150 1549 2176 humana
1580 2149 1616 2176 sit
1640 2141 1792 2181 discrimen

161 2206 226 2229 νων,
242 2195 297 2223 οἷόν
319 2205 400 2223 τινων
424 2197 573 2231 στοιχείων,
588 2196 635 2223 ὲπὶ
657 2196 707 2231 τὴν
724 2195 826 2223 τούτων
840 2195 950 2222 ὁδεύσα-

1004 2199 1192 2230 agnoscentes,
1212 2203 1261 2229 per
1277 2195 1334 2226 illa,
1349 2196 1424 2222 velut
1441 2203 1491 2230 per
1505 2195 1641 2222 elementa
1655 2195 1790 2229 quaedam,

161 2243 219 2270 τε⁹⁷
231 2242 396 2277 τελειότητα,
411 2243 457 2269 καὶ
479 2252 488 2268 ι
502 2242 548 2277 Μὴ
565 2241 771 2276 προφασίζεσθε
798 2241 950 2276 προφάσεις

162 2290 192 2314 ἐν
216 2288 374 2324 ἁμαρτίαις,
391 2297 400 2314 ι
425 2289 506 2323 φησὶν
525 2289 542 2323 ἠ
570 2288 685 2323 μελῳδία
705 2287 752 2313 τοῦ
779 2288 949 2322 Πνεύματος.

163 2333 247 2359 Ὀταν
266 2334 319 2369 γὰρ
340 2334 404 2365 τοὺς
427 2333 620 2368 εὐαγγελικοὺς
650 2332 831 2367 ἐπιδείξωμεν
850 2333 950 2368 νόμους

161 2378 252 2414 πολλῷ
259 2379 309 2414 τῆς
324 2379 485 2414 Ἑλληνικῆς
493 2378 652 2413 φιλοσοφίας
664 2378 743 2410 ὄντας
756 2378 949 2413 ὑψηλοτέρους,

161 2424 311 2459 τηνικαῦτα
323 2425 401 2460 ὑμεῖς
417 2425 480 2456 τοὺς
498 2425 546 2460 μὲν
561 2425 659 2459 νόμους
675 2425 822 2456 ἐπαινεῖτε,
840 2425 904 2456 τοὺς
921 2424 949 2451 δὲ

161 2469 273 2502 τούτους
289 2470 507 2506 παραϐαίνοντας
519 2469 605 2501 ἀδεῶς
620 2470 660 2501 είς
674 2470 755 2505 μέσον
767 2470 947 2505 προσφέρετε,

162 2516 208 2543 καὶ¹
221 2516 254 2543 δι’
267 2517 290 2534 ’⁸
304 2517 417 2544 ἐκείνων
432 2515 564 2552 πειρᾶσθε
582 2515 736 2542 διαϐάλλειν
752 2515 816 2547 τοὺς
837 2515 947 2551 νόμους.

1002 2240 1036 2267 ad
1049 2241 1148 2268 horum
1158 2240 1354 2275 perfectionem
1366 2241 1542 2268 contendite:
1557 2251 1565 2266 ε
1578 2248 1676 2276 neque,
1691 2245 1721 2268 ut
1729 2240 1792 2276 Spi-

1002 2286 1072 2313 ritus
1082 2287 1170 2314 sancti
1182 2287 1300 2314 melodia
1314 2291 1407 2313 monet
1419 2290 1445 2318 °,
1460 2286 1653 2313 excusationes
1664 2290 1792 2313 excusate

1002 2332 1029 2359 in
1038 2333 1168 2367 peccatis.
1183 2342 1191 2358 ι
1203 2333 1317 2365 Quando
1327 2333 1400 2360 enim
1408 2332 1487 2359 vobis
1496 2332 1667 2359 ostendimus
1678 2339 1793 2367 evange-

1002 2377 1070 2405 licas
1086 2378 1160 2412 leges
1171 2386 1231 2406 esse
1244 2378 1402 2406 Graecanica
1415 2377 1590 2413 philosophia
1603 2377 1690 2404 multo
1703 2375 1791 2404 subli-

1003 2422 1115 2455 miores,
1133 2431 1179 2451 eas
1193 2423 1305 2459 quidem
1320 2423 1449 2455 laudatis,
1464 2423 1511 2450 sed
1529 2430 1624 2449 earum
1638 2426 1790 2457 transgres—

1003 2477 1080 2497 sores
1098 2470 1274 2506 impudenter
1289 2469 1420 2505 objicitis,
1436 2469 1602 2504 illorumque
1621 2476 1703 2496 causa
1717 2468 1790 2502 leges

1002 2516 1163 2544 calumniari
1178 2516 1327 2544 conamini.
1342 2515 1445 2543 Contra
1461 2519 1565 2548 autem,
1587 2513 1790 2549 reprehendere

202 2589 211 2608 ὶ
228 2589 311 2616 Hebr.
327 2597 371 2621 xv,
387 2589 414 2616 4.
454 2589 461 2614 l
481 2588 492 2616 Ι
506 2587 569 2616 Cor.
587 2595 632 2620 vti,
649 2587 675 2620 8,
691 2587 718 2614 9.
758 2588 770 2607 ιί
786 2587 888 2622 Ephes.
904 2595 931 2620 v,
947 2587 950 2612 ἰ

1016 2586 1025 2606 1
1042 2587 1126 2615 Hebr.
1142 2596 1190 2621 χιι,
1207 2587 1250 2614 16.
1288 2591 1307 2605 ω
1323 2586 1401 2614 Joan.
1417 2594 1461 2618 xv,
1479 2586 1522 2613 15.
1560 2588 1574 2604 ιι
1590 2583 1685 2612 Matth.
1701 2592 1728 2616 ν,
1745 2583 1788 2610 44.

163 2627 174 2639 ⁸
187 2623 260 2651 Psal.
275 2632 333 2657 cn,
349 2624 376 2651 ὁ.

802 2666 920 2695 ἾΑῘΙΙᾹΞ
940 2664 1143 2694 LECTIONES.

198 2737 542 2774 “ﬁgofovatramvrﬁsuespov.
569 2738 712 2774 ἐλεύθερον
721 2738 867 2774 φροντίδων
886 2738 918 2765 Ι).

969 2737 992 2754 θ’
1004 2737 1162 2770 αὐξάνοντα.
1190 2736 1304 2769 αὒξοντα
1332 2736 1364 2763 D.
1402 2735 1424 2751 ⁹⁰
1449 2736 1515 2766 τοῖς.
1547 2734 1610 2770 ταῖς
1625 2734 1656 2761 D.
1696 2732 1718 2748 ⁹¹
1739 2732 1786 2767 μή.

166 2768 290 2809 [ιη-δεῦε,
315 2773 336 2788 ⁹²
353 2773 399 2799 καὶ
417 2768 493 2808 βέὸ.ῆ
507 2774 602 2808 βέ6.ῐ).
636 2768 835 2809 ⁸³’ὲπιστήμας.
852 2774 1008 2809 ἐπιστᾴμας
1018 2768 1053 2804 νζ
1067 2776 1094 2800 et
1111 2780 1174 2809 mox
1189 2768 1284 2809 ἁδονᾶς
1300 2779 1368 2809 enin
1450 2769 1472 2786 ³⁵
1483 2768 1661 2809 ὲκΞ-ωιιδεύωνἔ
1680 2775 1785 2809 renuat-

164 2802 247 2845 ξερων
257 2807 346 2845 >Sirm.
362 2843 375 2845 A
386 2808 407 2824 ’³⁵
418 2802 626 2845 κατορθοῦσθαι.
645 2802 850 2845 κατωρθὸῧσθαι
868 2809 900 2836 D.
937 2802 960 2825 ’δ
974 2802 1100 2842 πάμπαν.
1112 2808 1221 2842 σύμπαν
1235 2802 1278 2834 [)f
1303 2806 1325 2821 "7
1342 2805 1478 2833 όδεύσατε.
1493 2803 1627 2832 ὡδεύσατε
1642 2803 1673 2831 D.
1706 2802 1728 2819 "
1742 2810 1773 2829 xc

164 2839 207 2869 δι’.
221 2843 268 2870 καὶ
285 2850 340 2870 om.
356 2843 389 2871 C.
