1965 3051
187 165 254 199 1147

677 166 922 198 THEODORETI
941 167 1112 200 EPISCOPI
1131 167 1314 200 CYRENSIS

1742 169 1816 203 1148

185 221 296 258 quidem
309 221 368 249 illos
381 221 535 257 oportebat,
557 220 631 257 leges
648 226 740 250 autem
756 222 871 251 minime
885 231 967 251 accu-

1025 223 1096 251 Ἔδει
1111 223 1139 251 δὲ
1154 224 1248 259 ψέγειν
1265 223 1316 259 μὲν
1331 222 1463 255 ἃκείνους,
1480 222 1548 250 ἀλλά
1564 220 1601 259 μὴ
1615 223 1702 250 τῶνκ
1717 223 1808 260 νόμων

186 275 260 295 sare.
268 267 362 302 Neque
373 267 446 294 enim
459 271 569 302 propter
579 266 663 294 malas
673 267 744 295 vites
752 275 767 295 a
778 267 858 296 bonis
869 268 970 296 abhor-

187 321 280 342 remus
296 323 303 340 :
319 321 408 348 neque
423 312 458 340 ob
481 319 588 340 amaras
604 313 760 348 amygdalas
774 314 858 341 etiam
876 314 973 342 dulces

187 365 345 385 aversamur
360 366 368 385 :
385 365 475 392 neque
492 357 528 385 ob
545 365 643 385 aurum
658 358 836 391 subreratum,
855 359 882 387 id
897 359 971 394 quod

186 410 287 437 purum
301 406 343 430 est
357 402 520 430 damnamus
539 411 545 430 :
562 410 652 438 neque
676 403 712 430 ob
725 403 885 432 ementitam
903 413 972 440 pur-

186 455 282 483 puram
294 448 376 476 etiam
387 456 481 476 veram
492 449 689 484 vituperamus.
701 450 795 485 Neque
808 455 919 486 propter
931 451 973 478 in-

186 497 265 528 eptos
275 493 405 528 pictores,
420 494 503 521 etiam
516 494 620 528 peritos
634 502 796 522 accusamus
812 503 818 522 :
833 503 924 530 neque
936 495 972 523 ob

187 540 327 576 improbos
350 541 486 574 homines,
515 542 597 569 etiam
624 542 711 570 bonos
737 542 802 570 odio
827 543 969 570 habemus.

186 586 281 621 Neque
295 587 317 614 si
333 587 458 622 ignarum
473 587 612 614 medicum
626 588 782 622 quempiam
799 589 872 616 nacti
885 588 971 615 fueri-

187 640 258 665 mus,
279 633 407 660 medendi
427 637 514 660 artem
536 633 610 661 illico
630 634 819 668 repudiamus.
836 635 937 662 Verum
956 642 972 662 e

186 678 347 712 pictoribus,
364 682 392 705 et
409 677 533 711 medicis,
551 683 580 705 et
591 679 742 712 sutoribus,
760 683 789 707 et
808 679 893 707 fabris
906 688 973 707 tera-

187 724 245 756 riis,
264 723 444 758 aurariisque,
460 731 508 751 eos
521 724 568 759 qui
582 729 647 752 sunt
659 725 764 761 1036
780 725 894 760 egregii,
912 726 972 753 lau-

187 768 282 795 damus
295 772 377 803 atque
390 769 566 804 suspicimus,
577 770 718 805 imperitos
731 778 799 798 vero
809 779 865 798 suae
875 779 973 806 quem-

187 821 240 848 que
252 814 320 841 artis
338 821 453 850 carpere
468 815 673 843 consuevimus.
687 816 781 851 Neque
795 820 886 844 tamen
899 821 973 846 artes

187 860 270 895 ipsas,
296 862 404 888 tametsi
423 862 529 889 nullum
545 863 593 897 qui
610 870 658 890 eas
681 867 773 891 teneat
785 865 859 892 nacti
868 864 972 898 simus,

187 905 244 932 ullo
253 909 333 940 pacto
347 906 517 934 accusandas
528 910 668 941 putamus.
683 907 724 936 Sit
740 908 814 936 enim
828 909 898 937 hoc‘
908 918 973 945 pro-
990 905 1011 932 Β

187 950 260 978 fecto
272 951 497 985 insulsissimum,
511 951 547 979 ob
563 952 669 987 aliquos
679 953 865 986 caecutientes,
879 955 976 983 oculos

187 1001 269 1032 atque
282 997 372 1032 ipsum
383 997 495 1025 videndi
513 1005 625 1026 sensum
646 1003 775 1034 tanquam
792 999 920 1027 inutilem
934 1000 976 1027 vi—

189 1046 315 1078 tuperare
335 1052 341 1070 :
357 1043 399 1071 vel
421 1047 536 1078 propter
555 1051 603 1072 eos
621 1045 668 1079 qui
690 1044 772 1073 blwsa
793 1049 857 1074 sunt
869 1046 973 1081 lingua,

187 1087 263 1115 vocis
274 1095 374 1123 organa
386 1091 516 1122 tanquam
527 1088 641 1115 minime
653 1089 809 1116 necessaria
821 1089 952 1117 damnare
967 1098 974 1117 :

187 1138 215 1162 et
230 1137 341 1168 propter
358 1133 514 1161 obstructas
533 1141 625 1167 aures,
645 1134 777 1162 audiendi
803 1143 913 1163 sensum
930 1143 977 1163 su-

188 1186 388 1213 pervacaneum
397 1179 499 1206 dicere.
513 1179 648 1215 Pariergo
660 1179 751 1213 modo,
764 1180 896 1208 miserum
908 1189 975 1209 sane

188 1229 272 1260 atque
291 1225 416 1260 iniquum
435 1225 482 1259 sit,
498 1225 534 1253 ob
549 1233 597 1253 eos
613 1226 660 1261 qui
676 1226 750 1262 leges
768 1227 975 1262 transgrediun-

188 1274 244 1303 tur,
259 1270 331 1305 ipsas
344 1278 473 1298 accusare
490 1271 575 1306 leges,
586 1279 648 1299 cum
659 1272 694 1299 iis
706 1272 753 1307 qui
768 1280 815 1300 eas
826 1273 974 1301 observare

187 1316 310 1344 student.
332 1317 425 1352 Neque
441 1317 527 1349 enim,
545 1318 568 1345 si
589 1317 667 1345 faber
687 1318 824 1353 quispiam
843 1318 976 1354 lignarius

188 1363 287 1390 lineam
312 1363 423 1398 quidem
448 1368 523 1390 recte
544 1363 672 1396 duxerit,
691 1364 762 1390 male
785 1368 877 1391 autem
899 1364 976 1391 ascia

188 1412 280 1440 utens,
298 1409 443 1436 atramenti
457 1409 534 1444 signa
551 1413 717 1444 corrumpat,
733 1409 776 1437 vel
789 1410 860 1437 ultra
874 1410 976 1437 lineam

188 1454 292 1488 aliquid
308 1454 342 1482 de
355 1455 533 1482 interioribus
543 1455 667 1487 demens,
681 1456 723 1483 vel
740 1456 810 1483 citra
825 1456 900 1483 illam
913 1463 975 1491 quae

187 1507 357 1534 supervacua
371 1505 436 1528 sunt
448 1501 616 1536 relinquens,
633 1501 737 1529 ideirco
751 1501 823 1530 linea
839 1502 976 1537 culpanda

187 1551 239 1579 est,
262 1553 323 1580 quae
344 1552 448 1574 rectum
472 1547 612 1574 ostendit:
628 1547 698 1574 fabri
720 1548 794 1575 enim
821 1547 975 1582 ignorantia

188 1595 331 1625 peccatum
348 1596 400 1619 est.
414 1592 500 1627 Leges
512 1592 604 1627 itaque
621 1593 701 1620 lineze
717 1592 872 1628 cujusdam,
888 1596 917 1620 et
928 1600 973 1621 re-

187 1636 267 1669 gulae,
284 1640 311 1663 et
329 1637 428 1664 indicis
445 1638 534 1664 locum
561 1637 697 1664 obtinent.
716 1637 819 1665 Eorum
838 1644 905 1665 vero
927 1637 976 1672 qui

187 1681 294 1717 legibus
312 1686 438 1715 utuntur,
451 1683 496 1710 alii
510 1683 613 1717 optime
626 1682 709 1709 vitam
724 1690 803 1710 suam
813 1682 974 1717 instituunt,

187 1729 234 1756 alii
246 1729 367 1764 jucunda
380 1729 485 1764 1037
496 1729 656 1756 melioribus
672 1732 885 1764 anteponentes,
897 1732 976 1757 extra

188 1779 291 1802 rectam
306 1775 405 1802 harum
421 1775 522 1802 lineam
536 1775 674 1802 feruntur.
690 1775 723 1802 Hi
735 1782 801 1810 ergo
815 1779 880 1802 sunt
894 1783 976 1803 accu-

188 1819 277 1852 sandi,
292 1820 366 1854 leges
381 1827 448 1847 vero
461 1819 614 1848 laudandae.
628 1820 722 1856 Neque
733 1821 818 1855 enim,
832 1822 855 1849 si
868 1822 976 1857 peritus

189 1865 312 1893 medicus
322 1866 465 1901 aegrotanti
476 1866 625 1901 praecipiat,
638 1866 700 1894 aliis
710 1866 822 1902 quidem
840 1867 925 1900 vesci,
941 1868 976 1896 ab

188 1910 250 1938 aliis
266 1915 358 1938 autem
373 1912 485 1946 penitus
496 1911 647 1943 abstinere,
665 1911 710 1938 ille
724 1918 791 1938 vero
808 1911 976 1946 contemptis

187 1957 331 1985 medicina:
341 1957 494 1992 praeceptis,
509 1957 645 1985 curationi
658 1957 826 1992 voluptatem
837 1957 974 1992 praeferat,

188 2008 217 2031 et
228 2003 313 2030 vetita
334 2003 420 2031 edens
433 2011 464 2031 ac
481 2003 590 2035 bibens,
606 2003 731 2030 morbum
752 2002 852 2030 efﬁciat
868 2003 976 2038 gravio-

187 2055 257 2080 rem,
276 2053 422 2083 propterea
435 2048 574 2076 medicum
591 2056 642 2076 ceu
659 2047 850 2075 insidiatorem
864 2055 976 2076 accusa-

188 2102 250 2122 mus
267 2103 272 2121 :
288 2094 511 2129 quandoquidem
528 2102 563 2121 ex
579 2093 732 2121 laborantis
751 2093 974 2128 intemperantia,

187 2145 243 2166 non
254 2146 287 2166 ex
299 2139 468 2166 consulentis
481 2138 654 2179 providentia
668 2138 784 2165 invaluit
794 2138 938 2174 aegritudo.

1024 271 1196 306 κατηγορεῖν.
1207 270 1274 297 Οὐδὲ
1290 269 1342 305 γὰρ
1354 269 1398 296 διὰ
1408 269 1457 302 τὰς
1472 269 1576 304 φαύλας
1588 269 1727 305 ἀμπέλους
1742 270 1792 305 φεύ
1802 285 1810 291 -

1023 325 1109 353 γομεν
1118 316 1168 349 τὰς
1184 317 1324 353 ἀρίστους,
1338 316 1399 344 οὐδὲ
1412 315 1456 343 διὰ
1470 316 1520 348 τὰς
1536 315 1638 351 πικρὰς
1651 316 1813 352 ἀμυγδάλας

1024 364 1071 390 καὶ
1084 363 1133 395 τὰς
1148 363 1279 397 γλυκείας
1293 362 1531 399 ἀποστρεφόμεθα,
1546 363 1606 389 οὐδὲ
1618 362 1662 389 διὰ
1682 363 1728 390 τὸν
1741 363 1808 390 ὑπό-

1024 409 1122 444 χαλκον
1135 409 1236 445 χρυσὸν
1253 408 1300 436 καὶ
1319 409 1364 436 τὸν
1381 408 1528 443 ἀκίϐδηλον
1545 408 1734 444 διαϐάλλομεν,
1750 408 1811 434 οὐδὲ

1024 455 1068 481 διὰ
1095 454 1144 490 τὴν
1172 453 1341 489 ἐψευσμένην
1370 452 1514 489 πορφύραν
1535 452 1584 479 καὶ
1605 452 1655 487 τὴν
1680 451 1810 487 ἀληθινὴν

1026 502 1203 537 σκώπτομεν.
1221 501 1282 528 οὐδὲ
1300 501 1353 527 τῶν
1367 500 1481 536 ἀμαθῶν
1496 500 1577 527 ἕνεκα
1594 499 1748 535 ζωγράφων
1764 499 1812 526 καὶ

1024 548 1078 575 τῶν
1092 548 1223 583 ἐντέχνων
1234 546 1449 582 κατηγοροῦμεν,
1464 545 1525 572 οὐδὲ
1539 545 1584 572 διὰ
1597 547 1661 577 τοὺς
1673 545 1810 581 πονηροὺς

1024 592 1183 629 ἀνθρώπους
1208 592 1255 619 καὶ
1268 592 1331 624 τοὺς
1345 591 1505 623 σπουδαίους
1521 591 1665 626 μισοῦμεν,
1687 590 1749 618 οὐδὲ
1763 590 1812 618 ἐάν

1025 649 1085 668 τινα
1096 640 1221 676 εὕρωμεν
1236 639 1441 675 ἀνεπιστήμονα
1458 638 1548 674 ἰατρὸν
1566 638 1615 674 ἤδη
1638 637 1686 664 καὶ
1699 637 1749 672 τὴν
1769 637 1812 663 ία-

1025 686 1122 722 τρικὴν
1136 685 1345 720 ἀπαγορεύομεν
1358 684 1467 720 τέχνην,
1482 683 1551 711 ἀλλά
1574 683 1622 710 καὶ
1633 683 1688 710 τῶν
1703 682 1813 718 ζωγρά-

1026 738 1094 764 φων,
1111 730 1157 756 καὶ
1176 729 1229 756 τῶν
1251 728 1360 764 ἰατρῶν,
1384 728 1432 755 καὶ
1448 729 1540 763 μέντοι
1554 727 1601 754 καὶ
1617 727 1672 754 τῶν
1686 725 1814 753 σκυτοτό-

1028 784 1096 810 μων,
1116 775 1162 802 καὶ
1173 774 1227 801 τῶν
1240 773 1429 810 χαλκοτύπων,
1447 773 1495 800 καὶ
1507 772 1561 800 τῶν
1577 771 1733 808 χρυσοχόων
1746 771 1811 802 τοὺς

1028 822 1078 858 μὲν
1093 821 1221 856 ἀρίστους
1237 820 1424 856 θαυμάζομεν,
1449 819 1513 852 τοὺς
1531 819 1560 846 δὲ
1576 819 1627 855 τὴν
1645 818 1744 854 τέχνην
1761 817 1813 844 οὐκ

1027 866 1207 903 ἀκριϐοῦντας
1219 867 1227 882 ¹
1241 865 1376 893 σκώπτειν
1389 865 1524 901 εἰώθαμεν
1532 873 1541 882 ·
1553 865 1603 897 τάς
1614 865 1643 891 δέ
1656 873 1688 899 γε
1701 864 1812 900 τέχνας,

1025 912 1076 940 κᾶν
1107 912 1209 948 μηδένα
1228 912 1397 946 ἐπιστήμονα
1417 910 1558 947 εὕρωμεν,
1583 910 1737 937 διαϐάλλειν
1761 910 1814 936 οὐκ

1025 956 1176 992 ἀνεχόμεθα
1187 957 1208 984 ⁸.
1220 955 1280 982 Τῶν
1290 955 1346 991 γὰρ
1360 955 1542 982 ἀτοπωτάτων
1554 954 1598 981 διά
1612 955 1675 986 τοὺς
1689 953 1813 988 τυφλώτ-

1024 1010 1120 1034 τοντας
1131 1002 1194 1033 τοὺς
1205 1001 1361 1036 ὀφθαλμοὺς
1375 1000 1422 1027 καὶ
1434 1000 1518 1035 αὐτὴν
1541 1000 1591 1035 τὴν
1609 998 1724 1034 όπτικὴν
1734 999 1746 1015 ³
1771 999 1814 1025 al-

1026 1048 1121 1082 σθησιν
1140 1047 1249 1082 διαψέγε
1254 1056 1278 1073 ιν
1295 1046 1333 1078 ὡς
1343 1045 1539 1081 ἀχρηστονμαὶ
1548 1045 1592 1072 διὰ
1599 1045 1663 1076 τοὺς
1670 1045 1719 1080 τὴν
1727 1044 1814 1079 γλῶτ-

1024 1099 1073 1118 ταν
1094 1090 1298 1126 πεπεδημένους
1312 1090 1367 1117 τῶν
1382 1090 1432 1125 τῆς
1447 1089 1539 1125 φωνῆς
1554 1089 1678 1126 ὁργάνων
1700 1089 1738 1121 ὡς
1757 1089 1808 1116 οὐκ

1025 1136 1182 1171 ἀναγκαίων
1202 1137 1377 1172 κατηγορεῖν,
1397 1135 1444 1163 καὶ
1462 1136 1506 1162 διὰ
1526 1135 1561 1163 τὰ
1583 1132 1814 1171 βεϐυσμέναιῶτα

1025 1182 1074 1218 τὴν
1087 1182 1252 1217 ἀκουστικὴν
1265 1182 1392 1217 αἴσθησιν
1412 1182 1542 1217 περιττὴν
1563 1181 1717 1217 ὀνομάζειν.
1734 1181 1813 1208 Οὕτω

1024 1226 1114 1254 τοίνυν
1131 1226 1240 1262 ἀληθῶς
1259 1226 1381 1262 σχέτλιόν
1401 1235 1431 1253 τε
1450 1227 1497 1254 καὶ
1517 1226 1610 1254 ἄδικον
1624 1226 1678 1254 τῶν
1690 1227 1754 1258 τοὺς
1768 1227 1813 1253 νό-

1026 1281 1094 1308 μους
1117 1272 1341 1306 παραϐαινόντων
1364 1273 1447 1300 ἕνεκα
1466 1273 1514 1300 καὶ
1533 1272 1623 1299 αὐτῶν
1644 1272 1698 1300 τῶν
1722 1273 1814 1308 νόμων

1024 1319 1196 1354 κατηγορεῖν,
1221 1319 1268 1345 καὶ
1282 1318 1336 1345 τῶν
1352 1319 1464 1351 τούτους
1476 1320 1622 1354 φυλάττειν
1645 1319 1813 1346 ἐσπουδακό-

1024 1373 1087 1392 των.
1101 1364 1169 1392 οὐδὲ
1183 1364 1237 1400 γὰρ
1256 1364 1283 1390 sl
1291 1373 1335 1396 τις
1347 1364 1450 1392 τέκτων
1465 1365 1496 1392 οὐ
1517 1365 1604 1392 κατάδ
1616 1365 1695 1399 λόγον
1708 1365 1757 1400 μὲν
1769 1365 1815 1392 εὑ-

1025 1410 1099 1437 θύνοι
1122 1409 1172 1446 τὴν
1191 1409 1327 1446 στάθμην,
1352 1410 1533 1446 παραλόγως¹
1557 1411 1585 1437 δὲ
1605 1410 1644 1446 τῷ
1667 1410 1813 1446 σκεπάρνῳ

1025 1454 1165 1491 χρώμενος
1192 1454 1343 1491 διαφθείροι
1370 1455 1405 1481 τά
1436 1457 1537 1491 σημεῖα
1564 1456 1611 1482 τοῦ
1638 1455 1769 1491 μέλανος,
1794 1455 1811 1491 ἢ

1025 1501 1180 1536 περαιτέρω
1214 1500 1315 1536 ταύτης
1352 1501 1425 1528 τῶνε
1450 1501 1523 1529 ἔνδον
1555 1501 1766 1537 ἀφαιρούμενος,
1794 1501 1813 1536 ἢ

1025 1544 1141 1580 περιττά
1156 1544 1190 1572 τὰ
1213 1544 1312 1578 ἐξωθεν
1327 1545 1496 1577 καταλιπὼν,
1518 1547 1567 1581 τὴν
1586 1546 1710 1582 στάθμην
1725 1547 1814 1572 αιτια-

1026 1589 1097 1624 τέον,
1111 1590 1128 1626 ἥ
1147 1590 1177 1617 τὺ
1191 1590 1268 1623 εύθὲς
1285 1591 1450 1619 ἐπιδείκνυσι
1461 1599 1468 1607 ³
1485 1591 1561 1628 [178]
1576 1592 1625 1628 τῆς
1639 1592 1694 1627 γάρ
1709 1600 1750 1619 τοι
1763 1591 1813 1618 τοῦ

1026 1637 1152 1669 τέκτονος
1165 1636 1284 1672 ἀμαθίας
1295 1638 1312 1672 ἡ
1323 1637 1445 1673 ἁμαρτία
1453 1638 1475 1666 ⁷.
1488 1638 1592 1665 Οὐκοῦν
1610 1638 1635 1664 οί
1656 1638 1732 1673 νόμοι
1749 1637 1814 1665 στάς

1027 1681 1100 1718 θμης
1106 1682 1178 1714 τινος
1189 1683 1237 1709 καὶ
1245 1683 1356 1715 κανόνος
1367 1683 1414 1711 καὶ
1419 1683 1557 1719 γνώμονος
1564 1685 1575 1701 ⁸
1585 1683 1714 1719 ἐπέχουσι
1725 1684 1812 1717 τάξιν·

1026 1727 1081 1754 τῶν
1095 1727 1123 1754 δὲ
1133 1727 1239 1759 τούτοις
1250 1729 1400 1763 χρωμένων
1420 1729 1445 1756 οἱ
1461 1730 1510 1764 μὲν
1527 1729 1626 1765 ἄριστα
1644 1729 1691 1756 τὸν
1713 1731 1814 1757 οἰκεῖον

1026 1771 1193 1799 διευθύνουσι
1210 1772 1278 1808 βίον,
1292 1774 1316 1800 οἱ
1333 1774 1362 1801 δὲ
1376 1774 1412 1801 τά
1427 1775 1514 1810 ῥᾷστα
1530 1775 1590 1802 ἀντὶ
1600 1775 1653 1802 τῶν
1667 1774 1815 1810 βελτίστων

1027 1818 1239 1854 προαιρούμενοι
1251 1818 1304 1852 ἔξω
1322 1819 1374 1855 τῆς
1393 1819 1494 1847 τούτων
1513 1820 1661 1856 εὐθύτητος
1680 1821 1812 1856 βαίνουσι.

1027 1863 1172 1900 Τοιγάρτοι
1196 1864 1318 1892 τούτων’
1334 1865 1383 1901 μὲν
1407 1866 1619 1902 κατηγορητέον,
1642 1868 1706 1900 τοὺς
1721 1867 1750 1895 δὲ
1771 1867 1815 1895 v6-

1028 1918 1094 1945 μους
1113 1911 1280 1939 ἐπαινετέον.
1306 1910 1375 1939 Οὐδὲ
1397 1912 1452 1948 γὰρ
1474 1913 1501 1940 εί
1519 1921 1562 1945 τις
1584 1913 1695 1948 ἀριστος
1722 1913 1814 1950 [ατρὸς

1026 1955 1149 1988 ὲπιτάξοι
1169 1956 1209 1991 τῷ
1225 1956 1356 1991 κάμνοντι
1378 1957 1432 1984 τῶν
1455 1957 1504 1993 μὲν
1528 1958 1697 1994 μεταλαϐεῖν,
1714 1959 1770 1986 τῶν
1785 1958 1816 1986 δδ

1028 2001 1066 2037 μὴ
1089 2002 1233 2038 μετασχεῖν
1253 2002 1402 2036 παντελῶς,
1421 2000 1482 2030 εἷτα
1502 2004 1616 2036 ὲκείνος,
1629 2000 1742 2040 ἧττον¹⁰
1759 2004 1813 2030 τῶν

1027 2048 1156 2083 ἰατρικῶν
1168 2048 1314 2084 ὑποθηκῶν
1325 2049 1480 2085 φροντίσας,
1493 2049 1544 2084 τῆς
1559 2049 1707 2084 θεραπείας
1719 2058 1813 2085 προτι-

1028 2095 1109 2130 μήσοι
1127 2094 1176 2130 τὴν
1187 2094 1292 2130 ἡδονὴν,
1305 2095 1352 2122 καὶ
1367 2095 1402 2123 τά
1413 2095 1588 2131 ἀπειρημένα
1602 2095 1697 2130 φαγὼν
1711 2095 1728 2131 ἢ
1744 2096 1816 2124 πιὼν

1026 2138 1139 2174 αὑξήσοι
1154 2138 1204 2174 τὴν
1221 2139 1307 2172 νόσον,
1325 2139 1371 2166 τὸν
1395 2139 1486 2175 ἰατρὸν
1506 2139 1545 2171 ὡς
1562 2140 1705 2167 ἐπίϐουλον
1721 2140 1814 2167 αἰτιώ-

189 2186 269 2221 μεθα.
291 2185 339 2213 Ἐκ
353 2187 408 2222 γὰρ
422 2186 454 2222 δὴ
470 2187 521 2222 τῆς
547 2185 595 2212 τοῦ
615 2185 765 2221 κάμνοντος
797 2186 942 2221 ἀκρασίας,
954 2186 1004 2212 οὐκ
1024 2187 1056 2213 ἐκ
1078 2187 1128 2223 τῆς
1150 2185 1198 2213 τοῦ
1219 2186 1470 2221 συμϐουλεύσαντος
1494 2186 1676 2222 προμηθείας,
1693 2187 1710 2222 ὴ
1735 2187 1815 2219 νόσος

186 2231 306 2268 ηὐξήθηι

222 2279 286 2306 Haec
304 2278 398 2313 igitur,
415 2286 529 2313 quaeque
551 2283 616 2306 sunt
632 2279 675 2306 his
691 2279 801 2313 similia,
824 2279 972 2306 ratiocina-

1064 2278 1156 2306 Ταῦτα
1190 2279 1280 2306 τοίνυν
1309 2279 1542 2314 συλλογισάμενοι,
1563 2279 1610 2306 καὶ
1637 2279 1688 2306 ὅσα
1709 2279 1814 2312 τούτοις

187 2324 262 2351 tione
272 2323 441 2358 colligentes,
448 2323 608 2350 salutarium
620 2324 709 2359 legum
719 2324 834 2351 latorem
846 2323 975 2350 laudibus

187 2369 334 2403 celebrate,
349 2370 494 2405 legumque
513 2368 634 2404 ipsarum
656 2369 829 2397 commodam
846 2369 974 2396 humanae

187 2415 250 2443 vita:
265 2415 412 2443 utilitatem
425 2414 566 2450 suspicite.
585 2417 623 2443 Ac
635 2416 719 2443 veluti
733 2418 902 2450 spectatores
914 2415 975 2450 qui-

187 2462 250 2490 dam
274 2461 454 2489 laudabilium
476 2461 657 2489 certaminum
682 2461 836 2495 constituti,
857 2469 905 2489 eos
925 2461 974 2496 qui

186 2508 260 2542 leges
273 2511 385 2535 servant
396 2506 545 2534 celebrate.
563 2506 791 2542 Transgressores
807 2511 900 2534 autem
916 2513 974 2533 non

186 2553 285 2588 mquali
304 2560 400 2580 omnes
412 2553 518 2581 calculo
529 2553 711 2581 condemnate
727 2561 735 2580 :
749 2551 973 2588 quandoquidem

187 2605 243 2627 non
255 2599 353 2635 aequali
373 2606 470 2627 omnes
486 2599 601 2627 consilio
615 2599 868 2635 transgrediuntur.
886 2597 970 2625 Multa

1026 2325 1187 2360 προσόμοια,
1206 2323 1253 2351 τὸν
1272 2324 1321 2360 μὲν
1346 2325 1400 2351 τῶν
1426 2325 1570 2360 σωτηρίων
1588 2325 1678 2360 νόμων
1699 2325 1813 2360 νομοθέ-

1024 2378 1074 2404 την
1088 2369 1108 2385 “
1135 2369 1285 2404 ὐμνήσατε,
1304 2368 1392 2396 αὐτῶν
1411 2369 1439 2396 δὲ
1464 2369 1518 2397 τῶν
1538 2370 1629 2405 νόμων
1655 2369 1813 2405 θαυμάσατε

1026 2416 1055 2442 τὸ
1069 2415 1199 2450 βιωφιλὲς
1208 2415 1255 2442 καὶ
1267 2415 1399 2451 ὀνήσιμον
1412 2424 1419 2431 ·
1433 2415 1480 2442 καὶ
1491 2413 1548 2442 οἷον
1563 2415 1659 2451 θεωροί
1676 2424 1747 2449 τινες
1758 2415 1814 2443 τῶν

1026 2461 1190 2493 ἀξιεπαίνων
1199 2461 1312 2495 ἀγώνων
1322 2462 1488 2497 γιγνόμενοι,
1501 2462 1565 2494 τοὺς
1577 2462 1626 2497 μὲν
1636 2461 1736 2493 τούτων
1746 2462 1813 2488 ἀνα-

1027 2505 1164 2541 κηρύξατε
1177 2505 1311 2540 φύλακας,
1328 2505 1400 2533 κατά
1413 2505 1442 2532 δὲ
1456 2505 1510 2533 τῶν
1525 2506 1759 2542 παραϐεϐηκότων
1775 2505 1815 2541 μὴ

1026 2551 1076 2587 τὴν
1090 2551 1151 2587 ῑσην
1166 2551 1328 2587 ἐξενέγκητε
1338 2552 1361 2568 ³¹
1373 2551 1474 2587 ψῆφον.
1488 2551 1527 2579 Οὐ
1538 2551 1592 2588 γὰρ
1604 2552 1656 2588 ῐσῳ
1673 2561 1704 2586 γε
1719 2552 1814 2586 σκοπῷ

1026 2597 1242 2633 παραϐαίνουσιν
1261 2598 1390 2630 ἅπαντες.
1413 2598 1503 2625 Πολλά
1528 2598 1582 2635 γὰρ
1607 2598 1639 2634 δὴ
1664 2599 1711 2626 καὶ
1738 2598 1814 2634 παρὰ

827 2675 948 2705 νΔῙῖΙᾸΕ
968 2675 1171 2705 LECTIONES.

221 2735 243 2751 "
262 2734 301 2775 μὴ
311 2734 377 2775 τῶν.
406 2735 442 2770 μὴ
471 2742 526 2762 om.
547 2734 580 2762 (Ξ.
618 2735 627 2751 ¹
643 2734 834 2770 ἀκριϐοῦντας.
860 2734 1007 2769 ἀκριϐότας
1028 2734 1063 2766 ν.
1081 2741 1152 2776 cum.
1175 2734 1348 2770 ἡκριϐωκότα

221 2788 223 2797 ι
240 2769 344 2798 Ursml.
399 2769 589 2805 ’ἀνεχόμεθαο
620 2769 781 2805 ἀνεχώμεθα
796 2770 827 2798 D.
885 2770 895 2786 ³
909 2770 1034 2804 ὀπτικήν.
1063 2769 1113 2805 τὴν
1141 2777 1202 2796 οπτ.
1223 2769 1254 2801 C,
1273 2769 1306 2802 ν,
1326 2770 1348 2797 Ι)

937 2787 1034 2802 ..ιιι-ιν.
1069 2787 1113 2802 νιμ
1141 2787 1202 2796 νινε.
1223 2787 1254 2801 υ,
1281 2787 1306 2802 1,
1327 2787 1357 2797 ν.

187 2777 223 2798 an
240 2769 344 2798 Ursini.
399 2770 409 2785 ¹
421 2769 589 2805 ἀνεχόμεθαθ
620 2769 781 2805 ἀνεχώμεθα
796 2770 827 2798 Ι).

1175 2734 1364 2770 ἠκριϐωκότας
1390 2743 1441 2770 pro
1460 2735 1531 2770 conj.
1559 2735 1588 2762 in
1612 2743 1698 2770 marg.
1719 2734 1814 2770 nescio

1413 2770 1467 2797 ⁸οὺ
1491 2769 1572 2797 κατά.
1594 2770 1625 2796 οὐ
1641 2769 1695 2797 oni.
1720 2769 1751 2800 C.
1780 2769 1812 2796 Ι).

187 2805 200 2841 ξ
214 2804 385 2841 παραλόγως.
399 2804 563 2841 παραλογων
581 2805 626 2841 (ον
634 2809 662 2832 et
672 2814 686 2837 ς
697 2812 835 2841 suprascr.
850 2809 880 2832 ut
902 2805 967 2832 fiant
978 2804 1193 2841 Δτιςιιρριλοχονως)
1209 2805 1240 2831 D.
1259 2804 1286 2841 gf
1304 2805 1363 2840 τήν.
1378 2805 1432 2832 τῶν
1449 2805 1522 2841 Sylb.
1535 2805 1596 2832 Mox
1612 2805 1645 2841 τά
1662 2813 1716 2832 om.
1730 2804 1813 2841 Sirm.

188 2839 239 2903 ἶιὲ
247 2839 600 2903 ῗῗ⁶ϐῗίαίοτέτῗὲζ⁶ῗ¹ἐῖ2εῶ
611 2839 644 2902 iii

189 2875 239 2910 μὲν
252 2875 283 2907 C,

699 2840 710 2856 '
728 2836 877 2876 γνώμονος.
896 2836 1069 2876 ἡγεμόνοξν
1143 2836 1226 2876 Tum_
1235 2839 1311 2876 τάξιν
1330 2836 1506 2875 ἒπέχουσιῖ).

300 2872 331 2902 Ι).
376 2875 397 2891 ὀ
409 2872 600 2910 ἧττον.’όλίγον
612 2875 643 2902 ῐ).
682 2875 702 2890 ¹¹
717 2872 864 2911 νομοθέτην
875 2872 1006 2911 -”νόμων
1021 2882 1076 2902 om.
1088 2874 1118 2902 C.
1157 2875 1185 2909 ,¹¹
1198 2873 1358 2910 ἐξενέγκητε
1369 2883 1374 2890 ·
1384 2872 1566 2907 Ἕξενέγκατε.
1582 2874 1616 2906 C.
1628 2875 1660 2903 V.
1677 2874 1710 2902 Ι).

1562 2840 1572 2856 ⁹
1587 2840 1699 2867 τούτων.
1712 2839 1817 2866 τούτων

1430 2990 1476 3004 .‘t
1488 2994 1498 3002 ›ι
