1965 3051
161 140 234 175 1149

433 145 652 176 θΒλΕίΙΑΒυΜ
671 145 822 176 AFFECT.
844 145 950 176 CURA'

1004 147 1128 177 L—XII.
1150 147 1199 177 DE
1219 140 1385 176 VIKTUTE
1404 143 1547 174 ACTIVA.

1727 139 1805 172 1150'

160 200 275 236 γνώμην
294 199 507 235 πλημμελοῦμεν
524 202 548 228 οἱ
563 200 702 236 ἄνθρωποι
713 209 720 216 ·
739 203 785 228 καὶ
805 202 892 229 ταῦτα
906 201 950 228 καὶ

1004 203 1075 230 enim
1088 206 1188 238 przeter
1200 201 1285 230 animi
1299 207 1410 236 quoque
1422 198 1587 226 sententiam
1601 197 1731 224 mortales
1742 203 1795 225 nos

160 246 241 273 αὐτοί
258 254 289 280 γε
311 247 335 273 οι
362 246 439 281 νόμοι
459 246 588 273 καλοῦσιν
610 247 737 275 ἀκούσια.
765 249 820 274 Καὶ
841 248 895 282 γὰρ
918 247 951 282 δὴ

160 291 234 318 κατὰ
251 291 331 333 κυνός
344 301 397 324 τις,
423 293 439 328 ἦ
455 293 534 320 ἄλλου
547 296 625 321 του¹²
638 295 711 322 λίθον
733 296 887 329 ἀκοντίσας,
904 294 951 321 τοῦ

162 337 215 371 μὲν
226 337 385 372 διήμαρτεν,
400 337 543 374 ἄνθρωπον
552 339 579 366 δὲ
592 340 748 368 κατέκτεινε
760 350 766 357 -
776 341 887 367 τοιαῦτα
898 341 952 376 γὰρ

159 381 195 416 δὴ
213 381 286 416 πάθη
304 383 352 409 καὶ
370 383 511 418 Ἡρόδοτος
525 384 592 420 ᾀδει.
614 385 748 417 Πολλάκις
765 386 792 412 δέ
806 394 848 417 τις
871 386 951 413 πέλε-

160 435 214 453 κυν
226 427 248 443 ¹⁵
261 427 331 463 ἔχων
349 429 395 455 καὶ
410 428 475 461 ξύλα
495 429 603 465 τέμνων
621 431 692 458 κατὰ
715 440 788 462 τινος
808 432 952 467 παριόντος

159 472 238 499 ἄκων
250 473 375 508 ἠκόντισε
396 474 426 500 τὸ
447 475 576 510 σιδήριον.
598 476 710 507 Τούτοις
726 478 773 504 καὶ
791 479 846 509 τοῖς
866 477 952 504 τοιού-

158 527 231 550 τοις,
245 518 283 550 ὡς
291 519 440 553 ἀκουσίοις,
453 521 618 557 ξυγγνώμην
631 523 655 549 οἱ
663 523 740 558 νόμοι
756 523 950 559 προσνέμουσι.

160 565 218 591 Καὶ
229 564 262 591 τὰ
279 565 389 592 ἑκούσια
399 565 426 593 δὲ
440 566 470 593 οὗ
484 568 603 603 σμικρὰν
619 569 641 584 ¹³
655 568 715 604 ἐχει
729 568 870 604 διαφοράν.
883 570 951 597 υὺδέ

159 610 216 645 γὰρ
232 609 288 636 ἴσον
301 610 352 637 ὑπό
366 619 439 643 τινος
450 611 535 647 ὀργῆς
553 613 600 639 καὶ
613 613 699 648 θυμοῦ
721 622 781 640 τινα
800 614 951 650 παροξυνό-

162 663 246 690 μενον
259 655 378 688 πατάξαι
391 657 436 683 τὸν
452 657 536 689 πέλας
558 658 606 685 καὶ
621 659 804 694 παραπέμψαι
817 659 856 695 τῷ
870 660 952 687 θανά-

159 707 218 734 τῳ,
233 701 264 727 οὒ
278 701 357 728 τοῦτο
376 702 662 738 προϐουλευσάμενον,
678 704 739 731 οὐδὲ
757 705 804 732 ἐπὶ
817 705 903 741 τούτῳ
919 715 950 740 γε

161 746 310 780 παίσαντα,
327 748 374 774 καὶ
388 747 418 774 τὺ
441 748 471 781 ἐξ
486 749 633 784 ἐπιϐουλῆς
648 750 696 776 καὶ
714 750 791 786 λόχου
817 752 863 778 καὶ
884 761 950 787 προ-

161 790 235 823 νοίας
246 792 377 827 τυρεῠσαι
388 793 434 819 τὸν
450 792 564 821 θάνατον
575 802 582 810 ·
600 794 630 821 τὸ
647 795 697 830 μὲν
706 795 760 831 γὰρ
769 793 802 831 ἧν
816 796 951 832 ἀκρασίας

162 836 262 872 θυμοῦ,
288 838 319 864 τὸ
341 838 383 871 δὲ,
406 840 538 875 πονηρίας
558 840 692 876 ἐσχάτης·
714 841 760 868 καὶ
781 841 811 868 τὸ
835 842 883 877 μὲν
903 842 951 877 οὑχ

1005 255 1152 284 peccamus
1169 257 1175 275 :
1192 252 1274 283 atque
1299 247 1357 274 haec
1378 246 1453 280 leges
1478 244 1544 279 ipsa;
1560 243 1700 278 appellant
1717 242 1795 270 invo-

1005 294 1134 321 luntaria.
1152 293 1260 321 Etenim
1285 292 1313 320 in
1332 299 1427 318 canem
1447 290 1584 325 quispiam
1601 290 1609 298 ‘
1624 293 1672 316 aut
1689 289 1717 315 in
1734 296 1794 316 rem

1005 340 1087 367 aliam
1098 340 1217 375 lapidem
1232 339 1405 373 intorquens,
1420 336 1559 363 aberravit
1571 343 1585 362 a
1598 343 1692 370 scopo,
1705 339 1734 362 et
1744 335 1794 361 ho-

1005 385 1106 411 minem
1121 384 1232 412 occidit.
1254 382 1416 418 Hujusmodi
1432 382 1505 409 enim
1523 388 1602 408 casus
1621 380 1742 408 celebrat
1766 383 1795 407 et

1005 430 1171 458 Herodotus.
1195 429 1272 464 Saepe
1295 433 1387 456 autem
1411 427 1531 454 securim
1553 426 1616 461 quis
1637 430 1742 458 tenens,
1766 429 1795 453 et

1005 476 1078 511 ligna
1105 483 1212 507 secans,
1234 475 1262 502 in
1290 477 1479 501 transeuntem
1505 471 1662 507 quempiam
1687 471 1794 498 ferrum

1004 522 1166 558 ejaculatur.
1185 521 1232 549 His
1246 525 1274 552 et
1287 519 1434 552 similibus,
1446 524 1576 553 tanquam
1588 517 1792 550 involuntariis,

1007 568 1114 603 1038
1127 569 1202 603 leges
1223 567 1290 595 dant
1305 566 1424 594 veniam.
1448 565 1500 592 Sed
1517 569 1546 592 et
1560 572 1622 599 qua:
1637 563 1794 591 voluntaria

1005 619 1078 647 sunt,
1099 622 1154 642 non
1175 621 1273 649 parum
1293 613 1365 640 inter
1385 619 1415 639 se
1436 610 1580 638 diﬂ‘erunt.
1604 609 1699 644 Neque
1719 609 1793 636 enim

1004 669 1055 696 par
1068 664 1110 688 est
1126 663 1279 695 peccatum,
1300 659 1323 686 si
1344 658 1407 693 quis
1426 658 1467 684 ira
1489 657 1621 684 incitatus
1637 656 1794 690 proximum

1004 705 1183 741 percusserit,
1203 712 1234 732 ac
1259 704 1321 731 neci
1344 703 1463 736 dederit,
1483 703 1531 737 qui
1555 702 1581 729 id
1601 706 1664 728 ante
1683 709 1738 728 non
1757 700 1794 727 sit

1005 751 1170 784 meditatus,
1195 759 1248 779 nec
1262 758 1296 778 eo
1316 749 1408 777 animo
1424 748 1592 783 percusserit
1613 757 1619 774 :
1639 751 1668 775 et
1687 747 1708 779 si
1730 747 1794 781 quis

1005 797 1164 832 praeparatis
1185 796 1305 829 insidiis,
1320 800 1450 830 certoque
1473 794 1589 821 consilio
1605 801 1701 820 necem
1717 793 1792 822 intu-

1005 844 1078 871 lerit.
1097 843 1165 870 Illud
1180 843 1252 870 enim
1267 841 1421 877 praecipitis
1435 840 1487 868 fuit
1502 839 1664 872 iracundiae,
1681 839 1734 866 hoc
1744 846 1793 866 au-

161 882 233 914 ὂλον,
260 883 291 910 τὺ
309 883 338 910 δὲ
351 884 412 911 ὅλον
433 885 484 919 τῆς
501 885 622 921 γνώμης.
651 886 729 913 Οὕτω
752 887 800 914 καὶ
820 889 880 919 ταῖς
902 888 950 923 τῆς

1005 894 1059 917 tem
1067 880 1202 924 suprema:
1215 888 1357 923 cujusdam
1370 887 1496 919 malitiae;
1509 886 1611 914 etillud
1623 892 1678 912 non
1693 888 1791 916 totum,

161 928 328 962 ἡδυπαθείας
338 930 359 946 ¹⁶
374 930 423 966 οὐχ
438 931 557 963 ᾶπαντες
568 932 670 967 ὁμοίως
681 934 706 959 ot
721 933 862 969 ἄνθρωποι
876 942 952 969 περι.

162 975 308 1002 πίπτουσιν
326 976 488 1012 ἁμαρτίαις·
506 978 563 1005 ἀλλ’
580 979 604 1005 οἱ
623 978 672 1014 μὲν
688 979 787 1014 ἥκιστα
803 989 953 1016 περιεργα-

162 1020 272 1056 ζόμενοι
287 1022 320 1049 τὰ
334 1022 460 1058 εὐπρεπῆ
475 1024 530 1051 τῶν
547 1024 682 1060 σωμάτων
697 1026 905 1062 περιπείρονται
919 1027 951 1060 ι’,

162 1066 218 1093 ἐσθ’
235 1067 288 1102 ὅπη
305 1067 333 1094 δὲ
348 1068 396 1094 καὶ
408 1068 507 1104 ὁρῶσιν
522 1069 653 1105 ἐξαπίνης
665 1071 712 1097 καὶ
723 1071 951 1099 καταδουλοῦνται

161 1111 202 1147 τῷ
213 1112 303 1145 πάθει,
317 1113 364 1140 τοῦ
381 1113 512 1149 λογισμοῦ
529 1115 578 1149 τῆς
591 1108 739 1151 ἡγεμονίας
753 1116 931 1152 ἐξισταμένου
942 1127 950 1135 ο

161 1157 185 1183 ol
203 1157 230 1184 δὲ
247 1157 302 1193 βίον
313 1158 403 1194 ἔχουσι
421 1160 461 1196 τῷ
473 1162 508 1196 τῇ
523 1161 543 1177 ιθ
554 1162 645 1197 τοιᾷδε
659 1162 759 1199 θεωρίᾳ
772 1164 834 1196 τοὺς
849 1165 951 1199 ὀφθαλ-

163 1203 231 1236 μοὺς
254 1204 357 1240 ἐστιᾷν.
380 1205 435 1232 Kal.
451 1207 477 1233 οι
503 1207 552 1242 μὲν
568 1208 631 1234 οὺδέ
663 1208 756 1235 σιτίων
777 1209 838 1236 οὐδὲ
863 1211 952 1238 ποτῶν

161 1248 343 1276 ἀπολαύουσιν
355 1250 377 1267 ¹⁹
403 1251 498 1283 ἀδεῶς,
525 1253 661 1287 ἡττῶνται
677 1254 705 1280 δὲ
724 1254 799 1290 ὅμως
822 1256 952 1284 παλαίον-

161 1302 218 1327 τες,
232 1295 326 1332 ἐπειδὴ
347 1297 472 1324 παλαίειν
487 1298 678 1333 ἐπιστημόνως
700 1300 730 1326 οὐ
751 1300 890 1335 βούλονται
903 1310 909 1318 ’
928 1304 952 1329 οι

161 1340 190 1366 δὲ
205 1341 384 1376 ὑπερμαζῶσι
399 1343 446 1370 καὶ
459 1344 594 1380 τρυφῶσι,
610 1345 657 1371 καὶ
672 1346 726 1372 πᾶν
740 1344 809 1378 εἶδος
827 1348 952 1374 ἐπινοοῦ-

162 1394 188 1412 σι
202 1385 276 1423 [179]
291 1387 396 1424 χλιδῆς,
409 1390 456 1416 καὶ
475 1389 524 1422 τὰς
539 1390 624 1424 ἄλλας
651 1391 755 1426 ὀρέξεις
774 1392 951 1428 διερεθίζουσι

162 1433 347 1466 παντοδαπαῖς
364 1435 508 1469 ἐπινοίαις,
524 1437 572 1463 καὶ
590 1437 681 1471 μέντοι
699 1437 746 1464 καὶ
761 1437 950 1474 σϐεννυμένων

162 1478 352 1512 ἀσχάλλουσιν.
376 1480 486 1517 Ἐπειδὴ
506 1482 596 1509 τοίνυν
619 1483 737 1518 τοσαύτη
764 1484 819 1511 τῶν
833 1493 952 1520 παρανο-

164 1523 284 1558 μούντων
315 1525 442 1563 διαφορὰ,
469 1528 499 1554 οὺ
532 1528 621 1564 χρεὼν
653 1529 740 1556 ἅπασι
775 1531 950 1565 χαλεπαίνειν

161 1569 271 1603 ὁμοίως,
286 1570 354 1598 ἀλλὰ
373 1573 437 1604 τοὺς
460 1573 509 1607 μὲν
523 1574 666 1609 προδήλως
684 1574 730 1601 τὸν
755 1575 845 1612 συώδη
853 1576 876 1592 ¹⁰
892 1575 949 1611 βίον

162 1616 368 1651 ἀσπαζομένους
383 1618 576 1653 μυσάττεσθαι,
593 1621 649 1652 τοῖς
664 1619 692 1646 δὲ
711 1620 802 1653 ἄλλοις
818 1621 865 1648 καὶ
883 1622 950 1657 ξυμ-

163 1661 299 1689 Εουλεύειν
323 1664 369 1690 καὶ
387 1666 547 1700 παραινεῖν,
568 1665 616 1693 καὶ
631 1667 710 1702 χεῖρα
732 1667 850 1702 ὀρέγειν,
869 1669 917 1695 καὶ
927 1669 948 1684 ’ί

163 1709 324 1744 θεραπεύειν
338 1710 486 1745 ἐπιμελῶς,
500 1712 545 1738 καὶ
557 1712 722 1748 προσφέρειν
736 1713 785 1749 τῆς
798 1714 903 1748 ὑγιείας
916 1716 950 1742 τὰ.

162 1754 295 1790 φάρμακα
307 1764 314 1771 ·
334 1756 454 1788 ἐκείνους
471 1757 509 1789 δὲ,
535 1758 568 1793 ῆν
589 1767 615 1784 τι
640 1759 792 1794 ἐπιμένωσι
809 1760 950 1795 θηριωδῶς

163 1799 338 1834 βιοτεύοντες,
352 1802 400 1828 καὶ
416 1802 559 1838 περιόντας
579 1803 770 1839 θρηνήσωμεν,
786 1804 832 1830 καὶ
847 1805 950 1832 ἀποθα-

161 1845 235 1872 νοῦσι
255 1847 284 1873 τὸ
295 1848 318 1863 ¹²
339 1848 548 1883 Σαρδαναπάλου
571 1849 737 1885 ἐπίγραμμα
758 1851 948 1886 προσενέγκω-

164 1899 222 1927 μεν.
236 1892 282 1927 Τῷ
301 1893 355 1928 γὰρ
370 1893 402 1928 δὴ
420 1894 525 1921 ἐκείνου
541 1894 742 1930 ἐπιγέγραπται
761 1896 840 1931 τάφῳ
852 1905 860 1912 ·

163 1981 254 2011 Τόσσ“
270 1983 329 2018 ἔχω
355 1984 425 2012 ὅσσ’
445 1985 558 2021 ἔφαγον
571 1986 620 2014 καί
637 1986 795 2024 ἐφύϐρισα,
816 1988 865 2016 καί
885 1989 950 2024 μετ’

165 2053 266 2088 πέραιν’
280 2054 393 2082 ἔπαθον
401 2056 425 2072 ¹³
441 2065 447 2071 -
461 2056 497 2082 τὰ
516 2055 551 2082 δὲ
564 2056 666 2085 πολλὰ
679 2058 728 2084 καὶ
743 2022 950 2087 ξνξὲίέοἳτὰντα

737 2092 912 2129 [λέλειπται.

161 2123 215 2151 Καὶ
231 2124 286 2160 γὰρ
301 2124 358 2160 ἐγὼ
379 2125 494 2160 σποδός
510 2128 578 2162 εἶμι,
602 2127 695 2156 Νίνου
708 2128 950 2199 ςβασι-

770 2172 874 2198 ευσας.

168 2226 247 2253 Ἀλλὰ
258 2226 312 2262 γὰρ
325 2227 372 2254 καὶ
387 2228 467 2255 τοῦτο
484 2229 591 2264 ψευδῶς
605 2231 629 2256 οἱ
645 2232 818 2267 γεγραφότες
833 2232 950 2268 ἐπέγρα-

162 2272 222 2306 ψαν.
234 2273 271 2299 οὐ
284 2273 338 2308 γὰρ
354 2273 410 2308 ἔχει
423 2275 436 2301 ό
447 2275 613 2311 τελευτήσας
622 2277 694 2312 ἅπερ
704 2277 789 2312 ἔφαγε
801 2279 847 2305 καὶ
862 2278 949 2312 ἔπιεν,

162 2317 217 2344 ἀλλ’
233 2319 272 2350 εἰς
286 2318 335 2354 τὴν
350 2319 455 2355 δυσώδη
471 2320 574 2357 φθορὰν
590 2323 682 2349 ἐκεῖνα
696 2322 858 2358 κεχώρηκεν
872 2332 879 2338 ·
893 2324 950 2360 ἔχει

162 2363 189 2390 δὲ
213 2364 292 2399 μόνον
308 2364 354 2391 τοῦ
370 2366 529 2400 παρανόμου
547 2366 605 2402 βίου
620 2367 670 2403 τὴν
691 2368 852 2404 δυσοσμίαν,
871 2370 887 2405 ἥ
910 2371 951 2397 δι·-

161 2409 266 2445 ηνεκῶς
280 2411 329 2445 τήν
342 2411 431 2446 ψυχὴν
441 2411 552 2445 ἀλγύνει
570 2413 617 2439 καὶ
633 2413 705 2448 ἀνιᾷ,
728 2414 877 2447 ξυνειδυῐαν
887 2415 951 2442 ἐαυ-

162 2456 193 2491 τῇ
206 2456 239 2483 τὰ
255 2456 384 2490 κάκιστα,
402 2458 448 2484 καὶ
466 2458 644 2494 μεμνημένην
660 2456 697 2487 ὧν
712 2461 878 2496 παρανόμως
888 2463 950 2498 είρ-

162 2512 275 2537 γασατο.

196 2548 305 2584 Ταύτην
330 2548 404 2583 ὑμῖν,
429 2545 452 2575 ὦ
478 2549 584 2585 ἄνδρες,
610 2549 739 2585 δευτέραν
762 2550 810 2577 καὶ⁸
832 2551 950 2587 δεκάτην

164 2593 278 2626 διάλεξιν
298 2595 492 2630 προσενήνοχα,
510 2595 560 2634 ’καὶ
587 2595 712 2628 ἐπέδειξα
734 2596 795 2623 τίνα
817 2597 866 2632 μὲν
886 2598 950 2633 περὶ

1004 936 1058 964 hoc
1069 943 1136 963 vero
1149 939 1236 963 totum
1253 934 1306 962 fuit
1320 934 1480 961 voluntatis.
1495 933 1540 961 Sic
1558 937 1587 960 et
1602 933 1629 959 in
1642 930 1793 966 voluptatis

1004 985 1114 1017 peccata
1138 989 1193 1008 non
1215 979 1372 1008 unmodo
1386 979 1513 1006 homines
1533 986 1628 1005 omnes
1642 979 1791 1013 proruunt,

1003 1027 1051 1056 sed
1064 1028 1111 1055 alii
1130 1027 1203 1055 circa
1223 1030 1354 1055 venustas
1374 1026 1458 1054 facies
1476 1025 1590 1052 minime
1609 1024 1712 1052 curiosi
1723 1030 1791 1050 con-

1003 1072 1125 1108 ﬁguntur
1142 1081 1149 1099 τ
1167 1071 1308 1099 interdum
1330 1075 1359 1099 et
1379 1075 1493 1106 repente
1510 1069 1617 1102 vident,
1636 1073 1665 1096 et
1680 1071 1792 1103 pertur-

1002 1117 1106 1145 bationi
1115 1117 1308 1149 succumbunt,
1320 1116 1428 1143 ratione
1436 1115 1471 1143 ab
1480 1114 1597 1149 imperio
1605 1121 1654 1141 suo
1664 1112 1790 1140 decussa.

1001 1165 1054 1193 Alii
1068 1165 1095 1192 in
1105 1172 1139 1192 eo
1150 1164 1235 1192 vitam
1250 1167 1428 1195 consumunt,
1442 1166 1472 1189 ut
1489 1162 1583 1190 oculos
1593 1163 1705 1196 pascant
1719 1159 1792 1194 ejus—

1002 1210 1076 1238 modi
1091 1209 1260 1245 spectaculo.
1276 1208 1347 1236 Sunt
1357 1208 1404 1243 qui
1418 1215 1476 1235 non
1494 1207 1555 1234 sine
1567 1211 1641 1233 metu
1657 1205 1720 1232 cibo
1740 1211 1790 1239 po-

1002 1261 1087 1290 tuqne
1107 1259 1223 1282 utuntur
1241 1263 1248 1280 :
1264 1258 1357 1281 tamen
1375 1256 1531 1288 pugnantes
1544 1252 1704 1282 vincuntur,
1726 1249 1792 1284 quia

1001 1308 1124 1336 pugnare
1141 1308 1175 1328 ex
1192 1305 1252 1328 arte
1268 1300 1377 1327 nolunt.
1395 1298 1449 1326 Alii
1468 1298 1547 1325 luxui
1567 1297 1693 1332 gulmque
1707 1302 1792 1330 supra

1002 1347 1112 1373 modum
1135 1346 1289 1380 indulgent,
1306 1349 1335 1373 et
1349 1353 1431 1373 omne
1451 1352 1538 1379 genus
1563 1343 1726 1371 deliciarum
1742 1348 1790 1369 ex-

1001 1392 1131 1427 cogitant,
1145 1396 1227 1426 atque
1238 1392 1307 1419 alios
1317 1398 1428 1426 quoque
1439 1390 1578 1426 appetitus
1585 1389 1660 1417 omni
1673 1387 1792 1415 artiﬁcio

1001 1438 1123 1471 irritant,
1137 1443 1165 1465 et
1180 1445 1244 1466 cum
1259 1437 1479 1472 restinguuntur,
1493 1435 1613 1471 graviter
1627 1442 1660 1461 ac
1674 1433 1793 1460 moleste

1001 1484 1103 1512 ferunt.
1122 1483 1236 1517 Quando
1253 1483 1336 1518 igitur
1357 1487 1433 1510 tanta
1455 1486 1498 1509 est
1520 1480 1693 1517 peccantium
1709 1478 1791 1506 dilic-

1002 1530 1102 1562 rentia,
1126 1537 1220 1564 parem
1237 1536 1300 1563 erga
1328 1535 1424 1555 omnes
1446 1525 1663 1561 indignationem
1683 1522 1792 1557 concipi

1002 1584 1058 1603 non
1074 1575 1154 1603 decet
1171 1584 1177 1602 :
1194 1575 1241 1602 sed
1256 1581 1304 1601 cos
1317 1573 1428 1608 quidem
1439 1571 1603 1603 abominari,
1621 1570 1668 1605 qui
1681 1577 1715 1597 ex
1726 1574 1793 1604 pro-

1002 1622 1075 1649 fesso
1096 1628 1244 1657 porcorum
1257 1621 1341 1648 vitam
1354 1622 1504 1651 sectantur,
1525 1617 1594 1644 alios
1603 1623 1669 1644 vero
1684 1619 1712 1642 et
1723 1621 1792 1642 con-

1003 1668 1130 1700 sulendo,
1152 1671 1180 1695 et
1201 1667 1349 1699 hortando,
1372 1670 1400 1693 et
1415 1672 1527 1692 manum
1543 1660 1720 1699 porrigendo,
1741 1667 1791 1688 cu-

1004 1723 1065 1742 rare
1076 1715 1232 1750 diligenter,
1244 1714 1339 1749 eisque
1351 1712 1481 1741 salutaria
1492 1711 1640 1746 pharmaca
1649 1707 1791 1736 exhibere.

1003 1761 1066 1789 Illos
1098 1769 1194 1796 porro,
1223 1761 1247 1788 si
1275 1763 1390 1795 pergant
1413 1757 1520 1793 1039
1538 1757 1685 1784 brutorum
1715 1757 1793 1780 more

1003 1808 1106 1839 vivere,
1136 1811 1165 1834 et
1189 1806 1267 1834 vivos
1292 1806 1402 1840 quidem
1426 1804 1503 1831 luctu
1527 1808 1738 1839 prosequemur,
1764 1801 1793 1826 et

1003 1852 1122 1879 mortuis
1133 1851 1228 1879 eadem
1239 1859 1300 1886 quae
1310 1849 1496 1884 Sardanapalo
1507 1849 1701 1876 inscribemus.
1714 1844 1793 1873 Illius

1004 1897 1139 1932 siquidem
1154 1897 1259 1924 tumulo
1270 1896 1433 1931 inscriptum
1446 1895 1499 1922 fuit
1517 1904 1524 1921 :

1004 1985 1066 2013 Ha’c
1081 1985 1161 2013 habeo
1176 1993 1234 2021 qum
1249 1985 1301 2018 edi,
1313 1993 1423 2020 qua’que
1438 1989 1594 2011 exsaturata
1609 1983 1687 2010 libido

1004 2057 1109 2089 Hausit,
1125 2055 1211 2083 multa
1224 2055 1329 2091 quidem
1345 2059 1369 2082 et
1381 2055 1469 2090 felicia
1484 2059 1579 2080 mutata
1597 2053 1700 2088 reliqui.

1003 2127 1072 2189 ﬁam
1087 2127 1152 2188 cixlis
1163 2134 1219 2168 cccc
1235 2134 1280 2161 ego
1289 2133 1358 2158 sum,
1376 2125 1466 2160 magni
1483 2124 1529 2160 qui
1538 2123 1606 2150 celsa
1621 2123 1740 2150 tenebam

1029 2171 1094 2189 rana
1136 2170 1182 2188 mi.

1029 2171 1094 2198 agna
1110 2170 1182 2188 lVlIH.

1004 2230 1056 2258 Sed
1069 2229 1142 2257 enim
1158 2229 1212 2256 hoc
1221 2229 1304 2255 etiam
1320 2227 1430 2255 mentiti
1442 2232 1507 2255 sunt
1522 2227 1569 2261 qui
1585 2227 1624 2254 sic
1641 2227 1792 2260 inscripse-

1002 2281 1076 2304 runt.
1095 2276 1190 2310 Ncque
1206 2274 1279 2302 cnim
1301 2274 1419 2308 amplius
1433 2274 1526 2306 habet,
1546 2273 1594 2308 qui
1610 2273 1666 2300 vita
1682 2272 1793 2299 functus

1001 2327 1052 2356 est,
1070 2330 1102 2350 ea
1113 2329 1174 2356 quoa
1185 2321 1305 2349 comedit
1317 2329 1348 2348 ac
1364 2320 1445 2351 bibit,
1457 2320 1504 2347 sed
1519 2320 1545 2346 in
1558 2324 1664 2354 putrem
1677 2319 1722 2345 illa
1733 2326 1794 2346 cor-

1002 2367 1159 2403 ruptionem
1175 2366 1325 2393 abierunt:
1342 2365 1426 2393 habet
1443 2369 1534 2392 autem
1554 2365 1642 2392 solum
1660 2363 1793 2398 improbae

1001 2415 1066 2442 vitae
1080 2422 1135 2441 suae
1152 2413 1278 2446 fetorem,
1299 2412 1346 2447 qui
1364 2413 1483 2438 animam
1506 2412 1641 2439 scelerum
1659 2410 1711 2437 sibi
1726 2417 1792 2437 con-

1003 2459 1103 2491 sciam,
1127 2463 1155 2486 et
1174 2466 1234 2492 quae
1257 2457 1361 2484 nefarie
1383 2457 1439 2491 egit
1461 2457 1593 2483 memoria
1614 2456 1791 2487 retinentem,

1003 2505 1135 2534 continuo
1153 2504 1228 2539 angit
1239 2507 1266 2531 ct
1278 2503 1437 2530 discruciat.

1039 2551 1093 2579 llas
1114 2559 1165 2586 ego
1185 2550 1281 2582 vobis,
1303 2557 1319 2576 ο
1341 2549 1403 2581 viri,
1426 2549 1571 2576 duodecim
1593 2547 1793 2583 disputationes

1004 2596 1167 2632 conscripsi,
1182 2599 1210 2623 et
1224 2594 1333 2623 ostendi
1351 2602 1475 2630 quaenam
1495 2594 1528 2621 de
1545 2595 1610 2627 Deo,
1628 2593 1717 2627 deque
1733 2599 1792 2619 ma-

809 2683 926 2712 VARUE
953 2682 1160 2711 LECTIONES.

199 2749 222 2765 "
236 2756 345 2786 cauom.
355 2748 387 2780 C,
398 2749 534 2786 mmo
557 2749 579 2786 ίβ
588 2749 699 2776 πέλεκα.
709 2750 826 2786 πέλεκυν
840 2749 870 2781 C.
881 2749 913 2782 V,
924 2750 956 2777 D.
970 2749 1031 2777 Mox
1041 2749 1087 2786 τον
1096 2749 1204 2786 σίδηρον
1216 2750 1248 2777 D.
1262 2750 1284 2766 ¹³
1301 2750 1331 2786 οὐ
1347 2750 1529 2786 σμικράνιγὼς
1541 2749 1641 2786 μικρὰν
1652 2749 1684 2777 C.
1713 2750 1791 2785 ’στῆς

163 2784 339 2819 ἡδυπαθείας,
352 2786 401 2819 τῆς
417 2792 473 2811 om.
487 2785 517 2812 C.

164 2819 304 2855 λαὺσουσιν
319 2818 350 2845 ν.
385 2819 491 2855 3°33»;
508 2820 608 2855 συώδη.
629 2818 676 2846 τὸν
688 2818 743 2847 om.
761 2820 792 2848 C.

165 2868 196 2875 υ-
207 2853 370 2889 ὲπίγραμμα
385 2854 418 2886 Ι),
435 2854 468 2886 V,
485 2855 531 2890 qui
549 2853 611 2882 mox
627 2855 827 2891 ἐπεγέγραπτο.

565 2785 586 2821 ξτ
605 2785 821 2821 περιπείρονται.
837 2785 1034 2821 περιπήρονται
1051 2784 1082 2812 C.

1141 2785 1163 2800 ’⁸
1179 2785 1209 2811 τὸ
1220 2786 1267 2819 τῇ.
1285 2784 1324 2819 τῷ
1337 2786 1368 2819 τῇ
1385 2784 1422 2812 ϐξ
1473 2785 1495 2801 ¹⁹
1511 2784 1703 2812 ἀπολαύουσιν.
1721 2784 1774 2812 ἀπὸ

848 2811 992 2871 “prayer:
1006 2811 1259 2871 xaiiHHicndesin-i't
1272 2811 1316 2863 (ξ’
1356 2811 1382 2835 ’δ’
1392 2811 1432 2846 τὰ
1445 2836 1481 2862 τ-
1496 2811 1735 2856 ἐπιγεγραμμένα.

924 2855 1034 2883 ἐπαθον.
1046 2855 1127 2891 ἐδάην
1141 2855 1174 2887 Ι),
1192 2856 1239 2891 qui
1257 2857 1333 2882 κεῖνα
1346 2863 1396 2891 pro
1415 2855 1513 2883 πάντα.
