1965 3051
167 133 233 169 1151

659 134 901 165 THEODORETI
920 133 1090 166 EPISCOPI
1110 134 1291 165 CYRENSIS

1728 129 1800 164 1152

165 193 247 223 toria,
261 196 290 219 et
306 191 400 219 mundi
418 191 529 224 fabrica,
547 191 623 219 etde
640 191 740 219 virtute
758 199 790 218 ac
807 191 873 218 vitio
890 199 950 219 sen-

1005 190 1072 216 Θεοῦ
1090 190 1137 216 καὶ
1150 189 1215 225 ὖλης
1226 189 1274 216 καὶ
1286 188 1399 220 κτίσεως
1412 188 1459 215 καὶ
1473 187 1564 223 μέντοι
1576 185 1623 213 καὶ
1634 186 1734 222 ἀρετῆς
1747 187 1798 214 καὶ

165 238 345 266 seriutGraeci
359 236 524 272 philosophi,
538 240 566 263 et
580 243 703 270 quaenam
716 235 813 263 iisdem
823 236 856 263 de
870 236 954 264 rebus

164 291 248 310 sacra:
261 291 309 309 nos
326 282 437 309 Littera
454 281 615 313 docuerint;
634 286 663 308 et
677 289 731 316 quo
745 285 825 316 pacto
842 282 952 309 illorum

165 329 276 363 quidem
293 329 347 362 jam
361 327 497 354 instincta
511 327 567 354 sint
581 327 683 358 omnia,
703 331 732 354 et
745 327 891 354 oblivionis
905 335 952 355 ca-

164 374 247 408 ligine
259 374 390 406 involuta,
403 378 496 400 nostra
511 381 577 400 vero
592 373 649 400 haec
661 373 776 399 ﬂoreant
786 380 818 400 ac
830 373 950 409 vigeant,

165 419 371 453 innumerisquc
396 427 444 453 per
465 419 587 453 singulas
603 419 730 445 civitates
752 422 779 444 et
797 419 952 452 provincias

163 464 337 492 auditoribus
356 464 576 498 frequententur,
595 471 626 490 ac
644 463 791 498 magistris,
810 463 949 490 Platonica

163 510 273 544 quidem
291 510 449 537 carentibus
459 509 627 543 eloquentia,
638 508 685 536 sed
698 509 820 536 veritatis
836 508 951 536 medici—

164 563 225 583 nam
247 555 432 590 praebentibus
457 564 463 581 ε
485 559 512 582 et
537 555 668 581 falsorum
698 555 810 590 quidem
835 555 951 582 deorum

163 600 307 635 depulsum
317 607 451 631 errorem,
460 599 615 627 Servatoris
625 604 717 627 autem
728 600 814 627 nostri
824 600 951 635 dogmata

164 647 345 681 promulgata.
362 646 419 673 Hoc
434 646 507 672 enim
523 650 551 672 et
574 645 681 681 1040
700 645 867 681 Porphyrius
880 646 949 681 ipse,

164 691 191 718 in
211 692 244 718 iis
257 700 317 726 quae
330 695 425 718 contra
440 699 490 719 nos
510 692 630 726 scripsit,
646 696 761 718 testatus
774 695 825 719 est.
847 701 855 716 ι
873 691 951 719 Nunc

164 742 265 769 autem,
284 737 382 771 inquit,
399 737 533 764 mirantur
550 745 599 771 per
618 741 658 763 tot
672 737 729 771 jam
749 745 836 764 annos
855 736 951 764 civita-

164 787 218 810 tem
242 783 337 809 morbo
358 787 511 817 correptam
536 783 634 815 teneri,
658 791 719 810 cum
742 791 830 818 neque
852 782 950 810 discu-

163 828 239 862 lapii,
258 836 346 862 neque
361 829 476 855 aliorum
497 829 579 855 deum
595 829 630 856 sit
647 829 765 863 amplius
783 829 810 855 in
830 836 890 856 eam
903 836 950 856 ac-

1004 235 1104 267 κακίας
1116 237 1172 267 τοῖς
1188 235 1242 261 τῶν
1259 234 1394 263 Ἑλλήνων
1407 232 1480 266 ἔδοξε
1491 232 1657 267 φιλοσόφοις,
1674 233 1721 259 καὶ
1733 233 1798 260 τίνα

1004 282 1077 316 ἡμᾶς
1087 281 1112 307 οἱ
1127 281 1194 307 θεῖοι
1208 280 1401 313 ἑξεπαίδευσαν
1412 278 1435 295 ’³
1449 278 1523 312 λόγοι
1535 286 1541 293 '
1554 278 1600 304 καὶ
1616 278 1653 310 ὼς
1669 278 1798 305 ἔσϐεσται

1006 328 1057 361 μὲν
1082 327 1117 353 τὰ
1141 327 1253 353 ἐκείνων
1272 326 1382 353 ἅπαντα
1403 326 1451 352 καὶ
1468 325 1649 358 παραδέδοται
1666 324 1705 359 τῷ
1719 325 1796 361 ζόφῳ

1002 373 1051 407 τῆς
1069 372 1167 407 λήθης.
1189 372 1265 398 ἀνθεῖ
1280 372 1308 398 δὲ
1326 371 1411 398 ταῦτα
1431 372 1478 397 καὶ
1499 371 1605 404 τέῦη).ε,
1628 372 1674 397 καὶ
1696 371 1798 400 πολλὰς

1002 416 1058 451 ἔχει
1082 416 1142 443 καθ’
1155 417 1274 451 ἑκάστην
1299 417 1347 442 καὶ
1372 415 1449 442 πόλιν
1466 416 1513 441 καὶ
1534 415 1627 451 χώραν
1651 416 1796 451 ἀκροατῶν

1004 463 1139 498 μυριάδας
1153 462 1201 489 καὶ
1221 463 1406 495 διδασκάλους,
1422 462 1470 497 τὴν
1487 461 1536 497 μὲν
1553 462 1730 497 Πλατωνικὴν
1747 462 1796 488 εὑ-

1002 508 1082 534 επίαν
1101 508 1151 534 οὐκ
1175 507 1296 543 ἔχοντας,
1322 507 1372 542 τὴν
1396 507 1425 534 δὲ
1443 508 1492 542 τῆς
1515 507 1645 541 ἀληθείας
1671 507 1796 542 ἰατρείαν

1002 554 1220 589 προσφέροντας·
1245 554 1290 580 καὶ
1312 553 1368 579 τῶν
1392 553 1442 588 μὲν
1454 552 1640 587 ψευδωνύμων
1657 553 1725 580 Θεῶν
1747 553 1796 579 τὸν

1002 599 1102 627 πλάνον
1123 599 1290 634 ἐληλαμένον
1301 599 1336 631 ’⁸,
1361 598 1408 625 τοῦ
1424 598 1451 624 δὲ
1467 598 1602 634 ἡμετέρου
1618 598 1743 633 Σωτῆρος
1759 598 1801 631 -r_&_

1001 645 1339 683 δόγματα-νκῃρυςτόμκενα
1353 651 1360 658 ·
1374 644 1453 670 τοῦτο
1467 644 1523 679 γὰρ
1541 644 1573 679 δὴ
1591 644 1637 670 καὶ¹
1651 643 1797 678 LM—

1002 692 1097 734 Pitfiév
1109 688 1149 723 οἷς
1164 691 1223 718 καθ’
1238 691 1316 726 ἡμῶν
1333 690 1500 725 ξυνέγραψεν
1513 691 1621 725 εἴρηκε.
1648 698 1657 715 (
1673 690 1742 716 Νυνὶ
1753 689 1793 724 δὲ,

994 732 1078 772 ίῴτῖσὶ,
1095 737 1282 772 θαυμάζουσιν
1298 737 1323 763 εί
1343 736 1478 764 τοσούτων
1493 736 1564 763 ἑτῶν
1588 736 1735 771 κατείληφε
1750 737 1796 763 νό-

1002 792 1048 814 σος
1062 783 1111 818 τὴν
1131 783 1218 816 πόλιν,
1248 782 1411 818 ’Δσκληπιοῦ
1430 783 1479 818 μὲν
1502 783 1651 818 ἐπιδημίας
1674 783 1721 809 καὶ
1739 782 1795 809 τῶν

1002 828 1089 856 ἄλλων
1106 828 1174 855 Θεῶν
1198 829 1248 855 οὐκ
1268 829 1308 855 ἔτι
1325 828 1417 865 οὔσης.
1440 829 1528 865 Ἰησοῦ
1549 828 1604 864 γὰρ
1624 828 1794 864 τιμωμένου,

164 882 268 901 cessus.
284 875 323 901 Ex
340 882 394 908 quo
415 875 488 901 enim
504 874 583 901 Jesus
595 875 647 902 coli
669 878 776 909 emptus
786 878 838 907 est,
858 875 950 902 nullus

1003 874 1063 900 οὐδὲ
1088 875 1151 909 μιᾶς
1179 874 1310 910 δημοσίας
1334 884 1375 907 τις
1400 875 1468 902 θεῶν
1492 875 1626 909 ὠφελείας
1652 875 1759 910 ᾔσθετο.
1780 885 1789 900 ι

164 919 300 954 publicam
317 920 430 946 deorum
449 919 594 946 utilitatem
611 919 757 954 persensit.
774 928 783 944 ι
802 919 864 946 lltec
881 919 949 947 Por-

164 965 278 1000 phyrius
297 965 419 991 omnium
438 965 517 992 nobis
539 964 740 993 infensissimus
759 965 846 998 dixit,
867 973 948 1000 aper-

165 1015 246 1045 teque
269 1010 411 1037 confessus
433 1014 475 1037 est
492 1010 595 1043 Jesum,
615 1018 648 1037 ex
667 1018 722 1045 quo
743 1011 772 1037 in
793 1018 856 1038 eum
873 1010 949 1038 credi

163 1061 284 1091 emptum
293 1061 344 1087 est,
355 1056 421 1084 deos
429 1060 562 1091 potestate
572 1064 664 1084 cassos
678 1057 841 1084 reddidisse.
853 1057 949 1092 Itaque

164 1106 225 1136 post
236 1110 347 1129 crucem
363 1106 391 1128 et
406 1102 554 1129 salutarem
571 1102 735 1137 passionem,
753 1109 809 1129 non
831 1103 949 1137 amplius

165 1147 281 1182 imponit
296 1147 455 1174 hominibus
467 1147 649 1182 IEscuiapius,
662 1155 713 1175 nec
724 1147 795 1174 alius
806 1147 949 1182 quisquam

165 1201 259 1220 eorum
276 1193 322 1227 qui
342 1193 379 1220 dii
398 1197 602 1227 nuncupantur.
618 1192 733 1220 Omnem
750 1193 824 1220 enim
839 1193 950 1220 illorum

164 1242 276 1271 emtum,
285 1246 339 1265 non
352 1246 431 1265 secus
444 1246 476 1264 ac
486 1243 600 1265 noctuas
610 1238 742 1272 quasdam
756 1238 802 1264 lux
811 1239 949 1271 exoriens,

166 1284 194 1311 in
210 1284 337 1311 tenebras
354 1284 496 1318 compulit.
510 1283 682 1318 Hujus‘lucis
697 1287 724 1310 et
738 1291 786 1310 vos
802 1283 950 1318 participes

167 1329 226 1357 ﬁeri
253 1326 359 1364 precor.
391 1330 495 1356 Idcirco
520 1329 593 1356 enim
616 1333 644 1356 et
663 1329 802 1356 scribendi
830 1330 950 1357 laborem

1003 919 1096 946 Ταῦτα
1113 921 1126 946 ό
1147 920 1255 947 πάντων
1279 922 1344 956 ἡμῖν
1369 921 1492 956 ἔχθιστος
1509 921 1663 957 Πορφύριος
1686 921 1794 955 εἴρηκε,

1003 966 1050 992 καὶ
1067 967 1217 1000 ἀναφανδὸν
1236 967 1424 1003 ὡμολόγησεν,
1454 968 1492 999 ὡς
1517 968 1711 1003 πιστευόμενος
1741 966 1795 1003 ’1η-

1004 1011 1067 1043 σοῠς
1090 1012 1221 1046 φρούδους
1244 1013 1369 1048 ἀπέφηνε
1393 1014 1456 1046 τοὺς
1478 1013 1567 1045 θεοὺς,
1593 1013 1640 1040 καὶ
1665 1013 1733 1048 μετὰ
1747 1013 1794 1040 τὸν

1004 1057 1122 1094 σταυρδν
1146 1059 1192 1085 καὶ
1208 1058 1237 1085 τὸ
1252 1060 1383 1095 σωτήριον
1396 1060 1481 1092 πάθος
1495 1060 1545 1087 οὐκ
1561 1060 1602 1086 ἔτι
1622 1059 1762 1094 φενακίζει
1770 1060 1794 1075 ⁸⁸

1004 1103 1067 1134 τοὺς
1084 1103 1245 1139 ἀνθρώπους
1265 1106 1278 1131 ό
1301 1105 1480 1141 Ἀσκληπιὸς,
1501 1106 1561 1133 οὐδὲ
1581 1105 1660 1137 ἄλλος
1683 1115 1725 1138 τις
1739 1105 1795 1132 τῶν

1004 1149 1179 1184 καλουμένων
1204 1149 1282 1178 θεῶν.
1309 1150 1433 1178 "Artenam
1457 1152 1512 1187 γὰρ
1538 1152 1627 1178 αὐτῶν
1651 1151 1725 1187 [180]
1748 1151 1795 1177 τὸν

1004 1194 1134 1230 ὁρμαθὸν,
1149 1193 1203 1222 οἶόν
1220 1204 1295 1227 τινας
1309 1197 1478 1232 νυκτερίδας,
1495 1197 1533 1232 τῷ
1546 1198 1634 1232 σκότῳ
1647 1197 1792 1232 παρέπεμ-

1004 1241 1054 1274 ψεν
1071 1241 1215 1268 ἀνατεῖλαι)
1229 1241 1260 1268 τὸ
1273 1242 1341 1276 φῶς.
1354 1242 1462 1277 Ταύτης
1473 1243 1519 1269 καὶ
1536 1244 1608 1277 ὑμᾶς
1621 1243 1670 1278 τῆς
1683 1243 1793 1273 ἀκτῖνος

1007 1286 1169 1322 μεταλαχετν
1197 1287 1275 1320 ἀξιῶ.
1298 1287 1381 1314 Τοῦδε
1396 1287 1450 1323 γὰρ
1473 1288 1553 1324 χάριν
1573 1284 1622 1315 καὶ
1642 1287 1688 1314 τὸν
1713 1287 1793 1318 πόνον

1005 1331 1183 1367 ἀνεδεξάμην,
1202 1332 1248 1359 καὶ
1260 1330 1315 1359 οἷόν
1329 1341 1406 1365 τινας
1422 1333 1535 1368 βοτάνας
1550 1333 1718 1368 πανταχόθεν
1734 1332 1794 1359 συλ-

167 1374 241 1402 hunc
255 1375 373 1409 suscepi,
389 1379 417 1402 et
431 1378 559 1410 tanquam
574 1374 668 1401 herbis
684 1374 849 1408 quibusdam
864 1375 951 1402 unde-

166 1428 274 1455 cunque
285 1421 418 1454 collectis,
431 1420 549 1450 salutare
563 1420 640 1448 vobis
651 1419 828 1454 pharmacum
845 1420 950 1455 paravi.

1005 1376 1095 1410 λέξας,
1107 1377 1137 1404 τὸ
1146 1377 1305 1411 ἀλεξίκακον
1320 1379 1383 1415 ὑμῖν
1399 1379 1587 1406 κατεσκεύασα
1598 1379 1753 1415 φάρμακον.

820 1498 937 1526 VARLE
956 1498 1158 1527 LECTIONES.

197 1556 220 1572 ³³
234 1555 425 1594 ἐξεπαίδεσανυ
440 1564 499 1594 om:
516 1557 556 1594 D._
568 1564 630 1584 cum
643 1557 748 1584 lacuna.
785 1591 791 1594 _
804 1557 827 1573 "
845 1556 1021 1592 ἐληλαμένον.
1043 1557 1227 1593 ἐληλασμένον
1242 1556 1274 1584 D.
1291 1557 1338 1592 qui
1356 1565 1420 1585 mox
1439 1557 1560 1593 σωτῆρος
1580 1558 1628 1585 τοῦ
1647 1557 1792 1594 ἡμετέρου.

168 1590 191 1607 ¹⁶
206 1591 368 1625 φαινικίςει.
386 1591 525 1626 φενακίζει
542 1592 573 1623 ι),
591 1595 619 1619 et
632 1599 694 1618 mox
707 1599 764 1619 om.
781 1591 804 1618 ὁ.

170 1687 232 1694 -——

1601 1686 1777 1695 -Α

669 1761 772 1803 1.οῌ
791 1762 1002 1794 ADMONITIO
1017 1762 1065 1792 AD
1081 1761 1293 1793 LECTOREM.

204 1947 244 1976 Ex
261 1946 417 1982 Appendice
435 1949 509 1973 tomo
522 1949 620 1980 quarto
634 1945 763 1973 editionis
776 1944 914 1973 Sirmondi
928 1945 1050 1981 subjecta
1064 1951 1121 1972 non
1136 1943 1190 1971 nisi
1205 1943 1283 1971 Liber
1311 1947 1404 1971 contra
1429 1943 1589 1978 Nestorium,
1605 1952 1654 1973 seu
1671 1945 1792 1981 Ερίειοίιι

171 1995 206 2021 ad
219 1993 385 2029 Sporacium,
399 1996 427 2020 et
437 1992 575 2020 Librorum
590 2000 661 2019 xxv"
675 1991 797 2018 adversus
811 1991 986 2027 Eutychianos
1002 1993 1158 2026 argumenta
1173 1988 1206 2016 ad
1224 1988 1298 2016 hunc
1311 1989 1442 2017 editionis
1456 1998 1534 2018 novae
1550 1994 1653 2019 tomum
1665 1998 1792 2027 quartum

171 2043 315 2070 accedunt.
334 2041 424 2069 Oratio
438 2041 469 2068 de
488 2041 577 2068 divina
592 2043 617 2067 et
629 2044 722 2067 sancta
735 2040 862 2066 charitate
878 2040 969 2067 locum
987 2039 1016 2066 in
1036 2037 1158 2066 editione
1172 2041 1266 2065 nostra
1282 2041 1361 2065 nacta
1379 2042 1421 2066 est
1438 2043 1512 2066 tomo
1527 2039 1572 2071 lll,
1592 2047 1620 2074 p.
1641 2040 1720 2073 1296,
1734 2046 1795 2075 post

172 2089 319 2116 Historiam
336 2089 501 2123 religiosam.
519 2087 643 2123 Episton
659 2087 687 2114 in
701 2087 858 2122 Appendice
881 2086 1079 2114 Sirmondianae
1101 2085 1231 2112 editionis
1252 2085 1340 2113 obviae
1356 2093 1406 2114 suo
1424 2086 1485 2115 loco
1501 2087 1658 2116 inserentur
1673 2089 1795 2124 epistolis

174 2135 295 2169 reliquis.
313 2134 485 2169 Reprehensio
498 2133 616 2168 denique
634 2133 920 2161 Auatltematismorum
935 2133 1029 2169 Cyrilli
1044 2133 1163 2169 primum
1184 2131 1289 2159 tenebit
1304 2132 1394 2160 locum
1414 2133 1443 2162 in
1457 2138 1530 2163 tomo
1547 2135 1644 2171 quinto
1656 2139 1684 2163 et
1698 2136 1795 2164 ultimo

172 2182 255 2219 hujus
270 2183 410 2217 editionis,
424 2191 460 2211 ne
473 2182 559 2211 moles
571 2183 654 2219 hujus
669 2182 735 2210 tomi
749 2182 864 2210 nimium
878 2187 1020 2219 augeatur.

1892 134 1911 150 ϐ

1865 579 1925 613 Ἀ)

1812 615 1899 653 RV’
