1965 3051
146 138 215 175 1153

146 248 484 258 _._———___.__._—

666 137 849 168 LIBELLUS
867 135 1015 167 CONTRA
1034 134 1269 166 NESTORIUM.

1700 133 1770 168 1154

638 322 1219 393 ΘΕΟΔΩΡΗΤΟΥ
1248 315 1290 356 (³)

797 450 998 478 ΕΠΙΣΚΟΠΟΥ
1013 449 1129 475 ΚΥΡΟΥ

560 545 798 605 ΚΑΤΑ
861 541 1372 600 ΝΕΣΤΟΡΙΟΥ

693 667 838 713 ΠΡΟΣ
889 666 1226 710 ΣΠΟΡΑΚΙΟΝ.

639 844 1264 922 THEODORETI

818 980 986 1010 EPISCOPI
1015 981 1103 1010 CYRI

572 1072 863 1131 CONTRA
917 1072 1358 1145 NESTORIUM,

717 1192 793 1236 AD

841 1190 1201 1236 SPORACIUM.

191 1355 300 1391 Ἐπειδὴ
317 1354 346 1382 δὲ
367 1354 413 1381 τοῦ
439 1353 544 1388 κόσμου
565 1352 602 1388 (2)
620 1352 719 1384 παντὸς
744 1353 814 1379 κατὰ
843 1354 939 1389 μικρὸν
954 1359 968 1386 Α

1026 1354 1173 1388 Postquam
1198 1353 1300 1380 mundo
1316 1353 1446 1388 paulatim
1467 1353 1588 1384 labente,
1609 1357 1637 1380 et
1652 1353 1685 1380 ad
1705 1354 1786 1389 hujus

149 1402 339 1438 ὑπορρέοντος,
349 1401 396 1428 καὶ
411 1400 479 1436 πρὸς
499 1400 548 1434 τὴν
562 1399 639 1426 τοῦδε
650 1399 696 1425 τοῦ
715 1399 815 1430 παντὸς
830 1400 939 1433 ἐπειγο-

151 1449 231 1485 μένου
249 1448 325 1474 λύσιν
338 1466 346 1478 ,
371 1448 425 1478 πᾶς
449 1455 492 1477 τις
509 1446 605 1472 ἑαυτὸν
633 1445 780 1480 ἀξιόχρεων
805 1443 874 1471 εἶναι
893 1446 941 1480 τῆς

150 1494 293 1525 εὐσεϐείας
308 1492 466 1519 διδάσκαλον
482 1491 560 1527 ᾤετο,
570 1490 614 1517 διὰ
624 1491 668 1517 τὸν
679 1490 708 1523 ἐξ
728 1491 845 1525 ἀμαθίας
858 1491 941 1525 τῦφον

150 1540 258 1571 οὐδενὸς
274 1538 422 1574 μανθάνειν
437 1537 601 1572 ἀνεχομένου
612 1557 619 1569 ,
637 1536 729 1562 οὐκέτι
750 1536 842 1562 λοιπὸν
863 1538 876 1563 ὁ
895 1537 940 1563 ἁν-

150 1585 338 1621 θρωποκτόιιος
355 1583 470 1619 δαίμων,
485 1584 499 1609 ὁ
523 1583 570 1610 τοῦ
591 1583 705 1617 ψεύδους
728 1583 819 1618 πατὴρ
834 1603 840 1613 ,
856 1584 870 1609 ὁ
885 1583 939 1609 τῶν

150 1631 277 1664 ζιζανίων
295 1631 423 1666 σπορεὺς,
441 1630 497 1660 τοῖς
517 1629 617 1661 ἔξωθεν
631 1628 677 1654 καὶ
697 1630 823 1663 φανεροῖς
838 1629 876 1660 (ὅ)
892 1637 940 1655 πο-

148 1676 252 1712 λεμίοις
270 1676 339 1702 κατὰ
355 1675 405 1710 τῆς
428 1674 591 1710 Ἐκκλησίας
609 1672 743 1705 ὡπλίζετο
755 1682 761 1689 ·
777 1674 835 1700 ἀλλ’
853 1673 941 1709 εὑρὼν

149 1722 275 1758 ὖργανον,
293 1723 383 1749 πᾶσαν
399 1721 436 1752 ὡς
448 1721 534 1747 εἰπεῖν
555 1720 659 1755 ἁθρόως
677 1719 758 1746 αὐτοῦ
780 1720 829 1756 τὴν
844 1720 942 1755 τέχνην

150 1768 360 1803 ὑποδεχόμενον,
376 1768 406 1793 ἐν
420 1766 459 1802 τῷ
473 1766 522 1801 τῆς
535 1765 689 1802 ὁρθοδοξίας
705 1768 878 1802 προσχήματι
892 1767 941 1800 τὴν

149 1814 263 1850 ἄρνησιν
272 1815 322 1849 τῆς
332 1813 456 1849 θεότητος
470 1814 537 1848 ὁμοῦ
549 1813 596 1839 καὶ
610 1812 815 1847 φιλανθρωπίας
828 1812 875 1838 τοῦ
885 1813 941 1839 Μο-

149 1860 276 1895 νογενοῦς
289 1861 462 1895 παρεισάγει,
483 1859 514 1885 ἰδ
535 1858 637 1885 ἁπλοῦν
660 1859 707 1884 καὶ
731 1858 942 1893 ἀτεχνολόγητον

150 1906 200 1941 τῆς
216 1906 334 1936 πίστεως
356 1904 435 1939 ἡμῶν
464 1903 631 1938 Ἑλληνικοῖς
656 1904 847 1938 συνταράττων
867 1903 943 1936 σοφί-

153 1960 245 1987 σμασι.
259 1950 405 1984 Νεστόριόν
421 1959 472 1976 που
484 1951 592 1981 πάντως
607 1949 719 1975 ἀκούετε
731 1957 737 1965 ⁸
750 1949 797 1975 καὶ
812 1949 867 1983 γὰρ
882 1948 942 1974 επί-

152 2005 238 2032 σημος
256 1997 269 2022 ὁ
285 1996 364 2030 ἀνήρ.
380 1992 462 2026 οὗτος
482 1996 513 2021 ὲκ
532 1995 581 2030 τῆς
609 1994 799 2029 Γερμανικέων
814 1993 942 2028 πολίχνης

975 1400 1114 1427 ‘universi
1140 1399 1348 1426 dissolutionem
1371 1399 1528 1431 festinante,
1549 1399 1737 1433 unusquisque
1756 1407 1787 1426 se

993 1445 1121 1474 idoneum
1131 1445 1241 1480 pietatis
1253 1445 1412 1480 magistrum
1423 1445 1526 1480 1042
1535 1445 1710 1475 existimavit,
1724 1452 1786 1471 cum

993 1496 1106 1526 propter
1118 1491 1278 1526 ignorantiae
1293 1491 1393 1517 fastum
1407 1499 1488 1517 nemo
1505 1490 1611 1518 discere
1626 1491 1786 1523 sustineret,

993 1537 1130 1564 homicida
1144 1538 1261 1569 daemon,
1275 1537 1410 1564 mendacii
1424 1542 1511 1571 pater,
1523 1537 1689 1564 zizaniorum
1703 1536 1787 1563 semi-

993 1588 1083 1615 nator,
1094 1591 1149 1610 non
1160 1583 1277 1618 amplius
1289 1591 1336 1618 per
1345 1588 1473 1610 externos
1484 1587 1512 1610 et
1524 1582 1683 1609 manifestos
1695 1582 1788 1609 hostes

993 1631 1125 1657 adversus
1139 1630 1288 1658 Ecclesiam
1302 1638 1378 1657 arma
1393 1630 1477 1656 movit
1490 1639 1496 1656 :
1510 1630 1557 1656 sed
1574 1631 1787 1657 instrumentum

992 1676 1182 1711 nactus,qnod
1190 1681 1349 1708 omnem,ut
1362 1676 1398 1702 ita
1411 1676 1610 1707 dicam.suhito
1624 1677 1682 1711 ejus
1699 1681 1785 1703 artem

993 1723 1154 1757 susciperet,
1178 1723 1229 1750 sub
1254 1727 1334 1749 rectae
1354 1722 1492 1756 opinionis
1516 1722 1616 1756 specie,
1636 1721 1788 1749 divinitatis

993 1769 1075 1797 simul
1088 1773 1115 1796 et
1128 1769 1308 1795 humanitatis
1323 1768 1461 1803 Unigenlti
1477 1769 1652 1803 negationem
1671 1769 1787 1801 inducit,

994 1814 1146 1849 simplicem
1160 1819 1187 1840 et
1198 1814 1314 1841 artiﬁcio
1328 1818 1466 1841 carentem
1485 1814 1565 1840 (idem
1581 1818 1702 1840 nostram
1717 1814 1789 1840 Crte-

994 1860 1097 1887 canicis
1120 1859 1289 1886 conturbatis
1313 1859 1438 1893 argutiis.
1464 1859 1501 1886 De
1525 1859 1651 1886 Nestorio
1676 1867 1789 1893 prorsus

994 1904 1146 1931 audivistis.
1169 1904 1217 1932 Vir
1237 1903 1310 1930 enim
1333 1908 1374 1930 est
1388 1903 1510 1931 illustris.
1530 1903 1579 1930 llic
1597 1911 1629 1930 cx
1647 1903 1790 1930 Germani-

993 1950 1119 1977 ccnsium
1133 1954 1211 1976 ortus
1225 1949 1366 1984 oppidulo,
1383 1950 1475 1976 nescio
1491 1950 1644 1984 cujusmodi
1661 1949 1694 1976 ah
1711 1950 1789 1977 initio

994 1994 1093 2022 studiis
1112 1994 1255 2025 educatus,
1275 1994 1354 2020 aliain
1372 2001 1405 2020 ex
1426 1993 1477 2020 alia
1501 1994 1640 2028 regionem
1661 2003 1786 2021 commu-

151 2042 321 2079 ὁρμώμενος,
335 2042 385 2068 οὐκ
397 2038 454 2067 οῖδα
467 2040 596 2070 ποδαποῖς
610 2040 640 2066 τὺ
652 2039 681 2071 ἐξ
695 2040 781 2074 ἀρχῆς
793 2039 942 2074 ὲντεθραμ-
959 2035 968 2062 1

996 2045 1065 2071 tans,
1078 2043 1107 2066 ut
1119 2040 1255 2075 ﬂagellum
1265 2039 1401 2074 quoddam
1412 2038 1613 2074 Egyptiacum,
1623 2040 1649 2066 in
1661 2048 1786 2074 magnam

154 2086 233 2123 μένος
250 2085 473 2120 ἐπιτηδεύμασιν,
494 2084 577 2119 ἄλλην
596 2085 625 2117 ἐξ
646 2084 728 2119 ἄλλης
748 2083 869 2119 ἀμείϐων
886 2083 942 2119 χώ-

154 2140 214 2168 ραν,
231 2132 357 2166 καθάπερ
371 2130 544 2166 Αἰγυπτιακὴ
564 2130 681 2166 μάστιξ,
704 2131 737 2166 τῇ
766 2130 870 2166 μεγάλῃ
889 2129 942 2157 τῶν

158 2177 319 2212 ’Δντιοχὲων
335 2176 469 2211 ἐνέσκηψε
480 2176 567 2203 πόλει.
594 2177 637 2203 Ἐν
657 2176 743 2211 ταύτῃ
762 2176 848 2210 λόγων
865 2177 941 2202 ἐλευ-

152 2223 250 2259 θερίων
264 2223 380 2258 μετρίως
395 2222 580 2258 μετεσχηκὼς,
599 2223 690 2258 φωνήν
704 2231 733 2249 τε
744 2223 784 2249 ὅτι
797 2222 942 2258 καλλίστην

152 2269 200 2296 καὶ
214 2269 345 2304 μεγίστην
356 2269 532 2304 ἀσκήσας,τῇ
551 2269 698 2303 Ἐκκλησία
713 2268 760 2295 τοῦ
774 2268 841 2294 Θεοῦ
855 2276 941 2303 προσ-

153 2314 200 2340 ιὼν
220 2314 257 2349 (4)
283 2314 443 2349 είσεφθάρη,
459 2315 505 2340 καὶ
520 2315 558 2349 τῷ
573 2314 715 2349 καταλόγῳ
726 2314 780 2340 τῶν
794 2314 943 2348 πρεσϐυτέ-

153 2368 207 2395 ρων
223 2360 379 2394 ἐναρίθμιος
398 2360 528 2393 γεγονὼς,
545 2360 629 2386 τόντε
647 2360 692 2387 τοῦ
710 2359 778 2386 Θεοῦ
793 2360 855 2386 λαὸν
867 2359 941 2386 διδά-

153 2414 228 2432 σκειν
243 2406 280 2441 (5)
291 2406 517 2441 πεπιστευμένος,
533 2405 632 2437 ἔδειξεν
648 2406 728 2438 εὐθὺς
740 2407 769 2432 ὲν
777 2406 940 2441 προοιμίοις,

151 2449 206 2482 οἷος
223 2451 406 2486 παρὸ(’”πάντα
435 2452 480 2479 τὸν
509 2451 564 2487 βίον
584 2452 738 2487 γενήσεται.
765 2452 802 2478 Οὐ
824 2452 878 2487 γὰρ
896 2451 941 2478 τὸν

152 2497 249 2532 εὖγενῆ
274 2497 322 2524 καὶ
344 2498 473 2533 γόνιμον,
502 2497 547 2525 καὶ
571 2497 728 2533 γεωργῆσαι
740 2497 828 2532 ψυχὰς
841 2496 942 2532 ἀνθρώ-

153 2551 210 2569 πων
237 2543 405 2578 δυνάμενον,
423 2542 544 2577 ἐζήλωσε
573 2544 735 2578 χαρακτῆρα
763 2543 818 2570 τῶν
839 2543 940 2577 λόγων⁴

152 2587 219 2614 ἀλλὰ
240 2589 309 2623 πρὸς
331 2588 361 2615 τὺ
388 2588 558 2624 Βημοτερπὲς
584 2588 751 2622 ἀποκλίνας,
770 2589 818 2615 καὶ
836 2590 890 2616 τῶν
903 2590 943 2620 εἰς

152 2633 221 2669 ἀέρα
244 2634 381 2670 λυομένων
404 2635 510 2670 κρότων
529 2633 675 2669 θηρευτὴς,
693 2635 717 2661 εἰ
732 2634 778 2661 καί
792 2643 834 2666 τις
851 2635 940 2667 ἄλλος,

189 2710 227 2747 (Ι)
246 2709 388 2747 Maximam
410 2711 494 2746 hujus
506 2711 601 2747 libelli,
615 2716 722 2747 partem
742 2711 867 2747 ejusdem
882 2718 943 2738 esse
957 2713 978 2742 c

152 2746 306 2806 argumenti
317 2753 378 2773 cum
391 2747 480 2788 capite
488 2746 724 2787 duodecimolihri
737 2747 827 2781 quarti
843 2746 942 2773 Ηωτει.

154 2779 181 2806 ῆι
199 2779 316 2806 uiarum.
330 2785 359 2806 et
378 2781 462 2806 fuisse
477 2790 525 2806 mn
549 2782 623 2806 hunc
646 2781 747 2806 librum
768 2781 942 2806 Thendoreto

153 2779 316 2821 fabularum,
330 2785 359 2808 et
377 2779 462 2809 fuisse
477 2781 525 2817 qui
549 2782 623 2808 hunc
646 2779 753 2821 librum:
768 2781 943 2821 Theodoreto

153 2816 325 2851 suppositum
338 2823 398 2843 esse
417 2816 520 2844 temere
542 2816 762 2850 pronuntiarent,
785 2824 867 2851 supra
886 2817 942 2851 jam

154 2850 322 2882 monuimus.
335 2858 362 2885 ιι.
378 2850 441 2879 368.

992 2086 1226 2113 Antiochenorum
1242 2085 1381 2112 civitatem
1401 2085 1510 2120 irrupit.
1526 2085 1555 2112 ln
1576 2086 1627 2113 hac
1640 2093 1702 2112 cum
1720 2086 1788 2113 libe-

994 2131 1098 2158 ralibus
1118 2131 1271 2166 disciplinis
1296 2131 1472 2158 mediocriter
1492 2135 1565 2159 esset
1589 2132 1721 2164 imbutus,
1737 2140 1786 2159 vo—

992 2185 1107 2212 cemque
1124 2177 1338 2212 pulcherrimam
1355 2180 1383 2204 et
1398 2177 1543 2204 maximam
1562 2178 1741 2209 exercuisset,
1758 2178 1785 2205 in

992 2223 1143 2250 Ecclesiam
1158 2223 1204 2249 Dei
1226 2231 1255 2250 se
1272 2223 1396 2258 ingessit,
1411 2228 1438 2250 et
1454 2223 1481 2249 in
1507 2231 1650 2250 numerum
1673 2225 1773 2259 presby

992 2273 1114 2296 terorum
1140 2269 1243 2296 relatus
1265 2274 1323 2301 est,
1350 2269 1523 2304 docendique
1549 2268 1643 2304 populi
1672 2278 1785 2296 munere

993 2314 1131 2348 imposito,
1154 2314 1244 2340 statim
1270 2313 1297 2340 in
1319 2313 1434 2340 exordio
1454 2315 1543 2349 qualis
1564 2319 1618 2341 tota
1638 2315 1691 2341 vita
1712 2318 1783 2340 esset

991 2359 1102 2386 futurus
1123 2359 1252 2386 ostendit.
1270 2359 1363 2394 Neque
1384 2360 1457 2386 enim
1476 2367 1640 2394 generosum
1662 2364 1687 2386 ιιι
1707 2361 1781 2393 tui

993 2405 1085 2437 talctn,
1106 2405 1208 2440 quique
1232 2405 1374 2431 hominum
1400 2405 1505 2431 animas
1531 2406 1656 2431 excolere
1682 2414 1729 2439 pm
1746 2411 1770 2430 nt

992 2451 1102 2478 dicendi
1119 2451 1306 2478 charactcrem
1329 2454 1441 2477 secutus
1457 2455 1508 2477 est.
1527 2450 1580 2477 Sed
1598 2458 1658 2477 cum
1683 2451 1715 2476 ad
1736 2460 1750 2484 ν

992 2497 1050 2532 puli
1075 2497 1285 2524 delectationem
1307 2496 1458 2523 orationem
1483 2503 1559 2523 suam
1584 2497 1736 2527 conferret,
1758 2504 1786 2522 et

993 2544 1090 2571 inanes
1105 2544 1219 2578 plausus
1232 2547 1262 2570 ut
1276 2543 1322 2578 qui
1340 2543 1456 2570 maxime
1468 2547 1664 2577 aucuparetur,
1681 2543 1785 2578 105.3

993 2589 1185 2616 turbulentum
1199 2593 1227 2616 et
1241 2588 1368 2616 instabile
1381 2588 1480 2623 vulgus
1502 2588 1536 2615 ad
1554 2588 1595 2615 sui
1616 2588 1785 2615 desiderium

993 2635 1133 2667 excitavit,
1146 2634 1222 2662 fusca
1234 2638 1310 2662 veste
1324 2634 1448 2667 indutus,
1462 2634 1548 2662 tristis
1563 2634 1703 2667 incedens,
1716 2637 1785 2662 stre-

1032 2710 1070 2746 (2)
1087 2711 1196 2742 παντός.
1213 2711 1274 2738 Des.
1290 2719 1383 2746 supra,
1402 2712 1421 2739 l.
1443 2720 1467 2739 e.

1044 2746 1071 2781 5)
1088 2746 1158 2773 Ibid.
1176 2755 1241 2780 φανε
1247 2747 1309 2781 ρῶς.

1043 2781 1070 2817 4)
1088 2781 1185 2816 Supra,
1199 2789 1226 2816 p.
1243 2782 1304 2810 569.
1319 2781 1431 2817 προϊών.

995 2851 1003 2877 1
1032 2816 1070 2877 £5)
1088 2817 1233 2844 διδάσκειν.
1251 2816 1407 2852 Supplenda
1421 2817 1472 2844 fuit
1486 2824 1539 2844 vox
1552 2817 1614 2848 ista,
1628 2825 1687 2852 quae
1697 2819 1783 2846 exstat

1008 2858 1056 2877 .C.
