1965 3051
215 129 284 164 1155

707 129 949 160 THEODORETI
970 129 1141 161 EPlSCOPI
1160 131 1343 163 CYRENSIS

1779 128 1855 162 1156

213 186 288 222 pitus
307 187 431 215 forenses
453 187 610 219 declinans,
635 187 739 222 pallore
766 187 892 222 corporis
913 187 1004 215 conti-

1065 189 1211 224 γενόμενος,
1235 190 1266 216 τὸ
1289 188 1462 225 συρφετῶδες
1477 189 1524 216 καὶ
1548 188 1724 223 ἀστάθμητον
1746 186 1854 222 πλῆθος

213 241 283 262 nens
297 233 385 261 videri
402 233 543 265 affectans,
557 232 636 260 libris
657 232 730 259 domi
745 237 776 259 ut
790 233 940 268 plurimum
960 233 1003 260 in-

213 279 356 311 cumbens,
371 287 403 307 ac
423 279 451 306 in
465 279 521 307 otio
536 283 564 306 et
577 278 670 313 quiete
684 286 776 306 secum
795 278 931 305 habitans.
948 278 1005 306 Hoc

214 325 309 353 habitu
323 329 350 353 et
367 325 418 352 hac
433 325 607 353 simulatione
625 324 756 360 populum
775 324 910 357 inescans,
927 332 1004 360 mag-

214 378 278 397 nam
302 370 390 397 aetatis
415 375 521 405 partem
545 370 693 405 transegit,
717 369 891 397 Christianus
915 369 1004 397 videri

214 415 307 450 potius
322 423 404 450 quam
421 423 481 443 esse
497 415 620 446 studens.
635 420 663 442 et
681 415 783 443 Christi
797 417 804 425 ‘
819 415 912 451 glorize
927 423 1005 443 suam

213 461 372 496 praeferens.
397 461 532 494 Quoniam
554 466 657 492 autem,
679 465 709 488 ut
731 468 746 488 a
767 461 884 488 Domino
899 461 1004 488 dictum

213 511 266 539 est,
291 517 300 532 ι
315 507 389 535 Nihil
409 511 452 535 est
469 508 606 535 occultum
630 507 702 541 quod
717 515 771 534 non
789 507 900 539 sciatur,
915 514 1004 542 neque

213 558 341 588 opertum
359 554 432 589 quod
445 554 473 581 in
485 554 575 581 lucem
594 561 649 581 non
663 553 757 581 veniat
773 553 795 586 ‘;
814 563 823 580 ι
838 557 866 581 et
880 562 886 580 :
905 563 914 578 ‹
931 553 1004 581 Bona

214 609 298 635 opera
320 600 464 628 manifesta
485 604 559 632 sunt,
577 604 605 627 et
617 607 677 634 quae
691 600 770 626 aliter
788 607 817 627 se
838 599 942 626 habent
958 606 1004 627 ee-

215 647 265 673 lari
289 654 342 673 non
368 649 482 680 possunt
499 646 519 678 ',
543 655 552 671 ›
579 653 628 680 per
653 645 931 681 impervestigabilem
955 645 1004 672 Dei

212 693 379 729 judiciorum
396 693 535 728 abyssum,
554 692 698 719 Nestorius
715 699 811 718 eorum
826 691 872 726 qui
888 692 915 718 in
929 691 1006 726 pala~

215 739 254 766 tio
267 739 433 773 sedibusquc
446 738 649 774 pontiﬁcalibus
665 738 858 770 versabantur,
874 742 901 764 et
918 737 1005 772 ipsius

214 784 262 819 qui
276 783 353 811 orbis
368 788 503 811 terrarum
522 788 628 818 sceptra
644 786 709 810 tunc
722 783 844 818 regebat,
862 782 1003 816 sull'ragio,

214 829 356 857 catholica:
382 829 597 856 orthodoxorum
619 828 930 863 Censtantinopolitanae
951 827 1004 855 Ec-

215 874 314 907 clesiae,
331 874 460 909 orbisque
481 874 549 901 adeo
569 874 690 901 universi
711 874 894 909 principatum
915 873 1005 908 adipi-

215 921 311 948 scitur.
331 919 372 946 lbi
394 919 524 954 deinceps
542 923 601 946 acta
619 923 682 946 sunt
704 920 759 951 illa,
776 927 837 954 qum
857 924 956 946 terram
978 924 1006 946 ct

215 973 290 992 mare
307 965 506 1000 propemodum
522 964 715 1000 impleverunt.
726 965 761 992 Ut
773 965 845 992 enim
858 965 1005 992 maximam

215 1011 289 1039 illam
314 1011 407 1039 sedem
429 1010 545 1046 accepit,
567 1016 595 1037 et
616 1010 793 1045 pontiﬁcatus
816 1010 1005 1045 praefecturam

215 1058 291 1085 velut
313 1056 485 1093 tyrannidem
510 1056 656 1091 quamdam
678 1055 804 1090 arripuit,
824 1055 1004 1090 impietatem,

218 1103 326 1140 1044
344 1111 426 1138 quam
446 1103 627 1138 parturicbat,
652 1102 770 1137 amplius
793 1102 935 1129 continere
952 1110 1007 1129 non

215 1150 306 1185 potuit
320 1159 327 1176 -.
341 1149 389 1177 sed
411 1157 445 1176 ex
470 1152 604 1184 potestate
624 1156 706 1183 quam
729 1147 859 1179 habebat,
880 1148 1007 1175 stolidam

216 1203 359 1223 assumens
375 1195 526 1226 licentiam,
543 1193 648 1229 profert
670 1193 698 1220 in
720 1193 853 1225 medium,
866 1194 1008 1220 omnibus-

216 1250 270 1277 que
285 1241 407 1276 exponit,
424 1248 506 1275 quam
521 1240 576 1275 jam
593 1239 658 1266 olim
678 1239 811 1266 adversus
832 1239 1008 1274 Unigenitum

216 1291 380 1321 conceperat
405 1285 621 1320 blasphemiam,
645 1285 803 1319 bellumque
826 1289 920 1312 contra
942 1285 1007 1320 dog-

217 1338 290 1361 mata
301 1332 452 1368 apostolica
465 1332 554 1366 palam
565 1332 636 1367 gerit
651 1340 658 1358 :
672 1335 700 1358 et
711 1337 868 1358 sanctorum
882 1331 1007 1363 Patrum,

217 1376 264 1410 qui
289 1383 322 1402 ex
345 1382 400 1410 quo
425 1373 618 1401 annuntiatum
642 1379 684 1401 est
708 1374 896 1408 Evangelium,
916 1372 1010 1400 ortho-

218 1421 352 1448 doxorum
369 1420 431 1446 ﬁdei
447 1419 624 1454 praefuerant,
638 1419 712 1446 dicta
730 1419 843 1454 rejicere
856 1418 1007 1451 contendit,

219 1467 300 1501 regia-
328 1465 404 1493 urbis
428 1465 544 1492 turbans
569 1465 732 1497 Ecclesium,
752 1465 904 1499 orbemque
928 1464 1009 1492 simul

219 1513 334 1540 turbans
348 1512 524 1542 universum;
541 1510 666 1538 divinum
677 1511 791 1538 Paulum
804 1511 883 1538 nihili
896 1510 1008 1542 faciens,

218 1561 266 1596 qui
288 1561 387 1588 clamat
410 1569 416 1586 :
437 1569 446 1585 ι
467 1559 518 1592 Qui
539 1563 630 1586 autem
650 1558 798 1586 conturbat
814 1566 872 1591 vos,
891 1558 1013 1593 portabit

217 1606 363 1641 judicium,
379 1605 538 1640 quicunque
556 1603 591 1631 sit
603 1604 648 1631 ille
661 1604 681 1631 '.
695 1613 704 1628 ι
722 1603 776 1631 Sed
789 1611 872 1638 super
884 1603 1012 1631 candela-

220 1652 302 1679 brum
326 1651 413 1678 divini
436 1650 598 1686 pontiﬁcum
621 1654 775 1685 suggestus,
791 1657 847 1677 non
872 1649 1012 1677 lucernam

220 1697 355 1728 veritatis,
370 1697 417 1724 sed
431 1696 559 1723 tenebras
570 1696 648 1731 ponit
664 1696 822 1730 impietatis.
842 1695 951 1723 Primus
965 1703 1014 1722 au-

222 1748 278 1775 tem
293 1743 369 1770 initae
384 1742 516 1769 novitatis
530 1742 632 1777 gradus
648 1741 709 1774 fuit,
729 1749 784 1768 non
805 1745 932 1776 oportere
948 1749 1013 1768 san—

221 1793 293 1816 ctam
312 1787 459 1824 virginem,
474 1796 535 1823 qua:
556 1788 604 1815 Dei
622 1787 742 1815 Verbum
761 1788 878 1822 peperit,
892 1787 966 1822 quod
979 1795 1012 1815 ex

222 1842 253 1862 ca
265 1841 376 1861 carnem
389 1834 520 1868 suscepit,
532 1832 676 1867 Deiparam
691 1831 826 1865 conﬁteri,
840 1832 887 1859 sed
898 1832 1015 1860 Christi-

221 1888 316 1915 param
336 1879 469 1907 duntaxat
490 1888 497 1906 ε
519 1887 580 1906 cum
603 1882 694 1906 tamen
713 1878 898 1913 antiquissimi
917 1879 1014 1906 ortho-

223 1925 300 1952 doxaa
319 1924 381 1951 ﬁdei
397 1915 604 1959 prmdieatores,l
615 1923 692 1959 juxta
712 1922 888 1950 traditionem
906 1928 1015 1958 aposto-

224 1971 322 2003 licam,
345 1970 490 2005 Deiparam
516 1969 662 1997 docuerint
686 1968 827 1995 nominare
849 1972 876 1995 et
901 1968 1014 1996 credere

224 2017 334 2045 Domini
354 2021 480 2044 matrem.
500 2016 555 2051 Age
574 2022 648 2042 nunc
662 2022 729 2042 vero
747 2014 936 2050 hlasphemum
951 2014 1016 2042 arti-

226 2063 317 2090 ﬁcium
336 2067 364 2090 et
386 2061 607 2089 observationem
625 2060 694 2087 nulli
718 2065 798 2088 antea
824 2061 960 2096 cognitam
986 2060 1013 2087 in

224 2109 345 2136 medium
360 2108 555 2143 producamus.

1056 235 1124 271 πρὸς
1136 236 1182 262 τδν
1197 237 1295 263 οἰκεῖον
1310 235 1488 268 ἐξεκαλέσατο
1509 235 1592 262 πόθον
1604 255 1611 267 ,
1637 233 1717 270 ῳαιὸν
1734 233 1853 262 περισε-

1055 282 1189 317 6λημένος
1211 282 1327 317 ἱμάτιον,
1350 280 1525 316 ὲστυγνακὼς
1548 280 1673 316 βαδίζων,
1698 280 1761 311 τοὺς
1783 279 1854 312 ἀγο-

1058 327 1150 363 ραίους
1165 327 1296 355 ἐκκλίνων
1314 327 1457 364 θορύϐους,
1473 327 1610 363 ὠχρότητι
1623 326 1749 360 σώματος
1763 324 1792 351 τὸ
1806 324 1857 351 δο-

1056 374 1115 399 κεῖν
1145 373 1282 409 ὲγκρατὴς
1302 371 1372 400 εἶναι
1403 372 1583 409 θηρώμενος,
1609 372 1678 398 οἴκοι
1698 371 1732 397 τὰ
1763 370 1854 397 πολλὰ

1056 418 1168 453 βιϐλίοις
1182 418 1368 454 προσανέχων,
1385 418 1432 445 καὶ
1443 417 1504 445 καθ’
1520 417 1636 454 ἡσυχίαν
1649 416 1739 452 ἑαυτῷ
1754 424 1853 450 συγγι-

1056 464 1177 499 νόμενος.
1203 464 1341 496 Τοιούτοις
1366 463 1489 500 σχήμασί
1505 472 1535 490 τε
1557 463 1603 490 καὶ
1622 462 1764 498 πλάσμασι
1787 461 1855 493 τοὺς

1056 508 1170 539 πολλοὺς
1191 507 1335 541 δελεάζων,
1363 508 1445 544 μέχρι
1469 508 1564 544 πόρρω
1587 507 1706 543 προῆλθε
1723 507 1773 542 τῆς
1789 507 1853 541 ἡλι-

1057 552 1129 584 κίας,
1146 553 1176 579 τὸ
1190 553 1278 580 δοκεῖν
1293 553 1456 588 Χριστιανὸς
1471 552 1541 580 εἶναι
1560 553 1612 588 πρὸ
1633 553 1679 580 τοῦ
1696 550 1766 579 εἶναι
1786 551 1855 579 διώ-

1056 606 1122 625 κων.
1139 599 1184 624 καὶ
1202 599 1252 633 τῆς
1266 597 1313 624 τοῦ
1335 598 1454 636 Χριστοῦ
1467 597 1546 633 δόξης
1565 597 1614 632 τὴν
1633 596 1730 624 ἑαυτοῦ
1754 605 1855 631 προτι-

1057 644 1126 678 μῶν.
1161 644 1238 671 Ἐπεὶ
1264 644 1309 674 δὲ,
1339 638 1456 671 κατὰτὸ
1481 643 1625 679 εἰρημένον
1654 642 1692 678 τῷ
1716 643 1854 678 Δεσπότῃ,

1060 699 1068 714 ι
1086 689 1169 716 Οὐδὲν
1187 690 1318 724 κρυπτὸν,
1331 689 1344 716 ὃ
1358 690 1387 716 οὐ
1405 689 1670 725 γνωσθήσεται.οὐδὲ
1682 688 1854 724 ἀπόκρυφον,

1055 735 1070 761 ὃ
1079 735 1109 761 οὐ
1128 735 1165 771 μὴ
1178 736 1217 766 είς
1228 735 1345 771 φανερδν
1353 735 1432 772 ἔλθῃ·
1449 745 1457 760 ι
1472 735 1530 767 καὶ,
1544 744 1554 761 ‹
1570 735 1610 762 Τὰ
1619 734 1688 761 καλὰ
1703 733 1771 770 ἔργα
1783 733 1854 768 πρό-

1056 784 1124 819 δηλά
1140 785 1207 815 ἐστι,
1222 784 1318 810 καὶτὰ
1340 783 1425 815 ἄλλως
1444 783 1540 819 ἔχοντα
1566 782 1700 818 κρυϐῆναι
1720 782 1750 808 οὐ
1772 781 1854 808 δύναο

1056 837 1117 856 ται·
1139 839 1147 855 ι
1161 829 1231 856 κατὰ
1250 829 1299 865 τὴν
1313 829 1516 865 ἀνεξιχνίαστον
1530 829 1567 864 (6)
1579 828 1633 855 τῶν
1649 828 1695 854 τοῦ
1709 827 1776 854 Θεοῦ
1788 836 1853 863 κρι-

1063 875 1155 910 μάτων
1170 874 1299 907 ἄϐυσσον,
1316 874 1364 901 καὶ
1383 874 1541 910 Νεστόριος,
1562 873 1645 908 ψήφῳ
1667 872 1720 899 τῶν
1737 872 1801 908 περὶ
1816 872 1854 898 τὰ

1061 921 1185 957 βασίλεια
1201 923 1247 948 καὶ.
1267 920 1330 953 τοὺς
1343 920 1465 956 θρόνους.
1481 921 1529 947 καὶ
1546 919 1628 947 αὑτοῦ
1639 919 1686 945 τοῦ
1701 918 1854 954 τηνικαῦτα

1058 968 1108 1003 τῆς
1125 967 1288 1002 οἰκουμένης
1304 967 1338 993 τὰ
1355 967 1483 1002 σκῆπτρα
1501 966 1709 999 διέποντος,τὴν
1725 965 1763 999 ('7)
1780 964 1854 991 κατὰ

1059 1013 1264 1039 Κωνσταντινού
1270 1011 1344 1038 πολιν
1356 1011 1408 1038 τῶν
1422 1011 1569 1047 ὸρθοδόξων
1580 1009 1727 1044 καθολικῆς
1735 1009 1854 1044 Ἐκκλη-

1062 1058 1122 1089 σίας
1138 1057 1188 1093 τὴν
1206 1057 1351 1093 προεδρίαν
1368 1057 1543 1088 πιστεύεται,
1567 1056 1643 1083 οὐδὲν
1659 1055 1688 1082 δὲ
1706 1052 1788 1092 ἦττον
1804 1055 1855 1082 καὶ

1060 1104 1110 1138 τῆς
1127 1102 1289 1137 οἰκουμένης
1302 1102 1423 1137 ἀπάσης.
1444 1101 1579 1129 Ἐνταῦθα
1592 1110 1637 1136 μοι
1649 1100 1742 1127 λοιπὸν
1754 1099 1803 1126 καὶ
1819 1099 1856 1126 τὰ

1061 1148 1197 1183 δράματα,
1209 1145 1245 1175 ὧν
1259 1148 1357 1184 μικροῦ
1369 1148 1477 1184 πλήρης
1487 1147 1560 1174 πᾶσα
1573 1147 1608 1182 γῆ
1619 1155 1648 1173 τε
1664 1146 1710 1172 καὶ
1721 1146 1854 1173 θάλασσα.

1067 1193 1109 1225 Ὡς
1121 1193 1176 1228 γὰρ
1188 1193 1233 1220 τὸν
1245 1193 1372 1228 μέγιστον
1383 1193 1488 1220 ἐκεῖνον
1503 1192 1637 1219 κατέλαϐε
1647 1191 1753 1226 θρόνον,
1770 1192 1857 1219 καθά-

1063 1246 1114 1273 περ
1129 1237 1189 1264 τινὰ
1203 1238 1350 1272 τυραννίδα
1363 1237 1412 1272 τῆς
1439 1236 1644 1272 ἀρχιερωσύνης
1667 1237 1717 1272 τὴν
1737 1245 1857 1272 προστα-

1063 1283 1123 1310 σίαν
1141 1283 1275 1319 ἀρπάσας,
1287 1283 1379 1309 οὐκέτι
1399 1283 1523 1318 κατέχειν
1546 1284 1575 1310 ἐν
1594 1282 1681 1318 ἐαυτῷ
1702 1282 1752 1318 τὴν
1773 1282 1857 1309 ὠδῖνα

1062 1329 1111 1364 τῆς
1123 1329 1250 1361 ἀσεϐείας
1263 1326 1320 1361 οἷός
1334 1338 1364 1355 τε
1375 1327 1419 1365 ἦν,
1433 1329 1492 1356 ἀλλ’
1506 1329 1560 1356 ἀπὸ
1571 1329 1619 1365 τῆς
1633 1329 1758 1361 ἐξουσίας
1770 1337 1857 1364 προσ-

1062 1374 1153 1401 λαϐὼν
1169 1375 1263 1410 ἀμαθῆ
1279 1374 1447 1410 παρρησίαν,
1466 1376 1505 1407 είς
1521 1375 1605 1411 μέσον
1620 1375 1682 1409 ἄγει
1696 1374 1744 1401 καὶ
1761 1374 1858 1410 προτί-

1064 1420 1143 1456 θησιν
1160 1421 1271 1454 ἅπασιν,
1287 1421 1320 1456 ἣν
1331 1421 1414 1448 πάλαι
1430 1421 1560 1448 συνέλαδε
1572 1421 1612 1457 (8)
1624 1421 1696 1448 κατὰ
1710 1421 1757 1447 τοῦ
1770 1421 1858 1448 Μονο-

1063 1467 1159 1500 γενοῦς
1176 1467 1366 1502 βλασφημίανο
1379 1467 1427 1493 καὶ
1442 1467 1560 1502 πόλεμον
1575 1466 1704 1501 ἄντικρυς
1720 1465 1791 1492 κατὰ
1803 1466 1858 1492 τῶν

1064 1512 1255 1540 ἁποστολικῶν
1267 1513 1384 1549 αἱρεῖται
1398 1513 1551 1548 δογμάτων,
1569 1512 1682 1540 καὶτῶν
1699 1512 1784 1546 ἁγίων
1804 1520 1858 1538 πα-

1067 1559 1166 1594 τέρων,
1184 1559 1238 1586 τῶν
1251 1559 1297 1594 ἀφ’
1309 1556 1339 1586 οὗ
1351 1559 1507 1595 κατηγγέλη
1531 1558 1567 1595 (9)
1584 1558 1614 1585 τὸ
1629 1557 1795 1592 Εῢαγγέλιον
1809 1557 1858 1592 τῆς

1067 1604 1121 1631 τῶν
1145 1605 1293 1640 ὀρθοδόξων
1317 1604 1555 1640 καθηγησαμένων
1579 1605 1707 1637 πίστεως,
1733 1603 1858 1630 ἐκϐαλεῖν

1067 1651 1196 1686 πειρᾶται
1208 1651 1271 1681 τοὺς
1286 1650 1382 1684 λόγους
1394 1657 1402 1664 ·
1419 1650 1560 1685 ταράττων
1581 1649 1631 1685 μὲν
1647 1650 1697 1685 τῆς
1724 1649 1858 1684 βασιλίδος

1067 1695 1171 1727 πόλεως
1184 1696 1234 1731 τὴν
1256 1694 1431 1731 Ἐκκλησίαν,
1443 1695 1586 1731 ταράττων
1600 1694 1629 1721 δὲ
1647 1694 1695 1720 καὶ
1711 1693 1760 1729 τὴν
1771 1693 1852 1719 οἰκου-

1069 1742 1154 1777 μένην
1171 1743 1296 1775 ἆπασαν,
1318 1741 1394 1770 οὐδὲν
1411 1741 1458 1768 τοῦ
1473 1741 1616 1768 θεσπεσίου
1633 1739 1741 1766 Παύλου
1758 1746 1858 1774 κεκρα-

1068 1789 1147 1822 γότος
1168 1788 1418 1824 ἐπιστρεφόμενος·
1437 1797 1446 1813 ι
1467 1787 1496 1813 Ὀ
1509 1786 1538 1813 δὲ
1556 1786 1700 1822 ταράσσων
1723 1785 1795 1820 ὑμᾶς
1808 1784 1857 1819 βα-

1066 1834 1160 1861 στάσει
1172 1834 1202 1861 τδ
1217 1835 1312 1870 κρῖμα,
1328 1835 1403 1865 ὅστις
1416 1833 1448 1860 ἂν
1514 1842 1523 1858 ι
1537 1832 1607 1860 Ἀλλ’
1620 1832 1666 1858 ἐπὶ
1681 1831 1730 1866 τὴν
1747 1830 1857 1866 λυχνίαν

1065 1880 1113 1906 τοῦ
1132 1880 1203 1907 θείου
1217 1880 1271 1906 τῶν
1286 1879 1436 1916 ἀρχιερέων
1453 1878 1585 1914 βήματος,
1602 1877 1633 1904 οὐ
1647 1877 1693 1903 τὸν
1703 1875 1799 1912 λύχνον
1809 1875 1857 1909 τῆς

1068 1929 1206 1965 ἀληθείας,
1227 1928 1295 1955 ἀλλὰ
1317 1928 1362 1955 τὸν
1386 1927 1467 1962 ζόφον
1482 1925 1573 1961 τίθησι
1586 1926 1635 1961 τῆς
1649 1924 1775 1956 ἀσεϐείας
1789 1923 1855 1959 (10).

1067 1975 1175 2001 Γίνεται
1187 1973 1215 2000 δὲ
1231 1972 1304 2008 αὐτῷ
1320 1972 1428 2008 πρῶτον
1443 1971 1493 2006 τῆς
1508 1970 1683 2006 καινοτομίας
1693 1968 1855 2004 ἐγχείρημα.

1067 2019 1097 2046 τὸ
1116 2019 1156 2054 μὴ
1169 2019 1224 2045 δεῖν
1244 2018 1294 2053 τὴν
1310 2017 1392 2053 ἁγίαν
1417 2017 1565 2054 Παρθένον,
1580 2017 1630 2052 τὴν
1652 2015 1698 2042 τοῦ
1718 2014 1785 2042 Θεοῦ
1801 2012 1856 2049 (Η)

1068 2065 1155 2099 Λόγου
1170 2064 1241 2091 κατὰ
1254 2064 1343 2100 σάρκα
1359 2063 1474 2100 μητέρα,
1488 2062 1619 2090 Θεοτύκον
1628 2061 1779 2098 ὁμολογεῖν,
1787 2060 1854 2096 Χρι-

1069 2110 1194 2137 στοτόκον
1211 2110 1240 2136 δὲ
1256 2110 1347 2144 μόνον,
1364 2109 1418 2136 τῶν
1434 2108 1518 2136 πάλαι
1531 2108 1578 2136 καὶ
1599 2107 1738 2143 πρόπαλαι
1750 2107 1799 2141 τῆς
1811 2105 1855 2140 ὀρ-

225 2154 332 2187 θοδόξου
359 2154 476 2184 πίστεως
504 2151 633 2187 κηρύκων
660 2150 732 2178 κατὰ
749 2150 799 2185 τὴν
826 2151 1009 2188 ἀποστολικὴν
1029 2155 1180 2190 παράδοσιν
1205 2154 1335 2181 Θεοτόκον
1349 2154 1511 2186 διδαξάντων
1530 2152 1674 2189 ὀνομάζειν
1694 2160 1723 2178 τε
1744 2150 1854 2186 (12))ιαὶ

225 2199 365 2226 πιστεύειν
380 2199 428 2234 τὴν
446 2197 493 2224 τοῦ
527 2196 629 2232 Κυρίου
652 2196 769 2232 μητέρα.
785 2196 853 2230 Φέρε
872 2197 905 2233 δὴ
936 2196 983 2225 οῦν
1004 2208 1050 2234 μοι
1069 2199 1162 2226 λοιπὸν
1176 2200 1226 2236 τὴν
1243 2199 1403 2236 βλάσφημον
1421 2197 1594 2234 τεχνολογίαν
1606 2218 1613 2231 ,
1633 2197 1681 2225 καὶ
1696 2196 1856 2232 παρατήρη-

227 2254 269 2272 σιν
284 2246 370 2272 οὑδενὶ
387 2245 519 2280 πρότερον
535 2243 721 2279 ἐγνωσμένην,
733 2244 773 2274 εἰς
785 2243 867 2278 μέσον
882 2244 938 2279 (15)
949 2245 1111 2281 ἀγάγωμεν.

264 2290 369 2326 1045
395 2289 497 2318 Christi
523 2288 686 2324 appellatio,
714 2289 817 2324 inquit,
844 2289 912 2316 duas
935 2295 1016 2318 natu-
1035 2293 1056 2320 D

226 2342 271 2362 ras
289 2333 442 2369 signiﬁcat,
462 2333 633 2361 divinitatem
651 2333 808 2368 Unigeniti‘,
833 2337 862 2361 et
886 2334 1016 2362 humani-

227 2383 310 2408 tatem
326 2379 395 2406 :Dei
412 2383 502 2406 autem
520 2387 573 2406 vox
586 2379 711 2406 absolute
730 2379 846 2414 prolata,
861 2381 1015 2415 simplicem

226 2429 255 2452 et
287 2425 477 2459 incorporcam
509 2424 555 2451 Dei
583 2424 666 2452 Verbi
701 2424 882 2452 substantiam
913 2434 1017 2461 repue-

227 2475 317 2499 sentat
338 2480 344 2498 :
362 2471 482 2498 hominis
509 2478 593 2503 vero,
628 2471 712 2498 solam
741 2471 889 2499 humanam
909 2473 917 2480 ‘
936 2477 1018 2500 natu-

227 2523 286 2545 ram
320 2517 449 2545 ostendit.
477 2517 626 2552 Propterea
662 2516 879 2552 Christiparam,
911 2518 1016 2554 inquit,

227 2567 256 2590 et
271 2570 327 2590 non
348 2562 491 2598 Deiparam
515 2562 655 2598 Virginem
678 2562 759 2589 fateri
777 2570 889 2591 necesse
908 2569 960 2597 est,
982 2573 1017 2593 ne

265 2631 272 2646 '
290 2631 373 2658 Marc.
390 2638 426 2663 iv,
440 2631 485 2658 22.
523 2632 533 2647 ¹
548 2631 559 2658 Ι
575 2631 646 2658 Tim.
663 2639 690 2665 ν,
705 2631 750 2659 25.
789 2631 799 2648 ³
813 2631 900 2660 Galat.
916 2641 943 2666 ν.
957 2633 1004 2662 l0.

267 2687 303 2722 (6)
320 2686 407 2727 supra
419 2695 481 2727 pag.
500 2687 632 2727 5'10,_le_g__.
654 2689 834 2724 ἀνιχνίαστον.
858 2689 911 2718 Alii
929 2689 1019 2724 ἀνεξί-

230 2695 481 2754 Rag:
494 2695 639 2751 sizlli’dldilg‘d.

278 2757 303 2792 7)
320 2757 389 2784 Ibid.
407 2758 468 2792 τῆς.

320 2791 494 2830 gpygkalbid.
514 2798 575 2828 post
588 2794 717 2830 aea-remi
732 2795 832 2830 Μονογ.
848 2795 969 2830 ponitur.

277 2827 389 2864 Ql‘lbid.
471 2836 502 2864 oo
517 2827 700 2864 κατηγγέλθη.

280 2861 323 2896 10)
341 2862 385 2888 ἁσ.
401 2861 465 2895 Alii,
481 2861 622 2897 ἀσαφείας.
635 2861 695 2892 Ῡίᾶ.
711 2872 770 2900 pag.
790 2865 851 2898 571,
866 2865 951 2893 schol.
968 2865 1012 2892 97.

1113 2291 1145 2319 Ἠ
1154 2291 1202 2319 τοῦ
1216 2292 1334 2328 Χριστοῦ
1348 2291 1621 2328 προσηγορία,’φησὶ,
1633 2290 1687 2318 τῶν
1695 2290 1742 2316 δύο
1751 2289 1855 2324 φύσεών

1069 2337 1128 2363 ἐστι
1149 2337 1314 2373 σημαντικὴ.
1339 2338 1389 2372 τῆς
1408 2345 1436 2364 τε
1462 2337 1588 2373 θεότητος
1607 2335 1654 2363 τοῦ
1677 2334 1854 2369 Μονογενοῦς,

1069 2383 1178 2418 καὶτῆς
1190 2382 1399 2419 ἁνθρωπότητος
1411 2390 1418 2398 '
1434 2384 1450 2418 ὴ
1465 2382 1493 2409 δὲ
1509 2382 1555 2409 τοῦ
1570 2382 1639 2414 Θεοῦ
1655 2382 1796 2412 ἀπολύτως
1811 2381 1854 2407 λε-

1068 2428 1171 2465 γομένη
1179 2429 1254 2464 φωνὴ
1264 2429 1331 2464 (id),
1345 2428 1393 2464 τὴν
1410 2428 1499 2463 ἁπλῆν
1515 2429 1561 2455 καὶ
1575 2427 1721 2464 ἀσώματον
1732 2426 1778 2453 τοῦ
1790 2426 1854 2453 Θεοῦ

1068 2474 1156 2509 Λόγου
1168 2475 1333 2510 παρίστησιν
1349 2474 1442 2501 οὐσίαν
1452 2481 1459 2488 ·
1477 2475 1493 2510 ἡ
1506 2474 1534 2501 δὲ
1549 2473 1597 2501 τοῦ
1607 2473 1764 2510 ἀνθρώπου,
1774 2472 1855 2508 μόνην

1068 2520 1117 2555 τὴν
1131 2520 1305 2556 ἀνθρωπείαν
1325 2520 1499 2548 ὑποδείκνυσι
1518 2520 1616 2556 φύσιν”
1634 2520 1678 2548 διὰ
1695 2520 1773 2547 τοῦτο
1789 2519 1854 2554 Χρι-

1070 2567 1196 2594 στοτόκον
1213 2567 1307 2602 φησιν,
1325 2567 1384 2595 ἀλλ’
1397 2567 1428 2594 οὺ
1439 2567 1569 2594 Θεοτόκον
1582 2567 1631 2603 τὴν
1646 2565 1781 2602 Παρθένον
1792 2566 1854 2601 ὁμο-

1108 2692 1163 2729 (ῌ)
1186 2692 1255 2729 Ibid.
1280 2693 1398 2729 τὴνντδν
1417 2693 1464 2720 τοῦ
1485 2693 1552 2720 Θεοῦ
1575 2693 1662 2727 Λόγον
1680 2692 1812 2720 τεκοῦσαν
1827 2691 1854 2724 ἐξ

1070 2727 1158 2764 αὐτῆς
1175 2728 1263 2763 σάρκα
1279 2727 1408 2761 λαϐόντα,
1422 2729 1552 2756 Θεοτόκον
1565 2729 1717 2764 ὁμολογεῖν.

1106 2762 1162 2799 (i2)
1176 2772 1215 2789 τε.
1233 2764 1295 2791 Des.
1311 2772 1404 2799 supra,
1417 2764 1436 2790 l.
1449 2772 1474 2791 c.

1106 2797 1162 2834 (l5)
1177 2799 1267 2833 μέσον.
1283 2797 1352 2826 ibid:
1369 2807 1464 2834 praem.
1478 2799 1518 2825 τό.

1183 2834 1268 2869 φωνή.
1286 2833 1432 2862 Inserenda
1451 2834 1501 2861 fuit
1527 2835 1583 2862 inec
1601 2842 1664 2868 Vox,
1689 2842 1748 2870 qua‘
1771 2836 1854 2861 exstat

1113 2877 1129 2895 Ο
1165 2887 1171 2892 .

1068 2875 1171 2901 p.011.
