1965 3051
172 107 240 140 ιὶὓἸ

704 110 889 141 LIBELLUS
908 109 1058 140 CONTRA
1077 107 1313 153 NESTORIUM.

1741 111 1810 144 H58

171 167 262 204 λογεϊν
278 167 435 200 ἀναγκαῖον,
454 167 559 201 μήποτε
577 167 703 202 λάθωμεν
720 167 808 203 ἀρχὴν
827 166 875 194 τοῦ
891 164 949 193 ιῖνα

1014 164 1204 200 imprudentes
1231 164 1358 193 dicamus
1381 165 1468 193 Deum
1495 165 1616 194 Verbum
1644 167 1753 196 initium
1774 178 1808 198 ex

170 211 295 245 λέγοντες
308 211 354 238 τὸν
365 211 431 238 Θεὸν
445 213 531 247 Λόγον
549 214 581 239 ἐκ
593 214 642 248 τῆς
654 212 734 247 ἁγίας
746 213 885 248 εἰληφέναι
905 212 960 248 (15)

169 256 321 291 Παρθένου,
337 257 383 283 καὶ
401 256 473 284 οὕτω
487 258 703 293 προγενεστέραν
721 256 770 292 τὴν
789 257 895 292 μητέρα
913 255 960 283 τοῦ

169 302 346 338 γεννηθέντος
361 303 390 337 ἐξ
413 304 498 339 αὐτῆς
514 304 585 331 κατὰ
606 304 637 330 τὸ
659 303 805 331 ἀκόλουθον
819 303 961 339 ὁμολογεῖν

170 348 336 385 βιασθῶμεν.
355 349 413 377 Ἵνα
427 350 455 376 δὲ
473 350 510 386 μὴ
523 350 590 383 δόξω
602 349 748 385 λοιδορίαις
765 350 858 380 κεναῖς
873 349 960 376 ταῦτα

168 395 215 422 τοῦ
231 395 329 431 ἀνδρὸς
347 397 521 432 κατηγορεῖν,
546 395 627 423 αὐτὸν
647 396 751 423 ἐκεῖνον
772 392 813 427 οἷς
833 393 893 422 εἷπε
909 394 960 430 τῆς

168 440 271 472 οἰκείας
285 439 413 472 ἀσεϐείας
426 441 574 476 ποιήσομαι
590 440 726 476 μάρτυρα.
743 439 803 466 Τῶν
819 440 873 475 γὰρ
890 440 959 466 ἁπο-

169 487 300 514 στολικῶν
316 486 501 523 διδαγμάτων,
514 487 561 514 καὶ
576 487 677 519 παντὸς
694 485 771 521 ἁγίου
787 487 896 522 μνήμην
909 486 959 521 τῆς

168 532 267 560 ἑαυτοῦ
288 533 409 565 διανοίας
434 533 613 569 ὑπερορίσας,
636 534 664 560 ὲν
680 534 714 569 τῇ
736 533 792 560 τῶν
811 531 958 567 ὀρθοδόξων

175 579 322 615 Ἐκκλησία
338 579 439 612 πολλὰς
464 579 594 612 τοιαύτας
615 579 743 614 ὲξεϐόησε
763 577 872 614 φωνάς’
901 577 957 604 Οὐκ

166 624 260 651 ἔτεκεν
277 624 332 660 (l6)
345 646 352 659 ,
369 622 392 651 ὧ
407 626 529 660 βέλτιστε
543 645 550 658 ,
567 625 663 661 Μαρία
687 625 765 656 Θεὸν,
784 624 842 651 ἀλλ’
866 624 957 651 ἔτεκεν

165 670 321 707 ἄνθρωπον,
336 671 462 704 θεότητος
472 671 598 707 δργανον.
611 671 666 698 Καὶ
676 671 705 697 ἐν
719 670 824 705 ἑτέροις
835 670 863 696 δὲ
877 670 957 696 πάλιν

165 715 316 751 φληνάφοις
325 725 331 732 ·
351 717 529 752 Ἀνέγκλητος
541 717 652 752 Ἕλλην,
667 716 774 752 μητέρα
783 716 854 747 Θεοῖς
868 716 958 742 ὲπεισ-

163 761 250 796 ἁγων.
265 761 358 789 Ταῦτα
371 763 420 798 μὲν
435 763 472 794 ὡς
485 763 539 789 ἀπὸ
551 763 656 790 πολλῶν
669 763 747 797 ὀλίγα
762 771 807 798 μοι
821 761 874 788 τῶν
883 761 955 788 ὲκείο

164 815 211 833 νου
234 807 304 839 τέως
332 808 460 843 εἰρήσθω,
485 808 554 844 πρὸς
570 809 603 835 τὰ
619 807 683 843 ἑξῆς
706 807 885 841 ἐπειγομένου
908 806 954 833 τοῦ

163 851 254 886 λόγου.
270 852 352 880 Ὅθεν
368 854 461 888 ἐπειδὴ
479 853 585 889 θανάτῳ
597 853 708 888 ἐξαισίῳ
722 853 885 880 ἀπολοῦνται
902 861 954 878 πα-

165 897 288 934 ράνομοι,
297 899 346 934 τῆς
361 907 391 925 τε
411 899 615 935 ἀρχιερωσύνης
626 900 670 926 διὰ
683 899 737 925 τῶν
748 898 888 933 ὲνῈφέσῳ
898 898 952 934 (l7)

164 945 413 980 συναθροισθέντων
428 946 514 979 ἁγίων
528 946 580 972 ὑπὸ
592 946 641 980 τῆς
658 945 734 977 θείας
749 944 892 978 ὲξεῦάλετο
902 945 954 980 ψή-

163 998 225 1024 φου,
243 989 289 1016 καὶ
302 989 434 1025 βασιλικῷ
447 990 562 1026 νεύματι
576 990 625 1026 τὴν
636 991 732 1017 Ὄασιν
745 990 954 1022 καταδικασθεὶς

162 1037 257 1069 οικεῖν,
271 1036 320 1071 τῆς
330 1037 480 1073 μελλούσης
495 1038 549 1064 τῶν
561 1037 667 1064 ἀσεϐῶν
679 1037 815 1068 κολάσεως
827 1036 953 1063 ἐντεῦθεν

162 1082 270 1115 ἐδέξατο
280 1083 314 1110 τὰ
331 1083 473 1119 προοίμια,
496 1083 686 1119 παρανάλωμα
703 1083 752 1118 τῆς
769 1083 872 1114 οἰκείας
888 1090 953 1117 φρε-

162 1128 321 1161 νοϐλαϐείας
343 1131 499 1166 γενόμενος,
515 1130 562 1157 καὶ
583 1131 625 1165 ἐφ’
641 1129 730 1164 ἑαυτῷ
750 1128 899 1164 πληρώσας
922 1128 953 1154 τὸ

161 1174 341 1202 ἀποστολικδν
367 1177 456 1202 ἐκεῖνο
485 1176 586 1210 λόγιον,
607 1176 647 1202 ὅτι
666 1185 675 1200 ι
691 1174 778 1201 Τινῶν
803 1173 953 1209 ἀνθρώπων

162 1221 190 1247 αι
210 1221 342 1257 ἁμαρτίαι
360 1223 489 1258 πρόδηλοί
502 1223 581 1254 εἰσιν,
593 1222 764 1258 προάγουσαι
779 1222 818 1252 εἱς
833 1220 949 1255 κρίσιν.»

169 1266 249 1293 Ἀλλὰ
263 1267 349 1295 ταῦτα
362 1267 422 1302 μὲν,
433 1268 470 1300 ὡς
485 1268 532 1294 καὶ
547 1268 638 1299 ἄλλοις
652 1267 759 1298 πολλοῖς
771 1265 952 1301 ἐξητασμένα,

1013 215 1108 239 sancta
1118 211 1230 247 Virgine
1243 211 1402 247 sumpsisse,
1413 217 1494 247 atque
1505 211 1542 239 ita
1552 213 1735 248 antiquiorem
1748 223 1792 243 ma
1802 232 1808 236 -

1014 261 1086 286 trem
1103 265 1137 285 C0
1149 258 1197 293 (ιιιί
1211 266 1245 285 ex
1265 266 1296 285 CII
1315 262 1396 286 natus
1416 262 1468 290 est,
1488 266 1522 286 ex
1541 261 1721 294 consequenti
1742 269 1808 288 con-

1012 302 1084 330 ﬁteri
1100 309 1240 337 cogamur.
1255 302 1294 330 Nc
1310 303 1403 330 videar
1421 307 1512 331 autem
1533 303 1662 332 inanibus
1671 306 1807 334 conviciis

1012 348 1071 376 haec
1093 348 1122 375 in
1144 348 1220 376 illum
1235 349 1350 384 jactare,
1366 349 1442 376 illum
1461 349 1550 383 ipsum
1572 350 1631 377 suis
1653 351 1746 378 verbis
1764 357 1805 379 te—

1011 397 1081 421 stem
1106 393 1267 428 producam.
1283 393 1504 428 Apostolicorum
1528 394 1602 422 enim
1625 395 1805 423 documento-

1011 447 1082 472 l'llll],
1102 443 1130 467 et
1153 444 1311 467 sanctorum
1333 447 1563 475 quorumcunque
1584 441 1744 468 memoriam
1771 450 1805 470 ex

1010 483 1176 519 cogitatione
1194 491 1243 511 sua
1259 484 1457 516 exterminans,
1472 484 1498 511 in
1518 484 1737 513 orthodoxorum
1750 486 1804 514 Ec-

1009 529 1092 557 clesia
1107 530 1207 557 multas
1225 529 1381 557 istiusmodi
1400 537 1482 558 voces
1497 530 1584 558 edidit
1606 540 1613 558 :
1636 531 1697 559 Non
1719 540 1803 567 pepe-

1008 576 1055 609 rit,
1068 577 1166 611 optimi
1181 577 1246 609 viri,
1259 576 1342 604 Maria
1359 577 1456 609 Deum,
1479 577 1525 604 sed
1542 577 1682 605 hominem
1696 579 1804 615 peperit

1007 622 1163 651 divinitatis
1176 623 1403 651 instrumentum.
1421 623 1455 650 Et
1469 623 1496 650 in
1510 623 1571 651 aliis
1586 632 1683 652 rursus
1697 626 1801 660 magis:

1007 669 1092 704 Culpa
1108 674 1187 697 vacat
1201 669 1322 705 gentilis,
1337 669 1383 704 qui
1400 668 1453 696 diis
1472 674 1588 697 matrem
1605 669 1721 698 inducit.
1739 672 1803 699 Haec

1006 723 1021 742 a
1033 724 1076 742 me
1093 724 1178 751 pauca
1197 716 1230 743 de
1244 716 1339 743 multis
1350 715 1424 742 dicta
1446 715 1511 748 sint,
1530 715 1595 743 dum
1612 716 1644 743 ad
1659 718 1802 751 sequentia

1006 761 1118 789 festinat
1130 762 1228 790 oratio.
1242 762 1319 790 Unde
1333 761 1464 796 quoniam
1477 762 1614 790 horrenda
1633 767 1722 790 morte
1740 771 1802 798 per—

1007 808 1087 835 ibunt
1103 808 1191 843 impii,
1211 807 1372 843 pontiﬁcatu
1386 816 1434 843 per
1448 812 1558 836 sanctos
1572 809 1672 843 Ephesi
1686 817 1801 844 congre-

1007 859 1084 890 gatos
1097 854 1203 890 1046
1219 854 1312 881 divino
1334 854 1465 889 suffragio
1478 854 1600 889 dejeetus
1618 858 1670 887 est,
1684 859 1711 882 et
1721 855 1799 890 jussu

1008 900 1183 935 imperatoris
1202 900 1292 928 0asim
1313 900 1438 927 habitare
1462 901 1566 935 jussus,
1589 900 1675 928 futuri
1699 901 1800 936 impio-

1007 954 1068 973 rum
1091 946 1219 981 supplicii
1236 946 1312 973 illinc
1330 946 1447 981 sumpsit
1461 947 1616 979 exordium,
1639 954 1694 974 suae
1713 947 1800 982 ipsius

1007 993 1134 1020 amentia:
1155 993 1242 1020 factus
1261 992 1424 1025 ludibrium,
1440 998 1468 1020 et
1494 993 1521 1020 in
1549 1001 1577 1020 se
1602 993 1705 1020 dictum
1731 994 1798 1021 illud

1006 1039 1148 1073 complens
1164 1038 1286 1072 Apostoli
1309 1047 1315 1064 :
1338 1048 1347 1064 ε
1367 1038 1555 1071 Quorumdam
1575 1038 1717 1066 hominum
1733 1047 1798 1074 pec-

1005 1088 1065 1111 cata
1081 1083 1226 1110 manifesta
1242 1087 1316 1115 sunt,
1334 1083 1517 1118 praecedentia
1540 1083 1573 1110 ad
1593 1083 1728 1118 judicium
1745 1083 1764 1110 δ.
1785 1093 1794 1108 ι

1005 1128 1058 1156 Sed
1073 1129 1130 1155 haec
1146 1128 1269 1163 quidem,
1286 1132 1315 1155 ut
1329 1136 1389 1162 quae
1404 1127 1438 1154 ab
1452 1127 1513 1155 aliis
1531 1128 1627 1155 multis
1643 1128 1797 1155 examinata

1005 1179 1079 1206 sunt,
1096 1175 1237 1209 prmterire
1261 1177 1477 1201 consentaneum
1498 1177 1550 1200 est.
1576 1174 1725 1209 Pergamus
1747 1174 1797 1209 igi-

1005 1225 1050 1247 tur
1069 1219 1102 1246 ad
1123 1220 1276 1254 sequentia,
1295 1223 1323 1246 et
1339 1218 1372 1246 ad
1390 1222 1548 1246 sanctorum
1564 1219 1674 1246 Patrum
1691 1218 1790 1246 confes-

1005 1266 1109 1293 sionem
1128 1265 1280 1292 veniamus.

161 1313 353 1350 παραδραμεῖν
369 1316 527 1350 ἀναγκαῖον.
548 1315 610 1343 Ἐπὶ
625 1317 680 1352 (18)
700 1315 728 1342 δὲ
743 1315 778 1341 τὰ
795 1314 857 1349 ἑξῆς
870 1314 964 1348 ἴωμεν,
985 1314 1030 1340 καὶ¹
1045 1315 1082 1346 εἰς
1098 1314 1147 1349 τὴν
1166 1314 1220 1341 τῶν
1245 1314 1331 1348 ἁγίων
1345 1314 1476 1349 Πατέρων
1493 1313 1638 1349 ὁμολογίαν
1659 1313 1794 1348 μετέλθω-

162 1366 223 1393 μεν.

201 1407 298 1442 Ἡμεῖς
314 1409 370 1440 τοῖς
388 1408 576 1442 εὐαγγελικοῖς
595 1408 642 1435 καὶ
665 1409 856 1440 ἁποστολικοῖς
881 1415 951 1433 παν-

159 1453 243 1489 ταχοῦ
258 1454 414 1489 πειθόμενοι
427 1454 554 1489 δόγμασι,
571 1455 642 1481 κατὰ
659 1454 708 1490 τὴν
720 1455 871 1491 παράδοσιν
895 1453 951 1480 τῶν

1040 1405 1106 1436 Νοε,
1122 1403 1286 1438 evangelicis
1305 1407 1333 1430 et
1358 1402 1515 1438 apostolicis
1537 1403 1639 1438 ubique
1662 1404 1795 1440 dogmati-

1007 1451 1059 1478 bus
1073 1450 1267 1484 obsequentes,
1278 1450 1354 1484 juxta
1367 1453 1524 1476 sanctorum
1541 1449 1653 1476 Patrum
1669 1451 1794 1480 traditio—

160 1499 247 1535 ἁγίων
264 1500 405 1535 Πατέρων,
420 1501 466 1527 τὸν
479 1500 544 1526 Θεὸν
555 1501 650 1534 Λόγον,
666 1500 712 1527 τὸν
724 1490 802 1527 τούδε
820 1501 866 1527 τοῦ
882 1510 949 1528 παν-

1004 1503 1077 1526 nem,
1090 1495 1176 1521 Deum
1189 1494 1320 1526 Verbum,
1334 1494 1454 1521 universi
1470 1494 1552 1529 hujus
1572 1494 1747 1524 Conditorem
1762 1505 1794 1525 ac

160 1544 207 1577 τὸς
232 1544 402 1581 Δημιουργιόν
420 1555 449 1573 τε
471 1547 517 1573 καὶ
540 1546 658 1582 Κύριον,
682 1547 727 1574 τὸν
752 1548 881 1583 μονογενῆ
903 1548 950 1575 τοῦ

160 1591 268 1625 Πατρὸς
280 1591 353 1623 Υίὸν,
364 1591 411 1618 τὸν
423 1591 596 1626 προαιώνιον,
607 1593 653 1619 τὸν
667 1593 752 1628 ἀμιγῆ
768 1593 893 1628 σώματος
903 1596 950 1622 καὶ

160 1637 270 1664 πάντων
297 1638 348 1664 ὃσα
370 1636 506 1672 σώματος,
532 1638 578 1665 τὸν
596 1638 687 1666 πάντα
703 1638 767 1665 ὅντα
793 1640 844 1666 ὅσα
869 1643 917 1667 καὶ
935 1642 950 1667 ὁ

160 1681 265 1716 Πατὴρ,
286 1681 351 1717 πλὴν
366 1682 425 1713 ἑνὸς
441 1682 523 1717 μόνου
539 1682 585 1709 τοῦ
602 1681 673 1710 εἶναι
689 1683 801 1720 Πατὴρ,
825 1685 950 1712 πιστεύο-

161 1735 211 1762 μεν
225 1728 269 1754 ὲπ¹
285 1728 408 1763 ἐσχάτων
423 1728 477 1755 τῶν
488 1729 616 1764 ἡμερῶν,
635 1730 687 1756 ὑπὸ
706 1731 757 1764 τῆς
775 1731 856 1758 αὐτοῦ
874 1741 949 1768 κινη-

160 1773 241 1800 θέντα
256 1773 470 1809 φιλανθρωπίας,
483 1775 591 1811 εύδοκίᾳ
615 1774 662 1801 τοῦ
675 1775 742 1802 Θεοῦ
765 1777 812 1802 καὶ
830 1777 946 1812 Πατρδς,

159 1819 192 1846 ἐκ
204 1819 253 1854 τῆς
263 1820 344 1854 ἁγίας
357 1820 506 1855 Παρθένου,
519 1820 661 1855 δμοούσιον
671 1822 704 1856 τῇ
715 1821 844 1857 τικτούσῃ
859 1822 947 1856 σάρκα

159 1865 274 1892 λαϐόντα
290 1866 338 1893 καὶ
354 1865 501 1900 γενόμενον
526 1865 680 1901 ἄνθρωπον,
699 1866 861 1901 γεννηθῆναι
881 1867 948 1894 Θεὸν

161 1910 230 1945 μετὰ
242 1910 289 1936 τοῦ
309 1911 540 1946 προσλὴμματος,
567 1911 615 1945 οὐχ
635 1911 704 1947 ὅπερ
721 1910 755 1947 ἦν
777 1912 947 1938 ἀποϐαλόντα

160 1954 275 1990 (τροπῆς
287 1954 342 1990 γὰρ
358 1955 448 1990 πάσης
460 1955 490 1981 τὺ
499 1955 569 1981 θεῖον
585 1955 746 1991 ἐλεύθερον),
757 1956 826 1982 ἀλλὰ
835 1965 946 1992 προσει-

159 1999 263 2037 ληφότα
275 2000 305 2026 τὸ
320 2000 447 2035 γενέσθαι
465 2000 512 2027 καὶ
522 2001 676 2037 ἄνθρωπον.
692 2002 802 2034 Τοῦτον,
820 2002 890 2029 κατὰ
901 2003 946 2029 τὸν

159 2043 335 2071 ἁποστολικὸν
351 2044 440 2079 λόγον,
454 2045 619 2080 πειραθῆναι
633 2046 679 2073 καὶ
697 2046 751 2073 τῶν
767 2047 946 2082 ἀνθρωπίνων

158 2089 252 2118 παθῶν
271 2090 342 2118 κατὰ
359 2092 448 2118 πάντα
459 2112 467 2124 ,
485 2091 548 2118 καθ’
563 2091 708 2127 ὁμοιότητα
730 2092 778 2119 καὶ
802 2094 883 2129 νόμον
899 2093 945 2121 τὸν

157 2135 336 2172 ἀνθρώπειον,
351 2137 435 2172 χωρὶς
447 2137 600 2173 ἁμαρτίας·
620 2138 650 2165 τὺ
672 2138 727 2174 γὰρ
742 2139 880 2174 πεινῆσαι,
898 2139 944 2166 καὶ

157 2182 297 2215 κοπιάσαι,
322 2182 370 2209 καὶ
385 2182 531 2218 δακρύσαι,
549 2184 596 2210 καὶ
617 2183 668 2210 ὅσα
683 2183 808 2216 τοιαῦτα,
833 2185 882 2220 τῆς
897 2186 944 2212 ἀν-

157 2227 295 2262 θρωπείας
308 2227 416 2262 φύσεως
427 2227 576 2264 παρίστησι
589 2229 638 2264 τὴν
653 2229 783 2264 ἀλήθειαν
793 2237 800 2244 ·
818 2238 943 2265 σταυρω-

157 2270 235 2304 θῆναί
247 2279 278 2296 τε
292 2271 338 2297 ἐπὶ
353 2270 466 2298 Ποντίου
480 2272 596 2299 Πιλάτου
609 2294 616 2306 ,
641 2273 689 2300 καὶ
715 2273 861 2301 ἀποθανεῖν
872 2295 879 2306 ,
895 2275 942 2301 καὶ¹

156 2316 284 2350 ταφῆναι,
300 2317 347 2343 καὶ
363 2317 510 2352 ἀναστῆναι
527 2319 559 2353 τῇ
573 2318 650 2354 τρίτῃ
662 2319 764 2355 ἡμέρᾳ,
780 2320 829 2346 καὶ
843 2321 941 2356 ἀναλη-

156 2362 255 2397 φθῆναι
265 2363 305 2394 εἰς
319 2363 380 2395 τοὺς
389 2364 520 2400 οὐρανοὺς
532 2384 539 2395 ,
553 2365 592 2400 τῷ
607 2365 699 2401 οίκείῳ
712 2367 800 2402 Πατρὶ
815 2375 941 2403 συμπρο-

156 2409 401 2445 σκυνούμενον,καὶ
415 2409 641 2445 συνδοξαζόμενον
654 2412 729 2447 παρὰ
740 2413 829 2447 πάσης
845 2414 942 2449 νοητῆς

154 2462 183 2481 τε
197 2455 245 2482 καὶ
260 2455 393 2490 αἰσθητῆς
404 2455 512 2490 φύσεως
521 2464 528 2470 ·
543 2457 589 2482 καὶ
599 2457 680 2483 αὑτὸν
692 2457 772 2484 πάλιν
782 2458 941 2486 ἐλεύσεσθαι

154 2501 243 2535 κρῖναι
256 2500 361 2534 ζῶντας
375 2502 422 2529 καὶ
436 2502 561 2537 νεκροὺς,
573 2503 649 2530 οὐδὲν
664 2503 773 2539 ὑπὸτῆς
786 2504 832 2530 τοῦ
846 2504 939 2531 δούλου

155 2546 261 2581 μορφῆς
280 2547 319 2579 εἰς
339 2547 388 2583 τὴν
403 2547 477 2575 θείαν
493 2548 678 2575 ὲλαττωθέντα
697 2549 795 2583 φύσιν·
816 2549 873 2576 ἁλλ’
891 2550 940 2577 ἕνα

154 2589 219 2619 Θεὸν
233 2593 364 2629 μονογενῆ
391 2593 438 2623 καὶ
465 2594 567 2629 Κύριον
593 2593 640 2620 τοῦ
665 2594 783 2628 παντὸς,
801 2595 870 2630 μετὰ
888 2595 939 2631 τῆς

189 2670 200 2685 ⁸
213 2670 223 2697 l
240 2671 310 2698 Tim.
326 2680 353 2705 ν,
368 2672 414 2699 24.
452 2672 462 2688 ⁸
477 2672 562 2700 Hebr.
575 2681 612 2706 ιν,
626 2673 670 2700 15.

201 2747 244 2816 ιεῖ
262 2748 360 2784 Supra.
373 2749 392 2776 l.
410 2757 435 2777 c.
449 2750 502 2786 leg.
518 2750 658 2786 εἰληφότα.

201 2782 232 2810 l6
259 2783 298 2810 ιτ.
313 2783 395 2811 Sirm.
407 2784 493 2812 editio
509 2785 538 2812 h.
550 2786 568 2812 l.
583 2789 610 2812 et
622 2793 657 2816 po

199 2782 242 2816 16)
259 2782 395 2820 tta—Sirm.
407 2782 493 2812 editio
509 2785 538 2812 h.
550 2782 610 2812 Ποῖ
622 2789 684 2820 post
700 2791 784 2820 pauca
795 2784 859 2812 hab.
877 2783 936 2811 ἔτο-

154 2825 210 2852 κεν,
229 2825 278 2853 pro
302 2819 421 2852 τέτοκεν,
447 2824 477 2847 ιιι
501 2819 790 2857 videturflllaluimus
814 2819 936 2847 scribere

1004 1540 1162 1573 Dominum,
1180 1539 1352 1575 unigenitum
1367 1539 1457 1567 Patris
1473 1540 1583 1573 Filium,
1599 1542 1705 1568 saeculis
1717 1546 1794 1571 ante—

1004 1588 1117 1619 riorem,
1137 1587 1261 1622 corporis
1284 1591 1311 1614 et
1336 1587 1459 1614 omnium
1483 1595 1544 1622 qua:
1568 1592 1633 1614 sunt
1656 1590 1791 1624 corporis,

1002 1637 1154 1668 expertem,
1168 1633 1195 1660 in
1208 1640 1262 1668 quo
1275 1637 1338 1660 sunt
1353 1632 1444 1659 omnia
1459 1641 1520 1668 qua:
1539 1633 1567 1660 in
1580 1634 1669 1666 Patre,
1681 1640 1793 1670 praeter-

1002 1686 1083 1714 quam
1097 1686 1158 1705 esse
1173 1678 1291 1710 Patrem,
1308 1677 1446 1705 credimus
1465 1678 1493 1704 in
1510 1678 1667 1707 novissimis
1681 1680 1790 1714 diebus,

1002 1732 1050 1751 sua
1078 1723 1164 1758 ipsius
1186 1723 1354 1758 benignitate
1383 1728 1549 1758 permotum,
1574 1724 1676 1759 Deique
1702 1726 1791 1755 Patris

1002 1769 1073 1795 bona
1093 1769 1245 1800 voluntate,
1261 1776 1295 1794 cx
1318 1772 1411 1794 sancta
1431 1768 1543 1802 Virgine
1563 1770 1790 1799 consubstantiali

1000 1822 1081 1841 carne
1097 1818 1204 1848 sumpta
1219 1813 1358 1840 hominem
1374 1813 1486 1846 factum,
1507 1814 1594 1841 Deum
1610 1823 1663 1842 una
1677 1824 1739 1843 cum
1757 1825 1790 1844 eo

1001 1859 1074 1894 quod
1095 1859 1243 1893 assumpsit
1265 1863 1360 1885 natum
1380 1866 1451 1892 esse,
1467 1867 1523 1886 non
1540 1867 1573 1887 eo
1592 1860 1699 1896 abjecto
1716 1864 1789 1897 quod

1000 1909 1061 1932 erat
1083 1905 1166 1940 (Dens
1189 1904 1291 1939 quippe
1314 1904 1348 1930 ab
1370 1903 1444 1930 omni
1467 1905 1618 1933 mutatione
1636 1907 1707 1934 liber
1724 1909 1788 1943 est),

999 1950 1048 1978 sed
1072 1950 1125 1976 hoc
1154 1949 1294 1984 adjuncto,
1313 1949 1387 1983 quod
1414 1949 1496 1976 homo
1526 1950 1607 1977 etiam
1629 1951 1718 1979 factus
1742 1953 1787 1980 sit.

1000 1996 1095 2028 Hunc,
1124 1996 1196 2023 sicut
1228 1995 1266 2022 ait
1293 1994 1442 2029 Apostolus
1467 1994 1494 2027 ⁵,
1524 1995 1652 2023 humanis
1679 2005 1789 2033 quoque

1002 2041 1106 2076 1057
1129 2040 1324 2068 affectionibus
1349 2044 1482 2066 tentatum
1509 2040 1592 2068 fuisse
1616 2050 1666 2077 per
1685 2044 1787 2077 omnia,

998 2096 1050 2123 pro
1064 2087 1244 2115 similitudine
1258 2088 1264 2096 ‘
1277 2091 1305 2113 et
1320 2086 1377 2120 lege
1396 2086 1526 2119 humana,
1543 2088 1647 2123 absque
1664 2095 1786 2123 peccato.

997 2135 1135 2163 Esuriisse
1152 2134 1236 2165 enim.
1254 2138 1283 2160 et
1300 2133 1441 2168 fatigatum
1465 2141 1497 2160 ae
1518 2133 1695 2169 lacrymatum
1714 2144 1785 2170 esse,

996 2184 1024 2208 et
1046 2180 1099 2207 alia
1126 2179 1271 2215 ejusmodi,
1295 2179 1422 2206 humana:
1445 2183 1551 2206 natura;
1576 2181 1719 2209 veritatem
1740 2182 1787 2210 de-

997 2229 1151 2254 monstrant
1165 2234 1172 2252 :
1190 2225 1408 2259 cruciﬁxumque
1422 2232 1481 2252 esse
1499 2225 1551 2252 sub
1574 2225 1671 2253 Pontio
1687 2227 1783 2260 Pilato,

995 2276 1023 2299 et
1041 2276 1180 2299 mortuum
1197 2279 1229 2298 ac
1249 2271 1386 2306 sepultum
1406 2278 1476 2302 esse,
1496 2275 1524 2297 et
1539 2271 1619 2298 tertio
1631 2271 1675 2299 die
1692 2280 1784 2300 resur-

996 2319 1109 2351 rexisse,
1127 2323 1209 2353 atque
1225 2318 1252 2345 in
1266 2318 1350 2345 caelos
1362 2321 1531 2352 assumptum
1543 2325 1613 2350 esse,
1628 2326 1689 2345 cum
1704 2319 1784 2347 Patre

995 2365 1077 2392 simul
1094 2364 1236 2392 adoratum
1257 2368 1284 2391 et
1302 2363 1482 2399 gloriﬁcatum
1500 2363 1534 2390 ab
1556 2363 1683 2391 universa
1701 2365 1782 2392 intel-

992 2411 1066 2438 lectu
1087 2417 1223 2444 sensuque
1247 2409 1361 2444 prmdita
1384 2413 1481 2436 natura
1500 2417 1506 2435 :
1527 2412 1555 2436 et
1577 2408 1665 2443 ipsum
1687 2417 1782 2438 rursus

991 2461 1139 2484 venturum
1163 2456 1196 2482 ad
1210 2455 1373 2491 judicandos
1389 2454 1466 2482 vivos
1489 2457 1518 2481 et
1543 2459 1681 2488 mortuos,
1705 2456 1781 2483 nullo

991 2506 1072 2537 pacto
1087 2509 1122 2528 ex
1138 2501 1210 2528 servi
1220 2501 1313 2535 ,l'orma
1329 2500 1504 2528 imminutum
1519 2509 1535 2528 a
1551 2501 1642 2528 divina
1658 2505 1755 2528 natura
1771 2510 1778 2528 :

990 2550 1039 2577 sed
1053 2558 1138 2577 unum
1154 2550 1240 2577 Deum
1255 2549 1426 2584 unigenitum
1442 2553 1470 2576 et
1485 2548 1630 2576 Dominum
1646 2548 1778 2581 universi,

990 2603 1053 2623 cum
1074 2596 1186 2631 propria
1213 2603 1310 2629 carne,
1333 2602 1415 2631 quem
1442 2602 1539 2623 omnes
1563 2595 1728 2623 conﬁtentur
1750 2597 1779 2622 et

989 2749 1092 2786 ἔτεκεν,
1102 2753 1136 2786 ut
1146 2757 1239 2786 supra,
1253 2757 1285 2786 p.
1295 2749 1357 2782 572,
1374 2750 1484 2786 legitur.

1038 2785 1080 2820 l7)
1100 2785 1159 2818 Ἐφ.
1175 2785 1246 2820 Loco
1262 2785 1309 2812 cit.
1325 2785 1419 2820 prmm.
1433 2787 1476 2820 τῇ.

1038 2785 1069 2811 l7
1100 2785 1159 2818 Ἐφ.
1175 2784 1309 2812 Loco’cit.
1325 2784 1419 2820 prmni.
1433 2787 1476 2820 τῇ.

1024 2784 1080 2855 ἕως
1097 2820 1143 2846 ἐπὶ
1155 2819 1293 2855 -ῐυὶμεν,
1309 2821 1370 2848 Haec
1386 2825 1450 2848 sunt
1468 2820 1573 2852 ultima,
1590 2827 1616 2855 p.
1634 2818 1696 2848 37‘2.
