1965 3051
195 138 262 172 “50

684 138 926 170 THEODORETI
946 138 1116 170 EPISCOPI
1134 141 1316 173 CYRENSIS

1752 141 1819 176 1160

194 204 303 231 semper
326 195 449 224 adorant.
471 195 527 222 Ilac
548 194 582 222 de
602 202 684 222 causa
698 194 824 229 Deipara,
839 194 882 221 vir
898 193 979 225 bone,

1034 193 1100 226 ἰδίας
1116 195 1215 231 σαρκὸς
1231 195 1445 232 ὁμολογούμενόν
1467 196 1503 229 τεῖ
1518 196 1566 223 καὶ
1578 196 1618 228 εἰς
1642 196 1685 224 ἀεὶ
1698 206 1818 233 προσκυ-

194 243 229 270 ab
243 243 277 270 iis
293 243 338 277 qui
355 242 493 269 Christum
511 244 641 275 tanquam
656 241 742 268 Deum
755 241 880 272 adorant,
898 239 980 274 Virgo

195 289 359 324 praedicatur
380 297 386 314 :
411 295 465 314 non
492 288 569 322 quasi
598 287 690 314 divina
719 292 817 315 natura
842 286 980 321 Unigeniti

196 336 321 362 essentia:
345 342 400 361 sum
422 334 588 368 principium
608 341 641 360 ex
664 341 696 360 ea
721 332 884 367 sumpserit;
909 332 981 359 Deus

195 380 267 406 enim
285 384 312 406 et
332 386 404 406 nunc
416 383 467 410 est,
481 385 508 406 et
526 378 588 410 erit,
605 383 631 406 et
650 383 709 406 erat
725 379 752 405 in
770 378 914 413 principio,
930 386 980 405 ne-

195 432 248 459 que
265 425 299 451 ab
314 425 370 451 ullo
390 433 508 458 unquam
528 429 558 451 ut
574 429 646 452 esset
659 425 824 460 principium
837 425 953 459 sumpsit
972 432 979 451 :

195 470 242 496 sed
262 478 323 496 cum
343 470 398 504 jam
420 470 564 497 exsisteret
582 470 653 497 Deus
665 470 794 503 Verbum,
814 470 979 497 incarnatio-

196 514 248 545 nis,
267 515 533 549 dispensationisque
555 524 618 550 erga
640 523 690 543 nos
713 524 769 543 suae
791 516 899 543 initium
916 516 981 543 fecit

195 560 311 595 virginei
332 566 359 587 et
379 561 543 587 inuuaculati
568 561 638 588 uteri
663 561 869 589 habitationem.
891 561 980 596 Atque

195 606 278 640 hujus
290 606 329 632 rei
344 606 420 632 testis
431 610 472 633 est
484 607 623 640 apostolus
634 607 744 638 Paulus,
758 607 834 634 testis
844 610 886 634 est
897 607 980 634 etiam

195 652 305 678 divinus
324 652 490 686 evangelista
505 652 632 679 Joannes.
649 652 765 680 Sanctus
779 653 889 687 quidem
911 653 981 680 Pau-

195 697 238 723 lus
251 696 290 723 sic
302 697 456 724 exclamans
473 705 480 723 :
500 707 508 722 ι
520 697 592 724 Misit
602 698 673 725 Deus
690 698 787 724 Filium
800 706 891 730 suum,
909 708 917 724 ι
932 698 979 733 qui

195 748 255 769 erat
275 742 403 769 videlicet
421 742 520 777 (neque
543 743 615 770 enim
637 744 755 770 mittitur
766 743 838 778 quod
853 751 908 770 non
927 748 979 776 est,

198 787 304 822 1048
312 788 358 814 sed
368 787 417 822 tit),
432 798 440 813 ι
451 788 550 815 factum
561 797 594 816 ex
603 790 728 821 muliere,
738 789 788 824 legi
798 790 977 825 subjectum.»

195 832 246 865 Qui
270 839 361 860 autem
390 833 461 860 (ilius
483 834 596 865 tonitru,
613 839 725 870 propter
743 835 906 870 grandisona
923 843 979 863 cae—

195 879 328 912 lestiaque
348 878 485 914 dogmata,
504 888 519 906 a
541 880 656 907 Domino
678 882 831 916 appellatus
845 885 886 908 est
897 881 980 909 Joan-

194 933 254 957 nes,
267 933 328 952 eum
343 926 457 953 dixisset
468 926 490 958 ⁷,
508 927 593 953 Deum
607 935 667 954 esse
679 927 810 960 Verbum,
823 932 852 955 et
866 928 892 955 in
906 928 981 963 prin-

195 971 286 1006 cipio,
311 975 338 998 et
360 971 432 1006 apud
453 972 538 999 Deum
561 972 657 1005 fuisse,
683 977 711 1001 et
737 982 845 1010 semper
863 982 933 1007 esse,
953 979 982 1002 et

195 1018 286 1044 omnia
308 1026 357 1052 per
386 1019 474 1052 ipsum
504 1017 574 1046 facta
604 1027 675 1052 esse,
701 1024 730 1047 et
752 1020 896 1048 Dominum
921 1029 981 1049 esse

195 1064 319 1090 onmium
336 1073 342 1090 :
358 1069 386 1091 et
401 1072 462 1091 cum
480 1065 656 1098 ostendisset,
670 1066 728 1094 sine
742 1067 879 1102 principio
895 1068 982 1102 ipsius

196 1111 341 1136 essentiam
357 1118 427 1142 esse,
441 1115 468 1137 et
482 1111 740 1139 consubstantialem
756 1113 840 1145 Patri,
853 1118 980 1148 tanquam

197 1155 336 1190 Uuigcniti
359 1164 365 1182 :
390 1160 447 1183 tum
471 1157 503 1184 ad
532 1165 647 1185 arcanos
673 1158 755 1185 etiam
787 1159 982 1186 incarnationis

197 1209 337 1228 sermones
350 1201 530 1234 descendens,
547 1203 585 1230 ait
604 1212 610 1229 ε
634 1213 643 1228 ‹
659 1203 693 1230 Et
710 1204 830 1231 Verbum
847 1211 911 1232 caro
923 1204 980 1232 fac-

197 1250 253 1273 tum
283 1251 334 1277 est,
348 1250 376 1273 et
394 1246 525 1273 habitavit
549 1247 578 1274 in
594 1248 704 1275 nobis“.
723 1258 733 1274 ι
752 1248 894 1281 Quomodo
915 1257 981 1285 ergo

197 1299 251 1318 non
270 1292 394 1326 Deipara,
411 1299 428 1318 ο
447 1292 602 1319 mortalium
622 1293 755 1326 omnium,
780 1297 810 1320 ut
831 1297 922 1328 putas,
939 1302 981 1322 sa-

198 1337 376 1371 pientissime,
390 1345 450 1372 qua:
467 1338 552 1365 Deum
568 1338 698 1371 Verbum,
711 1339 783 1373 cLin
801 1344 879 1368 utero
893 1345 982 1375 gesta-

197 1383 237 1409 vit
261 1383 399 1410 hominem
426 1383 545 1416 factum,
567 1388 596 1411 et
612 1384 733 1418 peperit,
761 1389 790 1412 et
811 1390 899 1421 mater
922 1387 982 1421 ejus

195 1436 276 1462 quem
300 1429 422 1463 peperit,
449 1429 606 1457 necessario
631 1430 770 1457 creditur?
791 1430 844 1458 Sed
867 1435 895 1459 et
915 1439 978 1466 pro»

194 1475 282 1509 phette
297 1483 392 1502 omnes
411 1476 468 1502 haec
483 1475 641 1510 praedicant.
655 1476 696 1503 An
713 1476 808 1503 Isaiam
826 1477 980 1504 vociferan-

1032 240 1162 275 νούμενον
1172 249 1178 256 ·
1191 241 1235 268 διὰ
1248 242 1327 269 τοῦτο
1343 242 1484 274 Θεοτόκος,
1495 239 1518 270 ὧ
1534 242 1668 278 βέλτιστε,
1679 245 1754 280 παρὰ
1765 245 1819 272 τῶν

1031 285 1076 311 τὸν
1101 286 1218 321 Χριστὸν
1248 287 1286 318 ὡς
1307 286 1372 313 Θεὸν
1396 287 1621 322 προσκυνούντων
1642 289 1659 324 ή
1680 289 1819 324 Παρθένος

1031 331 1212 367 κηρύττεται’
1228 332 1277 367 οὐχ
1292 332 1329 364 ὡς
1348 333 1399 368 τῆς
1418 333 1492 365 Θείας
1513 334 1621 368 φύσεως
1639 335 1686 362 τοῦ
1701 337 1820 370 Μονογε-

1031 377 1094 408 νοῦς
1106 378 1194 414 ἀρχὴν
1209 378 1256 404 τοῦ
1271 376 1340 405 εἶναι
1352 378 1485 414 λαϐούσης
1506 379 1536 412 ἐξ
1554 380 1640 415 αὐτῆς
1651 388 1657 394 ·
1681 381 1747 412 Θεὸς
1764 381 1818 416 γὰρ

1031 423 1090 449 ἔστι
1103 432 1132 450 τε
1147 425 1193 450 καὶ
1208 423 1340 451 ἔσταικαὶ
1349 422 1382 459 ἦν
1400 426 1430 452 ὲν
1449 425 1530 461 ἀρχῇ,
1555 426 1683 453 οὐδέποτε
1695 427 1761 463 παρ’
1773 429 1819 455 οὑ-

1031 469 1106 501 δενδς
1119 469 1205 505 ἀρχὴν
1218 470 1265 496 τοῦ
1280 468 1348 497 εἶναι
1365 470 1470 498 λαϐών·
1486 471 1542 498 ἀλλ’
1554 470 1592 498 ὣν
1602 472 1663 508 ἤδη,
1678 473 1727 508 τῆς
1741 474 1817 501 ὲναν-

1032 514 1198 550 θρωπήσεως
1213 516 1259 542 καὶ
1273 516 1321 550 τῆς
1332 516 1477 552 περὶήμᾶς
1491 517 1648 551 οἰκονομίας
1663 518 1731 545 ότοῦ
1750 519 1817 546 Θεοῦ

1031 558 1117 592 Λόγος
1129 559 1216 595 ἀρχὴν
1229 561 1375 596 ἐποιήσατο
1386 561 1435 596 τῆς
1445 561 1611 597 παρθενικῆς
1623 563 1668 589 καὶ
1682 562 1817 598 ἀχράντου

1031 605 1126 640 νηδύος
1140 605 1189 640 τὴν
1208 605 1325 642 οῐκησιν.
1347 607 1401 633 Καὶ
1417 606 1511 634 τούτου
1528 607 1634 643 μάρτυς
1653 608 1704 643 μὲν
1723 610 1737 635 6
1750 609 1819 635 ἁπό-

1032 651 1124 682 στολος
1139 652 1258 683 Παῦλον
1273 653 1378 687 μάρτυς
1390 652 1419 679 δὲ
1433 652 1604 686 ὁζθεσπέσιος
1622 653 1817 688 εὐαγγελιστὴς

1037 695 1172 732 Ἰωάννης.
1196 698 1225 724 Ὀ
1248 698 1296 732 μὲν
1321 697 1396 732 ἅγιος
1413 698 1519 730 Παῦλος
1541 699 1640 726 οὑτωσὶ
1653 699 1813 734 κεκραγώς·

1035 751 1044 768 ι
1071 742 1274 774 Ἐξαπέστειλεν
1295 744 1309 769 6
1327 743 1393 775 Θεὸς
1404 743 1451 770 τὸν
1466 744 1529 771 Υἰδν
1542 744 1622 770 αὑτοῦ
1634 752 1641 760 ·
1657 754 1666 771 ι
1688 745 1733 771 τὸν
1753 745 1817 771 ὄντα

1031 787 1170 823 δηλονότι·
1185 788 1215 814 οὐ
1236 787 1290 823 γὰρ
1303 788 1498 815 ἀποστέλλεται
1513 790 1543 815 τι
1557 789 1594 824 μὴ
1607 788 1646 821 ὃν,
1661 789 1729 816 ἀλλὰ
1745 789 1816 823 γίνε-

1032 843 1094 860 ται·
1113 844 1122 860 ‹
1141 835 1285 870 γενόμενον
1308 835 1364 870 (l9)
1385 835 1417 862 ἐκ
1431 835 1577 869 γυναικὸς,
1600 835 1745 870 γενόμενον
1765 835 1817 862 ὑπδ

1031 881 1122 915 νόμον,
1139 889 1146 905 ι
1167 880 1214 907 καὶ
1225 880 1259 907 τὰ
1276 880 1349 914 ἑξῆς.
1372 881 1401 907 '0
1414 881 1442 907 δὲ
1458 880 1571 916 βροντῆς
1592 881 1649 912 υἱὸς
1663 881 1707 908 διὰ
1722 881 1752 907 τὸ
1770 890 1817 916 με-

1031 926 1185 960 γαλόφωνον
1196 926 1244 953 καὶ
1259 926 1383 960 οὐράνιον
1393 927 1446 953 τῶν
1457 926 1598 961 δογμάτων
1615 928 1690 962 παρὰ
1707 926 1753 953 τοῦ
1768 928 1816 952 Δε-

1032 972 1130 998 σπότου
1152 971 1260 1007 κληθεὶς
1281 972 1418 1007 Ἰωάννης,
1432 972 1564 1008 πρότερον
1579 973 1674 1004 εἰπὼν,
1690 972 1731 998 ὅτι
1751 972 1817 1004 Θεὸς

1030 1015 1064 1052 ἦν
1074 1019 1087 1044 6
1100 1017 1196 1052 Λόγος,
1211 1019 1257 1045 καὶ
1268 1018 1297 1044 ὲν
1313 1019 1396 1054 ἀρχῇ,
1417 1017 1464 1044 καὶ
1479 1018 1547 1054 πρὺς
1560 1017 1605 1044 τὸν
1623 1018 1689 1044 θεὸν
1704 1015 1737 1053 ἦν
1747 1037 1755 1050 ,
1769 1018 1817 1044 καὶ

1030 1064 1074 1090 ἀεὶ
1087 1061 1131 1099 ἦν,
1144 1064 1191 1090 καὶ
1204 1064 1245 1090 ὅτι
1257 1064 1345 1091 πάντα
1359 1064 1392 1091 δι’
1408 1063 1489 1090 αὐτοῦ
1506 1064 1625 1097 ἐγένετο,
1638 1065 1685 1091 καὶ
1699 1065 1740 1091 ὅτι
1753 1064 1818 1091 πάν-

1031 1118 1084 1136 των
1098 1110 1156 1136 ἐστὶ
1168 1109 1270 1145 Κύριος
1286 1109 1378 1141 αὐτὸς.
1395 1110 1441 1136 καὶ
1455 1109 1545 1141 δείξας
1558 1109 1675 1145 ἄναρχον
1691 1109 1774 1136 αὑτοῦ
1788 1109 1818 1136 τὸ

1031 1153 1101 1182 εἶναι
1117 1154 1165 1181 καὶ
1177 1155 1319 1190 ὁμοούσιον
1332 1155 1372 1191 τῷ
1383 1155 1481 1191 Πατρὶ,
1498 1155 1621 1191 καθάπερ
1636 1155 1815 1190 Μονογενοῦς·

1030 1201 1091 1227 τότε
1102 1201 1150 1227 καὶ
1170 1201 1238 1235 πρὸς
1257 1201 1319 1232 τοὺς
1333 1202 1507 1237 ἀπορρήτους
1524 1203 1574 1237 τῆς
1591 1201 1748 1237 οἰκονομίας
1767 1210 1817 1227 κα-

1030 1247 1166 1274 ταϐαίνων
1190 1247 1286 1281 λόγους
1298 1267 1306 1279 ,
1323 1247 1420 1282 φησίν·
1441 1256 1450 1272 ι
1466 1247 1522 1274 Kal
1536 1248 1550 1273 6
1563 1247 1649 1279 Λόγος
1668 1247 1735 1283 σὰρξ
1754 1247 1816 1281 ὲγέ-

1031 1301 1102 1325 νετο,
1121 1293 1169 1319 καὶ
1180 1293 1337 1328 ἐσκήνωσεν
1352 1293 1380 1319 ὲν
1399 1293 1473 1327 ἡμῖν.
1495 1302 1504 1318 ι
1530 1292 1593 1324 Πῶς
1612 1290 1657 1319 οὖν
1675 1293 1704 1319 οὐ
1722 1292 1817 1320 Θεοτό-

1030 1347 1088 1372 κος,
1102 1335 1125 1366 ὦ
1140 1338 1248 1366 πάντων
1264 1338 1426 1375 ἀνθρώπων,
1446 1339 1484 1371 ὡς
1497 1339 1558 1370 olet,
1574 1339 1724 1374 σοφώτατε,
1737 1340 1754 1374 ὴ
1770 1338 1816 1366 τὸν

1030 1383 1096 1410 Θεὸν
1120 1384 1206 1418 Λόγον
1228 1385 1424 1420 κυοφορήσασά
1445 1393 1474 1411 τε
1492 1385 1638 1420 γενόμενον
1662 1385 1815 1420 ἄνθρωπον,

1031 1430 1078 1457 καὶ
1105 1430 1260 1465 γεννήσασα
1274 1449 1281 1461 ,
1299 1431 1346 1456 καὶ
1364 1431 1455 1466 μήτηρ
1479 1427 1547 1457 εἰναι
1569 1430 1616 1456 τοῦ
1641 1430 1816 1464 γεννηθέντος

1031 1475 1186 1509 ἀναγκαίως
1207 1475 1406 1511 πιστευομένη;
1432 1476 1486 1502 Kal.
1506 1476 1607 1507 πάντες
1632 1476 1656 1502 οἰ
1678 1477 1815 1510 προφῆται

195 1524 248 1546 tem
269 1528 322 1547 non
336 1521 459 1548 audisti:
482 1530 490 1546 I
509 1521 579 1548 Ecce
591 1521 667 1557 virgo
680 1522 825 1557 concipiet,
846 1528 873 1550 et
892 1523 978 1557 pariet

1031 1520 1116 1548 ταῦτα
1130 1520 1319 1556 κηρύττουσιν,
1334 1522 1369 1547 Ἦ
1380 1521 1429 1548 οὐκ
1445 1522 1564 1557 ἤκουσας
1573 1521 1619 1548 τοῦ
1638 1522 1687 1557 μὲν
1706 1521 1815 1548 Ὴσαῖου

194 1566 292 1598 ﬁlium,
304 1570 332 1593 et
345 1567 489 1594 vocabitur
502 1575 602 1595 nomen
614 1568 673 1602 ejus
688 1568 847 1595 Emmanuel
857 1569 877 1595 '.
895 1578 905 1594 ι
920 1569 979 1596 Non

191 1612 267 1647 juxta
292 1617 328 1643 te,
346 1616 375 1639 et
391 1612 492 1640 deliras
514 1616 575 1639 tuas
594 1620 691 1648 nugas,
712 1621 843 1648 organum
866 1613 980 1641 Deitatis

196 1658 317 1692 (pariet),
335 1657 381 1684 sed
398 1658 484 1685 Deum
497 1660 505 1669 '
520 1659 674 1692 nobiscum,
687 1659 824 1686 hominem
842 1659 914 1686 sicut
929 1667 980 1687 nos

195 1703 306 1729 factum.
325 1704 359 1730 Et
370 1703 526 1735 Jeremiam,
542 1705 587 1738 qui
601 1709 630 1732 et
645 1705 702 1739 ipse
721 1705 840 1733 Verbum
856 1705 980 1733 incarna—

194 1752 253 1775 tum
265 1749 350 1775 Deum
363 1756 421 1775 esse
432 1748 576 1783 proﬁtetur
586 1749 628 1777 his
645 1750 756 1778 verbis:
771 1760 779 1776 ι
795 1751 844 1778 Hic
856 1755 897 1778 est.
907 1751 980 1778 Deus

194 1798 298 1826 noster,
307 1799 335 1821 et
345 1802 400 1821 non
412 1794 592 1822 :estimabitur
601 1795 670 1822 alius
684 1796 717 1823 ad
727 1804 790 1824 eum
804 1805 810 1823 :
821 1797 866 1824 hic
876 1797 979 1824 invenit

193 1848 303 1867 omnem
314 1841 385 1867 viam
398 1841 548 1876 disciplina:
559 1841 590 1868 ¹¹.
605 1851 614 1866 ι
631 1841 736 1878 1049
751 1843 786 1870 Et
800 1847 860 1877 post
871 1850 978 1878 pauca:

198 1895 208 1912 ι
224 1886 288 1914 Post
310 1886 368 1913 haec
390 1887 418 1913 in
435 1887 517 1914 terris
533 1887 608 1914 visus
623 1892 674 1919 est,
693 1892 721 1915 et
742 1896 804 1915 cum
821 1888 980 1916 hominibus

193 1937 371 1959 conversatus
392 1935 436 1959 est
456 1932 487 1958 ".
507 1941 516 1956 ι
541 1932 573 1958 Et
594 1932 775 1960 Praecursoris
799 1936 914 1959 matrem
944 1932 978 1959 ab

193 1977 332 2003 adorando
356 1976 459 2012 Spiritu
489 1976 648 2011 prophetice
670 1977 820 2010 incitatam,
840 1981 869 2004 et
887 1978 978 2005 excla-

193 2027 334 2049 mantem:
353 2032 362 2047 (
381 2022 459 2049 Unde
480 2022 531 2049 hoc
554 2022 631 2054 mihi,
654 2027 684 2049 ut
705 2023 797 2050 veniat
817 2028 904 2050 mater
923 2023 977 2050 Do-

193 2068 261 2094 mini
281 2068 334 2095 mei
355 2068 387 2095 ad
409 2075 452 2095 me
468 2068 506 2094 “‘1
525 2077 534 2093 ι
562 2068 623 2095 Haec
641 2076 701 2103 quae
717 2076 732 2096 a
749 2069 842 2096 multis
863 2069 979 2096 antehac

193 2112 265 2139 dicta
288 2117 362 2144 sunt,
387 2115 414 2139 et
433 2120 506 2139 nunc
527 2112 621 2139 itidem
641 2112 779 2144 dicuntur,
803 2113 978 2148 praztergredi

193 2164 306 2184 necesse
324 2161 376 2184 est.
401 2156 479 2189 Quod
499 2164 563 2191 ergo
587 2156 700 2191 Deipara
720 2157 754 2184 sit
773 2162 866 2185 sancta
884 2158 976 2193 Virgo,

1027 1563 1146 1599 βοῶντος
1156 1571 1163 1578 θ
1186 1573 1195 1589 ι
1218 1564 1284 1590 Ἰδοὺ
1299 1565 1316 1599 ἡ
1330 1564 1464 1600 παρθένος
1475 1566 1503 1591 ὲν
1519 1566 1618 1601 γαστρὶ
1633 1565 1756 1600 λήψεται,
1770 1566 1816 1592 καὶ

1030 1609 1136 1641 τέξεται
1153 1609 1220 1640 υἱὸν,
1234 1610 1281 1636 καὶ
1298 1609 1442 1636 καλέσουσι
1457 1609 1487 1636 τὸ
1503 1609 1588 1644 ὅνομα
1605 1609 1686 1636 αὑτοῦ
1711 1610 1815 1644 Ἐμμα-

1030 1655 1129 1689 νουήλ;
1149 1665 1158 1681 ι
1176 1655 1217 1688 οὐ,
1235 1654 1305 1682 κατὰ
1320 1655 1359 1688 σέ,
1378 1655 1426 1681 καὶ
1444 1655 1514 1682 κατὰ
1533 1655 1582 1687 τὰς
1604 1655 1651 1687 σὰς
1669 1654 1814 1690 ληρῳδίας,

1031 1700 1157 1736 Θεότητος
1167 1700 1282 1736 ὄργανον
1295 1721 1301 1733 ,
1322 1700 1390 1727 ἀλλὰ
1403 1700 1468 1726 Θεὸν
1486 1700 1544 1735 μεθ’
1559 1700 1648 1736 ἡμῶν,
1665 1699 1724 1727 καθ’
1741 1701 1814 1735 ἡμᾶς

1030 1745 1174 1780 γενόμενον
1192 1745 1344 1781 ἄνθρωπον.
1364 1745 1416 1772 Τοῦ
1432 1745 1461 1772 δὲ
1491 1745 1622 1781 Ἰερεμίου
1634 1765 1641 1778 ,
1669 1745 1716 1772 καὶ
1733 1745 1814 1772 αὑτοῦ

1030 1790 1218 1825 θεολογοῦντος
1230 1791 1275 1817 τὸν
1286 1790 1535 1825 ὲνανθρωπήσαντα
1556 1791 1650 1824 Λόγον,
1664 1790 1693 1817 ὲν
1708 1787 1747 1821 οἷς
1762 1798 1816 1825 φη-

1030 1845 1089 1863 σιν·
1110 1845 1118 1862 ι
1135 1832 1220 1868 Οὗτος
1241 1837 1254 1863 6
1269 1836 1334 1869 Θεὸς
1351 1835 1440 1871 ήμῶν,
1456 1837 1486 1862 οὐ
1510 1836 1699 1871 λογισθήσεται
1722 1835 1815 1870 ἔτερος

1030 1882 1098 1918 πρὸς
1117 1882 1213 1908 αὐτόν·
1232 1882 1327 1917 ἐξεῦρε
1352 1882 1442 1908 πᾶσαν
1464 1882 1522 1909 ὁδὸν
1541 1882 1706 1920 ἐπιστήμης.
1727 1890 1737 1906 ›
1759 1880 1815 1907 Καὶ

1031 1927 1090 1963 μετ’
1103 1927 1198 1962 ὀλίγα·
1220 1937 1229 1954 ι
1247 1927 1323 1954 Μετὰ
1345 1927 1431 1954 ταῦτα
1454 1928 1500 1954 ἐπὶ
1521 1927 1571 1962 τῆς
1589 1929 1640 1963 γῆς
1662 1927 1750 1962 ὤφθη,
1768 1927 1816 1953 καὶ

1029 1976 1085 2006 τοῖς
1105 1974 1260 2010 ἀνθρώποις
1284 1975 1501 2010 συνανεστράφη.
1517 1984 1526 2000 ι
1543 1974 1599 2000 Kal.
1615 1974 1663 2008 τῆς
1680 1973 1727 1999 τοῦ
1747 1981 1815 2009 προ-

1028 2023 1128 2058 δρόμου
1148 2023 1177 2049 δὲ
1195 2022 1295 2058 μητρὸς
1311 2021 1363 2048 ὑπὸ
1378 2022 1425 2048 τοῦ
1450 2019 1639 2057 προσκυνητοῦ
1657 2019 1814 2054 Πνεύματος

1029 2067 1208 2103 προφητικῶς
1225 2068 1388 2102 κινουμένης
1405 2076 1434 2094 τε
1446 2067 1492 2094 καὶ
1507 2066 1629 2102 βοώσης·
1648 2076 1656 2091 ι
1674 2065 1758 2093 Πόθεν
1770 2073 1814 2100 μοι

1028 2114 1117 2146 τοῦτο,
1130 2114 1174 2140 ἵνα
1185 2113 1250 2150 ἔλθῃ
1265 2115 1282 2149 ή
1300 2115 1391 2149 μήτηρ
1406 2112 1454 2140 τοῦ
1470 2113 1573 2148 Κυρίου
1587 2121 1637 2148 μου
1652 2112 1718 2147 πρός
1731 2120 1783 2147 με;
1802 2120 1813 2138 ι

1029 2161 1122 2187 Ταῦτα
1136 2160 1242 2191 πολλοῖς
1258 2159 1389 2195 πρότερον
1407 2159 1551 2194 εἰρημένα,
1573 2159 1621 2185 καὶ
1639 2157 1686 2184 νῦν
1700 2158 1727 2184 δὲ
1741 2157 1816 2184 οὐδέν

192 2203 267 2239 sanis
281 2202 418 2229 mentibus
431 2202 570 2230 sufﬁciunt
583 2211 643 2237 qua:
657 2203 775 2231 diximus
789 2212 795 2230 :
808 2204 856 2231 sed
871 2204 978 2232 doctam

1031 2204 1110 2243 ἧττον
1132 2206 1266 2242 λεγόμενα
1278 2226 1286 2238 ,
1303 2205 1491 2241 παραδραμεῖν
1515 2205 1672 2238 ἀναγκαῖον.
1690 2203 1751 2230 Ὅτι
1767 2202 1816 2238 μὲν

191 2246 252 2282 ejus
266 2246 528 2282 argumentationem
545 2247 639 2281 paucis
653 2253 777 2276 evertere
794 2249 923 2276 conabor.

228 2391 312 2418 Paulo
336 2391 428 2426 itaque
452 2391 589 2426 superius,
608 2391 714 2424 Christi,
735 2392 834 2424 aiebat,
856 2393 977 2428 appella-

194 2437 233 2465 tio
250 2437 317 2464 duas
334 2441 445 2464 naturas
465 2435 599 2471 designat,
615 2435 685 2463 Deus
699 2444 764 2464 vero
780 2437 932 2471 simplicem
950 2441 978 2464 et

193 2482 411 2517 incompositam,
436 2481 519 2508 Homo
543 2486 634 2509 autem
655 2481 802 2508 humanam
827 2490 977 2517 repraesen-

194 2533 234 2556 tat
246 2533 382 2555 naturam.
392 2527 461 2561 Quid
475 2528 534 2555 ais?
548 2528 620 2563 Ergo
633 2535 694 2555 cum
707 2528 840 2556 Dominus
851 2528 879 2555 in
891 2528 978 2555 Evan-

193 2573 271 2609 geliis
288 2573 433 2602 diviniora,
454 2577 491 2604 et,
512 2577 543 2600 ut
562 2573 620 2608 ipse
638 2573 771 2608 loquitur.
786 2574 908 2602 ccelestia
927 2573 978 2601 do-

193 2625 268 2650 cens,
286 2617 434 2645 Nicodemo
451 2618 556 2645 diceret
573 2618 713 2654 (tanquam
732 2619 805 2646 enim
825 2627 887 2647 cum
906 2619 978 2646 divi-

193 2671 290 2692 narum
317 2663 480 2691 Litterarum
507 2665 596 2700 perito
619 2668 710 2692 tecum
733 2666 843 2702 agam):
864 2675 873 2692 ‹
893 2666 979 2694 Nemo

228 2743 238 2758 ‘
252 2742 338 2770 Galat.
354 2750 390 2775 IV,
403 2742 428 2770 4.

195 2777 214 2793 ¹¹
231 2777 297 2804 ibid.
317 2777 361 2804 38.
401 2779 422 2793 “
431 2777 498 2805 Luc.
515 2786 533 2811 I,
549 2778 593 2805 45.

229 2855 283 2889 (19)
301 2855 393 2889 γενόμ.
409 2858 428 2880 ῐ.
454 2855 498 2882 Ill.
514 2863 574 2890 pag.
589 2855 651 2888 382,
666 2856 718 2890 leg.
742 2855 919 2890 γεννώμενον,

468 2742 564 2770 ’Joan.
584 2751 602 2776 l,
619 2743 678 2770 l-5.
717 2743 804 2771 ’ibid.
835 2744 878 2772 14.
916 2744 927 2760 ⁸
941 2744 992 2772 lsa.

1029 2251 1076 2280 οὖν
1089 2253 1217 2285 Θεοτόκος
1233 2253 1249 2288 ἡ
1262 2251 1327 2286 ἁγία
1343 2251 1489 2287 Παρθένος,
1503 2250 1583 2277 ἰκανὰ
1594 2251 1648 2281 τοῖς
1662 2247 1817 2283 εὐγνώμοσι

1029 2299 1065 2326 τὰ
1076 2299 1218 2336 εἰρημένα.
1242 2299 1297 2334 Τὴν
1323 2298 1350 2324 δὲ
1364 2299 1448 2332 σοφὴν
1472 2296 1554 2324 αὑτοῦ
1582 2295 1753 2330 τεχνολογίαν
1772 2293 1817 2320 διὰ

1030 2345 1153 2381 βραχέων
1172 2344 1323 2381 ἀνατρέψαι
1338 2344 1515 2379 πειράσομαι.
1693 2350 1695 2353 '

1066 2391 1171 2426 Μικρὸν
1189 2391 1218 2417 δὲ
1237 2390 1379 2426 ἄνωθεν,ἡ
1399 2389 1535 2424 Χριστὸς,
1552 2387 1630 2424 φησὶ,
1646 2386 1817 2423 προσηγορία

1030 2435 1085 2463 τῶν
1104 2436 1150 2462 δύο
1169 2435 1277 2470 φύσεών
1302 2437 1360 2462 ἐστι
1384 2434 1554 2470 σημαντική·
1578 2434 1595 2469 ή
1615 2433 1644 2459 δὲ
1661 2433 1748 2464 Θεὸς,
1767 2431 1817 2466 τῆς

1031 2483 1118 2518 ἁπλῆς
1134 2482 1181 2509 καὶ
1199 2481 1343 2508 ἁσυνϐἐτου
1354 2489 1361 2495 ·
1377 2481 1393 2516 ή
1413 2480 1442 2507 δὲ
1462 2479 1625 2514 ἄνθρωπος,
1645 2478 1694 2513 τὴν
1712 2477 1817 2511 ἀνθρω-

1031 2528 1111 2555 πείαν
1126 2527 1275 2563 παρίστησι
1287 2526 1378 2561 φύσιν.
1396 2525 1428 2553 Τί
1443 2525 1549 2560 λέγεις;
1568 2524 1653 2551 Ὅταν
1667 2522 1712 2550 οὖν
1731 2523 1745 2549 6
1761 2522 1818 2549 Κύ-

1033 2583 1089 2610 ριος
1104 2575 1134 2601 ὲν
1151 2575 1206 2605 τοῖς
1222 2572 1400 2608 Εὑαγγελίοις
1414 2571 1448 2598 τὰ
1463 2571 1587 2606 Θειότερα
1598 2590 1606 2603 ,
1623 2569 1670 2597 καὶ
1686 2569 1723 2600 ὡς
1736 2568 1818 2600 αὐτὸς

1031 2618 1107 2647 εἶπεν
1132 2619 1283 2654 ἐπουράνια
1313 2618 1463 2649 διδάσκων,
1490 2616 1558 2652 πρὸς
1587 2615 1633 2642 τὸν
1661 2615 1818 2648 Νικόδημον

1031 2667 1098 2703 λέγῃ
1119 2666 1165 2702 (ὡς
1182 2666 1236 2701 γὰρ
1247 2665 1327 2692 εἰδότι
1348 2672 1389 2691 σοι
1408 2664 1457 2696 τὰς
1472 2663 1546 2695 θείας
1564 2661 1721 2696 διαλέξομαι
1744 2660 1817 2696 Γρα-

1024 2752 1043 2777 ι,
1063 2743 1112 2778 M;
1140 2743 1204 2771 coll.
1226 2742 1410 2776 Matth.,t,9.5.
1449 2741 1471 2758 ιο
1485 2740 1602 2768 Baruch.
1636 2748 1676 2773 ut,
1693 2738 1739 2772 56,
1771 2737 1817 2766 5⁸1.

939 2861 1039 2883 natum.
