1965 3051
168 105 232 165 uel

692 127 876 164 LIBELLUS
893 133 1043 164 CONTRA
1061 134 1284 165 NESTORIUM

1723 133 1791 166 1162

165 187 234 220 ψ·
252 194 262 212 t
277 185 371 217 Οὐδεὶς
392 185 558 220 ὶναῦιίὸηκεν
574 187 613 217 εἰς
627 186 672 212 τὸν
688 187 800 221 οὐρανὸν
810 207 818 220 ,
843 188 866 214 εί
886 187 922 222 μὴ
936 187 945 212 ί

1001 188 1125 215 ascendit
1153 188 1179 215 in
1204 188 1313 220 cmlum,
1333 188 1386 215 nisi
1411 188 1458 222 qui
1483 187 1625 215 descendit
1647 189 1682 215 de
1708 191 1788 221 cisio,

165 233 199 259 ὲκ
214 232 262 258 τοῦ
276 231 392 267 οὐρανοῦ
407 232 540 264 καταϐὰς,
552 233 566 259 ὁ
581 232 644 264 Υἱὸς
653 233 700 259 τοῦ
714 233 868 269 ἀνθρώπου,
885 235 899 260 ὀ
913 233 950 260 ὦν

167 277 197 303 ἐν
207 276 245 311 τῷ
261 276 378 311 οὐρανῷ.
397 286 406 302 ›
434 276 544 312 Ἐπειδὴ
561 277 625 303 Υἰὺν
641 277 785 313 ἀνθρώπου
801 279 894 313 σαφῶς
913 276 951 305 εἷ-

163 329 223 355 πεν,
240 321 295 358 ἄρα
312 323 360 349 τὴν
371 322 544 357 ἀνθρωπείαν
565 323 646 357 φύσιν
658 324 774 359 ἐροῦμεν
792 325 824 351 ὲκ
837 325 890 351 τῶν
906 325 950 351 οὑο

164 368 252 403 ρανῶν
267 367 476 402 κατεληλυθέναι
489 367 559 394 κατὰ
570 369 618 404 τὴν
632 369 718 404 ἀσεϐῆ
730 371 776 396 καὶ
789 370 889 405 ἄσοφόν
903 380 949 397 σου

163 415 277 449 σοφίαν;
296 415 358 445 Τοῖς
372 414 426 449 γὰρ
443 415 498 446 σοῖς
518 414 588 441 κατὰ
604 415 650 441 σοῦ
665 417 804 451 χρήσομαι
817 418 950 453 σοφίσμα-

163 467 215 487 σιν.
234 460 341 492 ¹’Δπαγε
357 459 407 493 τῆς
422 458 605 493 βλασφημίας.
626 460 663 486 Οὺ
679 460 732 494 γὰρ
752 461 768 494 ή
784 460 832 487 τοῦ
849 461 950 487 Δεσπό-

161 513 208 531 του
234 504 302 539 σὰρξ
325 505 356 530 ἐκ
372 504 425 530 τῶν
448 504 571 538 οὐρανῶν
595 505 788 541 κατελήλυθεν,
812 507 829 542 ἢ
846 507 902 543 (ἓο)
915 507 949 533 τὰ

161 550 252 577 πάντα
263 549 370 584 πληροῖ.
391 549 461 576 Ἀλλ’
473 550 590 577 ἐνταῦοα
602 552 665 586 περὶ
674 552 724 587 τῆς
738 552 864 587 θεότητος
876 554 949 580 ἐστιν

160 598 174 622 ὀ
192 596 270 630 λόγος
283 596 322 631 τῷ
335 596 460 632 Δεσπότῃ
473 596 584 631 Χριστῷ
596 605 603 611 ·
619 599 633 623 ὀ
645 598 698 632 γὰρ
714 598 838 630 καταϐὰς
851 600 882 626 ἐκ
895 599 949 626 τῶν

160 642 292 676 οὐρανῶν,
311 642 358 668 καὶ
376 642 464 669 πάντα
481 641 602 677 πληρῶν,
620 643 667 669 καὶ
689 643 726 678 μὴ
752 643 948 678 ἀπολιμπάνων

159 688 252 714 ἐκεῖνα
271 687 332 714 ὅθεν
346 688 459 722 κατέϐη,
476 689 490 714 ὁ
506 688 572 719 Θεός
586 689 643 714 ἐστι
655 689 750 722 Λόγος,
765 689 808 715 διὰ
823 689 870 715 τοῦ
883 698 949 725 προ-

160 734 245 768 φήτου
263 733 348 768 βοῶν’
370 743 380 759 ι
398 734 465 768 Οὐχὶ
488 734 535 760 τὸν
557 735 671 769 οὐρανὸν
694 735 740 761 καὶ
757 735 805 769 τὴν
822 735 874 770 γῆν
893 735 949 769 ἐγὼ

159 778 269 814 πληρῶ;
288 779 361 812 λέγει
373 779 484 814 Κύριος.
503 788 512 805 ι
526 779 582 806 Καὶ
596 779 677 806 πάλιν
688 788 696 796 ”
724 790 733 806 ι
749 780 795 812 Τίς
810 781 947 816 ὲμέτρησε

158 825 191 860 τῇ
208 825 279 860 χειρὶ
292 825 323 851 τὸ
337 825 418 860 ὕδωρ,
436 825 483 852 καὶ
498 825 542 852 τὸν
555 826 670 861 οὐρανὸν
684 826 819 862 σπιθαμῇ,
831 828 878 854 καὶ
894 828 948 854 πᾶ-

159 878 208 896 σαν
222 870 272 905 τὴν
284 871 335 905 γῆν
349 870 428 905 δρακὶ
441 879 448 904 ;
470 881 479 897 ι
490 871 550 898 καί·
571 881 579 896 ι
605 871 634 899 '0
646 873 760 907 οὐρανός
779 861 824 908 μοι
842 873 946 908 θρόνος.
964 861 984 888 Β

157 917 174 951 ὴ
190 916 219 942 δὲ
234 917 270 951 γῆ
283 917 427 943 ὑποπόδιον
437 918 491 943 τῶν
506 917 593 944 ποδῶν
610 927 671 953 μου.
693 929 702 944 ι
721 919 797 945 Καθὸ
823 919 878 954 (2|)
901 919 949 954 μὲν

157 962 235 994 Θεὸς,
254 963 283 988 ὲν
298 963 405 998 οὐρανῷ
420 972 449 989 τε
467 963 515 994 ὢν,
530 964 577 990 καὶ
593 963 696 991 κατιὼν
715 965 786 1000 πρὸς
799 966 815 1000 ἡ
821 967 883 1000 μᾶς,
903 965 950 992 καὶ

157 1007 193 1034 τὰ
208 1008 296 1033 πάντα
307 1007 419 1042 πληρῶν
432 1016 437 1022 ·
453 1009 515 1035 καθ’
530 1009 579 1036 ὅδὲ
597 1010 740 1045 ἄνθρωπος
757 1011 864 1045 γέγονε,
881 1011 949 1046 μετὰ

157 1054 207 1089 τὴν
222 1053 290 1089 πρὸς
313 1054 387 1089 ἡμᾶς
409 1055 625 1088 συγκατάϐασιν,
643 1056 727 1083 ἀνιών
747 1065 777 1083 τε
804 1059 845 1088 εὶς
867 1059 949 1092 οὐρα-

159 1100 231 1132 νοὺς,
242 1102 289 1126 καὶ
302 1101 341 1136 τῷ
351 1101 442 1136 οἰκείῳ
451 1102 537 1136 [lupi
554 1101 788 1138 συνδοξαζόμενος.
801 1103 887 1130 Τοῦτο
895 1104 949 1139 γὰρ

158 1145 234 1180 δηλοί
250 1147 342 1172 καὶτὸ
357 1148 416 1182 είρη
422 1147 501 1182 μένον
514 1148 553 1182 τῷ
570 1149 715 1184 ίεροψάλτῃ
732 1149 813 1175 Δαὸίδ
825 1170 831 1177 .
850 1148 948 1176 «Εἶπεν

157 1193 282 1228 όΚύριος
307 1193 345 1228 τῷ
368 1194 463 1228 Κυρίῳ
480 1201 549 1229 μου⁵
567 1195 660 1222 Κάθου
685 1196 716 1222 ὲκ
738 1196 832 1229 δεξιῶν
855 1205 916 1231 μου.
936 1206 945 1223 ι

164 1237 230 1264 Ἰδοὺ
247 1238 296 1273 τῆς
322 1239 452 1274 περιττῆς
474 1248 520 1266 σου
539 1240 592 1266 τῶν
606 1240 694 1275 λόγων
711 1243 807 1276 σοφίας
832 1243 949 1277 ἀκριόὴς

157 1282 267 1318 ἔλεγχος
283 1285 300 1318 ὴ
326 1284 374 1310 τοῦ
393 1285 496 1319 Κυρίου
525 1286 610 1320 φωνή.
638 1286 702 1313 Υίὺν
724 1287 778 1321 γὰρ
803 1288 948 1322 ἀνθρώπου

157 1329 295 1364 προτάξας
311 1330 510 1358 καταδαίνοντα
528 1333 559 1358 ὲκ
569 1332 622 1358 τῶν
634 1333 767 1367 οὐρανῶν,
785 1334 831 1360 καὶ
843 1334 906 1360 ὄντα
919 1336 948 1361 ἐν

158 1376 272 1408 ἐκείνοις
291 1377 351 1404 ὅθεν
378 1378 481 1413 κατέϐη
492 1387 499 1394 ·
514 1378 592 1405 τοῦτο
617 1379 671 1415 γὰρ
685 1380 819 1415 ἐδήλωσεν
842 1381 926 1408 εἰπών
939 1389 946 1397 ·

161 1431 170 1447 ι
187 1421 217 1448 '0
228 1422 265 1448 ῶν
285 1423 313 1449 ἐν
327 1423 365 1458 τῷ
378 1423 501 1459 οὐρανῷ·
524 1434 532 1449 ι
552 1425 601 1460 τὴν
617 1425 693 1452 θείαν
706 1426 753 1452 καὶ
768 1427 856 1453 πάντα
871 1436 946 1463 περι-

157 1465 272 1501 έχουσαν
288 1468 421 1502 ἐδήλωσεν
437 1469 542 1502 οὐσίαν,
557 1471 624 1506 πρὸς
639 1471 712 1506 ἡμᾶς
727 1471 766 1506 τῷ
783 1473 831 1507 τῆς
844 1474 947 1500 οίκονο-

159 1513 224 1547 μίας
240 1514 386 1539 κατιοῦσαν
409 1514 494 1550 λόγῳ,
514 1516 560 1542 καὶ
583 1516 632 1551 τὴν
651 1517 787 1552 ἡμετέραν
811 1518 840 1544 ἐν
863 1519 945 1555 ἑαυτῇ
960 1527 982 1555 c

160 1558 242 1592 φύσιν
256 1559 324 1593 πρὸς
349 1558 394 1585 τον
409 1560 544 1595 πατρικὸν
557 1561 676 1595 ἄγουσαν
693 1561 798 1595 Θρίνον,
825 1563 895 1590 κατὰ
917 1563 947 1590 τὸ

155 1603 300 1638 εἰρημένον
314 1604 353 1637 τῷ
371 1604 507 1639 θεσπεσίῳ
523 1606 637 1641 Παύλῳ·
656 1616 666 1633 ι
684 1608 738 1634 Καὶ
764 1608 844 1635 αὐτον
870 1609 947 1644 ἤγει-

158 1655 203 1683 ρεν
217 1649 264 1674 τὸν
286 1649 402 1683 Χριστὸν
421 1650 453 1675 ὲκ
468 1649 522 1676 τῶν
538 1651 596 1685 (2:2)
615 1652 736 1687 νεκρῶν,
755 1653 801 1679 καὶ
821 1653 947 1681 ἐκάθισεν

155 1693 186 1719 ὲν
201 1692 274 1728 δεξιᾷ
289 1693 370 1720 αὑτοῦ
395 1694 470 1727 (‘25),
493 1695 622 1730 ὑπεράνω
644 1697 736 1731 πάσης
761 1697 871 1732 Ἄρηι-ῆς,
899 1699 947 1724 καὶ

163 1737 312 1770 Ἐξουσίας,
330 1740 376 1765 καὶ
390 1740 546 1775 Δυνάμεως,
560 1742 606 1768 καὶ
622 1741 799 1778 κυριότητος,
818 1744 864 1770 καὶ
877 1752 946 1770 παν-

155 1784 200 1815 τδς
225 1785 358 1820 ὀνόματος
380 1786 581 1821 ὀνομαζομένου
595 1808 601 1818 ,
618 1788 648 1813 οὐ
668 1788 749 1822 μόνον
765 1789 794 1815 ὲν
815 1789 853 1823 τῷ
867 1789 946 1816 αἰῶνι

155 1830 252 1865 τούτῳ,
271 1831 338 1857 ἀλλὰ
365 1832 412 1858 καὶ
429 1833 457 1857 ὲν
479 1832 517 1867 τῷ
533 1833 666 1867 μέλλοντι.
687 1843 696 1859 ι
723 1833 761 1860 Οὐ
782 1834 812 1869 δή
830 1843 881 1860 που
897 1836 946 1869 τῆς

156 1875 231 1906 θείας
258 1875 305 1902 τοῦ
325 1877 495 1909 Μονογενοῦς
520 1877 613 1908 οὐσίας
635 1878 705 1913 μετὰ
721 1877 769 1913 τὴν
791 1879 823 1908 ὲκ
842 1879 946 1914 νεκρῶν

155 1922 302 1948 ἀνάστασιν
320 1922 370 1956 τῆς
387 1922 432 1948 τοῦ
443 1921 548 1957 Πατρὺς
568 1923 646 1957 δόξης
666 1923 848 1959 ἀξιουμένης·
877 1925 946 1951 ἀλλὰ

155 1968 226 1998 τότε,
242 1967 310 2002 μετὰ
329 1968 378 2003 τὴν
395 1969 434 1998 εἷς
447 1968 578 2002 οὐρανοὺς
593 1968 697 2000 ἄνοδον,
712 1968 760 1995 τοῦ
774 1969 842 1996 Θεοῦ
857 1970 945 2004 Λόγου

155 2015 188 2048 τῇ
204 2013 252 2039 τοῦ
267 2013 372 2048 Πατρὸς
383 2013 446 2048 δόξῃ
457 2013 614 2048 τιμωμένου
629 2022 659 2039 τε
679 2014 727 2040 καὶ
742 2015 946 2049 προσκυνουμέ-

155 2068 200 2085 νου
218 2058 285 2093 μετὰ
296 2059 344 2094 τῆς
360 2059 428 2090 ἰδίας
444 2059 554 2093 σαρκός.
582 2059 636 2085 Καὶ
656 2059 770 2094 ἑτέρωθι
790 2060 818 2086 δὲ
834 2060 848 2086 ὁ
863 2060 945 2094 αὐτὸς

154 2105 301 2136 ἀπόστολος
321 2104 426 2136 Παῦλος
445 2103 571 2131 ἐκϐάλλει
588 2114 634 2131 σου
649 2105 751 2141 ταύτην
763 2105 811 2141 τὴν
827 2115 946 2140 κενοφω·

154 2149 224 2176 νίαν.
238 2149 391 2185 Κορινθίοις
404 2148 458 2185 γὰρ
475 2149 640 2176 ἐπιστέλλων
655 2150 737 2185 φησίν
747 2159 753 2165 ’
768 2161 777 2176 ι
797 2151 825 2178 '0
837 2151 945 2187 πρῶτος

1002 234 1088 261 Filius
1103 234 1234 266 hominis,
1255 235 1302 269 qui
1327 237 1369 260 est
1387 234 1416 260 in
1442 233 1512 260 cmlo
1526 233 1558 266 ⁸³,
1577 243 1586 258 ι
1607 233 1670 268 quia
1691 233 1791 262 Filium

1000 279 1122 306 hominis
1145 284 1238 314 aperte
1268 279 1347 310 dixit,
1367 286 1402 305 an
1428 278 1576 304 humanam
1604 283 1730 305 naturam
1756 278 1791 306 de

1001 325 1078 353 coalis
1092 325 1267 353 descendisse
1282 325 1416 357 dicemus,
1428 325 1505 359 juxta
1518 324 1629 359 impiam
1642 328 1671 351 et
1681 324 1791 352 stultam

1001 371 1165 406 sapientiam
1188 372 1280 398 tuam?
1302 371 1369 398 Tuis
1394 371 1467 398 enim
1490 375 1586 398 contra
1613 373 1639 397 te
1663 374 1725 397 utar
1744 378 1791 398 so-

1000 418 1154 453 phismatis.
1185 418 1311 445 Facessat
1326 417 1505 452 blasphemia.
1524 416 1579 444 Nec
1595 416 1668 443 enim
1684 417 1718 443 de
1734 423 1791 444 ece-

1000 464 1034 491 lis
1044 464 1187 492 descendit
1195 464 1302 491 Domini
1315 471 1388 495 caro,
1398 471 1449 491 nec
1461 463 1556 497 implet
1566 462 1656 489 omnia
1668 471 1673 489 :
1687 461 1793 497 1050

1000 510 1049 537 sed
1071 510 1105 537 de
1126 510 1270 537 divinitate
1285 509 1395 537 Christo
1422 509 1538 536 Domino
1558 508 1603 536 hic
1625 515 1717 535 sermo
1738 512 1791 535 est.

1000 556 1052 589 Qui
1071 556 1144 583 enim
1160 556 1194 583 de
1212 555 1459 587 cadis-descendit,
1473 559 1501 582 et
1514 555 1610 589 implet
1622 554 1724 586 omnia,
1740 561 1792 581 nec

1000 602 1046 629 illa
1066 601 1168 630 deserit
1185 602 1258 629 unde
1277 602 1429 634 descendit,
1445 602 1517 629 Deus
1537 606 1579 629 est
1596 602 1727 633 Verbum,
1743 609 1792 636 per

999 648 1161 683 prophetam
1188 648 1310 674 clamans
1332 656 1338 673 :
1363 656 1372 672 ι
1392 647 1489 674 Nonne
1513 646 1613 674 coelum
1636 650 1665 673 et
1689 651 1790 673 terram

1000 701 1052 727 ego
1068 693 1187 727 impleo?
1203 692 1271 719 dicit
1286 692 1418 719 Dominus
1430 691 1461 718 η.
1479 701 1488 717 ι
1509 691 1543 718 Ει
1557 699 1654 719 rursus
1668 700 1675 718 :
1695 701 1704 717 ι
1724 691 1792 724 Quis

999 745 1111 765 mensus
1123 743 1172 765 .est
1190 745 1275 772 aquas
1295 745 1386 770 manu,
1403 742 1431 764 et
1450 738 1550 765 coelum
1572 738 1673 772 palmo,
1689 742 1717 764 et
1733 745 1792 764 om-

999 791 1062 811 nem
1080 787 1179 811 terram
1196 783 1299 818 pugillo
1315 784 1354 811 ‘5?
1369 793 1377 808 ι
1395 784 1429 810 Ει
1446 792 1453 809 :
1476 793 1485 809 ι
1503 782 1609 811 Caelum
1624 783 1703 810 sedes
1718 790 1790 814 mea,

1001 833 1071 856 terra
1086 833 1177 856 autem
1195 829 1344 856 scabellum
1359 829 1460 863 pedum
1474 835 1599 855 meorum
1611 827 1644 854 ”.
1661 837 1669 852 ι
1690 827 1792 860 Quate-

999 883 1052 902 nus
1071 875 1144 902 Deus
1160 879 1211 907 est,
1227 875 1255 902 in
1273 875 1342 902 c0210
1359 874 1504 906 exsistens,
1517 877 1545 900 et
1556 874 1588 901 ad
1606 881 1657 900 nos
1675 874 1790 901 descen—

1000 921 1078 951 dens,
1098 926 1127 948 et
1148 921 1241 947 omnia
1265 920 1381 955 implens
1401 928 1408 946 ε
1427 924 1565 954 quatenus
1590 924 1682 946 autem
1708 919 1791 947 homo

999 965 1087 992 factus
1101 970 1152 998 est,
1165 969 1227 999 post
1243 965 1284 992 sui
1303 965 1338 992 ad
1357 973 1407 992 nos
1418 965 1623 996 demissionem,
1641 969 1669 991 et
1686 965 1719 992 ad
1733 972 1790 992 ece-

999 1011 1041 1038 los
1061 1011 1196 1043 sublatus,
1216 1015 1244 1038 et
1265 1018 1327 1038 cum
1345 1011 1424 1038 Patre
1442 1010 1620 1045 glorilicatus.
1632 1010 1699 1037 'ltoe
1716 1010 1790 1037 enim

1000 1055 1027 1082 id
1038 1056 1306 1091 quoquesigniﬁcat,
1319 1056 1392 1091 quod
1407 1063 1484 1084 sacer
1497 1055 1601 1083 l’saltes
1613 1055 1651 1082 ait
1666 1064 1673 1081 :
1693 1065 1702 1081 ι
1717 1056 1791 1083 Dixit

999 1101 1131 1128 Dominus
1151 1101 1268 1128 Domino
1285 1110 1346 1128 meo
1362 1111 1368 1128 :
1391 1101 1462 1128 Sede
1481 1107 1495 1128 a
1514 1101 1618 1128 dextris
1639 1100 1708 1128 meis
1724 1102 1756 1127 ¹⁷.
1778 1111 1787 1126 ι

999 1147 1070 1174 Ecce
1092 1147 1182 1174 inanis
1203 1148 1350 1175 verborum
1375 1152 1484 1174 tuorum
1507 1146 1647 1182 sapientiae
1667 1155 1720 1174 vox
1734 1147 1789 1174 Do-

999 1193 1067 1220 mini
1091 1193 1181 1220 valida
1207 1198 1250 1220 est
1277 1193 1415 1221 refutatio.
1445 1193 1543 1220 Filium
1570 1193 1645 1219 enim
1671 1192 1791 1220 hominis

999 1239 1008 1248 ‘
1021 1245 1085 1265 cum
1104 1239 1181 1273 prius
1201 1238 1325 1271 dixisset,
1342 1238 1555 1266 descendentem
1575 1238 1608 1265 de
1624 1237 1694 1265 cmlo
1709 1242 1737 1265 et
1761 1238 1791 1265 in

999 1284 1054 1310 illis
1074 1289 1230 1311 manentem
1248 1284 1320 1311 unde
1336 1283 1479 1311 descendit
1499 1284 1562 1316 (hoc
1582 1283 1683 1318 quippe
1696 1283 1790 1310 decla-

999 1329 1070 1356 ravit
1085 1329 1180 1357 dicens
1194 1338 1200 1355 :
1214 1338 1223 1355 (
1234 1329 1285 1362 Qui
1299 1333 1341 1356 est
1355 1329 1382 1356 in
1397 1329 1466 1357 casio
1482 1328 1646 1364 v),divinam
1658 1332 1686 1356 et
1697 1329 1789 1356 omnia

999 1375 1187 1403 continentem
1212 1375 1394 1402 substantiam
1415 1375 1578 1410 designavit,
1602 1381 1663 1409 quae
1680 1374 1714 1402 ad
1739 1382 1790 1402 nos

998 1429 1048 1457 per
1077 1421 1293 1449 incarnationem
1318 1421 1461 1448 descendit
1490 1424 1667 1455 nostramque
1707 1421 1734 1447 in
1759 1428 1790 1448 se

998 1471 1125 1493 naturam
1143 1466 1176 1493 ad
1195 1471 1340 1501 paternum
1359 1466 1490 1493 thronum
1504 1466 1613 1498 extulit,
1628 1466 1700 1493 sicut
1714 1474 1729 1493 a
1744 1466 1788 1493 di-

999 1513 1064 1539 vino
1077 1513 1161 1540 Paulo
1176 1512 1279 1540 dictum
1298 1516 1340 1540 est
1354 1521 1362 1539 :
1386 1521 1396 1537 ί
1411 1512 1445 1539 Et
1460 1512 1538 1539 illum
1553 1512 1698 1540 suscitavit
1710 1512 1790 1539 Chri-

998 1562 1071 1585 stum
1090 1566 1105 1585 a
1127 1557 1230 1592 1051
1248 1558 1374 1590 mortuis,
1389 1563 1417 1585 et
1441 1558 1583 1585 constituit
1600 1557 1632 1584 ad
1649 1557 1789 1586 dexteram

997 1611 1075 1630 suam
1092 1611 1176 1638 supra
1195 1611 1304 1630 omnem
1319 1603 1514 1638 principatum,
1529 1607 1558 1630 et
1571 1607 1746 1638 potestatem,
1760 1607 1790 1631 et

997 1649 1137 1681 virtutem,
1156 1654 1183 1676 et
1200 1649 1427 1680 dominationem,
1442 1653 1470 1675 et
1488 1656 1569 1676 omne
1586 1656 1697 1681 nomen,
1715 1648 1787 1683 quod

997 1693 1166 1725 nominatur,
1192 1701 1247 1721 non
1271 1694 1358 1721 solum
1379 1694 1407 1721 in
1427 1693 1480 1720 hoc
1499 1693 1609 1726 smeulo,
1634 1693 1681 1720 sed
1705 1693 1788 1720 etiam

997 1739 1025 1766 in
1045 1739 1139 1766 futuro
1154 1740 1184 1766 η.
1202 1749 1210 1764 ι
1232 1739 1293 1766 Non
1317 1739 1413 1774 utique
1437 1739 1510 1774 quod
1533 1739 1626 1766 divina
1648 1739 1788 1774 Unigeniti

997 1785 1161 1816 substantia,
1181 1789 1242 1818 post
1263 1785 1496 1812 resurrectionem
1518 1793 1534 1811 a
1555 1785 1682 1816 mortuis,
1699 1784 1788 1812 Patris

997 1829 1110 1864 gloriam
1133 1829 1168 1857 sit
1189 1835 1335 1857 consecuta
1351 1839 1357 1856 :
1373 1830 1421 1857 sed
1436 1830 1510 1864 quod
1527 1836 1601 1861 tunc,
1617 1836 1679 1864 post
1693 1838 1789 1858 ascen-

996 1883 1057 1904 sum
1072 1876 1099 1904 in
1117 1876 1212 1908 cmlos,
1226 1876 1274 1903 Dei
1288 1875 1408 1903 Verbum
1427 1884 1490 1903 eum
1511 1876 1622 1910 propria
1638 1883 1721 1902 carne
1736 1876 1789 1902 Pa-

997 1924 1048 1950 tris
1066 1923 1151 1958 gloria
1172 1923 1335 1950 honoratum
1356 1923 1449 1956 fuerit,
1467 1928 1495 1950 et
1509 1923 1664 1951 adoratum.
1686 1924 1719 1951 Et
1734 1923 1789 1950 alio

996 1968 1058 1994 loco
1079 1967 1162 1994 etiam
1189 1967 1262 1994 idem
1287 1967 1387 1994 Paulus
1409 1968 1550 2002 apostolus
1576 1967 1682 1994 futilem
1707 1968 1787 1995 istam

997 2012 1149 2039 orationem
1165 2016 1238 2038 tuam
1258 2011 1368 2039 refellit.
1391 2011 1432 2038 Ad
1452 2011 1611 2038 Corinthios
1630 2012 1704 2038 enim
1717 2012 1789 2040 scri-

996 2057 1084 2085 bens:
1103 2067 1111 2082 ι
1127 2057 1247 2088 Primus,
1265 2057 1365 2092 inquit,
1387 2056 1470 2084 homo
1489 2056 1522 2084 de
1541 2061 1623 2088 terra,
1640 2060 1787 2088 terrenus;

996 2102 1135 2131 secundus
1152 2102 1234 2130 homo
1249 2102 1382 2129 Dominus
1402 2102 1435 2129 de
1452 2102 1522 2129 coelo
1536 2102 1568 2128 ‘°.
1587 2111 1596 2126 ι
1616 2102 1687 2129 Ecce
1703 2101 1789 2128 solius

996 2149 1118 2189 hominis
1130 2156 1197 2176 voce
1212 2148 1363 2183 prazmissa,
1377 2147 1505 2182 subjecit,
1521 2147 1649 2174 Dominus
1665 2147 1697 2173 de
1712 2146 1786 2178 caelo,

153 2194 294 2228 ἄνθρωπος
309 2195 340 2220 ἐκ
353 2194 405 2229 γῆς
419 2194 519 2229 χοῖκδς,
535 2195 549 2220 ὁ
564 2194 689 2230 δεύτερος
705 2195 847 2231 ἄνθρωπος
861 2198 874 2224 ὁ
887 2197 943 2224 Κύ-

998 2194 1117 2221 divinam
1137 2201 1187 2228 per
1205 2192 1231 2220 id
1251 2193 1324 2227 quod
1343 2192 1375 2219 de
1392 2192 1461 2219 cwlis
1480 2191 1585 2219 dixerat
1605 2191 1789 2226 interpretans

157 2247 212 2274 ριος
227 2239 256 2271 ἐξ
271 2239 397 2274 οὐρανοῦ.
419 2251 428 2265 ι
452 2240 518 2266 Ἰδοὺ
533 2241 617 2276 μόνου
632 2242 817 2277 προσηγορίαν
834 2242 941 2278 ἀνθρὼ-

155 2292 206 2310 που
218 2285 371 2319 προτάξας,
395 2285 547 2320 ἐπήγαγεν·
571 2286 603 2312 Ὀ
626 2288 732 2320 Κύριος
752 2286 786 2317 ἐξ
800 2288 941 2320 οὐρανοῦ,

154 2330 203 2364 τὴν
216 2329 291 2356 Θείαν
299 2329 342 2356 διὰ
360 2330 405 2356 τοῦ
425 2330 454 2361 ἐξ
472 2330 595 2365 οὐρανῶν
616 2332 703 2358 εἰπεῖν
719 2332 879 2367 ἑρμηνεύων
896 2334 942 2360 οὑ-

155 2375 224 2402 σίαν.
243 2375 298 2402 Καὶ
309 2375 375 2402 Θεὸν
382 2375 409 2401 δὲ
423 2375 552 2407 πολλάκις
567 2376 693 2411 λέγοντες
705 2378 729 2404 oi
743 2378 866 2413 Θεοφόροι
877 2388 942 2414 προ-

152 2421 237 2455 φῆται
256 2421 303 2447 καὶ
324 2421 487 2452 ἀπόστολοι,
509 2421 558 2456 τὴν
571 2422 746 2456 ἀνθρωπείαν
767 2424 941 2451 ὑποτίθενται

154 2458 244 2501 φύσιν.
266 2466 296 2494 '0
306 2466 355 2501 μὲν
371 2466 507 2502 Ἱερεμίας
522 2467 591 2501 βοῶν
601 2475 608 2482 ·
624 2477 633 2493 ι
647 2464 732 2499 Οὗτος
745 2469 760 2494 ὁ
775 2469 842 2500 Θεὸς
853 2470 940 2504 ἡμῶν,

152 2513 183 2539 οὺ
198 2511 389 2547 λογισθήσεται
400 2512 494 2547 ἕτερος
510 2513 580 2546 πρὸς
597 2512 690 2539 αὑτὸν.
715 2522 724 2538 ι
743 2512 822 2545 Εἶτα,
837 2514 882 2541 ἵνα
903 2514 941 2550 μὴ

153 2556 187 2584 τὰ
199 2557 259 2584 καθ’
273 2557 388 2583 ἱκαστον
401 2557 488 2591 λέγω-
511 2567 520 2582 ι
538 2557 616 2584 Μετὰ
640 2556 727 2583 ταῦτα
753 2558 800 2584 ἐπὶ
821 2559 871 2592 τῆς
890 2557 942 2592 γῆς

152 2602 240 2639 ὤφθη,
255 2603 303 2629 καὶ
317 2604 374 2635 τοῖς
385 2602 538 2638 ἀνθρώποις
554 2603 769 2638 συνανεστράφη.
787 2612 796 2628 ι
809 2603 845 2629 Οὐ
857 2603 942 2639 δήπου

996 2239 1193 2268 substantiam.
1209 2237 1264 2265 Sed
1290 2243 1318 2265 et
1341 2238 1428 2265 Deum
1454 2245 1525 2272 sape
1548 2236 1722 2263 nominantes
1745 2235 1788 2263 di—

996 2285 1053 2312 vini
1068 2285 1210 2320 propheta:
1223 2288 1251 2311 et
1267 2284 1393 2318 apostoli,
1411 2283 1558 2310 humanam
1573 2283 1722 2318 subjiciunt
1736 2290 1786 2310 ιιι-ι

997 2335 1097 2358 turam.
1113 2329 1245 2357 Jeremias
1257 2328 1413 2356 exclamans
1427 2337 1433 2354 :
1454 2337 1463 2353 ι
1479 2328 1530 2355 Hic
1540 2331 1582 2355 est
1597 2327 1671 2354 Deus
1681 2330 1786 2359 noster,

995 2380 1024 2403 et
1044 2383 1099 2402 non
1112 2374 1294 2402 testimabitur
1316 2374 1386 2401 alius
1405 2373 1438 2400 ad
1453 2381 1517 2400 eum
1534 2373 1575 2405 ὐς
1594 2382 1604 2399 ι
1625 2380 1658 2400 ac
1675 2372 1786 2404 deinde.

995 2429 1030 2449 ne
1047 2421 1154 2456 singula
1172 2420 1288 2448 referam
1306 2428 1314 2447 :
1333 2429 1342 2445 ι
1360 2420 1424 2447 Post
1440 2419 1498 2446 hac
1511 2419 1539 2446 in
1552 2419 1634 2446 terris
1646 2418 1723 2445 visus
1733 2422 1786 2450 est,

995 2471 1024 2494 et
1045 2473 1108 2494 cum
1129 2465 1288 2493 hominibus
1316 2469 1495 2493 conversatus
1511 2464 1546 2491 “.
1570 2473 1580 2489 ι
1608 2464 1667 2491 Non
1687 2463 1787 2498 utique

996 2513 1139 2540 hominum
1159 2511 1246 2539 oculis
1266 2511 1471 2547 percipiendam
1493 2509 1634 2545 Unigeniti
1655 2509 1788 2536 divinita-

993 2563 1048 2585 tem
1072 2557 1224 2585 vaticinans
1240 2565 1247 2582 :
1267 2556 1371 2591 1052
1387 2556 1434 2584 sed
1447 2555 1476 2583 in
1499 2563 1533 2583 eo
1552 2554 1625 2591 quod
1653 2555 1702 2587 ait,
1717 2555 1786 2581 uisu

995 2607 1043 2636 est,
1061 2603 1109 2630 Dei
1130 2603 1212 2630 Verbi
1232 2610 1341 2630 carnem
1367 2606 1462 2637 aperte
1486 2601 1686 2636 demonstrans.
1707 2600 1787 2635 Ejus-

189 2678 210 2695 ¹³
224 2679 302 2708 Joan.
320 2687 358 2711 nr,
377 2679 419 2707 15.
452 2679 472 2695 ¹⁸
486 2679 588 2709 Jerem.
600 2679 730 2711 “111,24.
761 2679 783 2695 "
798 2679 850 2706 lsa.
867 2687 910 2712 η,
928 2680 945 2706 i‘

1012 2680 1033 2695 ¹⁶
1047 2680 1099 2707 Isa.
1114 2687 1185 2711 ιιι-ι,
1199 2679 1224 2705 Ἰ.
1255 2679 1275 2694 ¹⁷
1292 2678 1362 2706 Psal.
1376 2685 1428 2710 cu,
1442 2677 1466 2705 t.
1499 2678 1519 2693 "
1532 2677 1634 2712 Ephes.
1647 2676 1724 2710 1,20,
1740 2675 1785 2703 Si.

154 2714 175 2732 "
190 2713 273 2742 ICor.
288 2723 333 2746 xv,
345 2715 390 2741 47.
432 2714 454 2730 ¹⁰
468 2714 584 2747 Baruch,
601 2723 641 2748 tu,
654 2715 697 2742 56.
737 2715 758 2730 ¹¹
777 2714 846 2742 ibid.
863 2714 898 2741 58

187 2792 243 2864 (20}
260 2793 286 2828 ἢ.
302 2792 370 2820 Edit.
390 2792 474 2819 Sirm.
488 2793 517 2827 ἧ,
528 2792 577 2820 sed
593 2793 769 2822 scribendum
785 2794 836 2822 fuit
848 2795 875 2830 ἡ.

189 2828 229 2864 (Si
258 2827 335 2854 καθὸ.
353 2827 405 2854 Aut
422 2828 482 2854 καθ’
498 2827 522 2859 6,
539 2832 640 2863 utpost
655 2837 750 2862 pauca.

189 2827 243 2864 (21)
258 2827 335 2854 καθὸ.
353 2827 405 2854 Aut
422 2828 482 2854 καθ’
498 2827 522 2859 6,
539 2832 640 2863 utpost
655 2837 750 2862 pauca.

312 2874 447 2906 PATROL.
471 2874 528 2904 Gn.
545 2874 707 2912 LXXXIII.

1030 2794 1086 2864 2‘22;
1105 2794 1169 2820 τῶν.
1186 2795 1248 2822 Des.
1266 2799 1289 2835 ιἶ
1304 2795 1349 2827 Ill,
1362 2803 1389 2830 p.
1403 2795 1455 2835 {08

1042 2829 1076 2856 23
1104 2830 1165 2856 αὐτ.
1181 2829 1253 2857 Loco
1266 2835 1314 2857 ctt.
1342 2835 1451 2864 sequttu

1042 2829 1086 2864 23)
1104 2830 1165 2856 αὐτ.
1181 2829 1253 2857 Loco
1266 2830 1314 2857 cit.
1342 2829 1467 2865 sequitur
1479 2830 1509 2856 ἐν
1524 2831 1579 2861 τοῖς
1599 2829 1769 2865 ἐπουρανίοις

1545 2875 1582 2906 3'7
