1962 3051
187 110 258 144 1163

671 91 672 94 Ἴ
690 111 933 142 THEODORETI
952 112 1122 143 EPISCOPI
1140 112 1324 142 CYRENSIS

1749 113 1819 146 1164

185 167 248 194 dem
265 174 374 202 quoque
393 170 436 194 est
455 165 609 198 sententiae,
624 165 697 200 quod
719 166 746 193 in
769 166 874 200 psalmo
888 174 949 193 xux
964 174 979 193 a

1031 167 1080 203 τὴν
1100 167 1215 202 θεότητα
1238 167 1285 193 τοῦ
1300 166 1471 201 Μονογενοῦς
1495 166 1645 202 ὀφθαλμοῖς
1667 167 1822 204 ἀνθρώπων

185 212 279 240 divino
298 213 400 240 Davide
421 212 525 239 dictum
545 215 588 238 est
609 219 615 238 :
642 221 651 236 ε
673 211 746 238 Deus
765 211 908 239 manifeste
932 220 978 239 ve-

184 259 243 287 niet
250 260 283 285 “.
290 269 298 284 I
312 258 464 294 Sophonias
474 259 539 286 item
550 259 683 293 propheta
696 259 722 285 id
735 259 823 294 ipsum
832 259 971 293 exprimit,

185 304 280 332 dicens
292 313 298 330 :
311 313 320 329 Ι
332 304 482 338 Apparebit
492 304 623 332 Dominus
635 312 718 339 super
729 312 787 335 eos,
798 308 826 331 et
838 305 979 340 disperdet

155 380 159 386 ε
185 357 281 377 omnes
294 350 361 376 deos
375 349 497 384 gentium
513 353 594 377 terrae
609 351 641 377 ’³.
658 360 667 376 ι
685 351 742 378 Nec
755 350 845 378 minus
860 359 978 386 evange-

151 388 168 408 ν
184 395 246 422 lista
270 395 390 422 Joannes
410 402 541 422 arcanum
565 396 618 423 hoc
640 396 771 430 praedicat
793 396 977 431 mysterium:

188 449 198 465 ‹
211 439 291 473 Quod
303 439 355 467 fuit
368 440 402 467 ab
414 440 504 473 initio,
516 441 620 474 dicens,
635 441 709 476 quod
725 441 890 473 audivimus,
905 442 978 476 quod

184 485 313 517 vidimus,
324 489 352 512 et
363 493 460 512 manus
471 490 574 513 nostra:
588 490 831 513 contrectaverunt
843 485 876 513 de
888 486 978 513 Verbo

184 531 248 558 vitae
259 530 293 563 ",
316 541 325 556 ι
343 531 416 558 haud
429 539 494 558 sane
507 531 697 566 incorpoream
712 536 740 559 et
753 532 917 559 invisibilem
930 532 976 559 Dei

185 577 267 604 Verbi
283 581 409 604 naturam
425 577 551 604 manibus
569 577 734 605 contrectari
753 577 852 609 sciens,
870 577 916 604 sed
930 577 978 604 Dei

184 622 269 650 Verbi
280 630 382 657 corpus
389 623 471 650 Verbi
484 622 667 657 appellatione
678 623 826 650 honorans.
845 622 890 650 Sic
904 623 977 650 enim

184 676 214 696 se
232 676 276 695 res
288 668 382 701 habet,
395 672 423 695 et
436 668 507 695 hanc
519 668 599 696 nobis
611 668 693 695 ﬁdem
707 671 716 679 '
743 669 915 698 tradiderunt
931 669 977 703 qui

183 714 219 742 ab
235 714 314 741 initio
326 714 376 749 ipsi
386 714 527 745 viderunt,
537 718 565 741 et
575 714 693 741 ministri
706 714 818 742 fuerunt
831 714 976 745 sermonis,

184 764 213 788 et
223 760 270 795 qui
283 764 345 795 post
356 760 418 787 illos
430 767 527 787 omnes
538 760 590 787 fuit
604 767 681 787 sacer
694 765 850 787 sanctorum
863 760 978 787 Patrum

184 813 327 833 numerus.
343 805 421 839 Quod
437 810 582 841 postquam
597 806 771 841 Unigenitus,
785 806 833 834 Dei
845 806 977 839 Verbum,

184 852 258 879 Deus
277 859 401 884 manens,
419 852 503 879 homo
522 852 593 879 sicut
609 860 660 879 nos
679 852 768 879 factus
780 856 832 884 est,
850 851 975 879 aﬁ‘ectio-
993 847 1014 874 Β

183 905 290 932 nesque
310 901 420 924 nostras
434 897 463 924 in
483 897 574 932 seipso
591 905 641 933 per
660 898 733 925 servi
750 898 864 925 formam
880 906 974 925 susce-

180 943 234 978 pit,
253 950 305 970 nec
320 943 473 975 vocabulis,
495 950 547 971 nec
567 949 665 971 natura
676 944 806 978 deinceps
827 952 841 971 ο
863 944 975 979 propria

181 996 266 1017 carne
286 988 390 1024 1053
412 989 585 1024 seiungitur:
599 989 647 1017 sed
667 990 725 1017 sive
742 989 883 1017 hominem
896 990 974 1018 dixe-

179 1036 238 1068 rit,
257 1036 344 1063 Deum
364 1036 485 1064 Verbum
513 1036 597 1069 dicit,
624 1036 682 1064 sive
704 1037 790 1064 Deum
813 1036 975 1068 nominarit,

180 1082 375 1110 nihilosecius
396 1090 458 1111 cum
480 1091 563 1111 carne
583 1091 631 1111 sua
653 1084 787 1111 nominat.
811 1084 900 1118 Atque
919 1083 977 1111 h:ec

178 1127 296 1163 quidem
320 1128 464 1156 hactenus.
487 1128 582 1164 Neque
605 1129 679 1156 enim
705 1129 876 1164 propositum
892 1129 974 1156 nobis

176 1178 227 1200 est
242 1173 462 1201 testimoniorum
479 1174 684 1202 multitudinem
705 1174 841 1209 proferre,
857 1175 905 1202 sed
921 1175 974 1202 im—

182 1217 304 1253 peritam
317 1218 519 1254 tecbnologiam
530 1223 559 1247 et
569 1219 664 1246 falsam
679 1219 900 1247 observationem
910 1220 975 1247 red-

189 1271 316 1299 arguere.

1029 212 1136 248 ληπτὴν
1162 211 1272 239 ἐσεσῡαι
1289 211 1484 247 προφητεύων
1500 211 1570 238 ἀλλὰ
1586 211 1631 238 διὰ
1656 212 1703 239 τοῦ
1723 214 1821 247 Ὠφθη

1028 257 1078 293 τὴν
1094 258 1184 293 σάρκα
1197 258 1245 284 τοῦ
1257 257 1325 284 Θεοῦ
1337 257 1425 291 Λόγου
1438 256 1531 292 σαφῶς
1546 257 1746 284 ὑποδείκνυσιν.
1762 258 1821 293 Τῆς

1029 303 1057 330 δὲ
1074 303 1157 338 αὐτῆς
1177 303 1268 339 ἔχεται
1290 303 1410 333 διανοίας
1435 303 1483 329 καὶ
1503 302 1533 328 τὺ
1558 303 1587 329 ὲν
1608 303 1822 338 τεσσαρακοστῷ

1030 349 1132 384 ὲννάτῳ
1142 349 1241 385 ψαλμῷ
1257 349 1334 385 παρὰ
1346 349 1394 376 τοῦ
1408 349 1551 376 Θεσπεσὲου
1567 348 1650 375 Δαὸὶδ
1663 350 1818 385 εἰρημένον·

1032 407 1041 422 ι
1065 397 1095 423 '0
1107 396 1173 428 Θεὸς
1196 396 1326 431 ἐμφανῶς
1340 395 1409 431 ἥξει.
1428 405 1437 421 ι
1454 395 1509 422 Καὶ
1527 395 1658 430 Σοφονίας
1679 396 1706 422 δὲ
1722 396 1735 422 ὁ
1753 404 1821 431 προ-

1029 443 1119 478 φήτης
1132 443 1163 469 τὸ
1178 442 1243 469 αὐτὸ
1262 443 1341 468 τοῦτο
1358 441 1526 476 προφητεύει
1547 441 1633 475 λέγων
1646 449 1653 456 ·
1674 450 1684 466 α
1705 441 1821 474 Ἐπιφα-

1029 489 1141 523 νήσεται
1152 488 1253 523 Κύριος
1269 488 1312 513 ἐπ’
1324 487 1434 518 αὐτοὺς,
1450 487 1498 513 καὶ
1510 486 1697 521 ὲξολοθρεύσει
1713 487 1819 517 πάντας

1029 534 1091 565 τοὺς
1106 533 1184 564 θεοὺς
1198 532 1253 558 τῶν
1270 532 1355 558 ἐθνῶν
1372 531 1422 565 τῆς
1436 531 1497 566 γῆς.
1509 540 1518 556 ›
1536 530 1620 558 Οὐδὲν
1633 531 1661 558 δὲ
1675 529 1756 567 ἦττον
1771 531 1820 558 καὶ

1028 579 1043 605 ὁ
1058 578 1255 613 εὐαγγελιστὴς
1273 578 1401 612 Ἰωάννης
1416 577 1446 603 τὸ
1458 577 1614 612 ἀπόρρητον
1624 576 1704 602 τοῦτο
1720 576 1821 611 κηρύτ-

1028 633 1070 650 τει
1087 624 1254 659 μυστήριον·
1272 632 1281 648 ε
1304 623 1338 649 ’Ὀ
1353 620 1386 657 ἦν
1404 623 1451 649 ἀπ’
1473 623 1571 657 ἀρχῆς,
1595 621 1699 656 λέγων,
1716 622 1730 648 ὃ
1747 623 1820 656 ἀκη-

1029 670 1142 704 κόαμεν,
1155 669 1169 695 ὅ
1182 669 1355 704 ἐθεασάμεθα
1372 667 1430 703 (Ἡ)
1443 668 1490 694 καὶ
1508 669 1536 694 αἱ
1559 669 1648 703 χεῖρες
1658 667 1737 701 ἡμῶν
1749 666 1818 701 ἐψη-

1028 715 1163 749 λάφησαν,
1179 713 1302 750 περὶτοῦ
1319 714 1406 748 Λόγου
1424 714 1472 748 τῆς
1487 713 1570 748 ζωῆς.
1589 723 1598 739 ι
1616 713 1654 739 Οὺ
1670 712 1754 746 δήπου
1769 711 1819 747 τὴν

1027 761 1174 796 ἀσώματον
1187 761 1235 787 καὶ
1250 761 1367 796 ἀόρατον
1378 759 1426 786 τοῦ
1441 759 1508 786 Θεοῦ
1531 759 1620 792 Λόγου
1644 757 1724 792 φύσιν
1739 758 1818 792 χερσὶ

1027 807 1233 843 ψηλαφωμένην
1245 806 1332 837 εἰδὼς,
1347 805 1415 832 ἀλλά
1431 805 1462 831 τδ
1480 804 1559 840 σῶμα
1582 804 1629 831 τοῦ
1644 803 1712 831 Θεοῦ
1731 804 1818 838 Λόγου

1029 853 1203 889 προσηγορίᾳ
1215 851 1312 887 τιμῶν.
1331 852 1387 878 Καὶ
1404 850 1457 886 γὰρ
1470 850 1555 882 οὕτως
1567 850 1635 885 ἔχει,
1649 850 1697 876 καὶ
1715 850 1816 884 ταύτην

1028 900 1094 934 ἡμῖν
1117 899 1271 934 παρέδοσαν
1292 897 1342 933 τὴν
1355 898 1447 924 πίστιν
1464 898 1488 923 οἱ
1502 896 1549 924 ἀπ’
1572 896 1661 932 ἀρχῆς
1684 896 1818 923 αὐτόπται

1028 946 1076 971 καὶ
1093 944 1228 979 ὑπηρέται
1244 943 1383 978 γενόμενοι
1400 942 1447 969 τοῦ
1465 943 1556 976 λόγου,
1574 943 1620 969 καὶ
1639 943 1653 968 ό
1670 942 1742 977 ἱερὸς
1763 941 1818 968 τῶν

1030 991 1089 1026 μετ’
1106 990 1227 1021 ἐκείνους
1252 989 1375 1021 ἅπαντας
1400 989 1486 1023 ἁγίων
1503 988 1636 1023 Πατέρων
1655 988 1816 1022 κατάλογος.

1027 1037 1089 1063 Ὅτι
1103 1037 1171 1071 μετὰ
1183 1036 1213 1062 τὸ
1229 1035 1355 1069 γενέσθαι
1369 1035 1413 1062 τὸν
1433 1035 1571 1069 Μονογενῆ
1595 1034 1642 1061 τοῦ
1652 1034 1719 1061 Θεοῦ
1732 1034 1819 1068 Λόγον

1027 1081 1088 1108 καθ’
1103 1081 1177 1116 ἡμᾶς
1191 1081 1345 1116 ἄνθρωπον,
1364 1079 1434 1115 μετὰ
1448 1079 1497 1106 τοῦ
1516 1081 1606 1115 μεῖναι
1619 1080 1697 1112 Θεὸν,
1714 1079 1762 1106 καὶ
1778 1080 1820 1112 εἰς

1027 1127 1123 1154 ἑαυτὸν
1136 1127 1178 1154 διὰ
1190 1127 1239 1162 τῆς
1249 1126 1296 1153 τοῦ
1309 1127 1401 1153 δούλου
1419 1127 1526 1162 μορφῆς
1541 1126 1577 1153 τὰ
1595 1126 1719 1162 ήμὰερα
1733 1134 1819 1152 κατα-

1027 1172 1156 1206 δέξασθαι
1179 1171 1263 1207 πάθη,
1294 1172 1356 1199 οὔτε
1381 1172 1590 1208 προσηγορίαις,
1601 1170 1663 1198 οὕτε
1680 1172 1713 1206 τῇ
1737 1170 1819 1204 φύσει

1028 1218 1120 1244 λοιπὸν
1134 1217 1188 1244 ἀπὸ
1202 1218 1251 1253 τῆς
1279 1218 1347 1248 ιδίας
1367 1217 1508 1253 μερίζεται
1535 1217 1652 1252 σαρκός·
1670 1215 1738 1244 ἀλλὰ
1764 1216 1818 1243 κᾶν

1029 1263 1172 1299 ἄνθρωπον
1187 1263 1262 1298 εἴπῃ,
1274 1262 1320 1289 τὸν
1333 1263 1400 1289 Θεὸν
1411 1263 1496 1297 Λόγον
1509 1262 1583 1297 λέγει
1596 1270 1603 1277 ·
1621 1262 1673 1289 κᾶν
1685 1262 1751 1288 Θεὸν
1760 1262 1819 1288 ὁνω

188 1309 273 1344 μάσῃ,
291 1309 367 1336 οὐδὲν
384 1306 465 1345 ἧττον
496 1309 565 1345 μετὰ
583 1311 633 1345 τῆς
665 1309 762 1337 ἑαυτοῦ
785 1309 885 1344 σαρκὸς
913 1309 1049 1344 ὀνομάζει.
1070 1309 1125 1335 Καὶ
1147 1308 1233 1335 ταῦτα
1257 1308 1306 1343 μὲν
1324 1309 1364 1340 εις
1386 1308 1523 1334 τοσοῦτον.
1556 1307 1594 1334 Οὐ
1619 1307 1673 1342 γὰρ
1699 1305 1819 1341 πλήθους

184 1355 347 1391 μαρτυριῶν
365 1356 431 1392 ἡμῖν
449 1355 579 1388 ἐπίδειξις
602 1355 758 1392 πρόκειται,
781 1355 837 1382 ἀλλ’
854 1355 964 1390 ἔλεγχος
981 1355 1032 1390 τῆς
1047 1354 1210 1382 ἀπαιδεύτου
1228 1354 1399 1389 τεχνολογίας
1416 1355 1463 1381 καὶ
1483 1353 1711 1390 παρατηρήσεως.

225 1425 247 1440 ¹²
259 1423 330 1452 Psal.
347 1432 418 1457 xux,
432 1425 462 1452 5.
500 1424 522 1440 ’³
534 1423 656 1460 Sophon.
672 1432 700 1457 ιι,
718 1425 761 1452 ll.
799 1424 822 1440 "
838 1424 848 1451 Ι
862 1424 941 1452 Joan.
957 1431 977 1456 ι,
993 1423 1020 1450 Ι.

228 1495 284 1532 (24)
300 1494 315 1521 δ
330 1494 370 1521 ὲθ.
385 1493 458 1521 Loco
475 1493 522 1521 cit.
541 1493 681 1528 pmcedit,
702 1494 719 1521 ὃ
742 1494 904 1530 ἑωράκαμεν
923 1494 981 1526 τοῖς

1031 1493 1147 1529 ιθαλμοῖς
1160 1493 1250 1530 ἡμῶν.

209 1592 397 1599 ——__

1026 1591 1812 1609 ﬂ

333 1667 886 1734 ΘΕΟΔΩΡΗΤΟΥ(¹)
916 1675 1380 1734 ΕΠΙΣΚΟΠΟΥ
1421 1675 1671 1734 Κ.ΥΡΟΥ

911 1780 1013 1807 ΛΟΓΟῘ
1027 1781 1082 1808 KZ’

639 1861 786 1906 ΠΡΟΣ
809 1858 1121 1907 ΔΙΑΦΟΡΟΥΣ
1147 1863 1358 1908 ΘΕΣΕΙΣ.
1384 1831 1385 1834 “

458 2027 923 2088 THEODOBETI
972 2031 1297 2091 EPISCOPI
1328 2032 1504 2091 CYBI

836 2141 942 2172 LIBRI
973 2142 1083 2175 XXVII
1116 2143 1170 2184 (2).

439 2229 742 2276 ADVERSU'S
791 2231 1005 2279 VARIAS
1062 2234 1566 2283 PROPOSITIONES.

228 2388 334 2425 105‘.
353 2388 428 2416 Lecti
444 2394 508 2416 sunt
523 2389 687 2417 Theodoreti
707 2391 828 2426 episcopi
842 2391 905 2428 Cyri
919 2393 982 2421 libri
997 2396 1018 2424 c

190 2440 295 2470 septem
321 2439 349 2462 et
373 2434 469 2470 viginti
494 2435 626 2462 adversus
650 2436 740 2464 varias
767 2438 978 2473 propositiones.

989 2330 1026 2338 ..-

1077 2395 1244 2431 Ἄνεγνὼσθη
1269 2396 1443 2432 Θεοδωρήτου
1459 2397 1608 2425 ἐπισκόπου
1630 2398 1721 2434 Κύρου
1745 2400 1818 2436 λόγοι

1035 2439 1074 2472 κζ’
1101 2440 1168 2476 πρὸς
1189 2441 1335 2477 διαφόρους
1351 2443 1450 2475 θέσεις.
1468 2440 1519 2470 Ὧν
1532 2445 1547 2470 ὁ
1567 2444 1616 2479 μὲν
1642 2445 1760 2479 Πρῶτος
1779 2447 1816 2482 (5)

191 2481 298 2508 Primus
326 2480 459 2508 adversus
481 2488 529 2508 eos
556 2481 603 2516 qui
615 2481 711 2509 dicunt
722 2490 805 2510 uuam
816 2484 914 2512 factam
924 2493 984 2513 esse

1034 2486 1103 2521 πρὸς
1121 2487 1183 2518 τοὺς
1195 2487 1324 2522 λέγοντας
1339 2489 1404 2524 μίαν
1418 2489 1499 2524 φύσιν
1513 2490 1679 2526 γεγενῆσθαι
1691 2492 1737 2519 τὸν
1752 2480 1819 2520 Θεὸν

190 2531 316 2554 naturam
325 2526 412 2554 Deum
418 2527 549 2560 Verbum,
557 2531 651 2555 etsum
656 2526 716 2563 ptas
725 2537 758 2556 ex
764 2530 875 2557 Davidis
882 2531 988 2559 semine

1037 2533 1141 2566 Λόγον,
1165 2533 1213 2560 καὶ
1236 2533 1285 2569 τὴν
1313 2535 1345 2561 ἐκ
1376 2535 1534 2571 σπέρματος
1561 2537 1642 2563 Δαὸὶδ
1669 2537 1819 2572 ληφθεῖσαν

229 2605 266 2641 (1)
278 2605 394 2641 Θεοδιυρζ
420 2605 519 2633 Nostro
532 2613 566 2632 ex
587 2605 676 2633 Photii
696 2608 858 2635 auctoritate
880 2609 931 2635 hos
946 2609 978 2636 li—

191 2640 261 2669 bros
270 2640 365 2667 tribuit
378 2640 498 2668 Joannes
513 2641 639 2674 Dallzeus,
652 2641 832 2670 Comhelisius
849 2643 975 2676 Maximo,

191 2675 339 2703 Gamerius
351 2679 440 2702 autem
463 2676 625 2703 auctoritate
648 2676 724 2703 Marii
740 2677 906 2710 Mercatoris,
921 2679 977 2706 Eu-

192 2711 282 2738 therio
298 2710 443 2746 Tyanensi.
460 2711 511 2738 Sex
530 2711 571 2737 vel
590 2715 694 2745 septem
718 2713 824 2746 priores
839 2714 936 2740 horum
947 2715 979 2740 li-

190 2746 305 2782 brorum
321 2746 436 2782 (laveris
452 2751 479 2773 et
503 2746 652 2782 Garnerius
679 2754 730 2782 pro
759 2747 854 2774 iisdem
883 2749 977 2776 haberi

191 2780 360 2817 voluntAcum
376 2780 463 2817 libris,
482 2781 602 2817 quinque
626 2780 783 2817 Pen'talogii.
809 2783 869 2810 Vid.
896 2783 979 2810 Oudi-

183 2823 268 2848 itum,
283 2815 320 2842 De
334 2815 424 2846 script.
441 2815 540 2858 ἔξαιρε.
561 2820 626 2843 tom.
645 2816 666 2848 l,
690 2815 749 2852 pag:
771 2817 834 2844 H31
849 2827 855 2850 ;
872 2818 976 2845 Fabric.

1028 2610 1151 2648 Biblioth.
1167 2611 1213 2640 Cr.
1230 2612 1284 2639 vol.
1303 2613 1358 2644 νυ,
1376 2621 1402 2648 p.
1420 2614 1472 2641 458
1487 2619 1515 2642 et
1538 2615 1606 2648 M6;
1631 2621 1659 2643 et
1677 2616 1819 2646 Athanasii

1026 2646 1098 2683 edit.
1114 2647 1215 2683 Dened.
1233 2652 1252 2674 t.
1266 2647 1300 2678 ll,
1314 2656 1341 2683 p.
1359 2646 1420 2675 510.
1564 2663 1571 2669 -

1066 2681 1103 2717 (2)
1122 2681 1160 2709 Ita
1175 2683 1264 2717 potius
1288 2681 1399 2710 inscribi
1433 2684 1515 2713 debet
1533 2694 1538 2711 :
1558 2685 1697 2713 Librorum
1724 2686 1820 2715 XXVII

1030 2716 1268 2758 adversus-jugali
1284 2719 1716 2758 .pgipqsilionea_(augebimus)
1733 2721 1820 2757 Argu-

1029 2757 1129 2791 menta.
1145 2753 1195 2791 (ng
1212 2753 1300 2791 Plio‘tii
1313 2753 1437 2791 B_ib_li_olh_.
1450 2754 1512 2782 cod.
1529 2753 1631 2791 XLVI.)

1068 2787 1105 2822 (5)
1124 2787 1239 2822 πρῶτος.
1261 2787 1338 2822 Apud
1353 2788 1485 2822 Photium
1503 2787 1627 2824 sequitur
1641 2791 1729 2826 λόγος.
