1962 3051
148 145 217 178 1165

619 145 817 178 ADVERSUS
833 146 970 176 VARIAS
989 146 1296 184 PROPOSITIONES.

1704 158 1772 191 1166

146 204 287 239 ἀπαρχὴν,
304 203 349 232 καὶ
364 204 569 239 προσάπτοντας
581 204 616 231 τὰ
633 204 706 240 πάθη
721 206 754 240 τῇ
768 204 885 240 θεότητι.
905 204 933 230 Ὀ

993 206 1131 241 )rimitias,
1157 214 1186 238 et
1209 212 1255 247 qui
1282 213 1425 247 passiones
1448 213 1604 242 attribuunt
1623 215 1771 244 divinitati.

145 250 175 278 ag
187 251 329 284 Δεύτερος
349 250 417 285 πρὸς
432 251 495 282 τοὺς
512 250 612 282 αὐτοὺς
633 250 842 286 γραφικώτερον
865 259 934 285 συμ-

147 297 325 331 πλεκόμενος.
345 297 400 324 Καὶ
418 298 432 323 6
461 297 560 330 Τρίτος
577 297 642 332 περὶ
661 297 710 332 τῆς
730 296 816 331 αὐτῆς
837 296 935 323 ὑποθέ-

148 352 225 374 σεως.
250 343 279 369 Ὀ
292 343 321 369 δὲ
340 343 481 376 Τέταρτος
495 342 667 374 διδασκαλίας
679 343 733 369 τῶν
746 343 831 376 ἁγίων
845 342 935 368 Πατέ-

150 397 204 423 ρων
217 388 341 424 περιέχει
357 389 422 424 περὶ
438 389 490 423 τῆς
509 389 616 421 ἐνδόξου
639 389 796 424 οἰκονομίας
820 388 868 414 τοῦ
885 389 935 414 Δε-

149 434 254 460 σπότου
272 435 350 469 ἡμῶν
365 434 550 469 Χριστοῦ,τοῦ
564 433 628 460 Υἱοῦ
644 434 692 460 τοῦ
710 434 787 461 Θεοῦ.
800 434 829 460 '0
844 433 936 470 μέντοι

148 481 285 515 Πέμπτος
299 480 446 516 αἱρετικῶν
460 479 539 512 δόξας
554 480 684 515 ἀθροίζει,
693 480 741 506 καὶ
754 480 937 516 παρατίθησιν

122 543 124 545 ›
148 526 232 558 αὐτὰς
247 528 279 561 τῇ
303 527 366 562 δόξῃ
383 526 438 553 τῶν
455 527 492 562 μὴ
519 526 725 561 ὁμολογούντων
745 527 791 553 ἐπὶ
817 525 937 562 Χριστοῦ

147 571 195 598 δύο
209 572 304 607 φύσεις
317 579 323 586 ·
339 573 386 599 καὶ
399 573 520 599 δείκνυσι
534 573 636 608 πολλὴν
649 573 718 608 πρδς
729 573 860 607 ἀλλήλους
878 572 937 598 δια-

150 617 286 650 σώζοντας
303 617 352 654 τὴν
371 617 539 652 συγγένειαν.
559 619 588 644 Ὀ
599 619 628 645 δὲ
642 618 749 650 Ἕκτος
762 617 938 652 διαλαμϐάνει

148 664 189 690 ὃτι
205 662 245 695 εἷς
261 663 324 695 Υἱὸς
341 665 354 690 6
369 663 471 698 Κύριος
487 665 564 699 ἡμῶν
584 664 687 699 Ἰησοῦς
702 664 819 699 Χριστός
835 664 884 699 (4).
910 663 937 690 Ὀ

149 709 296 744 Ἕϐδομος
308 710 455 744 ἐπιστολῆς
471 711 564 744 ἐπέχει
577 710 660 736 τόπον
671 718 679 726 ⁸
692 711 721 736 ὲν
732 708 772 741 οἷς
785 710 815 736 τδ
831 709 939 745 πρῶτον

149 755 360 790 συμπληροῦται
387 755 500 790 βιϐλίον.
532 755 561 781 '0
582 755 610 781 δέ
631 763 663 789 γε
688 755 727 790 (5)
754 756 875 790 Ὄγδοος
891 755 938 781 καὶ

149 802 218 836 πρὸς
236 803 298 832 τοὺς
313 801 411 836 πλήθει
428 801 502 836 μόνῳ
517 801 661 835 κρίνοντας
678 801 727 836 τὴν
748 801 888 836 ἀλήθειαν.
909 801 938 828 '0

151 848 299 880 "Em-ator;
316 848 384 883 πρὸς
409 848 472 878 τοὺς
496 847 643 881 λέγοντας,
664 848 700 883 μὴ
721 847 777 874 δεῖν
804 848 858 874 ἀπὸ
883 847 938 873 τῶν

149 895 265 929 Γραφῶν
281 895 373 929 ζητεῖν
395 895 412 930 ἢ
434 894 542 926 λαλεῖν,
563 894 619 921 ἀλλ’
647 894 793 930 ἀρκεῖσθαι
817 895 850 928 τῇ
869 893 933 927 παρ’

149 942 257 972 ἑαυτοῖς
274 941 374 967 πίστει.
399 940 428 966 '0
448 939 576 972 Δέκατος
599 939 668 975 πρὸς
686 939 749 970 τοὺς
771 938 935 974 τροὸάλλυν-

149 995 198 1018 τας
219 986 362 1020 κακοήθως
386 986 435 1018 τὸ,
457 995 466 1011 ι
493 985 522 1012 Ὀ
535 985 621 1019 Λόγος
639 985 706 1020 σὰρξ
733 985 850 1018 ἐγένετο.
873 994 881 1010 ι
907 984 935 1010 '0

158 1031 335 1063 Ένδέκοτος
360 1030 428 1066 πρὸς
444 1031 508 1061 τοὺς
533 1029 688 1061 κωλύοντας
705 1029 751 1056 δύο
772 1029 867 1064 φύσεις
889 1028 936 1055 ἐπὶ

149 1078 198 1112 τῆς
224 1077 457 1111 ὲνανθρωπήσεως
483 1075 676 1110 ἐκλαμϐάνειν.
707 1076 737 1102 '0
768 1074 937 1107 Δωὸἐκιιτος

152 1123 220 1158 πρὸς
234 1123 296 1153 τοὺς
313 1123 440 1156 λέγοντας
451 1143 459 1154 ,
475 1122 516 1148 ὅτι
531 1124 544 1148 ὀ
558 1121 646 1155 λέγων
670 1121 734 1148 ἄλλο
751 1121 800 1156 μὲν
817 1120 862 1146 τδν
886 1120 937 1147 Λό-

151 1178 209 1203 γον,
222 1169 284 1196 ἄλλο
295 1169 381 1202 δὲτὴν
397 1170 498 1204 σάρκα,
509 1169 555 1196 δύο
568 1170 642 1201 υἱοὺς
658 1169 741 1202 λέγει.
763 1170 791 1196 Ὀ
805 1171 938 1203 Τρισκαι-

151 1214 275 1247 δέκατος
292 1214 358 1250 πρὸς
379 1215 441 1246 τοὺς
455 1215 585 1248 λέγοντας
597 1235 604 1246 ,
623 1215 664 1241 ὅτι
683 1215 713 1241 τὸ
728 1215 774 1241 καὶ
796 1214 938 1249 ἄνθρωπον

151 1260 297 1295 γινώσκειν
319 1260 363 1286 τὸν
378 1261 505 1294 Χριστὸν,
523 1260 621 1286 ταυτόν
641 1261 698 1286 ἐστι
712 1260 751 1294 τῷ
770 1262 816 1286 καὶ
833 1261 872 1291 εἰς
890 1259 938 1286 ἄν-

153 1307 261 1343 θρωπον
281 1306 352 1341 ἔχειν
366 1306 415 1338 τὰς
433 1306 590 1337 ἐλπίδας.ὐ
611 1305 939 1340 Τεσσαρεσκαιδέκατος

153 1353 221 1388 πρὸς
242 1353 305 1384 τοὺς
322 1352 461 1386 λέγοντας,
479 1351 600 1379 Ἕπαθεν
633 1351 754 1383 ἀπαθῶς.
783 1352 810 1377 '0
833 1353 939 1378 Πεντε-

153 1398 330 1430 καιδέκατος
343 1398 410 1431 πρὸς
423 1398 486 1428 τοὺς
502 1396 641 1430 λέγοντας,
661 1396 780 1422 Ἐπαθεν
796 1395 833 1426 ὡς
841 1395 940 1429 ἠθέλη-

155 1452 211 1470 σεν.
233 1444 261 1470 '0
282 1442 509 1475 Ἐκκαιδέκατος
524 1441 591 1476 πρὸς
602 1441 666 1472 τοὺς
682 1441 822 1475 λέγοντας,
834 1441 875 1466 ὅτι
887 1439 941 1475 χρὴ

155 1489 281 1524 δέχεσθαι
295 1488 344 1519 τὰς
358 1487 468 1522 φωνὰς,
490 1487 537 1514 καὶ⁴
557 1487 594 1522 μὴ
613 1488 725 1514 σκοπεῖν
747 1487 781 1513 τὰ
799 1487 833 1513 δι’
850 1487 941 1513 αὐτῶν

157 1534 347 1570 σημαινόμενα
359 1554 366 1566 ,
383 1534 420 1565 ὡς
435 1533 540 1564 πάντας
563 1532 772 1567 ὑπερϐαίνοντα.
796 1533 825 1559 '0
843 1533 942 1559 Ἑπτα-

155 1580 331 1612 καιὸέκατος
346 1578 413 1614 πρὸς
432 1579 495 1609 τοὺς
513 1577 652 1611 λέγοντας,
669 1577 790 1604 Ἔπιοεν
802 1577 888 1611 Λόγος
904 1578 941 1613 (6)

157 1625 248 1662 σαρκί.
272 1625 300 1651 '0
328 1623 596 1655 Ὀκτωιιαιδέκατος
609 1642 617 1654 ,
634 1623 703 1658 πρὸς
719 1623 782 1654 τοὺς
795 1623 925 1657 λέγοντας
935 1644 941 1654 ,

158 1671 241 1698 Ποίαν
256 1670 386 1697 δώσουσιν
397 1670 422 1695 οἱ
439 1669 560 1696 Ἰουδαῖοι
574 1669 662 1704 δίκην,
680 1669 704 1694 εἰ
717 1669 754 1704 μὴ
766 1668 832 1695 Θεὸν
845 1669 943 1695 ἐσταύ-

159 1723 268 1751 ρωσαν;
287 1715 314 1742 Ὀ
334 1714 627 1747 Ἐννεακιιιὸέκατος,
643 1714 712 1749 πρὸς
727 1715 791 1745 τοὺς
803 1714 942 1748 λέγοντας,

163 1761 288 1792 Ἰουδαῖός
308 1761 381 1788 ἐστιν
402 1762 416 1787 6
443 1761 479 1796 μὴ
499 1760 566 1787 Θεὸν
590 1760 781 1795 ἐσταυρῶσθαι
798 1760 895 1794 λέγων.
915 1761 944 1786 ’0

159 1806 307 1838 Εἱκοστὸς
324 1805 392 1841 πρὸς
414 1806 477 1838 τοὺς
493 1805 622 1840 λέγοντας
632 1826 639 1838 ,
659 1806 699 1832 ὅτι
715 1806 764 1832 καὶ
776 1806 887 1839 ἄγγελοι
899 1806 945 1832 ἐπὶ

157 1853 204 1879 τοῦ
229 1852 356 1887 Ἀϐραὰμ
378 1852 535 1884 ἐσθίοντες,
556 1852 587 1877 οὐ
613 1851 723 1883 πάντως
747 1851 848 1887 σαρκὸς
865 1851 945 1886 φύσιν

158 1897 334 1932 ἐπεφέροντο.
359 1897 387 1922 '0
409 1895 557 1928 Εἰκοστὸς
570 1896 702 1930 πρῶτος,
719 1896 787 1930 πρὸς
802 1897 863 1928 τοὺς
887 1905 946 1931 σμι-

159 1942 308 1977 κρύνοντας
325 1941 440 1967 ἕκαστον
457 1941 549 1976 θαῦμα
561 1941 600 1976 τῷ
615 1941 756 1976 ἀρνεῖσθαι
778 1941 826 1976 τὴν
843 1942 942 1977 σάρκα.

164 1988 194 2014 'O
207 1986 351 2019 Εἰκοστὸς
367 1986 517 2020 δεύτερος,
534 1987 602 2022 πρὸς
614 1987 676 2018 τοὺς
691 1987 858 2022 ζημιοῦντας
868 1987 946 2022 ἡμῶν

158 2033 190 2060 τὸ
202 2033 291 2067 γένος,
312 2031 350 2066 τῷ
370 2031 407 2067 μὴ
421 2031 520 2066 λέγειν,
539 2033 570 2058 ὲκ
586 2033 635 2067 τῆς
649 2032 757 2066 φύσεως
774 2032 854 2067 ἡμῶν
870 2032 945 2067 εἰλῆ-

159 2079 225 2114 φθαι
250 2078 299 2113 τὴν
319 2077 456 2112 ἀπαρχήν.
484 2077 511 2103 '0
527 2077 673 2110 Εἰκοστὸς
688 2077 785 2111 τρίτος
801 2076 868 2113 πρὸς
883 2077 946 2109 τοὺς

158 2125 297 2159 λέγοντας,
315 2123 457 2150 Πιστεύειν
473 2123 566 2154 ἁπλῶς
588 2120 628 2154 οἷς
647 2123 684 2157 (Ἰ)
701 2123 821 2157 λέγουσι,
839 2124 887 2150 καὶ
909 2123 946 2158 μὴ

159 2171 302 2198 κατανοεῖν
320 2171 349 2197 τὸ
370 2170 408 2205 (8)
430 2169 567 2205 πρέπονῆ
594 2169 728 2205 ἀπρεπές.
751 2170 780 2195 ’0
798 2170 946 2208 Εἰκοστιὶς

986 252 1121 282 Secundus
1138 263 1201 283 cum
1215 257 1318 285 eisdem
1336 266 1369 286 ex
1397 258 1539 294 Scriptura
1563 261 1685 295 pressius
1709 269 1775 288 con-

986 299 1118 333 greditur.
1149 301 1250 328 Tertius
1277 302 1311 329 de
1336 303 1432 330 eadem
1456 312 1485 331 re
1508 305 1639 340 disputat.
1657 305 1773 338 Quartus

986 349 1143 372 sanctorum
1163 347 1274 374 Patrum
1292 348 1446 376 doctrinam
1471 350 1594 378 continet
1609 351 1643 378 de
1657 352 1774 386 gloriosa

986 388 1176 418 incarnatione
1196 392 1305 420 Domini
1330 394 1417 420 nostri
1437 394 1500 422 Jesu
1514 394 1618 422 Christi
1638 396 1699 422 Filii
1715 396 1772 423 Dei.

987 434 1100 467 Quintus
1114 437 1306 466 hazreticorum
1319 440 1442 475 congerit
1455 441 1609 476 opiniones,
1621 450 1689 477 quas
1699 450 1775 469 com-

986 479 1064 513 ponit
1092 487 1153 507 enm
1181 481 1311 516 opinione
1341 491 1436 511 eorum
1461 485 1508 520 qui
1529 486 1598 514 duas
1622 487 1650 513 in
1665 487 1775 514 Christo

987 529 1100 553 naturas
1128 534 1183 554 non
1202 534 1362 563 agnoscunt,
1382 534 1409 557 et
1434 532 1557 558 ostendit
1580 540 1704 567 magnam
1729 540 1776 560 eos

989 570 1060 598 inter
1082 579 1110 599 se
1128 572 1285 601 aliinitatem
1301 575 1412 603 habere.
1434 577 1539 612 1055
1561 577 1656 605 Sextus
1674 578 1778 613 colligit

989 624 1074 644 unum
1099 626 1159 646 esse
1192 619 1291 647 Filium
1320 622 1467 650 Dominum
1496 625 1503 633 ‘
1531 628 1656 651 nostrum
1682 625 1775 652 Jesum

988 661 1136 690 Christum.
1152 663 1284 700 Septimus
1303 667 1426 701 epistolre
1446 669 1537 696 locum
1558 674 1652 697 tenet:
1675 670 1778 704 quibus

989 708 1117 736 volumen
1138 710 1257 744 primum
1285 712 1446 740 absolvitur.
1475 713 1585 741 Octavus
1606 719 1701 742 contra
1730 723 1779 743 eos

990 756 1037 789 qui
1071 756 1247 784 multitudine
1277 758 1409 786 duntaxat
1437 760 1581 787 veritatem
1613 760 1776 795 dijudicant.

989 800 1081 827 Nonus
1100 802 1126 828 in
1142 809 1190 829 eos
1206 803 1253 837 qui
1269 804 1346 831 aiunt
1361 812 1415 831 non
1429 810 1557 839 oportere
1578 814 1611 832 ex
1627 806 1782 841 Scripturis

991 853 1113 880 querere
1143 851 1190 874 aut
1208 847 1298 882 loqui,
1319 849 1366 876 sed
1382 857 1459 876 suam
1479 849 1531 877 sibi
1546 850 1625 878 [idem
1640 850 1775 878 subicere.

991 891 1110 919 Decimus
1128 892 1155 919 in
1169 894 1239 920 male
1253 894 1415 929 objicientcs
1435 896 1501 922 illud
1516 905 1521 921 :
1548 905 1556 921 ι
1576 896 1695 924 Verbum
1712 904 1778 923 caro

989 935 1090 962 factum
1115 941 1156 964 est
1180 937 1199 963 ¹.
1216 947 1225 963 ι
1259 938 1415 966 Undecimus
1441 940 1573 968 adversus
1599 940 1779 974 prohibentes

989 981 1058 1008 duas
1079 989 1178 1017 capere
1201 983 1228 1010 in
1256 983 1443 1012 incarnatione
1462 989 1585 1013 naturas.
1603 985 1778 1013 Duodecimus

990 1028 1019 1055 in
1053 1037 1101 1056 eos
1120 1030 1167 1064 qui
1195 1029 1291 1057 dicunt
1317 1037 1379 1056 eum
1407 1030 1454 1065 qui
1471 1030 1586 1057 aiiirmat
1615 1031 1689 1058 aliud
1718 1039 1779 1058 esse

990 1075 1121 1107 Verbum,
1147 1075 1221 1102 aliud
1244 1083 1310 1102 vero
1338 1083 1458 1108 carnem,
1477 1075 1546 1102 duos
1561 1076 1632 1103 ﬁlios
1645 1075 1778 1111 proﬁteri.

990 1120 1111 1147 Decimus
1130 1122 1221 1148 tertius
1238 1121 1264 1148 in
1290 1129 1337 1149 eos
1363 1121 1410 1156 qui
1425 1121 1611 1160 dicuntqidem
1627 1130 1687 1150 esse
1698 1122 1780 1150 Chri—

991 1169 1062 1192 stum
1073 1166 1155 1193 etiam
1173 1166 1311 1193 hominem
1324 1174 1481 1202 agnoscere,
1494 1175 1526 1194 ac
1540 1167 1567 1194 in
1578 1167 1688 1196 homine
1698 1168 1779 1195 etiam

992 1219 1067 1246 spem
1084 1212 1229 1240 collocare.
1250 1212 1370 1240 Decimus
1382 1216 1491 1247 quartus
1504 1213 1531 1240 in
1542 1221 1589 1241 eos
1601 1213 1648 1248 qui
1661 1213 1756 1241 dicunt
1773 1224 1778 1240 :

992 1256 1091 1284 Passus
1121 1262 1163 1284 est
1189 1258 1248 1284 sine
1262 1258 1399 1292 passione.
1429 1258 1549 1285 Decimus
1566 1259 1671 1293 quintus
1685 1259 1781 1286 adver-

993 1310 1040 1329 sus
1070 1310 1118 1330 eos
1138 1305 1185 1338 qui
1202 1303 1315 1331 dicunt:
1342 1304 1441 1331 Passus
1451 1308 1494 1332 est
1506 1305 1577 1332 sicut
1592 1305 1690 1332 voluit.
1708 1305 1782 1332 Deci-

994 1356 1051 1374 mus
1077 1352 1165 1374 sextus
1186 1348 1212 1375 in
1228 1356 1275 1376 eos
1295 1349 1341 1384 qui
1356 1349 1452 1376 dicunt
1465 1353 1593 1384 oportere
1615 1357 1697 1377 voces
1711 1350 1783 1377 acci-

993 1399 1070 1426 pere,
1096 1400 1150 1419 non
1176 1396 1268 1419 autem
1294 1401 1390 1420 earum
1416 1394 1578 1429 signiﬁcata,
1595 1398 1626 1421 ut
1649 1402 1710 1429 quae
1723 1402 1783 1422 om—

994 1437 1070 1464 nium
1111 1443 1219 1472 captum
1252 1438 1406 1471 excedant,
1441 1440 1626 1467 considerare.
1659 1440 1782 1467 Decimus

994 1484 1118 1518 septimus
1140 1484 1271 1511 adversus
1298 1485 1420 1512 dicentes
1440 1494 1445 1511 2
1466 1486 1584 1513 Verbum
1606 1494 1656 1521 per
1671 1494 1782 1514 carnem

957 1548 978 1576 C
996 1537 1105 1563 passum
1129 1534 1180 1557 est.
1198 1530 1321 1557 Decimus
1343 1535 1450 1558 octavus
1479 1535 1575 1559 contra
1603 1539 1649 1558 eos
1668 1533 1715 1567 qui
1742 1532 1783 1559 di-

995 1578 1060 1601 cunt
1076 1583 1082 1600 :
1100 1574 1173 1607 Quas
1190 1583 1286 1610 pmnas
1301 1575 1405 1603 dabunt
1414 1576 1510 1607 Judaei,
1522 1577 1542 1603 si
1553 1577 1638 1604 Deum
1649 1585 1704 1604 non
1717 1585 1783 1605 cru—

994 1621 1159 1648 cilixerunt?
1171 1621 1293 1648 Decimus
1311 1630 1394 1649 nonus
1410 1623 1438 1649 in
1452 1630 1499 1650 eos
1522 1623 1569 1657 qui
1595 1623 1690 1650 dicunt
1705 1632 1711 1650 :
1733 1624 1783 1652 Ju-

994 1667 1070 1694 dmus
1093 1667 1116 1694 is
1139 1671 1180 1694 est
1196 1667 1242 1702 qui
1255 1668 1340 1694 Deum
1358 1668 1471 1695 minime
1483 1669 1642 1696 cruciﬁxum
1655 1668 1782 1696 alﬁrmat.

995 1712 1136 1739 Vicesimus
1158 1713 1185 1740 in
1221 1721 1269 1740 eos
1291 1713 1338 1748 qui
1361 1714 1456 1741 dicunt
1483 1714 1594 1749 angelos
1617 1715 1710 1747 etiam,
1736 1715 1784 1749 qui

995 1760 1067 1794 apud
1077 1760 1264 1787 Abrahnmum
1278 1761 1370 1787 cibum
1382 1765 1569 1795 sumpserunt,
1582 1768 1638 1788 non
1652 1761 1784 1788 continuo

995 1805 1085 1832 carnis
1112 1809 1238 1832 naturam
1262 1806 1395 1832 attulisse.
1416 1805 1554 1833 Vicesimus
1570 1809 1670 1841 primus
1694 1806 1722 1833 in
1737 1814 1785 1834 eos

996 1850 1042 1883 qui
1065 1850 1171 1884 singula
1191 1850 1321 1878 miracula
1347 1856 1507 1883 extenuant,
1530 1852 1596 1878 dum
1612 1859 1722 1879 carnem
1733 1860 1784 1880 ne—

995 1898 1069 1929 gant.
1097 1894 1236 1922 Vicesimus
1255 1895 1383 1922 secundus
1399 1896 1533 1923 adversus
1547 1903 1594 1923 eos
1615 1896 1721 1932 1056
1737 1897 1783 1932 qui

996 1938 1127 1966 damnum
1150 1940 1273 1974 irrogant
1299 1941 1392 1975 generi
1421 1945 1526 1973 nostro,
1545 1941 1610 1968 dum
1632 1942 1785 1969 concedere

996 1985 1105 2014 nolunt,
1129 1993 1163 2012 ex
1190 1990 1284 2013 nostra
1309 1991 1406 2014 natura
1423 1991 1546 2021 sumptas
1564 1995 1624 2015 esse
1638 1988 1784 2022 primitias.

998 2030 1137 2058 Vicesimus
1160 2032 1252 2058 tertius
1286 2032 1312 2059 in
1335 2040 1383 2060 eos
1406 2033 1453 2068 qui
1471 2033 1576 2065 dicunt,
1594 2033 1707 2061 credere
1719 2034 1785 2062 sim-

997 2077 1105 2112 pliciter
1116 2077 1150 2104 iis
1160 2085 1220 2112 qua:
1230 2078 1335 2110 dicunt,
1349 2083 1376 2105 et
1386 2086 1441 2106 non
1453 2079 1595 2106 attendere
1606 2080 1672 2114 quid
1684 2080 1786 2108 decens

998 2122 1033 2149 sit
1063 2123 1103 2150 vel
1131 2122 1273 2151 indecens.
1304 2123 1446 2151 Vicesimus
1467 2127 1578 2159 quartus
1596 2124 1725 2152 adversus
1737 2133 1785 2152 eos

997 2167 1043 2203 qui
1062 2171 1124 2202 post
1142 2168 1296 2203 passionem
1311 2173 1339 2196 et
1354 2169 1542 2196 ascensionem
1559 2174 1719 2196 naturarum
1733 2170 1785 2197 lol-
1821 2181 1826 2189 ι

160 2217 298 2250 τέταρτος
312 2236 318 2247 .
335 2217 405 2251 πρὸς
419 2217 482 2247 τοὺς
500 2216 678 2251 ἀναιροῦντας
700 2216 749 2250 τὴν
765 2215 818 2242 τῶν
836 2215 940 2251 φύσεων

998 2213 1058 2240 lunt
1079 2213 1272 2241 diﬁerentiam.
1291 2213 1430 2241 Vicesimus
1441 2215 1547 2249 quintus
1571 2215 1727 2241 summatim
1753 2223 1786 2242 ea

160 2263 291 2298 διαφορὰν
308 2262 376 2297 μετὰ
389 2263 419 2288 τὸ
431 2262 515 2294 πάθος
529 2262 575 2288 καὶ
588 2262 637 2298 τὴν
648 2261 791 2296 ἀνάληψιν.
817 2261 845 2288 '0
859 2263 942 2289 Εἰκο-

160 2309 234 2342 στὸς
259 2308 393 2343 πέμπτος
407 2328 414 2340 ,
435 2307 675 2342 ἀνακεφαλαίωσις
694 2307 748 2335 τῶν
770 2307 841 2334 κατὰ
863 2307 945 2342 μέρος

161 2353 310 2389 ῥηθέντων.
334 2353 364 2380 Ὀ
388 2353 533 2386 Εἰκοστὸς
559 2353 645 2386 ἕκτος
657 2373 664 2385 ,
681 2354 744 2388 περὶ
764 2354 815 2388 τῆς
833 2352 945 2387 ὕστερον

162 2399 327 2435 μηνυθείσης
345 2398 495 2429 συνθέσεως
509 2398 569 2433 ἤτοι
585 2398 798 2430 συνουσιώσεως.
820 2399 850 2426 '0
864 2399 947 2425 Εἰκο-

159 2445 233 2478 στὸς
245 2445 368 2479 ἕϐδομος
382 2465 388 2475 ,
404 2445 468 2479 περὶ
485 2438 622 2471 ’ποῦ’κατὰ
637 2444 681 2470 τὸν
695 2445 784 2471 κοινὸν
802 2445 944 2480 ἄνθρωπον

160 2490 369 2525 ὑποδείγματος.
396 2489 480 2525 Δῆλον
503 2489 532 2515 δὲ
547 2490 594 2515 καὶ
619 2490 651 2515 ἐκ
679 2489 762 2524 μόνης
782 2489 871 2516 αὐτῶν
895 2490 944 2526 τῆς

160 2535 333 2568 ὑποθέσεως,
350 2535 421 2561 ποῖοι
436 2534 491 2560 τῶν
509 2533 661 2569 εἰρημένων
684 2534 771 2567 λόγων
790 2534 821 2561 τὸ
836 2534 945 2570 ὸρθόδο-

160 2581 204 2614 ξον
221 2581 383 2618 κρατύνουσι
399 2580 537 2615 φρόνημα,
562 2580 608 2606 καὶ
621 2580 694 2612 τίνες
708 2580 877 2607 ἐκκλίνουσιν
895 2580 943 2615 (9).

196 2663 205 2680 ¹
219 2663 296 2692 Ioan.
312 2671 331 2696 ι,
349 2663 391 2689 14.

207 2742 235 2777 4)
250 2743 375 2777 Χριστός.
386 2742 455 2769 ibid.
473 2749 567 2776 praam.
587 2743 609 2768 ὁ.

208 2777 235 2811 5)
252 2779 279 2805 δέ
293 2786 335 2811 γε.
348 2778 417 2804 Ibid.
430 2777 467 2803 δέ.

209 2812 235 2846 6)
251 2813 314 2846 Λόγ.
328 2812 396 2839 Ibid.
410 2820 503 2846 prtem.
516 2813 540 2838 6.

197 2843 235 2885 ΓΙ)
250 2843 376 2880 οἴςξιὺίἀ.
394 2843 450 2879 οὓς,
468 2847 495 2874 in
512 2855 596 2882 marg.
613 2843 668 2878 οἷς.

998 2259 1098 2294 repetit
1114 2267 1174 2294 quae
1188 2267 1237 2294 per
1249 2265 1340 2294 partes
1356 2260 1428 2287 dicta
1444 2264 1517 2287 sunt.
1541 2260 1679 2287 Vicesimus
1697 2265 1785 2287 sextus

999 2305 1032 2332 de
1057 2305 1277 2340 compositione,
1308 2313 1355 2332 seu
1381 2305 1662 2334 consubstantiatione
1690 2312 1783 2342 postea

998 2350 1181 2377 manifestata.
1195 2350 1334 2377 Vicesimus
1355 2352 1479 2386 septimus
1496 2351 1529 2379 de
1547 2359 1580 2379 eo
1597 2352 1670 2387 quod
1684 2360 1784 2380 secun—

999 2396 1065 2423 dum
1087 2404 1261 2424 communem
1284 2397 1421 2424 hominem
1450 2401 1493 2425 cst
1515 2398 1648 2433 exemplo.
1674 2398 1784 2426 Clarum

999 2450 1075 2475 vero,
1087 2443 1130 2470 vel
1143 2451 1176 2470 ex
1191 2443 1250 2470 solo
1261 2448 1432 2478 argumento,
1447 2443 1559 2478 quinam
1571 2451 1604 2471 ex
1620 2444 1786 2478 supradictis

999 2489 1078 2516 libris
1100 2489 1280 2516 orthodoxam
1307 2489 1486 2516 corroborent
1501 2489 1665 2522 doctrinam,
1682 2489 1784 2529 quique

1000 2535 1034 2562 ab
1045 2542 1076 2562 ea
1090 2534 1243 2562 discedant.

1046 2742 1062 2769 8
1090 2741 1129 2769 τό.
1150 2741 1218 2768 Ibid.
1233 2741 1268 2768 τε.

1035 2741 1074 2810 ἓθζ
1092 2777 1162 2807 τίνες
1176 2776 1251 2802 ἐκκλ.
1269 2776 1288 2802 li
1309 2775 1413 2802 scilicet
1430 2774 1476 2809 qui
1490 2774 1628 2810 oppositas
1643 2778 1788 2802 rerenscul

1002 2813 1158 2844 sententias,
1176 2816 1203 2838 ul
1221 2811 1289 2838 liber
1306 2811 1428 2846 quintus.
