1962 3051
170 131 237 167 liti?

671 114 924 162 THEODORETII
934 129 1104 159 EPISCOPI
1123 128 1306 158 CYRENSIS

1734 123 1800 157 1168

923 298 1049 326 INCIPIT

638 386 1344 447 BEATITHEODORETI

731 494 803 552 DE
841 505 1172 550 TBINITATE
1192 495 1248 535 (1)-

210 675 289 702 Salus
319 677 411 700 autem
423 674 465 698 est
487 669 603 697 scientia
621 666 790 700 exsistcntis,
808 666 965 694 exsistentis
980 669 1002 697 Α
1016 668 1122 698 omnia,
1151 671 1179 694 et
1193 675 1238 695 res
1255 675 1319 695 vere
1335 667 1490 695 subsistens
1505 666 1624 703 Spiritus
1639 674 1759 702 sanctus,
1779 671 1807 697 in

174 728 240 748 vero
257 717 478 754 scientia(2)est
489 716 571 746 Deus,
587 715 659 751 Dea;
675 718 765 740 autem
780 717 822 739 est
833 712 963 745 Trinitas,

175 766 254 802 cujus
277 765 404 793 notitiam
430 762 563 794 Verbum,
587 760 738 787 secundum
754 758 966 786 similitudinem

175 818 297 840 nostram
320 815 419 846 praater
442 812 585 845 peccatum
608 807 743 838 factum‘,
772 805 849 832 dedit
870 805 965 831 dicens

175 857 320 893 discipulis
335 866 340 884 :
358 866 368 881 ί
380 856 494 886 Euntes,
505 854 602 881 docete
611 856 819 886 omnesgentes.
828 850 967 885 baptizan-

177 909 219 931 ωε
239 910 287 930 eos
311 902 339 928 in
358 901 469 928 nomine
487 898 574 926 Patris
600 901 628 925 et
643 897 705 924 Filii
728 901 755 923 et
769 895 888 929 Spiritus
903 902 965 922 sau-

177 947 245 976 cti‘.
261 957 270 973 ι
300 947 368 974 Tres
389 943 583 972 subsistentias
608 942 666 969 sive
686 948 818 976 personas
833 939 964 971 ostendit,

177 994 274 1022 dicens
288 994 315 1020 in
331 993 438 1020 Patrem
453 996 481 1018 et
495 991 521 1017 in
535 990 634 1017 Filium
645 993 672 1015 et
684 992 809 1015 sanctum
821 986 964 1021 Spiritum.

178 1040 327 1075 Propterea
339 1038 414 1065 enim
432 1038 513 1064 Pater
524 1040 576 1067 est,
596 1039 623 1062 et
637 1042 693 1061 non
707 1033 793 1060 Filius
807 1040 895 1066 neque
907 1031 967 1066 Spi—

178 1087 264 1119 ritus;
282 1090 311 1113 et
327 1084 411 1112 Filius
425 1088 477 1116 est,
496 1087 524 1110 et
536 1089 626 1116 neque
640 1081 721 1108 Pater
732 1086 821 1113 neque
832 1078 965 1113 Spiritus;

178 1138 207 1160 et
233 1131 354 1167 Spiritus
374 1133 486 1157 sanctus
506 1133 558 1160 est,
576 1131 604 1154 et
619 1134 707 1162 neque
721 1126 802 1153 Pater
817 1131 906 1159 neque
922 1123 967 1150 lii-

179 1178 242 1206 lius.
269 1175 453 1204 Manilestavit
468 1179 559 1201 autem
572 1181 601 1200 se
618 1177 712 1200 sancta
728 1171 848 1198 Trinitas
862 1170 890 1196 in
904 1170 967 1197 Jor-

179 1224 262 1255 dane,
288 1223 370 1249 Patre
393 1224 521 1251 testante,
541 1219 610 1246 Filio
627 1218 776 1252 baptizato,
793 1220 889 1243 sancto
905 1215 968 1250 Spi-

178 1271 234 1298 ritu
251 1269 279 1296 in
294 1267 428 1296 columba:
444 1265 535 1301 specie
550 1264 745 1292 descendente.
771 1263 805 1290 Et
819 1263 899 1289 Pater
912 1269 968 1288 non

179 1319 240 1344 erat
256 1315 304 1351 qui
319 1313 521 1349 baptizabatur,
540 1311 587 1339 sed
601 1311 698 1338 Filius.
728 1309 780 1342 Qui
793 1316 858 1336 vero
870 1308 969 1335 desur-

180 1369 243 1390 sum
269 1361 432 1391 testabatur,
444 1366 500 1385 non
512 1361 571 1385 erat
583 1357 679 1388 Filius,
695 1356 743 1383 sed
765 1356 855 1383 Pater.
876 1354 908 1381 Et
922 1353 970 1388 qui

180 1409 210 1436 in
230 1407 326 1443 specie
350 1405 486 1433 columba:
500 1403 644 1431 descendit
656 1423 662 1434 ,
685 1410 740 1428 non
754 1405 813 1428 erat
826 1396 911 1427 Filius
923 1399 970 1434 qui

181 1453 384 1489 baptizabat-ar,
398 1458 488 1486 neque
500 1451 579 1477 Pater
592 1448 640 1484 qui
651 1448 685 1476 de
696 1447 812 1475 excelsis
824 1446 970 1476 clamabat,

181 1500 229 1528 sed
240 1499 361 1535 Spiritus
373 1501 494 1525 sanctus.
513 1496 594 1523 Pater
606 1495 679 1522 enim
695 1493 730 1520 ab
743 1491 860 1520 excelsis
871 1491 971 1518 clama-

182 1547 229 1574 bat
255 1554 262 1572 :
290 1555 298 1570 ι
313 1545 364 1572 llic
378 1547 421 1571 est
442 1542 530 1569 Filius
543 1548 622 1568 meus
636 1540 754 1567 dilectus
764 1559 771 1570 ,
791 1538 818 1564 in
832 1545 887 1572 quo
901 1536 971 1564 bene

182 1590 335 1626 complacui
345 1590 366 1622 ³,
381 1599 389 1614 ι
400 1589 490 1615 latens
502 1587 622 1614 Verbum
631 1589 743 1620 propter
755 1583 972 1612 incarnationem

178 1635 342 1663 ostendens.
375 1633 460 1660 Filius
475 1636 568 1658 autem
594 1635 637 1658 est
653 1630 826 1657 incarnatum
840 1630 971 1661 Verbum,

181 1687 212 1709 ct
233 1689 248 1708 a
269 1680 373 1708 Joanne
396 1677 560 1713 baptizatus.
586 1677 619 1704 Et
637 1676 756 1710 Spiritus
772 1680 894 1707 sanctus,
907 1683 972 1710 pro-

184 1725 271 1760 priam
284 1724 389 1751 habens
397 1722 616 1752 subsistentiam,
627 1720 800 1748 descendens
810 1719 974 1747 ostendeba-

185 1776 230 1798 tur
245 1771 272 1798 in
287 1769 379 1804 specie
390 1768 524 1796 columbae
535 1771 563 1794 et
576 1773 741 1802 permanens
752 1773 835 1800 super
847 1773 921 1792 eum.

245 1826 345 1855 Contra
360 1825 516 1856 Sabellium,
534 1823 651 1859 ejusdem
665 1823 733 1850 beati
747 1822 911 1849 Theodoreti.

220 1880 353 1919 Arguitur
377 1882 469 1916 itaque
487 1880 644 1907 insensatus
660 1878 811 1910 Sabellius,
831 1877 878 1912 qui
892 1885 974 1905 sensu

183 1931 299 1960 Judaico
311 1929 409 1958 asserit
420 1927 620 1960 monarcliiam,
637 1925 815 1962 intelligendo
828 1930 857 1954 et
869 1926 976 1961 sapien-

186 1979 222 2006 do
239 1978 348 2006 Patrem
372 1983 427 2003 non
443 1982 508 2002 vere
521 1974 646 2005 Patrem,
676 1976 705 2000 et
717 1972 817 2000 Filium
840 1980 896 2000 non
909 1980 974 1999 vere

1017 721 1068 748 quo
1087 714 1188 740 omnia.
1218 713 1334 748 Propter
1356 718 1413 740 tres
1432 713 1601 741 substantias
1627 717 1688 742 tres’
1702 723 1759 748 res,
1779 721 1808 742 et

1016 762 1129 793 propter
1141 766 1223 786 unam
1241 759 1423 794 eamdemque
1440 763 1566 786 naturam
1584 767 1639 787 una
1655 761 1807 796 eademque

1016 813 1071 833 res.
1099 805 1197 833 Omnia
1215 813 1280 841 ergo
1303 813 1475 840 quaecunque
1497 805 1568 832 facta
1588 809 1664 838 sunt,
1686 811 1807 834 asaneta

1018 851 1153 878 Trinitale
1178 851 1281 878 habent
1302 852 1452 879 essentiam
1464 870 1472 884 ,
1501 856 1530 878 et
1549 852 1578 878 in
1595 860 1626 879 ea
1642 851 1807 879 consistunt.

1020 907 1029 924 ε
1043 898 1135 925 Verbo
1148 898 1223 924 enim
1245 898 1354 925 Domini
1371 898 1440 933 (hoc
1451 901 1494 925 est
1504 898 1609 934 Patris)
1633 898 1695 926 caeli
1710 898 1809 925 firmati

1017 949 1096 976 sunt,
1126 949 1155 972 et
1177 945 1282 979 Spiritu
1299 945 1356 972 oris
1368 945 1428 980 ejus
1454 945 1544 972 omnis
1555 945 1644 973 virtus
1657 953 1753 972 eorum
1764 946 1785 972 ⁵.
1795 954 1806 971 ι

1017 989 1150 1017 Dominus
1161 995 1253 1017 autem
1268 990 1359 1023 Pater,
1376 991 1509 1018 Dominus
1521 994 1613 1018 autem
1627 995 1655 1018 et
1667 991 1764 1023 Filius,
1782 996 1810 1018 et

1017 1036 1150 1064 Dominus
1161 1044 1228 1064 vero
1243 1041 1271 1064 et
1286 1037 1406 1072 Spiritus
1421 1043 1542 1064 sanctus.
1566 1038 1719 1065 Commune
1731 1045 1810 1064 nam-

1017 1090 1071 1118 que
1088 1083 1170 1111 trium
1185 1091 1367 1118 personarum
1379 1088 1422 1111 est
1434 1084 1567 1111 Dominus
1579 1088 1607 1110 et
1620 1084 1702 1111 Deus.
1720 1094 1729 1109 ι
1739 1084 1812 1112 Deus

1018 1128 1092 1155 enim
1106 1125 1179 1155 Deus
1194 1133 1259 1155 tuus
1274 1129 1406 1156 Dominus
1419 1137 1490 1156 unus
1500 1129 1589 1156 est‘a
1607 1129 1725 1156 Attende
1737 1129 1812 1164 quod

1019 1173 1143 1201 dicitur:
1166 1174 1243 1202 Unus
1265 1174 1338 1201 Deus
1362 1175 1516 1202 substantia
1535 1179 1617 1209 atque
1631 1180 1740 1208 natura,
1757 1179 1813 1202 tres

1019 1225 1085 1245 vero
1096 1226 1232 1253 personae.
1260 1219 1321 1246 Non
1337 1220 1452 1247 alterius
1464 1225 1571 1247 natura:
1585 1220 1677 1253 Pater,
1703 1225 1731 1247 et
1743 1220 1813 1248 alte-

1020 1264 1078 1291 rius
1088 1265 1182 1298 Filius,
1192 1268 1221 1292 et
1231 1265 1346 1292 alterius
1357 1266 1476 1300 Spiritus
1490 1270 1618 1299 sanctus;
1640 1266 1687 1293 sed
1701 1273 1753 1293 una
1766 1273 1815 1293 na-

1023 1314 1084 1337 tura
1094 1315 1175 1345 atque
1185 1311 1350 1338 substantia.
1359 1312 1427 1338 Nam
1437 1316 1464 1339 ct
1476 1312 1603 1339 animalia
1612 1312 1756 1339 rationalia
1765 1319 1814 1339 sex

1024 1357 1080 1383 alas
1102 1356 1241 1390 habentia,
1253 1357 1370 1385 dicendo
1392 1368 1400 1383 ι
1412 1358 1538 1390 Sanctus,
1557 1363 1678 1390 sanctus.
1698 1363 1811 1385 sanctus

1024 1401 1194 1435 Dominus',
1210 1411 1220 1427 ι
1253 1402 1282 1429 in
1309 1403 1432 1430 trinitate
1454 1411 1636 1437 personarum
1667 1404 1816 1438 prtedicant

1025 1449 1171 1476 unitatem.
1203 1448 1301 1475 Unitas
1318 1449 1392 1476 enim
1420 1449 1448 1475 in
1473 1448 1594 1477 trinitate
1617 1448 1814 1484 cognoscitur;

1026 1496 1053 1522 in
1074 1496 1181 1523 unitate
1198 1496 1307 1524 tri-nitas
1320 1503 1384 1529 una,
1421 1495 1509 1524 deitas
1523 1504 1586 1529 una,
1610 1501 1639 1523 et
1651 1496 1738 1523 virtus
1751 1503 1814 1529 una,

1025 1543 1052 1567 et
1075 1548 1190 1575 regnum
1207 1549 1303 1568 unum.
1334 1540 1412 1574 Quod
1427 1541 1487 1568 vult
1498 1542 1590 1574 Pater,
1606 1542 1666 1568 vult
1679 1541 1815 1574 etFilius,

1026 1586 1084 1613 vult
1097 1591 1126 1613 et
1140 1586 1261 1621 Spiritus
1276 1591 1397 1614 sanctus.
1419 1586 1542 1614 Trinitas
1556 1592 1646 1614 autem
1657 1607 1663 1619 ,
1683 1587 1748 1621 quia
1764 1587 1816 1614 Pa-

1027 1638 1069 1661 ter
1084 1633 1146 1660 Filii
1159 1633 1335 1660 subsistentis
1345 1633 1425 1660 Pater
1436 1638 1488 1665 est,
1498 1637 1526 1660 et
1539 1633 1625 1660 Filius
1641 1633 1818 1661 subsistentia

1026 1679 1115 1707 Patris
1138 1683 1167 1705 et
1190 1678 1286 1711 Filius,
1308 1684 1337 1705 et
1353 1678 1473 1712 Spiritus
1484 1682 1596 1704 sanctus
1612 1678 1765 1705 subsistens
1776 1683 1818 1705 est

1026 1732 1060 1751 ex
1073 1725 1153 1752 Patre
1167 1724 1319 1759 procedens
1334 1728 1362 1751 et
1376 1732 1425 1758 per
1437 1723 1537 1751 Filium
1550 1723 1640 1751 datus.

1171 1780 1287 1816 1056'
1304 1780 1434 1807 Adversus
1452 1780 1545 1807 Arium
1563 1765 1683 1815 impium:

1063 1838 1117 1865 Sed
1129 1837 1313 1865 necessarium
1328 1836 1438 1871 quidem
1451 1841 1493 1863 est
1505 1841 1546 1869 ut,
1560 1841 1616 1864 tres
1627 1837 1819 1865 subsistentias

1028 1883 1203 1916 conﬁtendo,
1227 1884 1325 1910 malum
1340 1889 1443 1910 sectam
1456 1883 1513 1910 Arii
1537 1883 1681 1919 fugiamus.
1702 1884 1819 1912 Contra-

1028 1929 1069 1955 ria
1089 1929 1127 1964 (5)
1152 1929 1225 1956 enim
1250 1929 1371 1956 Sabellio
1392 1927 1547 1956 Judaizanti
1565 1936 1681 1965 pergens
1694 1930 1775 1962 viam,
1791 1935 1821 1958 et

1029 1975 1136 2011 fugiens
1151 1976 1349 2008 monarchiam,
1371 1975 1399 2003 in
1415 1977 1567 2004 multorum
1580 1978 1693 2005 deorum
1708 1979 1820 2014 pagani-

185 2023 303 2055 Filium,
334 2026 363 2049 ει
384 2020 520 2056 Spiritum
538 2022 665 2046 sanetum
692 2025 748 2045 non
762 2025 827 2045 vere
841 2017 976 2053 Spiritum
991 2016 1012 2044 C
1029 2028 1088 2048 cam
1102 2020 1185 2048 irruit
1197 2021 1367 2056 opinionem.
1383 2021 1577 2050 subsistentias
1590 2028 1690 2051 sancta:
1703 2022 1822 2052 Trinita-

186 2073 330 2101 sanctum;
347 2067 396 2095 sed
412 2066 522 2093 nomina
537 2063 710 2092 solummodo
727 2063 786 2091 sine
800 2064 975 2096 substantiis,

188 2115 240 2143 tria
268 2115 296 2142 in
318 2121 372 2141 una
396 2119 515 2148 persona
535 2111 695 2147 conjiciens.
728 2111 764 2138 Ut
788 2115 880 2138 autem
904 2111 978 2138 clare

183 2161 367 2196 intelligatur,
396 2158 523 2193 exemplo
536 2157 655 2192 quodam
672 2162 734 2184 tene
749 2156 786 2193 (5)
804 2157 886 2184 istius
899 2162 976 2192 pate-

188 2207 320 2234 faciamus
343 2211 464 2232 sensum.
496 2203 541 2230 Ait
555 2204 630 2230 enim
654 2200 818 2229 Trinitatem
842 2210 897 2229 non
913 2210 977 2229 vere

188 2251 341 2279 trinitatem
363 2255 542 2284 personarum
567 2247 777 2276 subsistentium
793 2255 854 2274 esse
877 2255 976 2275 nomen

189 2297 288 2325 Petrus
297 2296 346 2332 (ιι),
356 2295 384 2322 in
398 2294 562 2330 baptismate
576 2301 641 2321 vero
656 2293 789 2326 Andreas,
801 2293 867 2320 etin
881 2293 979 2321 militia

190 2343 310 2370 Thomas
324 2350 330 2368 :
345 2340 392 2368 sed
404 2348 459 2368 non
472 2347 537 2368 vere
551 2339 616 2367 trini
629 2339 787 2375 bujusmodi
801 2339 912 2367 trinitas
922 2343 979 2372 est;

190 2388 334 2416 nominum
355 2394 420 2414 vere
444 2385 618 2414 solummodo
633 2385 758 2418 trinitas,
777 2386 805 2412 et
819 2393 874 2412 non
887 2393 980 2412 rerum

189 2439 242 2462 est.
269 2432 324 2461 Res
337 2439 429 2461 autem
455 2440 520 2460 vere
533 2432 689 2460 subsistens
715 2435 757 2458 est
772 2431 863 2464 Pater,
883 2439 914 2458 ex
930 2440 981 2467 quo

192 2479 281 2508 omnia
291 2479 311 2512 ⁸,
338 2483 367 2507 et
390 2487 435 2507 res
458 2486 524 2506 vero
546 2478 701 2506 subsistens
714 2476 815 2510 Fiiius,
844 2486 890 2513 per
905 2486 982 2513 quem

228 2558 237 2574 ¹
252 2556 335 2585 Hebr.
349 2565 386 2588 IV,
405 2556 448 2583 i5.
486 2557 496 2572 ¹
512 2554 607 2582 Matth.
621 2556 714 2584 xx‘vul,
734 2553 777 2581 19.
816 2554 825 2569 '
837 2554 933 2581 Matth.
948 2563 987 2587 ιιι,
1008 2555 1049 2582 Π.

192 2593 203 2608 ⁸
219 2592 300 2620 Deut.
314 2600 351 2624 vr,
369 2592 400 2622 4;
419 2590 619 2632 Marc._xn,29.
667 2590 676 2604 ⁷
697 2589 748 2616 lsa.
761 2596 798 2621 vr,
815 2589 841 2615 5.

228 2667 444 2709 (ItEaMa‘mit;
460 2668 568 2709 ιξξξιμςι-,ι
582 2666 702 2709 tom-.1“
714 2674 794 2709 v9.33:
807 2664 976 2709 ί-ξιμὲοευ-

192 2701 297 2734 ευίιίίιι
313 2703 446 2731 Gallandii
463 2702 632 2733 Bibliotheca,
649 2706 714 2728 tom.
729 2701 774 2733 IX,
791 2708 818 2736 p.
834 2701 908 2736 416.]

229 2739 332 2777 (2)_Est
353 2737 431 2774 Deus]
449 2737 572 2777 Est_Dei,
596 2737 662 2777 legit
682 2736 836 2777 gotelerius
858 2736 886 2762 in
906 2736 979 2763 Eccl.

191 2771 240 2805 Cr:
254 2774 383 2804 Μοηιιηι..
401 2771 521 2805 ιόιιι.11ῐ,
536 2780 597 2807 pag.
606 2771 664 2807 A560
685 2771 716 2798 C.

230 2810 267 2845 (5)
284 2805 617 2845 Eaemplaquodum'tehe]
634 2805 761 2841 Exemplo
771 2806 886 2841 quodam
898 2805 981 2838 tenui,

230 2810 256 2845 (5
284 2810 412 2842 Exemplo
423 2816 479 2842 quo:

193 2846 236 2874 Vel
252 2810 341 2882 eleae).
360 2843 398 2870 In.
413 2843 479 2871 ibid.

1029 2067 1065 2094 tis
1090 2067 1118 2094 in
1144 2075 1227 2095 unam
1257 2068 1367 2096 deitatis
1389 2069 1569 2097 substantiam
1593 2078 1648 2097 non
1664 2070 1820 2102 intendens,

1030 2113 1078 2141 sed
1091 2118 1203 2142 naturas
1215 2122 1243 2142 et
1254 2115 1421 2143 substantias
1434 2120 1578 2144 extraneas
1591 2116 1729 2151 subjectas
1740 2116 1822 2143 aiter-

1031 2161 1121 2193 utris,
1150 2161 1236 2189 Deum
1256 2170 1385 2198 magnum
1409 2162 1561 2194 definiens,
1601 2167 1629 2190 et
1652 2170 1747 2197 parum
1770 2162 1820 2198 (6)

1030 2210 1058 2233 et
1073 2206 1227 2234 minimum.
1256 2207 1328 2242 Fuge
1342 2208 1592 2235 lnsensibilitatem.
1617 2207 1734 2243 Fugiens
1747 2208 1821 2235 enim

1031 2257 1089 2277 rem
1117 2249 1316 2286 incongruam,
1343 2251 1574 2287 incongrueutius
1598 2253 1719 2279 advenit.
1734 2252 1822 2279 Intro-

1031 2296 1109 2324 duxit
1120 2297 1194 2324 cnim
1204 2298 1263 2326 sine
1273 2298 1376 2326 fmderc
1381 2298 1508 2333 proelium
1517 2303 1618 2326 sanctae
1625 2298 1763 2330 Ecclesiae,
1772 2299 1820 2326 Dei

1031 2339 1131 2369 Filium
1147 2341 1319 2370 mlnorando.
1339 2343 1456 2378 Respice
1469 2343 1561 2378 itaque
1576 2344 1715 2378 quomodo
1727 2343 1822 2370 Sabel-

1031 2387 1086 2414 lius
1099 2388 1209 2423 quidem
1227 2389 1335 2424 fugiens
1349 2389 1444 2416 Arium
1459 2389 1570 2417 Judazus
1584 2394 1625 2416 est
1638 2389 1735 2420 factus,
1750 2397 1820 2424 quo-

1032 2433 1114 2460 modo
1128 2439 1219 2461 autem
1233 2434 1315 2462 Arius
1333 2435 1482 2463 Sabellium
1498 2434 1605 2469 fugiens
1621 2442 1743 2470 paganus
1753 2435 1820 2462 ell‘e-

1034 2483 1096 2506 ctus
1116 2484 1167 2506 est.
1197 2479 1244 2507 Ille
1269 2480 1406 2516 siquidem
1429 2479 1658 2515 uniprineipium,
1687 2479 1733 2507 hic
1757 2487 1821 2507 vero

1092 2556 1103 2571 ⁸
1120 2555 1200 2582 Rom.
1219 2564 1256 2589 ιι,
1273 2557 1322 2590 56;
1341 2556 1352 2584 I
1369 2557 1433 2585 Cor.
1446 2564 1502 2590 vin,
1519 2557 1546 2585 6.
1575 2557 1585 2574 ⁸
1603 2558 1676 2586 Psal.
1691 2566 1773 2591 uxu,
1794 2557 1821 2586 6.

1068 2666 1106 2701 (ὦ)
1126 2667 1170 2694 Ait
1185 2668 1265 2706 enim,
1283 2667 1355 2706 ctc_.]
1374 2668 1438 2703 [λος.
1454 2669 1498 2706 Ait
1516 2671 1747 2706 animitrinitatcm
1766 2679 1824 2706 per-

1032 2710 1160 2728 sonarum
1174 2703 1373 2740 subsit-tentiam
1389 2712 1455 2731 esse.
1472 2705 1574 2740 Nomen
1585 2705 1690 2739 Petrus,
1702 2707 1729 2733 in
1740 2703 1825 2740 bapti-

1033 2742 1119 2763 smala
1133 2745 1193 2763 vero
1214 2737 1344 2771 Andreas,
1364 2743 1388 2764 ει
1403 2740 1430 2765 in
1447 2739 1542 2766 militia
1559 2737 1687 2768 Thomas;
1706 2741 1743 2769 In.
1756 2737 1823 2769 ibid.

1122 2771 1277 2812 genu-aria]
1289 2772 1353 2808 Leg.
1361 2775 1662 2812 contrariamﬂluzibid.
1673 2776 1825 2812 pag.561a,

1072 2806 1110 2841 (6)
1130 2806 1243 2843 Parum]
1259 2806 1464 2843 Ilegfparoum.
1483 2809 1521 2837 Io.
1536 2809 1604 2837 ibid.
