1962 3051
132 167 201 200 1269

800 164 846 193 DE
865 163 1075 198 TRINITATE
1082 182 1089 189 -

1710 165 1773 198 i704

129 221 376 257 multiprincipium
399 220 520 256 alligavit
533 220 582 256 ('1).
604 219 652 247 Est
674 224 766 246 autem
785 219 874 247 media
892 223 920 248 et
934 230 956 257 Α
971 221 1151 249 ascendamus
1163 221 1197 248 ad
1211 221 1450 249 ratiocinationem
1459 221 1579 249 divinam
1591 227 1691 250 sanctae
1699 222 1761 249 Tri-

128 275 193 295 vere
208 267 306 302 regalis
321 266 374 298 via,
401 271 429 294 et
441 267 475 294 ab
487 266 540 293 hoc
560 270 589 293 et
599 265 633 293 ab
647 265 694 292 illo
708 265 856 292 abstinere.
875 265 922 295 Ait

129 314 202 341 enim
218 322 224 339 :
243 323 253 338 ι
263 313 323 341 Non
336 312 488 340 deciinabis
503 312 537 339 ad
552 311 694 339 dexteram
709 315 756 337 aut
769 310 920 337 sinistram.

130 360 180 388 V'ia
194 359 276 395 regali
290 367 373 394 perge
382 359 418 385 ⁸.»
438 358 547 394 Regalis
561 362 651 385 autent
666 357 710 384 via
721 361 773 389 est,
789 361 818 384 ut
830 364 921 391 neque

131 405 243 433 Sabellii
257 405 428 432 continuatio
444 405 520 432 velut
535 403 660 431 confusio
674 403 853 437 suscipiatur,
872 409 921 429 ne-

132 459 186 486 que
194 451 251 478 Arii
262 451 362 478 divisio
373 459 380 476 ί
390 450 437 478 sed
450 449 600 477 credantur
613 453 668 475 tres
678 447 789 482 quidem
797 447 923 474 substan-

133 497 178 524 tiae
202 497 258 524 sive
278 504 413 531 personae.
438 503 494 522 non
513 499 603 522 autem
625 502 679 521 una
694 493 837 521 Trinitatis
857 493 923 519 sub-~

133 543 270 576 sistentia,
293 543 446 571 secundum
462 542 610 570 Sabellium
623 561 630 573 ,
657 545 685 568 et
702 548 755 567 una
770 539 923 567 substantia

133 597 181 618 seu
195 594 292 617 natura
307 588 500 620 confiteantur,
518 592 546 616 BI
560 595 615 614 non
631 590 686 614 tres
702 590 808 614 naturae
824 593 924 613 secun-

133 635 198 662 dum
221 636 326 662 Arium.
347 633 417 667 Quia
429 641 495 660 vero
519 633 625 660 incerta
649 636 714 659 sunt
733 631 926 666 ignorantibus

134 687 196 714 quae
216 679 360 710 dicuntur,
387 677 460 713 quod
485 681 528 704 est
549 680 648 708 natura
666 680 693 703 et
706 675 859 703 substantia
876 682 925 703 seu

134 732 252 760 persona
276 724 318 752 vel
343 723 539 755 subsistentia;
565 721 752 751 necessarium
765 725 808 749 est
834 720 927 748 dehis

136 770 258 798 breviter
271 770 429 806 explanare.
450 768 590 798 inerudite
601 775 718 802 namque
736 766 814 794 multi
831 774 859 794 se
877 766 926 793 ha—

137 816 236 843 bentes
247 815 413 850 delinquunt
422 814 496 842 circa
507 817 628 843 sanctam
640 813 804 843 Trinitatem
818 816 846 839 et
854 812 928 839 circa

138 863 307 890 incarnatam
324 860 556 896 dispensationem
571 859 655 886 unius
672 859 705 886 de
726 859 861 886 Trinitate
880 857 928 887 Dei

971 266 1065 294 uitatis
1076 268 1204 294 universa
1222 267 1410 294 transilientis.
1427 267 1499 295 Nihil
1513 267 1586 295 enim
1596 272 1758 296 naturarum

971 312 1125 346 :equahitur
1138 312 1278 344 Creatori,
1309 313 1374 340 licet
1389 313 1499 348 aliquod
1515 321 1610 340 eorum
1625 321 1685 348 quae
1696 318 1761 341 sunt

972 356 1042 384 facta
1066 363 1190 384 sumatur
1205 359 1359 393 exemplum
1390 364 1502 394 propter
1528 359 1690 386 brevitatem
1708 366 1759 387 no-

972 407 1056 430 stram
1074 403 1101 431 in
1123 408 1194 431 terra
1206 404 1356 439 jacentium
1378 408 1406 431 et
1420 404 1606 431 erudientium
1623 405 1699 432 velut
1713 412 1763 439 per

973 448 1104 483 quasdam
1118 448 1259 483 imagines.
1279 449 1324 475 Ait
1337 448 1411 475 enim
1423 448 1603 483 Cantiloquus
1620 457 1626 475 :
1648 457 1656 474 ι
1672 448 1763 477 Etiam

974 493 1002 520 in
1017 493 1135 529 imagine
1148 493 1268 522 ambulet
1279 494 1362 522 homo
1372 494 1408 526 ³,»
1424 502 1478 521 non
1491 499 1522 521 ut
1532 495 1664 523 consistat
1675 502 1763 530 usque

974 539 1003 567 in
1023 539 1085 571 hoc,
1113 539 1161 566 sed
1183 539 1321 574 jaculatur
1336 540 1372 575 (9)
1391 544 1482 567 mente
1503 548 1518 567 a
1534 540 1712 567 sensibilibus
1728 540 1766 569 ad

975 584 1170 620 intelligibiiia.
1198 585 1305 613 Sancta:
1319 585 1402 620 igitur
1418 585 1561 613 Trinitatis
1585 593 1639 613 una
1652 586 1764 620 quidem

975 636 1018 660 est
1043 636 1142 659 natura
1168 635 1250 667 atque
1273 631 1436 659 substantia.
1467 632 1619 660 Commune
1633 637 1676 660 est
1689 634 1764 661 enim

977 677 1060 703 trium
1083 677 1247 709 substantia,
1278 685 1334 704 non
1357 681 1448 705 autem
1474 686 1528 706 una
1544 679 1696 707 substantia
1715 687 1769 712 seu,

977 730 1155 758 personarum
1180 723 1269 751 Patris
1293 728 1322 751 et
1345 724 1407 751 Filii
1425 729 1454 752 et
1470 724 1590 759 Spiritus
1602 726 1689 753 sancti
1707 730 1766 754 tres

978 768 1172 797 subsistentiat.
1189 768 1304 804 Oportet
1315 769 1398 804 igitur
1412 770 1615 801 desiderantem
1628 771 1765 805 spiritales

978 813 1089 841 divitias
1116 818 1145 842 et
1166 814 1303 842 volentem
1326 815 1546 843 Christianorum
1562 816 1688 852 dogmata
1704 817 1766 844 vin.

979 860 1088 893 dicare,
1113 868 1205 888 rerum
1223 868 1278 888 non
1296 861 1421 896 ignorare
1436 861 1546 899 proprie
1559 869 1630 895 esse,
1648 869 1683 890 ne
1695 862 1767 890 forte

138 907 233 940 Verbi,
251 907 407 935 nescientes
425 906 491 941 quid
505 909 548 933 est
562 909 660 932 natura
680 909 708 932 et
720 903 884 935 substantia,
901 907 928 930 et
945 905 964 931 Β
979 906 1054 935 aliud
1069 914 1119 942 pro
1131 906 1185 935 alio
1202 907 1358 942 intelligens
1372 907 1444 937 circa
1456 907 1584 942 dogmata
1594 912 1699 942 peccet.
1715 908 1775 941 Qui,

139 953 205 990 quid
213 957 255 981 est
266 953 418 981 substantia
428 956 510 986 atque
519 958 645 987 persona.
654 950 759 978 Natura
767 953 793 976 et
801 949 929 979 substan-

139 1000 178 1028 tia
199 999 228 1028 in
241 999 317 1027 nullo
329 998 574 1034 significativorum
587 996 720 1024 dili‘eruut
738 995 791 1022 nisi
806 994 927 1022 nomine.

138 1046 241 1074 Natura
263 1046 337 1073 enim
359 1043 511 1073 substantia
530 1046 583 1070 est.
612 1041 771 1070 Substantia
787 1044 816 1068 et
830 1044 928 1067 natura

139 1093 168 1120 in
194 1092 271 1120 nullo
296 1091 541 1127 signiﬁcativorum
566 1088 697 1116 dilierunt
725 1087 779 1117 nisi
806 1086 927 1115 nomine.

139 1139 298 1167 Substantia
316 1138 388 1165 enim
406 1142 448 1164 est
467 1143 594 1172 persona.
623 1134 676 1161 Sed
700 1137 798 1160 natura
817 1132 926 1168 quidem

138 1189 168 1212 et
192 1183 345 1212 substantia
371 1183 424 1210 hoc
447 1181 520 1218 quod
536 1186 579 1209 est
593 1187 738 1208 commune
763 1178 929 1214 signiﬁcant.

139 1231 258 1260 Persona
270 1237 336 1257 vero
350 1234 378 1256 et
391 1228 545 1257 substantia
556 1227 593 1262 (8)
608 1225 681 1261 quod
694 1225 836 1261 proprium
847 1225 931 1260 signi-

140 1276 231 1304 ﬁcant.
250 1275 332 1303 Velut
351 1283 406 1302 una
430 1279 458 1301 et
477 1272 632 1301 communis
647 1272 770 1299 omnium
787 1271 930 1298 hominum

141 1327 238 1350 natura
260 1325 304 1348 est
330 1324 412 1355 atque
433 1318 602 1351 substantia;
622 1317 802 1345 subsistentia
815 1324 883 1344 vero
903 1320 932 1343 ct

140 1375 258 1404 persona
268 1387 275 1399 ,
303 1365 509 1401 uniuscujusvis
523 1365 644 1392 hominis
659 1364 812 1399 proprium.
831 1363 865 1390 Et
877 1370 933 1390 non

141 1414 272 1450 quoniam
297 1411 516 1440 innumerabiles
541 1419 667 1446 personae
693 1415 722 1438 et
746 1410 933 1438 subsistentia;

141 1463 207 1487 sunt
224 1458 378 1490 hominum,
395 1462 542 1493 propterea
557 1456 774 1485 innumerabiles
788 1459 815 1482 et
829 1458 933 1482 natura:

142 1506 200 1533 sive
215 1505 385 1532 substantiae.
412 1503 470 1531 Una
487 1510 606 1537 namque
629 1508 656 1529 et
672 1501 767 1529 eadem
780 1501 933 1528 substantia

143 1555 225 1586 atque
249 1554 347 1577 natura
374 1549 446 1584 apud
472 1547 615 1579 homines,
647 1551 675 1574 et
698 1554 754 1574 non
776 1546 863 1573 altera
880 1550 932 1572 est.

145 1597 178 1625 Et
191 1605 287 1624 rursus
303 1604 357 1623 non
370 1595 499 1630 quoniam
515 1602 569 1621 una
583 1599 611 1621 et
626 1593 722 1621 eadem
738 1598 835 1620 natura
850 1597 933 1626 atque

144 1643 297 1671 substantia
313 1641 435 1669 omnium
451 1640 594 1669 hominum
604 1643 655 1671 est,
670 1643 815 1675 propterea
828 1645 881 1666 una
893 1643 935 1667 est

145 1689 202 1716 sola
226 1695 342 1723 persona
370 1684 418 1713 seu
437 1685 615 1714 subsistentia
641 1684 764 1711 omnium
781 1683 933 1710 hominum.

145 1735 254 1762 Scimus
274 1733 349 1760 enim
376 1732 499 1760 diversas
516 1738 648 1766 personas
664 1730 818 1762 hominum,
836 1733 864 1757 et
880 1737 936 1756 non

146 1787 239 1806 unam.
272 1779 370 1806 Petrus
384 1776 458 1813 enim
485 1779 513 1803 et
526 1776 646 1804 Jacobus
670 1780 697 1802 et
713 1775 834 1804 Joannes
852 1782 937 1802 unum

147 1825 257 1860 quidem
282 1828 379 1852 natura
395 1827 423 1851 et
439 1822 608 1853 substantia,
628 1821 779 1849 secundum
795 1820 868 1855 quod
886 1820 937 1847 ho—

148 1872 236 1900 mines
263 1875 343 1902 sunt;
375 1877 431 1898 non
458 1873 551 1896 autem
577 1876 663 1895 unum
694 1865 872 1894 subsistentia
894 1865 939 1892 vel

148 1925 276 1954 persona.
297 1916 441 1951 Proprium
457 1915 530 1942 enim
544 1918 609 1941 sunt
623 1912 734 1948 singuli.
754 1913 852 1947 Petrus
865 1910 939 1938 enim

149 1971 204 1993 non
218 1967 260 1990 est
272 1961 390 1989 Jacobus
402 1965 448 1987 aut
460 1960 589 1987 Joannes.
605 1959 738 1986 Similiter
749 1963 840 1984 autem
852 1961 881 1984 et
891 1957 941 1983 ho-

150 2016 213 2036 rum
228 2007 326 2043 singuli
353 2014 406 2034 non
421 2009 486 2033 sunt
498 2004 571 2039 quod
584 2004 663 2031 alius.
690 2003 803 2038 Propria
814 2003 887 2029 enim
899 2005 941 2029 est

151 2053 355 2089 uniuscujusvis
370 2059 486 2087 persona
512 2058 560 2078 seu
585 2049 775 2077 subsistentia.
803 2048 878 2076 idem
891 2055 940 2074 au-

152 2104 207 2128 tem
229 2097 452 2125 immutabilitate
474 2100 580 2123 naturae
596 2095 654 2123 sive
667 2094 837 2122 substantiae.
863 2092 941 2126 Quod

151 2145 226 2173 enim
243 2148 285 2171 est
298 2144 395 2170 Petrus
409 2146 518 2174 natura,
535 2141 587 2167 hoc
601 2145 629 2167 et
641 2139 761 2169 Iacobus
774 2144 802 2166 et
812 2138 941 2167 Joannes.

153 2190 230 2223 Quod
244 2193 334 2216 autem
350 2192 391 2216 est
407 2188 504 2216 Petrus
517 2185 705 2215 subsistentia.
724 2192 813 2219 neque
825 2183 943 2212 Jacobus

153 2243 244 2270 neque
260 2235 381 2262 Joannes
393 2239 445 2262 est.
467 2234 543 2261 Alter
557 2233 631 2260 enim
649 2236 691 2259 est
706 2232 812 2262 Petrus,
831 2234 857 2257 et
873 2229 943 2258 alter

153 2280 292 2312 Iacobus,
321 2281 444 2314 alterque
469 2279 599 2307 Joannes.
633 2277 782 2309 Probatum
797 2279 839 2303 est
860 2275 944 2310 igitur

155 2326 284 2361 quoniam
297 2334 350 2353 non
363 2326 434 2353 idem
446 2329 489 2353 est
500 2329 599 2353 natura
610 2328 638 2351 et
650 2322 839 2354 subsistentia,
855 2329 943 2356 neque

156 2373 228 2399 idem
242 2372 395 2399 substantia
410 2376 491 2406 atque
505 2378 632 2405 persona.
652 2369 725 2396 idem
740 2372 831 2395 autem
846 2372 943 2397 natura

156 2422 184 2445 et
195 2417 347 2445 substantia
357 2417 430 2452 quod
440 2423 585 2443 commune
596 2418 688 2442 etnon
704 2413 845 2449 proprium
859 2412 944 2447 signi-

158 2465 230 2496 ficat,
244 2469 272 2491 et
284 2464 355 2491 idem
367 2471 482 2498 persona
494 2460 707 2489 etsubsistentia
720 2459 792 2494 quod
805 2458 946 2494 proprium

157 2516 185 2538 et
198 2518 253 2538 non
264 2517 409 2537 commune
423 2509 553 2536 declarat.
574 2505 690 2534 Educati
702 2505 838 2541 siquidem
853 2509 881 2532 ct
893 2505 948 2532 sic»

159 2556 198 2584 uti
212 2556 308 2584 dicunt
322 2555 478 2590 exemplum
492 2553 643 2582 secundum
657 2552 797 2579 hominem
809 2555 949 2578 sumentes

199 2649 299 2676 'Num.
317 2658 372 2682 xxx,
388 2649 433 2676 2'2.
472 2650 482 2664 '
494 2649 565 2676 Psal.
581 2655 693 2680 xxxvtu,
709 2648 736 2674 7.

209 2715 236 2751 7)
253 2714 390 2751 [illigavit]
404 2715 469 2751 Leg.
483 2714 619 2751 allegasti.
640 2713 678 2751 in.

209 2750 235 2784 8)
253 2748 425 2786 Subsisteniia
435 2748 456 2786 ]’
477 2750 517 2777 ita
535 2748 623 2786 codex
636 2748 820 2786 Cprbeiensis.
857 2748 946 2775 Bello-

161 2785 286 2813 vacensis
312 2790 341 2813 et
354 2785 398 2813 hic
421 2784 449 2812 et
464 2786 490 2812 in
504 2785 633 2812 omnibus
650 2784 734 2811 ferme
749 2785 817 2813 locis
830 2791 947 2818 sequen-

163 2820 237 2849 tibus
252 2820 335 2847 habet
347 2820 506 2847 substantia.

200 2855 239 2888 (9)
255 2854 416 2926 Jaculaturx
430 2855 494 2890 Leg.
507 2854 656 2881 laculetur.
678 2852 714 2881 lo.
731 2852 797 2880 ihid.
817 2853 839 2879 h-

201 2890 259 2926 (£0)
281 2890 398 2925 Perpessi
444 2890 534 2921 Forte,
558 2897 696 2926 perpasto.
727 2889 758 2916 iit
784 2896 833 2922 pan

201 2890 259 2926 (10)
281 2888 416 2926 Perpessi]
444 2888 534 2921 Forte,
558 2897 696 2926 perpasto.
727 2889 758 2916 iit
784 2888 864 2922 paulo
879 2892 952 2921 ante,

978 951 1052 978 enim
1069 955 1195 978 naturam
1212 955 1240 978 et
1252 959 1397 986 personam
1413 951 1485 979 idem
1497 959 1558 980 esse
1571 952 1707 988 intelligit,
1722 959 1770 985 aut

979 998 1008 1025 in
1020 997 1077 1025 Arii
1090 997 1252 1026 divisionem
1264 998 1371 1031 incidit,
1379 1004 1427 1025 aut
1437 999 1464 1026 in
1475 999 1664 1027 confusionem
1677 1000 1770 1028 Sabel~

979 1044 1019 1071 lii.
1035 1043 1116 1071 Arius
1129 1044 1214 1077 enim,
1230 1048 1285 1071 tres
1295 1044 1490 1074 subsistentias
1501 1045 1608 1077 dicens,
1619 1050 1676 1073 tres
1685 1046 1772 1076 etiam

980 1089 1048 1117 dicit
1074 1094 1196 1118 naturas.
1237 1090 1373 1120 Sabellius
1398 1095 1505 1123 autem,
1535 1099 1617 1119 unam
1643 1097 1777 1123 naturam,

980 1135 1087 1167 dicens,
1115 1143 1197 1162 unam
1222 1135 1296 1163 dicet
1321 1140 1349 1163 et
1369 1136 1587 1164 subsistentiam.
1617 1138 1689 1166 idem
1704 1146 1777 1174 ergo.

981 1181 1042 1208 dua:
1054 1181 1173 1208 haereses
1186 1185 1250 1207 sunt
1261 1182 1385 1216 perpessi
1399 1182 1469 1217 (10),
1494 1184 1623 1217 quoniam
1644 1188 1775 1211 naturam

981 1230 1010 1254 ct
1021 1226 1227 1254 subsistentiam
1241 1226 1313 1254 idem
1325 1234 1384 1254 esse
1397 1232 1574 1261 putaverunt,
1587 1228 1653 1256 licet
1664 1234 1772 1256 contra-

982 1271 1029 1298 riae
1057 1271 1199 1298 alterutris
1222 1271 1397 1306 dogmatibus
1413 1280 1472 1300 esse
1490 1273 1644 1301 videantur.
1674 1274 1772 1307 Sancta

982 1325 1047 1344 vero
1059 1317 1190 1349 Ecclesia,
1209 1318 1312 1352 optime
1324 1318 1451 1353 dogmata
1469 1327 1484 1346 a
1498 1319 1638 1354 principio
1647 1327 1773 1355 servansl

983 1362 1136 1390 certissime
1158 1363 1234 1389 novit
1258 1371 1355 1391 causas
1376 1364 1533 1392 discernere
1546 1386 1553 1398 ,
1584 1373 1665 1392 unam
1679 1365 1775 1393 dicens

984 1413 1085 1435 sanctae
1107 1408 1251 1436 Trinitatis
1278 1416 1338 1437 esse
1359 1414 1503 1444 naturam,
1537 1418 1594 1438 non
1612 1419 1693 1438 unam
1707 1411 1775 1438 sub-

984 1454 1138 1482 sistentiam
1155 1454 1237 1482 sicuti
1252 1454 1407 1489 Sabellius;
1425 1457 1473 1484 sed
1487 1461 1543 1484 tres
1555 1457 1666 1492 quidem
1681 1457 1780 1488 dicens

984 1501 1188 1533 subsistentias,
1214 1509 1270 1528 non
1297 1506 1355 1530 tres
1374 1506 1497 1536 naturas,
1524 1502 1597 1530 sicut
1619 1503 1711 1531 Arius.
1742 1504 1776 1530 Et

986 1555 1068 1574 unam
1080 1551 1206 1574 naturam
1219 1547 1305 1579 norit,
1320 1548 1392 1582 quod
1406 1556 1551 1576 commune
1562 1554 1613 1582 est,
1626 1549 1786 1577 subsistcna.

986 1593 1052 1621 tiam
1062 1600 1129 1620 vero
1145 1601 1199 1620 non
1213 1601 1306 1625 unam,
1319 1594 1391 1628 quod
1406 1595 1558 1629 proprium.
1572 1594 1693 1622 Diceudo
1704 1595 1781 1623 enim

986 1647 1068 1666 unam
1084 1643 1221 1672 naturam,
1243 1639 1494 1667 indivisibilitatem
1511 1640 1642 1676 prmdicat
1657 1640 1778 1668 Trinita-

988 1684 1022 1712 tis
1039 1694 1045 1711 :
1062 1684 1179 1712 dicendo
1192 1689 1284 1712 autem
1300 1689 1356 1712 tres
1372 1685 1576 1718 subsistentias,
1592 1685 1778 1713 inconfusibi-

988 1730 1093 1757 litatcm
1119 1730 1264 1757 Trinitatis
1279 1731 1412 1765 agnoscit.
1445 1731 1522 1758 Multi
1542 1734 1634 1758 autem
1649 1731 1780 1758 Ecclesiae

989 1774 1118 1808 ﬁliorum,
1125 1779 1237 1810 propter
1247 1775 1427 1802 reverentiam
1435 1784 1482 1803 seu
1493 1776 1666 1804 formidinem
1673 1776 1779 1803 discere

988 1820 1170 1853 declinantes,
1184 1829 1216 1849 cx
1233 1821 1384 1855 ignorantia
1398 1826 1512 1856 peccant
1526 1822 1599 1849 circa
1615 1821 1779 1849 Trinitatem

989 1870 1017 1893 et
1039 1866 1111 1894 circa
1139 1867 1309 1894 incarnatam
1326 1867 1570 1902 dispensationem.
1599 1867 1781 1895 Christianis-

990 1911 1076 1938 simus
1096 1912 1171 1948 (ll)
1194 1916 1285 1939 autem
1308 1920 1373 1940 vere
1395 1917 1437 1940 est
1455 1913 1569 1942 scientia
1591 1913 1782 1941 inenarrabilis

990 1961 1091 1984 sanctae
1106 1957 1249 1984 Trinitatis
1277 1966 1283 1983 ε
1309 1965 1357 1992 per
1373 1957 1443 1985 hanc
1455 1962 1576 1985 sanctam
1590 1958 1733 1986 scientiam
1747 1958 1782 1985 ab

992 2001 1145 2036 ignorantia
1173 2002 1306 2029 liberatur
1325 2001 1391 2038 (l2).
1422 2002 1508 2030 Homo
1535 2004 1623 2038 gratia
1647 2004 1720 2031 liiius
1733 2004 1781 2031 Dei

991 2053 1115 2080 vocatur,
1136 2041 1284 2084 detergens
1299 2049 1422 2076 maculas
1435 2053 1612 2083 peccatorum
1639 2058 1689 2085 per
1700 2057 1782 2085 opera

992 2093 1074 2126 bona,
1086 2102 1119 2122 ex
1132 2094 1234 2130 quibus
1246 2095 1383 2131 praecipue
1396 2100 1509 2130 purgata
1522 2104 1599 2123 mens
1612 2096 1641 2123 fit
1651 2096 1784 2132 suscepti-

993 2139 1058 2167 bilis
1073 2144 1173 2167 sancta:
1192 2140 1335 2170 Trinitatis
1350 2144 1377 2167 et
1391 2140 1516 2169 unitatis.
1534 2141 1696 2168 Trinitatem
1707 2149 1784 2168 nam‘

994 2191 1047 2219 que
1071 2191 1250 2219 personarum
1272 2184 1482 2213 subsistentium
1519 2185 1678 2221 huiusmodi
1694 2193 1783 2218 mens.

960 2242 980 2269 ι)
995 2229 1022 2257 id
1038 2235 1080 2256 est
1108 2234 1135 2258 et
1150 2230 1176 2256 in
1187 2231 1266 2259 Patre
1294 2235 1321 2257 et
1333 2230 1401 2259 Filio
1425 2235 1454 2258 et
1465 2230 1567 2266 Spiritu
1580 2236 1676 2259 sancto
1689 2239 1785 2259 susce-

997 2275 1037 2310 pit
1055 2285 1061 2301 :
1084 2285 1091 2300 ε
1106 2275 1256 2303 Veniemus
1267 2276 1352 2308 enim,
1371 2275 1461 2310 inquit
1473 2276 1605 2309 Trinitas,
1621 2281 1649 2304 et
1665 2276 1784 2304 mansio-

997 2330 1059 2349 nem
1075 2322 1208 2349 faciemus
1230 2323 1301 2357 apud
1320 2324 1425 2350 eum”.
1442 2333 1449 2348 ι
1480 2323 1531 2351 Ubi
1545 2324 1618 2350 enim
1634 2324 1729 2357 Filius,
1746 2324 1786 2351 ibi

997 2373 1024 2396 et
1047 2369 1127 2395 Pater
1150 2372 1179 2395 et
1200 2368 1320 2403 Spiritus
1341 2375 1462 2397 sanctus.
1495 2369 1536 2396 Sit
1552 2373 1645 2396 autem
1660 2369 1742 2397 nobis
1757 2370 1785 2396 in

996 2414 1122 2449 exemplo
1141 2414 1224 2441 homo
1251 2414 1284 2441 ad
1307 2414 1452 2449 imaginem
1467 2414 1514 2441 Dei
1536 2419 1564 2442 et
1577 2415 1785 2442 similitudinem

997 2459 1095 2487 factus.
1124 2458 1223 2486 Servat
1234 2460 1307 2487 enim
1323 2459 1350 2486 in
1362 2459 1539 2494 semetipsum
1558 2464 1685 2494 tanquam
1698 2460 1787 2495 imago

998 2506 1057 2540 ejus
1072 2506 1150 2540 cujus
1160 2510 1201 2532 est
1217 2505 1306 2541 imago
1319 2505 1538 2533 similitudinem.
1556 2505 1607 2534 Sed
1622 2506 1735 2533 inferior
1746 2511 1788 2534 est

999 2555 1129 2585 tanquam
1154 2550 1258 2582 factura
1285 2556 1313 2578 et
1338 2555 1476 2578 creatura.
1500 2551 1560 2578 Non
1580 2551 1686 2585 alienus
1697 2556 1791 2583 autem

775 2647 797 2663 '°
811 2647 890 2674 Joan.
908 2654 961 2679 xw,

1002 2721 1083 2740 unam
1099 2712 1171 2738 dicit.

1003 2747 1093 2788 “.(il)
1113 2745 1373 2781 Christianissimus]
1403 2745 1468 2779 Legg.
1492 2745 1718 2772 Christianismus.
1751 2745 1793 2778 in,

1002 2783 1094 2852 ludii!)
1115 2816 1261 2852 Liberalur.
1283 2815 1365 2843 Homo
1395 2814 1540 2852 etmihimg.
1560 2815 1685 2842 liberatur
1698 2815 1787 2848 IMSO.“

1007 2850 1103 2887 gratia,
1121 2851 1191 2890 ﬁlim:
1209 2852 1254 2878 Dei
1270 2855 1386 2878 rotatur.
1408 2850 1443 2879 ip.
1461 2850 1527 2878 ibid.
