1962 3051
191 168 256 201 1ῖῖ11

675 164 919 197 TllEODORETI
937 165 1107 196 EPISCOPI
1126 166 1308 196 CYRENSIS

1751 161 1820 196 1172

188 235 204 252 ει
231 226 278 254 Dei
299 225 456 260 cognitione
471 229 528 258 est,
560 225 625 252 licet
641 232 696 251 non
708 225 905 252 exsistentibus
921 224 976 260 (15)
993 227 1016 256 Α
1031 228 1076 250 tur
1099 222 1304 256 subsistentiis,
1336 231 1401 251 vere
1422 222 1541 251 trinitas.
1569 222 1727 251 Secundum
1744 224 1818 258 quod

189 272 308 299 donante
322 272 463 299 Creatore.
481 271 639 298 Intellectus
649 274 752 304 autem,
769 275 796 297 et
811 271 862 297 iste
874 278 975 298 secun-

188 318 254 344 dum
267 317 427 344 interiorem
441 317 591 350 hominem,
610 324 666 343 non
677 320 754 344 extra
767 317 900 343 rationem
912 324 977 352 gen—

188 361 335 397 tibus(14).
355 362 477 397 Namque
489 366 531 389 est
544 362 701 389 intellectus
713 362 839 389 rationis.
859 362 911 389 Sed
926 370 976 389 ne-

187 415 241 442 que
253 411 330 435 extra
342 408 486 442 Spiritum.
499 409 548 435 Est
558 409 633 436 enim
644 408 800 435 intellectus
810 408 974 443 intelligens,

187 458 216 479 ct
232 454 431 486 ratiocinatrix,
460 458 487 481 et
499 454 613 488 spiritus
628 454 716 488 palam
730 453 842 485 faciens,
869 458 896 481 et
909 461 975 480 con-

187 499 335 533 templatur
355 499 428 534 (15)
453 503 481 526 ct
505 500 657 527 substantia
684 500 735 527 tria
747 500 973 535 proprietatibus.

187 543 263 570 Mens
277 544 351 570 enim
366 552 413 571 seu
430 545 660 580 intellectus(16),
677 549 755 579 pater
770 545 866 577 verbi;
892 545 975 572 habet

186 587 259 614 enim
272 588 386 615 verbum
402 589 545 623 proprium
563 589 590 616 in
605 589 765 616 abscondito
779 597 832 615 una
844 597 906 616 cum
918 589 974 624 spi-

187 633 242 659 ritu
266 634 388 668 proprio.
420 634 544 661 Movetur
563 634 637 663 enim
660 637 688 661 et
703 634 882 661 ratiocinatur
897 643 975 662 mens

187 679 216 705 in
234 679 343 712 spiritu.
372 679 447 706 Mens
457 683 549 706 alitem
566 679 640 706 aliud
652 684 694 706 est
714 683 814 714 praeter
828 680 972 707 rationem.

186 723 221 751 Et
233 723 332 750 iterum
355 724 427 750 ratio
442 732 497 751 non
514 728 555 752 est
568 733 655 758 mens,
676 725 827 752 secundum
840 726 914 760 quod
928 734 973 753 ra-

186 769 225 796 tio
237 773 289 797 est.
309 770 362 797 Sed
374 770 480 805 singula
499 771 655 806 singulatim
666 776 878 806 cognoscuntur.
898 772 973 799 lnse-

184 814 319 849 parabilia
333 823 398 842 vero
412 819 477 842 sunt
492 816 590 842 horum
603 816 710 851 singula
724 817 897 843 naturaliter.
915 817 974 844 Una

183 861 258 888 enim
272 861 435 888 substantia.
452 861 505 888 Sed
518 869 583 893 non,
599 862 729 896 quoniam
744 869 797 888 una
809 862 971 894 substantia,

1027 278 1082 298 non
1097 275 1239 306 separatur
1255 270 1419 302 substantia,
1442 277 1507 297 vere
1521 269 1612 297 unitas
1626 273 1677 297 est.
1702 269 1754 302 Qui
1767 277 1818 297 au-

1027 321 1082 344 tem
1099 317 1180 351 hujus
1193 315 1246 343 favi
1259 316 1416 343 suavissimi
1430 319 1540 350 gustum
1554 323 1609 342 non
1621 315 1735 347 habent,
1749 315 1818 342 divi-

1027 370 1069 389 nae
1097 361 1316 389 ratiocinationis
1347 361 1502 396 inexpertas
1528 361 1713 393 exsistentes,
1744 361 1817 388 illusi

1026 408 1147 435 humano
1164 408 1273 442 spiritu,
1294 411 1422 441 tanquam
1437 407 1579 439 animales,
1595 415 1651 434 non
1664 407 1818 441 suscipiunt

1026 462 1086 489 quae
1104 453 1224 488 Spiritus
1245 453 1293 480 Dei
1316 453 1420 480 sunt”.
1440 452 1563 480 Stultitia
1577 452 1650 479 enim
1667 452 1707 480 eis
1721 457 1773 484 est,
1790 457 1818 480 et

1026 499 1096 526 scire
1111 506 1166 525 non
1183 502 1308 533 possunt.
1335 497 1419 524 Aiunt
1430 498 1503 524 enim
1522 506 1529 521 :
1548 497 1576 524 Si
1596 497 1656 529 tria,
1680 497 1818 531 quomodo

1026 544 1129 571 unum?
1154 548 1182 571 et
1205 544 1226 570 si
1248 550 1346 575 unum,
1365 543 1504 577 quomodo
1519 542 1589 569 tria?
1605 543 1755 577 incongrua
1773 550 1818 569 ra-

1026 590 1100 617 tione
1125 596 1209 616 unum
1236 589 1423 624 percipientes
1449 593 1477 616 et
1497 588 1558 615 tria.
1587 588 1614 615 Si
1632 595 1717 614 unum
1731 588 1817 620 enim,

1025 635 1124 669 inquit,
1143 643 1197 662 una
1209 634 1264 670 (19)
1286 634 1477 666 subsistentia,
1496 638 1523 661 et
1542 642 1598 661 non
1612 638 1687 666 tres;
1713 634 1736 661 si
1752 641 1818 660 vero

1026 681 1077 707 tria
1088 701 1094 712 ,
1123 686 1179 708 tres
1200 679 1367 707 omnimodis
1381 679 1551 712 substantiae,
1567 683 1595 706 et
1607 687 1662 706 non
1677 687 1740 706 una.
1760 678 1819 705 Non

1025 727 1097 754 enim
1114 727 1244 761 possibile
1259 730 1310 759 est,
1339 726 1437 760 inquit,
1462 733 1548 752 unum
1566 732 1626 752 esse
1641 725 1703 758 tria,
1727 732 1818 759 neque

1025 780 1133 799 rursum
1160 772 1211 799 tria
1236 779 1321 798 unum
1349 780 1356 798 :
1382 779 1436 797 non
1460 771 1678 805 contemplantes
1693 770 1817 798 subtilis-

1025 818 1101 845 sitnis
1115 818 1242 845 sensibus
1253 817 1307 853 (‘20)
1323 817 1542 844 scelestissimam
1553 816 1608 852 (21)
1623 816 1746 843 scientiae
1756 824 1818 851 pro-

1024 863 1199 890 funditatem.
1227 862 1382 889 Secundum
1400 862 1466 897 quid
1480 870 1564 889 unum
1576 862 1629 888 tria
1643 866 1672 889 et
1684 861 1749 896 quid
1760 862 1815 898 (22)

186 913 239 933 una
253 914 363 941 quoque
384 908 547 942 proprietas.
577 907 636 934 Non
657 908 740 940 enim,
765 908 896 942 quoniam
918 912 972 936 tres
990 905 1009 932 Β
1025 908 1077 935 tria
1095 916 1197 941 unum;
1228 907 1380 935 secundum
1405 907 1478 942 quod
1504 907 1714 935 immutabiliter
1733 907 1817 934 habet

184 952 382 986 proprietates,
415 956 470 980 tres
492 960 602 987 quoque
627 953 798 980 substantiae.
825 953 885 980 Non
897 953 970 980 enim

183 1001 262 1024 erant
284 998 334 1025 tria
355 1006 451 1030 unum,
477 999 499 1026 si
512 1003 567 1026 tres
578 1003 671 1026 essent
685 999 861 1033 substantiae;
881 1007 970 1034 neque

184 1050 269 1070 unum
285 1043 347 1079 tria,
365 1043 388 1071 si
404 1051 457 1070 una
472 1043 634 1079 proprietas.
653 1043 776 1072 Ascende
789 1045 844 1080 jam
860 1052 970 1072 sumens

182 1088 333 1116 scabellum
348 1093 473 1124 nostrum
483 1090 638 1124 exemplum
652 1090 686 1117 ad
698 1090 772 1117 illam
783 1095 901 1117 mentem
910 1098 971 1125 qua:

181 1134 254 1162 ultra
268 1135 361 1162 omnia
377 1140 430 1167 est,
442 1136 489 1170 qui
505 1143 570 1162 vere
585 1135 665 1162 Pater
679 1140 721 1163 est
733 1140 760 1163 et
771 1136 890 1163 Verbum
902 1136 970 1172 (17).

181 1178 222 1205 lbi
242 1179 316 1206 enim
340 1187 404 1206 vere
417 1184 460 1207 est
474 1181 566 1208 unitas
580 1180 713 1208 trinitatis
723 1201 730 1213 ,
757 1184 786 1208 ct
801 1181 909 1208 trinitas
923 1188 971 1208 ve-

181 1231 212 1251 re
223 1228 266 1251 est
279 1225 402 1253 unitatis.
419 1226 567 1260 Propterea
579 1227 652 1253 enim
666 1227 755 1258 Pater,
768 1227 903 1254 exsistens
915 1227 970 1262 (18)

181 1270 361 1297 subsistentia
375 1291 382 1302 ,
411 1271 632 1306 inseparabiliter
651 1272 733 1298 habet
752 1272 850 1298 Filium
865 1276 893 1299 et
909 1271 971 1307 Spi-

181 1314 277 1341 ritum.
292 1315 326 1342 Et
337 1315 432 1348 Filius,
445 1316 531 1343 Filius
542 1316 678 1343 exsistens
690 1316 879 1348 subsistentia,
896 1316 970 1343 inse-

180 1361 340 1396 parabiliter
355 1361 439 1388 habet
455 1362 563 1390 Patrem
583 1367 611 1389 et
624 1362 767 1397 Spiritum.
801 1362 835 1389 Et
850 1362 970 1397 Spiritus

181 1410 302 1438 sanctus,
330 1406 449 1441 Spiritus
466 1407 601 1434 exsistens
616 1407 804 1439 subsistentia,
829 1407 970 1442 insepara-

180 1451 274 1479 biliter
286 1452 370 1479 habet
383 1453 491 1480 Patrem
504 1458 532 1480 et
543 1453 653 1480 Filium.
671 1453 706 1480 Et
717 1457 860 1488 separatur
871 1461 972 1480 unum-

180 1497 321 1533 quodque,
332 1502 424 1525 etnon
436 1503 591 1534 separatur.
607 1499 764 1527 Secundum
775 1499 849 1535 quod
861 1507 972 1535 separa-

217 1573 237 1590 "
254 1574 265 1602 1
280 1574 343 1603 Cor.
361 1583 390 1609 ιι,
408 1575 451 1604 15.
490 1575 511 1592 ¹²
529 1576 592 1611 Sap.
608 1584 645 1608 vr,
663 1576 705 1603 17.
747 1576 769 1592 ¹³
783 1576 846 1611 Sap.
864 1585 884 1610 ι,
897 1576 924 1604 2.

179 1686 237 1714 ibid
242 1705 248 1713 .

293 1722 428 1783 gemitu]
444 1723 508 1758 Leg.
526 1723 673 1759 agentibus.
691 1723 729 1750 1n.
746 1723 814 1750 ibid.

318 1761 327 1783 ι
344 1758 538 1784 contemniatur
552 1757 618 1784 ειη.)
638 1757 703 1784 Leu.
719 1763 743 1784 et
758 1764 814 1784 cont

220 1756 272 1794 [15)
293 1757 327 1783 Et
344 1756 618 1794 containpldtur'etcj
638 1757 703 1794 μείς.
719 1763 743 1794 et
758 1759 944 1793 contemplator
958 1768 967 1790 ,-

179 1795 205 1818 ει
219 1792 480 1828 ᾁῳψγῃ-εαὸδιαηιίὰ,
503 1794 554 1828 tria
570 1792 782 1828 proprietatibus.
803 1794 841 1821 lt).
858 1792 924 1821 ibid.
941 1802 965 1821 c.

181 1859 187 1866 '
216 1826 271 1866 (16)
285 1826 359 1866 Mens
366 1827 516 1866 epim__e_tc.]
531 1826 599 1856 Vide
610 1826 819 1863 Theodoritum,
829 1829 967 1864 quaest.20

179 1860 209 1888 in
222 1860 359 1888 Genesim.
379 1862 416 1889 1n.
432 1863 500 1890 ibid.

215 1894 271 1932 (17)
292 1895 342 1929 Qui
356 1897 427 1933 vere]
442 1898 506 1933 Leg.
523 1899 586 1934 quia
600 1907 669 1927 vere.
690 1899 728 1927 In.
745 1899 812 1928 ibid.

216 1650 272 1699 (J15)
291 1651 351 1679 Non
372 1653 481 1688 διάει]
510 1653 574 1688 Leg.
600 1662 631 1680 ex
646 1661 699 1680 non
714 1654 905 1681 assistentibus.
930 1654 968 1699 In:
984 1656 1007 1687 ο

1025 954 1058 980 ad
1075 953 1250 988 semetipsum
1267 953 1390 980 Trinitas
1409 961 1462 980 una
1477 958 1576 980 natura
1589 953 1734 984 exsistens,
1751 960 1815 987 pro-

1024 1004 1085 1034 pter
1108 1000 1160 1026 hoc
1179 1006 1263 1025 unum
1286 997 1416 1025 Trinitas.
1445 999 1532 1025 Porro
1562 998 1715 1025 secundum
1741 999 1815 1033 quod

1025 1052 1079 1071 non
1093 1052 1146 1071 una
1159 1050 1277 1078 persona
1294 1043 1342 1070 sed
1357 1048 1412 1070 tres
1425 1043 1534 1070 trinitas
1546 1063 1553 1075 ,
1579 1051 1645 1070 vere
1657 1047 1699 1069 est
1711 1043 1814 1073 unitas.

1024 1089 1132 1116 trinitas
1144 1088 1270 1123 personis
1280 1096 1335 1115 non
1347 1089 1510 1122 substantia,
1520 1093 1548 1116 et
1558 1089 1650 1115 unitas
1660 1088 1816 1116 substantia

1019 1142 1075 1162 non
1100 1134 1234 1168 personis.
1267 1134 1425 1161 Secundum
1446 1133 1521 1161 aliud
1533 1141 1600 1161 vero
1613 1134 1740 1167 trinitas,
1759 1135 1813 1162 tri-

1020 1184 1092 1211 nitas
1104 1204 1111 1216 ,
1130 1187 1158 1210 et
1172 1182 1325 1209 secundum
1346 1181 1422 1209 aliud
1439 1181 1541 1213 unitas,
1559 1182 1652 1209 unitas
1663 1186 1715 1208 est.
1735 1181 1816 1209 Alius

1020 1228 1095 1256 enim
1121 1233 1149 1255 et
1171 1227 1241 1255 alius
1266 1232 1294 1255 et.
1316 1228 1396 1255 alius.
1427 1227 1496 1254 Tres
1518 1228 1591 1254 enim
1618 1227 1814 1254 subsistentiae.

1020 1273 1080 1301 Non
1092 1277 1183 1301 autem
1200 1273 1275 1300 aliud
1289 1277 1317 1300 et
1332 1273 1406 1300 aliud
1421 1277 1449 1300 et
1460 1272 1545 1300 aliud.
1560 1272 1619 1300 Una
1631 1272 1704 1299 enim
1716 1276 1815 1299 natura

1020 1323 1102 1353 atque
1123 1318 1276 1346 substantia
1296 1322 1347 1345 est.
1370 1327 1379 1343 ί
1391 1317 1470 1345 Clare
1492 1325 1559 1344 vero
1576 1316 1698 1344 ostendit
1713 1321 1815 1344 semet-

1019 1365 1107 1400 ipsam
1120 1365 1224 1392 veritas
1243 1364 1423 1392 credentibus
1433 1364 1465 1390 ".
1480 1363 1623 1390 Invenitur
1637 1363 1711 1390 enim
1724 1363 1758 1390 ab
1773 1363 1816 1390 eis

1020 1411 1067 1445 qui
1088 1419 1144 1437 non
1168 1414 1274 1437 tentant
1298 1417 1357 1437 eam
1370 1431 1377 1443 ,
1395 1413 1423 1437 et
1439 1412 1553 1444 apparet
1575 1416 1631 1436 non
1650 1407 1814 1436 discreden-

1021 1457 1094 1484 tibus
1106 1456 1157 1483 sibi
1168 1456 1197 1481 ’³.
1206 1466 1215 1482 ›

1059 1654 1114 1696 (18)
1136 1654 1284 1696 Propterea
1292 1655 1361 1696 enim
1369 1653 1450 1696 Pater
1461 1651 1598 1696 assistens)
1612 1652 1676 1696 1.9.3.
1690 1651 1813 1687 Propter-

1023 1687 1139 1716 ea'em‘m
1154 1687 1245 1721 Pater,
1261 1688 1343 1715 Pater
1357 1689 1490 1715 exsistens.
1513 1688 1548 1717 In.
1562 1687 1630 1715 ibid.

1061 1724 1117 1759 (19)
1140 1723 1210 1759 Una]
1224 1724 1317 1759 Codex
1332 1723 1549 1759 Bellovacadua.

1069 1759 1114 1793 20)
1134 1757 1362 1793 Sceléstissimam]
1375 1758 1542 1793 Legendum,
1554 1757 1810 1793 excellentissimum.

1069 1792 1113 1828 ξι)
1135 1792 1364 1828 Scelestissimum]
1382 1792 1445 1828 Leg.
1462 1792 1728 1828 solet:tissimam.71o.
1743 1792 1810 1818 ibid.

1068 1827 1113 1864 22)
1134 1829 1170 1856 Et
1185 1828 1265 1864 quid]
1294 1827 1364 1863 Leg.’
1376 1833 1399 1854 et
1415 1827 1557 1854 secundum
1572 1827 1644 1862 quid.
1675 1827 1708 1864 Et
1724 1834 1785 1853 mox
1803 1835 1810 1864 ς

1022 1860 1129 1900 propter
1143 1860 1283 1890 hoc'unuin
1311 1860 1455 1900 {Vt-initas
1470 1871 1558 1900 porro,
1578 1860 1728 1900 secundum
1743 1860 1812 1896 quod

1023 1897 1076 1927 itan
1086 1908 1139 1926 una
1149 1906 1272 1934 persona,
1281 1899 1326 1925 sed
1334 1898 1518 1925 tres.Trinitar
1528 1905 1586 1924 vere
1599 1902 1636 1924 est
1649 1897 1747 1930 unitas,
1756 1900 1810 1924 etc.

186 1993 1799 2014 mm

443 2100 773 2188 BEATI
836 2100 1547 2191 THEODOBETI

855 2248 1024 2280 EPISCOPI
1043 2249 1132 2280 CYRI

777 2343 1216 2407 EPISTOL/E.

414 2522 647 2560 1057-1059
667 2521 710 2550 DE
736 2521 864 2550 LATINA
886 2519 1058 2549 VERSIONE
1087 2519 1330 2548 EPISTOLARUM
1352 2518 1573 2548 'rnsooona'n

723 2592 934 2623 ADMONITJO
956 2593 971 2623 J
974 2593 1029 2622 AC.
1058 2592 1253 2622 SIRMONDI.

218 2653 354 2689 Epistolas
366 2653 532 2681 Theodoreti
547 2652 678 2680 Vaticano
697 2660 729 2679 ex
742 2652 836 2679 codice
859 2652 1036 2687 depromptas
1052 2650 1199 2678 Latinitate
1223 2650 1340 2677 donarat
1364 2650 1513 2677 Federicus
1539 2649 1648 2681 Metius,
1674 2650 1701 2676 in
1728 2655 1807 2675 usum

182 2706 211 2730 et
225 2700 340 2736 gratiam
357 2699 504 2727 cardinalis
520 2699 641 2731 Baronii,
658 2699 705 2733 qui
721 2698 819 2725 harum
840 2697 946 2732 aliquot
968 2697 1044 2732 juxta
1070 2697 1216 2724 Metianam
1239 2696 1312 2723 illam
1337 2695 1494 2722 versionem
1518 2695 1613 2722 retulit
1636 2695 1663 2721 in
1686 2693 1808 2721 Annales

182 2747 395 2776 ecclesiasticos.
409 2746 480 2779 Quid
497 2754 529 2773 ea
543 2746 635 2772 Romzn
652 2749 747 2779 postea
766 2744 867 2771 factum
887 2743 923 2770 sit
948 2743 1097 2774 nescimus,
1126 2742 1179 2769 nisi
1207 2741 1279 2776 quod
1308 2741 1337 2767 in
1363 2741 1453 2768 lucem
1481 2745 1588 2768 constat
1613 2748 1667 2767 non
1695 2740 1806 2766 exiisse.

183 2792 316 2826 Quocirca
333 2799 395 2819 cum
409 2791 533 2818 Graecum
551 2791 690 2825 exemplar
701 2790 817 2817 alterum
832 2788 929 2816 eodem
944 2796 977 2815 ex
989 2787 1064 2815 fonte
1075 2787 1208 2815 Vaticano
1219 2786 1398 2814 illustrissimi
1411 2785 1626 2825 doctissimique
1635 2785 1805 2812 Arelatensis

183 2836 385 2871 archiepiscopi
396 2836 531 2864 beneﬁcio
544 2836 617 2863 nacti
630 2843 763 2867 essemus,
782 2834 855 2870 quod
876 2835 903 2862 in
920 2835 970 2862 hac
998 2834 1118 2862 editione
1142 2836 1381 2868 reprazseutamus,
1399 2840 1433 2860 ne
1455 2831 1551 2867 Latina
1573 2831 1664 2860 vcrsio
1688 2831 1808 2860 deesset.

144 2875 147 2879 ’
187 2885 253 2918 quia
264 2882 380 2910 bleliana
396 2881 568 2914 rarebamus,
588 2886 707 2909 nostram
726 2881 926 2909 substituimus.
