1962 3051
137 155 205 189 ma
257 194 262 198 ,

839 156 1027 186 EPISTOLA’
1038 157 1062 186 l.

641 287 871 317 TESTlMONIA
895 288 944 318 DE
966 288 1029 318 HIS
1052 287 1256 317 EPISTOLIS.

458 356 618 392 Nicephorus
632 356 676 384 lib.
689 366 733 385 xtv
746 358 880 391 Historiae,
893 367 953 394 cap.
970 359 1014 392 54,
1031 358 1184 386 Theodoreti
1201 366 1282 393 opera
1299 364 1441 384 recensent.

1694 150 1765 184 1174

139 416 141 429 ’
177 414 232 440 Καὶ
245 414 398 446 ἐπιστολαῖς
417 415 446 441 δὲ
461 415 556 442 τούτου
577 416 649 451 ὑπὲρ
682 417 862 449 πεντακοσίας
883 417 927 443 ὲν·-

1014 419 1101 454 Hujus
1120 418 1203 445 etiam
1221 417 1250 444 in
1271 416 1408 452 Epistolas
1426 413 1510 443 incidi
1527 421 1611 449 supra
1629 413 1764 449 quingen-

143 460 248 495 ιτυγον,
267 460 386 496 ἀρίστως
400 461 530 488 καὶκατὰ
547 462 626 496 λόγον
644 463 761 498 Ἕλληνα
778 465 925 498 συγκειμέ-

144 513 212 536 ναις.

979 469 1030 496 tas,
1051 464 1154 499 optime
1170 467 1198 491 et
1211 462 1246 490 ad
1263 461 1349 490 Graeci
1368 460 1502 488 sermonis
1521 460 1639 487 nitorem
1653 466 1765 494 compo-

980 514 1056 536 SllaS.

411 575 525 603 Collatia
537 575 732 604 Catholicorum
749 586 808 604 cum
826 577 986 610 Severianis,
1001 576 1232 612 Constantinopoli
1244 576 1335 604 habita
1352 583 1422 602 anno
1438 574 1501 602 552.

179 630 235 658 Sed
261 635 290 658 et
313 631 469 660 invenimus
497 632 526 659 in
550 632 716 660 Theodoreti
741 634 853 667 litteris,
874 642 943 669 quas
969 634 1003 662 ad
1019 634 1182 661 Dioscorum
1204 633 1279 665 fecit,
1302 631 1368 667 quia
1382 631 1492 666 quando
1507 633 1604 657 contra
1626 628 1765 656 Iulianum

147 682 177 704 et
201 676 236 704 de
260 677 443 712 Apopompaeo
459 678 669 713 conscripsisset
692 679 789 712 lihros,
815 680 890 716 ipsos
906 680 1054 708 destinavit
1077 680 1106 707 in
1119 679 1264 707 Antiochia
1283 678 1314 705 Β.
1328 677 1457 713 Cyrillus,
1471 681 1500 703 et
1513 675 1621 710 rogavit
1634 674 1664 701 Β.
1680 674 1765 702 Joan-

145 732 208 752 nem
225 725 368 752 ostendere
379 725 440 753 illos
450 725 631 754 orientalibus
654 727 794 762 praeclaris
822 728 993 755 doctoribus.
1017 728 1052 755 Et
1076 727 1141 763 quia
1158 727 1278 755 ostensis
1296 726 1337 754 eis
1356 725 1465 760 scripsit
1478 725 1504 752 ei
1516 723 1716 755 Tlieodoretus,
1739 726 1767 749 et

146 771 290 806 rescripsit
301 772 327 799 ei
342 772 372 799 Β.
382 771 513 807 Cyrillus,
529 777 558 801 et
573 773 743 809 diligentiam
757 778 785 801 et
800 774 929 802 affectum
940 775 966 802 ei
978 774 1138 803 testiﬁcans.
1151 773 1216 807 Quo:
1225 773 1304 800 verba
1315 776 1419 799 exstant
1431 772 1459 798 in
1470 771 1544 806 epist.
1557 769 1592 797 85
1604 768 1766 796 Theodoreti.

708 843 828 879 Synodus
843 852 860 871 ν
874 845 1006 880 generalis
1021 845 1161 872 collatione
1176 852 1203 871 ν.

182 895 224 922 Ex
247 897 357 932 epistola
384 898 535 926 Theodoreti
560 900 595 927 ad
624 900 796 927 Hierenatum
827 901 974 936 digamum.
1000 901 1134 935 Quoniam
1160 908 1227 928 vero
1253 899 1401 934 inculpatis
1422 905 1477 930 me,
1503 896 1578 932 quod
1599 899 1725 923 sanctum
1739 897 1771 921 et

146 941 257 968 beatum
283 943 382 978 reliqui
406 944 514 972 Patrem
537 945 713 973 Theodorum
741 947 769 973 in
792 948 1036 974 connumeratione
1063 947 1219 978 doctorum,
1243 944 1430 973 necessarium
1446 941 1768 973 existimavi,etc¢etem,

145 997 205 1024 quae
233 990 260 1016 in
289 990 336 1017 hoc
361 994 429 1018 tomo
455 995 558 1019 exstant
581 993 610 1019 in
635 992 746 1028 epistola
772 993 804 1021 l6
832 994 867 1020 ad
889 994 1022 1021 Irenwum
1047 995 1206 1029 episcopum,
1231 993 1275 1028 qui
1300 998 1438 1028 perperam
1467 997 1495 1016 eo
1522 988 1577 1016 loco
1612 987 1769 1014 Ηίετεηαιιε

147 1035 309 1070 appellatur.

329 1229 501 1296 ΤΟΥ
537 1229 977 1297 ΜΑΚΑΡΙΟΥ
1021 1229 1599 1297 ΘΕΟΔΩΡΗΤΟΥ

795 1358 994 1385 ΕΠΙΣΚΟΠΟΥ
1009 1358 1128 1384 ΚΥΡΟΥ

738 1449 1178 1510 ΕΠΙΣΤΟΛΑΙ.

481 1642 766 1720 ΒΕΑΤΙ
810 1641 1432 1719 ΤΗΕΟΒΟΒΕΤΙ

818 1777 987 1807 EPISCOPI
1013 1777 1102 1808 ΟΥΒί

741 1870 1175 1941 EPISTOLz‘E.

394 2057 434 2083 A’.
455 2070 490 2076 —-
513 2056 676 2092 Ἀνωνύμῳ.

186 2113 232 2148 Τῷ
264 2112 414 2148 Θαυμαστῷ
429 2112 574 2148 συμϐούλῳ
593 2112 639 2140 τὸν
664 2113 773 2140 συνετὸν
797 2113 937 2149 ἀκροατὴν

150 2158 164 2185 ὸ
176 2157 344 2193 προφητικδς
365 2158 507 2192 συνέζευξε
521 2158 607 2194 λόγος.
630 2158 700 2193 Ἐγὼ
712 2159 740 2186 δέ
756 2168 802 2186 σου
813 2161 846 2195 τῇ
862 2160 935 2186 ὁσιό-

150 2212 213 2239 τητι
229 2204 278 2238 οὐχ
295 2204 332 2235 ὡς
357 2204 479 2239 ἀκροατῇ
498 2204 600 2240 συνετῷ
611 2225 619 2236 ,
634 2205 691 2231 ἀλλ’
705 2205 743 2236 ὡς
760 2207 841 2241 κριτῇ
860 2205 935 2240 σοφῷ

149 2249 232 2275 τεκαὶ
241 2249 344 2283 ἀληθεῖ,
358 2249 409 2284 τὴν
426 2250 467 2280 είς
481 2249 527 2276 τδν
542 2249 613 2276 θεῖον
635 2250 796 2278 Ἀπόστολον
813 2260 937 2287 συγγρα-

152 2293 247 2327 φείσάν
263 2301 307 2328 μοι
319 2293 423 2320 δέδωκα
436 2293 537 2328 βίϐλον.
549 2295 604 2321 Καὶ
615 2295 741 2331 καθάπερ
752 2296 776 2322 οἱ
794 2297 936 2332 χρυσοχόοι

150 2338 184 2373 τῇ
202 2337 310 2372 βασάνῳ
323 2338 508 2373 προσφέρουσι
521 2339 566 2365 τὸν
581 2340 692 2374 χρυσὸν,
713 2341 777 2367 ἰδεῖν
794 2341 934 2374 ἐθέλοντες

151 2384 176 2410 εί
194 2383 338 2418 ἀκίϐδηλός
353 2392 382 2410 τε
393 2384 440 2410 καὶ
453 2384 592 2419 ἄπεφθοςξ·
616 2385 703 2418 οὕτως
716 2385 772 2420 ἐγὼ
782 2388 816 2423 τῇ
830 2389 862 2422 σῇ
878 2388 937 2414 θεο-

152 2429 245 2465 σεϐείᾳ
260 2428 290 2455 τὸ
307 2427 477 2464 σύγγραμμα
497 2431 685 2466 προσενήνοχα
696 2452 704 2463 ,
723 2432 824 2466 γνῶναι
840 2432 937 2468 βουλό-

152 2483 231 2510 μενος
244 2494 252 2506 ,
274 2474 328 2500 εἴτε
345 2472 374 2500 εὖ
395 2474 468 2508 ἔχει,
484 2475 540 2502 εἴτε
561 2476 633 2508 τινὸς
656 2477 744 2504 δεῖται
759 2478 936 2513 καθάρσεως.

157 2521 238 2549 Ἀλλὰ
251 2521 298 2549 καὶ
313 2521 447 2556 ἀναγνοὺς
460 2523 507 2549 καὶ
523 2523 646 2558 πέμψας,
658 2524 734 2551 οὐδὲν
744 2526 822 2561 ἡμῖν,
836 2523 859 2553 ὦ
874 2527 938 2562 φίλη

151 2568 268 2604 κεφαλὴ,
283 2568 337 2596 τῶν
358 2570 513 2605 εἰρημένων
529 2572 595 2607 περὶ
607 2572 702 2599 τούτου
718 2573 884 2609 δεδήλωκας.
906 2575 940 2601 'ﬂ

152 2615 181 2641 δὲ
195 2615 257 2650 σιγή
270 2623 304 2650 με
315 2617 520 2651 παρασκευάζει
532 2618 673 2652 τοπάζειν,
686 2619 725 2651 ὡς
735 2621 865 2647 τάναντία
876 2621 940 2656 περὶ

152 2659 254 2693 ταύτης
271 2660 463 2697 ψηφισάμενος
479 2663 493 2689 ὁ
506 2664 614 2700 κριτὴς,
631 2665 681 2691 οὐκ
698 2665 815 2701 ἠθέλησε
832 2666 877 2694 διὰ
890 2667 939 2694 τοῦ

154 2705 272 2741 μηνῦσαι
298 2706 427 2743 λυπῆσαι.
445 2708 533 2736 Λῦσον
557 2710 647 2737 τοίνυν
669 2711 718 2745 τὴν
736 2711 867 2747 ὑποψίαν,
891 2712 938 2740 καὶ

950 2059 973 2088 Β

1213 2055 1318 2091 1060
1334 2053 1355 2082 l.
1365 2053 1552 2090 —Anonymo.

1021 2111 1091 2140 Cum
1103 2111 1258 2139 admirabili
1273 2111 1432 2139 consiliario
1445 2112 1609 2147 prudentem
1621 2111 1782 2139 auditorem.

986 2157 1164 2194 propheticus
1185 2165 1277 2185 sermo
1292 2157 1435 2193 conjunxit
1451 2158 1471 2184 ί.
1490 2158 1547 2193 Ego
1558 2165 1623 2185 vero
1637 2158 1777 2185 sanctitati

987 2208 1050 2237 tute,
1077 2212 1133 2231 non
1164 2208 1194 2231 ut
1214 2203 1344 2238 prudenti
1370 2203 1501 2236 auditori,
1530 2204 1578 2231 sed
1610 2209 1641 2231 ut
1659 2204 1776 2238 sapienti

986 2257 1106 2284 veroque
1120 2249 1207 2284 judici
1220 2249 1320 2276 librum
1330 2249 1429 2281 obtuli,
1441 2256 1523 2283 quem
1534 2249 1561 2275 in
1572 2249 1694 2276 divinum
1703 2249 1777 2284 Apo-

987 2296 1088 2323 stolum
1110 2295 1337 2329 conscripseram.
1359 2294 1392 2322 Et
1410 2294 1640 2330 quemadmodum
1651 2295 1778 2322 auriﬁees

988 2340 1020 2368 ad
1030 2341 1147 2375 lapidem
1160 2349 1257 2368 aurum
1269 2340 1426 2373 admovent,
1437 2348 1499 2368 eum
1509 2340 1625 2375 probare
1634 2341 1730 2368 volunt
1743 2348 1787 2368 an.-

989 2394 1088 2422 purum
1112 2386 1149 2413 sit
1172 2390 1200 2414 et
1221 2390 1364 2414 excoctum
1379 2395 1385 2413 :
1403 2385 1443 2414 sic
1453 2393 1503 2421 ego
1516 2385 1551 2412 ad
1563 2385 1690 2420 pietatem
1703 2389 1782 2413 tuam

989 2432 1217 2460 commentarium
1230 2431 1304 2464 misi,
1320 2431 1392 2459 scire
1408 2439 1495 2458 avens
1506 2436 1614 2458 rectene
1626 2439 1655 2458 se
1665 2431 1776 2461 habeat.
1805 2429 1809 2444 '

990 2487 1025 2506 an
1045 2479 1137 2513 aliqua
1154 2483 1233 2513 egeat
1246 2477 1419 2512 purgatione.
1438 2477 1473 2504 At
1484 2482 1511 2505 tu
1525 2477 1560 2504 de
1579 2477 1637 2509 illo,
1651 2484 1713 2503 cum
1728 2477 1778 2503 abs

991 2531 1017 2553 te
1030 2526 1131 2553 lectum
1144 2525 1308 2555 remitteres,
1326 2523 1396 2550 nihil
1406 2523 1505 2550 horum
1521 2522 1610 2555 nobis,
1625 2522 1722 2557 amice,
1739 2523 1778 2549 εἰ-

989 2571 1134 2606 gniﬁcasti.
1160 2570 1236 2598 Facit
1258 2573 1350 2597 autem
1363 2569 1416 2596 hoc
1430 2569 1580 2602 silentium,
1592 2572 1622 2595 ut
1635 2568 1787 2604 conjiciam.

988 2617 1120 2653 judicem,
1138 2617 1202 2652 quia
1220 2616 1298 2643 illum
1311 2615 1416 2643 calculo
1427 2622 1477 2643 suo
1487 2615 1639 2647 damnarat,
1657 2614 1788 2642 noluisse.

991 2671 1042 2691 nos
1065 2670 1123 2690 rem
1149 2662 1297 2689 indicando
1323 2669 1439 2689 maerore
1460 2660 1577 2689 allicere.
1596 2660 1674 2687 Dilue
1688 2659 1787 2694 itaque.

992 2709 1188 2747 suépieionem.
1199 2716 1231 2735 ac
1243 2707 1277 2735 de
1296 2706 1495 2736 commentario
1513 2706 1582 2734 mihi
1596 2704 1664 2741 quid
1677 2704 1787 2733 sentias.

152 2750 202 2786 τὴν
220 2751 285 2786 περὶ
308 2752 355 2779 τοῦ
384 2754 599 2791 συγγράμματος
624 2755 714 2792 ψῆφον
737 2757 856 2793 δηλῶσαί
884 2766 935 2793 μου

993 2757 1144 2793 exprimere
1161 2764 1195 2784 uc
1206 2755 1335 2791 graveris.

153 2795 332 2830 καταξῐωσον.

194 2865 200 2879 ¹
219 2873 270 2901 lsa.
288 2881 328 2908 ut,
348 2875 375 2903 2.
