1962 3051
179 136 248 170 1175

416 198 520 233 ιοθι
539 199 612 225 ιι.-
623 198 726 226 Eidem.

212 254 272 282 Non
303 259 369 289 puto
395 262 444 282 eos
473 256 521 290 qui
549 256 679 284 ardenter
695 262 788 284 amant
805 256 839 284 de
855 257 966 284 illorum

177 303 256 332 partu
280 299 328 333 qui
353 303 480 325 amantur
505 305 580 328 recte
601 301 737 336 judicare.
755 301 966 336 Subripitenim

177 350 254 369 amor
277 343 422 378 justitiam.
447 344 514 371 Nam
530 349 559 372 et
569 349 661 380 patres
674 345 761 373 forma
779 350 909 381 praestare
920 347 968 373 de-

177 388 278 415 formes
305 387 376 415 filios
402 389 569 422 existimant,
597 395 624 418 ct
648 390 696 418 lilii
712 391 840 418 similiter
857 396 966 426 patrum

175 432 377 460 deformitatem
407 442 462 461 non
489 434 592 463 vident.
618 435 663 463 Sic
689 440 717 463 et
741 436 828 463 frater
855 435 968 463 fratrem

175 478 274 510 cernit,
301 487 357 506 non
381 480 489 513 qualem
518 485 626 512 natura,
653 481 700 509 sed
726 481 835 516 qualem
852 481 967 508 aﬂ‘ectus

175 524 305 551 ostendit.
332 525 374 552 Ad
399 525 473 553 hunc
493 533 545 561 ego
570 527 680 553 modum
710 527 744 554 de
770 527 880 562 scriptis
898 527 967 554 meis

173 568 312 603 judieasse
342 570 514 599 sanctitatem
544 574 618 597 tuam
645 571 776 604 arbitror,
802 571 966 598 sententiam

175 614 297 642 dictante
313 615 517 644 benevolentia.
539 617 655 644 Maxima
669 618 743 645 enim
758 625 854 645 revera
866 617 908 644 vis
924 622 967 645 est

175 660 329 692 charitatis,
351 661 560 696 amicorumque
588 661 712 689 defectus
727 670 849 698 persaape
862 662 968 697 obtegit

176 713 231 732 non
246 705 329 733 leves.
348 705 435 741 Hujus
452 710 480 734 tu
491 707 591 742 opibus
602 707 727 740 attinens.
747 716 764 735 ο
778 707 875 740 amiee,
895 707 966 734 seri!

176 755 222 786 pta
242 756 335 779 nostra
352 752 480 781 laudibus
495 752 609 781 ornasti.
627 753 662 780 At
677 761 727 789 ego
741 761 756 780 a
773 753 905 788 religione
921 757 967 780 tua

175 800 250 831 peto,
274 797 377 824 bonum
392 802 423 824 ut
439 798 586 826 Dominum
601 807 709 831 exores,
727 807 782 834 quo
798 800 966 834 scriptorum

175 841 286 869 laudem
315 846 401 869 ratam
424 842 536 876 habeat,
553 843 749 878 laudatumque
761 844 842 871 talem
857 842 965 875 reddat,

175 887 284 921 qualem
303 887 475 915 laudantium
488 888 573 916 verba
590 889 753 926 depingunt,

402 1000 446 1028 Ill.
457 1017 492 1021 --
500 1001 602 1029 lrenwo
614 1003 742 1038 episcopo.

211 1056 373 1092 Hujusmodi
399 1059 619 1093 comparationes
643 1058 754 1086 divinus
768 1058 879 1093 quidem
895 1057 965 1092 Apo-

175 1103 263 1131 stolus
275 1104 424 1132 interdicit.
441 1105 572 1133 Scriberis
584 1107 658 1134 enim
670 1105 703 1133 ad
715 1106 853 1132 Romanos
863 1105 903 1131 sic
916 1104 963 1131 ait:

179 1158 189 1174 ‹
209 1149 302 1184 Itaque
316 1150 400 1177 nolite
418 1155 481 1178 ante
497 1156 605 1187 tempus
617 1151 752 1187 judicare,
769 1150 860 1186 quoad
878 1157 964 1185 usque

174 1195 268 1222 veniat
295 1195 437 1229 Dominus,
454 1197 540 1233 quiet
561 1196 728 1224 illuminabit
746 1196 906 1224 abscondita
923 1199 964 1222 te-

175 1241 335 1275 nebrarum,
348 1246 376 1270 et
389 1242 575 1270 manifestabit
587 1243 700 1270 consilia
714 1243 850 1274 cordium,
862 1246 890 1269 ct
901 1246 966 1269 tunc

174 1286 234 1314 laus
259 1288 312 1314 erit
337 1288 485 1323 unicuique
513 1296 528 1316 a
543 1289 599 1316 Deo
615 1290 635 1315 '.
653 1298 662 1314 ›
681 1288 746 1316 Jure
758 1294 849 1316 autem
864 1295 895 1314 ac
909 1295 965 1314 me-

175 1333 229 1360 rito
261 1333 287 1360 id
311 1333 384 1361 facit.
417 1334 473 1362 Nos
497 1335 633 1369 siquidem
660 1343 704 1362 res
717 1335 789 1362 solas
801 1334 963 1362 cernimus:

175 1379 367 1407 universorum
397 1388 464 1408 vero
489 1381 563 1408 Deus
591 1381 680 1416 ipsum
705 1381 789 1408 etiam
803 1387 899 1407 eorum
917 1379 965 1414 qui

175 1432 220 1453 res
242 1430 342 1461 gerunt
365 1431 540 1462 perspectum
558 1427 642 1454 habet
663 1427 820 1459 consilium,
835 1431 917 1461 atque
931 1434 966 1453 ex

175 1472 226 1500 hoe
251 1473 343 1507 potius
364 1481 444 1508 quam
467 1481 501 1500 ex
531 1474 663 1508 operibus
678 1473 806 1510 judicans
832 1473 884 1500 fert
904 1481 967 1500 sea.-

176 1518 300 1546 tentiam.
319 1518 357 1545 lta
378 1519 501 1546 divinum
524 1519 686 1554 Apostolum
698 1519 843 1547 coronabit
860 1518 962 1545 factum

679 143 923 174 THEODORETI
944 145 1113 177 EPISCOPI
1132 148 1316 179 CYRENSIS

1697 185 1704 191 ,
1743 149 1811 183 mo

1289 203 1327 230 B'.
1343 219 1378 223 —
1396 203 1439 237 Τῷ
1454 204 1544 237 αὐτῷ.

1054 258 1111 284 Οὐκ
1125 255 1202 292 οἶμαι
1216 258 1278 290 τοὺς
1289 258 1399 294 θερμῶς
1417 259 1584 294 ἀγαπῶντας
1598 261 1657 292 ταῖς
1671 261 1725 288 τῶν
1741 262 1810 296 ἀγα,

1018 303 1153 338 πωμένων
1167 304 1245 330 ὠδῖσι
1262 304 1366 340 κρίνειν
1378 305 1466 340 ὀρθῶς
1477 314 1483 320 ·
1502 305 1614 333 κλέπτει
1628 307 1682 341 γὰρ
1697 307 1711 333 ὁ
1722 307 1806 339 πόθος

1017 349 1048 375 τὸ
1060 349 1175 376 δίκαιον.
1186 351 1241 377 Καὶ
1256 350 1311 386 γὰρ
1325 352 1350 377 οἰ
1362 351 1481 386 πατέρες
1491 351 1551 387 ὥρᾳ
1562 352 1683 388 λάμπειν
1698 353 1732 380 τὰ
1746 353 1810 380 δυσ-

1018 396 1074 432 ειόῆ
1102 397 1197 424 παιδία
1225 397 1384 432 νομίξουσι·
1414 399 1462 425 καὶ
1492 399 1588 432 παῖδες
1618 399 1751 432 ὡσαύτως
1779 399 1811 427 τὸ

1017 441 1072 467 τῶν
1092 442 1219 477 πατέρων
1235 442 1355 477 είδεχθὲς
1368 444 1417 479 οὐχ
1434 444 1552 479 ὁρῶσιν
1577 445 1650 472 οὕτω
1663 446 1712 473 καὶ
1732 446 1811 473 ἁδελ-

1019 486 1067 521 φὸς
1081 487 1195 521 ἀδελφὸν
1210 487 1314 522 βλέπει,
1328 489 1377 524 οὐχ
1390 489 1427 521 ὡς
1446 491 1461 519 ἡ
1477 489 1567 523 φύσις,
1583 491 1642 517 ἀλλ’
1659 491 1698 522 ὡς
1719 492 1735 526 ἡ
1750 491 1810 518 διάη

1019 532 1092 564 θεσις
1107 533 1253 560 δείκνυσιν.
1275 533 1353 560 Οὕτω
1363 535 1413 570 τὴν
1432 535 1480 570 σὴν
1497 535 1624 571 Οειάτητα
1641 538 1734 572 κρῖναι
1753 537 1810 570 τοῖς

1019 579 1096 613 ἐμοῖς
1117 578 1254 613 ὑπείληφα
1271 579 1378 613 λόγοις,
1395 580 1440 607 τοῦ
1456 581 1567 616 φίλτρου
1584 581 1633 616 τὴν
1649 581 1739 617 ψῆφον
1762 582 1806 616 ἐξ-

1017 624 1185 658 ινεγκόντος.
1193 625 1316 661 Μεγίστη
1327 626 1382 662 γὰρ
1391 627 1500 662 ἀληθῶς
1511 628 1528 662 ἡ
1539 624 1588 662 τῆς
1596 627 1707 662 ἀγάπης
1720 629 1808 664 ἰσχὺς,

1019 671 1067 697 καὶ
1082 671 1226 703 συσκιάζει
1247 671 1381 704 πολλάκις
1392 673 1448 698 τῶν
1460 673 1543 706 φίλων
1565 673 1595 699 οὐ
1610 675 1698 708 μικρὰ
1716 674 1808 709 πλημ-

1020 716 1175 752 μελήματα.
1195 717 1306 754 Ταύτης
1320 717 1391 753 ἔχων
1412 718 1459 745 τὸν
1481 718 1607 751 πλοῦτον,
1631 717 1654 746 ὦ
1674 719 1739 755 φίλη
1763 729 1816 748 κεη

1019 762 1103 798 φαλὴ,
1121 763 1270 797 εὐφημίαις
1284 765 1348 796 τοὺς
1359 764 1512 800 ἡμετέρους
1522 764 1682 797 ἐταινίασας
1696 766 1808 800 λόγους·

1018 808 1073 842 ἐγὼ
1087 808 1114 835 δέ
1128 817 1174 835 σου
1187 809 1237 845 τὴν
1255 809 1408 837 θεοσέϐειαν
1426 811 1591 845 ἀπαγγέλλω
1608 811 1646 847 (Ι)
1659 812 1706 838 τὸν
1740 813 1808 846 ἀγα-

1019 851 1065 879 θὸν
1084 854 1259 890 ἀντιϐολῆσαι
1282 855 1433 890 Δεσπότην,
1458 856 1609 891 βεϐαιῶσαι
1636 859 1694 890 τοῖς
1718 858 1809 892 λόγοις

1018 899 1068 934 τὴν
1081 900 1231 936 εὐφημίαν,
1257 903 1305 929 καὶ
1320 902 1406 935 δεῖξαι
1429 902 1474 929 τδν
1492 902 1701 939 ἐπαινούμενον,
1717 905 1808 933 ὁποῖον

1017 945 1072 976 τῶν
1091 947 1272 974 ἐπαινούντων
1287 948 1480 984 ζωγραφοῦσιν
1491 950 1516 976 οἱ
1528 950 1614 983 λόγοι,

1193 1003 1229 1030 Γ’,
1246 1019 1280 1023 ——
1295 1004 1442 1038 Εἰρηναίῳ
1453 1005 1620 1038 ἑπισκὸπῳ.

1058 1059 1087 1084 '0
1104 1059 1152 1093 μὲν
1167 1058 1239 1091 θεῖος
1261 1059 1421 1092 Ἄπόστολος
1437 1060 1486 1093 τὰς
1498 1061 1624 1093 τοιαύτας
1641 1061 1809 1098 ἀπαγορεύει

1018 1105 1188 1140 συγκρίσεις.
1213 1105 1359 1140 Ῥωμαίοις
1376 1107 1430 1141 γὰρ
1445 1107 1612 1134 ἐπιστέλλων
1631 1108 1718 1141 οὕτως
1730 1109 1782 1146 ἔφη
1798 1118 1807 1126 ·

1020 1160 1029 1176 ι
1050 1151 1130 1177 Ὥστε
1153 1150 1190 1186 μὴ
1216 1151 1268 1186 πρὸ
1283 1152 1379 1187 καιροῦ
1398 1161 1423 1179 τι
1441 1153 1559 1188 κρίνετε,
1580 1153 1632 1186 ἕως
1655 1153 1688 1180 ἂν
1708 1154 1772 1190 ἔλθῃ
1796 1153 1811 1179 ὀ

1017 1196 1129 1231 Κύριος,
1151 1197 1180 1228 ὃς
1198 1198 1245 1223 καὶ
1261 1198 1373 1232 φωτίσει
1390 1198 1423 1225 τὰ
1438 1200 1547 1233 κρυπτὰ
1562 1199 1609 1226 τοῦ
1624 1200 1745 1232 σκότους,
1759 1201 1807 1227 καὶ

1017 1243 1170 1278 φανερώσει
1182 1243 1231 1275 τὰς
1249 1244 1347 1279 βουλὰς
1359 1244 1412 1271 τῶν
1423 1245 1553 1281 καρδιῶν,
1565 1246 1613 1273 καὶ
1628 1246 1688 1272 τότε
1700 1247 1714 1272 ὁ
1728 1246 1808 1273 ἔπαι-

1005 1299 1061 1322 ,νος
1080 1291 1224 1325 γενήσεται
1246 1291 1352 1326 ἑκάστῳ
1377 1291 1431 1317 ἀπὸ
1456 1290 1503 1318 τοῦ
1524 1292 1602 1319 Θεοῦ.
1634 1302 1643 1318 ι
1672 1293 1753 1319 Μάλα
1778 1293 1807 1320 δὲ

1016 1335 1129 1366 εἰκότως
1156 1335 1234 1361 τοῦτο
1259 1336 1419 1370 πεποίηκεν.
1453 1336 1548 1370 Ἡμεῖς
1576 1336 1626 1371 μὲν
1658 1337 1712 1373 γὰρ
1739 1339 1807 1373 μόνα

1016 1381 1124 1416 ὁρῶμεν
1140 1380 1174 1407 τὰ
1192 1381 1342 1416 πράγματα
1353 1389 1359 1395 “
1378 1382 1391 1407 ὁ
1410 1381 1437 1407 δὲ
1454 1382 1508 1408 τῶν
1521 1382 1590 1409 ὅλων
1610 1383 1676 1415 Θεὸς
1691 1380 1739 1410 καῖ
1752 1384 1807 1411 τῶν

1016 1425 1103 1452 ταῦτα
1122 1424 1249 1460 δρώντων
1269 1426 1414 1452 ἐπίσταται
1437 1426 1484 1452 τὸν
1511 1427 1623 1459 σκοπὸν,
1650 1429 1697 1454 καὶ
1716 1428 1806 1464 τούτῳ

1410 1471 1437 1483 ιν

1019 1471 1119 1506 μᾶλλον
1138 1471 1154 1506 ἦ
1174 1472 1228 1502 τοῖς
1246 1470 1336 1507 ἔργοις
1357 1471 1476 1503 δικάζων
1495 1472 1609 1508 ἐκφέρει
1631 1473 1681 1508 τὴν
1703 1475 1803 1508 ψῆφον.

1019 1517 1098 1544 Οὕτω
1124 1517 1291 1551 στεφανώσει
1312 1517 1358 1551 τὸν
1384 1517 1455 1544 Θεῖον
1479 1517 1640 1545 Ἀτεὸστολον
1661 1519 1806 1554 γενόμενον

174 1564 277 1592 ιίυάωἰε
301 1565 408 1600 1062
437 1569 567 1600 tanquam
582 1565 718 1597 Judzeum,
732 1569 760 1593 et
776 1565 809 1592 iis
824 1565 871 1599 qui
886 1568 965 1592 erant

1019 1564 1072 1594 τοῖς
1099 1563 1237 1594 Ἰουδαίοις
1258 1562 1294 1594 ὡς
1316 1563 1454 1596 Ἰουδαῖον,
1473 1563 1520 1590 καὶ
1544 1565 1600 1596 τοῖς
1628 1564 1701 1591 κατὰ
1723 1565 1806 1600 νόμον

175 1610 227 1637 sub
252 1610 311 1645 lege
330 1610 408 1645 quasi
430 1610 480 1637 sub
505 1611 574 1646 lege,
593 1615 622 1638 et
641 1611 675 1638 iis
697 1611 744 1646 qui
758 1611 818 1637 sine
831 1611 889 1645 lege
903 1614 964 1637 tan-

175 1663 258 1690 quam
275 1655 335 1683 sine
351 1656 410 1691 lege
428 1657 447 1683 ³.
464 1655 556 1683 Multis
577 1656 651 1683 enim
667 1660 697 1684 ut
719 1656 863 1691 prodesset
889 1655 966 1682 ﬁctas

176 1708 310 1735 personas
330 1701 428 1736 induit,
446 1709 501 1728 non
520 1701 671 1729 adulatoris
687 1702 856 1736 amplectens
870 1702 964 1733 vitam,

177 1753 228 1773 nec
242 1735 404 1774 damnosdm
420 1746 473 1774 sibi
486 1746 594 1774 lucrum
613 1735 740 1782 captans,
759 1747 807 1774 sed
821 1751 851 1774 ut
869 1754 966 1774 eorum

177 1799 247 1826 quos
257 1791 373 1820 docebat
384 1792 497 1819 utilitati
509 1792 799 1820 consuleret.Divinus
816 1801 881 1828 ergo
897 1793 967 1820 Pau-

176 1837 229 1869 lus,
241 1837 332 1873 utjam
348 1837 415 1870 dixi,
429 1838 695 1874 divinumjudicium
711 1839 863 1874 exspectari
876 1838 966 1874 jubet.

175 1884 370 1912 Verumtamen
398 1884 445 1919 qui
471 1885 574 1918 majora
594 1884 738 1916 audemus,
755 1888 784 1912 et
801 1880 966 1919 theologiam

175 1930 367 1967 cogitationem
385 1938 417 1958 ac
434 1930 518 1957 verba
538 1930 778 1959 transcendentem
793 1929 964 1965 attingimus,

175 1985 230 2004 non
244 1976 422 2011 blasphemiae
431 1981 592 2012 argumenta
607 1977 754 2012 impiorum
770 1976 965 2004 htereticorum

175 2030 252 2050 more
267 2015 448 2058 aucupantes,
464 2022 510 2050 sed
523 2026 553 2049 ut
579 2022 688 2049 illorum
709 2023 878 2057 impietatem
899 2029 966 2048 con-

174 2069 328 2100 vincamus,
356 2072 384 2095 et
407 2067 531 2095 Creatori
559 2068 655 2095 laudes
678 2076 729 2103 pro
760 2072 842 2103 captu
870 2072 966 2094 nostro

174 2115 375 2150 persolvamus,
391 2114 504 2141 absurdi
519 2114 587 2141 nihil
600 2115 687 2142 acturi
700 2122 805 2146 sumus,
821 2114 844 2141 si
866 2113 899 2141 ad
923 2113 966 2141 in-

176 2159 387 2195 terrogationem
406 2163 525 2186 vestram
546 2159 771 2194 respondeamus.

245 2250 430 2286 Proposuistis
453 2251 577 2278 oratione
592 2254 682 2278 vestra
704 2251 817 2286 impium
832 2251 964 2286 judieem,

174 2296 221 2330 qui
236 2296 345 2323 duobus
366 2296 477 2330 pietatis
493 2296 604 2323 athletis
621 2296 761 2331 optionem
790 2296 908 2326 dederit.
935 2301 966 2324 ut

174 2342 338 2369 alterutrum
355 2342 486 2374 facerent,
507 2346 554 2369 aut
578 2341 765 2370 sacriﬁcarent
782 2342 963 2374 daemonibus.

173 2394 220 2415 aut
236 2396 295 2416 sese
308 2388 335 2415 in
352 2395 426 2416 mare
442 2388 540 2415 darent
561 2388 736 2423 praecipites:
757 2394 840 2423 atque
865 2388 963 2415 horum

175 2442 259 2462 unum
291 2434 403 2470 quidem
425 2435 565 2469 posterius
591 2435 751 2469 arripuisse,
780 2434 963 2469 alaeriterquc

175 2482 202 2508 in
229 2481 397 2516 profundum
424 2480 581 2508 desiliisse:
603 2481 720 2507 alterum
742 2487 808 2507 vero
833 2485 964 2507 neutrum

173 2527 306 2562 elegisse,
337 2526 385 2554 sed
416 2526 553 2554 idolorum
582 2525 694 2560 quidem
726 2526 829 2552 cultum
862 2525 965 2560 prioris

173 2573 300 2608 exemplo
326 2572 476 2607 respuisse,
498 2572 618 2606 seipsum
647 2574 736 2599 tamen
765 2571 895 2598 ﬂuetibus
909 2579 963 2599 non

174 2619 320 2654 obiecisse,
337 2618 386 2646 sed
401 2622 573 2653 exspectasse
589 2622 618 2645 ut
635 2625 684 2652 per
700 2617 754 2644 vim
771 2618 805 2644 ab
820 2617 875 2644 alio
890 2625 963 2644 mer-

175 2667 297 2700 geretur.
324 2663 372 2692 His
398 2663 435 2691 ita
459 2663 600 2698 expositis,
628 2663 743 2698 rogastis
767 2666 830 2690 uter
855 2663 964 2690 illorum

175 2711 279 2739 rectius
297 2709 396 2738 feciSSe
409 2710 545 2738 rideatur.
564 2710 621 2745 Ego
632 2717 698 2738 vero
713 2709 791 2737 vobis
803 2717 912 2744 quoque
924 2717 967 2737 se-

175 2756 300 2787 t-undum
321 2756 403 2784 laude
426 2756 581 2791 digniorem
605 2755 694 2783 videri
723 2755 852 2783 arbitror.
873 2755 967 2790 Neque

211 2836 220 2850 ‘
237 2835 321 2863 lCor.
340 2841 376 2865 tv,
458 2833 564 2861 'lCur.
584 2841 619 2865 Ix,
633 2834 679 2865 20,
691 2833 736 2861 ‘21.

210 2895 231 2920 ll
243 2894 251 2930 )
271 2893 441 2932 ὲπαγγέλλω.
455 2892 661 2932 Neapolitanus,

1017 1608 1055 1640 ὡς
1071 1608 1123 1635 ὑπὸ
1137 1608 1229 1643 νόμον,
1251 1608 1297 1634 καὶ
1316 1609 1374 1640 τοῖς
1391 1609 1502 1643 ἀνόμοις
1515 1608 1552 1640 ὡς
1567 1608 1678 1644 ἄνομον.
1689 1610 1738 1636 Διὰ
1752 1610 1806 1646 γὰρ

1017 1654 1066 1690 τὴν
1076 1653 1130 1680 τῶν
1140 1653 1245 1680 πολλῶν
1256 1653 1391 1688 ὠφέλειαν
1405 1655 1461 1685 τοῖς
1475 1654 1526 1688 τῆς
1538 1654 1708 1690 ὑποκρίσεως
1724 1664 1808 1690 προσ-

1016 1699 1127 1731 ωπείοις
1151 1700 1306 1735 ἐχρήσατο*
1324 1700 1354 1725 οὐ
1384 1700 1500 1731 κόλακος
1522 1701 1713 1736 ἀσπαζόμενος
1737 1701 1805 1735 βίον,

1018 1746 1065 1771 καὶ
1080 1745 1174 1780 κέρδος
1190 1745 1335 1780 ἐπιζήμιον
1349 1746 1439 1781 ἐαυτῷ
1454 1746 1652 1782 μηχανώμενος
1665 1755 1672 1762 ·
1692 1746 1749 1772 ἀλλ’
1765 1744 1808 1778 οἷς

1017 1790 1066 1825 τὴν
1086 1790 1259 1817 διδασκαλίαν
1276 1792 1432 1827 προσέφερε
1448 1792 1497 1826 τὴν
1516 1792 1652 1826 ὠφέλειαν
1671 1801 1806 1828 πραγμα-

1011 1837 1174 1872 τευόμενος.
1193 1837 1223 1864 '0
1244 1837 1293 1872 μὲν
1315 1836 1361 1864 οῦν
1381 1838 1524 1868 Θεσπέσιος
1548 1838 1670 1870 Παῦλος,
1687 1838 1724 1870 ὡς
1739 1838 1807 1872 ἔφην

1018 1883 1080 1918 ἤδη,
1099 1883 1129 1909 τὸ
1148 1883 1220 1910 θεῖον
1234 1883 1381 1918 ἀναμένειν
1396 1884 1503 1910 κελεύει
1519 1884 1672 1919 κριτήριον.
1696 1883 1806 1919 Ἐπειδὴ

1018 1929 1046 1956 δὲ
1064 1929 1112 1955 καὶ
1134 1929 1187 1956 τῶν
1204 1929 1335 1963 μειζόνων
1352 1929 1581 1964 κατατολμῶμεν,
1599 1929 1645 1955 καὶ
1665 1928 1808 1962 θεολογίας

1017 1976 1067 2011 τῆς
1085 1976 1154 2011 ὑπὲρ
1169 1975 1232 2002 νοῦν
1253 1976 1300 2002 καὶ
1314 1975 1393 2010 λόγον
1413 1975 1568 2010 ἁπτόμεθα,
1585 1976 1615 2002 οὺ
1631 1975 1807 2010 βλασφημίας

1018 2021 1146 2057 ἀφορμὰς
1167 2021 1237 2048 κατὰ
1255 2022 1320 2053 τοὺς
1339 2021 1462 2053 ἀνοσίους
1486 2021 1680 2056 ἐπιζητοῦντες
1704 2021 1808 2056 αίρετιν

1018 2067 1092 2099 κους,
1110 2066 1180 2093 ἀλλὰ
1195 2067 1242 2102 τὴν
1257 2066 1367 2093 ἐκείνων
1394 2066 1523 2093 ἀσέϐειαν
1539 2066 1728 2101 ἐξελέγχοντες
1738 2086 1745 2097 ,
1759 2066 1808 2092 καὶ

1018 2112 1056 2144 ὡς
1068 2112 1211 2148 χωρῶμεν
1226 2112 1270 2139 τὸν
1292 2112 1412 2148 Ποιητὴν
1425 2112 1619 2147 ἀνυμνοῦντες,
1638 2111 1714 2138 οὐδὲν
1726 2112 1808 2138 ἀπει-

1019 2157 1066 2189 κὸς
1087 2157 1215 2193 δρῴημεν
1234 2157 1266 2183 ἂν
1284 2158 1353 2193 πρὸς
1373 2157 1421 2193 τὴν
1442 2157 1578 2193 ὑμετέραν
1594 2157 1807 2192 ἀποκρινόμενοι

1022 2203 1129 2231 πεῦσιν.

1060 2249 1208 2276 ’Υπέοεσθε
1231 2250 1270 2284 τῷ
1291 2249 1364 2285 λόγῳ
1386 2249 1505 2284 δυεσεὸῆ
1527 2249 1670 2284 δικαστὴν,
1699 2249 1807 2284 αἵρεσιν

1018 2295 1152 2322 δεδωκότα
1167 2295 1214 2321 δύο
1234 2296 1304 2321 τισὶν
1322 2295 1452 2330 ἀθληταῖς
1473 2295 1628 2327 εὐσεὸείας,
1648 2295 1718 2321 ὥστε
1734 2294 1808 2321 δυοῖν

1017 2342 1129 2377 θάτερον
1143 2342 1261 2377 δρᾶσαι,
1285 2341 1301 2377 ἢ
1325 2341 1405 2368 θῦσαι
1425 2341 1559 2376 δαίμοσιν,
1586 2340 1603 2376 ἦ
1623 2341 1693 2375 σφᾶς
1715 2341 1755 2371 εἰς
1777 2339 1808 2366 τὸ

1017 2388 1135 2422 πέλαγος
1155 2388 1247 2423 ῥίψαν
1274 2389 1321 2415 καὶ
1339 2387 1383 2414 τὸν
1401 2388 1450 2423 μὲν
1473 2387 1595 2423 ἁρπάσαι
1617 2387 1647 2413 τὺ
1669 2387 1806 2421 δεύτερον,

1016 2435 1064 2461 καὶ
1077 2434 1223 2470 προθύμως
1240 2434 1279 2465 εἰς
1292 2433 1337 2460 τὸν
1351 2434 1430 2468 βυθὸν
1444 2434 1607 2469 κυϐιστῆσαι
1616 2442 1622 2448 ·
1636 2433 1682 2460 τὸν
1694 2432 1722 2459 δὲ
1738 2433 1807 2468 μηδ‹

1016 2480 1108 2516 έτερον
1134 2479 1260 2506 ἑλέτθαι·
1283 2479 1350 2506 ἀλλὰ
1382 2480 1432 2514 τὴν
1459 2480 1513 2506 τῶν
1540 2479 1656 2506 εἰδώλων
1678 2479 1807 2514 λατρείαν

1018 2526 1216 2563 παραπλησίως
1228 2527 1267 2562 τῷ
1279 2527 1405 2562 προτέρῳ
1421 2527 1609 2561 gestamen.
1621 2526 1716 2554 ἑαυτὸν
1727 2525 1754 2552 δὲ
1770 2525 1807 2561 μὴ

1019 2573 1187 2608 παραδοῦναι
1205 2574 1260 2604 τοῖς
1276 2573 1407 2608 κύμασιν,
1423 2573 1480 2600 ἀλλ’
1499 2574 1643 2607 ἀναμεῖναι
1665 2572 1710 2608 βίᾳ
1728 2571 1809 2598 τοῦτο

1019 2619 1083 2654 παρ’
1098 2619 1190 2654 ἑτέρου
1209 2619 1316 2646 παθεῖν.
1333 2618 1412 2645 υῦτω
1427 2619 1513 2645 ταῦτα
1526 2619 1566 2654 τῷ
1579 2619 1650 2655 λόγῳ
1660 2618 1808 2646 διασκευά-

1021 2672 1133 2696 σαντες,
1151 2664 1251 2700 ἤρεσθε
1269 2665 1384 2700 πότερος
1406 2664 1498 2691 αὐτοῖν
1520 2664 1632 2700 ἄμεινον
1648 2664 1809 2700 δεδρακέναι

1020 2710 1102 2737 δοκεῖ.
1112 2709 1181 2744 Ἐγὼ
1197 2710 1224 2736 δὲ
1238 2708 1313 2744 οἶμαι
1331 2710 1378 2736 καὶ
1391 2710 1456 2745 ὑμῖν
1473 2710 1609 2736 συνδοκεῖν
1625 2710 1671 2736 τὸν
1685 2709 1810 2745 δεύτερον

1022 2755 1250 2792 ἀξια-,ἀστότερον
1265 2753 1344 2782 εἶναι.
1361 2756 1428 2783 Οὐδὲ
1442 2755 1496 2791 γὰρ
1512 2756 1548 2791 μὴ
1564 2756 1802 2792 προσταττόμενον
