1962 3051
123 136 197 174 1177

793 135 975 167 EPISTOLA
995 136 1040 166 ΙΙΙ
1044 160 1049 166 .

1693 138 1759 173 1178

121 194 180 228 χρὴ
195 199 256 218 τινα
272 191 368 218 ἑαυτὸν
387 190 545 225 ὑπεξάγειν,
562 192 630 219 ἀλλὰ
653 195 820 227 προσμένειν
834 193 850 228 ἢ
866 192 908 219 τὸν

965 193 1039 220 enim
1055 193 1189 229 inlussum
1214 201 1380 228 quemquam
1397 197 1505 228 oportet
1519 193 1552 221 de
1565 194 1621 221 vita
1636 195 1758 230 scipsum

120 237 290 272 αὐτόματον,
307 237 323 272 ἢ
335 236 380 264 τὸν
391 236 476 272 βίαιον
490 237 614 264 θάνατον.
630 239 684 265 Καὶ
695 238 774 265 τοῦτο
784 237 916 264 διδάσκων

119 285 137 310 ὁ
155 283 306 318 Δεσπότης,
321 283 384 314 τοὺς
395 283 424 309 ὲν
437 283 502 318 τῇδε
515 284 547 318 τῇ
560 283 636 310 πόλει
649 283 834 318 διωκομένους
847 283 915 310 φεύ-

121 337 187 362 γειν
201 329 241 360 εις
258 329 354 363 ἑτέραν
367 330 587 364 παρεκελεύσατο
597 338 603 344 ·
619 329 666 356 καὶ
688 328 765 361 αὖθις
787 329 916 364 κάκείνην

123 375 266 409 suetam,
291 376 338 402 καὶ
362 376 403 407 είς
428 377 524 410 ἑτέραν
542 377 651 403 ἀπιέναι
677 376 753 403 πόλιν
776 375 914 402 ἐκέλευσε.

122 422 220 447 Ταῦτα
242 421 457 456 πεπαιδευμένος
472 423 486 448 ό
501 421 571 454 θεῖος
597 422 768 455 Ἀπόστολος,
782 423 828 449 τοῦ
856 423 915 449 ἐον-

123 468 212 502 ἀρχου
239 467 289 499 τὰς
311 469 405 502 χεῖρας
432 468 554 502 διέφυγε,
569 469 617 494 καὶ
632 469 692 495 οὐδὲ
707 469 757 504 τῆς
768 470 858 503 φυγῆς
870 469 915 496 τὸν

121 514 226 549 τρόπον
258 514 403 548 ἐσίγησεν·
426 515 483 540 ἀλλ’
502 515 625 548 ὑπέδειξε
644 515 692 550 τὴν
715 517 853 551 σαργάνην
876 516 915 551 τῷ

121 559 207 595 λόγῳ,
224 561 270 587 καὶ
285 561 314 587 τὸ
330 562 428 596 τεῖχος,
441 561 488 587 καλ¹
501 561 548 595 τὴν
564 561 670 596 θυρίδα,
686 561 776 596 αὐχῶν
792 561 837 588 ἐπὶ
853 561 914 588 τού-

121 615 193 638 τοις,
209 606 257 632 καὶ
277 606 486 641 σεμνυνόμενος.
513 607 543 634 '0
559 607 614 641 γὰρ
629 607 700 639 θεῖος
720 607 803 642 νόμος
819 608 850 634 τὺ
869 608 913 634 δο-

120 652 191 678 κοῦν
208 652 320 687 αἰσχρὸν
343 654 414 678 ποιεῖ
430 652 538 687 σεμνόν.
565 652 645 680 Οὕτω
670 653 735 679 ποτὲ
756 653 804 688 μὲν
830 654 914 689 Φαριο

123 699 212 727 σαίον.
230 698 295 724 ποτὲ
318 698 347 724 δὲ
370 699 504 732 Ῥωμαῖον
523 699 618 725 ἑαυτὸν
644 699 864 734 προσηγόρευεν
882 700 912 726 οὐ

119 743 171 770 τὸν
188 743 303 770 θάνατον
318 744 473 779 δειμαίνων,
488 745 546 771 ἀλλ’
562 745 683 780 ἐννόμως
697 746 911 780 ἀγωνιζόμενος.

121 787 180 814 0”’
248 789 258 804 ι
710 790 722 796 ⁴
779 791 785 801 ⁸
834 791 845 798 ⁵

148 798 220 820 υ.ως
247 788 434 816 ιπεκαλέσστο
458 790 597 825 Καίσαρα.
625 790 673 821 τὰς
690 800 744 817 των
787 791 913 818 Ιουοαίων

122 833 271 865 ἐπιϐουλὰς
290 834 455 870 προμαθών·
482 835 528 861 καὶ
550 835 596 861 τὸν
619 835 775 869 ἀδελφιδοῦν
801 836 828 863 δὲ
844 836 913 870 πρὸς

121 879 171 905 τὸν
186 879 324 915 χιλίαρχον
334 880 452 915 ἔπεμψε,
464 881 510 907 καὶ
519 880 552 907 τὰ
564 880 728 916 τυρευοέντα
743 882 910 916 μεμήνυκεν,

120 925 154 951 οὖ
171 926 221 959 τῆς
237 925 378 961 παρούσης
397 926 488 961 βιοτῆς
505 927 660 961 ὲςριέμενος,
676 926 744 953 ἀλλὰ
762 929 817 958 τοῖς
830 927 912 959 tam;

121 970 375 1005 νόμοιςὲπόμενος.
401 971 437 997 0'3
460 971 514 1006 γὰρ
532 972 563 1007 δὴ
583 971 706 1005 βούλεται
726 973 800 1006 ἡμᾶς
828 973 842 998 ό
868 974 913 999 Δε-

122 1018 226 1054 σπότης
250 1019 289 1050 εἰς
305 1016 443 1053 προῦπτον
462 1020 575 1051 ἑαυτοὺς
591 1019 745 1054 έμσάλλειν.
761 1020 815 1045 Καὶ
834 1019 912 1046 τοῦτο

121 1065 196 1098 ἡμᾶς
216 1065 246 1090 οὐ
263 1064 306 1090 διὰ
320 1065 406 1098 λόγων
425 1065 517 1100 μόνον,
535 1064 603 1090 ἀλλὰ
620 1065 667 1091 καὶ
680 1064 724 1091 διὰ
740 1066 912 1100 πραγμάτων

120 1111 251 1142 ἐδίδαξεν.
265 1111 396 1142 Πολλάκις
406 1111 460 1146 γὰρ
473 1110 521 1142 τὰς
532 1110 689 1145 μιαιφόνους
704 1111 758 1138 τῶν
775 1111 911 1138 Ἰουδαίων

120 1157 241 1188 ἐξέκλινε
257 1159 361 1192 χεῖρας.
380 1157 434 1183 Καὶ
453 1158 466 1183 δ
483 1157 568 1191 μέγας
580 1157 607 1182 δὲ
630 1156 734 1192 Πέτρος
749 1177 756 1188 ,
778 1156 832 1183 τῶν
844 1157 911 1183 ἁπο-

121 1201 222 1227 στόλων
241 1203 253 1228 ὁ
269 1202 390 1237 πρῶτος,
407 1202 552 1233 ἀπολυθεὶς
571 1202 625 1228 τῶν
648 1202 766 1236 δεσμῶν,
790 1202 836 1228 καὶ
861 1202 910 1232 τὰς

125 1248 247 1282 Ἡρώδου
263 1249 353 1283 χεῖρας
362 1247 512 1282 διαφυγὼν,
527 1248 638 1282 ἀφίκετο
652 1248 700 1282 μὲν
714 1248 754 1278 εἰς
762 1247 810 1283 τὴν
820 1247 909 1274 οὶκίαν

118 1294 169 1329 τὴν
193 1294 314 1320 Ἰωάννου
334 1294 381 1320 τοῦ
406 1294 623 1328 ἐπικαλουμένου
647 1294 774 1329 Μάρκου,
799 1295 845 1320 καὶ
860 1295 909 1330 τὴν

119 1339 231 1366 ἐκείνων
255 1339 380 1374 φροντίδα
408 1340 489 1370 λύσας
507 1341 540 1375 τῇ
567 1339 706 1375 πιρουσίᾳ
724 1359 732 1371 ,
756 1341 803 1366 καὶ
830 1340 909 1375 σιγὴν

119 1385 197 1418 ἄγειν
224 1385 354 1415 κελεύσας
366 1406 373 1416 ,
392 1385 431 1416 εἰς
454 1385 541 1411 οἰκίαν
557 1385 653 1419 ἑτέραν
673 1384 789 1419 μετέστη
801 1405 808 1417 ,
827 1385 907 1412 πλέον

119 1429 210 1456 λαθεῖν
223 1431 255 1465 τῇ
275 1429 424 1464 μεταῦάσει
441 1429 619 1464 πειρώμενος,
638 1429 724 1455 Τοῦτο
738 1429 786 1461 τῆς
800 1430 908 1463 φιλοσο-

120 1476 184 1508 φίας
201 1475 232 1501 τὸ
255 1474 323 1506 εἶδος
338 1475 490 1511 εὑρήσομεν
506 1476 557 1501 κάν
580 1476 613 1509 τῇ
640 1475 756 1510 Παλαιᾷ.
777 1475 833 1502 Καὶ
854 1476 908 1511 γὰρ

119 1521 240 1555 Μωῡσῆς
256 1522 357 1552 ἐκεῖνος
380 1522 393 1548 ὁ
426 1521 625 1556 πολυύμνητος,
644 1521 739 1556 ἀνδρίᾳ
762 1524 794 1556 τῇ
810 1531 906 1557 προτε-
921 1541 940 1569 C

121 1567 186 1602 ραεᾳ
209 1566 280 1593 κατὰ
304 1566 351 1592 τοῦ
371 1567 519 1599 Αἰγυπτίου
540 1569 712 1602 χρησάμενος
725 1587 732 1598 ,
748 1565 808 1594 εἶτα.
825 1569 906 1602 γνοὺς

119 1614 152 1647 τῇ
183 1612 314 1647 ὑστεραίᾳ
345 1612 495 1646 κατάδηλον
526 1612 571 1638 τὸν
600 1612 679 1647 φόνον
708 1614 905 1649 γεγενημένον,

120 1658 241 1693 ἀπέδρα,
262 1659 309 1683 καὶ
323 1657 426 1683 πολλῶν
438 1658 496 1686 ὁδον
515 1657 643 1693 ἐξήνυσεν
658 1658 778 1693 ἡμερῶν,
796 1661 844 1686 καὶ
858 1660 906 1695 τὴν

120 1703 279 1730 Μαδιανῖτιν
294 1702 428 1729 κατέλαϐε
449 1702 552 1736 χώραν.
571 1701 664 1734 Οὕτως
687 1703 780 1734 Ἠλίας
794 1704 808 1730 ὁ
835 1704 905 1730 πάνυ

119 1749 169 1780 τὰς
184 1749 232 1783 τῆς
253 1747 373 1780 Ἰεζαόελ
390 1747 557 1783 μεμαθηκὼς
571 1748 687 1778 ἀπειλὰς
698 1768 705 1780 ,
723 1750 779 1780 τοῖς
802 1749 906 1776 ἀνελεῖν

122 1795 293 1830 βουλομένοις
311 1795 406 1821 ἑαυτὸν
424 1794 474 1821 οὐκ
492 1794 638 1827 ἐξέδωκεν,
657 1794 725 1820 ἀλλὰ
749 1794 797 1828 τὴν
815 1795 906 1821 οἰκου-

123 1841 204 1875 μένην
227 1839 395 1871 καταλιπὼν,
422 1840 542 1875 ἔδραμεν
559 1841 599 1871 εἰς
622 1841 672 1874 τὴν
696 1839 809 1874 ἔρημον.
830 1839 861 1866 El
877 1840 906 1866 δὲ

120 1886 149 1913 τὸ
163 1887 259 1920 φυγεῖν
271 1884 325 1911 τῶν
340 1885 530 1920 πολεμούντων
542 1885 591 1916 τὰς
606 1887 699 1921 χεῖρας
717 1885 790 1911 ὅσιόν
809 1894 839 1911 τε
857 1886 905 1912 καὶ

120 1931 178 1966 Θεῷ
203 1931 352 1966 προσφιλὲς
363 1950 369 1961 ,
391 1930 481 1965 πολλῷ
497 1930 631 1964 δήπουθεν
646 1930 791 1966 ὁσιώτερον
814 1931 844 1957 τὺ
861 1931 906 1966 *μὴ

121 1976 264 2011 πεισθῆναι
278 1976 317 2011 τῷ
330 1975 489 2002 κελεύσαντι
501 1976 582 2002 αὐτὸν
605 1976 701 2002 ἑαυτοῦ
715 1976 842 2010 γενέσθαι
858 1984 906 2010 φο-

120 2023 175 2051 νέα.
195 2023 261 2050 Οὐδὲ
275 2023 328 2057 γὰρ
343 2024 356 2049 ὁ
369 2022 470 2058 Κύριος
484 2020 555 2055 εἶξεν
571 2023 694 2058 εἰρηκότι
715 2022 753 2057 τῷ
772 2022 904 2058 διαϐόλῳ·

123 2079 132 2096 ι
151 2069 217 2095 Βάλε
235 2068 347 2094 σεαυτὸν
367 2068 470 2095 ἄνωθεν
495 2068 579 2095 κάτω.
608 2077 617 2094 ι
639 2069 703 2094 ὐτε
719 2068 746 2094 δὲ
767 2068 816 2100 τὰς
842 2068 906 2094 Ἰου-

119 2115 213 2146 sane;
228 2115 288 2141 κατ’
304 2114 385 2140 αὐτοῦ
406 2113 561 2140 καθώπλισε
578 2115 682 2149 χεῖρας,
699 2114 743 2141 διὰ
769 2114 824 2140 τῶν
851 2123 905 2149 μα-

122 2161 229 2194 στίγων,
252 2159 368 2186 καὶτῶν
386 2160 512 2187 ἀκανθῶν
525 2180 532 2192 ,
557 2161 603 2187 καὶ
619 2160 673 2186 τῶν
693 2161 776 2196 ἥλων,
794 2162 905 2196 καὶτῆς

966 239 1097 272 educere,
1111 240 1159 267 sed
1176 245 1294 268 mortem
1308 240 1351 267 vel
1363 245 1541 275 spontaneam
1554 241 1598 268 vel»
1608 241 1757 270 violentam

967 286 1130 319 praestolari.
1154 285 1233 319 Quod
1262 286 1365 314 docens
1380 287 1523 318 Dominus,
1538 294 1586 314 eos
1601 287 1647 322 qui
1664 296 1758 322 perse-

967 332 1106 359 cutionem
1133 332 1161 359 in
1187 340 1242 360 una
1268 333 1379 360 civitate
1407 333 1557 367 patiantur,
1586 333 1614 360 in
1641 334 1755 361 alteram

965 377 1061 413 fugere
1078 378 1218 413 praecepit,
1237 382 1319 412 atque
1335 378 1434 405 iterum
1466 385 1499 405 ex
1527 378 1578 405 hac
1597 379 1680 405 etiam
1702 379 1756 406 mi-

966 432 1056 458 grare,
1076 429 1103 451 et
1123 424 1150 450 in
1168 424 1249 451 aliam
1267 424 1343 451 abire
1360 424 1443 458 jussit
1465 423 1485 450 ‘.
1509 424 1613 459 1063
1637 423 1695 456 Qua
1722 432 1756 451 ex

965 470 1110 505 disciplina
1142 470 1253 498 divinus
1287 469 1457 504 Apostolus“
1503 470 1640 504 praepositi
1667 470 1756 505 gentis

965 523 1065 542 manus
1080 515 1185 550 ell'ugit,
1208 515 1332 550 fugatque
1350 515 1461 542 modum
1477 523 1532 542 non
1560 515 1682 547 reticuit,
1706 515 1755 543 sed

965 565 993 588 et
1022 565 1141 596 sportam
1161 561 1396 593 commemoravit,
1413 565 1442 588 et
1458 568 1578 592 murum.
1595 566 1623 588 et
1637 565 1754 596 portam,

965 615 998 634 eo
1013 607 1124 634 nomine
1138 607 1261 642 glorians
1277 610 1304 634 et
1327 607 1477 634 exsultans.
1506 606 1561 633 Lex
1586 607 1688 641 quippe
1711 607 1755 634 di-

963 653 1027 680 vina
1039 653 1185 689 honestum
1206 653 1233 679 id
1248 652 1381 679 reddebat
1395 652 1468 686 quod
1496 651 1654 678 indecorum
1676 652 1754 679 vide-

964 699 1055 726 batur.
1081 699 1126 726 Sic
1151 703 1179 725 et
1207 698 1373 725 Phariszeum
1391 705 1420 725 se
1445 698 1595 729 interdum,
1615 697 1753 725 interdum

965 745 1117 772 Romanum
1132 745 1272 779 professus
1286 748 1338 775 est,
1354 751 1407 770 non
1426 748 1542 770 mortem
1559 743 1752 776 reformidans,

964 789 1011 816 sed
1035 789 1155 824 legitime
1180 789 1325 816 decertans
1341 789 1361 814 °.
1379 788 1424 815 Sic
1440 788 1574 815 Caesarem
1595 788 1752 822 appellavit,

963 844 1025 864 cum
1042 836 1199 864 Judaaorum
1217 835 1330 862 insidias
1347 834 1536 869 prazsensisset
1554 834 1575 865 ⁷,
1595 833 1754 868 sororisque

964 883 1050 910 ﬁlium
1078 882 1153 910 misit
1171 882 1204 909 ad
1223 881 1375 911 tribunum,
1400 883 1428 907 et
1450 879 1564 906 insidias
1585 878 1714 913 patefecit
1731 879 1752 911 ",

963 936 1018 955 non
1037 928 1120 954 vitam
1136 931 1298 962 praesentem
1315 929 1457 959 expetens,
1474 924 1521 951 sed
1533 924 1640 959 legibus
1652 923 1753 952 divinis

963 974 1166 1008 obtemperans.
1182 971 1276 1006 Neque
1293 970 1366 997 enim
1386 970 1444 996 vult
1464 970 1607 1003 Dominus,
1630 974 1659 997 ut
1682 977 1752 1004 prae-

962 1019 1060 1054 cipites
1086 1026 1136 1046 nos
1161 1018 1236 1052 ipsos
1263 1024 1384 1052 agamus,
1399 1019 1481 1050 atque
1496 1016 1548 1043 hoc
1562 1024 1612 1043 nos
1627 1016 1683 1051 ipse
1697 1024 1752 1044 non

962 1066 1053 1094 verbis
1068 1065 1160 1096 modo,
1179 1064 1227 1091 sed
1245 1063 1324 1090 factis
1332 1062 1414 1090 etiam
1428 1062 1531 1089 docuit.
1549 1062 1655 1097 Saepius
1668 1063 1751 1089 etiam

961 1115 1092 1138 cruentas
1105 1109 1264 1137 Judteorum
1279 1115 1376 1134 manus
1391 1106 1549 1133 declinavit.
1575 1106 1609 1134 Et
1635 1114 1751 1142 magnus

961 1156 1068 1187 Petrus,
1086 1155 1274 1190 apostolorum
1290 1153 1406 1188 primus,
1425 1153 1543 1180 vinculis
1567 1153 1674 1180 solutus
1698 1152 1752 1179 He-

961 1203 1091 1237 rodisque
1115 1202 1243 1229 manibus
1268 1201 1387 1235 elapsus,
1404 1200 1481 1227 venit
1494 1200 1525 1226 ad
1541 1199 1652 1226 domum
1669 1199 1751 1226 Joan-

959 1250 1013 1280 nis,
1039 1249 1087 1283 qui
1115 1247 1327 1282 cognominatus
1351 1250 1394 1274 est
1419 1246 1536 1278 Marcus,
1562 1250 1590 1273 et
1614 1253 1678 1273 cum
1696 1245 1751 1272 illis

959 1294 1173 1323 sollicitudinem
1189 1293 1332 1328 praesentia
1353 1301 1401 1320 sua
1432 1292 1579 1319 exemisset
1598 1291 1751 1319 silentium-

959 1349 1013 1377 que
1036 1341 1209 1376 imperasset,
1240 1340 1268 1367 in
1294 1339 1375 1367 aliam
1405 1339 1517 1366 domum
1547 1346 1576 1366 se
1598 1337 1749 1370 transtulit,

959 1388 1012 1415 hoc
1023 1392 1149 1422 satagens
1161 1391 1192 1414 ut
1207 1385 1288 1414 sedes
1307 1385 1439 1412 mutando
1459 1385 1577 1419 amplius
1602 1384 1702 1412 lateret
1726 1384 1748 1410 θ.

959 1433 1016 1460 Hoc
1033 1432 1215 1467 philosophiae
1236 1439 1323 1467 genus
1347 1430 1375 1457 in
1390 1430 1477 1457 veteri
1493 1430 1575 1456 etiam
1596 1429 1654 1464 lege
1673 1437 1750 1464 repe-

959 1478 1072 1505 riemus.
1091 1477 1157 1506 Nam
1173 1482 1202 1504 et
1213 1477 1301 1504 Moses
1318 1476 1362 1503 ille
1379 1475 1588 1507 celeberrimus,
1606 1483 1667 1501 cum
1693 1475 1751 1510 pri-

958 1523 1002 1551 die
1023 1523 1132 1550 fortiter
1149 1523 1250 1558 cgisset
1271 1522 1299 1548 in
1315 1521 1483 1557 rEgyptium,
1503 1529 1535 1548 ac
1553 1519 1686 1555 postridie
1698 1528 1751 1547 cae-

958 1570 1020 1597 dem
1039 1577 1099 1597 esse
1115 1569 1279 1604 patefactam
1308 1567 1498 1602 comperisset,
1526 1566 1616 1602 fugam
1643 1565 1715 1596 iniit.
1740 1566 1749 1576 '

957 1615 1163 1649 multorumque
1196 1614 1304 1641 dierum
1333 1613 1386 1640 iter
1411 1620 1541 1639 emensus
1564 1611 1691 1646 pervenit
1720 1611 1750 1638 in

957 1660 1161 1687 Madianitidem
1194 1658 1333 1694 regionem
1352 1659 1383 1684 ‘°.
1401 1657 1435 1684 Et
1448 1665 1561 1692 magnus
1573 1657 1657 1688 Elias,
1669 1656 1749 1683 ιω-

957 1706 1026 1733 belis
1043 1706 1131 1733 minas
1142 1713 1204 1732 cum
1225 1705 1376 1736 didicisset,
1402 1703 1435 1731 iis
1452 1704 1499 1738 qui
1523 1703 1648 1730 occidere
1674 1703 1750 1730 vole-

957 1752 1023 1779 bant
1048 1751 1154 1786 1064
1181 1751 1300 1785 seipsum
1322 1759 1377 1777 non
1399 1749 1522 1780 tradidit.
1542 1749 1588 1776 sed
1604 1748 1748 1776 habitabili

957 1799 1062 1829 relicta,
1075 1797 1144 1832 fugit
1160 1797 1187 1823 in
1205 1797 1382 1824 solitudinem
1400 1797 1431 1823 ¹¹.
1442 1795 1523 1828 Quod
1540 1795 1562 1822 si
1579 1803 1748 1830 persequen-

957 1844 1025 1871 tium
1055 1850 1154 1870 manus
1182 1842 1303 1877 effugere
1327 1846 1452 1869 sanctum
1478 1842 1589 1876 Deoque
1605 1846 1747 1876 acceptum

956 1893 1009 1920 est,
1033 1889 1120 1915 multo
1138 1888 1233 1922 utique
1255 1889 1376 1915 sanctius
1387 1888 1412 1915 ei
1431 1888 1478 1923 qui
1494 1888 1536 1915 sui
1552 1888 1638 1922 ipsius
1655 1888 1747 1914 homi-

957 1935 1045 1962 cidam
1059 1941 1121 1960 esse
1140 1933 1255 1961 suadeat
1271 1941 1325 1960 non
1346 1934 1472 1967 obsequi.
1493 1933 1587 1968 Neque
1599 1934 1673 1960 enim
1686 1941 1748 1960 ces-

957 1980 992 2007 sit
1003 1979 1136 2006 Dominus
1146 1978 1256 2005 diabolo
1265 1977 1368 2005 dicenti
1384 1986 1390 2003 :
1407 1987 1416 2002 «
1429 1978 1504 2004 Mitte
1517 1981 1542 2004 te
1553 1978 1681 2004 deorsum
1693 1979 1724 2004 ".
1734 1987 1743 2003 ι

956 2025 991 2052 Ει
1003 2024 1114 2059 quando
1128 2023 1257 2051 Judaicas
1270 2023 1296 2050 in
1307 2030 1370 2050 eum
1383 2030 1480 2049 manus
1491 2023 1609 2049 armavit
1621 2022 1745 2058 ﬂagellis,

955 2075 983 2099 et
999 2070 1095 2106 spinis,
1111 2074 1140 2097 et
1154 2070 1249 2101 clavis,
1265 2073 1432 2104 properante
1445 2073 1574 2096 creatura
1589 2069 1680 2103 impiis
1693 2069 1747 2096 illis

956 2117 1070 2145 exitium
1086 2116 1199 2148 inferre,
1215 2115 1273 2150 ipse
1288 2120 1416 2150 tanquam
1433 2115 1566 2142 Dominus
1592 2114 1744 2149 prohibuit,

956 2163 1111 2198 passionem
1143 2169 1219 2188 suam
1245 2160 1337 2188 sciens
1362 2161 1466 2189 mundo
1496 2169 1557 2188 esse
1588 2161 1744 2188 salutarem.

121 2207 233 2237 κτίσεως
249 2206 431 2240 ἐπειγομένης
452 2207 510 2237 τοῖς
522 2206 673 2242 ἀλιτηρίοις
693 2207 807 2238 ἐκείνοις
832 2216 902 2235 παν-

960 2212 1102 2246 Propterea
1125 2209 1178 2236 sub
1205 2209 1292 2243 ipsam
1319 2208 1475 2242 passionem
1499 2207 1630 2243 apostolis
1651 2206 1743 2234 dixit:

121 2251 249 2286 ωλεθρίαν
266 2251 426 2284 ἐπαγαγεῖν,
443 2251 523 2282 αὐτὸς
539 2251 577 2282 ὡς
597 2252 737 2286 Δεσπότης
757 2251 904 2286 ἐκώλυσεν,

121 2296 195 2327 εἰδὼς
212 2296 242 2322 τὸ
256 2295 341 2327 πάθος
364 2295 403 2330 τῷ
430 2295 525 2331 κόσμῳ
543 2297 685 2332 σωτήριον.
707 2297 756 2323 Διά
769 2306 811 2324 τοι
825 2298 906 2325 τοῦτο

122 2343 165 2369 καὶ
177 2342 253 2376 παρὰ
262 2342 292 2368 τὸ
301 2342 448 2373 πάθοςτοῖς
460 2343 620 2374 ἀποστόλοις
628 2343 720 2377 ἔλεγεν
732 2351 738 2359 ·
754 2351 763 2368 ι
783 2343 904 2377 Εῠξασθε

123 2389 157 2424 μὴ
172 2388 302 2415 εἰσελθεῖν
317 2390 357 2420 εἰς
375 2389 539 2424 πειρασμόν.
560 2399 569 2415 ι
586 2390 640 2416 Καὶ
656 2391 729 2425 ἡμᾶς
743 2390 832 2425 λέγειν
849 2391 905 2418 ὲδί-

121 2435 211 2468 δαξεν·
231 2444 239 2461 ι
258 2435 312 2462 Καὶ
325 2435 362 2470 μὴ
378 2435 536 2471 εἰσενέγκῃς
548 2436 621 2470 ἡμᾶς
634 2437 673 2467 εὶς
691 2437 852 2472 πειρασμόν,
873 2447 883 2464 ι

152 2482 444 2517 Μετασχηματίσωμεν
463 2482 508 2514 δὲ,
521 2483 546 2509 εἰ
565 2482 658 2515 δοκεῖ,
676 2483 763 2519 μικρὰ
778 2493 839 2510 τινα
857 2483 903 2510 τοῦ

123 2528 320 2563 προϐλήματος,
344 2528 390 2554 καὶ
405 2528 570 2564 σαφέστερον
586 2528 763 2564 μαθησόμεθα
776 2529 824 2565 τὴν
838 2530 905 2564 ἁλή-

122 2574 208 2600 θειαν·
225 2575 271 2600 καὶ
286 2574 447 2609 ἀφελόμενοι
463 2574 510 2600 τοῦ
527 2574 607 2608 λόγου
621 2575 670 2610 τὴν
687 2575 832 2608 Θάλατταν,
848 2576 906 2611 φῶ-

124 2629 169 2653 μεν
189 2619 262 2654 ξίφος
287 2621 438 2656 ἐγχειρίσαι
463 2620 509 2647 τὸν
537 2620 668 2657 δικαστὴν
696 2622 824 2657 ἐκατέρῳ
849 2623 904 2648 τῶν

123 2665 252 2700 ἀθλητῶν,
268 2667 315 2692 καὶ
327 2666 482 2702 προστάξαι
496 2667 542 2693 τὸν
556 2667 607 2693 οὐκ
631 2667 795 2702 ἀνεχόμενον
811 2668 901 2701 οὖσαι,

122 2711 166 2746 τὴν
181 2711 285 2738 οἰκείαν
300 2713 427 2747 ἐκτεμεῖν
442 2713 564 2748 κεφαλήν
575 2722 581 2729 ·
596 2713 638 2746 τίς
651 2712 698 2741 οὖν
711 2714 765 2750 ἄρα
787 2713 817 2742 εὖ
840 2724 906 2750 φρο-

155 2779 164 2794 δ
187 2778 282 2806 Matth.
311 2787 338 2811 x,
365 2780 411 2808 25.
467 2781 477 2796 ⁵
497 2781 519 2809 ll
540 2781 603 2809 Cor.
629 2790 658 2814 ιι,
679 2783 724 2810 55.

123 2815 132 2830 ⁹
149 2814 206 2850 Act.
227 2821 273 2845 xu,
287 2814 320 2850 l2
336 2821 424 2850 srqq..
465 2817 486 2833 ¹⁰
500 2816 585 2844 Exod.
618 2825 646 2850 ιι,
676 2818 718 2846 15.

125 2849 143 2866 ¹⁶
156 2849 222 2879 Luc,
242 2856 278 2882 ιι,
294 2849 318 2876 ι.

776 2783 787 2799 ⁵
800 2783 860 2811 Act.
881 2793 958 2817 χχιιι,
984 2783 1015 2817 6;
1031 2791 1097 2814 xx",
1114 2781 1157 2808 25.

772 2819 791 2834 ¹¹
810 2818 922 2855 lllReg.
953 2828 1008 2851 xxx,
1044 2820 1054 2846 l
1078 2824 1154 2853 seqq.

960 2265 969 2282 ι
988 2255 1070 2283 Orate
1081 2259 1177 2281 utnon
1199 2253 1309 2280 intretis
1324 2254 1352 2280 in
1370 2253 1551 2281 tentationem
1565 2253 1596 2279 η.
1616 2261 1624 2277 ι
1643 2252 1678 2280 Ει
1694 2259 1745 2280 nos

957 2303 1049 2330 dicere
1069 2301 1162 2329 docuit
1184 2309 1191 2327 :
1211 2309 1219 2325 ι
1235 2300 1269 2327 Ει
1286 2307 1321 2327 ne
1344 2307 1395 2327 nos
1410 2299 1526 2326 inducas
1557 2299 1586 2326 in
1617 2298 1747 2326 tentatio-

957 2356 1020 2377 nem
1038 2347 1069 2375 ".
1088 2356 1097 2372 ι

993 2488 1200 2516 Commutemus
1213 2489 1317 2516 autem,
1337 2483 1360 2511 si
1383 2483 1483 2518 placet,
1510 2489 1596 2516 pauca
1620 2481 1745 2515 quaedam

958 2533 987 2560 in
1011 2531 1150 2568 proposita
1169 2531 1333 2566 quaestione,
1351 2532 1380 2556 et
1400 2529 1544 2555 veritatem
1558 2532 1681 2562 apertius
1696 2535 1744 2554 co-

959 2585 1146 2614 gnoscemus:
1175 2584 1217 2608 ac,
1230 2575 1315 2602 maris
1339 2573 1450 2601 nomine
1478 2573 1599 2605 sublato,
1622 2573 1746 2601 dicamus

954 2624 1077 2659 judicent
1104 2621 1224 2658 gladium
1252 2621 1362 2656 utrique
1384 2620 1493 2647 athleta).
1521 2620 1688 2654 porrexisse,
1714 2626 1747 2648 ac

955 2669 1082 2706 jussisse,
1108 2673 1139 2695 ut
1154 2667 1201 2702 qui
1217 2666 1373 2694 sacriﬁcare
1389 2665 1485 2698 nollet,
1502 2673 1582 2693 suum
1598 2664 1651 2692 sibi
1664 2668 1747 2700 caput

959 2718 1113 2751 amputaret
1128 2722 1135 2740 :
1154 2713 1216 2748 quis
1229 2713 1284 2748 jam
1297 2712 1397 2739 mentis
1411 2719 1523 2746 compos
1535 2711 1668 2738 sustineat
1679 2718 1746 2746 pro-

1205 2781 1216 2796 "
1242 2780 1302 2807 Act.
1321 2788 1383 2810 xxv,
1410 2778 1453 2806 10.
1502 2777 1513 2794 ⁸
1528 2777 1590 2805 Act.
1610 2784 1684 2810 xxm,
1701 2776 1744 2804 l6.

1195 2815 1216 2831 "
1232 2815 1326 2844 Matth.
1343 2822 1378 2848 ιν,
1394 2814 1420 2842 6.
1460 2812 1481 2829 "
1494 2813 1589 2841 Matth.
1604 2820 1676 2845 xxvi,
1698 2811 1743 2842 41.
