1962 3051
205 126 216 159 l
224 126 274 159 179

704 125 938 156 THEODORETI
958 123 1127 154 EPISCOPI
1146 124 1329 156 CYRENSIS

1765 120 1832 154 1180

203 183 266 217 prio
288 183 420 218 sanguine
446 185 590 210 cruentam
616 181 768 215 dexteram,
791 181 890 216 suique
905 179 990 215 ipsius

1044 179 1095 206 νῶν
1109 180 1239 215 ἠνέσχετο
1257 181 1291 207 ἂν
1306 181 1403 216 αῐματι
1421 180 1516 216 οίκειῳ
1536 179 1654 215 φοινίξαι
1664 178 1715 214 τὴν
1728 178 1829 211 δεξιὰν,

203 229 362 257 carniﬁcem
379 228 448 261 ﬁeri,
466 233 494 256 et
512 229 650 256 inimicam
670 235 782 255 manum
803 227 929 259 reddere,
951 231 991 253 at-

203 283 259 310 que
288 275 384 309 iniqua
407 274 515 310 jubenti
540 275 626 310 judiei
653 274 773 309 parere?
795 273 880 301 Multo
909 273 991 308 igitur

203 319 285 347 laude
311 319 421 354 dignior
444 324 486 347 est
517 320 665 348 secundus.
693 320 815 347 Priorem
838 319 913 346 enim
933 318 992 346 sola

203 365 379 393 commendat
399 365 484 392 animi
511 366 639 393 alacritas
653 374 659 392 :
676 366 794 393 alterum
809 373 876 392 vero
891 369 991 399 praeter

203 411 374 438 alacritatem
395 416 475 439 ornat
499 412 607 439 consilii
634 411 782 439 rectitudo.
806 411 870 438 Haec
879 418 929 445 ego
941 418 991 445 pro

203 456 267 484 data
283 456 351 484 mihi
369 457 492 486 scientia:
504 466 633 486 mensura
650 457 810 493 dijudicavi.
827 457 852 484 ls
865 464 931 483 vero
943 455 990 490 qui

202 507 231 529 et
242 510 287 530 res
300 507 328 530 et
342 503 521 539 cogitationes
538 504 611 531 clare
631 503 718 535 novit,
737 503 765 530 in
781 503 826 530 die
841 502 990 538 apparitio-

203 548 246 575 nis
257 548 384 577 ostendet
399 553 461 577 uter
475 550 627 577 consultius
644 548 849 577 deliberaverit.

394 697 498 733 1065
513 698 557 725 IV.
573 713 608 717 —-
620 698 795 725 Heortastica.

238 753 397 780 Animarum
412 762 613 789 corporumque
625 754 757 782 Conditor
768 755 877 790 utrique
887 759 993 783 naturas

203 799 347 826 commoda
361 799 476 834 largitus
490 804 541 831 est,
565 805 647 835 atque
661 809 714 827 una
728 808 778 835 nos
791 805 818 828 et
831 805 951 828 mentem
964 804 992 828 et

204 851 314 871 sensum
329 845 507 878 pascentibus
519 846 598 873 bonis
610 847 770 874 cumulavit.
794 847 863 874 Cum
876 847 992 875 sanctis-
1008 859 1030 886 Β

203 889 272 917 simo
283 890 356 917 enim
367 890 436 917 festo
447 891 568 926 pluviam
578 899 687 926 quoque
696 893 894 927 optatissimam
903 893 989 925 dedit,

203 938 234 960 ut
249 934 367 961 tristitia:
378 942 492 961 vacuam
507 936 634 963 redderet
646 937 846 964 celebritatem.
859 937 914 964 Nos
926 946 991 965 vero

204 979 363 1007 munificum
389 980 535 1008 laudantes
556 982 703 1009 Dominum
714 1003 721 1014 ,
740 982 852 1011 festivas
867 983 900 1011 de
914 991 990 1011 more

203 1022 308 1050 litteras
334 1025 496 1058 scribimus,
527 1030 657 1061 tuamque
678 1028 830 1055 salutantes
849 1029 989 1063 pietatem,

202 1069 360 1096 orationum
371 1071 504 1098 auxilium
521 1071 706 1107 deposcimus.

458 1182 489 1209 V.
508 1197 543 1202 -—
558 1183 734 1211 Ileortastica.

237 1237 289 1270 Qui
305 1244 355 1264 nos
369 1238 444 1266 curis
458 1239 660 1275 angoribuSque
677 1245 740 1275 post
753 1245 896 1276 peccatum
909 1241 989 1269 addi-

204 1283 242 1310 .\it
266 1283 393 1311 conditor
414 1284 499 1318 Deus,
526 1286 721 1314 consolationis
734 1287 894 1315 occasiones
909 1288 990 1315 nobis

203 1330 389 1364 suppeditavit
412 1330 519 1359 divinas
535 1332 713 1367 interponens
735 1333 906 1362 festivitates.
934 1335 988 1362 Ha-

204 1381 263 1401 rum
276 1375 351 1402 enim
364 1379 525 1411 argumenta
541 1381 569 1404 et
579 1378 708 1405 concessa
723 1378 804 1405 nobis
817 1387 832 1406 a
844 1379 900 1406 Deo
910 1379 990 1407 bene-

204 1419 265 1446 ficia
289 1419 318 1447 in
339 1425 459 1448 mentem
482 1427 627 1456 revocant,
656 1427 684 1450 et
704 1424 854 1458 perfectam
870 1425 989 1453 tristium

203 1465 327 1492 omnium
352 1465 544 1494 liberationem
565 1468 738 1495 denuntiant.
768 1469 817 1497 His
835 1470 915 1497 bonis
933 1471 990 1505 jam

203 1517 278 1537 nunc
291 1510 424 1544 fruentes,
438 1512 664 1549 abundantesque
676 1515 771 1542 laetitia
781 1536 788 1547 ,
812 1515 990 1550 magnificen-

205 1556 270 1582 tiam
287 1559 361 1583 tuam
378 1557 540 1590 salutamus,
556 1563 584 1586 et
598 1560 736 1593 amiciti-aa,
754 1564 785 1588 ut
798 1560 860 1589 festi
870 1562 913 1589 lex
926 1569 990 1596 pos-

205 1601 284 1634 tulat,
300 1602 389 1629 ollicio
400 1603 602 1639 perfungimur.

453 1705 495 1732 Vl.
508 1721 543 1725 —
559 1706 733 1735 Heortaatica.

238 1760 380 1788 Concessit
391 1761 471 1788 nobis
482 1761 616 1797 benignus
628 1764 771 1799 Dominus,
783 1772 812 1794 ut
820 1774 882 1794 eum
889 1766 991 1796 Christi

204 1806 321 1833 amantis
333 1807 427 1841 populi
440 1807 579 1836 alacritate
591 1809 711 1837 divinam
722 1816 750 1838 et
760 1812 907 1840 salutarem
916 1813 993 1841 festi-

204 1851 317 1883 vitatem
333 1860 537 1888 per-ageremus,
555 1855 761 1891 spiritualisque
776 1865 810 1885 ex
821 1865 853 1885 ea
866 1859 992 1887 utilitatis

203 1897 310 1926 fructus
323 1906 493 1933 caperemus.
520 1901 610 1933 Quare
625 1905 677 1929 tuae
692 1910 756 1938 erga
767 1911 817 1931 nos
828 1904 938 1939 pietatis
950 1905 990 1932 af-

203 1943 306 1971 fectum
320 1952 481 1979 agnoscens,
507 1946 558 1973 hac
573 1946 607 1974 de
619 1955 647 1975 re
662 1954 769 1976 certum
784 1954 809 1977 te
825 1944 874 1985 per
886 1951 991 1980 litteras

203 1989 284 2017 facio.
312 1990 450 2018 Laetantur
470 1992 544 2019 enim
570 1993 617 2028 qui
630 2002 695 2029 erga
710 1995 816 2030 aliquos
839 1997 909 2024 bene
927 2002 991 2025 sunt

203 2035 307 2070 allecti,
325 2044 387 2064 cum
402 2038 436 2065 de
451 2038 506 2065 illis
519 2038 574 2066 laeti
586 2039 728 2075 quidpiam
742 2041 908 2069 audiverint.

397 2138 503 2174 1066
520 2139 575 2167 νυ.
592 2154 628 2160 —
645 2139 796 2169 Theonilltc.

1042 226 1089 252 καὶ
1103 226 1199 261 δήμιος
1213 226 1309 253 ἑαυτοῦ
1324 225 1460 261 γενέσθαι,
1482 226 1528 253 καὶ
1543 225 1676 260 πολεμίαν
1693 224 1831 259 ἀποφῆναι

1040 271 1090 307 τὴν
1112 273 1205 307 χεῖρα,
1230 273 1277 299 καὶ
1299 271 1370 306 εἶξαι
1388 272 1427 308 τῷ
1449 271 1601 308 παρανόμῳ
1615 271 1773 298 κελεύσαντι
1789 270 1830 297 δι·

1042 318 1129 353 καστῇ
1140 326 1147 348 ;
1159 317 1253 353 Πολλῷ
1271 317 1416 353 τοιγαροῦν
1430 319 1444 344 ὁ
1455 318 1580 353 δεύτερος
1593 316 1830 351 ἀξιαγαστότερος.

1043 363 1088 398 Τῷ
1106 363 1230 399 προτέρῳ
1251 364 1300 398 μὲν
1321 363 1376 399 γὰρ
1396 364 1413 398 ή
1438 363 1579 398 προθυμία
1595 362 1663 397 μόνη
1679 361 1831 396 προσφέρει

1041 409 1091 444 τὴν
1102 409 1250 444 εὐφημίαν,
1262 409 1308 435 τὸν
1321 409 1349 435 δὲ
1362 409 1488 444 δεύτερον
1504 407 1572 443 πρὸς
1583 409 1616 443 τῇ
1630 406 1770 443 προθυμίᾳ
1783 405 1830 433 καὶ

1042 455 1059 489 ἡ
1077 454 1202 481 εὐϐουλία
1214 456 1320 490 κοσμεῖ.
1341 455 1434 481 Ταῦτα
1449 454 1504 488 ἐγὼ
1527 454 1576 490 μὲν
1593 454 1661 489 πρὸς
1675 453 1706 479 τὸ
1721 451 1831 487 δεδομέ-

1042 509 1088 527 νον
1100 500 1151 534 τῆς
1172 500 1300 535 γνώσεως
1314 500 1412 536 μέτρον
1422 500 1544 535 διέκρινα
1554 507 1564 539 'I
1573 499 1587 524 ὸ
1599 499 1683 525 δὲκαὶ
1695 497 1730 524 τὰ
1741 497 1831 533 πράγ-

1044 555 1117 581 ματα.
1133 547 1182 573 καὶ
1193 547 1228 573 τά
1247 547 1429 582 ἐνθυμήματα
1443 546 1535 581 σαφῶς
1549 545 1742 580 ἐπιστάμενος,
1756 545 1785 570 ὲν
1793 544 1830 578 τῇ

1041 591 1090 626 τῆς
1107 591 1267 626 ἐπιφανείας
1285 591 1376 626 ἡμέρᾳ
1392 590 1475 623 δείξει
1491 591 1537 618 τὸν
1559 590 1670 626 ἄμεινον
1684 588 1832 624 βουλευσά-

1044 645 1135 672 μενον.

1278 697 1315 722 Δ’.
1326 709 1362 714 -
1380 693 1582 728 Ἐορταστιχή.

1082 753 1111 780 '0
1124 753 1217 788 ψυχῶν
1232 752 1279 779 καὶ
1294 752 1429 787 σωμάτων
1451 751 1623 786 Δημιουργὸς
1642 749 1760 784 ἑκατέρᾳ
1779 748 1831 783 φύ-

1045 807 1084 825 σει
1100 799 1134 825 τά
1149 798 1291 834 πρόσφορα
1307 797 1417 830 δέδωκε,
1435 796 1483 823 καὶ
1500 797 1570 822 κατά
1584 794 1682 822 ταυτὸν
1701 795 1773 829 ἡμᾶς
1785 794 1831 820 καὶ

1045 846 1100 876 τοῖς
1115 846 1222 880 νοητοῖς
1233 843 1375 879 αἰσθητοῖς
1387 842 1536 869 ἐπέκλυσεν
1552 840 1674 875 ἀγαθοῖς.
1688 840 1764 866 Μετά
1776 839 1831 874 γάρ

1044 891 1076 926 δὴ
1089 892 1138 926 τῆς
1158 888 1298 924 παναγοῦς
1314 888 1410 924 ἑορτῆς
1426 888 1471 914 καὶ
1484 887 1529 914 τδν
1547 885 1711 931 τριπόθητον
1732 885 1831 911 ἔδωκεν

1045 935 1132 967 ὑετὸν,
1145 934 1188 961 ἴνα
1202 933 1325 969 καθαρὰν
1339 933 1459 969 ἀθυμίας
1467 933 1516 968 τὴν
1527 933 1680 968 πανήγυριν
1692 931 1829 966 ἀποφήνῃ.

1049 980 1145 1015 Ἡμεῖς
1160 979 1189 1006 δὲ
1214 979 1259 1005 τὸν
1279 978 1469 1013 μεγαλόδωρον
1493 978 1663 1013 ὑμνήσαντες
1681 975 1832 1010 Δεσπότην,

1044 1027 1101 1057 τοῖς
1132 1025 1320 1060 ἑορταστικοῖς
1342 1023 1466 1059 συνήθως
1491 1021 1651 1058 κεχρήμεθα
1672 1021 1830 1057 γράμμασι,

1044 1071 1091 1098 καὶ
1106 1070 1156 1105 τὴν
1179 1071 1229 1105 σὴν
1251 1070 1407 1097 θεοσέϐειαν
1429 1068 1694 1105 προσφθεγγόμενοι,
1713 1067 1761 1102 τὴν
1778 1066 1832 1093 ἀπὸ

1043 1117 1097 1144 τῶν
1110 1117 1270 1152 προσευχῶν
1282 1116 1411 1152 αἰτοῦμεν
1428 1115 1563 1151 βοήθειαν.

1281 1184 1319 1211 E’.
1334 1199 1368 1204 —
1389 1183 1579 1217 Ἑορταστική
1588 1205 1596 1213 ,

1077 1240 1219 1276 Φροντίσιν
1244 1241 1318 1276 ἡμᾶς
1335 1241 1382 1267 καὶ
1407 1240 1506 1271 λύπαις
1529 1240 1598 1275 μετά
1619 1240 1668 1275 τὴν
1693 1239 1832 1274 ἁμαρτίαν

1044 1287 1175 1320 συζεύξας
1193 1287 1207 1313 ὁ
1226 1287 1431 1322 δημιουργήσας
1447 1287 1524 1318 Θεὸς,
1542 1286 1680 1322 παρέσχεν
1691 1286 1757 1321 ἡμῖν
1777 1294 1831 1312 πα-

1046 1333 1169 1369 ραψυχῆς
1182 1333 1310 1368 ἀφορμὰς
1326 1334 1375 1365 τὰς
1393 1333 1468 1365 θείας
1480 1334 1509 1360 ὲν
1526 1333 1603 1368 μέσῳ
1624 1332 1756 1363 τεθεικὼς
1768 1333 1831 1367 ἐορ-

1043 1380 1101 1411 τάς.
1118 1380 1151 1406 Αι
1172 1379 1227 1414 γὰρ
1245 1379 1350 1405 τούτων
1367 1378 1511 1410 ὑποθέσεις
1534 1378 1582 1405 καὶ
1606 1378 1660 1404 τῶν
1685 1377 1832 1404 θεοσδότων

1044 1426 1117 1461 Ιἡμᾶς
1130 1425 1369 1462 ἀναμιμνήσκουσι
1384 1425 1504 1460 δωρεῶν,
1517 1425 1563 1451 καὶ
1577 1424 1627 1460 τὴν
1644 1425 1764 1459 παντελῆ
1776 1425 1832 1450 τῶν

1044 1471 1165 1507 ἀνιαρῶν
1186 1472 1375 1507 προμηνύουσι
1400 1471 1486 1497 λύσιν.
1513 1471 1622 1497 Τούτων
1652 1471 1705 1497 τῶν
1721 1471 1832 1505 ἀγαθῶν

1044 1518 1091 1544 καὶ
1104 1517 1152 1545 νῦν
1167 1517 1383 1549 ἀπολαύσαντες,
1395 1518 1440 1544 καὶ
1455 1517 1587 1553 θυμηδίας
1599 1517 1830 1552 ἀναπλησθέντες,

1044 1563 1092 1598 τὴν
1107 1563 1156 1598 σὴν
1181 1562 1421 1598 μεγαλοπρέπειαν
1441 1562 1701 1597 προσφθεγγόμεθα.
1718 1563 1765 1589 καὶ
1782 1563 1832 1596 τῆς

1043 1609 1136 1644 φιλίας
1154 1609 1185 1635 τὸ
1212 1609 1312 1644 μέτρον
1341 1609 1484 1643 ἐκτίνωμεν
1509 1609 1580 1635 κατὰ
1605 1609 1650 1635 τὸν
1675 1608 1755 1644 νόμον
1782 1609 1832 1644 τῆς

1043 1655 1149 1691 ἑορτῆς.

1278 1712 1324 1745 (Γ.
1340 1726 1374 1731 -
1395 1711 1600 1746 Ἐορταστική.

1080 1767 1222 1803 Παρέσχεν
1236 1768 1301 1802 ἡμῖν
1313 1767 1327 1792 ὁ
1343 1766 1535 1802 φιλάνθρωπος
1547 1766 1685 1801 Δεσπότης
1698 1766 1768 1801 μετά
1781 1766 1831 1801 τῆς

1042 1812 1089 1839 τοῦ
1103 1813 1275 1849 φιλοχρίστου
1289 1812 1354 1839 λαοῦ
1365 1812 1519 1848 προθυμίας
1532 1813 1743 1848 ὲπιτελὲσαιτὴν
1755 1813 1830 1839 θείαν

1043 1858 1091 1884 καὶ
1116 1860 1249 1894 σωτήριον
1273 1859 1388 1893 ἑορτὴν,
1410 1858 1457 1885 καὶ
1477 1858 1541 1890 τοὺς
1569 1858 1619 1893 τῆς
1644 1858 1831 1893 πνευματικῆς

1042 1903 1176 1939 ὡφελείας
1205 1903 1234 1936 ἐξ
1259 1903 1345 1939 αὐτῆς
1365 1906 1501 1939 τρυγῆσαι
1524 1904 1657 1939 καρπούς.
1681 1904 1736 1937 Τὴν
1765 1905 1831 1938 περὶ

1042 1950 1116 1984 ἡμᾶς
1128 1949 1217 1976 τοίνυν
1234 1949 1353 1975 διάθεσιν
1366 1951 1415 1985 τῆς
1430 1950 1479 1984 σῆς
1491 1949 1633 1981 εὐλαϐείας
1649 1949 1736 1981 είδὼς,
1750 1949 1829 1983 δῆλον

1043 1996 1114 2029 αὐτῇ
1130 1995 1176 2022 διὰ
1196 1994 1370 2030 γραμμάτων
1394 1995 1475 2021 τοῦτο
1492 1994 1571 2021 ποιῶ.
1586 1995 1712 2021 Ἦδονται
1728 1995 1783 2030 γὰρ
1804 1995 1829 2022 οἱ

1042 2039 1072 2067 εὖ
1090 2041 1154 2075 περί
1177 2048 1252 2072 τινας
1273 2040 1448 2075 διακείμενοι,
1466 2041 1529 2068 ὅταν
1551 2050 1578 2068 τι
1599 2042 1662 2077 περὶ
1676 2042 1766 2068 αὐτῶν
1781 2041 1829 2068 θυ-

1044 2087 1130 2122 μῆρες
1146 2087 1312 2116 ἀκούσωσιν.

1304 2145 1340 2170 Z'.
1359 2159 1393 2164 —
1411 2144 1568 2178 Θεονίλλῃ.

239 2195 298 2223 Jam
320 2195 427 2230 pridem
457 2197 628 2232 scripsissem
641 2218 648 2230 ,
680 2199 702 2225 si
724 2199 831 2234 pridem
850 2201 988 2236 cognitum

1079 2199 1166 2226 Πάλαι
1181 2199 1214 2226 ἂν
1232 2199 1406 2234 ὲγεγράφειν,
1423 2200 1447 2225 εἰ
1470 2199 1554 2225 πάλαι
1575 2199 1704 2233 ἐγνώκειν
1718 2201 1768 2235 τὴν
1787 2209 1831 2227 τε-

203 2241 362 2269 hahuissem
376 2241 483 2268 obitum
506 2243 770 2277 magniﬁcentissimi
788 2246 912 2281 conjugis
928 2255 991 2282 grav

202 2287 296 2315 vitatis
310 2291 373 2315 tuae.
388 2287 467 2314 Nunc
479 2295 546 2315 vero
559 2289 661 2322 scribo,
675 2298 731 2317 non
747 2294 778 2318 ut
789 2292 907 2319 tristitia:
917 2300 993 2320 acer-

204 2333 318 2361 bitatem
333 2333 427 2360 verbis
439 2334 630 2362 consolatoriis
642 2335 782 2363 deliniam.
804 2337 840 2364 lis
852 2338 925 2364 enim
944 2339 991 2373 qui

204 2379 393 2414 philosophari
416 2384 537 2414 norunt,
565 2381 682 2416 vitaeque
703 2382 785 2417 hujus
805 2383 990 2411 conditionem

204 2425 372 2460 exploratam
394 2425 514 2458 habent,
542 2426 640 2453 suﬂlcit
665 2427 699 2454 ad
716 2427 849 2455 sedandos
865 2429 991 2456 maeroris

204 2474 380 2505 tempestates
391 2470 449 2498 sola
464 2471 601 2506 cogitatio.
617 2471 695 2505 Quod
706 2472 729 2499 si
744 2472 903 2501 diuturnam
916 2475 990 2502 illam

204 2516 432 2544 consuetudinem
451 2517 621 2550 memineris,
645 2518 696 2545 ista
710 2518 818 2546 divinas
831 2519 904 2554 leges
915 2528 990 2547 com~

205 2566 355 2594 memorat,
382 2562 566 2598 lacrymisquo
584 2564 658 2591 illius
671 2564 819 2600 (maeroris)
833 2567 946 2601 opponit
962 2571 991 2594 et

204 2611 309 2634 natura
320 2614 430 2634 cursum
441 2627 449 2640 ,
477 2612 505 2635 et
518 2609 565 2636 Dei
577 2609 719 2636 decretum
730 2630 737 2642 ,
764 2615 791 2638 et
805 2619 881 2645 spem
896 2620 989 2639 resur-

204 2652 344 2679 rectionis.
373 2652 495 2686 Quorum
510 2661 561 2688 ego
578 2662 633 2681 non
649 2655 770 2690 ignarus,
789 2657 882 2684 nmltis
898 2658 990 2685 verbis

203 2705 273 2732 opus
286 2705 341 2724 non
354 2698 454 2726 habeo.
471 2698 574 2726 Hortor
585 2704 690 2727 tantum
707 2705 736 2728 ut
750 2702 923 2737 philosophia
939 2711 988 2738 op-

204 2747 321 2779 portune
347 2744 452 2777 utaris,
482 2750 510 2772 et
531 2745 653 2773 defuncti
671 2752 786 2774 mortem
806 2747 914 2783 longam
929 2757 988 2776 esse

203 2789 451 2825 peregrinationem
462 2795 576 2824 statuas,
586 2793 690 2828 Deique
699 2802 731 2821 ac
739 2794 893 2822 Servatoris
903 2797 987 2823 nostri

203 2836 337 2870 promissa
355 2841 505 2870 exspectes.
526 2838 630 2873 Expers
641 2840 713 2867 cnim
727 2845 767 2867 est
784 2841 917 2868 mendacii
940 2842 986 2877 qui

1042 2244 1139 2279 λευτὴν
1155 2243 1201 2271 τοῦ
1226 2243 1524 2279 μεγαλοπρεπεστάτου
1542 2244 1592 2278 τῆς
1610 2246 1660 2279 σῆς
1676 2253 1829 2282 σεμνοπρε-

1041 2290 1121 2321 πείας
1136 2289 1282 2325 ὁμοζύγου.
1300 2290 1356 2316 Καὶ
1369 2289 1416 2316 νῦν
1427 2289 1456 2316 δὲ
1468 2290 1577 2324 γράφω,
1594 2289 1643 2324 οὐχ
1659 2290 1703 2316 ἴνα
1718 2291 1766 2326 τὴν
1779 2291 1829 2326 τῆς

1042 2335 1163 2371 ἀθυμίας
1184 2330 1338 2370 ύπερῦολὴν
1363 2334 1453 2368 λόγοις
1471 2335 1710 2370 παραμυθητικοῖς
1730 2345 1829 2363 κατευ-

1040 2382 1132 2408 νάσω·
1150 2382 1205 2413 τοῖς
1220 2380 1274 2416 γὰρ
1297 2380 1489 2416 ἐπισταμένοις
1506 2381 1672 2415 φιλοσοφεῖν,
1688 2383 1734 2409 καὶ
1752 2383 1828 2410 τοῦδε

1040 2428 1087 2454 τοῦ
1098 2428 1155 2462 βίου
1168 2427 1217 2463 τὴν
1230 2427 1311 2462 φύσιν
1328 2427 1556 2462 ὲπεσκεμμένοις,
1568 2428 1676 2464 ἀπόχρη
1690 2429 1737 2454 καὶ
1750 2429 1829 2463 μόνος

1040 2475 1054 2500 ὁ
1079 2473 1208 2508 λογισμὸς
1222 2472 1407 2499 ἀποσκεδάσαι
1422 2473 1471 2507 τῆς
1493 2472 1582 2508 λύπης
1601 2473 1650 2505 τὰς
1669 2474 1826 2509 τρικυμίας.

1042 2518 1100 2545 Κᾶν
1119 2519 1170 2554 τῆς
1190 2519 1298 2554 μακρᾶς
1320 2518 1428 2552 ἐκείνης
1455 2518 1598 2553 συνηθείας
1618 2518 1826 2554 ἀναμιμνήσκῃ,

1040 2565 1122 2596 αὐτὸς
1143 2565 1204 2596 τοὺς
1235 2564 1325 2596 θείους
1348 2564 1448 2600 νόμους
1478 2564 1670 2598 ἀναγινώσκει,
1697 2565 1743 2591 καὶ
1771 2567 1829 2598 τοῖς

1039 2611 1148 2645 ἐκείνης
1168 2611 1302 2646 δάκρυσιν
1321 2611 1475 2637 ἀντιτάττει
1503 2611 1550 2637 καὶ
1577 2611 1627 2645 τῆς
1644 2610 1751 2645 φύσεως
1781 2612 1828 2638 τὸν

1038 2657 1149 2691 δρόμον,
1171 2656 1216 2682 καὶ
1235 2656 1282 2682 τοῦ
1300 2655 1368 2682 Θεοῦ
1384 2656 1429 2682 τὸν
1446 2657 1519 2691 ὂρον,
1539 2657 1586 2683 καὶ
1600 2656 1648 2691 τὴν
1665 2657 1760 2684 ἐλπίδα
1777 2659 1827 2693 τῆς

1040 2702 1225 2733 ἀναστάσεως.
1248 2701 1330 2728 Ταῦτ’
1345 2701 1424 2733 εἰδὼς
1438 2702 1467 2727 ού
1492 2701 1588 2736 δέομαι
1603 2701 1689 2736 λόγων
1709 2703 1826 2735 πολλῶν,

1040 2748 1098 2775 ἀλλ’
1115 2750 1154 2780 είς
1167 2748 1262 2783 καιρὸν
1278 2749 1310 2783 τῇ
1329 2747 1473 2783 φιλοσοφίᾳ
1487 2748 1638 2783 κεχρῆσθαι
1656 2749 1825 2783 παρακαλῶ·

1042 2793 1088 2820 καὶ
1102 2792 1210 2829 νομίσαι
1230 2791 1277 2819 τοῦ
1298 2792 1492 2828 κατοιχομένου
1514 2793 1563 2828 τὴν
1581 2793 1710 2829 τελευτὴν
1725 2795 1826 2829 ἀποόη-

1043 2842 1106 2877 μίαν
1131 2841 1255 2877 μακράν·
1283 2840 1329 2868 καὶ
1366 2841 1527 2876 προσμεῖναι
1551 2840 1599 2876 τὴν
1623 2841 1669 2867 τοῦ
1689 2841 1756 2868 Θεοῦ
1779 2849 1828 2868 και
