  <div class='ocr_page' id='page_1' title='image "/cluster/home/n/w/nwhite01/storage/ocr_20150623/83/njp.32101007877440/606.png"; bbox 0 0 1962 3051; ppageno 0'>
   <div class='ocr_carea' id='block_1_1' title="bbox 138 134 208 168">
    <p class='ocr_par' dir='ltr' id='par_1_1' title="bbox 138 134 208 168">
     <span class='ocr_line' id='line_1_1' title="bbox 138 134 208 168; baseline 0 -1"><span class='ocrx_word' id='word_1_1' title='bbox 138 134 208 168; x_wconf 79' lang='grc'><strong>1181</strong></span> 
     </span>
    </p>
   </div>
   <div class='ocr_carea' id='block_1_2' title="bbox 844 139 1081 170">
    <p class='ocr_par' dir='ltr' id='par_1_2' title="bbox 844 139 1081 170">
     <span class='ocr_line' id='line_1_2' title="bbox 844 139 1081 170; baseline 0.004 -1"><span class='ocrx_word' id='word_1_2' title='bbox 844 139 1026 170; x_wconf 86' lang='lat' dir='ltr'><strong>EPISTOLA</strong></span> <span class='ocrx_word' id='word_1_3' title='bbox 1045 140 1081 170; x_wconf 82' lang='lat' dir='ltr'><strong>X.</strong></span> 
     </span>
    </p>
   </div>
   <div class='ocr_carea' id='block_1_3' title="bbox 1701 137 1768 173">
    <p class='ocr_par' dir='ltr' id='par_1_3' title="bbox 1701 137 1768 173">
     <span class='ocr_line' id='line_1_3' title="bbox 1701 137 1768 173; baseline 0.015 -1"><span class='ocrx_word' id='word_1_4' title='bbox 1701 137 1768 173; x_wconf 81' lang='lat' dir='ltr'><strong>1l82</strong></span> 
     </span>
    </p>
   </div>
   <div class='ocr_carea' id='block_1_4' title="bbox 135 192 919 234">
    <p class='ocr_par' dir='ltr' id='par_1_4' title="bbox 135 192 919 231">
     <span class='ocr_line' id='line_1_4' title="bbox 135 192 919 231; baseline 0.005 -13"><span class='ocrx_word' id='word_1_5' title='bbox 135 192 266 228; x_wconf 81' lang='grc' dir='ltr'><strong>Σωτῆρος</strong></span> <span class='ocrx_word' id='word_1_6' title='bbox 296 192 374 229; x_wconf 83' lang='grc' dir='ltr'>ήμῶν</span> <span class='ocrx_word' id='word_1_7' title='bbox 405 192 562 229; x_wconf 84' lang='grc' dir='ltr'>ὑπόσχεσιν.</span> <span class='ocrx_word' id='word_1_8' title='bbox 588 193 720 230; x_wconf 80' lang='grc' dir='ltr'><strong>Ἀψευδὴς</strong></span> <span class='ocrx_word' id='word_1_9' title='bbox 747 192 802 231; x_wconf 80' lang='grc' dir='ltr'><strong>γάρ</strong></span> <span class='ocrx_word' id='word_1_10' title='bbox 829 196 843 222; x_wconf 84' lang='grc' dir='ltr'>ὁ</span> <span class='ocrx_word' id='word_1_11' title='bbox 876 195 919 231; x_wconf 58' lang='grc' dir='ltr'><strong>τὴν</strong></span> 
     </span>
    </p>
   </div>
   <div class='ocr_carea' id='block_1_5' title="bbox 973 192 1768 234">
    <p class='ocr_par' dir='ltr' id='par_1_5' title="bbox 980 197 1768 234">
     <span class='ocr_line' id='line_1_5' title="bbox 980 197 1768 234; baseline 0.004 -11"><span class='ocrx_word' id='word_1_12' title='bbox 980 197 1212 226; x_wconf 75' lang='lat' dir='ltr'><strong>resurrectionem</strong></span> <span class='ocrx_word' id='word_1_13' title='bbox 1245 198 1388 234; x_wconf 73' lang='lat' dir='ltr'><strong>promisit,</strong></span> <span class='ocrx_word' id='word_1_14' title='bbox 1418 199 1474 226; x_wconf 91' lang='lat' dir='ltr'><strong>imo</strong></span> <span class='ocrx_word' id='word_1_15' title='bbox 1505 207 1569 227; x_wconf 85' lang='lat' dir='ltr'><strong>vero</strong></span> <span class='ocrx_word' id='word_1_16' title='bbox 1600 199 1662 227; x_wconf 88' lang='lat' dir='ltr'><strong>fons</strong></span> <span class='ocrx_word' id='word_1_17' title='bbox 1694 200 1768 228; x_wconf 81' lang='lat' dir='ltr'><strong>veri-</strong></span> 
     </span>
    </p>
   </div>
   <div class='ocr_carea' id='block_1_6' title="bbox 135 239 927 276">
    <p class='ocr_par' dir='ltr' id='par_1_6' title="bbox 135 239 927 276">
     <span class='ocr_line' id='line_1_6' title="bbox 135 239 927 276; baseline 0.003 -11"><span class='ocrx_word' id='word_1_18' title='bbox 135 239 289 265; x_wconf 80' lang='grc' dir='ltr'><strong>ἀνάστασιν</strong></span> <span class='ocrx_word' id='word_1_19' title='bbox 319 239 553 274; x_wconf 76' lang='grc' dir='ltr'><strong>ἐπαγγειλάμενος</strong></span> <span class='ocrx_word' id='word_1_20' title='bbox 567 259 574 273; x_wconf 91' lang='grc'><strong>,</strong></span> <span class='ocrx_word' id='word_1_21' title='bbox 610 240 709 276; x_wconf 83' lang='grc' dir='ltr'>μᾶλλον</span> <span class='ocrx_word' id='word_1_22' title='bbox 738 241 767 268; x_wconf 79' lang='grc' dir='ltr'><strong>δὲ</strong></span> <span class='ocrx_word' id='word_1_23' title='bbox 798 241 927 276; x_wconf 76' lang='grc' dir='ltr'><strong>ἀληθείας</strong></span> 
     </span>
    </p>
   </div>
   <div class='ocr_carea' id='block_1_7' title="bbox 136 285 226 321">
    <p class='ocr_par' dir='ltr' id='par_1_7' title="bbox 136 285 226 321">
     <span class='ocr_line' id='line_1_7' title="bbox 136 285 226 321; baseline 0.011 -1"><span class='ocrx_word' id='word_1_24' title='bbox 136 285 226 321; x_wconf 84' lang='grc' dir='ltr'>πηγή-</span> 
     </span>
    </p>
   </div>
   <div class='ocr_carea' id='block_1_8' title="bbox 402 333 669 369">
    <p class='ocr_par' dir='ltr' id='par_1_8' title="bbox 402 333 669 369">
     <span class='ocr_line' id='line_1_8' title="bbox 402 333 669 369; baseline 0.007 -10"><span class='ocrx_word' id='word_1_25' title='bbox 402 333 442 360; x_wconf 80' lang='lat' dir='ltr'><strong>ﬂ&#39;.</strong></span> <span class='ocrx_word' id='word_1_26' title='bbox 457 349 491 353; x_wconf 98' lang='lat'>—</span> <span class='ocrx_word' id='word_1_27' title='bbox 505 334 669 369; x_wconf 70' lang='grc' dir='ltr'>Εὺγραφίᾳ.</span> 
     </span>
    </p>
   </div>
   <div class='ocr_carea' id='block_1_9' title="bbox 175 388 927 428">
    <p class='ocr_par' dir='ltr' id='par_1_9' title="bbox 175 388 927 428">
     <span class='ocr_line' id='line_1_9' title="bbox 175 388 927 428; baseline 0.005 -14"><span class='ocrx_word' id='word_1_28' title='bbox 175 388 307 424; x_wconf 82' lang='grc' dir='ltr'>Περιττὺν</span> <span class='ocrx_word' id='word_1_29' title='bbox 329 391 380 425; x_wconf 75' lang='grc' dir='ltr'>μὲν</span> <span class='ocrx_word' id='word_1_30' title='bbox 406 388 483 425; x_wconf 85' lang='grc' dir='ltr'>οἶμαι</span> <span class='ocrx_word' id='word_1_31' title='bbox 508 391 537 417; x_wconf 80' lang='grc' dir='ltr'><strong>τὸ</strong></span> <span class='ocrx_word' id='word_1_32' title='bbox 556 391 636 418; x_wconf 83' lang='grc' dir='ltr'>πάλιν</span> <span class='ocrx_word' id='word_1_33' title='bbox 662 391 767 427; x_wconf 74' lang='grc' dir='ltr'>ἐπῳδὰς</span> <span class='ocrx_word' id='word_1_34' title='bbox 795 393 827 428; x_wconf 84' lang='grc' dir='ltr'>τῇ</span> <span class='ocrx_word' id='word_1_35' title='bbox 854 391 927 428; x_wconf 82' lang='grc' dir='ltr'>λύπῃ</span> 
     </span>
    </p>
   </div>
   <div class='ocr_carea' id='block_1_10' title="bbox 136 433 926 472">
    <p class='ocr_par' dir='ltr' id='par_1_10' title="bbox 136 433 926 472">
     <span class='ocr_line' id='line_1_10' title="bbox 136 433 926 472; baseline 0.005 -13"><span class='ocrx_word' id='word_1_36' title='bbox 136 433 305 470; x_wconf 80' lang='grc' dir='ltr'><strong>προσφέρειν</strong></span> <span class='ocrx_word' id='word_1_37' title='bbox 319 435 520 470; x_wconf 84' lang='grc' dir='ltr'>πνευματικάς.</span> <span class='ocrx_word' id='word_1_38' title='bbox 535 435 655 472; x_wconf 82' lang='grc' dir='ltr'>Ἀπόχρη</span> <span class='ocrx_word' id='word_1_39' title='bbox 670 436 724 471; x_wconf 79' lang='grc' dir='ltr'><strong>γὰρ</strong></span> <span class='ocrx_word' id='word_1_40' title='bbox 738 436 775 471; x_wconf 69' lang='lat'><strong>(2)</strong></span> <span class='ocrx_word' id='word_1_41' title='bbox 791 436 859 472; x_wconf 87' lang='grc' dir='ltr'>μόνη</span> <span class='ocrx_word' id='word_1_42' title='bbox 872 436 926 464; x_wconf 85' lang='grc' dir='ltr'><strong>τῶν</strong></span> 
     </span>
    </p>
   </div>
   <div class='ocr_carea' id='block_1_11' title="bbox 136 480 927 517">
    <p class='ocr_par' dir='ltr' id='par_1_11' title="bbox 136 480 927 517">
     <span class='ocr_line' id='line_1_11' title="bbox 136 480 927 517; baseline 0.003 -11"><span class='ocrx_word' id='word_1_43' title='bbox 136 481 281 515; x_wconf 80' lang='grc' dir='ltr'><strong>σωτηρίων</strong></span> <span class='ocrx_word' id='word_1_44' title='bbox 292 480 462 516; x_wconf 80' lang='grc' dir='ltr'><strong>παθημάτων</strong></span> <span class='ocrx_word' id='word_1_45' title='bbox 474 482 490 516; x_wconf 85' lang='grc' dir='ltr'>ὴ</span> <span class='ocrx_word' id='word_1_46' title='bbox 505 482 599 517; x_wconf 81' lang='grc' dir='ltr'>μνήμη</span> <span class='ocrx_word' id='word_1_47' title='bbox 612 482 707 508; x_wconf 77' lang='grc' dir='ltr'>σϐέσαι</span> <span class='ocrx_word' id='word_1_48' title='bbox 720 483 765 508; x_wconf 69' lang='grc' dir='ltr'><strong>καὶ</strong></span> <span class='ocrx_word' id='word_1_49' title='bbox 779 482 827 517; x_wconf 78' lang='grc' dir='ltr'><strong>τὴν</strong></span> <span class='ocrx_word' id='word_1_50' title='bbox 840 482 927 517; x_wconf 81' lang='grc' dir='ltr'>ἀκμά-</span> 
     </span>
    </p>
   </div>
   <div class='ocr_carea' id='block_1_12' title="bbox 135 526 924 564">
    <p class='ocr_par' dir='ltr' id='par_1_12' title="bbox 135 526 924 564">
     <span class='ocr_line' id='line_1_12' title="bbox 135 526 924 564; baseline 0.003 -12"><span class='ocrx_word' id='word_1_51' title='bbox 135 526 238 558; x_wconf 78' lang='grc' dir='ltr'><strong>ζουσαν</strong></span> <span class='ocrx_word' id='word_1_52' title='bbox 252 527 384 562; x_wconf 80' lang='grc' dir='ltr'><strong>ἀθυμίαν.</strong></span> <span class='ocrx_word' id='word_1_53' title='bbox 399 527 485 563; x_wconf 82' lang='grc' dir='ltr'><strong>’Υπὲρ</strong></span> <span class='ocrx_word' id='word_1_54' title='bbox 500 527 553 564; x_wconf 84' lang='grc' dir='ltr'>γὰρ</span> <span class='ocrx_word' id='word_1_55' title='bbox 567 529 616 563; x_wconf 81' lang='grc' dir='ltr'>τῆς</span> <span class='ocrx_word' id='word_1_56' title='bbox 629 528 683 554; x_wconf 84' lang='grc' dir='ltr'>τῶν</span> <span class='ocrx_word' id='word_1_57' title='bbox 697 528 847 563; x_wconf 80' lang='grc' dir='ltr'>ἀνθρώπων</span> <span class='ocrx_word' id='word_1_58' title='bbox 858 528 924 555; x_wconf 83' lang='grc' dir='ltr'><strong>ταῦ-</strong></span> 
     </span>
    </p>
   </div>
   <div class='ocr_carea' id='block_1_13' title="bbox 134 571 925 608">
    <p class='ocr_par' dir='ltr' id='par_1_13' title="bbox 134 571 925 608">
     <span class='ocr_line' id='line_1_13' title="bbox 134 571 925 608; baseline 0.001 -10"><span class='ocrx_word' id='word_1_59' title='bbox 134 580 171 598; x_wconf 83' lang='grc' dir='ltr'><strong>τα</strong></span> <span class='ocrx_word' id='word_1_60' title='bbox 185 571 331 607; x_wconf 84' lang='grc' dir='ltr'>γεγένηται</span> <span class='ocrx_word' id='word_1_61' title='bbox 349 571 466 606; x_wconf 85' lang='grc' dir='ltr'>φύσεως.</span> <span class='ocrx_word' id='word_1_62' title='bbox 483 573 535 599; x_wconf 83' lang='grc' dir='ltr'><strong>Τὸν</strong></span> <span class='ocrx_word' id='word_1_63' title='bbox 551 573 605 608; x_wconf 78' lang='grc' dir='ltr'><strong>γὰρ</strong></span> <span class='ocrx_word' id='word_1_64' title='bbox 625 573 740 599; x_wconf 84' lang='grc' dir='ltr'>θάνατον</span> <span class='ocrx_word' id='word_1_65' title='bbox 754 574 768 600; x_wconf 81' lang='grc' dir='ltr'><strong>ό</strong></span> <span class='ocrx_word' id='word_1_66' title='bbox 787 573 925 607; x_wconf 80' lang='grc' dir='ltr'><strong>Δεσπότης</strong></span> 
     </span>
    </p>
   </div>
   <div class='ocr_carea' id='block_1_14' title="bbox 134 617 926 654">
    <p class='ocr_par' dir='ltr' id='par_1_14' title="bbox 134 617 926 654">
     <span class='ocr_line' id='line_1_14' title="bbox 134 617 926 654; baseline 0.003 -11"><span class='ocrx_word' id='word_1_67' title='bbox 134 617 295 650; x_wconf 78' lang='grc' dir='ltr'><strong>κατέλυσεν,</strong></span> <span class='ocrx_word' id='word_1_68' title='bbox 309 618 358 652; x_wconf 77' lang='grc' dir='ltr'>οὐχ</span> <span class='ocrx_word' id='word_1_69' title='bbox 373 618 415 644; x_wconf 79' lang='grc' dir='ltr'>ἵνα</span> <span class='ocrx_word' id='word_1_70' title='bbox 430 618 459 645; x_wconf 82' lang='grc' dir='ltr'>ἓν</span> <span class='ocrx_word' id='word_1_71' title='bbox 476 618 556 654; x_wconf 82' lang='grc' dir='ltr'>σῶμα</span> <span class='ocrx_word' id='word_1_72' title='bbox 566 619 688 654; x_wconf 84' lang='grc' dir='ltr'>κρεῖττον</span> <span class='ocrx_word' id='word_1_73' title='bbox 701 619 828 654; x_wconf 75' lang='grc' dir='ltr'><strong>ἀποφήνῃ</strong></span> <span class='ocrx_word' id='word_1_74' title='bbox 844 619 926 645; x_wconf 79' lang='grc' dir='ltr'>θανά-</span> 
     </span>
    </p>
   </div>
   <div class='ocr_carea' id='block_1_15' title="bbox 134 663 924 700">
    <p class='ocr_par' dir='ltr' id='par_1_15' title="bbox 134 663 924 700">
     <span class='ocr_line' id='line_1_15' title="bbox 134 663 924 700; baseline 0.001 -10"><span class='ocrx_word' id='word_1_75' title='bbox 134 673 183 690; x_wconf 76' lang='grc' dir='ltr'><strong>του</strong></span> <span class='ocrx_word' id='word_1_76' title='bbox 196 672 203 678; x_wconf 93' lang='grc'><strong>·</strong></span> <span class='ocrx_word' id='word_1_77' title='bbox 222 663 279 690; x_wconf 70' lang='grc' dir='ltr'>ἀλλ’</span> <span class='ocrx_word' id='word_1_78' title='bbox 295 664 338 690; x_wconf 80' lang='grc' dir='ltr'>ἵνα</span> <span class='ocrx_word' id='word_1_79' title='bbox 355 664 389 690; x_wconf 84' lang='grc' dir='ltr'>δι’</span> <span class='ocrx_word' id='word_1_80' title='bbox 401 664 506 690; x_wconf 80' lang='grc' dir='ltr'>ἐκείνου</span> <span class='ocrx_word' id='word_1_81' title='bbox 521 664 570 700; x_wconf 79' lang='grc' dir='ltr'>τὴν</span> <span class='ocrx_word' id='word_1_82' title='bbox 583 665 676 700; x_wconf 71' lang='grc' dir='ltr'>κοινὴν</span> <span class='ocrx_word' id='word_1_83' title='bbox 693 665 839 692; x_wconf 80' lang='grc' dir='ltr'><strong>ἀνάστασιν</strong></span> <span class='ocrx_word' id='word_1_84' title='bbox 851 673 924 700; x_wconf 84' lang='grc' dir='ltr'>πρα-</span> 
     </span>
    </p>
   </div>
   <div class='ocr_carea' id='block_1_16' title="bbox 134 709 924 745">
    <p class='ocr_par' dir='ltr' id='par_1_16' title="bbox 134 709 924 745">
     <span class='ocr_line' id='line_1_16' title="bbox 134 709 924 745; baseline 0.003 -10"><span class='ocrx_word' id='word_1_85' title='bbox 134 709 338 744; x_wconf 83' lang='grc' dir='ltr'>γματεύσηται,</span> <span class='ocrx_word' id='word_1_86' title='bbox 357 710 405 736; x_wconf 64' lang='grc' dir='ltr'><strong>καὶ</strong></span> <span class='ocrx_word' id='word_1_87' title='bbox 427 709 531 745; x_wconf 87' lang='grc' dir='ltr'>ταύτην</span> <span class='ocrx_word' id='word_1_88' title='bbox 548 710 613 745; x_wconf 82' lang='grc' dir='ltr'>ἡμῖν</span> <span class='ocrx_word' id='word_1_89' title='bbox 628 710 676 745; x_wconf 81' lang='grc' dir='ltr'>τὴν</span> <span class='ocrx_word' id='word_1_90' title='bbox 700 710 794 737; x_wconf 79' lang='grc' dir='ltr'>ἐλπίδα</span> <span class='ocrx_word' id='word_1_91' title='bbox 813 711 924 745; x_wconf 79' lang='grc' dir='ltr'>βεὸαίαν</span> 
     </span>
    </p>
   </div>
   <div class='ocr_carea' id='block_1_17' title="bbox 133 755 924 792">
    <p class='ocr_par' dir='ltr' id='par_1_17' title="bbox 133 755 924 792">
     <span class='ocr_line' id='line_1_17' title="bbox 133 755 924 792; baseline 0.003 -11"><span class='ocrx_word' id='word_1_92' title='bbox 133 755 276 790; x_wconf 79' lang='grc' dir='ltr'>παράσχῃ.</span> <span class='ocrx_word' id='word_1_93' title='bbox 299 755 330 781; x_wconf 83' lang='grc' dir='ltr'><strong>Εἰ</strong></span> <span class='ocrx_word' id='word_1_94' title='bbox 347 755 376 782; x_wconf 75' lang='grc' dir='ltr'><strong>δὲ</strong></span> <span class='ocrx_word' id='word_1_95' title='bbox 393 755 439 782; x_wconf 73' lang='grc' dir='ltr'><strong>καὶ</strong></span> <span class='ocrx_word' id='word_1_96' title='bbox 455 755 509 782; x_wconf 82' lang='grc' dir='ltr'><strong>τῶν</strong></span> <span class='ocrx_word' id='word_1_97' title='bbox 530 755 610 782; x_wconf 88' lang='grc' dir='ltr'>θείων</span> <span class='ocrx_word' id='word_1_98' title='bbox 624 756 727 791; x_wconf 79' lang='grc' dir='ltr'><strong>ἑορτῶν</strong></span> <span class='ocrx_word' id='word_1_99' title='bbox 747 756 924 792; x_wconf 80' lang='grc' dir='ltr'><strong>παντοδαπὴν</strong></span> 
     </span>
    </p>
   </div>
   <div class='ocr_carea' id='block_1_18' title="bbox 132 801 924 838">
    <p class='ocr_par' dir='ltr' id='par_1_18' title="bbox 132 801 924 838">
     <span class='ocr_line' id='line_1_18' title="bbox 132 801 924 838; baseline 0.005 -12"><span class='ocrx_word' id='word_1_100' title='bbox 132 801 314 835; x_wconf 77' lang='grc' dir='ltr'><strong>ψυχαγωγίαν</strong></span> <span class='ocrx_word' id='word_1_101' title='bbox 328 801 541 836; x_wconf 83' lang='grc' dir='ltr'>προσφερουσῶν</span> <span class='ocrx_word' id='word_1_102' title='bbox 560 801 590 828; x_wconf 82' lang='grc' dir='ltr'>οὑ</span> <span class='ocrx_word' id='word_1_103' title='bbox 607 802 780 838; x_wconf 80' lang='grc' dir='ltr'>καταγωνίζῃ</span> <span class='ocrx_word' id='word_1_104' title='bbox 792 803 842 838; x_wconf 78' lang='grc' dir='ltr'>τῆς</span> <span class='ocrx_word' id='word_1_105' title='bbox 858 803 924 830; x_wconf 83' lang='grc' dir='ltr'>ἀθυ-</span> 
     </span>
    </p>
   </div>
   <div class='ocr_carea' id='block_1_19' title="bbox 133 845 918 885">
    <p class='ocr_par' dir='ltr' id='par_1_19' title="bbox 133 845 918 885">
     <span class='ocr_line' id='line_1_19' title="bbox 133 845 918 885; baseline 0.006 -14"><span class='ocrx_word' id='word_1_106' title='bbox 133 845 200 881; x_wconf 85' lang='grc' dir='ltr'>μίας</span> <span class='ocrx_word' id='word_1_107' title='bbox 215 846 246 872; x_wconf 84' lang='grc' dir='ltr'><strong>τὸ</strong></span> <span class='ocrx_word' id='word_1_108' title='bbox 269 846 364 878; x_wconf 84' lang='grc' dir='ltr'><strong>πάθος,</strong></span> <span class='ocrx_word' id='word_1_109' title='bbox 386 847 538 882; x_wconf 74' lang='grc' dir='ltr'>παρακαλῶ</span> <span class='ocrx_word' id='word_1_110' title='bbox 557 856 603 874; x_wconf 81' lang='grc' dir='ltr'><strong>σου</strong></span> <span class='ocrx_word' id='word_1_111' title='bbox 617 848 667 884; x_wconf 83' lang='grc' dir='ltr'><strong>τὴν</strong></span> <span class='ocrx_word' id='word_1_112' title='bbox 686 849 918 885; x_wconf 77' lang='grc' dir='ltr'>σεμνοπρέπειαν,</span> 
     </span>
    </p>
   </div>
   <div class='ocr_carea' id='block_1_20' title="bbox 131 890 923 930">
    <p class='ocr_par' dir='ltr' id='par_1_20' title="bbox 131 890 923 930">
     <span class='ocr_line' id='line_1_20' title="bbox 131 890 923 930; baseline 0.008 -14"><span class='ocrx_word' id='word_1_113' title='bbox 131 890 180 917; x_wconf 80' lang='grc' dir='ltr'>τοῦ</span> <span class='ocrx_word' id='word_1_114' title='bbox 195 891 334 926; x_wconf 83' lang='grc' dir='ltr'>προικῲου</span> <span class='ocrx_word' id='word_1_115' title='bbox 352 892 416 926; x_wconf 82' lang='grc' dir='ltr'>γοῦν</span> <span class='ocrx_word' id='word_1_116' title='bbox 439 893 631 928; x_wconf 81' lang='grc' dir='ltr'>γραμματείου</span> <span class='ocrx_word' id='word_1_117' title='bbox 653 895 686 921; x_wconf 78' lang='grc' dir='ltr'>τὰ</span> <span class='ocrx_word' id='word_1_118' title='bbox 708 896 778 930; x_wconf 76' lang='grc' dir='ltr'>μετὰ</span> <span class='ocrx_word' id='word_1_119' title='bbox 793 895 842 930; x_wconf 85' lang='grc' dir='ltr'><strong>τὴν</strong></span> <span class='ocrx_word' id='word_1_120' title='bbox 862 895 923 922; x_wconf 81' lang='grc' dir='ltr'>ὲπί-</span> 
     </span>
    </p>
   </div>
   <div class='ocr_carea' id='block_1_21' title="bbox 131 936 922 976">
    <p class='ocr_par' dir='ltr' id='par_1_21' title="bbox 131 936 922 976">
     <span class='ocr_line' id='line_1_21' title="bbox 131 936 922 976; baseline 0.009 -14"><span class='ocrx_word' id='word_1_121' title='bbox 131 936 207 963; x_wconf 85' lang='grc' dir='ltr'>δοσιν</span> <span class='ocrx_word' id='word_1_122' title='bbox 235 937 401 972; x_wconf 85' lang='grc' dir='ltr'>ἀναγνῶναι,</span> <span class='ocrx_word' id='word_1_123' title='bbox 431 940 478 965; x_wconf 75' lang='grc' dir='ltr'><strong>καὶ</strong></span> <span class='ocrx_word' id='word_1_124' title='bbox 493 939 596 974; x_wconf 85' lang='grc' dir='ltr'>γνῶναι</span> <span class='ocrx_word' id='word_1_125' title='bbox 613 940 716 974; x_wconf 80' lang='grc' dir='ltr'>σαφῶς,</span> <span class='ocrx_word' id='word_1_126' title='bbox 743 941 781 973; x_wconf 80' lang='grc' dir='ltr'>ὡς</span> <span class='ocrx_word' id='word_1_127' title='bbox 800 943 922 976; x_wconf 83' lang='grc' dir='ltr'>ήγήσατο</span> 
     </span>
    </p>
   </div>
   <div class='ocr_carea' id='block_1_22' title="bbox 132 982 922 1024">
    <p class='ocr_par' dir='ltr' id='par_1_22' title="bbox 132 982 922 1024">
     <span class='ocr_line' id='line_1_22' title="bbox 132 982 922 1024; baseline 0.008 -15"><span class='ocrx_word' id='word_1_128' title='bbox 132 982 180 1009; x_wconf 83' lang='grc' dir='ltr'>τοῦ</span> <span class='ocrx_word' id='word_1_129' title='bbox 197 983 287 1018; x_wconf 84' lang='grc' dir='ltr'>γάμου</span> <span class='ocrx_word' id='word_1_130' title='bbox 305 984 352 1011; x_wconf 83' lang='grc' dir='ltr'>τοῦ</span> <span class='ocrx_word' id='word_1_131' title='bbox 377 984 493 1012; x_wconf 81' lang='grc' dir='ltr'>Θανάτου</span> <span class='ocrx_word' id='word_1_132' title='bbox 514 987 531 1020; x_wconf 82' lang='grc' dir='ltr'>ἡ</span> <span class='ocrx_word' id='word_1_133' title='bbox 559 987 665 1022; x_wconf 84' lang='grc' dir='ltr'>μνήμη.</span> <span class='ocrx_word' id='word_1_134' title='bbox 689 987 726 1014; x_wconf 82' lang='grc' dir='ltr'><strong>Τὸ</strong></span> <span class='ocrx_word' id='word_1_135' title='bbox 749 987 805 1024; x_wconf 79' lang='grc' dir='ltr'>γὰρ</span> <span class='ocrx_word' id='word_1_136' title='bbox 825 987 922 1023; x_wconf 82' lang='grc' dir='ltr'>θνητὸν</span> 
     </span>
    </p>
   </div>
   <div class='ocr_carea' id='block_1_23' title="bbox 130 1029 922 1070">
    <p class='ocr_par' dir='ltr' id='par_1_23' title="bbox 130 1029 922 1070">
     <span class='ocr_line' id='line_1_23' title="bbox 130 1029 922 1070; baseline 0.006 -14"><span class='ocrx_word' id='word_1_137' title='bbox 130 1029 182 1065; x_wconf 76' lang='grc' dir='ltr'>τῆς</span> <span class='ocrx_word' id='word_1_138' title='bbox 197 1030 304 1064; x_wconf 80' lang='grc' dir='ltr'>φύσεως</span> <span class='ocrx_word' id='word_1_139' title='bbox 331 1031 521 1067; x_wconf 82' lang='grc' dir='ltr'>ἐπιστάμενοι,</span> <span class='ocrx_word' id='word_1_140' title='bbox 550 1033 597 1059; x_wconf 79' lang='grc' dir='ltr'>καὶ</span> <span class='ocrx_word' id='word_1_141' title='bbox 619 1033 843 1069; x_wconf 75' lang='grc' dir='ltr'>προμηθούμενοι</span> <span class='ocrx_word' id='word_1_142' title='bbox 869 1035 922 1070; x_wconf 80' lang='grc' dir='ltr'>τῆς</span> 
     </span>
    </p>
   </div>
   <div class='ocr_carea' id='block_1_24' title="bbox 129 1074 921 1115">
    <p class='ocr_par' dir='ltr' id='par_1_24' title="bbox 129 1074 921 1115">
     <span class='ocr_line' id='line_1_24' title="bbox 129 1074 921 1115; baseline 0.008 -15"><span class='ocrx_word' id='word_1_143' title='bbox 129 1074 187 1101; x_wconf 85' lang='grc' dir='ltr'>τῶν</span> <span class='ocrx_word' id='word_1_144' title='bbox 204 1074 245 1101; x_wconf 81' lang='grc' dir='ltr'>ἔτι</span> <span class='ocrx_word' id='word_1_145' title='bbox 261 1075 371 1107; x_wconf 81' lang='grc' dir='ltr'><strong>ζώντων</strong></span> <span class='ocrx_word' id='word_1_146' title='bbox 390 1077 513 1112; x_wconf 72' lang='grc' dir='ltr'>εἰρήνης,</span> <span class='ocrx_word' id='word_1_147' title='bbox 535 1077 584 1110; x_wconf 78' lang='grc' dir='ltr'>τὰς</span> <span class='ocrx_word' id='word_1_148' title='bbox 605 1079 778 1114; x_wconf 76' lang='grc' dir='ltr'>καλουμένας</span> <span class='ocrx_word' id='word_1_149' title='bbox 799 1079 921 1115; x_wconf 78' lang='grc' dir='ltr'><strong>αἱρέσεις</strong></span> 
     </span>
    </p>
   </div>
   <div class='ocr_carea' id='block_1_25' title="bbox 131 1121 919 1160">
    <p class='ocr_par' dir='ltr' id='par_1_25' title="bbox 131 1121 919 1160">
     <span class='ocr_line' id='line_1_25' title="bbox 131 1121 919 1160; baseline 0.006 -13"><span class='ocrx_word' id='word_1_150' title='bbox 131 1121 334 1153; x_wconf 65' lang='grc' dir='ltr'>ἐπιτάττουσιν,</span> <span class='ocrx_word' id='word_1_151' title='bbox 352 1123 398 1149; x_wconf 73' lang='grc' dir='ltr'><strong>καὶ</strong></span> <span class='ocrx_word' id='word_1_152' title='bbox 421 1123 452 1149; x_wconf 88' lang='grc' dir='ltr'>οὑ</span> <span class='ocrx_word' id='word_1_153' title='bbox 470 1123 677 1159; x_wconf 80' lang='grc' dir='ltr'>δυσχεραίνουσι</span> <span class='ocrx_word' id='word_1_154' title='bbox 693 1125 746 1160; x_wconf 81' lang='grc' dir='ltr'><strong>πρὸ</strong></span> <span class='ocrx_word' id='word_1_155' title='bbox 768 1126 818 1160; x_wconf 79' lang='grc' dir='ltr'>τῆς</span> <span class='ocrx_word' id='word_1_156' title='bbox 835 1134 919 1160; x_wconf 87' lang='grc' dir='ltr'>γαμι-</span> 
     </span>
    </p>
   </div>
   <div class='ocr_carea' id='block_1_26' title="bbox 130 1168 920 1207">
    <p class='ocr_par' dir='ltr' id='par_1_26' title="bbox 130 1168 920 1207">
     <span class='ocr_line' id='line_1_26' title="bbox 130 1168 920 1207; baseline 0.006 -14"><span class='ocrx_word' id='word_1_157' title='bbox 130 1168 184 1202; x_wconf 84' lang='grc' dir='ltr'>κῆς</span> <span class='ocrx_word' id='word_1_158' title='bbox 200 1169 350 1201; x_wconf 78' lang='grc' dir='ltr'>συναφείας</span> <span class='ocrx_word' id='word_1_159' title='bbox 367 1170 538 1205; x_wconf 83' lang='grc' dir='ltr'>μεμνημένοι</span> <span class='ocrx_word' id='word_1_160' title='bbox 550 1170 665 1197; x_wconf 84' lang='grc' dir='ltr'>θανάτου</span> <span class='ocrx_word' id='word_1_161' title='bbox 674 1179 681 1185; x_wconf 80' lang='grc'><em>’</em></span> <span class='ocrx_word' id='word_1_162' title='bbox 693 1171 761 1197; x_wconf 84' lang='grc' dir='ltr'>ἀλλὰ</span> <span class='ocrx_word' id='word_1_163' title='bbox 773 1171 920 1207; x_wconf 69' lang='grc' dir='ltr'>διαρρήδην</span> 
     </span>
    </p>
   </div>
   <div class='ocr_carea' id='block_1_27' title="bbox 131 1212 920 1252">
    <p class='ocr_par' dir='ltr' id='par_1_27' title="bbox 131 1212 920 1252">
     <span class='ocr_line' id='line_1_27' title="bbox 131 1212 920 1252; baseline 0.008 -13"><span class='ocrx_word' id='word_1_164' title='bbox 131 1212 239 1248; x_wconf 81' lang='grc' dir='ltr'>βοῶσιν,</span> <span class='ocrx_word' id='word_1_165' title='bbox 254 1215 279 1240; x_wconf 87' lang='grc' dir='ltr'><strong>εί</strong></span> <span class='ocrx_word' id='word_1_166' title='bbox 295 1215 345 1249; x_wconf 86' lang='grc' dir='ltr'>μὲν</span> <span class='ocrx_word' id='word_1_167' title='bbox 362 1215 375 1241; x_wconf 82' lang='grc' dir='ltr'><strong>ό</strong></span> <span class='ocrx_word' id='word_1_168' title='bbox 390 1215 461 1251; x_wconf 81' lang='grc' dir='ltr'>ἀνὴρ</span> <span class='ocrx_word' id='word_1_169' title='bbox 480 1216 703 1252; x_wconf 80' lang='grc' dir='ltr'>προτελευτήσιιι,</span> <span class='ocrx_word' id='word_1_170' title='bbox 719 1217 842 1250; x_wconf 79' lang='grc' dir='ltr'>συνέδοξε</span> <span class='ocrx_word' id='word_1_171' title='bbox 860 1219 920 1245; x_wconf 82' lang='grc' dir='ltr'>τόδε</span> 
     </span>
    </p>
   </div>
   <div class='ocr_carea' id='block_1_28' title="bbox 129 1259 917 1298">
    <p class='ocr_par' dir='ltr' id='par_1_28' title="bbox 129 1259 917 1298">
     <span class='ocr_line' id='line_1_28' title="bbox 129 1259 917 1298; baseline 0.008 -13"><span class='ocrx_word' id='word_1_172' title='bbox 129 1259 274 1293; x_wconf 73' lang='grc' dir='ltr'>γενέσθαιθ</span> <span class='ocrx_word' id='word_1_173' title='bbox 295 1261 320 1286; x_wconf 86' lang='grc' dir='ltr'><strong>εί</strong></span> <span class='ocrx_word' id='word_1_174' title='bbox 348 1261 376 1287; x_wconf 85' lang='grc' dir='ltr'>δὲ</span> <span class='ocrx_word' id='word_1_175' title='bbox 389 1261 406 1296; x_wconf 82' lang='grc' dir='ltr'>ἡ</span> <span class='ocrx_word' id='word_1_176' title='bbox 433 1261 502 1297; x_wconf 85' lang='grc' dir='ltr'>γυνὴ</span> <span class='ocrx_word' id='word_1_177' title='bbox 515 1262 594 1288; x_wconf 72' lang='grc' dir='ltr'>τοῦτο</span> <span class='ocrx_word' id='word_1_178' title='bbox 607 1263 748 1298; x_wconf 82' lang='grc' dir='ltr'>ὑπομείνοι</span> <span class='ocrx_word' id='word_1_179' title='bbox 769 1264 800 1290; x_wconf 83' lang='grc' dir='ltr'>τὸ</span> <span class='ocrx_word' id='word_1_180' title='bbox 822 1263 917 1296; x_wconf 83' lang='grc' dir='ltr'>πάθος,</span> 
     </span>
    </p>
   </div>
   <div class='ocr_carea' id='block_1_29' title="bbox 128 1305 920 1346">
    <p class='ocr_par' dir='ltr' id='par_1_29' title="bbox 128 1305 920 1346">
     <span class='ocr_line' id='line_1_29' title="bbox 128 1305 920 1346; baseline 0.009 -16"><span class='ocrx_word' id='word_1_181' title='bbox 128 1305 190 1331; x_wconf 83' lang='grc' dir='ltr'>τόδε</span> <span class='ocrx_word' id='word_1_182' title='bbox 208 1306 351 1341; x_wconf 77' lang='grc' dir='ltr'><strong>συνήρεσε.</strong></span> <span class='ocrx_word' id='word_1_183' title='bbox 369 1305 402 1333; x_wconf 86' lang='grc' dir='ltr'>Τί</span> <span class='ocrx_word' id='word_1_184' title='bbox 418 1307 509 1334; x_wconf 85' lang='grc' dir='ltr'>τοίνυν</span> <span class='ocrx_word' id='word_1_185' title='bbox 529 1309 742 1344; x_wconf 84' lang='grc' dir='ltr'>δυσχεραίνομεν</span> <span class='ocrx_word' id='word_1_186' title='bbox 766 1310 852 1336; x_wconf 79' lang='grc' dir='ltr'>ταῦτα</span> <span class='ocrx_word' id='word_1_187' title='bbox 866 1311 920 1346; x_wconf 80' lang='grc' dir='ltr'>πρὸ</span> 
     </span>
    </p>
   </div>
   <div class='ocr_carea' id='block_1_30' title="bbox 128 1349 918 1391">
    <p class='ocr_par' dir='ltr' id='par_1_30' title="bbox 128 1349 918 1391">
     <span class='ocr_line' id='line_1_30' title="bbox 128 1349 918 1391; baseline 0.008 -15"><span class='ocrx_word' id='word_1_188' title='bbox 128 1349 178 1376; x_wconf 83' lang='grc' dir='ltr'>τοῦ</span> <span class='ocrx_word' id='word_1_189' title='bbox 202 1351 293 1385; x_wconf 84' lang='grc' dir='ltr'>γάμου</span> <span class='ocrx_word' id='word_1_190' title='bbox 317 1351 517 1387; x_wconf 84' lang='grc' dir='ltr'>μεμαθηκότες,</span> <span class='ocrx_word' id='word_1_191' title='bbox 533 1353 581 1379; x_wconf 76' lang='grc' dir='ltr'>καὶ</span> <span class='ocrx_word' id='word_1_192' title='bbox 602 1353 688 1380; x_wconf 84' lang='grc' dir='ltr'>ταῦτα</span> <span class='ocrx_word' id='word_1_193' title='bbox 715 1354 774 1381; x_wconf 86' lang='grc' dir='ltr'>καθ’</span> <span class='ocrx_word' id='word_1_194' title='bbox 789 1355 918 1391; x_wconf 77' lang='grc' dir='ltr'>ἑκάστην,</span> 
     </span>
    </p>
   </div>
   <div class='ocr_carea' id='block_1_31' title="bbox 129 1394 918 1436">
    <p class='ocr_par' dir='ltr' id='par_1_31' title="bbox 129 1394 918 1436">
     <span class='ocr_line' id='line_1_31' title="bbox 129 1394 918 1436; baseline 0.009 -16"><span class='ocrx_word' id='word_1_195' title='bbox 129 1394 168 1426; x_wconf 81' lang='grc' dir='ltr'>ὡς</span> <span class='ocrx_word' id='word_1_196' title='bbox 181 1395 247 1427; x_wconf 74' lang='grc' dir='ltr'>ἔπος</span> <span class='ocrx_word' id='word_1_197' title='bbox 259 1396 358 1429; x_wconf 80' lang='grc' dir='ltr'>εἰπεῖν,</span> <span class='ocrx_word' id='word_1_198' title='bbox 374 1397 482 1432; x_wconf 81' lang='grc' dir='ltr'>ἡμέραν</span> <span class='ocrx_word' id='word_1_199' title='bbox 497 1398 699 1433; x_wconf 79' lang='grc' dir='ltr'>προσμένοντες</span> <span class='ocrx_word' id='word_1_200' title='bbox 710 1420 717 1431; x_wconf 88' lang='grc'><strong>,</strong></span> <span class='ocrx_word' id='word_1_201' title='bbox 732 1399 850 1436; x_wconf 81' lang='grc' dir='ltr'>Ἀνάγκη</span> <span class='ocrx_word' id='word_1_202' title='bbox 863 1401 918 1436; x_wconf 87' lang='grc' dir='ltr'>γὰρ</span> 
     </span>
    </p>
   </div>
   <div class='ocr_carea' id='block_1_32' title="bbox 129 1441 919 1482">
    <p class='ocr_par' dir='ltr' id='par_1_32' title="bbox 129 1441 919 1482">
     <span class='ocr_line' id='line_1_32' title="bbox 129 1441 919 1482; baseline 0.008 -16"><span class='ocrx_word' id='word_1_203' title='bbox 129 1441 206 1467; x_wconf 79' lang='grc' dir='ltr'>πᾶσα</span> <span class='ocrx_word' id='word_1_204' title='bbox 218 1441 377 1477; x_wconf 84' lang='grc' dir='ltr'>διαλυθῆναι</span> <span class='ocrx_word' id='word_1_205' title='bbox 392 1443 442 1478; x_wconf 82' lang='grc' dir='ltr'><strong>τὴν</strong></span> <span class='ocrx_word' id='word_1_206' title='bbox 457 1443 599 1477; x_wconf 82' lang='grc' dir='ltr'>συζυγίαν,</span> <span class='ocrx_word' id='word_1_207' title='bbox 614 1444 629 1479; x_wconf 82' lang='grc' dir='ltr'><strong>ἢ</strong></span> <span class='ocrx_word' id='word_1_208' title='bbox 644 1443 692 1471; x_wconf 77' lang='grc' dir='ltr'>τοῦ</span> <span class='ocrx_word' id='word_1_209' title='bbox 709 1445 805 1481; x_wconf 77' lang='grc' dir='ltr'>ἀνδρὸς</span> <span class='ocrx_word' id='word_1_210' title='bbox 820 1454 919 1482; x_wconf 89' lang='grc' dir='ltr'>προτε-</span> 
     </span>
    </p>
   </div>
   <div class='ocr_carea' id='block_1_33' title="bbox 128 1485 917 1527">
    <p class='ocr_par' dir='ltr' id='par_1_33' title="bbox 128 1485 917 1527">
     <span class='ocr_line' id='line_1_33' title="bbox 128 1485 917 1527; baseline 0.008 -15"><span class='ocrx_word' id='word_1_211' title='bbox 128 1485 287 1519; x_wconf 85' lang='grc' dir='ltr'>λευτῶντος,</span> <span class='ocrx_word' id='word_1_212' title='bbox 300 1488 316 1523; x_wconf 88' lang='grc' dir='ltr'>ἢ</span> <span class='ocrx_word' id='word_1_213' title='bbox 331 1488 382 1524; x_wconf 81' lang='grc' dir='ltr'>τῆς</span> <span class='ocrx_word' id='word_1_214' title='bbox 395 1489 524 1522; x_wconf 72' lang='grc' dir='ltr'>γυναικὸς</span> <span class='ocrx_word' id='word_1_215' title='bbox 541 1490 740 1525; x_wconf 84' lang='grc' dir='ltr'>προαπιούσης.</span> <span class='ocrx_word' id='word_1_216' title='bbox 750 1490 850 1518; x_wconf 83' lang='grc' dir='ltr'>Τοῦτον</span> <span class='ocrx_word' id='word_1_217' title='bbox 863 1491 917 1527; x_wconf 84' lang='grc' dir='ltr'>γὰρ</span> 
     </span>
    </p>
   </div>
   <div class='ocr_carea' id='block_1_34' title="bbox 979 243 1052 271">
    <p class='ocr_par' dir='ltr' id='par_1_34' title="bbox 979 243 1052 271">
     <span class='ocr_line' id='line_1_34' title="bbox 979 243 1052 271; baseline 0.014 -1"><span class='ocrx_word' id='word_1_218' title='bbox 979 243 1052 271; x_wconf 82' lang='lat' dir='ltr'><strong>tatis.</strong></span> 
     </span>
    </p>
   </div>
   <div class='ocr_carea' id='block_1_35' title="bbox 1221 335 1521 372">
    <p class='ocr_par' dir='ltr' id='par_1_35' title="bbox 1221 335 1521 372">
     <span class='ocr_line' id='line_1_35' title="bbox 1221 335 1521 372; baseline 0.007 -10"><span class='ocrx_word' id='word_1_219' title='bbox 1221 335 1286 363; x_wconf 82' lang='lat' dir='ltr'><strong>VIII.</strong></span> <span class='ocrx_word' id='word_1_220' title='bbox 1302 351 1338 355; x_wconf 98' lang='lat'>—</span> <span class='ocrx_word' id='word_1_221' title='bbox 1353 336 1521 372; x_wconf 71' lang='lat' dir='ltr'><strong>Eugrapltiae.</strong></span> 
     </span>
    </p>
   </div>
   <div class='ocr_carea' id='block_1_36' title="bbox 1020 392 1766 427">
    <p class='ocr_par' dir='ltr' id='par_1_36' title="bbox 1020 392 1766 427">
     <span class='ocr_line' id='line_1_36' title="bbox 1020 392 1766 427; baseline 0.005 -9"><span class='ocrx_word' id='word_1_222' title='bbox 1020 392 1259 426; x_wconf 87' lang='lat' dir='ltr'><strong>Supervacaneum</strong></span> <span class='ocrx_word' id='word_1_223' title='bbox 1275 393 1346 420; x_wconf 92' lang='lat' dir='ltr'><strong>duco</strong></span> <span class='ocrx_word' id='word_1_224' title='bbox 1362 392 1517 427; x_wconf 86' lang='lat' dir='ltr'><strong>spiritualia</strong></span> <span class='ocrx_word' id='word_1_225' title='bbox 1531 392 1630 420; x_wconf 91' lang='lat' dir='ltr'><strong>iterum</strong></span> <span class='ocrx_word' id='word_1_226' title='bbox 1645 395 1766 423; x_wconf 86' lang='lat' dir='ltr'><strong>remedia</strong></span> 
     </span>
    </p>
   </div>
   <div class='ocr_carea' id='block_1_37' title="bbox 977 437 1766 468">
    <p class='ocr_par' dir='ltr' id='par_1_37' title="bbox 977 437 1766 468">
     <span class='ocr_line' id='line_1_37' title="bbox 977 437 1766 468; baseline 0.004 -4"><span class='ocrx_word' id='word_1_227' title='bbox 977 437 1065 464; x_wconf 92' lang='lat' dir='ltr'><strong>dolori</strong></span> <span class='ocrx_word' id='word_1_228' title='bbox 1079 437 1220 465; x_wconf 86' lang='lat' dir='ltr'><strong>adhibere.</strong></span> <span class='ocrx_word' id='word_1_229' title='bbox 1236 437 1342 465; x_wconf 83' lang='lat' dir='ltr'><strong>Suﬂicit</strong></span> <span class='ocrx_word' id='word_1_230' title='bbox 1351 440 1423 465; x_wconf 91' lang='lat' dir='ltr'><strong>enim</strong></span> <span class='ocrx_word' id='word_1_231' title='bbox 1436 439 1479 465; x_wconf 88' lang='lat' dir='ltr'><strong>vel</strong></span> <span class='ocrx_word' id='word_1_232' title='bbox 1491 439 1524 465; x_wconf 91' lang='lat' dir='ltr'><strong>ad</strong></span> <span class='ocrx_word' id='word_1_233' title='bbox 1535 447 1668 466; x_wconf 82' lang='lat' dir='ltr'><strong>summam</strong></span> <span class='ocrx_word' id='word_1_234' title='bbox 1681 441 1766 468; x_wconf 88' lang='lat' dir='ltr'><strong>tristi-</strong></span> 
     </span>
    </p>
   </div>
   <div class='ocr_carea' id='block_1_38' title="bbox 978 483 1766 519">
    <p class='ocr_par' dir='ltr' id='par_1_38' title="bbox 978 483 1766 519">
     <span class='ocr_line' id='line_1_38' title="bbox 978 483 1766 519; baseline 0.004 -9"><span class='ocrx_word' id='word_1_235' title='bbox 978 483 1043 510; x_wconf 91' lang='lat' dir='ltr'><strong>tiam</strong></span> <span class='ocrx_word' id='word_1_236' title='bbox 1062 484 1260 519; x_wconf 81' lang='lat' dir='ltr'><strong>profligandam</strong></span> <span class='ocrx_word' id='word_1_237' title='bbox 1287 484 1448 511; x_wconf 76' lang='lat' dir='ltr'><strong>salutarium</strong></span> <span class='ocrx_word' id='word_1_238' title='bbox 1462 485 1635 512; x_wconf 83' lang='lat' dir='ltr'><strong>cruciatuum</strong></span> <span class='ocrx_word' id='word_1_239' title='bbox 1652 486 1709 512; x_wconf 88' lang='lat' dir='ltr'><strong>sola</strong></span> <span class='ocrx_word' id='word_1_240' title='bbox 1721 494 1766 514; x_wconf 80' lang='lat' dir='ltr'><strong>re-</strong></span> 
     </span>
    </p>
   </div>
   <div class='ocr_carea' id='block_1_39' title="bbox 977 529 1765 565">
    <p class='ocr_par' dir='ltr' id='par_1_39' title="bbox 977 529 1765 565">
     <span class='ocr_line' id='line_1_39' title="bbox 977 529 1765 565; baseline 0.003 -9"><span class='ocrx_word' id='word_1_241' title='bbox 977 529 1111 556; x_wconf 88' lang='lat' dir='ltr'><strong>cordatio.</strong></span> <span class='ocrx_word' id='word_1_242' title='bbox 1143 530 1196 556; x_wconf 85' lang='lat' dir='ltr'><strong>Pro</strong></span> <span class='ocrx_word' id='word_1_243' title='bbox 1213 531 1220 539; x_wconf 90' lang='lat'>&#39;</span> <span class='ocrx_word' id='word_1_244' title='bbox 1243 534 1343 557; x_wconf 85' lang='lat' dir='ltr'><strong>natura</strong></span> <span class='ocrx_word' id='word_1_245' title='bbox 1356 530 1457 564; x_wconf 85' lang='lat' dir='ltr'><strong>quippe</strong></span> <span class='ocrx_word' id='word_1_246' title='bbox 1469 530 1588 557; x_wconf 87' lang='lat' dir='ltr'><strong>humana</strong></span> <span class='ocrx_word' id='word_1_247' title='bbox 1603 530 1632 557; x_wconf 88' lang='lat' dir='ltr'><strong>hi</strong></span> <span class='ocrx_word' id='word_1_248' title='bbox 1645 531 1765 565; x_wconf 85' lang='lat' dir='ltr'><strong>suscepti</strong></span> 
     </span>
    </p>
   </div>
   <div class='ocr_carea' id='block_1_40' title="bbox 977 575 1764 607">
    <p class='ocr_par' dir='ltr' id='par_1_40' title="bbox 977 575 1764 607">
     <span class='ocr_line' id='line_1_40' title="bbox 977 575 1764 607; baseline 0.001 -5"><span class='ocrx_word' id='word_1_249' title='bbox 977 579 1050 603; x_wconf 90' lang='lat' dir='ltr'><strong>sunt.</strong></span> <span class='ocrx_word' id='word_1_250' title='bbox 1073 575 1187 602; x_wconf 80' lang='lat' dir='ltr'><strong>Mortem</strong></span> <span class='ocrx_word' id='word_1_251' title='bbox 1197 575 1270 602; x_wconf 92' lang='lat' dir='ltr'><strong>enim</strong></span> <span class='ocrx_word' id='word_1_252' title='bbox 1287 575 1420 602; x_wconf 87' lang='lat' dir='ltr'><strong>Dominus</strong></span> <span class='ocrx_word' id='word_1_253' title='bbox 1429 575 1575 607; x_wconf 82' lang='lat' dir='ltr'><strong>destruxit,</strong></span> <span class='ocrx_word' id='word_1_254' title='bbox 1587 583 1643 603; x_wconf 91' lang='lat' dir='ltr'><strong>non</strong></span> <span class='ocrx_word' id='word_1_255' title='bbox 1659 580 1689 602; x_wconf 90' lang='lat' dir='ltr'><strong>ut</strong></span> <span class='ocrx_word' id='word_1_256' title='bbox 1701 584 1764 603; x_wconf 86' lang='lat' dir='ltr'><strong>cor-</strong></span> 
     </span>
    </p>
   </div>
   <div class='ocr_carea' id='block_1_41' title="bbox 976 621 1764 657">
    <p class='ocr_par' dir='ltr' id='par_1_41' title="bbox 976 621 1764 657">
     <span class='ocr_line' id='line_1_41' title="bbox 976 621 1764 657; baseline 0.003 -9"><span class='ocrx_word' id='word_1_257' title='bbox 976 630 1028 657; x_wconf 88' lang='lat' dir='ltr'><strong>pus</strong></span> <span class='ocrx_word' id='word_1_258' title='bbox 1050 629 1134 648; x_wconf 91' lang='lat' dir='ltr'><strong>unum</strong></span> <span class='ocrx_word' id='word_1_259' title='bbox 1161 621 1195 648; x_wconf 93' lang='lat' dir='ltr'><strong>de</strong></span> <span class='ocrx_word' id='word_1_260' title='bbox 1214 625 1302 648; x_wconf 86' lang='lat' dir='ltr'><strong>morte</strong></span> <span class='ocrx_word' id='word_1_261' title='bbox 1318 621 1501 656; x_wconf 88' lang='lat' dir='ltr'><strong>triumphasse</strong></span> <span class='ocrx_word' id='word_1_262' title='bbox 1514 622 1687 654; x_wconf 83' lang='lat' dir='ltr'><strong>ostenderet,</strong></span> <span class='ocrx_word' id='word_1_263' title='bbox 1717 623 1764 650; x_wconf 84' lang='lat' dir='ltr'><strong>sed</strong></span> 
     </span>
    </p>
   </div>
   <div class='ocr_carea' id='block_1_42' title="bbox 977 667 1763 702">
    <p class='ocr_par' dir='ltr' id='par_1_42' title="bbox 977 667 1763 702">
     <span class='ocr_line' id='line_1_42' title="bbox 977 667 1763 702; baseline 0 -8"><span class='ocrx_word' id='word_1_264' title='bbox 977 672 1006 694; x_wconf 89' lang='lat' dir='ltr'><strong>ut</strong></span> <span class='ocrx_word' id='word_1_265' title='bbox 1021 674 1195 694; x_wconf 88' lang='lat' dir='ltr'><strong>communem</strong></span> <span class='ocrx_word' id='word_1_266' title='bbox 1213 674 1263 701; x_wconf 87' lang='lat' dir='ltr'><strong>per</strong></span> <span class='ocrx_word' id='word_1_267' title='bbox 1276 667 1344 694; x_wconf 91' lang='lat' dir='ltr'><strong>illud</strong></span> <span class='ocrx_word' id='word_1_268' title='bbox 1366 668 1598 694; x_wconf 82' lang='lat' dir='ltr'><strong>resurrectionem</strong></span> <span class='ocrx_word' id='word_1_269' title='bbox 1611 671 1763 702; x_wconf 76' lang='lat' dir='ltr'><strong>praestaret,</strong></span> 
     </span>
    </p>
   </div>
   <div class='ocr_carea' id='block_1_43' title="bbox 974 710 1763 747">
    <p class='ocr_par' dir='ltr' id='par_1_43' title="bbox 974 710 1763 747">
     <span class='ocr_line' id='line_1_43' title="bbox 974 710 1763 747; baseline -0.003 -8"><span class='ocrx_word' id='word_1_270' title='bbox 974 718 1056 747; x_wconf 85' lang='lat' dir='ltr'><strong>atque</strong></span> <span class='ocrx_word' id='word_1_271' title='bbox 1079 712 1150 739; x_wconf 85' lang='lat' dir='ltr'><strong>banc</strong></span> <span class='ocrx_word' id='word_1_272' title='bbox 1172 711 1252 738; x_wconf 86' lang='lat' dir='ltr'><strong>nobis</strong></span> <span class='ocrx_word' id='word_1_273' title='bbox 1266 719 1342 746; x_wconf 88' lang='lat' dir='ltr'><strong>spem</strong></span> <span class='ocrx_word' id='word_1_274' title='bbox 1359 711 1463 737; x_wconf 81' lang='lat' dir='ltr'><strong>firmam</strong></span> <span class='ocrx_word' id='word_1_275' title='bbox 1478 711 1623 745; x_wconf 64' lang='lat' dir='ltr'><strong>preberct.</strong></span> <span class='ocrx_word' id='word_1_276' title='bbox 1639 710 1717 744; x_wconf 86' lang='lat' dir='ltr'><strong>Quod</strong></span> <span class='ocrx_word' id='word_1_277' title='bbox 1728 711 1763 743; x_wconf 89' lang='lat' dir='ltr'><strong>si,</strong></span> 
     </span>
    </p>
   </div>
   <div class='ocr_carea' id='block_1_44' title="bbox 974 756 1763 784">
    <p class='ocr_par' dir='ltr' id='par_1_44' title="bbox 974 756 1763 784">
     <span class='ocr_line' id='line_1_44' title="bbox 974 756 1763 784; baseline -0.001 0"><span class='ocrx_word' id='word_1_278' title='bbox 974 765 1037 784; x_wconf 90' lang='lat' dir='ltr'><strong>cum</strong></span> <span class='ocrx_word' id='word_1_279' title='bbox 1054 757 1154 784; x_wconf 71' lang='lat' dir='ltr'><strong>divina:</strong></span> <span class='ocrx_word' id='word_1_280' title='bbox 1167 756 1330 784; x_wconf 79' lang='lat' dir='ltr'><strong>festivitates</strong></span> <span class='ocrx_word' id='word_1_281' title='bbox 1347 756 1534 783; x_wconf 90' lang='lat' dir='ltr'><strong>omnimodam</strong></span> <span class='ocrx_word' id='word_1_282' title='bbox 1546 756 1763 784; x_wconf 86' lang='lat' dir='ltr'><strong>consolationem</strong></span> 
     </span>
    </p>
   </div>
   <div class='ocr_carea' id='block_1_45' title="bbox 974 802 1761 836">
    <p class='ocr_par' dir='ltr' id='par_1_45' title="bbox 974 802 1761 836">
     <span class='ocr_line' id='line_1_45' title="bbox 974 802 1761 836; baseline -0.003 -6"><span class='ocrx_word' id='word_1_283' title='bbox 974 803 1074 830; x_wconf 66' lang='lat' dir='ltr'><strong>afferre</strong></span> <span class='ocrx_word' id='word_1_284' title='bbox 1097 803 1221 834; x_wconf 85' lang='lat' dir='ltr'><strong>soleant,</strong></span> <span class='ocrx_word' id='word_1_285' title='bbox 1250 802 1369 829; x_wconf 66' lang='lat' dir='ltr'><strong>tristitia:</strong></span> <span class='ocrx_word' id='word_1_286' title='bbox 1393 802 1516 829; x_wconf 90' lang='lat' dir='ltr'><strong>dolorem</strong></span> <span class='ocrx_word' id='word_1_287' title='bbox 1541 810 1595 828; x_wconf 93' lang='lat' dir='ltr'><strong>non</strong></span> <span class='ocrx_word' id='word_1_288' title='bbox 1611 809 1761 836; x_wconf 81' lang='lat' dir='ltr'><strong>expugnas,</strong></span> 
     </span>
    </p>
   </div>
   <div class='ocr_carea' id='block_1_46' title="bbox 974 847 1763 883">
    <p class='ocr_par' dir='ltr' id='par_1_46' title="bbox 974 847 1763 883">
     <span class='ocr_line' id='line_1_46' title="bbox 974 847 1763 883; baseline -0.001 -7"><span class='ocrx_word' id='word_1_289' title='bbox 974 849 1076 876; x_wconf 87' lang='lat' dir='ltr'><strong>suadeo</strong></span> <span class='ocrx_word' id='word_1_290' title='bbox 1090 848 1217 883; x_wconf 77' lang='lat' dir='ltr'><strong>gravitati</strong></span> <span class='ocrx_word' id='word_1_291' title='bbox 1227 852 1290 880; x_wconf 67' lang='lat' dir='ltr'><strong>tute,</strong></span> <span class='ocrx_word' id='word_1_292' title='bbox 1305 852 1335 875; x_wconf 92' lang='lat' dir='ltr'><strong>ut</strong></span> <span class='ocrx_word' id='word_1_293' title='bbox 1343 855 1376 875; x_wconf 87' lang='lat' dir='ltr'><strong>ea</strong></span> <span class='ocrx_word' id='word_1_294' title='bbox 1386 848 1491 883; x_wconf 82' lang='lat' dir='ltr'><strong>relegas</strong></span> <span class='ocrx_word' id='word_1_295' title='bbox 1504 848 1609 883; x_wconf 79' lang='lat'><strong>1067</strong></span> <span class='ocrx_word' id='word_1_296' title='bbox 1620 855 1680 882; x_wconf 72' lang='lat' dir='ltr'><strong>qua:</strong></span> <span class='ocrx_word' id='word_1_297' title='bbox 1690 847 1763 875; x_wconf 88' lang='lat' dir='ltr'><strong>dotis</strong></span> 
     </span>
    </p>
   </div>
   <div class='ocr_carea' id='block_1_47' title="bbox 974 893 1763 927">
    <p class='ocr_par' dir='ltr' id='par_1_47' title="bbox 974 893 1763 927">
     <span class='ocr_line' id='line_1_47' title="bbox 974 893 1763 927; baseline -0.001 -7"><span class='ocrx_word' id='word_1_298' title='bbox 974 895 1145 921; x_wconf 90' lang='lat' dir='ltr'><strong>incremento</strong></span> <span class='ocrx_word' id='word_1_299' title='bbox 1172 893 1200 920; x_wconf 91' lang='lat' dir='ltr'><strong>in</strong></span> <span class='ocrx_word' id='word_1_300' title='bbox 1224 893 1362 921; x_wconf 82' lang='lat' dir='ltr'><strong>dotalibus</strong></span> <span class='ocrx_word' id='word_1_301' title='bbox 1386 893 1488 920; x_wconf 86' lang='lat' dir='ltr'><strong>tabulis</strong></span> <span class='ocrx_word' id='word_1_302' title='bbox 1513 893 1708 927; x_wconf 85' lang='lat' dir='ltr'><strong>subjiciuntur,</strong></span> <span class='ocrx_word' id='word_1_303' title='bbox 1735 897 1763 920; x_wconf 86' lang='lat' dir='ltr'><strong>et</strong></span> 
     </span>
    </p>
   </div>
   <div class='ocr_carea' id='block_1_48' title="bbox 972 939 1761 975">
    <p class='ocr_par' dir='ltr' id='par_1_48' title="bbox 972 939 1761 975">
     <span class='ocr_line' id='line_1_48' title="bbox 972 939 1761 975; baseline -0.001 -8"><span class='ocrx_word' id='word_1_304' title='bbox 972 944 1067 975; x_wconf 90' lang='lat' dir='ltr'><strong>aperte</strong></span> <span class='ocrx_word' id='word_1_305' title='bbox 1088 947 1237 974; x_wconf 81' lang='lat' dir='ltr'><strong>cognoscas</strong></span> <span class='ocrx_word' id='word_1_306' title='bbox 1261 939 1358 966; x_wconf 87' lang='lat' dir='ltr'><strong>mortis</strong></span> <span class='ocrx_word' id='word_1_307' title='bbox 1378 939 1539 966; x_wconf 87' lang='lat' dir='ltr'><strong>memoriam</strong></span> <span class='ocrx_word' id='word_1_308' title='bbox 1566 939 1676 973; x_wconf 85' lang='lat' dir='ltr'><strong>nuptias</strong></span> <span class='ocrx_word' id='word_1_309' title='bbox 1690 947 1761 973; x_wconf 61' lang='lat' dir='ltr'><strong>prm-</strong></span> 
     </span>
    </p>
   </div>
   <div class='ocr_carea' id='block_1_49' title="bbox 972 983 1759 1013">
    <p class='ocr_par' dir='ltr' id='par_1_49' title="bbox 972 983 1759 1013">
     <span class='ocr_line' id='line_1_49' title="bbox 972 983 1759 1013; baseline -0.004 0"><span class='ocrx_word' id='word_1_310' title='bbox 972 986 1097 1013; x_wconf 84' lang='lat' dir='ltr'><strong>cessisse.</strong></span> <span class='ocrx_word' id='word_1_311' title='bbox 1115 985 1194 1012; x_wconf 84' lang='lat' dir='ltr'><strong>Morti</strong></span> <span class='ocrx_word' id='word_1_312' title='bbox 1209 985 1283 1012; x_wconf 88' lang='lat' dir='ltr'><strong>enim</strong></span> <span class='ocrx_word' id='word_1_313' title='bbox 1300 985 1446 1012; x_wconf 81' lang='lat' dir='ltr'><strong>obnoxiam</strong></span> <span class='ocrx_word' id='word_1_314' title='bbox 1459 992 1521 1012; x_wconf 86' lang='lat' dir='ltr'><strong>esse</strong></span> <span class='ocrx_word' id='word_1_315' title='bbox 1535 988 1662 1011; x_wconf 89' lang='lat' dir='ltr'><strong>naturam</strong></span> <span class='ocrx_word' id='word_1_316' title='bbox 1677 983 1759 1011; x_wconf 88' lang='lat' dir='ltr'><strong>intel—</strong></span> 
     </span>
    </p>
   </div>
   <div class='ocr_carea' id='block_1_50' title="bbox 971 1030 1761 1067">
    <p class='ocr_par' dir='ltr' id='par_1_50' title="bbox 971 1030 1761 1067">
     <span class='ocr_line' id='line_1_50' title="bbox 971 1030 1761 1067; baseline -0.004 -8"><span class='ocrx_word' id='word_1_317' title='bbox 971 1032 1086 1067; x_wconf 79' lang='lat' dir='ltr'><strong>ligentes</strong></span> <span class='ocrx_word' id='word_1_318' title='bbox 1112 1036 1140 1059; x_wconf 87' lang='lat' dir='ltr'><strong>et</strong></span> <span class='ocrx_word' id='word_1_319' title='bbox 1163 1032 1256 1059; x_wconf 87' lang='lat' dir='ltr'><strong>adhuc</strong></span> <span class='ocrx_word' id='word_1_320' title='bbox 1286 1031 1438 1058; x_wconf 89' lang='lat' dir='ltr'><strong>viventium</strong></span> <span class='ocrx_word' id='word_1_321' title='bbox 1466 1030 1526 1065; x_wconf 85' lang='lat' dir='ltr'><strong>paci</strong></span> <span class='ocrx_word' id='word_1_322' title='bbox 1551 1030 1761 1064; x_wconf 82' lang='lat' dir='ltr'><strong>prospicientes,</strong></span> 
     </span>
    </p>
   </div>
   <div class='ocr_carea' id='block_1_51' title="bbox 971 1075 1761 1112">
    <p class='ocr_par' dir='ltr' id='par_1_51' title="bbox 971 1075 1761 1112">
     <span class='ocr_line' id='line_1_51' title="bbox 971 1075 1761 1112; baseline -0.005 -7"><span class='ocrx_word' id='word_1_323' title='bbox 971 1078 1144 1105; x_wconf 87' lang='lat' dir='ltr'><strong>conditiones</strong></span> <span class='ocrx_word' id='word_1_324' title='bbox 1155 1085 1223 1112; x_wconf 86' lang='lat' dir='ltr'><strong>quas</strong></span> <span class='ocrx_word' id='word_1_325' title='bbox 1234 1081 1333 1104; x_wconf 91' lang='lat' dir='ltr'><strong>vocant</strong></span> <span class='ocrx_word' id='word_1_326' title='bbox 1346 1077 1491 1111; x_wconf 90' lang='lat' dir='ltr'><strong>imponunt</strong></span> <span class='ocrx_word' id='word_1_327' title='bbox 1500 1096 1508 1108; x_wconf 84' lang='lat'><strong>,</strong></span> <span class='ocrx_word' id='word_1_328' title='bbox 1532 1080 1561 1103; x_wconf 87' lang='lat' dir='ltr'><strong>et</strong></span> <span class='ocrx_word' id='word_1_329' title='bbox 1572 1079 1635 1103; x_wconf 89' lang='lat' dir='ltr'><strong>ante</strong></span> <span class='ocrx_word' id='word_1_330' title='bbox 1650 1075 1761 1110; x_wconf 88' lang='lat' dir='ltr'><strong>nuptia-</strong></span> 
     </span>
    </p>
   </div>
   <div class='ocr_carea' id='block_1_52' title="bbox 970 1121 1761 1158">
    <p class='ocr_par' dir='ltr' id='par_1_52' title="bbox 970 1121 1761 1158">
     <span class='ocr_line' id='line_1_52' title="bbox 970 1121 1761 1158; baseline -0.004 -8"><span class='ocrx_word' id='word_1_331' title='bbox 970 1124 1024 1150; x_wconf 89' lang='lat' dir='ltr'><strong>lem</strong></span> <span class='ocrx_word' id='word_1_332' title='bbox 1048 1124 1173 1158; x_wconf 86' lang='lat' dir='ltr'><strong>copulam</strong></span> <span class='ocrx_word' id='word_1_333' title='bbox 1199 1124 1297 1151; x_wconf 88' lang='lat' dir='ltr'><strong>mortis</strong></span> <span class='ocrx_word' id='word_1_334' title='bbox 1311 1123 1471 1150; x_wconf 88' lang='lat' dir='ltr'><strong>meminisse</strong></span> <span class='ocrx_word' id='word_1_335' title='bbox 1488 1130 1543 1149; x_wconf 92' lang='lat' dir='ltr'><strong>non</strong></span> <span class='ocrx_word' id='word_1_336' title='bbox 1559 1122 1694 1152; x_wconf 86' lang='lat' dir='ltr'><strong>abnuunt,</strong></span> <span class='ocrx_word' id='word_1_337' title='bbox 1712 1121 1761 1148; x_wconf 85' lang='lat' dir='ltr'><strong>sed</strong></span> 
     </span>
    </p>
   </div>
   <div class='ocr_carea' id='block_1_53' title="bbox 970 1166 1760 1204">
    <p class='ocr_par' dir='ltr' id='par_1_53' title="bbox 970 1166 1760 1204">
     <span class='ocr_line' id='line_1_53' title="bbox 970 1166 1760 1204; baseline -0.005 -7"><span class='ocrx_word' id='word_1_338' title='bbox 970 1170 1073 1197; x_wconf 84' lang='lat' dir='ltr'><strong>diserte</strong></span> <span class='ocrx_word' id='word_1_339' title='bbox 1094 1170 1273 1204; x_wconf 89' lang='lat' dir='ltr'><strong>pronuntiant</strong></span> <span class='ocrx_word' id='word_1_340' title='bbox 1291 1179 1298 1197; x_wconf 89' lang='lat'><strong>:</strong></span> <span class='ocrx_word' id='word_1_341' title='bbox 1317 1169 1346 1197; x_wconf 91' lang='lat' dir='ltr'><strong>Si</strong></span> <span class='ocrx_word' id='word_1_342' title='bbox 1368 1169 1411 1196; x_wconf 84' lang='lat' dir='ltr'><strong>vir</strong></span> <span class='ocrx_word' id='word_1_343' title='bbox 1431 1173 1495 1196; x_wconf 84' lang='lat' dir='ltr'><strong>ante</strong></span> <span class='ocrx_word' id='word_1_344' title='bbox 1520 1172 1646 1195; x_wconf 86' lang='lat' dir='ltr'><strong>mortuus</strong></span> <span class='ocrx_word' id='word_1_345' title='bbox 1666 1166 1760 1197; x_wconf 83' lang='lat' dir='ltr'><strong>fuerit.</strong></span> 
     </span>
    </p>
   </div>
   <div class='ocr_carea' id='block_1_54' title="bbox 971 1212 1760 1248">
    <p class='ocr_par' dir='ltr' id='par_1_54' title="bbox 971 1212 1760 1248">
     <span class='ocr_line' id='line_1_54' title="bbox 971 1212 1760 1248; baseline -0.005 -6"><span class='ocrx_word' id='word_1_346' title='bbox 971 1215 1024 1242; x_wconf 89' lang='lat' dir='ltr'><strong>hoc</strong></span> <span class='ocrx_word' id='word_1_347' title='bbox 1046 1215 1106 1242; x_wconf 82' lang='lat' dir='ltr'><strong>tieri</strong></span> <span class='ocrx_word' id='word_1_348' title='bbox 1128 1219 1295 1242; x_wconf 89' lang='lat' dir='ltr'><strong>conventum</strong></span> <span class='ocrx_word' id='word_1_349' title='bbox 1307 1219 1350 1242; x_wconf 88' lang='lat' dir='ltr'><strong>est</strong></span> <span class='ocrx_word' id='word_1_350' title='bbox 1365 1223 1371 1241; x_wconf 73' lang='grc' dir='ltr'><strong>ι</strong></span> <span class='ocrx_word' id='word_1_351' title='bbox 1385 1214 1428 1242; x_wconf 88' lang='lat' dir='ltr'><strong>sin</strong></span> <span class='ocrx_word' id='word_1_352' title='bbox 1445 1214 1524 1241; x_wconf 79' lang='lat' dir='ltr'><strong>uxori</strong></span> <span class='ocrx_word' id='word_1_353' title='bbox 1539 1213 1616 1248; x_wconf 87' lang='lat' dir='ltr'><strong>prius</strong></span> <span class='ocrx_word' id='word_1_354' title='bbox 1631 1212 1658 1239; x_wconf 86' lang='lat' dir='ltr'><strong>id</strong></span> <span class='ocrx_word' id='word_1_355' title='bbox 1670 1213 1760 1239; x_wconf 89' lang='lat' dir='ltr'><strong>conti-</strong></span> 
     </span>
    </p>
   </div>
   <div class='ocr_carea' id='block_1_55' title="bbox 970 1257 1759 1294">
    <p class='ocr_par' dir='ltr' id='par_1_55' title="bbox 970 1257 1759 1294">
     <span class='ocr_line' id='line_1_55' title="bbox 970 1257 1759 1294; baseline -0.001 -8"><span class='ocrx_word' id='word_1_356' title='bbox 970 1260 1056 1294; x_wconf 88' lang='lat' dir='ltr'><strong>gerit,</strong></span> <span class='ocrx_word' id='word_1_357' title='bbox 1073 1260 1126 1286; x_wconf 88' lang='lat' dir='ltr'><strong>hoc</strong></span> <span class='ocrx_word' id='word_1_358' title='bbox 1140 1259 1176 1286; x_wconf 92' lang='lat' dir='ltr'><strong>ita</strong></span> <span class='ocrx_word' id='word_1_359' title='bbox 1192 1259 1368 1294; x_wconf 84' lang='lat' dir='ltr'><strong>complacuit.</strong></span> <span class='ocrx_word' id='word_1_360' title='bbox 1387 1258 1458 1292; x_wconf 86' lang='lat' dir='ltr'><strong>Quid</strong></span> <span class='ocrx_word' id='word_1_361' title='bbox 1472 1266 1538 1293; x_wconf 86' lang='lat' dir='ltr'><strong>ergo</strong></span> <span class='ocrx_word' id='word_1_362' title='bbox 1549 1266 1620 1292; x_wconf 71' lang='lat' dir='ltr'><strong>aegre</strong></span> <span class='ocrx_word' id='word_1_363' title='bbox 1634 1257 1759 1290; x_wconf 86' lang='lat' dir='ltr'><strong>ferimus,</strong></span> 
     </span>
    </p>
   </div>
   <div class='ocr_carea' id='block_1_56' title="bbox 969 1303 1759 1341">
    <p class='ocr_par' dir='ltr' id='par_1_56' title="bbox 969 1303 1759 1341">
     <span class='ocr_line' id='line_1_56' title="bbox 969 1303 1759 1341; baseline -0.005 -8"><span class='ocrx_word' id='word_1_364' title='bbox 969 1306 1015 1341; x_wconf 87' lang='lat' dir='ltr'><strong>qui</strong></span> <span class='ocrx_word' id='word_1_365' title='bbox 1032 1306 1091 1333; x_wconf 71' lang='lat' dir='ltr'><strong>haec</strong></span> <span class='ocrx_word' id='word_1_366' title='bbox 1107 1306 1169 1332; x_wconf 81' lang='lat' dir='ltr'><strong>ante</strong></span> <span class='ocrx_word' id='word_1_367' title='bbox 1183 1306 1292 1340; x_wconf 85' lang='lat' dir='ltr'><strong>nuptias</strong></span> <span class='ocrx_word' id='word_1_368' title='bbox 1303 1305 1466 1336; x_wconf 84' lang='lat' dir='ltr'><strong>didicimus,</strong></span> <span class='ocrx_word' id='word_1_369' title='bbox 1482 1308 1564 1338; x_wconf 89' lang='lat' dir='ltr'><strong>atque</strong></span> <span class='ocrx_word' id='word_1_370' title='bbox 1577 1303 1635 1330; x_wconf 63' lang='lat' dir='ltr'><strong>hac</strong></span> <span class='ocrx_word' id='word_1_371' title='bbox 1649 1303 1677 1330; x_wconf 90' lang='lat' dir='ltr'><strong>in</strong></span> <span class='ocrx_word' id='word_1_372' title='bbox 1690 1303 1759 1335; x_wconf 86' lang='lat' dir='ltr'><strong>dies,</strong></span> 
     </span>
    </p>
   </div>
   <div class='ocr_carea' id='block_1_57' title="bbox 970 1350 1761 1385">
    <p class='ocr_par' dir='ltr' id='par_1_57' title="bbox 970 1350 1761 1385">
     <span class='ocr_line' id='line_1_57' title="bbox 970 1350 1761 1385; baseline -0.004 -6"><span class='ocrx_word' id='word_1_373' title='bbox 970 1357 1000 1380; x_wconf 93' lang='lat' dir='ltr'><strong>ut</strong></span> <span class='ocrx_word' id='word_1_374' title='bbox 1023 1352 1108 1379; x_wconf 86' lang='lat' dir='ltr'><strong>verbo</strong></span> <span class='ocrx_word' id='word_1_375' title='bbox 1130 1351 1238 1383; x_wconf 88' lang='lat' dir='ltr'><strong>dicam,</strong></span> <span class='ocrx_word' id='word_1_376' title='bbox 1265 1351 1388 1385; x_wconf 79' lang='lat' dir='ltr'><strong>singulos</strong></span> <span class='ocrx_word' id='word_1_377' title='bbox 1408 1350 1615 1385; x_wconf 80' lang='lat' dir='ltr'><strong>exspectamus?</strong></span> <span class='ocrx_word' id='word_1_378' title='bbox 1644 1350 1761 1377; x_wconf 87' lang='lat' dir='ltr'><strong>Prorsus</strong></span> 
     </span>
    </p>
   </div>
   <div class='ocr_carea' id='block_1_58' title="bbox 968 1394 1760 1432">
    <p class='ocr_par' dir='ltr' id='par_1_58' title="bbox 968 1394 1760 1432">
     <span class='ocr_line' id='line_1_58' title="bbox 968 1394 1760 1432; baseline -0.006 -6"><span class='ocrx_word' id='word_1_379' title='bbox 968 1399 1042 1426; x_wconf 86' lang='lat' dir='ltr'><strong>enim</strong></span> <span class='ocrx_word' id='word_1_380' title='bbox 1059 1406 1171 1425; x_wconf 84' lang='lat' dir='ltr'><strong>necesse</strong></span> <span class='ocrx_word' id='word_1_381' title='bbox 1184 1401 1227 1424; x_wconf 87' lang='lat' dir='ltr'><strong>est</strong></span> <span class='ocrx_word' id='word_1_382' title='bbox 1240 1397 1352 1424; x_wconf 87' lang='lat' dir='ltr'><strong>dissolvi</strong></span> <span class='ocrx_word' id='word_1_383' title='bbox 1367 1396 1536 1432; x_wconf 81' lang='lat' dir='ltr'><strong>conjugium,</strong></span> <span class='ocrx_word' id='word_1_384' title='bbox 1552 1401 1600 1422; x_wconf 85' lang='lat' dir='ltr'><strong>aut</strong></span> <span class='ocrx_word' id='word_1_385' title='bbox 1611 1395 1671 1422; x_wconf 89' lang='lat' dir='ltr'><strong>viro</strong></span> <span class='ocrx_word' id='word_1_386' title='bbox 1684 1394 1760 1429; x_wconf 89' lang='lat' dir='ltr'><strong>prius</strong></span> 
     </span>
    </p>
   </div>
   <div class='ocr_carea' id='block_1_59' title="bbox 969 1441 1760 1478">
    <p class='ocr_par' dir='ltr' id='par_1_59' title="bbox 969 1441 1760 1478">
     <span class='ocr_line' id='line_1_59' title="bbox 969 1441 1760 1478; baseline -0.006 -6"><span class='ocrx_word' id='word_1_387' title='bbox 969 1445 1098 1476; x_wconf 82' lang='lat' dir='ltr'><strong>obeunte,</strong></span> <span class='ocrx_word' id='word_1_388' title='bbox 1116 1448 1163 1470; x_wconf 87' lang='lat' dir='ltr'><strong>aut</strong></span> <span class='ocrx_word' id='word_1_389' title='bbox 1179 1451 1263 1470; x_wconf 79' lang='lat' dir='ltr'><strong>uxore</strong></span> <span class='ocrx_word' id='word_1_390' title='bbox 1275 1446 1425 1478; x_wconf 65' lang='lat' dir='ltr'><strong>praeeunte.</strong></span> <span class='ocrx_word' id='word_1_391' title='bbox 1444 1442 1494 1469; x_wconf 81' lang='lat' dir='ltr'><strong>Hic</strong></span> <span class='ocrx_word' id='word_1_392' title='bbox 1513 1441 1587 1468; x_wconf 86' lang='lat' dir='ltr'><strong>enim</strong></span> <span class='ocrx_word' id='word_1_393' title='bbox 1600 1448 1699 1468; x_wconf 87' lang='lat' dir='ltr'><strong>cursus</strong></span> <span class='ocrx_word' id='word_1_394' title='bbox 1717 1443 1760 1468; x_wconf 89' lang='lat' dir='ltr'><strong>est</strong></span> 
     </span>
    </p>
   </div>
   <div class='ocr_carea' id='block_1_60' title="bbox 968 1485 1759 1524">
    <p class='ocr_par' dir='ltr' id='par_1_60' title="bbox 968 1485 1759 1524">
     <span class='ocr_line' id='line_1_60' title="bbox 968 1485 1759 1524; baseline -0.006 -7"><span class='ocrx_word' id='word_1_395' title='bbox 968 1490 1040 1518; x_wconf 70' lang='lat' dir='ltr'><strong>vitae.</strong></span> <span class='ocrx_word' id='word_1_396' title='bbox 1056 1490 1091 1517; x_wconf 88' lang='lat' dir='ltr'><strong>Et</strong></span> <span class='ocrx_word' id='word_1_397' title='bbox 1103 1489 1197 1516; x_wconf 88' lang='lat' dir='ltr'><strong>divina</strong></span> <span class='ocrx_word' id='word_1_398' title='bbox 1209 1488 1293 1524; x_wconf 81' lang='lat' dir='ltr'><strong>igitur</strong></span> <span class='ocrx_word' id='word_1_399' title='bbox 1308 1492 1336 1516; x_wconf 88' lang='lat' dir='ltr'><strong>et</strong></span> <span class='ocrx_word' id='word_1_400' title='bbox 1351 1488 1470 1515; x_wconf 86' lang='lat' dir='ltr'><strong>humana</strong></span> <span class='ocrx_word' id='word_1_401' title='bbox 1483 1487 1586 1514; x_wconf 82' lang='lat' dir='ltr'><strong>callens</strong></span> <span class='ocrx_word' id='word_1_402' title='bbox 1602 1485 1759 1521; x_wconf 64' lang='lat' dir='ltr'><strong>praestantia</strong></span> 
     </span>
    </p>
   </div>
   <div class='ocr_carea' id='block_1_61' title="bbox 129 1531 919 1568">
    <p class='ocr_par' dir='ltr' id='par_1_61' title="bbox 129 1531 917 1568">
     <span class='ocr_line' id='line_1_61' title="bbox 129 1531 917 1568; baseline 0.009 -11"><span class='ocrx_word' id='word_1_403' title='bbox 129 1531 186 1566; x_wconf 80' lang='grc' dir='ltr'>ἔχει</span> <span class='ocrx_word' id='word_1_404' title='bbox 201 1532 247 1559; x_wconf 81' lang='grc' dir='ltr'><strong>τὸν</strong></span> <span class='ocrx_word' id='word_1_405' title='bbox 260 1533 361 1568; x_wconf 83' lang='grc' dir='ltr'>δρόμον</span> <span class='ocrx_word' id='word_1_406' title='bbox 380 1535 394 1560; x_wconf 88' lang='grc' dir='ltr'>ὁ</span> <span class='ocrx_word' id='word_1_407' title='bbox 416 1534 482 1568; x_wconf 82' lang='grc' dir='ltr'>βίος.</span> <span class='ocrx_word' id='word_1_408' title='bbox 502 1535 556 1561; x_wconf 77' lang='grc' dir='ltr'><strong>Καὶ</strong></span> <span class='ocrx_word' id='word_1_409' title='bbox 573 1535 606 1562; x_wconf 76' lang='grc' dir='ltr'>τὰ</span> <span class='ocrx_word' id='word_1_410' title='bbox 628 1535 687 1562; x_wconf 82' lang='grc' dir='ltr'>θεῖα</span> <span class='ocrx_word' id='word_1_411' title='bbox 707 1535 808 1567; x_wconf 86' lang='grc' dir='ltr'>τοίνυν,</span> <span class='ocrx_word' id='word_1_412' title='bbox 823 1536 871 1563; x_wconf 78' lang='grc' dir='ltr'><strong>καὶ</strong></span> <span class='ocrx_word' id='word_1_413' title='bbox 883 1537 917 1564; x_wconf 85' lang='grc' dir='ltr'>τὰ</span> 
     </span>
    </p>
   </div>
   <div class='ocr_carea' id='block_1_62' title="bbox 973 1531 1758 1568">
    <p class='ocr_par' dir='ltr' id='par_1_62' title="bbox 973 1532 1758 1567">
     <span class='ocr_line' id='line_1_62' title="bbox 973 1532 1758 1567; baseline -0.006 -5"><span class='ocrx_word' id='word_1_414' title='bbox 973 1540 1016 1562; x_wconf 81' lang='lat' dir='ltr'><strong>tua</strong></span> <span class='ocrx_word' id='word_1_415' title='bbox 1036 1535 1175 1563; x_wconf 86' lang='lat' dir='ltr'><strong>tristitiam</strong></span> <span class='ocrx_word' id='word_1_416' title='bbox 1186 1534 1317 1566; x_wconf 83' lang='lat' dir='ltr'><strong>excutiat,</strong></span> <span class='ocrx_word' id='word_1_417' title='bbox 1338 1537 1366 1561; x_wconf 87' lang='lat' dir='ltr'><strong>et</strong></span> <span class='ocrx_word' id='word_1_418' title='bbox 1377 1540 1550 1561; x_wconf 89' lang='lat' dir='ltr'><strong>communem</strong></span> <span class='ocrx_word' id='word_1_419' title='bbox 1562 1532 1671 1567; x_wconf 92' lang='lat' dir='ltr'><strong>piorum</strong></span> <span class='ocrx_word' id='word_1_420' title='bbox 1682 1538 1758 1565; x_wconf 85' lang='lat' dir='ltr'><strong>spem</strong></span> 
     </span>
    </p>
   </div>
   <div class='ocr_carea' id='block_1_63' title="bbox 128 1577 919 1617">
    <p class='ocr_par' dir='ltr' id='par_1_63' title="bbox 128 1577 916 1617">
     <span class='ocr_line' id='line_1_63' title="bbox 128 1577 916 1617; baseline 0.005 -12"><span class='ocrx_word' id='word_1_421' title='bbox 128 1577 288 1614; x_wconf 83' lang='grc' dir='ltr'>ἀνθρώπινα</span> <span class='ocrx_word' id='word_1_422' title='bbox 305 1579 398 1614; x_wconf 83' lang='grc' dir='ltr'>σαφῶς</span> <span class='ocrx_word' id='word_1_423' title='bbox 412 1580 498 1607; x_wconf 87' lang='grc' dir='ltr'>εἰδυῖά</span> <span class='ocrx_word' id='word_1_424' title='bbox 512 1589 559 1607; x_wconf 88' lang='grc' dir='ltr'><strong>σου</strong></span> <span class='ocrx_word' id='word_1_425' title='bbox 574 1582 591 1616; x_wconf 89' lang='grc' dir='ltr'><strong>ή</strong></span> <span class='ocrx_word' id='word_1_426' title='bbox 605 1580 802 1617; x_wconf 82' lang='grc' dir='ltr'>θαυμασιότης,</span> <span class='ocrx_word' id='word_1_427' title='bbox 819 1583 916 1609; x_wconf 83' lang='grc' dir='ltr'>σκεδα-</span> 
     </span>
    </p>
   </div>
   <div class='ocr_carea' id='block_1_64' title="bbox 973 1577 1149 1617">
    <p class='ocr_par' dir='ltr' id='par_1_64' title="bbox 973 1579 1149 1615">
     <span class='ocr_line' id='line_1_64' title="bbox 973 1579 1149 1615; baseline -0.011 -7"><span class='ocrx_word' id='word_1_428' title='bbox 973 1579 1149 1615; x_wconf 69' lang='grc' dir='ltr'>ριέοειυιειιιι.</span> 
     </span>
    </p>
   </div>
   <div class='ocr_carea' id='block_1_65' title="bbox 128 1623 917 1660">
    <p class='ocr_par' dir='ltr' id='par_1_65' title="bbox 128 1623 917 1660">
     <span class='ocr_line' id='line_1_65' title="bbox 128 1623 917 1660; baseline 0.005 -11"><span class='ocrx_word' id='word_1_429' title='bbox 128 1623 202 1650; x_wconf 84' lang='grc' dir='ltr'>σάτω</span> <span class='ocrx_word' id='word_1_430' title='bbox 213 1623 263 1659; x_wconf 81' lang='grc' dir='ltr'>τὴν</span> <span class='ocrx_word' id='word_1_431' title='bbox 279 1623 409 1659; x_wconf 79' lang='grc' dir='ltr'>ἀθυμίαν,</span> <span class='ocrx_word' id='word_1_432' title='bbox 424 1625 471 1652; x_wconf 75' lang='grc' dir='ltr'><strong>καὶ</strong></span> <span class='ocrx_word' id='word_1_433' title='bbox 489 1624 539 1660; x_wconf 83' lang='grc' dir='ltr'>τὴν</span> <span class='ocrx_word' id='word_1_434' title='bbox 552 1625 644 1660; x_wconf 85' lang='grc' dir='ltr'>κοινὴν</span> <span class='ocrx_word' id='word_1_435' title='bbox 657 1625 754 1653; x_wconf 77' lang='grc' dir='ltr'>ἐλπίδα</span> <span class='ocrx_word' id='word_1_436' title='bbox 767 1626 822 1652; x_wconf 86' lang='grc' dir='ltr'>τῶν</span> <span class='ocrx_word' id='word_1_437' title='bbox 838 1627 917 1653; x_wconf 78' lang='grc' dir='ltr'>εὐσε-</span> 
     </span>
    </p>
   </div>
   <div class='ocr_carea' id='block_1_66' title="bbox 130 1668 404 1705">
    <p class='ocr_par' dir='ltr' id='par_1_66' title="bbox 130 1668 404 1705">
     <span class='ocr_line' id='line_1_66' title="bbox 130 1668 404 1705; baseline 0.007 -10"><span class='ocrx_word' id='word_1_438' title='bbox 130 1668 188 1696; x_wconf 84' lang='grc' dir='ltr'><strong>6ὦν</strong></span> <span class='ocrx_word' id='word_1_439' title='bbox 203 1670 404 1705; x_wconf 77' lang='grc' dir='ltr'>προσμεινάτω.</span> 
     </span>
    </p>
   </div>
   <div class='ocr_carea' id='block_1_67' title="bbox 361 1727 680 1766">
    <p class='ocr_par' dir='ltr' id='par_1_67' title="bbox 361 1727 680 1766">
     <span class='ocr_line' id='line_1_67' title="bbox 361 1727 680 1766; baseline 0.013 -13"><span class='ocrx_word' id='word_1_440' title='bbox 361 1727 400 1754; x_wconf 88' lang='grc' dir='ltr'><strong>Θ¹.</strong></span> <span class='ocrx_word' id='word_1_441' title='bbox 414 1743 447 1747; x_wconf 92' lang='grc'><strong>-</strong></span> <span class='ocrx_word' id='word_1_442' title='bbox 466 1728 619 1764; x_wconf 84' lang='grc' dir='ltr'><strong>Ἀνωνύμῳ</strong></span> <span class='ocrx_word' id='word_1_443' title='bbox 631 1729 680 1766; x_wconf 83' lang='lat'><strong>(3).</strong></span> 
     </span>
    </p>
   </div>
   <div class='ocr_carea' id='block_1_68' title="bbox 169 1781 916 1822">
    <p class='ocr_par' dir='ltr' id='par_1_68' title="bbox 169 1781 916 1822">
     <span class='ocr_line' id='line_1_68' title="bbox 169 1781 916 1822; baseline 0.008 -14"><span class='ocrx_word' id='word_1_444' title='bbox 169 1781 201 1809; x_wconf 87' lang='grc' dir='ltr'><strong>Ἦ</strong></span> <span class='ocrx_word' id='word_1_445' title='bbox 215 1783 266 1818; x_wconf 81' lang='grc' dir='ltr'>μὲν</span> <span class='ocrx_word' id='word_1_446' title='bbox 286 1782 426 1811; x_wconf 81' lang='grc' dir='ltr'>θεοσέὄεια</span> <span class='ocrx_word' id='word_1_447' title='bbox 443 1785 520 1820; x_wconf 84' lang='grc' dir='ltr'>ὑμῶν</span> <span class='ocrx_word' id='word_1_448' title='bbox 542 1785 714 1821; x_wconf 82' lang='grc' dir='ltr'>δυσχεραίνει</span> <span class='ocrx_word' id='word_1_449' title='bbox 735 1787 780 1813; x_wconf 78' lang='grc' dir='ltr'>καὶ</span> <span class='ocrx_word' id='word_1_450' title='bbox 804 1787 916 1822; x_wconf 75' lang='grc' dir='ltr'>ἄχθεται</span> 
     </span>
    </p>
   </div>
   <div class='ocr_carea' id='block_1_69' title="bbox 126 1827 916 1868">
    <p class='ocr_par' dir='ltr' id='par_1_69' title="bbox 126 1827 916 1868">
     <span class='ocr_line' id='line_1_69' title="bbox 126 1827 916 1868; baseline 0.005 -13"><span class='ocrx_word' id='word_1_451' title='bbox 126 1827 171 1856; x_wconf 73' lang='grc' dir='ltr'>διὰ</span> <span class='ocrx_word' id='word_1_452' title='bbox 184 1829 233 1865; x_wconf 80' lang='grc' dir='ltr'>τὴν</span> <span class='ocrx_word' id='word_1_453' title='bbox 249 1829 348 1861; x_wconf 81' lang='grc' dir='ltr'>ἀδίκως</span> <span class='ocrx_word' id='word_1_454' title='bbox 366 1831 433 1865; x_wconf 78' lang='grc' dir='ltr'>ἡμῖν</span> <span class='ocrx_word' id='word_1_455' title='bbox 452 1831 498 1858; x_wconf 77' lang='grc' dir='ltr'><strong>καὶ</strong></span> <span class='ocrx_word' id='word_1_456' title='bbox 514 1831 575 1866; x_wconf 88' lang='grc' dir='ltr'>δίχα</span> <span class='ocrx_word' id='word_1_457' title='bbox 592 1833 708 1868; x_wconf 86' lang='grc' dir='ltr'>κρίσεως</span> <span class='ocrx_word' id='word_1_458' title='bbox 725 1833 916 1867; x_wconf 74' lang='grc' dir='ltr'>ἐπενεχθεῖσαν</span> 
     </span>
    </p>
   </div>
   <div class='ocr_carea' id='block_1_70' title="bbox 127 1873 916 1916">
    <p class='ocr_par' dir='ltr' id='par_1_70' title="bbox 127 1873 916 1916">
     <span class='ocr_line' id='line_1_70' title="bbox 127 1873 916 1916; baseline 0.008 -16"><span class='ocrx_word' id='word_1_459' title='bbox 127 1873 234 1909; x_wconf 66' lang='grc' dir='ltr'>ψῆφοψ</span> <span class='ocrx_word' id='word_1_460' title='bbox 251 1875 302 1910; x_wconf 80' lang='grc' dir='ltr'><strong>ὲμὲ</strong></span> <span class='ocrx_word' id='word_1_461' title='bbox 324 1875 352 1901; x_wconf 84' lang='grc' dir='ltr'><strong>δὲ</strong></span> <span class='ocrx_word' id='word_1_462' title='bbox 372 1875 438 1901; x_wconf 78' lang='grc' dir='ltr'>αὐτὸ</span> <span class='ocrx_word' id='word_1_463' title='bbox 457 1876 538 1902; x_wconf 83' lang='grc' dir='ltr'>τοῦτο</span> <span class='ocrx_word' id='word_1_464' title='bbox 555 1877 725 1912; x_wconf 75' lang='grc' dir='ltr'>ψυχαγωγεῖ.</span> <span class='ocrx_word' id='word_1_465' title='bbox 747 1879 778 1904; x_wconf 74' lang='lat' dir='ltr'><strong>Et</strong></span> <span class='ocrx_word' id='word_1_466' title='bbox 797 1879 846 1914; x_wconf 81' lang='grc' dir='ltr'><strong>μὲν</strong></span> <span class='ocrx_word' id='word_1_467' title='bbox 861 1879 916 1916; x_wconf 79' lang='grc' dir='ltr'>γὰρ</span> 
     </span>
    </p>
   </div>
   <div class='ocr_carea' id='block_1_71' title="bbox 127 1914 916 1960">
    <p class='ocr_par' dir='ltr' id='par_1_71' title="bbox 127 1914 916 1960">
     <span class='ocr_line' id='line_1_71' title="bbox 127 1914 916 1960; baseline 0.009 -15"><span class='ocrx_word' id='word_1_468' title='bbox 127 1914 240 1952; x_wconf 87' lang='grc' dir='ltr'>δικαίως</span> <span class='ocrx_word' id='word_1_469' title='bbox 273 1921 457 1956; x_wconf 79' lang='grc' dir='ltr'>κατεκρίθην,</span> <span class='ocrx_word' id='word_1_470' title='bbox 484 1921 592 1957; x_wconf 74' lang='grc' dir='ltr'>ἤλγησα</span> <span class='ocrx_word' id='word_1_471' title='bbox 628 1923 670 1954; x_wconf 83' lang='grc' dir='ltr'><strong>ἂν,</strong></span> <span class='ocrx_word' id='word_1_472' title='bbox 701 1924 739 1956; x_wconf 85' lang='grc' dir='ltr'>ὠς</span> <span class='ocrx_word' id='word_1_473' title='bbox 766 1914 916 1960; x_wconf 79' lang='grc' dir='ltr'>παρασχὼν</span> 
     </span>
    </p>
   </div>
   <div class='ocr_carea' id='block_1_72' title="bbox 127 1965 916 2005">
    <p class='ocr_par' dir='ltr' id='par_1_72' title="bbox 127 1965 916 2005">
     <span class='ocr_line' id='line_1_72' title="bbox 127 1965 916 2005; baseline 0.008 -14"><span class='ocrx_word' id='word_1_474' title='bbox 127 1965 254 2000; x_wconf 74' lang='grc' dir='ltr'>ἀφορμὰς</span> <span class='ocrx_word' id='word_1_475' title='bbox 275 1965 404 2000; x_wconf 77' lang='grc' dir='ltr'>εὐλόγους</span> <span class='ocrx_word' id='word_1_476' title='bbox 418 1968 475 1998; x_wconf 84' lang='grc' dir='ltr'>τοῖς</span> <span class='ocrx_word' id='word_1_477' title='bbox 490 1968 697 2005; x_wconf 81' lang='grc' dir='ltr'>κατακρίνασιν.</span> <span class='ocrx_word' id='word_1_478' title='bbox 721 1970 829 2005; x_wconf 76' lang='grc' dir='ltr'>Ἐπειδὴ</span> <span class='ocrx_word' id='word_1_479' title='bbox 845 1971 872 1997; x_wconf 87' lang='grc' dir='ltr'><strong>δὲ</strong></span> <span class='ocrx_word' id='word_1_480' title='bbox 888 1971 916 1997; x_wconf 83' lang='grc' dir='ltr'>ἐν</span> 
     </span>
    </p>
   </div>
   <div class='ocr_carea' id='block_1_73' title="bbox 127 2010 916 2050">
    <p class='ocr_par' dir='ltr' id='par_1_73' title="bbox 127 2010 916 2050">
     <span class='ocr_line' id='line_1_73' title="bbox 127 2010 916 2050; baseline 0.008 -13"><span class='ocrx_word' id='word_1_481' title='bbox 127 2010 215 2046; x_wconf 83' lang='grc' dir='ltr'>τούτῳ</span> <span class='ocrx_word' id='word_1_482' title='bbox 229 2011 268 2047; x_wconf 83' lang='grc' dir='ltr'><strong>τῷ</strong></span> <span class='ocrx_word' id='word_1_483' title='bbox 289 2011 367 2047; x_wconf 80' lang='grc' dir='ltr'>μέρει</span> <span class='ocrx_word' id='word_1_484' title='bbox 379 2012 499 2048; x_wconf 84' lang='grc' dir='ltr'>καθαρόν</span> <span class='ocrx_word' id='word_1_485' title='bbox 516 2022 567 2048; x_wconf 90' lang='grc' dir='ltr'><strong>μου</strong></span> <span class='ocrx_word' id='word_1_486' title='bbox 580 2013 611 2040; x_wconf 81' lang='grc' dir='ltr'>τὸ</span> <span class='ocrx_word' id='word_1_487' title='bbox 627 2014 755 2047; x_wconf 84' lang='grc' dir='ltr'>συνειδὸς,</span> <span class='ocrx_word' id='word_1_488' title='bbox 767 2016 854 2050; x_wconf 86' lang='grc' dir='ltr'>χαίρω</span> <span class='ocrx_word' id='word_1_489' title='bbox 869 2017 916 2043; x_wconf 81' lang='grc' dir='ltr'><strong>καὶ</strong></span> 
     </span>
    </p>
   </div>
   <div class='ocr_carea' id='block_1_74' title="bbox 128 2058 916 2098">
    <p class='ocr_par' dir='ltr' id='par_1_74' title="bbox 128 2058 916 2098">
     <span class='ocr_line' id='line_1_74' title="bbox 128 2058 916 2098; baseline 0.006 -14"><span class='ocrx_word' id='word_1_490' title='bbox 128 2058 274 2094; x_wconf 86' lang='grc' dir='ltr'>γάννυμαι,</span> <span class='ocrx_word' id='word_1_491' title='bbox 289 2059 337 2086; x_wconf 71' lang='grc' dir='ltr'>καὶ</span> <span class='ocrx_word' id='word_1_492' title='bbox 353 2059 502 2094; x_wconf 86' lang='grc' dir='ltr'>προσμένω</span> <span class='ocrx_word' id='word_1_493' title='bbox 518 2059 571 2086; x_wconf 83' lang='grc' dir='ltr'>τῶν</span> <span class='ocrx_word' id='word_1_494' title='bbox 588 2060 676 2087; x_wconf 77' lang='grc' dir='ltr'>ἄλλων</span> <span class='ocrx_word' id='word_1_495' title='bbox 691 2061 767 2088; x_wconf 82' lang='grc' dir='ltr'>λύσιν</span> <span class='ocrx_word' id='word_1_496' title='bbox 786 2063 916 2098; x_wconf 83' lang='grc' dir='ltr'>ἁμαρτη-</span> 
     </span>
    </p>
   </div>
   <div class='ocr_carea' id='block_1_75' title="bbox 131 2104 916 2143">
    <p class='ocr_par' dir='ltr' id='par_1_75' title="bbox 131 2104 916 2143">
     <span class='ocr_line' id='line_1_75' title="bbox 131 2104 916 2143; baseline 0.006 -13"><span class='ocrx_word' id='word_1_497' title='bbox 131 2104 223 2139; x_wconf 87' lang='grc' dir='ltr'>μάτων</span> <span class='ocrx_word' id='word_1_498' title='bbox 238 2104 282 2131; x_wconf 80' lang='grc' dir='ltr'>διὰ</span> <span class='ocrx_word' id='word_1_499' title='bbox 305 2105 383 2140; x_wconf 82' lang='grc' dir='ltr'>τήνδε</span> <span class='ocrx_word' id='word_1_500' title='bbox 405 2105 454 2140; x_wconf 79' lang='grc' dir='ltr'>τὴν</span> <span class='ocrx_word' id='word_1_501' title='bbox 471 2105 589 2133; x_wconf 82' lang='grc' dir='ltr'>ἀδικίαν.</span> <span class='ocrx_word' id='word_1_502' title='bbox 612 2107 678 2133; x_wconf 68' lang='grc' dir='ltr'><strong>Οὐδὲ</strong></span> <span class='ocrx_word' id='word_1_503' title='bbox 693 2107 770 2143; x_wconf 79' lang='grc' dir='ltr'><strong>γάρὸ</strong></span> <span class='ocrx_word' id='word_1_504' title='bbox 792 2108 916 2135; x_wconf 60' lang='lat' dir='ltr'><strong>Natio-40k</strong></span> 
     </span>
    </p>
   </div>
   <div class='ocr_carea' id='block_1_76' title="bbox 127 2149 916 2189">
    <p class='ocr_par' dir='ltr' id='par_1_76' title="bbox 127 2149 916 2189">
     <span class='ocr_line' id='line_1_76' title="bbox 127 2149 916 2189; baseline 0.006 -13"><span class='ocrx_word' id='word_1_505' title='bbox 127 2149 160 2176; x_wconf 81' lang='grc' dir='ltr'>δι’</span> <span class='ocrx_word' id='word_1_506' title='bbox 174 2151 258 2186; x_wconf 86' lang='grc' dir='ltr'>άλλην</span> <span class='ocrx_word' id='word_1_507' title='bbox 270 2151 371 2186; x_wconf 86' lang='grc' dir='ltr'>ἀρετὴν</span> <span class='ocrx_word' id='word_1_508' title='bbox 390 2151 619 2186; x_wconf 81' lang='grc' dir='ltr'>πολυθρύλλητος,</span> <span class='ocrx_word' id='word_1_509' title='bbox 633 2153 690 2179; x_wconf 82' lang='grc' dir='ltr'>ἀλλ’</span> <span class='ocrx_word' id='word_1_510' title='bbox 704 2154 744 2180; x_wconf 80' lang='grc' dir='ltr'>ὅτι</span> <span class='ocrx_word' id='word_1_511' title='bbox 760 2154 809 2189; x_wconf 76' lang='grc' dir='ltr'>τὴν</span> <span class='ocrx_word' id='word_1_512' title='bbox 824 2155 916 2181; x_wconf 83' lang='grc' dir='ltr'>ἄδικον</span> 
     </span>
    </p>
   </div>
   <div class='ocr_carea' id='block_1_77' title="bbox 1233 1727 1492 1763">
    <p class='ocr_par' dir='ltr' id='par_1_77' title="bbox 1233 1727 1492 1763">
     <span class='ocr_line' id='line_1_77' title="bbox 1233 1727 1492 1763; baseline -0.008 -7"><span class='ocrx_word' id='word_1_513' title='bbox 1233 1727 1280 1756; x_wconf 79' lang='lat' dir='ltr'><strong>IX.</strong></span> <span class='ocrx_word' id='word_1_514' title='bbox 1295 1744 1331 1749; x_wconf 94' lang='lat'><em>—</em></span> <span class='ocrx_word' id='word_1_515' title='bbox 1344 1727 1492 1763; x_wconf 78' lang='lat' dir='ltr'><strong>Anonymo.</strong></span> 
     </span>
    </p>
   </div>
   <div class='ocr_carea' id='block_1_78' title="bbox 1001 1784 1757 1821">
    <p class='ocr_par' dir='ltr' id='par_1_78' title="bbox 1001 1784 1757 1821">
     <span class='ocr_line' id='line_1_78' title="bbox 1001 1784 1757 1821; baseline -0.004 -8"><span class='ocrx_word' id='word_1_516' title='bbox 1001 1786 1162 1821; x_wconf 80' lang='lat' dir='ltr'><strong>Indignatur</strong></span> <span class='ocrx_word' id='word_1_517' title='bbox 1173 1790 1201 1812; x_wconf 85' lang='lat' dir='ltr'><strong>et</strong></span> <span class='ocrx_word' id='word_1_518' title='bbox 1211 1793 1282 1820; x_wconf 80' lang='lat' dir='ltr'><strong>:egre</strong></span> <span class='ocrx_word' id='word_1_519' title='bbox 1295 1785 1348 1811; x_wconf 88' lang='lat' dir='ltr'><strong>fert</strong></span> <span class='ocrx_word' id='word_1_520' title='bbox 1359 1785 1446 1819; x_wconf 88' lang='lat' dir='ltr'><strong>pietas</strong></span> <span class='ocrx_word' id='word_1_521' title='bbox 1458 1789 1504 1811; x_wconf 91' lang='lat' dir='ltr'><strong>tua</strong></span> <span class='ocrx_word' id='word_1_522' title='bbox 1515 1784 1551 1811; x_wconf 92' lang='lat' dir='ltr'><strong>ob</strong></span> <span class='ocrx_word' id='word_1_523' title='bbox 1562 1784 1661 1819; x_wconf 90' lang='lat' dir='ltr'><strong>injuste</strong></span> <span class='ocrx_word' id='word_1_524' title='bbox 1672 1784 1698 1810; x_wconf 90' lang='lat' dir='ltr'><strong>in</strong></span> <span class='ocrx_word' id='word_1_525' title='bbox 1707 1791 1757 1811; x_wconf 84' lang='lat' dir='ltr'><strong>nos</strong></span> 
     </span>
    </p>
   </div>
   <div class='ocr_carea' id='block_1_79' title="bbox 966 1830 1756 1866">
    <p class='ocr_par' dir='ltr' id='par_1_79' title="bbox 966 1830 1756 1866">
     <span class='ocr_line' id='line_1_79' title="bbox 966 1830 1756 1866; baseline -0.004 -7"><span class='ocrx_word' id='word_1_526' title='bbox 966 1836 994 1859; x_wconf 90' lang='lat' dir='ltr'><strong>et</strong></span> <span class='ocrx_word' id='word_1_527' title='bbox 1006 1832 1064 1858; x_wconf 86' lang='lat' dir='ltr'><strong>sine</strong></span> <span class='ocrx_word' id='word_1_528' title='bbox 1073 1831 1178 1866; x_wconf 86' lang='lat' dir='ltr'><strong>judicio</strong></span> <span class='ocrx_word' id='word_1_529' title='bbox 1193 1831 1275 1857; x_wconf 86' lang='lat' dir='ltr'><strong>latam</strong></span> <span class='ocrx_word' id='word_1_530' title='bbox 1289 1830 1452 1857; x_wconf 82' lang='lat' dir='ltr'><strong>sententiam</strong></span> <span class='ocrx_word' id='word_1_531' title='bbox 1465 1839 1472 1862; x_wconf 89' lang='lat'><strong>;</strong></span> <span class='ocrx_word' id='word_1_532' title='bbox 1496 1838 1538 1857; x_wconf 79' lang='lat' dir='ltr'><strong>me.</strong></span> <span class='ocrx_word' id='word_1_533' title='bbox 1549 1838 1615 1857; x_wconf 88' lang='lat' dir='ltr'><strong>vero</strong></span> <span class='ocrx_word' id='word_1_534' title='bbox 1629 1830 1655 1856; x_wconf 92' lang='lat' dir='ltr'><strong>id</strong></span> <span class='ocrx_word' id='word_1_535' title='bbox 1668 1830 1756 1864; x_wconf 90' lang='lat' dir='ltr'><strong>ipsum</strong></span> 
     </span>
    </p>
   </div>
   <div class='ocr_carea' id='block_1_80' title="bbox 967 1873 1758 1909">
    <p class='ocr_par' dir='ltr' id='par_1_80' title="bbox 967 1873 1758 1909">
     <span class='ocr_line' id='line_1_80' title="bbox 967 1873 1758 1909; baseline -0.005 -6"><span class='ocrx_word' id='word_1_536' title='bbox 967 1876 1135 1904; x_wconf 88' lang='lat' dir='ltr'><strong>consolatur.</strong></span> <span class='ocrx_word' id='word_1_537' title='bbox 1154 1875 1222 1902; x_wconf 81' lang='lat' dir='ltr'><strong>Nam</strong></span> <span class='ocrx_word' id='word_1_538' title='bbox 1237 1875 1259 1901; x_wconf 88' lang='lat' dir='ltr'><strong>si</strong></span> <span class='ocrx_word' id='word_1_539' title='bbox 1270 1875 1343 1909; x_wconf 86' lang='lat' dir='ltr'><strong>justc</strong></span> <span class='ocrx_word' id='word_1_540' title='bbox 1358 1874 1556 1901; x_wconf 86' lang='lat' dir='ltr'><strong>condemnatus</strong></span> <span class='ocrx_word' id='word_1_541' title='bbox 1569 1881 1668 1904; x_wconf 83' lang='lat' dir='ltr'><strong>essem,</strong></span> <span class='ocrx_word' id='word_1_542' title='bbox 1683 1873 1758 1899; x_wconf 86' lang='lat' dir='ltr'><strong>dole-</strong></span> 
     </span>
    </p>
   </div>
   <div class='ocr_carea' id='block_1_81' title="bbox 967 1919 1756 1956">
    <p class='ocr_par' dir='ltr' id='par_1_81' title="bbox 967 1919 1756 1956">
     <span class='ocr_line' id='line_1_81' title="bbox 967 1919 1756 1956; baseline -0.004 -8"><span class='ocrx_word' id='word_1_543' title='bbox 967 1929 1024 1948; x_wconf 91' lang='lat' dir='ltr'><strong>rem</strong></span> <span class='ocrx_word' id='word_1_544' title='bbox 1041 1922 1135 1956; x_wconf 83' lang='lat' dir='ltr'><strong>utique</strong></span> <span class='ocrx_word' id='word_1_545' title='bbox 1148 1941 1155 1952; x_wconf 82' lang='lat'><strong>,</strong></span> <span class='ocrx_word' id='word_1_546' title='bbox 1186 1921 1263 1955; x_wconf 86' lang='lat' dir='ltr'><strong>quasi</strong></span> <span class='ocrx_word' id='word_1_547' title='bbox 1279 1920 1414 1955; x_wconf 68' lang='lat' dir='ltr'><strong>legitimas</strong></span> <span class='ocrx_word' id='word_1_548' title='bbox 1425 1928 1521 1947; x_wconf 82' lang='lat' dir='ltr'><strong>causas</strong></span> <span class='ocrx_word' id='word_1_549' title='bbox 1533 1919 1674 1954; x_wconf 89' lang='lat' dir='ltr'><strong>judieibus</strong></span> <span class='ocrx_word' id='word_1_550' title='bbox 1686 1927 1756 1953; x_wconf 71' lang='lat' dir='ltr'><strong>prae-</strong></span> 
     </span>
    </p>
   </div>
   <div class='ocr_carea' id='block_1_82' title="bbox 967 1965 1756 2000">
    <p class='ocr_par' dir='ltr' id='par_1_82' title="bbox 967 1965 1756 2000">
     <span class='ocr_line' id='line_1_82' title="bbox 967 1965 1756 2000; baseline -0.005 -6"><span class='ocrx_word' id='word_1_551' title='bbox 967 1967 1098 1994; x_wconf 90' lang='lat' dir='ltr'><strong>buissem.</strong></span> <span class='ocrx_word' id='word_1_552' title='bbox 1127 1967 1207 1993; x_wconf 88' lang='lat' dir='ltr'><strong>Nune</strong></span> <span class='ocrx_word' id='word_1_553' title='bbox 1227 1974 1304 1997; x_wconf 85' lang='lat' dir='ltr'><strong>vero,</strong></span> <span class='ocrx_word' id='word_1_554' title='bbox 1330 1966 1394 2000; x_wconf 84' lang='lat' dir='ltr'><strong>quia</strong></span> <span class='ocrx_word' id='word_1_555' title='bbox 1409 1965 1476 1992; x_wconf 89' lang='lat' dir='ltr'><strong>mihi</strong></span> <span class='ocrx_word' id='word_1_556' title='bbox 1491 1965 1543 1992; x_wconf 85' lang='lat' dir='ltr'><strong>hac</strong></span> <span class='ocrx_word' id='word_1_557' title='bbox 1557 1965 1584 1992; x_wconf 92' lang='lat' dir='ltr'><strong>in</strong></span> <span class='ocrx_word' id='word_1_558' title='bbox 1599 1969 1675 1999; x_wconf 83' lang='lat' dir='ltr'><strong>parte</strong></span> <span class='ocrx_word' id='word_1_559' title='bbox 1688 1972 1756 1998; x_wconf 85' lang='lat' dir='ltr'><strong>pura</strong></span> 
     </span>
    </p>
   </div>
   <div class='ocr_carea' id='block_1_83' title="bbox 967 2010 1757 2046">
    <p class='ocr_par' dir='ltr' id='par_1_83' title="bbox 967 2010 1757 2046">
     <span class='ocr_line' id='line_1_83' title="bbox 967 2010 1757 2046; baseline -0.005 -7"><span class='ocrx_word' id='word_1_560' title='bbox 967 2017 1009 2040; x_wconf 88' lang='lat' dir='ltr'><strong>est</strong></span> <span class='ocrx_word' id='word_1_561' title='bbox 1024 2011 1204 2044; x_wconf 84' lang='lat' dir='ltr'><strong>conscientia,</strong></span> <span class='ocrx_word' id='word_1_562' title='bbox 1222 2010 1329 2046; x_wconf 78' lang='lat' dir='ltr'><strong>gaudeo</strong></span> <span class='ocrx_word' id='word_1_563' title='bbox 1343 2013 1372 2037; x_wconf 88' lang='lat' dir='ltr'><strong>et</strong></span> <span class='ocrx_word' id='word_1_564' title='bbox 1385 2010 1504 2041; x_wconf 77' lang='lat' dir='ltr'><strong>exsulto,</strong></span> <span class='ocrx_word' id='word_1_565' title='bbox 1522 2012 1549 2036; x_wconf 79' lang='lat' dir='ltr'><strong>et</strong></span> <span class='ocrx_word' id='word_1_566' title='bbox 1562 2014 1674 2044; x_wconf 88' lang='lat' dir='ltr'><strong>propter</strong></span> <span class='ocrx_word' id='word_1_567' title='bbox 1686 2010 1757 2036; x_wconf 90' lang='lat' dir='ltr'><strong>hanc</strong></span> 
     </span>
    </p>
   </div>
   <div class='ocr_carea' id='block_1_84' title="bbox 967 2056 1756 2094">
    <p class='ocr_par' dir='ltr' id='par_1_84' title="bbox 967 2056 1756 2094">
     <span class='ocr_line' id='line_1_84' title="bbox 967 2056 1756 2094; baseline -0.005 -8"><span class='ocrx_word' id='word_1_568' title='bbox 967 2059 1095 2094; x_wconf 88' lang='lat' dir='ltr'><strong>injuriam</strong></span> <span class='ocrx_word' id='word_1_569' title='bbox 1123 2058 1240 2086; x_wconf 88' lang='lat' dir='ltr'><strong>aliorum</strong></span> <span class='ocrx_word' id='word_1_570' title='bbox 1257 2057 1403 2085; x_wconf 89' lang='lat' dir='ltr'><strong>criminum</strong></span> <span class='ocrx_word' id='word_1_571' title='bbox 1429 2057 1538 2083; x_wconf 83' lang='lat' dir='ltr'><strong>veniam</strong></span> <span class='ocrx_word' id='word_1_572' title='bbox 1552 2064 1642 2091; x_wconf 79' lang='lat' dir='ltr'><strong>spero.</strong></span> <span class='ocrx_word' id='word_1_573' title='bbox 1662 2056 1756 2090; x_wconf 85' lang='lat' dir='ltr'><strong>Neque</strong></span> 
     </span>
    </p>
   </div>
   <div class='ocr_carea' id='block_1_85' title="bbox 966 2102 1755 2132">
    <p class='ocr_par' dir='ltr' id='par_1_85' title="bbox 966 2102 1755 2132">
     <span class='ocr_line' id='line_1_85' title="bbox 966 2102 1755 2132; baseline -0.006 0"><span class='ocrx_word' id='word_1_574' title='bbox 966 2105 1039 2132; x_wconf 89' lang='lat' dir='ltr'><strong>enim</strong></span> <span class='ocrx_word' id='word_1_575' title='bbox 1051 2104 1193 2131; x_wconf 86' lang='lat' dir='ltr'><strong>Nabuthes</strong></span> <span class='ocrx_word' id='word_1_576' title='bbox 1206 2104 1226 2119; x_wconf 81' lang='grc'><strong>¹¹²</strong></span> <span class='ocrx_word' id='word_1_577' title='bbox 1237 2103 1317 2130; x_wconf 89' lang='lat' dir='ltr'><strong>aliam</strong></span> <span class='ocrx_word' id='word_1_578' title='bbox 1335 2103 1370 2130; x_wconf 91' lang='lat' dir='ltr'><strong>ob</strong></span> <span class='ocrx_word' id='word_1_579' title='bbox 1384 2103 1520 2130; x_wconf 88' lang='lat' dir='ltr'><strong>virtutem</strong></span> <span class='ocrx_word' id='word_1_580' title='bbox 1533 2102 1560 2128; x_wconf 94' lang='lat' dir='ltr'><strong>in</strong></span> <span class='ocrx_word' id='word_1_581' title='bbox 1577 2109 1624 2128; x_wconf 89' lang='lat' dir='ltr'><strong>ore</strong></span> <span class='ocrx_word' id='word_1_582' title='bbox 1638 2105 1680 2128; x_wconf 89' lang='lat' dir='ltr'><strong>est</strong></span> <span class='ocrx_word' id='word_1_583' title='bbox 1696 2109 1755 2127; x_wconf 91' lang='lat' dir='ltr'><strong>om—</strong></span> 
     </span>
    </p>
   </div>
   <div class='ocr_carea' id='block_1_86' title="bbox 966 2148 1754 2184">
    <p class='ocr_par' dir='ltr' id='par_1_86' title="bbox 966 2148 1754 2184">
     <span class='ocr_line' id='line_1_86' title="bbox 966 2148 1754 2184; baseline -0.005 -7"><span class='ocrx_word' id='word_1_584' title='bbox 966 2151 1054 2182; x_wconf 87' lang='lat' dir='ltr'><strong>nium,</strong></span> <span class='ocrx_word' id='word_1_585' title='bbox 1066 2158 1147 2184; x_wconf 87' lang='lat' dir='ltr'><strong>quam</strong></span> <span class='ocrx_word' id='word_1_586' title='bbox 1158 2149 1230 2184; x_wconf 90' lang='lat' dir='ltr'><strong>quod</strong></span> <span class='ocrx_word' id='word_1_587' title='bbox 1247 2149 1375 2184; x_wconf 85' lang='lat' dir='ltr'><strong>injustam</strong></span> <span class='ocrx_word' id='word_1_588' title='bbox 1387 2149 1461 2175; x_wconf 91' lang='lat' dir='ltr'><strong>illam</strong></span> <span class='ocrx_word' id='word_1_589' title='bbox 1475 2148 1577 2175; x_wconf 70' lang='lat' dir='ltr'><strong>etedem</strong></span> <span class='ocrx_word' id='word_1_590' title='bbox 1592 2155 1690 2182; x_wconf 83' lang='lat' dir='ltr'><strong>passus</strong></span> <span class='ocrx_word' id='word_1_591' title='bbox 1703 2151 1754 2174; x_wconf 89' lang='lat' dir='ltr'><strong>est.</strong></span> 
     </span>
    </p>
   </div>
   <div class='ocr_carea' id='block_1_87' title="bbox 128 2193 919 2236">
    <p class='ocr_par' dir='ltr' id='par_1_87' title="bbox 128 2196 913 2236">
     <span class='ocr_line' id='line_1_87' title="bbox 128 2196 913 2236; baseline 0.005 -14"><span class='ocrx_word' id='word_1_592' title='bbox 128 2196 234 2231; x_wconf 80' lang='grc' dir='ltr'>ἐκείνην</span> <span class='ocrx_word' id='word_1_593' title='bbox 253 2196 384 2232; x_wconf 75' lang='grc' dir='ltr'>ὑπέμεινε</span> <span class='ocrx_word' id='word_1_594' title='bbox 411 2198 529 2233; x_wconf 80' lang='grc' dir='ltr'>σφαγήν.</span> <span class='ocrx_word' id='word_1_595' title='bbox 556 2197 735 2230; x_wconf 77' lang='grc' dir='ltr'>Εὔξασθαιδὲ</span> <span class='ocrx_word' id='word_1_596' title='bbox 762 2200 913 2236; x_wconf 80' lang='grc' dir='ltr'>παρακαλῶ</span> 
     </span>
    </p>
   </div>
   <div class='ocr_carea' id='block_1_88' title="bbox 973 2193 1750 2236">
    <p class='ocr_par' dir='ltr' id='par_1_88' title="bbox 973 2193 1750 2232">
     <span class='ocr_line' id='line_1_88' title="bbox 973 2193 1750 2232; baseline -0.005 -9"><span class='ocrx_word' id='word_1_597' title='bbox 973 2196 1055 2229; x_wconf 61' lang='lat' dir='ltr'><strong>Quare</strong></span> <span class='ocrx_word' id='word_1_598' title='bbox 1067 2203 1125 2227; x_wconf 84' lang='lat' dir='ltr'><strong>ora,</strong></span> <span class='ocrx_word' id='word_1_599' title='bbox 1141 2202 1244 2230; x_wconf 60' lang='lat' dir='ltr'><strong>quaeso,</strong></span> <span class='ocrx_word' id='word_1_600' title='bbox 1257 2198 1287 2221; x_wconf 91' lang='lat' dir='ltr'><strong>ut</strong></span> <span class='ocrx_word' id='word_1_601' title='bbox 1298 2202 1313 2221; x_wconf 90' lang='lat' dir='ltr'><strong>a</strong></span> <span class='ocrx_word' id='word_1_602' title='bbox 1325 2195 1381 2221; x_wconf 87' lang='lat' dir='ltr'><strong>Deo</strong></span> <span class='ocrx_word' id='word_1_603' title='bbox 1392 2194 1499 2229; x_wconf 76' lang='lat'><strong>1068</strong></span> <span class='ocrx_word' id='word_1_604' title='bbox 1510 2201 1564 2220; x_wconf 91' lang='lat' dir='ltr'><strong>non</strong></span> <span class='ocrx_word' id='word_1_605' title='bbox 1578 2193 1750 2232; x_wconf 81' lang='lat' dir='ltr'><strong>deseramur,</strong></span> 
     </span>
    </p>
   </div>
   <div class='ocr_carea' id='block_1_89' title="bbox 127 2242 914 2281">
    <p class='ocr_par' dir='ltr' id='par_1_89' title="bbox 127 2242 914 2281">
     <span class='ocr_line' id='line_1_89' title="bbox 127 2242 914 2281; baseline 0.008 -14"><span class='ocrx_word' id='word_1_606' title='bbox 127 2242 204 2277; x_wconf 80' lang='grc' dir='ltr'>παρὰ</span> <span class='ocrx_word' id='word_1_607' title='bbox 226 2242 274 2268; x_wconf 81' lang='grc' dir='ltr'>τοῦ</span> <span class='ocrx_word' id='word_1_608' title='bbox 299 2242 367 2268; x_wconf 83' lang='grc' dir='ltr'>Θεοῦ</span> <span class='ocrx_word' id='word_1_609' title='bbox 395 2243 432 2278; x_wconf 87' lang='grc' dir='ltr'>μὴ</span> <span class='ocrx_word' id='word_1_610' title='bbox 457 2244 704 2280; x_wconf 74' lang='grc' dir='ltr'>ἐγκαταλειφθῆναι</span> <span class='ocrx_word' id='word_1_611' title='bbox 724 2246 809 2281; x_wconf 82' lang='grc' dir='ltr'>ἡμᾶς,</span> <span class='ocrx_word' id='word_1_612' title='bbox 830 2247 877 2273; x_wconf 76' lang='grc' dir='ltr'>καὶ</span> <span class='ocrx_word' id='word_1_613' title='bbox 900 2247 914 2273; x_wconf 87' lang='grc' dir='ltr'>ὁ</span> 
     </span>
    </p>
   </div>
   <div class='ocr_carea' id='block_1_90' title="bbox 129 2288 914 2326">
    <p class='ocr_par' dir='ltr' id='par_1_90' title="bbox 129 2288 914 2326">
     <span class='ocr_line' id='line_1_90' title="bbox 129 2288 914 2326; baseline 0.008 -13"><span class='ocrx_word' id='word_1_614' title='bbox 129 2288 255 2323; x_wconf 81' lang='grc' dir='ltr'>πολεμῶν</span> <span class='ocrx_word' id='word_1_615' title='bbox 269 2289 432 2323; x_wconf 86' lang='grc' dir='ltr'>πολεμείτω.</span> <span class='ocrx_word' id='word_1_616' title='bbox 458 2289 552 2324; x_wconf 83' lang='grc' dir='ltr'>Ἀρκεῖ</span> <span class='ocrx_word' id='word_1_617' title='bbox 565 2290 619 2326; x_wconf 87' lang='grc' dir='ltr'><strong>γάρ</strong></span> <span class='ocrx_word' id='word_1_618' title='bbox 637 2299 680 2325; x_wconf 87' lang='grc' dir='ltr'><strong>μοι</strong></span> <span class='ocrx_word' id='word_1_619' title='bbox 705 2292 744 2322; x_wconf 83' lang='grc' dir='ltr'><strong>είς</strong></span> <span class='ocrx_word' id='word_1_620' title='bbox 763 2293 851 2318; x_wconf 75' lang='grc' dir='ltr'>πᾶσαν</span> <span class='ocrx_word' id='word_1_621' title='bbox 866 2293 914 2319; x_wconf 73' lang='grc' dir='ltr'>θυ‹</span> 
     </span>
    </p>
   </div>
   <div class='ocr_carea' id='block_1_91' title="bbox 130 2333 914 2372">
    <p class='ocr_par' dir='ltr' id='par_1_91' title="bbox 130 2333 914 2372">
     <span class='ocr_line' id='line_1_91' title="bbox 130 2333 914 2372; baseline 0.008 -14"><span class='ocrx_word' id='word_1_622' title='bbox 130 2333 255 2368; x_wconf 89' lang='grc' dir='ltr'>μηδίανή</span> <span class='ocrx_word' id='word_1_623' title='bbox 275 2333 322 2359; x_wconf 74' lang='grc' dir='ltr'>τοῦ</span> <span class='ocrx_word' id='word_1_624' title='bbox 338 2334 405 2360; x_wconf 82' lang='grc' dir='ltr'>Θεοῦ</span> <span class='ocrx_word' id='word_1_625' title='bbox 430 2343 480 2369; x_wconf 87' lang='grc' dir='ltr'><strong>μου</strong></span> <span class='ocrx_word' id='word_1_626' title='bbox 509 2335 653 2370; x_wconf 65' lang='grc' dir='ltr'>εὐμένειαν</span> <span class='ocrx_word' id='word_1_627' title='bbox 677 2336 727 2363; x_wconf 82' lang='grc' dir='ltr'><strong>κᾶν</strong></span> <span class='ocrx_word' id='word_1_628' title='bbox 750 2337 831 2368; x_wconf 74' lang='grc' dir='ltr'>αὐτὸς</span> <span class='ocrx_word' id='word_1_629' title='bbox 849 2338 914 2372; x_wconf 78' lang='grc' dir='ltr'>ἡμῖν</span> 
     </span>
    </p>
   </div>
   <div class='ocr_carea' id='block_1_92' title="bbox 128 2379 914 2417">
    <p class='ocr_par' dir='ltr' id='par_1_92' title="bbox 128 2379 914 2417">
     <span class='ocr_line' id='line_1_92' title="bbox 128 2379 914 2417; baseline 0.006 -12"><span class='ocrx_word' id='word_1_630' title='bbox 128 2380 214 2415; x_wconf 77' lang='grc' dir='ltr'>παρῇ,</span> <span class='ocrx_word' id='word_1_631' title='bbox 227 2379 282 2406; x_wconf 84' lang='grc' dir='ltr'><strong>τῶν</strong></span> <span class='ocrx_word' id='word_1_632' title='bbox 296 2379 428 2415; x_wconf 85' lang='grc' dir='ltr'>λυπηρῶν</span> <span class='ocrx_word' id='word_1_633' title='bbox 444 2380 572 2407; x_wconf 80' lang='grc' dir='ltr'>ἁπάντων</span> <span class='ocrx_word' id='word_1_634' title='bbox 585 2380 623 2413; x_wconf 83' lang='grc' dir='ltr'>ὡς</span> <span class='ocrx_word' id='word_1_635' title='bbox 642 2381 809 2417; x_wconf 80' lang='grc' dir='ltr'>ἀθυρμάτων</span> <span class='ocrx_word' id='word_1_636' title='bbox 831 2392 914 2410; x_wconf 84' lang='grc' dir='ltr'>κατα-</span> 
     </span>
    </p>
   </div>
   <div class='ocr_carea' id='block_1_93' title="bbox 128 2424 290 2460">
    <p class='ocr_par' dir='ltr' id='par_1_93' title="bbox 128 2424 290 2460">
     <span class='ocr_line' id='line_1_93' title="bbox 128 2424 290 2460; baseline 0.006 -8"><span class='ocrx_word' id='word_1_637' title='bbox 128 2424 290 2460; x_wconf 73' lang='grc' dir='ltr'>φρονοῦμεν.</span> 
     </span>
    </p>
   </div>
   <div class='ocr_carea' id='block_1_94' title="bbox 322 2482 718 2518">
    <p class='ocr_par' dir='ltr' id='par_1_94' title="bbox 322 2482 718 2518">
     <span class='ocr_line' id='line_1_94' title="bbox 322 2482 718 2518; baseline 0.008 -10"><span class='ocrx_word' id='word_1_638' title='bbox 322 2482 349 2508; x_wconf 89' lang='lat' dir='ltr'><strong>l’.</strong></span> <span class='ocrx_word' id='word_1_639' title='bbox 361 2497 395 2502; x_wconf 95' lang='lat'><strong>—</strong></span> <span class='ocrx_word' id='word_1_640' title='bbox 415 2483 498 2516; x_wconf 71' lang='grc' dir='ltr'><em>Ἠλίᾳ</em></span> <span class='ocrx_word' id='word_1_641' title='bbox 511 2484 718 2518; x_wconf 79' lang='grc' dir='ltr'>σχολαστικῷ.</span> 
     </span>
    </p>
   </div>
   <div class='ocr_carea' id='block_1_95' title="bbox 161 2537 914 2576">
    <p class='ocr_par' dir='ltr' id='par_1_95' title="bbox 161 2537 914 2576">
     <span class='ocr_line' id='line_1_95' title="bbox 161 2537 914 2576; baseline 0.008 -13"><span class='ocrx_word' id='word_1_642' title='bbox 161 2537 230 2568; x_wconf 81' lang='grc' dir='ltr'>Τοὺς</span> <span class='ocrx_word' id='word_1_643' title='bbox 245 2537 347 2572; x_wconf 83' lang='grc' dir='ltr'>νόμους</span> <span class='ocrx_word' id='word_1_644' title='bbox 371 2539 410 2569; x_wconf 82' lang='grc' dir='ltr'>εἰς</span> <span class='ocrx_word' id='word_1_645' title='bbox 427 2538 588 2574; x_wconf 77' lang='grc' dir='ltr'>ἐπικουρίαν</span> <span class='ocrx_word' id='word_1_646' title='bbox 613 2539 667 2565; x_wconf 81' lang='grc' dir='ltr'>τῶν</span> <span class='ocrx_word' id='word_1_647' title='bbox 688 2540 872 2576; x_wconf 76' lang='grc' dir='ltr'>ἀδικουμένων</span> <span class='ocrx_word' id='word_1_648' title='bbox 889 2543 914 2569; x_wconf 83' lang='grc' dir='ltr'>οἱ</span> 
     </span>
    </p>
   </div>
   <div class='ocr_carea' id='block_1_96' title="bbox 130 2583 914 2622">
    <p class='ocr_par' dir='ltr' id='par_1_96' title="bbox 130 2583 914 2622">
     <span class='ocr_line' id='line_1_96' title="bbox 130 2583 914 2622; baseline 0.009 -14"><span class='ocrx_word' id='word_1_649' title='bbox 130 2583 268 2617; x_wconf 83' lang='grc' dir='ltr'>νομοθέται</span> <span class='ocrx_word' id='word_1_650' title='bbox 290 2583 459 2618; x_wconf 82' lang='grc' dir='ltr'>γεγράφασι,</span> <span class='ocrx_word' id='word_1_651' title='bbox 478 2584 525 2611; x_wconf 70' lang='grc' dir='ltr'>καὶ</span> <span class='ocrx_word' id='word_1_652' title='bbox 551 2585 601 2620; x_wconf 78' lang='grc' dir='ltr'><strong>τὴν</strong></span> <span class='ocrx_word' id='word_1_653' title='bbox 628 2587 776 2622; x_wconf 75' lang='grc' dir='ltr'>ῥητορικὴν</span> <span class='ocrx_word' id='word_1_654' title='bbox 799 2587 914 2615; x_wconf 75' lang='grc' dir='ltr'>ἀσκοῦσι</span> 
     </span>
    </p>
   </div>
   <div class='ocr_carea' id='block_1_97' title="bbox 129 2629 914 2666">
    <p class='ocr_par' dir='ltr' id='par_1_97' title="bbox 129 2629 914 2666">
     <span class='ocr_line' id='line_1_97' title="bbox 129 2629 914 2666; baseline 0.005 -10"><span class='ocrx_word' id='word_1_655' title='bbox 129 2630 224 2664; x_wconf 77' lang='grc' dir='ltr'>τέχνην</span> <span class='ocrx_word' id='word_1_656' title='bbox 237 2630 262 2655; x_wconf 78' lang='lat' dir='ltr'><strong>ot</strong></span> <span class='ocrx_word' id='word_1_657' title='bbox 282 2630 327 2657; x_wconf 77' lang='grc' dir='ltr'>τὸν</span> <span class='ocrx_word' id='word_1_658' title='bbox 347 2629 484 2656; x_wconf 66' lang='grc' dir='ltr'>δικανικὸν</span> <span class='ocrx_word' id='word_1_659' title='bbox 500 2630 686 2666; x_wconf 79' lang='grc' dir='ltr'>ἀσπαζόμενοι</span> <span class='ocrx_word' id='word_1_660' title='bbox 706 2632 775 2666; x_wconf 75' lang='grc' dir='ltr'>βίον,</span> <span class='ocrx_word' id='word_1_661' title='bbox 800 2633 842 2660; x_wconf 81' lang='grc' dir='ltr'>ἵνα</span> <span class='ocrx_word' id='word_1_662' title='bbox 857 2635 914 2666; x_wconf 81' lang='grc' dir='ltr'>τοῖς</span> 
     </span>
    </p>
   </div>
   <div class='ocr_carea' id='block_1_98' title="bbox 129 2673 913 2715">
    <p class='ocr_par' dir='ltr' id='par_1_98' title="bbox 129 2673 913 2715">
     <span class='ocr_line' id='line_1_98' title="bbox 129 2673 913 2715; baseline 0.009 -14"><span class='ocrx_word' id='word_1_663' title='bbox 129 2673 233 2707; x_wconf 74' lang='grc' dir='ltr'>δικαίας</span> <span class='ocrx_word' id='word_1_664' title='bbox 251 2676 389 2711; x_wconf 85' lang='grc' dir='ltr'>δεομένοις</span> <span class='ocrx_word' id='word_1_665' title='bbox 407 2675 532 2711; x_wconf 77' lang='grc' dir='ltr'>βοηθείας</span> <span class='ocrx_word' id='word_1_666' title='bbox 556 2678 738 2713; x_wconf 75' lang='grc' dir='ltr'>συνηγορῶσι.</span> <span class='ocrx_word' id='word_1_667' title='bbox 754 2679 806 2706; x_wconf 72' lang='grc' dir='ltr'><strong>Καὶ</strong></span> <span class='ocrx_word' id='word_1_668' title='bbox 827 2680 913 2715; x_wconf 88' lang='grc' dir='ltr'>λόγων</span> 
     </span>
    </p>
   </div>
   <div class='ocr_carea' id='block_1_99' title="bbox 163 2753 499 2790">
    <p class='ocr_par' dir='ltr' id='par_1_99' title="bbox 163 2753 499 2790">
     <span class='ocr_line' id='line_1_99' title="bbox 163 2753 499 2790; baseline 0.003 -9"><span class='ocrx_word' id='word_1_669' title='bbox 163 2754 186 2770; x_wconf 78' lang='grc'><strong>⁸⁸</strong></span> <span class='ocrx_word' id='word_1_670' title='bbox 199 2753 233 2781; x_wconf 91' lang='lat' dir='ltr'><strong>lll</strong></span> <span class='ocrx_word' id='word_1_671' title='bbox 248 2753 314 2788; x_wconf 80' lang='lat' dir='ltr'><strong>Reg.</strong></span> <span class='ocrx_word' id='word_1_672' title='bbox 328 2762 382 2787; x_wconf 69' lang='lat' dir='ltr'><strong>xxx,</strong></span> <span class='ocrx_word' id='word_1_673' title='bbox 396 2755 407 2781; x_wconf 85' lang='lat' dir='ltr'><strong>l</strong></span> <span class='ocrx_word' id='word_1_674' title='bbox 425 2762 499 2790; x_wconf 84' lang='lat' dir='ltr'><strong>seqq.</strong></span> 
     </span>
    </p>
   </div>
   <div class='ocr_carea' id='block_1_100' title="bbox 164 2821 452 2892">
    <p class='ocr_par' dir='ltr' id='par_1_100' title="bbox 164 2821 452 2892">
     <span class='ocr_line' id='line_1_100' title="bbox 164 2821 452 2892; baseline 0.007 -45"><span class='ocrx_word' id='word_1_675' title='bbox 164 2821 201 2892; x_wconf 47' lang='grc' dir='ltr'><strong>ἒξ)</strong></span> <span class='ocrx_word' id='word_1_676' title='bbox 220 2821 266 2848; x_wconf 80' lang='grc' dir='ltr'><strong>καί</strong></span> <span class='ocrx_word' id='word_1_677' title='bbox 280 2821 354 2849; x_wconf 90' lang='lat' dir='ltr'><strong>addit</strong></span> <span class='ocrx_word' id='word_1_678' title='bbox 369 2822 452 2857; x_wconf 82' lang='lat' dir='ltr'><strong>Neap.</strong></span> 
     </span>
     <span class='ocr_line' id='line_1_101' title="bbox 176 2856 440 2892; baseline 0 -8"><span class='ocrx_word' id='word_1_679' title='bbox 176 2857 203 2892; x_wconf 79' lang='grc'><strong>5)</strong></span> <span class='ocrx_word' id='word_1_680' title='bbox 219 2856 257 2884; x_wconf 78' lang='lat' dir='ltr'><strong>Ad</strong></span> <span class='ocrx_word' id='word_1_681' title='bbox 284 2858 440 2892; x_wconf 64' lang='lat' dir='ltr'><strong>praefectum</strong></span> 
     </span>
    </p>
   </div>
   <div class='ocr_carea' id='block_1_101' title="bbox 968 2239 1756 2277">
    <p class='ocr_par' dir='ltr' id='par_1_101' title="bbox 968 2239 1756 2277">
     <span class='ocr_line' id='line_1_102' title="bbox 968 2239 1756 2277; baseline -0.006 -7"><span class='ocrx_word' id='word_1_682' title='bbox 968 2248 1025 2271; x_wconf 88' lang='lat' dir='ltr'><strong>tum</strong></span> <span class='ocrx_word' id='word_1_683' title='bbox 1041 2243 1088 2277; x_wconf 90' lang='lat' dir='ltr'><strong>qui</strong></span> <span class='ocrx_word' id='word_1_684' title='bbox 1106 2244 1247 2277; x_wconf 80' lang='lat' dir='ltr'><strong>impugnat</strong></span> <span class='ocrx_word' id='word_1_685' title='bbox 1264 2241 1414 2275; x_wconf 76' lang='lat' dir='ltr'><strong>impugnet.</strong></span> <span class='ocrx_word' id='word_1_686' title='bbox 1427 2240 1532 2267; x_wconf 83' lang='lat' dir='ltr'><strong>Sullicit</strong></span> <span class='ocrx_word' id='word_1_687' title='bbox 1546 2240 1620 2266; x_wconf 88' lang='lat' dir='ltr'><strong>enim</strong></span> <span class='ocrx_word' id='word_1_688' title='bbox 1638 2239 1703 2266; x_wconf 90' lang='lat' dir='ltr'><strong>mihi</strong></span> <span class='ocrx_word' id='word_1_689' title='bbox 1721 2239 1756 2266; x_wconf 90' lang='lat' dir='ltr'><strong>ad</strong></span> 
     </span>
    </p>
   </div>
   <div class='ocr_carea' id='block_1_102' title="bbox 968 2284 1755 2316">
    <p class='ocr_par' dir='ltr' id='par_1_102' title="bbox 968 2284 1755 2316">
     <span class='ocr_line' id='line_1_103' title="bbox 968 2284 1755 2316; baseline -0.006 0"><span class='ocrx_word' id='word_1_690' title='bbox 968 2296 1077 2316; x_wconf 88' lang='lat' dir='ltr'><strong>omnem</strong></span> <span class='ocrx_word' id='word_1_691' title='bbox 1104 2287 1188 2314; x_wconf 91' lang='lat' dir='ltr'><strong>animi</strong></span> <span class='ocrx_word' id='word_1_692' title='bbox 1210 2287 1333 2314; x_wconf 64' lang='lat' dir='ltr'><strong>laetitiam</strong></span> <span class='ocrx_word' id='word_1_693' title='bbox 1363 2285 1410 2313; x_wconf 85' lang='lat' dir='ltr'><strong>Dei</strong></span> <span class='ocrx_word' id='word_1_694' title='bbox 1432 2285 1624 2312; x_wconf 84' lang='lat' dir='ltr'><strong>benevolentia</strong></span> <span class='ocrx_word' id='word_1_695' title='bbox 1654 2294 1660 2312; x_wconf 91' lang='lat'><strong>:</strong></span> <span class='ocrx_word' id='word_1_696' title='bbox 1684 2289 1711 2311; x_wconf 81' lang='lat' dir='ltr'><strong>et</strong></span> <span class='ocrx_word' id='word_1_697' title='bbox 1732 2284 1755 2311; x_wconf 91' lang='lat' dir='ltr'><strong>si</strong></span> 
     </span>
    </p>
   </div>
   <div class='ocr_carea' id='block_1_103' title="bbox 968 2330 1755 2368">
    <p class='ocr_par' dir='ltr' id='par_1_103' title="bbox 968 2330 1755 2368">
     <span class='ocr_line' id='line_1_104' title="bbox 968 2330 1755 2368; baseline -0.006 -7"><span class='ocrx_word' id='word_1_698' title='bbox 968 2333 1026 2368; x_wconf 87' lang='lat' dir='ltr'><strong>ipse</strong></span> <span class='ocrx_word' id='word_1_699' title='bbox 1040 2333 1120 2360; x_wconf 90' lang='lat' dir='ltr'><strong>nobis</strong></span> <span class='ocrx_word' id='word_1_700' title='bbox 1132 2333 1213 2365; x_wconf 87' lang='lat' dir='ltr'><strong>adsit,</strong></span> <span class='ocrx_word' id='word_1_701' title='bbox 1225 2331 1312 2359; x_wconf 89' lang='lat' dir='ltr'><strong>tristia</strong></span> <span class='ocrx_word' id='word_1_702' title='bbox 1325 2331 1417 2358; x_wconf 89' lang='lat' dir='ltr'><strong>omnia</strong></span> <span class='ocrx_word' id='word_1_703' title='bbox 1430 2335 1460 2358; x_wconf 91' lang='lat' dir='ltr'><strong>ut</strong></span> <span class='ocrx_word' id='word_1_704' title='bbox 1473 2330 1579 2357; x_wconf 87' lang='lat' dir='ltr'><strong>ludicra</strong></span> <span class='ocrx_word' id='word_1_705' title='bbox 1594 2334 1755 2357; x_wconf 88' lang='lat' dir='ltr'><strong>contemne-</strong></span> 
     </span>
    </p>
   </div>
   <div class='ocr_carea' id='block_1_104' title="bbox 967 2388 1039 2408">
    <p class='ocr_par' dir='ltr' id='par_1_104' title="bbox 967 2388 1039 2408">
     <span class='ocr_line' id='line_1_105' title="bbox 967 2388 1039 2408; baseline 0.014 -1"><span class='ocrx_word' id='word_1_706' title='bbox 967 2388 1039 2408; x_wconf 86' lang='lat' dir='ltr'><strong>mus.</strong></span> 
     </span>
    </p>
   </div>
   <div class='ocr_carea' id='block_1_105' title="bbox 1145 2486 1541 2526">
    <p class='ocr_par' dir='ltr' id='par_1_105' title="bbox 1145 2486 1541 2526">
     <span class='ocr_line' id='line_1_106' title="bbox 1145 2486 1541 2526; baseline -0.005 -12"><span class='ocrx_word' id='word_1_707' title='bbox 1145 2523 1148 2526; x_wconf 88' lang='lat'><em>_</em></span> <span class='ocrx_word' id='word_1_708' title='bbox 1178 2487 1212 2514; x_wconf 87' lang='lat' dir='ltr'><strong>x.</strong></span> <span class='ocrx_word' id='word_1_709' title='bbox 1229 2502 1263 2506; x_wconf 88' lang='lat'><strong>—-</strong></span> <span class='ocrx_word' id='word_1_710' title='bbox 1281 2486 1363 2513; x_wconf 71' lang='lat' dir='ltr'><strong>Helia:</strong></span> <span class='ocrx_word' id='word_1_711' title='bbox 1377 2486 1541 2513; x_wconf 73' lang='lat' dir='ltr'><strong>scholastica.</strong></span> 
     </span>
    </p>
   </div>
   <div class='ocr_carea' id='block_1_106' title="bbox 1004 2540 1754 2578">
    <p class='ocr_par' dir='ltr' id='par_1_106' title="bbox 1004 2540 1754 2578">
     <span class='ocr_line' id='line_1_107' title="bbox 1004 2540 1754 2578; baseline -0.003 -8"><span class='ocrx_word' id='word_1_712' title='bbox 1004 2543 1090 2578; x_wconf 85' lang='lat' dir='ltr'><strong>Leges</strong></span> <span class='ocrx_word' id='word_1_713' title='bbox 1108 2542 1141 2569; x_wconf 88' lang='lat' dir='ltr'><strong>ad</strong></span> <span class='ocrx_word' id='word_1_714' title='bbox 1159 2542 1290 2568; x_wconf 75' lang='lat' dir='ltr'><strong>auxilium</strong></span> <span class='ocrx_word' id='word_1_715' title='bbox 1306 2549 1501 2576; x_wconf 88' lang='lat' dir='ltr'><strong>oppressorum</strong></span> <span class='ocrx_word' id='word_1_716' title='bbox 1525 2541 1660 2575; x_wconf 89' lang='lat' dir='ltr'><strong>scripsere</strong></span> <span class='ocrx_word' id='word_1_717' title='bbox 1672 2540 1754 2576; x_wconf 79' lang='lat' dir='ltr'><strong>legis-</strong></span> 
     </span>
    </p>
   </div>
   <div class='ocr_carea' id='block_1_107' title="bbox 971 2584 1755 2623">
    <p class='ocr_par' dir='ltr' id='par_1_107' title="bbox 971 2584 1755 2623">
     <span class='ocr_line' id='line_1_108' title="bbox 971 2584 1755 2623; baseline -0.005 -7"><span class='ocrx_word' id='word_1_718' title='bbox 971 2590 1089 2622; x_wconf 80' lang='lat' dir='ltr'><strong>latores,</strong></span> <span class='ocrx_word' id='word_1_719' title='bbox 1113 2593 1140 2616; x_wconf 90' lang='lat' dir='ltr'><strong>et</strong></span> <span class='ocrx_word' id='word_1_720' title='bbox 1155 2589 1202 2623; x_wconf 89' lang='lat' dir='ltr'><strong>qui</strong></span> <span class='ocrx_word' id='word_1_721' title='bbox 1218 2588 1355 2615; x_wconf 86' lang='lat' dir='ltr'><strong>forensem</strong></span> <span class='ocrx_word' id='word_1_722' title='bbox 1367 2588 1451 2614; x_wconf 87' lang='lat' dir='ltr'><strong>vitam</strong></span> <span class='ocrx_word' id='word_1_723' title='bbox 1465 2591 1628 2623; x_wconf 87' lang='lat' dir='ltr'><strong>sequuntur,</strong></span> <span class='ocrx_word' id='word_1_724' title='bbox 1645 2584 1755 2613; x_wconf 89' lang='lat' dir='ltr'><strong>dicendi</strong></span> 
     </span>
    </p>
   </div>
   <div class='ocr_carea' id='block_1_108' title="bbox 968 2632 1754 2669">
    <p class='ocr_par' dir='ltr' id='par_1_108' title="bbox 968 2632 1754 2669">
     <span class='ocr_line' id='line_1_109' title="bbox 968 2632 1754 2669; baseline -0.006 -6"><span class='ocrx_word' id='word_1_725' title='bbox 968 2641 1053 2663; x_wconf 85' lang='lat' dir='ltr'><strong>artem</strong></span> <span class='ocrx_word' id='word_1_726' title='bbox 1067 2636 1074 2646; x_wconf 86' lang='lat'><strong>‘</strong></span> <span class='ocrx_word' id='word_1_727' title='bbox 1100 2639 1241 2665; x_wconf 78' lang='lat' dir='ltr'><strong>exercent,</strong></span> <span class='ocrx_word' id='word_1_728' title='bbox 1266 2637 1294 2660; x_wconf 85' lang='lat' dir='ltr'><strong>ut</strong></span> <span class='ocrx_word' id='word_1_729' title='bbox 1310 2634 1381 2669; x_wconf 86' lang='lat' dir='ltr'><strong>justa</strong></span> <span class='ocrx_word' id='word_1_730' title='bbox 1394 2641 1445 2668; x_wconf 90' lang='lat' dir='ltr'><strong>ope</strong></span> <span class='ocrx_word' id='word_1_731' title='bbox 1462 2632 1648 2668; x_wconf 90' lang='lat' dir='ltr'><strong>indigentibus</strong></span> <span class='ocrx_word' id='word_1_732' title='bbox 1660 2636 1754 2666; x_wconf 87' lang='lat' dir='ltr'><strong>patro-</strong></span> 
     </span>
    </p>
   </div>
   <div class='ocr_carea' id='block_1_109' title="bbox 967 2679 1753 2716">
    <p class='ocr_par' dir='ltr' id='par_1_109' title="bbox 967 2679 1753 2716">
     <span class='ocr_line' id='line_1_110' title="bbox 967 2679 1753 2716; baseline -0.006 -6"><span class='ocrx_word' id='word_1_733' title='bbox 967 2684 1104 2710; x_wconf 87' lang='lat' dir='ltr'><strong>cinentur.</strong></span> <span class='ocrx_word' id='word_1_734' title='bbox 1135 2681 1176 2709; x_wconf 89' lang='lat' dir='ltr'><strong>Tu</strong></span> <span class='ocrx_word' id='word_1_735' title='bbox 1201 2681 1295 2716; x_wconf 82' lang='lat' dir='ltr'><strong>igitur,</strong></span> <span class='ocrx_word' id='word_1_736' title='bbox 1320 2681 1410 2715; x_wconf 88' lang='lat' dir='ltr'><strong>quiet</strong></span> <span class='ocrx_word' id='word_1_737' title='bbox 1426 2679 1611 2715; x_wconf 89' lang='lat' dir='ltr'><strong>eloquentiam</strong></span> <span class='ocrx_word' id='word_1_738' title='bbox 1624 2683 1652 2707; x_wconf 89' lang='lat' dir='ltr'><strong>et</strong></span> <span class='ocrx_word' id='word_1_739' title='bbox 1663 2679 1753 2713; x_wconf 79' lang='lat' dir='ltr'><strong>legum</strong></span> 
     </span>
    </p>
   </div>
   <div class='ocr_carea' id='block_1_110' title="bbox 176 2856 1642 2894">
    <p class='ocr_par' dir='ltr' id='par_1_110' title="bbox 176 2856 1642 2894">
     <span class='ocr_line' id='line_1_111' title="bbox 176 2856 1642 2894; baseline 0.002 -11"><span class='ocrx_word' id='word_1_740' title='bbox 176 2857 203 2892; x_wconf 78' lang='grc'><strong>5)</strong></span> <span class='ocrx_word' id='word_1_741' title='bbox 219 2856 257 2884; x_wconf 78' lang='lat' dir='ltr'><strong>Ad</strong></span> <span class='ocrx_word' id='word_1_742' title='bbox 284 2856 440 2892; x_wconf 62' lang='lat' dir='ltr'><strong>pmfcclum</strong></span> <span class='ocrx_word' id='word_1_743' title='bbox 464 2859 523 2886; x_wconf 90' lang='lat' dir='ltr'><strong>urbi</strong></span> <span class='ocrx_word' id='word_1_744' title='bbox 547 2858 674 2893; x_wconf 75' lang='lat' dir='ltr'><strong>scriptam</strong></span> <span class='ocrx_word' id='word_1_745' title='bbox 699 2858 762 2885; x_wconf 83' lang='lat' dir='ltr'><strong>citat</strong></span> <span class='ocrx_word' id='word_1_746' title='bbox 779 2857 912 2886; x_wconf 81' lang='lat' dir='ltr'><strong>Baronius</strong></span> <span class='ocrx_word' id='word_1_747' title='bbox 927 2858 1026 2888; x_wconf 81' lang='lat' dir='ltr'><strong>Annal.</strong></span> <span class='ocrx_word' id='word_1_748' title='bbox 1048 2858 1081 2886; x_wconf 82' lang='lat' dir='ltr'><strong>ad</strong></span> <span class='ocrx_word' id='word_1_749' title='bbox 1097 2870 1122 2886; x_wconf 66' lang='grc' dir='ltr'>ιι.</span> <span class='ocrx_word' id='word_1_750' title='bbox 1138 2859 1168 2887; x_wconf 84' lang='lat' dir='ltr'><strong>C.</strong></span> <span class='ocrx_word' id='word_1_751' title='bbox 1187 2859 1248 2894; x_wconf 69' lang='grc' dir='ltr'><strong>ΗΞ,</strong></span> <span class='ocrx_word' id='word_1_752' title='bbox 1269 2863 1352 2894; x_wconf 75' lang='grc' dir='ltr'>ωιῑι..</span> <span class='ocrx_word' id='word_1_753' title='bbox 1367 2863 1432 2887; x_wconf 88' lang='lat' dir='ltr'><strong>tom.</strong></span> <span class='ocrx_word' id='word_1_754' title='bbox 1449 2857 1494 2892; x_wconf 84' lang='lat' dir='ltr'><strong>Vl,</strong></span> <span class='ocrx_word' id='word_1_755' title='bbox 1510 2867 1536 2894; x_wconf 89' lang='lat' dir='ltr'><strong>p.</strong></span> <span class='ocrx_word' id='word_1_756' title='bbox 1555 2859 1595 2893; x_wconf 80' lang='lat'><strong>[6,</strong></span> <span class='ocrx_word' id='word_1_757' title='bbox 1611 2858 1642 2886; x_wconf 91' lang='lat' dir='ltr'><strong>D.</strong></span> 
     </span>
    </p>
   </div>
  </div>
