1962 3051
210 123 277 157 1183

699 123 941 153 THEODORETI
961 123 1131 155 EPISCOPI
1150 125 1332 155 CYRENSIS

1770 118 1842 152 1184

208 178 352 208 scientiam
377 177 493 212 adeptus
512 184 553 209 es,
569 175 668 208 amice,
688 181 746 203 arte
765 180 843 203 utere
861 181 892 204 ut
905 175 994 203 decet.

1053 178 1136 205 τοίνυν
1161 177 1334 214 ῥητορικῶν,
1361 175 1408 203 καὶ
1428 174 1480 210 τῆς
1495 174 1550 201 τῶν
1567 174 1656 210 νόμων
1681 173 1841 209 ἐπιστήμης

207 225 274 251 Arte
285 224 336 251 feri
351 223 477 258 injuriam
490 222 631 254 facientes,
650 226 678 249 et
692 221 726 248 ab
739 221 783 248 his
795 221 872 248 lzesos
887 221 996 256 adjuva,

209 269 283 304 leges
298 273 425 302 tanquam
439 272 547 295 scutum
563 275 705 302 opponens
721 276 728 293 :
742 266 835 294 nullus
847 275 911 294 vero
927 267 999 302 inju-

208 314 277 341 riam
301 313 405 340 faciens
433 312 618 346 patrocinium
643 311 785 343 obtineat,
813 312 939 346 quamvis
961 312 997 339 sit

207 359 449 387 familiarissimus.
479 358 535 385 lloc
556 363 647 385 autem
663 366 697 384 ex
713 365 829 385 numero
851 362 893 385 cst
907 358 996 384 Abra-

208 411 282 435 mes,
299 404 342 430 vir
357 403 493 437 pessimus
511 411 518 429 :
536 404 582 437 qui
598 407 742 437 postquam
755 411 850 437 agrum
866 403 996 430 ecclesia-

208 448 307 476 sticum
332 449 439 476 diutino
457 453 578 483 tempore
593 449 726 480 incoluit,
753 448 887 483 quosdam
902 452 997 482 postea

207 493 338 528 nequitia:
358 493 448 520 socios
473 493 536 520 inde
558 493 709 525 asciscens,
736 500 769 519 ea
783 496 825 519 est
839 499 922 518 ausus
937 499 998 526 quae

207 545 301 574 aperte
316 539 405 566 fassus
418 543 468 566 est.
485 539 544 565 Misi
555 547 639 574 porro
654 547 716 566 cum
727 539 774 565 illo
789 543 816 565 et
826 543 896 569 acta,
911 542 938 564 et
949 545 997 565 eos

208 585 255 619 qui
272 585 372 620 injuria
388 588 452 612 sunt
467 585 569 616 atl‘ecti,
593 592 625 612 ac
640 584 876 619 religiosissimum
889 583 996 611 Geron-

208 629 277 656 tium
290 630 489 657 subdiaconum
504 639 509 656 :
522 637 577 656 non
590 634 619 656 ut
629 630 737 665 legibus
750 629 862 656 noxium
876 628 996 660 tradant,

207 674 256 702 sed
272 680 302 702 ut
314 675 347 702 de
361 675 394 702 iis
409 684 470 710 quae
484 675 556 710 passi
571 679 635 702 sunt
649 675 774 710 peritiam
792 679 866 702 tuam
880 674 999 701 edoeen-

208 723 260 751 tes,
272 723 299 746 et
311 719 344 746 ad
356 717 622 748 commiserationem
635 724 838 756 permoventes,
850 720 996 747 scelestum

208 765 348 793 hominem
367 771 397 793 ut
408 767 497 793 ablata
512 766 610 793 reddat
624 773 724 801 cogere
738 765 940 800 persuadeant.

255 903 300 932 XI.
316 920 351 924 —
366 901 494 932 Flaviano
511 907 629 941 episcopo
642 906 946 943 Constantinopolitano.

244 985 349 1013 Lumen
368 990 393 1013 te
408 986 485 1014 orbis
499 987 684 1014 clarissimum
710 988 838 1015 exhibuit
852 989 998 1017 universo-

209 1039 270 1059 rum
285 1032 412 1060 conditor
430 1035 459 1060 et
472 1033 630 1060 moderator
642 1054 649 1066 ,
675 1034 876 1070 obscuramque
890 1041 999 1063 noctem

208 1076 237 1104 in
255 1085 352 1112 puram
372 1078 515 1106 meridiem
531 1080 679 1107 convertit.
699 1080 807 1116 1069
819 1081 852 1108 Et
864 1082 999 1116 quemad-

208 1124 321 1151 modum
341 1125 418 1160 juxta
433 1129 530 1159 portus
546 1125 573 1152 in
588 1127 698 1161 specula
712 1128 819 1161 positus
830 1128 902 1163 ignis
917 1134 999 1156 nocte

208 1169 402 1205 navigantibus
418 1171 522 1198 aditum
539 1176 636 1206 portus
647 1173 777 1204 ostendit,
793 1174 833 1200 sic
846 1174 1000 1203 sanctitatis

209 1218 263 1242 tua:
278 1215 370 1242 radius
384 1217 494 1250 pietatis
507 1225 589 1244 causa
605 1218 708 1246 vexatis
720 1220 837 1246 maxima
848 1221 1000 1248 consolatio

209 1255 316 1300 illuxit,
343 1267 371 1288 ct
394 1263 551 1296 apostolica:
570 1262 633 1290 ﬂtlei
663 1269 772 1298 portum
799 1266 929 1300 patefecit
946 1274 952 1292 :
968 1274 1000 1293 ac

209 1306 328 1334 scientes
344 1307 445 1341 pariter
462 1308 555 1335 latitia
572 1309 705 1344 replevit,
725 1310 834 1345 ignaros
850 1318 865 1338 a
879 1311 1001 1346 scopulis

209 1350 346 1379 liberavit.
360 1353 416 1388 Ego
427 1361 492 1381 vero
504 1362 560 1388 pra‘:
572 1356 680 1382 caeteris
693 1355 828 1383 bonorum
841 1357 999 1392 largitorem

208 1396 308 1430 laudo,
336 1403 480 1426 strenuum
501 1406 599 1428 nactus
621 1401 812 1434 defensorem,
838 1403 885 1437 qui
907 1403 1000 1430 divino

1050 224 1221 260 μεταλαχὼν,
1249 221 1271 250 ὦ
1295 224 1359 258 φίλη
1383 221 1504 257 κεφαλὴ,
1527 222 1568 253 είς
1589 220 1648 247 δέον
1676 220 1776 255 χρῆσαι
1803 220 1840 255 τῇ

1047 270 1140 305 τέχνῃ,
1153 270 1199 296 καὶ
1215 269 1297 304 βάλλε
1313 269 1345 304 τῇ
1359 268 1442 304 τέχνῃ
1459 268 1522 298 τοὺς
1534 265 1705 297 ἀδικοῦντας.
1722 267 1768 293 καὶ
1782 267 1842 297 τοῖς

1050 317 1095 342 ὑπ’
1119 315 1231 342 ἐκείνων
1260 314 1437 350 βαλλομένοις
1462 313 1596 348 ἐπάμυνε,
1621 311 1840 347 προϐαλλόμενος

1048 362 1174 397 καθάπερ
1195 362 1297 389 ἀσπίδα
1325 361 1390 392 τοὺς
1409 359 1526 395 νόμους·
1555 359 1601 385 καὶ
1625 359 1717 393 μηδεὶς
1739 358 1841 384 ἀδικῶν

1049 407 1210 433 ἀπολαυὲτω
1233 405 1416 441 συνηγορίας,
1439 404 1489 432 κᾶν
1511 404 1678 434 οἰκειότατος
1749 400 1796 434 Εἷς
1810 402 1841 428 δὲ

1049 453 1151 480 τούτων
1168 452 1311 487 Ἁϐράμης
1335 452 1350 477 ό
1375 451 1522 481 κάκιστος”
1537 450 1566 481 ὃς
1591 449 1675 485 ἀγρὸν
1692 449 1841 484 ἐκκλησια-

1050 498 1142 525 στικὸν
1167 497 1262 533 χρόνον
1283 497 1397 531 οἰκήσας
1416 495 1525 530 συχνὸν,
1542 493 1602 521 εἷτά
1621 503 1698 526 τινας
1714 492 1843 520 ἐντεῦθεν

1049 544 1088 575 είς
1107 542 1250 570 κοινωνίαν
1268 542 1319 576 τῆς
1334 541 1505 576 κακουργίας
1521 540 1622 573 λαϐὼν,
1639 540 1806 575 τετόλμηκεν
1823 538 1843 565 ἃ

1050 588 1142 623 σαφῶς
1157 588 1343 624 ὡμολόγησεν.
1365 587 1528 613 Ἀπέστειλα
1544 586 1572 613 δὲ
1590 587 1637 613 σὺν
1655 585 1729 621 αὐτῷ
1747 586 1793 612 καὶ
1806 586 1843 612 τὰ

1050 633 1244 670 πεπραγμένα,
1259 634 1306 660 καὶ
1329 633 1393 664 τοὺς
1412 633 1604 668 ὴδικημένους,
1621 632 1668 658 καὶ
1690 631 1736 658 τδν
1760 631 1843 657 εὐλα-

1053 680 1182 709 ϐέστατον
1198 679 1340 715 Γερόντιον
1360 679 1405 705 τὸν
1432 679 1625 705 ὐποδιάκονον·
1644 677 1693 712 οὐχ
1715 677 1759 703 ἵνα
1782 678 1843 708 τοῖς

1052 727 1146 761 νόμοις
1160 726 1301 762 παραδῶσι
1320 726 1366 752 τὸν
1395 725 1546 760 ἀλιτήριον,
1565 724 1622 750 ἀλλ’
1650 724 1694 750 ἵνα
1719 723 1767 759 τὴν
1789 723 1842 758 σὴν

1015 779 1034 806 Β
1050 773 1192 806 διδάξωσιν
1217 772 1235 799 ἃ
1254 772 1405 798 πεπόνθασι
1432 771 1575 797 παίδευσιν
1601 770 1648 797 καὶ
1674 769 1841 804 συναλγῆσαι

1050 819 1307 854 παρασκευάσαντες
1328 818 1458 845 πείσωσιν
1487 817 1646 852 ἀναγκάσαι
1672 817 1718 843 τδν
1734 816 1841 843 ἀνόσιον

1049 864 1192 900 ἄνθρωπον
1213 864 1359 891 ἀποδοῦναι
1376 863 1410 890 τὰ
1424 862 1585 897 συληθέντα.

1050 910 1100 937 IA'.
1126 925 1160 930 —
1184 909 1343 943 Φλασιανῷ
1367 909 1525 970 tia-Suadam
1551 906 1840 935 Κωνσταντινουπδ-

1422 953 1488 970 εωρ.

1422 953 1488 977 εως.

1084 991 1219 1026 Φωστῆρά
1235 1000 1265 1017 σε
1285 991 1334 1026 τῆς
1348 990 1513 1025 οἰκουμένης
1528 989 1678 1024 φανότατον
1699 988 1842 1022 ἀπέφηνεν

1050 1038 1064 1063 ό
1077 1037 1131 1063 τῶν
1146 1037 1215 1063 ὅλων
1235 1037 1354 1072 Ποιητής
1373 1044 1402 1062 τε
1425 1037 1472 1062 καὶ
1487 1035 1634 1071 Πρύτανις,
1657 1035 1705 1061 καὶ
1724 1033 1774 1069 τὴν
1792 1033 1842 1068 βα-

1051 1083 1126 1110 θείαν
1134 1083 1306 1118 σκοτομήνην
1317 1083 1358 1114 είς
1370 1081 1494 1117 καθαρὰν
1507 1081 1637 1116 μετέὃαλε
1652 1079 1838 1115 μεσημϐρίαν.

1051 1128 1106 1154 Καὶ
1121 1127 1246 1160 καθάπερ
1257 1127 1287 1153 τὺ
1303 1127 1378 1162 παρὰ
1389 1127 1451 1158 τοὺς
1465 1126 1579 1161 λιμένας
1591 1124 1841 1160 φρυκτωρούμενον

1051 1173 1106 1208 πῦρ
1133 1175 1190 1204 τοῖς
1215 1171 1435 1206 ναυτιλλομένοις
1459 1170 1569 1204 νύκτωρ
1595 1169 1764 1196 ἐπιδείκνυσι
1791 1168 1841 1195 τοῦ

1050 1218 1160 1254 λιμένος
1175 1219 1206 1245 τὺ
1220 1217 1317 1252 στόμα,
1335 1216 1422 1248 οὕτως
1437 1217 1453 1251 ἡ
1465 1217 1513 1251 τῆς
1529 1216 1579 1250 σῆς
1593 1214 1748 1249 ἁγιωσύνης
1761 1214 1842 1245 ἀκτὶς

1050 1267 1106 1296 τοῖς
1131 1265 1201 1300 ὑπὲρ
1224 1264 1272 1298 τῆς
1306 1263 1448 1295 εὐσεϐείας
1480 1262 1695 1297 πολεμουμένοις
1719 1260 1841 1295 ἀνεφάνη

1053 1309 1168 1344 μεγίστη
1193 1308 1353 1344 παραψυχὴ,
1378 1307 1493 1343 καὶτῆς
1519 1306 1702 1340 ἁποστολικῆς
1722 1306 1842 1336 πίστεως

1051 1354 1173 1387 ἐπέδειξε
1192 1354 1236 1381 τὸν
1255 1354 1364 1389 λιμένα,
1381 1354 1430 1380 καὶ
1451 1353 1514 1385 τούς
1527 1362 1557 1379 τε
1576 1353 1681 1384 εἰδότας
1703 1351 1842 1387 θυμηδίας

1052 1401 1196 1436 ἐνέπλησε,
1207 1400 1270 1432 τούς
1285 1409 1314 1427 τε
1332 1399 1497 1434 ἀγνοοῦντας
1513 1399 1687 1434 ἠλευθέρωσε
1700 1398 1754 1424 τῶν
1773 1406 1837 1424 σκο-

210 1443 310 1472 timore
325 1445 476 1474 humanum
493 1450 627 1473 terrorem
641 1447 755 1478 excutit,
774 1452 802 1474 et
817 1457 866 1483 pro
881 1456 999 1484 evange-

1053 1448 1152 1474 πέλων.
1175 1447 1246 1482 Ἐγὼ
1269 1447 1296 1473 δὲ
1314 1447 1498 1482 διαφερόντως
1519 1446 1564 1472 τὸν
1587 1445 1641 1472 τῶν
1660 1444 1770 1479 ἀγαθῶν
1794 1445 1842 1470 ἀν-

209 1489 269 1518 licis
292 1491 467 1525 dogmatibus
493 1493 620 1520 alacriter
641 1493 770 1526 dimicat,
802 1499 830 1522 ct
851 1495 1000 1529 apostolica

209 1538 361 1565 certamina
384 1538 504 1566 libenter
525 1539 693 1574 aggreditur.
724 1541 819 1575 Itaque
841 1541 932 1568 omnis
942 1541 999 1576 jam

209 1581 302 1617 lingua
316 1582 343 1609 in
358 1583 511 1611 sanctitatis
526 1589 579 1612 tua:
593 1584 689 1611 laudes
702 1584 842 1612 incitatur.
858 1584 914 1612 Nec
926 1586 1001 1613 enim

210 1627 261 1654 soli
275 1628 384 1661 pietatis
394 1629 497 1655 alumni
512 1630 647 1656 sinceram
661 1629 741 1656 tidem
753 1634 826 1657 tuam
839 1631 999 1665 praedicant,

211 1673 259 1701 sed
274 1673 326 1708 ipsi
341 1674 423 1700 etiam
437 1674 531 1702 hostes
543 1676 665 1702 veritatis
682 1676 873 1704 fortitudinem
888 1685 1001 1712 magno-

210 1726 276 1754 pere
291 1721 493 1747 commendant.
527 1721 658 1749 Veritatis
676 1723 778 1758 quippe
809 1723 1002 1758 splendoribus

210 1765 284 1792 cedit
310 1766 495 1793 mendacium.
526 1767 589 1794 Haec
607 1775 681 1795 nunc
699 1769 801 1801 scribo,
825 1769 1001 1808 revprendis-

210 1810 310 1837 nimum
323 1816 350 1838 et
361 1811 597 1846 religiosissimum
611 1813 757 1848 Hypatium
769 1814 900 1841 lectorem
912 1814 1002 1842 sciens

209 1858 238 1882 et
254 1860 381 1890 prompto
400 1857 492 1883 animo
510 1857 663 1885 sanctitatis
679 1862 731 1885 tum
747 1858 862 1886 nutibus
874 1858 1001 1893 obsequi,

209 1904 238 1927 et
253 1902 424 1935 egregiorum
441 1901 594 1928 facinorum
609 1906 730 1934 tuorum,
755 1902 877 1935 domine,
902 1911 1002 1938 perpe-

212 1948 285 1972 tuam
302 1946 392 1973 facere
410 1947 586 1975 mentionem.
612 1948 742 1975 Sanctum
759 1948 870 1983 Deoqne
887 1949 1002 1976 charum

209 1996 293 2026 caput
314 1995 391 2019 tuum
412 1994 619 2028 amplectentes,
636 2002 748 2022 oramus
765 1999 793 2022 ut
809 1995 939 2029 precibus
953 2003 1003 2024 nos

209 2036 318 2070 fulcias,
335 2043 365 2066 ut
379 2040 453 2074 quod
469 2040 605 2075 reliquum
620 2046 662 2068 est
676 2041 738 2068 vita:
753 2042 830 2076 juxta
845 2042 918 2077 leges
929 2041 1002 2070 diviv

210 2089 260 2110 nas
273 2091 447 2120 peragamus.

1054 1493 1130 1529 υμνῶ
1147 1492 1276 1528 χορηγὸν,
1306 1493 1447 1528 πρόμαχον
1463 1493 1587 1526 γενναῖον
1609 1490 1707 1526 εὑρὼν,
1722 1490 1760 1525 τῷ
1776 1490 1842 1524 θείῳ

1054 1539 1129 1573 φόϐῳ
1143 1538 1173 1565 τὸ
1185 1537 1356 1573 ἀνθρώπειον
1374 1537 1553 1570 ἐξελαύνοντα
1576 1537 1645 1568 δέος.
1662 1537 1708 1563 καὶ
1729 1536 1783 1562 τῶν
1802 1536 1844 1561 εὑ-

1051 1583 1204 1618 αγγελικῶν
1232 1583 1376 1618 δογμάτων
1405 1583 1554 1618 προθύμως
1577 1583 1841 1619 προκινδυνεύοντα,

1051 1630 1100 1656 καὶ
1117 1631 1179 1661 τοὺς
1208 1629 1403 1660 ἀποστολικοὺς
1422 1628 1532 1662 ἀγῶνας
1548 1628 1692 1659 ἀσπασίως
1713 1627 1844 1662 ἀναδεχός

1054 1684 1144 1711 μενον.
1165 1676 1220 1701 Καὶ
1233 1676 1308 1702 πᾶσα
1321 1675 1350 1701 δὲ
1367 1674 1473 1709 γλῶττα
1488 1674 1536 1700 νῦν
1551 1675 1591 1705 εἰς
1607 1673 1746 1708 εὐφημίαν
1761 1674 1843 1700 κινεῖς

1052 1730 1098 1748 ται
1114 1722 1164 1756 τῆς
1181 1721 1230 1756 σῆς
1252 1721 1404 1755 ἁγιότητος.
1419 1720 1456 1746 Οὐ
1470 1719 1524 1755 γὰρ
1545 1720 1620 1754 μόνοι
1636 1719 1686 1754 τῆς
1700 1719 1842 1750 εὐσεϐείας

1051 1767 1077 1794 οί
1092 1767 1222 1804 τρόφιμοι
1242 1766 1415 1801 θαυμάζουσι
1426 1766 1456 1792 τὸ
1481 1765 1532 1800 τῆς
1548 1766 1667 1796 πίστεως
1680 1764 1841 1799 ἀκραιφνὲς,

1052 1812 1120 1839 ἀλλὰ
1142 1812 1224 1838 κο.ὶοῖ
1239 1812 1288 1844 τῆς
1312 1811 1441 1845 ἀληθείας
1465 1810 1590 1846 πολέμιοι
1605 1809 1666 1836 λίαν
1684 1810 1776 1845 ᾄδουσι
1792 1809 1843 1845 τὴν

1053 1857 1175 1893 ἀνδρίαν.
1191 1858 1258 1888 Ταῖς
1281 1856 1336 1892 γὰρ
1350 1857 1398 1892 τῆς
1416 1856 1546 1892 ἀληθείας
1574 1856 1729 1891 ἀστραπαῖς
1753 1863 1843 1890 παρα-

1053 1905 1137 1939 χωρεῖ
1151 1903 1182 1929 τὸ
1196 1902 1302 1937 ψεῦδος.
1321 1902 1413 1929 Ταῦτα
1428 1902 1474 1928 νῦν
1486 1902 1595 1937 γράφω,
1612 1902 1656 1928 τὸν
1678 1901 1843 1936 τιμιώσετον

1056 1950 1104 1977 καὶ
1121 1949 1319 1976 εὐλαϐέστατον
1342 1948 1472 1975 Ὑπάτιον
1489 1947 1534 1975 τὸν
1553 1947 1731 1983 ἀναγνώστην
1753 1947 1841 1980 εἰδὼς,

1055 1997 1103 2022 καὶ
1120 1995 1270 2031 προθύμως
1286 1995 1335 2030 μὲν
1347 1995 1402 2026 τοῖς
1416 1994 1465 2028 τῆς
1487 1994 1536 2028 σῆς
1549 1993 1690 2028 ὁσιότητος
1706 1993 1844 2020 διακονού-

1056 2051 1135 2076 μενον
1161 2041 1288 2077 νεύμασι,
1309 2040 1441 2076 διηνεκῶς
1466 2040 1493 2067 δὲ
1520 2039 1574 2067 τῶν
1598 2040 1763 2072 ἁξιεπλίνων
1783 2049 1842 2071 σου,

1054 2087 1182 2119 δέσποτα,
1206 2086 1380 2122 μεμνημένον
1397 2085 1630 2120 κατορθωμάτων.
1657 2085 1710 2113 Καί
1732 2093 1778 2111 σου
1795 2085 1843 2120 τὴν

210 2131 292 2166 ἁγίαν
315 2133 361 2159 καὶ
381 2133 441 2168 Θεῷ
471 2133 551 2169 φίλην
580 2135 826 2170 περιπτυσσόμενοι
853 2136 982 2172 κεφαλὴν,
1002 2137 1061 2170 ταῖς
1084 2136 1249 2171 προσευχαῖς
1277 2135 1351 2171 ἡμᾶς
1374 2134 1525 2169 ὑπερείδειν
1549 2133 1772 2169 παρακαλοῦμεν,
1801 2134 1844 2160 ἴνα

210 2179 242 2206 τὺ
257 2179 323 2216 γοῦν
348 2180 509 2216 λειπόμενον
534 2182 584 2217 τῆς
609 2182 682 2217 ζωῆς
699 2183 770 2210 κατὰ
786 2184 850 2216 τοὺς
864 2184 953 2216 θείους
968 2185 1111 2220 βιώσωμεν
1127 2184 1235 2219 νόμους.

422 2238 480 2265 ΧΠ.
493 2253 528 2258 -—
537 2238 640 2266 [remeo
658 2240 789 2275 episcopo.

245 2284 389 2312 Maximam
415 2285 488 2312 illam
513 2289 542 2312 et
558 2285 761 2314 adamantinam
774 2288 885 2320 turrim,
902 2287 1002 2316 Jobum

210 2328 283 2363 dico,
302 2335 446 2358 strenuum
461 2330 573 2358 virtutis
588 2331 730 2363 athletam.
748 2341 799 2360 nec
814 2333 1003 2368 frequentium

210 2376 301 2405 omnis
320 2376 429 2411 generis
451 2384 636 2404 aerumnarum
662 2377 782 2412 impetus
800 2378 928 2412 perculit,
954 2378 1002 2406 sed

212 2421 380 2449 immobilem
411 2422 504 2457 potius
541 2427 569 2449 et
601 2423 840 2458 inexpugnabilem
870 2424 1000 2452 ostendit.

210 2467 275 2495 Post
293 2467 373 2495 tinem
385 2476 451 2495 vero
465 2467 646 2496 certaminum
659 2489 666 2499 ,
692 2469 876 2496 tentationum
891 2477 1003 2496 causam

214 2513 321 2549 1070
337 2514 427 2548 justus
443 2514 584 2549 legislator
600 2515 709 2548 aperuit
723 2515 841 2542 dicens:
861 2524 869 2540 ι
884 2515 1003 2542 Putasne

211 2565 254 2586 me
279 2559 361 2585 aliter
387 2559 563 2594 respondisse
585 2560 649 2593 tibi,
678 2568 760 2595 quam
775 2561 905 2595 utjustus
918 2568 1002 2595 appa-

213 2604 320 2633 reas”?
334 2613 343 2629 ι
372 2604 434 2632 Ilmc
446 2605 529 2633 verba
547 2606 676 2641 pietatem
688 2614 796 2641 quoque
810 2611 883 2633 tuam
906 2606 1003 2634 audire

212 2650 345 2682 arbitror,
361 2659 421 2686 qua:
445 2651 547 2679 multos
571 2655 599 2679 et
619 2651 744 2680 diversos
764 2652 942 2679 molestnrum
958 2660 1002 2679 rc-

248 2728 270 2745 ¹⁸
281 2729 333 2757 Job
348 2737 390 2762 ιιι,
411 2730 435 2757 t.

1232 2239 1282 2266 lB’.
1292 2254 1326 2258 ———
1342 2239 1487 2272 Εἰρηναίῳ
1501 2239 1666 2271 ὲπισκόπῳ.

1091 2287 1143 2313 Τὸν
1157 2285 1285 2321 μέγιστον
1298 2285 1401 2311 ἐκεῖνον
1412 2284 1459 2310 καὶ
1473 2284 1655 2319 ἀδαμάντινον
1673 2283 1787 2318 πύργον,
1799 2283 1844 2309 τὸν

1061 2333 1120 2360 Ὶώσ
1137 2341 1218 2368 φημι,
1235 2332 1280 2358 τὸν
1301 2331 1424 2365 γενναῖον
1448 2330 1499 2364 τῆς
1519 2330 1621 2365 ἀρετῆς
1636 2329 1767 2364 ἀθλητὴν,
1783 2329 1843 2356 οὐδὲ

1054 2380 1070 2413 ἡ
1089 2378 1143 2404 τῶν
1158 2377 1264 2412 συχνῶν
1279 2376 1328 2405 καὶ
1352 2375 1531 2403 παντοδαπῶν
1551 2375 1683 2410 λυπηρῶν
1704 2375 1844 2402 κατέσεισε

1055 2423 1209 2458 προσϐολὴ,
1236 2422 1304 2449 ἀλλὰ
1328 2421 1428 2457 μᾶλλον
1454 2422 1581 2456 ἀκίνητόν
1603 2430 1632 2448 τε
1662 2422 1710 2448 καὶ
1738 2421 1845 2456 ἄμαχον

1053 2469 1163 2500 ἔδειξεν.
1193 2468 1270 2495 Μετὰ
1299 2468 1390 2503 μέντοι
1414 2468 1467 2494 τῶν
1486 2467 1599 2501 ἀγώνων
1624 2468 1655 2494 τὸ
1679 2468 1773 2498 τέλος,
1795 2468 1844 2502 τὴν

1053 2514 1106 2541 τῶν
1124 2513 1286 2550 πειρασμῶν
1308 2513 1396 2540 αἰτίαν
1416 2513 1430 2539 ό
1446 2513 1551 2544 δίκαιος
1575 2513 1724 2548 νομοθέτης
1741 2513 1843 2548 ἐδήλω-

1055 2569 1109 2593 σεν,
1126 2559 1212 2591 οὕτως
1227 2559 1326 2586 εἰπών·
1345 2568 1353 2585 ι
1367 2559 1424 2586 Οἴει
1440 2558 1468 2585 δὲ
1486 2567 1519 2592 με
1536 2559 1623 2589 ἄλλως
1641 2567 1681 2585 σοι
1699 2566 1841 2594 κεχρημα-

1053 2605 1197 2641 τικέναι,ἦ
1214 2606 1257 2632 ἵνα
1272 2606 1375 2636 δίκαιος
1396 2605 1553 2639 ἁναφανῇς;
1570 2614 1578 2629 ι
1600 2605 1709 2631 Τούτων
1736 2603 1845 2630 ἀκούειν

1053 2651 1108 2678 τῶν
1138 2651 1226 2685 λόγων
1253 2651 1300 2677 καὶ
1326 2650 1373 2685 τὴν
1398 2650 1447 2684 σὴν
1476 2650 1661 2685 ὑπολαμϐάνω
1689 2649 1842 2685 φιλοθεΐαν,

249 2797 287 2833 (4)
307 2798 402 2837 Exstat
418 2798 476 2826 haec
496 2798 609 2837 epistola
624 2806 639 2825 e
658 2797 752 2825 Latina
773 2797 845 2825 Metii
868 2798 999 2833 interpret

1053 2806 1094 2827 me
1129 2797 1201 2834 apud
1235 2798 1381 2826 Bsronium
1400 2798 1499 2826 Αηηιιί.
1525 2798 1558 2825 ad
1579 2805 1603 2825 a.
1635 2798 1665 2825 (Ι.
1691 2797 1752 2830 ιιι),
1779 2800 1843 2827 tom.

213 2833 261 2867 Vi,
278 2842 306 2869 ιι.
326 2834 385 2861 l0t.
