1962 3051
101 163 174 196 1185

101 271 190 307 μένην
210 270 383 306 πραγμάτων
400 270 538 304 ἐνεγκεῖν·
554 270 615 304 οὐχ).
631 269 773 304 φυγοῦσαν
783 269 811 295 δὲ
826 268 894 295 ταύ-

97 325 164 349 τας,
182 316 252 343 ἀλλὰ
271 316 301 343 τὸ
326 316 375 351 τῆς
395 315 552 349 οἰκονομίας
566 315 603 350 (5)
622 314 752 350 σταθερὸν
769 315 816 341 καὶ
833 321 893 340 στε-

102 362 238 398 ρεώτερον
258 362 416 394 διδάξασαν.
437 361 546 395 Ταύτην
569 361 631 388 ίδὼν
650 362 699 396 τῆς
723 360 800 396 ἱερᾶς
816 360 893 395 ὑμῶν

99 409 192 444 ψυχῆς
207 408 332 444 ἀνδρείαν
351 409 365 435 ὁ
387 407 575 442 μεγαλόδωρος
595 407 744 441 Δεσπότης,
769 407 819 433 οὐκ
843 406 892 440 ὴν-

103 455 203 489 έσχετο
234 453 337 489 κρύψαι
364 453 523 488 ἀξιόκτητον
551 452 678 488 ἀθλητὴν.
695 452 752 479 ἀλλ’
767 452 806 483 εἰς
831 452 895 483 τοὺς

101 500 214 534 ἀγῶνας
236 500 400 534 είσήγαγενυ
428 499 470 525 ῖνα
493 498 543 533 τὴν
562 499 611 534 μὲν
635 498 788 533 σεϐασμίαν
817 497 894 532 ὑμῶν

101 545 225 580 κεφαλὴν
235 544 274 580 τῷ
291 544 432 580 νικηφόρῳ
447 545 648 580 κατακοσμήσῃ
663 543 800 578 στεφάνῳ,
810 543 893 578 ἀρχέ-

100 599 188 618 τυπον
211 590 239 617 δὲ
265 590 399 624 ὠφελείας
427 591 490 621 τοὺς
516 590 666 625 ὑμετέρους
687 588 784 619 ἄλλους
807 596 892 623 προσ-

100 638 203 673 ενέγκῃ
215 638 271 668 τοῖς
285 637 387 668 ἄλλοις.
402 636 530 671 Συνήθως
541 635 641 667 τοίνυν,
658 631 680 661 ὦ
696 635 761 670 φίλη
776 633 892 670 κεφαλὴ,

101 684 150 710 καὶ
165 684 240 710 τόνδε
265 684 377 718 νίκῃσον
403 682 449 708 τὸν
472 681 577 716 ἀγῶνα,
602 682 650 708 καὶ
676 682 742 718 ςέρε
763 681 893 715 γενναίως

99 728 149 756 τοῦ
170 729 303 765 ὑμετέρου
324 729 373 763 μὲν
399 728 539 764 γαμϐροῦ,
570 729 636 762 ἐμοῦ
660 727 688 754 δὲ
705 727 892 762 γνησιωτάτου

100 776 181 810 φίλου
197 776 247 810 τὴν
267 775 405 809 τελευτήν.
423 775 477 801 Καὶ
500 774 610 808 νίκηςον
634 775 667 808 τῇ
684 773 828 808 φιλοσοφίᾳ
846 772 894 799 καὶ

100 822 265 856 συγγένειαν
283 821 330 847 καὶ¹
360 820 471 856 μνήμην
491 819 565 855 ἠθῶν
587 820 686 855 ἄριστα
714 819 893 855 κεκραμένων

98 867 148 893 καὶ
164 866 336 901 ἐλευθερίως,
350 866 469 892 νικῶσαν
488 865 535 892 καὶ
548 865 703 899 ζωγράφων
721 864 828 899 τέχνην,
846 864 893 890 καὶ

791 162 974 195 EPISTULA
989 163 1067 193 XIV.

97 225 205 256 mm;
223 224 270 251 καὶ
285 223 431 260 διαφόρους
448 223 602 259 προσϐολὰς
625 223 794 258 σκυθρωπῶν
811 224 888 250 δυνα-

946 230 1007 249 rum
1037 222 1156 257 impetus
1179 221 1294 257 pertulit
1319 231 1324 248 :

1670 162 1738 196 1186

1350 229 1401 250 nec
1421 222 1509 250 solum
1533 221 1600 250 istos
1624 223 1738 251 minime

946 268 1111 300 declinavit,
1143 267 1190 295 sed
1214 269 1322 295 tirmum
1347 276 1379 295 ac
1398 268 1517 295 solidum
1544 269 1629 296 animi
1653 269 1738 296 robur

945 323 1001 350 prae
1020 323 1049 342 se
1073 315 1145 342 tulit.
1175 314 1262 348 Quam
1277 323 1394 343 cernens
1405 323 1490 343 sacrae.
1504 317 1604 343 mentis
1615 320 1668 344 tua:
1681 316 1738 344 for-

945 361 1092 389 titudinem
1119 361 1266 388 munilicus
1282 361 1416 388 Dominus
1428 382 1434 394 ,
1461 361 1593 388 eximium
1607 362 1737 389 athletam

945 409 1084 436 occultare
1096 408 1196 440 noluit,
1214 407 1262 434 sed
1278 407 1312 434 ad
1325 407 1476 434 certamina
1490 407 1631 441 produxit,
1647 412 1678 434 ut
1688 415 1738 435 ve-

944 454 1098 482 nerandum
1113 459 1196 489 caput
1211 453 1320 480 victrici
1332 461 1434 480 corona
1447 457 1605 486 exornaret,
1621 453 1738 488 aliisque

945 500 977 528 ad
990 500 1118 527 utilitatis
1129 499 1284 535 exemplum
1296 500 1446 526 certamina
1459 503 1548 526 vestra
1559 504 1736 534 proponeret.

944 548 1034 580 Quare
1046 547 1121 574 hunc
1131 547 1226 577 etiam,
1239 546 1337 577 amice,
1350 553 1466 580 agonem
1475 546 1564 577 vince,
1574 546 1646 573 sicut
1654 546 1736 578 soles,

944 593 1095 628 generique
1117 593 1168 624 tui,
1194 592 1293 620 sinceri
1311 591 1392 618 amici
1408 591 1472 623 mei,
1491 596 1607 619 mortem
1622 591 1663 618 fer
1679 591 1736 618 for-

946 639 1021 666 titer.
1038 639 1123 666 Vince
1138 637 1312 673 philosophia
1326 641 1354 664 et
1370 638 1479 672 generis
1489 637 1735 672 propinquitatem,

944 688 972 710 et
989 691 1096 710 morum
1114 691 1195 719 (luam
1211 684 1314 718 optime
1332 687 1548 718 temperaturum
1563 683 1735 710 liberalium-

944 736 996 763 que
1011 729 1182 759 memoriam,
1197 729 1333 762 pictorum
1345 731 1403 755 arte
1415 733 1611 763 oratorumque
1621 728 1736 755 scientia

943 775 1163 810 prmstantiorem
1181 783 1186 801 :
1203 783 1234 802 ac
1248 775 1374 802 mmroris
1385 774 1517 810 impetum
1530 775 1649 810 reprime
1661 774 1736 801 illius

944 821 1135 848 recordatione
1149 841 1155 852 ,
1180 820 1227 854 qui
1245 828 1290 847 res
1304 825 1411 847 nostras
1436 820 1575 855 sapienter
1589 819 1734 855 gubernat,

943 871 971 894 et
988 866 1081 894 futura
1099 867 1243 902 prospicit,
1262 871 1289 894 et
1305 866 1338 893 ad
1355 866 1501 893 utilitatem
1515 866 1619 902 dirigit.
1638 867 1691 894 Sed
1708 871 1736 894 et

100 912 283 947 λογογράφων
292 913 457 948 ἐπιστήμην·
470 912 515 937 καὶ
523 911 571 945 τὴν
580 911 627 946 τῆς
638 910 755 945 ἁθυμίας
768 910 888 937 διάλυσον

944 914 1169 948 congratulemur
1189 916 1213 943 ei
1226 937 1232 948 ,
1262 917 1309 952 qui
1332 917 1492 944 decumanis
1509 918 1591 953 hujus
1608 906 1670 945 vita:
1686 918 1735 945 llu-

98 959 254 995 προσῦολὴν
266 960 297 993 τῇ
314 959 409 994 μνήμῃ
423 958 470 984 τοῦ
483 957 516 984 τὰ
527 957 586 983 καθ’
599 957 673 992 ἡμᾶς
685 955 889 991 οίκονομοῦντος

99 1003 201 1038 σοφῶς,
217 1004 263 1030 καὶ
276 1004 305 1030 τὸ
322 1003 417 1038 μέλλον
433 1002 614 1038 προορῶντος,
631 1002 677 1028 καὶ
693 1001 761 1035 πρὸς
775 1000 805 1027 τὸ
820 1009 889 1034 συμ-

98 1051 183 1086 φέρον
198 1049 343 1081 ίθύνοντος.
362 1049 417 1075 Καὶ
436 1049 613 1084 συνησθῶμεν
636 1047 818 1081 ἀπαλλαγέντι
835 1047 889 1074 τῶν

97 1097 145 1124 τοῦ
158 1097 216 1132 βίου
226 1097 380 1132 τρικυμιῶν
390 1106 397 1113 -
417 1096 516 1131 μᾶλλον
531 1096 558 1123 δὲ
573 1096 653 1131 χάριν
665 1095 888 1130 ὁμολογήσωμεν,

97 1145 138 1170 ὅτι
153 1143 303 1179 φερόμενος
319 1143 348 1175 ἐξ
361 1142 460 1178 ούρίων
478 1143 516 1174 εἰς
531 1143 595 1173 τοὺς
606 1142 765 1177 ἀπηνέμους
781 1141 888 1176 καθωρ-

99 1190 182 1226 μίσθη
199 1190 322 1225 λιμένας,
347 1190 393 1215 καὶ
417 1190 514 1224 πεῖραν
543 1188 597 1214 τῶν
613 1188 720 1223 πικρῶν
743 1188 793 1214 οὐκ
808 1187 888 1214 ἔλαϐε

97 1232 247 1268 ναυαγίων,
275 1230 312 1259 ὧν
332 1233 376 1260 ὅδε
397 1233 411 1259 ὁ
435 1233 493 1266 βίος
517 1233 626 1268 μεστός.
652 1232 732 1258 Ἀλλὰ
756 1232 810 1267 γὰρ
831 1231 888 1258 οἶδα

97 1281 224 1316 περιττὸν
242 1280 337 1312 ποιῶν,
352 1280 397 1306 τὸν
409 1281 531 1312 γενναῖον
543 1279 591 1314 τῆς
606 1278 708 1314 ἀρετῆς
721 1278 886 1313 ἀγωνιστὴν,

97 1326 144 1353 καὶ
158 1326 211 1352 τῶν
228 1325 316 1352 ἄλλων
332 1324 458 1360 ἀθλητῶν
476 1324 664 1359 παιδοτρίὸην,
681 1325 721 1355 εἰς
740 1322 888 1358 καρτερίαν

97 1372 227 1406 ἀλείςων.
238 1372 339 1407 Γράφω
350 1371 378 1397 δὲ
390 1372 475 1406 ὅμως,
493 1371 539 1397 καὶ
553 1371 664 1405 ὲμαυτῷ
678 1369 722 1396 διὰ
736 1369 819 1396 τῶνδε
834 1369 888 1396 τῶν

95 1418 182 1452 λόγων
200 1416 379 1452 ψυχαγωγίαν
409 1416 584 1451 προσφέρων.
612 1415 738 1450 Ἥλγησα
767 1415 821 1450 γὰρ
849 1415 888 1450 τῷ

95 1462 153 1489 ὄντι
170 1462 221 1497 τῆς
238 1461 403 1496 ἀξιαγάστου
429 1461 572 1492 συνουσίας
594 1461 787 1495 ἀναμνησθείς.
809 1461 888 1487 Ἀλλὰ

96 1508 177 1535 πάλιν
195 1507 303 1542 ὒμνησα
323 1507 377 1534 τῶν
390 1507 459 1534 ὅλων
476 1506 521 1534 τδν
544 1507 694 1542 Πρύτανιν,
708 1506 756 1532 καὶ
772 1506 802 1532 τὺ
823 1515 886 1532 συν-

96 1553 180 1580 οίσειν
198 1552 292 1588 μέλλον
312 1552 411 1585 εἰδότα,
425 1552 473 1578 καὶ
496 1552 564 1587 πρὸς
583 1551 663 1578 τοῦτο
679 1551 714 1577 τὰ
733 1551 795 1578 καθ’
812 1552 886 1585 ἡμᾶς

944 957 1035 984 ctibus
1047 964 1160 994 ereptus
1174 965 1216 987 est
1231 969 1237 986 :
1253 962 1294 988 vel
1311 962 1403 996 potius
1413 962 1516 997 gratias
1527 970 1648 998 agamus,
1661 963 1733 997 quod

943 1003 1073 1030 secundis
1088 1005 1177 1032 ventis
1191 1006 1298 1034 delatus
1311 1007 1345 1034 ad
1362 1008 1524 1042 tranquillos
1539 1013 1636 1043 portus
1649 1016 1735 1043 appu-

943 1047 993 1080 lit,
1020 1054 1048 1076 ct
1072 1051 1169 1078 acerba
1197 1052 1338 1088 naufragia
1351 1074 1357 1084 ,
1387 1054 1488 1088 quibus
1505 1055 1603 1081 referta
1618 1058 1661 1081 est
1677 1054 1735 1082 tunc

943 1093 1017 1125 vita,
1046 1102 1100 1121 non
1126 1100 1169 1122 est
1194 1102 1333 1131 expertus.
1362 1098 1464 1125 Verum
1500 1106 1733 1133 supervacaneum

943 1145 1003 1166 esse
1020 1140 1110 1166 sentio
1122 1162 1128 1173 ,
1155 1141 1228 1175 quod
1244 1146 1386 1168 strenuum
1399 1142 1518 1177 pugilem
1532 1143 1656 1175 virtutis,
1680 1151 1733 1170 ca:-

943 1188 1066 1212 terorum
1080 1186 1244 1214 athletarum
1258 1188 1430 1223 magistrum,
1446 1189 1479 1215 ad
1494 1189 1676 1216 constantiam
1687 1197 1735 1216 ex~

943 1230 1036 1257 citem.
1065 1230 1162 1259 Scribo
1187 1237 1278 1260 tamen
1303 1237 1333 1260 ut
1360 1234 1428 1261 mihi
1446 1234 1498 1269 ipsi
1516 1235 1733 1262 consolationem

943 1276 986 1304 his
1003 1277 1097 1305 verbis
1118 1279 1274 1306 conciliem.
1305 1280 1383 1306 Dolui
1396 1280 1468 1306 enim
1484 1287 1578 1307 revera
1591 1281 1734 1308 laudandae

942 1330 1050 1349 memor
1067 1323 1286 1351 consnetudinis.
1318 1324 1371 1351 Sed
1386 1325 1509 1352 omnium
1526 1334 1622 1353 rursus
1640 1326 1733 1354 Mode-

942 1373 1061 1396 ratorem
1089 1369 1193 1403 1071
1216 1369 1345 1396 laudibus
1360 1371 1457 1402 extuli,
1482 1371 1529 1406 qui
1542 1376 1570 1399 et
1586 1372 1651 1399 utile
1666 1372 1732 1407 quid

941 1413 1064 1440 futurum
1091 1414 1127 1441 sit
1156 1419 1331 1449 perspectum
1354 1415 1437 1442 habet
1451 1437 1457 1447 .
1488 1421 1516 1443 et
1530 1417 1564 1444 ad
1578 1418 1731 1453 hocipsum

942 1467 986 1486 res
1002 1464 1110 1487 nostras
1127 1459 1251 1487 inﬂectit.
1271 1460 1332 1488 llaec
1345 1469 1396 1496 ego
1413 1462 1575 1497 perscriptis
1585 1464 1641 1499 jam
1655 1465 1732 1499 prio-

942 1505 1019 1532 ribus
1030 1505 1143 1533 monitis
1156 1506 1268 1539 dictavi,
1278 1514 1339 1534 cum
1352 1508 1412 1543 ejus
1423 1507 1539 1536 mortem
1551 1510 1618 1536 mihi
1627 1510 1733 1538 amicus

942 1551 1053 1586 quidam
1067 1551 1102 1578 ab
1113 1552 1258 1579 Antiochia
1272 1553 1436 1581 nuntiasset.

96 1598 283 1634 κυϐερνῶντα.
301 1598 394 1625 Ταῦτα
423 1598 492 1633 μετὰ
521 1598 552 1624 τὸ
579 1597 683 1632 γράψαι
706 1596 742 1624 τὰ
767 1597 888 1633 πρότερα
908 1597 1101 1633 ὑπομνηστικὶι
1137 1599 1323 1633 ύπηγόρευσα,
1343 1599 1416 1631 τινός
1449 1609 1493 1635 μοι
1514 1600 1567 1626 τῶν
1582 1601 1610 1627 ἐν
1631 1602 1732 1628 Ἀντιο·

97 1646 158 1682 χείᾳ
170 1645 255 1681 φίλων
275 1645 463 1681 μεμηνυκότος
476 1644 525 1680 τὴν
539 1644 679 1679 τελευτήν.

384 1704 432 1730 II".
450 1719 486 1724 —-
506 1703 600 1737 Κύρῳ.

132 1761 187 1797 Τὴν
204 1761 252 1796 μὲν
264 1761 367 1789 Λέσϐον
377 1760 469 1787 ἀκούω
480 1760 528 1796 τὴν
539 1760 630 1795 νῆσον,
651 1761 699 1787 καὶ
710 1760 760 1792 τὰς
776 1760 804 1786 ὲν
818 1759 886 1795 αὐτῇ

98 1807 198 1839 πόλεις,
215 1808 264 1843 τήν
284 1816 313 1833 τε
333 1805 490 1841 Μιτυλήνην
516 1805 562 1832 καὶ
586 1805 750 1841 Μήθυμναν,
773 1805 820 1832 καὶ
838 1804 888 1836 τὰς

97 1853 195 1885 ἄλλας·
220 1853 335 1888 ἠγνόουν
358 1852 388 1878 δὲ
414 1852 460 1879 τὸν
474 1852 523 1886 τῆς
550 1852 578 1877 ὲν
605 1851 697 1886 ἐκείνῃ
716 1849 888 1886 τρεφομένης

97 1899 220 1935 ἀμπέλου
237 1899 354 1934 καρπόν.
371 1897 426 1924 Νῦν
441 1898 470 1924 δὲ
488 1896 583 1923 τοῦτον
595 1896 638 1922 διὰ
650 1896 697 1931 τῆς
716 1897 766 1930 σῆς
776 1896 888 1930 φιλοπο-

97 1946 156 1977 νίας
169 1944 318 1980 μιμάθηκα
330 1951 336 1958 '
356 1943 403 1970 καὶ
416 1942 550 1977 θαυμάξω
563 1942 594 1968 τό
609 1949 640 1967 τε
656 1940 703 1967 τοῦ
720 1941 808 1972 εἴδους
827 1941 888 1967 λευ-

98 1992 155 2024 κὸν,
173 1991 220 2018 καὶ
239 1991 289 2025 τῆς
313 1989 434 2024 γεύσεως
455 1988 486 2015 τὸ
508 1987 621 2014 λεπτόν·
646 1986 696 2021 τὴν
708 1986 737 2013 δὲ
763 1986 858 2022 ἡδονὴν
873 1987 888 2013 ὁ

97 2037 193 2073 χρόνος
208 2036 272 2068 ἴσως
295 2034 455 2071 προσθήσει.
481 2034 506 2060 εί
534 2033 570 2069 μὴ
596 2031 711 2068 τροπίαν
730 2031 886 2068 ἐργάσαιτο.

99 2083 225 2110 Λωὸᾱται
238 2082 293 2118 γὰρ
313 2082 359 2108 καὶ
372 2080 464 2112 οἴνοις,
484 2078 578 2114 ὥσπερ
595 2076 629 2105 αὖ
644 2079 691 2105 καὶ
706 2077 824 2113 σώμασι,
839 2078 887 2104 καὶ

99 2129 201 2162 φυτοῖς.
217 2128 266 2154 καὶ
283 2126 449 2162 οἰκοδομαῖς,
470 2125 518 2152 καὶ
541 2126 598 2156 τοῖς
620 2124 712 2156 ἄλλοις
729 2124 886 2160 χειροποιήο

98 2182 164 2205 τοις.
186 2173 263 2208 Ἐμοὶ
275 2172 303 2198 δὲ
326 2171 462 2207 ἄχρηστός
478 2171 536 2197 ἐστι
553 2169 704 2202 παντελῶς,
726 2170 783 2204 εἴγε
804 2169 887 2196 πολυ-

98 2219 222 2255 χρονεους
239 2218 308 2244 κατὰ
323 2218 368 2243 τὸν
393 2217 438 2243 σὺν
463 2217 542 2250 λόγον
559 2217 646 2243 ποιεῖν
671 2215 735 2247 τοὺς
759 2216 887 2248 πίνοντας

99 2265 228 2300 πέφυκεν.
249 2263 372 2299 Πακρῶν
384 2263 438 2298 γὰρ
452 2262 540 2296 ἔγωγε
555 2262 660 2297 χρόνων
683 2262 733 2288 οὐκ
747 2261 866 2297 ἐραστής
877 2270 885 2278 ·

98 2309 190 2344 ιπειδὴ
209 2308 295 2335 πολλὰ
325 2308 372 2334 καὶ
396 2307 503 2342 καλεπᾶ
520 2306 567 2333 τοῦ
592 2305 651 2341 βίου
674 2306 709 2332 τὰ
736 2305 885 2332 κλυδώνια’

1233 1703 1302 1731 XIII.
1314 1719 1349 1723 -—
1361 1703 1438 1740 Cyro.

977 1757 1096 1785 Lesbum
1109 1758 1238 1793 equidem
1254 1759 1371 1787 insulam
1385 1760 1556 1794 audiveram,
1569 1766 1597 1789 et
1610 1762 1670 1797 ejus
1683 1771 1730 1789 ur-

940 1802 989 1829 bes
1005 1803 1162 1838 Mitylenem
1179 1811 1212 1830 ac
1229 1804 1424 1839 Methymnam,
1442 1810 1470 1832 et
1484 1806 1567 1839 alias,
1587 1807 1652 1834 vitis
1666 1815 1730 1835 vero

940 1855 1001 1882 quae
1015 1849 1042 1875 in
1056 1855 1088 1875 ea
1102 1849 1225 1876 nascitur
1237 1849 1358 1877 fructum
1368 1850 1535 1879 nesciebam.
1549 1851 1628 1879 Nunc
1639 1857 1729 1880 autem

939 1891 1014 1918 hunc
1028 1892 1111 1919 etiam
1131 1900 1165 1920 ex
1180 1892 1317 1920 industria
1333 1898 1378 1921 tua
1390 1894 1474 1921 didici
1489 1915 1497 1927 ,
1523 1895 1730 1932 admiratusque

939 1944 999 1964 sum
1024 1941 1053 1964 et
1075 1938 1169 1965 fortnas
1187 1938 1346 1972 candorem,
1373 1943 1402 1966 et
1416 1941 1522 1974 saporis
1537 1941 1728 1976 subtilitatem,

939 1982 1101 2009 suavitatem
1113 1990 1178 2011 vero
1197 1988 1304 2018 tempus
1312 1984 1405 2012 forsan
1418 1986 1538 2020 adjiciet,
1550 1986 1602 2013 nisi
1615 1995 1728 2022 vappam

937 2028 1046 2055 etliciat.
1073 2029 1150 2056 Vinis
1170 2029 1244 2056 enim
1262 2029 1354 2062 oliicit,
1383 2032 1614 2065 quemadmodum
1628 2040 1727 2068 corpo-

938 2075 1032 2108 ribus,
1058 2080 1086 2102 et
1111 2075 1230 2111 plantis,
1260 2080 1287 2103 et
1302 2075 1440 2109 aediliciis,
1468 2078 1630 2113 exterisque
1645 2087 1728 2106 manu

937 2120 1027 2149 factis.
1045 2121 1181 2149 Caeterum
1195 2122 1293 2149 inutile
1305 2122 1374 2150 mihi
1388 2130 1503 2158 prorsus
1514 2128 1567 2157 est,
1588 2125 1611 2152 si
1625 2125 1727 2161 longae.-

937 2174 995 2200 vos,
1007 2203 1009 2206 η
1021 2171 1051 2194 ιιι
1065 2168 1117 2200 ais,
1139 2167 1269 2195 bibentes
1282 2168 1373 2195 facere
1386 2169 1465 2196 solet.
1484 2168 1640 2204 Longorum
1653 2170 1727 2197 enim

937 2217 1094 2248 temporum
1117 2221 1168 2249 ego
1181 2221 1246 2241 sane
1264 2214 1382 2248 cupidus
1395 2222 1450 2241 non
1462 2222 1534 2247 sum,
1562 2223 1623 2242 cum
1637 2216 1728 2243 multa:

936 2263 965 2285 et
974 2267 1070 2294 graves
1083 2259 1147 2287 vitae
1160 2259 1216 2286 sint
1227 2260 1366 2294 procellae.
1379 2259 1553 2288 Exhilaratus
1563 2269 1624 2288 sum
1635 2262 1728 2296 potius

937 2305 1033 2332 audita
1045 2305 1173 2333 monachi
1188 2306 1362 2340 valetudine;
1380 2315 1476 2334 revera
1487 2307 1560 2334 enim
1577 2308 1634 2335 hare
1645 2309 1727 2336 etiam

101 2355 198 2391 μᾶλλον
212 2354 240 2380 δὲ
252 2354 339 2389 ἥσθην
353 2353 399 2379 τοῦ
421 2352 582 2388 μονάζοντος
596 2352 644 2387 τὴν
660 2352 765 2385 ὑγίειαν
781 2351 884 2386 μαθών.

942 2359 981 2378 me
991 2359 1057 2379 cura
1068 2352 1217 2387 pungebat,
1228 2356 1256 2380 et
1267 2352 1388 2380 medicos
1399 2353 1538 2380 immerito
1548 2354 1724 2382 accusabam:

98 2400 142 2436 Τῷ
158 2400 215 2426 ὄντι
228 2400 278 2433 μὲν
289 2398 344 2434 γὰρ
358 2396 431 2432 εἴχον
447 2397 495 2423 καὶ
511 2397 613 2431 ταύτην
628 2405 661 2431 με
679 2397 826 2423 νύττουσαν
837 2397 886 2432 τὴν

99 2445 240 2481 φροντίδα·
258 2444 313 2470 τῶν
335 2443 364 2470 δὲ
386 2443 486 2478 ἰατρῶν
499 2443 550 2469 οὐκ
573 2443 602 2469 ὲν
616 2442 680 2478 δίκῃ
703 2442 883 2478 κατηγόρουν.

99 2489 230 2525 Τοιαύτης
243 2489 296 2524 γὰρ
310 2488 340 2514 τι
352 2487 437 2519 πάθος
449 2486 596 2522 θεραπείας
611 2486 706 2514 ἐδεῖτο.
722 2486 885 2514 Ἀπέστειλά

938 2398 1002 2432 quia
1019 2398 1134 2426 morbus
1147 2398 1192 2425 hic
1206 2399 1253 2425 tali
1265 2400 1409 2426 curatione
1423 2399 1572 2434 indigebat.
1586 2400 1646 2427 Misi
1656 2401 1690 2428 ad
1701 2405 1727 2428 te

937 2443 1080 2470 vasculum
1095 2443 1194 2476 mellis,
1223 2444 1302 2478 quale
1313 2443 1417 2471 Cilissa:
1428 2451 1494 2479 apes
1503 2445 1620 2480 styracis
1631 2445 1727 2476 ﬂorem

937 2489 1093 2518 delibantes
1106 2489 1268 2518 conﬁciunt.

99 2545 143 2564 σου
158 2537 190 2572 τῇ
203 2535 328 2571 εὐγενείᾳ
345 2534 473 2570 σταμνίον
490 2534 609 2570 μέλιτος,
624 2531 680 2560 οἷον
697 2535 726 2560 αἱ
744 2533 878 2561 Κύλισσαι
898 2536 1119 2573 μελιττουργοῦσι
1150 2537 1287 2573 μέλιτται,
1317 2537 1364 2564 τοῦ
1382 2538 1518 2573 στύρακος
1538 2538 1726 2574 περιπλῶσαι

98 2584 131 2610 τὰ
146 2583 223 2618 άνθη.

306 2639 356 2666 ιΑο.
367 2651 403 2659 -
423 2637 607 2672 Ἀλεξάνδρᾳ
623 2637 672 2673 (ο).

131 2698 161 2724 El
179 2697 229 2732 μὲν
248 2696 332 2732 μόνην
346 2696 391 2723 τοῦ
406 2695 610 2732 συμὸεὸηκότος
625 2695 689 2731 ὑμῖν
706 2694 810 2727 πάθους
826 2695 883 2723 ἑλο-

99 2744 212 2778 γιζὸμην
227 2742 276 2777 τὴν
289 2742 381 2776 φύσιν,
397 2742 450 2768 τῶν
464 2741 703 2778 ψυχαγωγούντων
720 2741 754 2768 ἂν
768 2741 882 2777 ἐδεήθην

100 2789 183 2824 κάγὼ,
197 2789 228 2815 οὐ
247 2789 326 2824 μόνον
345 2787 384 2823 τῷ
403 2788 437 2814 τὰ
451 2788 572 2824 ὑμέτερα
595 2789 683 2814 οἰκεῖα
706 2787 819 2823 κρίνειν,
835 2787 882 2814 καὶ

131 2858 168 2893 (5)
184 2859 225 2886 An
243 2858 422 2893 φιλοσοφία.ςῖ
434 2862 481 2885 aut
496 2858 647 2892 εὐθυμίαςῗ

1180 2641 1250 2669 XIV.
1266 2656 1301 2662 —
1314 2641 1484 2670 Alexandre.

973 2697 1000 2724 Si
1028 2705 1108 2726 casas
1137 2698 1184 2733 qui
1210 2698 1259 2726 tibi
1275 2699 1375 2726 accidit
1397 2699 1482 2726 solam
1497 2704 1621 2727 naturam
1637 2699 1727 2728 consl-

937 2742 1062 2770 derarem
1075 2763 1083 2775 ,
1114 2750 1224 2778 egerem
1239 2748 1268 2771 et
1282 2751 1333 2779 ego
1344 2744 1402 2779 ipse
1417 2744 1645 2777 consolator-ibus,
1671 2752 1726 2773 non

935 2787 1024 2814 solum
1053 2788 1126 2823 quod
1145 2795 1205 2816 mea
1218 2796 1279 2818 esse
1294 2789 1392 2816 ducam
1420 2796 1478 2824 quae
1496 2792 1542 2816 tua
1554 2793 1620 2816 sum
1632 2809 1640 2822 ,
1668 2793 1726 2817 tum

132 2891 169 2930 (ὃ)
184 2893 229 2923 Sic
245 2891 394 2923 Carnertus
409 2899 526 2927 auctar.,
539 2891 571 2929 p.’
586 2893 648 2920 210.
668 2892 750 2921 Sirm.
773 2891 953 2929 Ἀλεξαινδρὴι⁵
