1962 3051
243 167 314 202 1187

753 165 997 196 ΤΗΕΟΒΟΒΕΤῙ
1018 165 1186 196 EPISCOPI
1205 166 1387 196 CYRENSIS

1807 166 1874 200 1188

246 226 318 258 laata,
334 229 391 252 tum
409 225 462 252 alia
475 230 662 259 quaecunque,
695 222 800 256 1072
826 229 922 248 verum
938 221 1028 252 etiam.

1086 221 1120 248 τὰ
1135 222 1257 257 θυμήρη,
1276 223 1322 248 καὶ
1333 222 1367 248 τὰ
1378 221 1446 248 ἄλλα
1456 220 1535 248 ὁποῖά
1558 220 1614 248 ποτ’
1633 222 1665 249 ἄν
1733 221 1812 249 Ἀλλά
1825 222 1874 250 καὶ

244 271 317 306 quod
345 270 534 298 admirandum
562 270 638 296 illum
666 277 698 296 ac
721 269 784 303 jure
809 268 975 303 laudandum
995 267 1034 294 vi-

244 324 304 343 rum
337 316 417 343 unice
450 314 603 342 dilexerim.
640 314 708 341 Cum
730 319 821 340 autem
846 313 941 340 divino
969 313 1034 339 hinc

243 359 358 386 decreto
384 358 521 385 abductus
535 359 569 385 sit
587 358 782 392 melioremque
796 358 829 385 ad
844 358 927 384 vitam
943 361 1033 384 trans-

243 405 324 433 latus.
341 408 368 432 et
383 405 510 432 maeroris
527 405 583 440 ipse
598 405 699 431 nubem
718 404 745 430 in
760 404 850 430 anima
866 411 926 430 mea
942 403 1034 430 discu-

245 451 283 477 tio
296 471 303 482 ,
331 455 359 477 et
383 455 457 477 tuam
470 458 519 477 oro
535 450 707 484 gravitatem,
734 454 763 476 ut
777 449 896 476 tristitia:
909 449 1032 475 dolorem

248 497 354 523 ratione
385 496 489 526 vincas.
508 495 721 529 divinorumque
735 493 907 528 eloquiorum
922 501 1032 520 cannon

241 541 339 568 anima:
355 541 383 567 in
399 545 522 575 tempore
537 540 694 566 admoveas.
712 540 798 573 Hujus
810 539 884 565 cuitu
896 539 934 565 rei
945 538 1031 573 gratia

242 587 332 614 statim
347 595 361 613 a
373 586 519 614 cunabulis
534 586 609 612 velut
624 585 770 612 mamillam
782 585 928 619 quamdam
941 592 1031 610 sacra-

243 641 301 659 ruln
314 632 519 666 Scripturarum
532 632 738 658 meditationem
751 631 904 662 haurimus,
916 635 956 662 ut,
967 638 1030 657 cum

241 678 355 704 morbus
370 686 419 705 nos
432 677 572 708 invaserit.
598 677 717 704 salutare
729 677 905 711 pharmacum
918 676 1030 710 spiritus

240 721 414 756 disciplinam
430 721 621 748 adhibeamus.
637 721 744 748 Scimus
755 729 819 748 sane
834 721 1029 755 permolestum

240 771 269 794 et
283 775 362 801 grave
377 767 523 794 admodum
535 788 542 799 ,
574 775 636 794 cum
652 774 744 793 amore
763 766 874 800 dignum
888 766 1030 801 quidpiam

240 812 340 846 aliquis
351 813 514 847 possederit,
526 820 558 839 eo
575 812 648 846 quod
663 816 735 838 atnet
750 816 862 846 repente
879 812 992 846 privari,
1002 816 1030 838 ct

239 866 302 885 cum
318 859 437 886 secunda
453 863 526 885 sorte
545 866 611 885 usus
626 858 708 884 fuerit
721 879 727 890 ,
754 858 781 884 in
796 857 939 884 adversam
954 857 1029 884 dela-

239 903 279 930 bi.
294 904 428 932 Catl’erum
446 904 480 931 iis
495 904 542 938 qui
559 909 650 931 mente
667 907 731 930 sunt
743 903 860 938 prmditi.
874 907 900 930 et
910 903 1030 937 pruden—

240 955 282 978 ter
294 949 501 982 ratiocinantur,
518 949 698 976 humanarum
714 956 806 975 rerum
820 953 918 983 pneter
933 956 1029 982 exspe-

239 995 386 1023 ctationem
398 995 465 1022 nihil
477 994 586 1022 accidit.
600 994 673 1021 Nihil
683 994 755 1021 enim
768 994 794 1021 in
806 994 859 1021 illis
870 999 911 1020 est
920 994 1028 1027 stabile,

238 1041 309 1068 nihil
326 1041 433 1068 lirmum
448 1050 454 1067 :
469 1049 524 1067 non
539 1041 638 1072 forma,
654 1048 708 1067 non
724 1048 801 1075 opes,
817 1048 872 1067 non
883 1041 890 1049 ‘
906 1040 1029 1074 corporis

239 1087 367 1114 valetudo
379 1108 387 1119 ,
415 1095 470 1114 non
485 1087 628 1122 dignitatis
643 1085 807 1121 amplitudo,
826 1086 894 1113 nihil
909 1085 1028 1121 denique

239 1140 335 1159 eorum
359 1140 420 1166 qua:
439 1132 532 1159 mirari
549 1131 660 1166 plurimi
675 1131 773 1158 solent.
791 1130 844 1158 Alii
861 1138 978 1165 namque
995 1138 1029 1157 ex

239 1178 365 1206 maximis
376 1178 479 1205 divitiis
490 1178 516 1204 in
528 1185 660 1204 summam
675 1181 822 1211 egestatem
835 1176 936 1203 redacti
950 1180 1026 1208 sunt;

239 1225 287 1252 alii
313 1225 412 1252 amissa
437 1224 554 1251 sanitate
579 1223 664 1250 variis
680 1231 741 1250 cum
760 1223 863 1249 morbis
876 1223 1028 1250 colluctan—

239 1275 301 1302 tur;
321 1271 366 1297 alii
383 1270 528 1305 splendore
546 1269 655 1304 generis
670 1269 820 1304 gloriantes
837 1268 1027 1304 gravissimum

239 1317 382 1346 Servitutis
392 1318 489 1352 iugum
505 1316 629 1343 trahunt.
649 1315 780 1350 Corporis
792 1323 857 1342 vero
873 1315 1027 1350 pulchritu-

239 1365 333 1392 dinem
347 1369 375 1391 et
387 1363 499 1390 morbus
510 1361 667 1394 labefactat,
683 1366 711 1389 et
721 1366 851 1389 senectus
864 1361 1026 1395 corrumpit.

239 1408 467 1444 Sapientissimus
476 1413 567 1435 autent
586 1407 778 1434 universorum
794 1410 885 1434 rector
901 1406 968 1433 nihil
981 1407 1029 1433 ho-

241 1461 300 1480 rum
315 1457 477 1488 perpetuum
489 1460 521 1479 ac
531 1452 627 1479 stabile
641 1459 701 1479 esse
710 1451 845 1486 permisit,
858 1457 888 1479 ut
900 1451 1029 1478 mutatio-

241 1507 303 1526 nem
322 1502 476 1526 metuentes
502 1498 549 1532 qui
569 1498 621 1524 ista
643 1502 707 1525 sunt
720 1497 823 1532 adepti,
849 1497 1027 1532 supercilium

240 1545 404 1576 demittant,
442 1547 470 1571 et
496 1544 595 1570 horum
622 1542 823 1570 volubilitatem
850 1547 1028 1578 agnoscentes

241 1591 353 1618 caducis
370 1598 423 1617 non
437 1590 586 1621 conﬁdant,
613 1589 661 1615 sed
678 1589 705 1615 in
719 1589 856 1616 bonorum
870 1589 1027 1624 largitorem

240 1644 303 1671 spes
329 1643 393 1662 suas
418 1635 535 1669 erigant.
581 1634 646 1667 Quze
673 1638 816 1669 perspecta
842 1642 904 1661 cum
929 1634 1028 1661 habeat

243 1682 348 1718 1073
359 1681 517 1716 praestantia
530 1687 585 1712 tua,
597 1688 690 1716 quaeso
703 1685 734 1708 ut
744 1681 890 1707 humanam
901 1684 1027 1707 naturam

240 1728 397 1755 consideres
414 1737 420 1754 :
437 1727 557 1762 reperies
569 1727 642 1754 enim
668 1726 812 1753 mortalem
827 1733 888 1753 csso
915 1726 1028 1753 mortis-

240 1782 294 1810 que
308 1774 451 1801 decretum
466 1773 500 1800 ab
514 1777 575 1800 ortu
589 1773 648 1806 ipso
661 1773 813 1807 excepisse.
833 1772 898 1799 Adze
911 1780 1027 1807 namque

241 1819 311 1848 dixit
325 1819 519 1846 universorum
532 1820 604 1846 Deus
629 1839 635 1845 .
662 1828 671 1843 ‹
685 1818 769 1845 Terra
784 1825 823 1850 es,
842 1822 870 1845 et
884 1818 910 1844 in
928 1822 1026 1846 terram

240 1865 386 1894 reverteris
397 1865 428 1892 ".
435 1875 444 1890 ι
455 1865 541 1891 Verax
551 1872 632 1899 porro
641 1863 737 1898 estqui
746 1863 910 1890 sententiam
920 1863 991 1894 tulit.
1001 1868 1028 1891 et

240 1911 319 1939 testis
326 1910 504 1946 experientia.
518 1920 527 1935 ι
541 1909 617 1937 Unus
627 1909 700 1936 enim
713 1909 842 1936 introitus
851 1913 893 1935 est
900 1909 1028 1936 omnibus

240 1957 273 1984 ad
285 1957 380 1989 vitam,
394 1957 471 1992 juxta
483 1963 575 1983 sacras
587 1955 715 1988 Litteras,
728 1958 756 1982 et
768 1954 866 1982 similis
876 1955 966 1982 exitus
976 1955 1024 1988 ",v

239 2008 268 2031 et
281 2003 437 2038 quicunque
451 2006 534 2030 natus
545 2005 587 2029 est
598 2001 754 2036 sepulcrum
766 2005 915 2036 exspectat.
933 2001 1028 2036 Neque

239 2057 307 2077 vero
329 2048 427 2084 aequali
452 2052 576 2082 tempore
599 2048 696 2075 vivunt
715 2054 811 2074 omnes
828 2056 834 2073 ι
850 2047 898 2074 sed
915 2047 960 2074 alii
975 2048 1027 2074 im-

239 2095 340 2122 maturi
365 2094 535 2126 moriuntur,
567 2093 613 2120 alii
642 2097 703 2128 post
719 2093 826 2120 virilem
846 2097 963 2125 aetatem,
981 2093 1027 2120 alii

240 2140 392 2168 senectutis
405 2147 514 2175 quoque
529 2139 671 2166 molestias
684 2139 799 2173 experti.
815 2139 856 2166 lta
869 2143 897 2166 et
908 2139 955 2174 qui
971 2147 1028 2166 ma-

241 2187 362 2215 trimonii
374 2187 439 2222 jugo
454 2185 515 2212 nexi
531 2189 604 2217 sunt,
624 2185 828 2220 disiunguntur.
857 2185 974 2212 Necesse
985 2190 1028 2213 cst

1045 890 1066 918 Β

1041 1559 1064 1589 C

1083 267 1122 301 τῷ
1133 267 1182 302 τὴν
1196 267 1350 302 θαυμασίαν
1364 267 1472 301 ἐκείνην
1489 268 1534 294 καὶ
1547 267 1631 298 ὅντως
1643 268 1800 301 ἀξιέπαινον
1818 276 1866 294 κε-

1084 313 1171 349 φαλὴν
1196 313 1376 348 διαφερόντως
1404 314 1589 349 ἠγαπηκέναι.
1619 313 1727 349 Ἐπειδὴ
1754 314 1784 341 δὲ
1809 314 1873 349 ὅρος

1086 357 1167 384 αὑτὸν
1181 358 1252 389 θεῖος
1270 358 1377 384 ἐνθένδε
1395 358 1555 394 μετέστησε,
1577 359 1622 385 καὶ
1637 360 1677 391 εἱς
1699 359 1747 394 τὴν
1766 360 1873 394 ἀμείνω

1086 403 1219 438 μετέθηκε
1232 403 1333 438 βιοτὴν,
1349 404 1397 430 καὶ
1409 405 1440 430 ὲκ
1454 404 1504 438 τῆς
1517 405 1635 439 ἐμαυτοῦ
1647 405 1734 440 ψυχῆς
1751 405 1872 432 ἀποσκε-

1083 447 1198 482 δὰννυμι
1221 448 1271 482 τῆς
1288 448 1408 483 ἀθυμίας
1422 448 1452 474 τὸ
1475 449 1565 483 νέφος.
1583 450 1630 475 καὶ
1649 451 1698 484 τὴν
1719 450 1768 484 σὴν
1783 458 1872 484 παρα-

1083 494 1158 520 καλῶ
1174 494 1396 529 σεμνοπρέπειαν
1412 496 1522 529 νικῆσαι
1537 495 1587 529 τῆς
1603 495 1722 530 ἀθυμίας
1742 495 1774 522 τὸ
1787 495 1873 526 πάθος

1082 539 1121 574 τῷ
1140 540 1274 575 λογισμῷ,
1287 541 1334 566 καὶ
1357 541 1396 572 εἰς
1421 541 1516 576 καιρὸν
1539 543 1734 576 προσενεγκεῖν
1751 543 1782 576 τῇ
1797 542 1870 577 ψυχῇ

1081 586 1136 612 τῶν
1151 586 1231 612 θείων
1248 586 1336 620 λόγων
1355 587 1405 621 τὴν
1420 587 1527 622 ἐπῳδήν
1538 595 1544 601 ’
1561 586 1654 612 τούτου
1672 586 1723 622 γὰρ
1741 586 1772 622 δὴ
1789 587 1871 622 χάριν

1082 631 1163 663 εὐθὺς
1190 632 1222 658 ἐκ
1246 632 1411 667 σπαργάνων
1432 629 1487 658 οἷον
1502 641 1563 658 τινα
1586 632 1669 668 θηλὴν
1691 633 1805 666 ἕλκομεν
1821 632 1872 666 τῆς

1083 677 1158 711 ἱερᾶς
1170 677 1282 712 Γρανρῆς
1301 677 1350 712 τὴν
1366 676 1491 712 μελέτην,
1507 677 1539 702 ἵν’
1560 677 1623 704 ὅταν
1638 678 1704 711 ήμῖν
1726 677 1871 712 προσπέσῃ

1081 723 1178 754 πάθος,
1191 723 1420 758 προσενέγκωμεν
1435 722 1596 754 ἀλεξίκακον
1608 722 1753 757 φάρμακον
1766 723 1815 756 τὴν
1830 722 1869 747 δι-

1080 768 1229 795 δασκαλίαν
1245 768 1291 794 τοῦ
1306 769 1472 806 Πνευματος.
1489 768 1606 802 Οἴδαμεν
1627 767 1656 794 δὲ
1669 767 1706 799 ὡς
1731 767 1870 802 παγχάλε-

1081 823 1141 844 πον,
1158 814 1203 840 καὶ
1220 815 1281 840 λίαν
1304 815 1377 840 ἐστὶν
1402 813 1536 847 ἀλγεινὸν,
1555 812 1717 848 ἀξιεράστου
1741 813 1813 844 τινὸς
1839 814 1870 840 ὲν

1080 860 1162 895 πείρᾳ
1190 860 1373 894 γεγενημένον
1404 859 1506 896 ἔρημον
1538 858 1668 894 ἐξαπίνης
1695 859 1742 886 τοῦ
1772 859 1870 885 ποθου-

1083 905 1164 940 μένου
1189 905 1326 940 γενέσθαι,
1354 906 1400 932 καὶ
1423 906 1452 931 ἐν
1481 905 1613 941 εὐκληρίᾳ
1636 905 1780 940 γενόμενον
1806 905 1870 931 δυσ-

1081 951 1181 986 κληρίᾳ
1207 952 1374 986 περιπεσεῖν.
1391 951 1470 978 Ἀλλὰ
1488 953 1543 983 τοῖς
1564 960 1596 986 γε
1616 950 1678 978 νοῦν
1698 950 1798 987 ἔχουσι,
1821 951 1870 976 καὶ

1081 996 1201 1032 σώφρονι
1228 996 1350 1032 λογισμῷ
1366 998 1566 1032 κεχρημένοις,
1593 997 1670 1024 οὐδὲν
1684 997 1737 1024 τῶν
1761 996 1869 1033 ἀνθρω-

1080 1042 1323 1078 πίνωνᾲδὸκητον
1335 1052 1341 1058 ·
1357 1043 1433 1069 οὐδὲν
1453 1043 1507 1079 γὰρ
1530 1043 1633 1070 τούτων
1649 1043 1788 1078 σταθερὸν,
1807 1043 1867 1070 οὐδὲ

1082 1088 1191 1123 βέϐαιον
1221 1089 1251 1115 οὐ
1267 1088 1374 1120 κάλλος,
1385 1089 1415 1115 οὐ
1425 1089 1548 1120 πλοῦτος,
1561 1089 1610 1115 οὐκ
1625 1088 1716 1121 εὐεξία
1730 1088 1866 1124 σώματος,

1079 1135 1129 1160 οὑκ
1145 1134 1297 1170 ἀξιώματος
1320 1135 1417 1168 6γκος“
1441 1135 1490 1161 οὐκ
1513 1134 1577 1161 ἄλλο
1596 1134 1692 1161 τιτῶν
1714 1135 1789 1169 παρὰ
1810 1136 1866 1166 τοῖς

1081 1182 1218 1213 πλείστοις
1237 1181 1462 1216 θαυμαζομένων.
1481 1182 1511 1207 Οἱ
1528 1181 1577 1215 μὲν
1596 1181 1651 1216 γὰρ
1667 1180 1696 1214 ἐξ
1714 1181 1800 1216 ἄκρας
1819 1181 1866 1206 εὖο

1079 1227 1177 1262 «topia;
1199 1227 1239 1258 εἰς
1264 1227 1360 1253 πενίαν
1380 1227 1498 1262 ἐσχάτην
1527 1227 1692 1261 μετέπεσον·
1716 1227 1740 1252 οἱ
1765 1226 1792 1252 δὲ
1816 1226 1866 1262 τήν

1079 1271 1184 1305 ὑγίειαν
1200 1271 1394 1303 ἀποϐαλόντες,
1414 1272 1595 1304 παντοδαποῖς
1620 1272 1763 1298 παλαίουσι
1780 1272 1866 1298 πάθε-

1080 1325 1138 1345 σιν·
1167 1317 1243 1345 ἄλλοι
1271 1318 1434 1354 περιφανείᾳ
1458 1319 1652 1354 σεμνυνόμενοι
1679 1319 1792 1353 γένους,
1819 1318 1866 1345 τὸν

1080 1363 1230 1399 βαρύτατον
1241 1363 1350 1390 ἕλκουσι
1366 1364 1415 1398 τῆς
1428 1363 1548 1396 δουλείας
1564 1363 1653 1398 ζυγόν.
1670 1364 1715 1399 Τῷ
1730 1365 1757 1390 δὲ
1770 1364 1865 1391 κάλλει

1078 1409 1125 1436 τοῦ
1145 1409 1270 1444 σώματος
1289 1409 1336 1436 καὶ
1356 1409 1432 1441 νόσος
1444 1409 1575 1442 λωϐᾶται,
1595 1411 1641 1437 καὶ
1658 1411 1748 1446 γῆρας
1765 1411 1866 1446 λυμαί-

1079 1464 1163 1483 νεται.
1185 1456 1266 1483 Μάλα
1290 1456 1319 1482 δὲ
1343 1455 1430 1490 σοφῶς
1449 1456 1503 1482 τῶν
1517 1456 1610 1484 ὃλωνὸ
1635 1457 1769 1492 Πρύτανις
1789 1457 1867 1485 οὐδὲν

1078 1500 1181 1527 τούτων
1195 1501 1268 1526 εἴασε
1284 1500 1405 1536 διαρκὲς,
1423 1501 1483 1528 οὐδὲ
1508 1501 1638 1536 μόνιμον
1657 1502 1699 1528 ἵνα
1718 1503 1766 1533 τὰς
1785 1511 1867 1537 μετα-

1080 1547 1160 1578 ϐολὰς
1171 1547 1287 1578 δεδιότες
1302 1547 1327 1573 οἱ
1342 1546 1444 1573 τούτων
1458 1547 1648 1582 τετυχηκότες,
1663 1548 1866 1575 καταστέλλωσι

1079 1591 1127 1627 τὴν
1139 1592 1237 1626 ὀφρὺν,
1258 1592 1305 1618 καὶ
1320 1591 1365 1618 τὸν
1382 1591 1485 1618 τούτων
1500 1591 1612 1628 εὔριπον
1627 1593 1813 1628 ἐπιστάμενοι,
1828 1593 1867 1628 μὴ

1078 1639 1134 1669 τοῖς
1150 1637 1329 1673 προσκαίροις
1344 1638 1490 1674 θαρρῶσιν,
1509 1638 1566 1665 ἀλλ’
1576 1638 1617 1670 εἰς
1632 1638 1678 1665 τὸν
1688 1639 1741 1665 τῶν
1754 1639 1866 1673 ἀγαθῶν

1079 1683 1195 1719 χορηγὸν
1208 1683 1290 1718 ἔχωσι
1308 1684 1357 1716 τὰς
1377 1684 1497 1716 ἐλπίδας.
1512 1684 1604 1711 Ταῦτα
1629 1684 1678 1720 τὴν
1693 1685 1741 1720 σὴν
1763 1685 1866 1712 εἰδυῖαν

1083 1729 1298 1763 θαυμασιότητα,
1320 1728 1369 1764 τὴν
1389 1729 1562 1763 ἀνθρωπείαν
1588 1729 1668 1763 φύσιν
1695 1730 1866 1765 καταμαθεῖν

1078 1774 1166 1807 ἀξιῶ·
1189 1775 1317 1810 εὑρήσεις
1344 1775 1398 1808 γὰρ
1418 1774 1502 1808 αὐτὴν
1526 1774 1625 1810 θνητὴν
1643 1772 1735 1804 οὖσαν.
1762 1775 1808 1802 καὶ
1835 1776 1866 1808 ἐξ

1078 1820 1164 1855 ἀρχῆς
1178 1819 1331 1855 δεξαμένην
1352 1819 1399 1845 τοῦ
1417 1819 1532 1846 θανάτου
1558 1820 1604 1846 τὸν
1620 1821 1692 1856 ὅρον.
1721 1820 1793 1856 Πρὸς
1810 1822 1867 1855 γὰρ

1078 1864 1125 1892 τὸν
1145 1865 1230 1899 Ἀδὰμ
1253 1867 1267 1892 ὁ
1291 1865 1344 1891 τῶν
1371 1865 1438 1892 ὅλων
1454 1865 1506 1901 ἔφη
1529 1865 1611 1897 Θεός·
1631 1875 1640 1890 σ
1655 1866 1692 1901 Γῆ
1711 1864 1736 1892 εἴ
1757 1867 1804 1893 καὶ
1826 1868 1869 1897 εἰς

1078 1912 1131 1946 γῆν
1142 1910 1291 1946 ὰπελεύσῃ.
1299 1921 1308 1936 ι
1325 1910 1456 1946 Ἀψευδὴς
1473 1911 1501 1937 δὲ
1513 1911 1526 1937 ὁ
1536 1910 1585 1946 τὴν
1597 1911 1686 1946 ψῆφον
1701 1911 1864 1946 ἐξενεγκὼν,

1079 1957 1125 1983 καὶ
1145 1956 1249 1991 μάρτυς
1268 1957 1284 1991 ή
1299 1957 1391 1992 πεῖρα.
1411 1966 1420 1982 ι
1435 1956 1493 1983 Μία
1505 1956 1560 1990 γὰρ
1580 1957 1690 1983 πάντων
1706 1957 1807 1989 εἴσοδος
1822 1959 1863 1989 εἰς

1077 2001 1123 2028 τὸν
1138 2001 1204 2036 βίον,
1224 2001 1294 2027 κατὰ
1314 2001 1364 2036 τὴν
1392 2001 1467 2027 θείαν
1492 2001 1614 2036 Γραφὴν,
1628 2002 1716 2035 ἑξοδός
1728 2011 1758 2028 τε
1776 2003 1832 2038 ἴση,
1852 2012 1862 2028 ι

1079 2048 1127 2074 καὶ
1145 2048 1198 2079 πᾶς
1220 2046 1389 2082 γεννώμενος
1417 2047 1568 2082 προσμένει
1603 2047 1649 2074 τὸν
1677 2048 1772 2082 τάφον.
1808 2049 1864 2075 Καὶ

1077 2093 1138 2119 οὐδὲ
1157 2092 1215 2119 ἴσον
1240 2091 1359 2123 ἅπαντες
1374 2092 1525 2127 βιοτεύουσι
1551 2092 1663 2128 χρόνον·
1689 2093 1746 2119 ἀλλ’
1765 2094 1789 2119 οἱ
1813 2094 1864 2128 μὲν

1079 2138 1198 2174 πρόωροι
1216 2137 1393 2169 τελευτῶσιν,
1415 2138 1440 2164 οἱ
1455 2137 1483 2163 δὲ
1510 2138 1549 2169 εἰς
1571 2137 1672 2173 ἄνδρας
1691 2137 1864 2170 τελέσαντες,

1078 2184 1103 2210 οἱ
1117 2183 1146 2210 δὲ
1159 2183 1206 2209 καὶ
1222 2183 1276 2209 τῶν
1291 2182 1337 2209 τοῦ
1348 2183 1440 2218 γήρως
1453 2182 1572 2218 ἀνιαρῶν
1585 2183 1760 2218 πειραθέντες
1771 2191 1778 2198 “
1793 2183 1865 2210 οὕτω

239 2234 313 2261 enim
340 2237 387 2259 aut
413 2232 502 2259 virum
529 2231 606 2266 prius
628 2231 723 2262 abire,
754 2234 801 2257 aut
814 2231 1026 2259 uxoremevita

1080 2229 1126 2256 καὶ
1142 2229 1166 2255 οἱ
1180 2228 1226 2255 τοῦ
1242 2228 1332 2263 γάμου
1351 2228 1494 2262 δεξάμενοι
1519 2229 1567 2254 τὸν
1585 2228 1666 2263 ζυγὸν
1687 2229 1865 2263 διαζεύγνυν-

240 2279 358 2314 priorem
374 2277 516 2305 discedere
533 2285 541 2310 ;
577 2281 659 2311 atque
673 2276 719 2304 alii
731 2277 841 2311 quidem
860 2277 950 2304 statim
967 2281 1029 2312 post

242 2325 376 2352 thalamos
401 2324 434 2351 ad
459 2324 577 2350 lamenta
599 2328 751 2355 venerunt,
782 2323 828 2350 alii
844 2328 904 2358 post
915 2324 1027 2351 brevem

242 2370 396 2399 communis
407 2370 470 2397 vitze
482 2369 651 2397 societatem.
665 2369 769 2396 Suﬂicit
779 2370 861 2404 igitur
871 2370 923 2397 hoc
932 2378 1026 2403 unum,

241 2415 314 2451 quod
329 2423 474 2443 commune
489 2415 525 2442 sit
538 2415 651 2447 malum,
676 2415 708 2442 ad
729 2415 879 2442 acuendam
892 2416 1027 2443 rationem

241 2466 273 2488 ut
295 2461 417 2488 dolorem
435 2464 582 2495 expugnet.
611 2460 668 2487 Jam
690 2468 767 2492 vero,
792 2460 908 2487 ﬁliorum
921 2466 1027 2495 patrem

242 2506 319 2533 iitum
332 2506 416 2534 fuisse
432 2506 479 2541 qui
491 2505 546 2533 fato
562 2506 671 2533 functus
681 2511 733 2538 est,
749 2511 830 2540 atque
847 2506 897 2533 hos
909 2507 1029 2541 puberes

241 2553 397 2587 reliquisse,
417 2552 578 2587 apicemque
597 2552 760 2587 dignitatum
781 2552 983 2584 conscendisse,
1002 2557 1030 2580 et

242 2606 305 2626 cum
319 2599 346 2625 in
360 2598 506 2633 splendore
521 2602 603 2629 esset,
619 2598 728 2625 invidia!
739 2598 828 2625 locum
845 2606 898 2625 non
909 2598 1030 2631 dedisse,

242 2643 291 2671 sed
307 2643 349 2671 sui
364 2650 486 2670 amorem
499 2643 619 2675 auxisse,
635 2643 835 2678 libertatisque,
849 2648 878 2670 et
890 2643 1031 2678 integrita-

244 2687 290 2721 tis.
306 2692 334 2716 et
351 2687 513 2721 clementizc,
535 2687 704 2722 aliarumque
719 2687 852 2714 virtutum
870 2687 968 2715 famam
985 2696 1029 2715 re-

280 2789 300 2805 "
319 2789 387 2818 Gen.
400 2797 440 2821 ut,
454 2788 494 2817 l9.
536 2790 557 2805 ’⁸
577 2789 641 2824 Sap.
663 2797 708 2821 vn,
723 2789 748 2815 6.

1078 2281 1140 2300 ται·
1162 2273 1268 2308 ἀνάγκη
1286 2273 1340 2308 γὰρ
1361 2272 1378 2308 ἢ
1402 2272 1447 2299 τὸν
1462 2272 1547 2308 ἄνδρα
1565 2273 1757 2309 προαπελθεῖν.
1782 2274 1798 2310 ἢ
1816 2275 1866 2309 τὴν

1079 2320 1196 2355 γυναῖκα
1216 2319 1353 2354 προτέραν
1368 2317 1496 2350 δέξασθαι
1510 2319 1557 2346 τοῦ
1579 2319 1639 2354 βίον
1659 2321 1690 2346 τδ
1705 2320 1790 2351 τέλος.
1811 2320 1866 2346 Καὶ

1079 2368 1103 2393 οἰ
1123 2367 1172 2401 μὲν
1189 2365 1270 2396 εὐθὺς
1291 2365 1359 2400 μετά
1381 2365 1430 2401 τὴν
1446 2366 1571 2393 παστάδα
1586 2367 1648 2398 τοὺς
1668 2366 1783 2402 θρήνους
1807 2367 1866 2393 ὲδὲο

1081 2413 1177 2446 ξαντο·
1196 2413 1220 2438 ol
1236 2412 1264 2438 δὲ
1281 2411 1371 2446 ὀλίγον
1389 2411 1596 2447 συμϐιώσαντες
1616 2413 1721 2449 χρόνον.
1745 2413 1865 2450 unum";

1081 2459 1171 2486 τοίνυν
1189 2457 1236 2484 καὶ
1256 2457 1286 2483 τὸ
1305 2457 1395 2484 κοινὸν
1412 2457 1460 2483 τοῦ
1477 2457 1580 2489 πάθους
1594 2458 1722 2493 ἀφορμὴν
1736 2457 1775 2492 τῷ
1790 2458 1866 2492 λογι-

1082 2504 1143 2540 σμῷ
1156 2505 1307 2540 παρασχεῖν
1328 2505 1369 2535 εἰς
1383 2503 1413 2530 τὸ
1426 2503 1535 2538 νικῆσαι
1555 2503 1586 2530 τὸ
1607 2504 1702 2536 πάθος.
1728 2505 1781 2530 Καὶ
1799 2506 1867 2541 πρὸς

1078 2551 1185 2582 τούτοις
1200 2550 1230 2576 τὺ
1246 2550 1349 2576 παίδων
1365 2549 1494 2583 γενέσθαι
1509 2549 1617 2584 πατέρα
1637 2549 1682 2577 τὸν
1702 2551 1866 2583 ἀπελθόντα,

1080 2597 1127 2623 καὶ
1138 2596 1249 2627 τούτους
1267 2595 1423 2630 προσήϐους
1434 2595 1471 2629 (7)
1486 2595 1658 2628 καταλιπεῖν,
1672 2596 1719 2622 καὶ
1730 2597 1770 2627 είς
1781 2596 1867 2631 αὐτὴν

1080 2641 1201 2668 ἀνελθεῖν
1216 2641 1271 2668 τῶν
1287 2640 1449 2676 ἀξιωμάτων
1462 2641 1511 2675 τὴν
1524 2642 1647 2677 κορυφήν
1658 2648 1665 2655 ⁸
1680 2642 1727 2668 καὶ
1744 2642 1773 2668 ὲν
1787 2651 1866 2677 περι-

1081 2687 1179 2723 (paan
1190 2688 1335 2722 γενόμενον
1356 2687 1393 2722 μὴ
1407 2687 1498 2714 δοῦναι
1515 2687 1552 2723 τῷ
1570 2688 1660 2724 φθόνῳ
1684 2688 1784 2724 χώραν,
1799 2688 1867 2716 ἀλλὰ

279 2889 320 2924 (7)
343 2888 387 2916 Sir
412 2895 483 2916 recte
510 2890 593 2924 Neap.
613 2894 639 2916 et
661 2889 742 2916 Caru.
761 2888 905 2923 \‘ulgatum
925 2887 1085 2924 προσοίκους
1105 2889 1164 2916 sine
1180 2897 1262 2916 sensu
1280 2895 1331 2917 est.
