1962 3051
95 157 163 191 “89

780 157 961 188 EPISTULA
979 159 1040 189 XV.

1651 160 1716 192 1190

94 214 213 252 αὖξῆσαι
225 216 256 243 τὸ
272 215 393 251 φίλτρον,
409 215 458 243 καὶ
480 215 641 242 καταλιπεῖν
665 213 744 246 κλέος
767 214 874 241 ἐλευθε-

937 215 1039 249 iquisse
1049 236 1056 248 ,
1085 215 1184 243 idonea
1200 220 1265 244 sunt
1279 215 1386 248 omnia,
1412 224 1472 252 quae
1485 217 1527 245 vel
1542 219 1653 247 maerori
1666 228 1716 256 pc-

95 263 168 298 ρίας,
195 262 242 289 καὶ
261 261 473 297 μισοπονηρίας,
492 261 540 288 καὶ
566 261 736 296 πραότητος,
760 261 808 287 καὶ
830 261 880 295 τῆς

94 309 177 344 ἄλλης
195 308 249 334 τῶν
261 307 334 342 ἠθῶν
346 307 456 343 ἀρετῆς,
482 307 560 334 ἱκανὰ
579 307 665 334 ταῦτα
679 307 879 342 ψυχαγωγῆσαι

93 354 141 380 καὶ
155 353 217 384 τοὺς
231 353 291 379 λίαν
310 353 343 387 τῇ
361 352 434 388 λύπῃ
445 352 669 387 δεδουλωμένους.

132 401 180 427 Ἂν
202 399 230 425 δὲ
245 399 278 434 δὴ
300 399 347 425 καὶ
362 399 411 430 τὰς
429 398 504 430 θείας
517 398 682 431 ἐπαγγελίας
700 398 739 429 εἰς
755 397 817 423 νοῦν
832 397 879 424 λά-

95 445 197 480 σωμεν,
215 444 264 471 κα)⁸
279 444 329 475 τὰς
342 443 397 470 τῶν
420 443 592 478 Χριστιανῶν
609 442 731 474 ἐλπίδας,
749 442 798 478 τὴν
813 443 881 469 ἀνά-

96 498 189 516 στασιν
202 489 284 523 λέγω,
306 489 353 515 καὶ
369 488 419 524 τὴν
437 487 548 515 αἰώνιον
563 488 646 523 ζωὴν,
666 488 713 514 καὶ
723 488 772 523 τὴν
790 488 818 515 ὲν
833 487 882 522 βα·

96 535 181 570 σιλεία
193 535 341 570 διαγωγὴν,
358 534 405 560 καὶ
425 534 443 561 ἃ
457 533 595 568 ὀφθαλμὸς
608 534 659 560 οὐκ
676 531 755 566 εἶδεν,
772 533 820 560 καὶ
835 531 881 564 οὖς

95 579 144 607 οὐκ
159 580 269 615 ἤκουσε,
282 580 327 606 καὶ
342 579 388 605 ἐπὶ
402 579 515 614 καρδίαν
529 578 672 613 ἀνθρώπου
689 578 739 605 οὐκ
754 578 849 613 ἀνέϐη,
864 578 882 604 ἃ.

95 625 243 660 ἡτοίμασεν
256 625 270 650 ὁ
285 623 349 655 Θεὸς
365 625 421 654 τοῖς
442 623 585 658 ἀγαπῶσιν
613 623 705 656 αὑτὸν,
727 623 768 654 τίς
789 623 882 650 λοιπὸν

95 670 343 705 καταλειφθήσεται
370 669 508 704 πρόφασις
531 669 668 704 ἀθυμίας;
694 669 812 704 μάλιστα
834 669 881 696 τοῦ

102 716 263 743 Ἀποστόλου
288 715 434 751 διαρῤήδην
462 715 594 750 βοῶντος·
627 724 636 740 ‹
655 715 692 741 οὺ
719 714 790 749 θέλω
811 715 883 749 ὑμᾶς

96 762 212 797 ἀγνοεῖν,
229 761 347 795 ἀδελφοὶ,
366 761 430 796 περὶ
448 760 502 787 τῶν
517 760 707 796 κοιμωμένων,
724 761 767 788 ἴνα
786 761 822 796 μὴ
837 762 884 788 λυ-

96 807 195 843 πῆσθε,
222 807 260 838 ὡς
281 807 328 833 καὶ
353 807 377 833 οι
406 806 497 832 λοιποὶ
513 807 538 832 οἱ
565 806 602 841 μὴ
625 806 732 841 ἔχοντες
748 807 853 834 ἐλπίδα.
871 817 880 833 ι

102 853 173 887 Ἐγὼ
187 853 215 879 δὲ
235 850 293 879 οἴδα
309 853 356 879 καὶ
377 852 490 879 πολλοὺς
506 852 559 879 τῶν
582 852 632 879 οὐκ
653 852 770 887 ἐχόντων
786 853 882 880 ἐλπίδα

97 898 219 934 λογισμῷ
233 898 311 934 μόνον
331 898 561 934 περιγενομένους
577 898 624 924 τοῦ
646 898 760 930 πάθους.
777 898 838 924 Τῶν
854 899 882 925 δὲ
898 890 918 918 Β

97 944 157 971 λίαν
173 943 439 979 ἀτοπωτάτων,τοὺς
455 943 502 969 ἐπὶ
521 943 649 978 τοιαύτης
662 944 824 979 ὀχουμένους
841 945 884 971 ὲ).-

97 989 175 1021 πίδος
192 989 300 1025 χείρους
323 989 467 1024 εὑρεθῆναι
490 989 544 1016 τῶν
566 989 615 1015 οὐκ
637 989 752 1024 ἐχόντων
777 990 881 1018 ἐλπίδα.

104 1035 269 1070 Ἀποδημίαν
285 1035 375 1061 τοίνυν
397 1033 550 1070 παρακαλῶ
568 1035 676 1069 μακρὰν
693 1036 742 1071 τὴν
755 1035 883 1070 τελευτὴν

97 1080 233 1115 λάϐωμεν,
251 1080 299 1107 καὶ
319 1080 413 1115 ὥσπερ
427 1079 561 1114 εἰώθαμεν
581 1080 784 1116 ἀποδημοῦντος
799 1081 882 1107 αὐτοῦ

97 1126 240 1152 λυπεῖσθαι
263 1127 323 1161 μὲν,
344 1125 507 1161 προσμένειν
533 1125 561 1152 δὲ
584 1126 633 1161 τὴν
652 1126 791 1158 ἐπάνοδον,
812 1126 884 1153 οὕτω

98 1172 146 1199 καὶ
172 1172 219 1198 νῦν
237 1172 356 1207 μετρίως
370 1172 419 1207 μὲν
442 1172 456 1197 ὁ
471 1172 609 1207 χωρισμὸς
624 1172 725 1200 ἀνιάτω
739 1173 782 1208 (τῇ
803 1173 883 1207 φύσει

98 1218 150 1253 γὰρ
168 1217 311 1253 σύμμετρα
329 1216 478 1252 παραινῶ),
494 1217 531 1252 μὴ
550 1217 588 1249 ὡς
606 1218 701 1253 νεκρὸν
726 1218 755 1244 δὲ
778 1218 884 1254 θρηνῶν

99 1271 158 1298 μεν,
177 1263 234 1289 ἀλλ’
252 1262 326 1298 αὐτῷ
349 1263 398 1298 μὲν
415 1263 592 1298 συνησθῶμεν
609 1263 659 1298 τῆς
675 1264 818 1298 ἐκδημίας,
836 1265 883 1291 καὶ

97 1309 148 1343 τῆς
159 1307 281 1335 ἐντεῦθεν
295 1307 444 1342 ἀπαγωγῆς
460 1308 497 1342 (8)
510 1308 550 1334 ὅτι
563 1308 616 1334 τῶν
630 1308 786 1343 ἀμφιϐόλων
802 1309 883 1343 ἠλευ-

99 1354 205 1390 θερώθη
234 1354 416 1389 πραγμάτων,
430 1354 476 1380 καὶ
491 1353 619 1388 οὐδεμίαν
633 1354 702 1380 δέδιε
720 1354 882 1391 μεταϐολὴν,

98 1401 129 1426 οὒ
153 1400 283 1435 ψυχικὴν,
309 1400 339 1426 οὐ
367 1399 534 1434 σωματικὴν,
551 1399 581 1426 οὺ
597 1399 649 1426 τῶν
668 1400 729 1434 περῖ
747 1400 778 1426 τὸ
794 1400 882 1435 σῶμα,

98 1445 155 1472 ἀλλ’
179 1445 231 1478 ἔξω
250 1445 304 1472 τῶν
325 1445 438 1478 ἀγώνων
453 1445 608 1479 γενόμενος,
626 1445 661 1471 τὰ
676 1444 791 1479 βραδεῖα
806 1454 884 1481 περι-

99 1491 186 1525 μένει.
203 1491 347 1527 Ὀρφανεία
361 1491 389 1523 δὲ
396 1491 442 1517 καὶ
450 1491 547 1526 χηρεία
562 1491 598 1526 μὴ
611 1490 671 1517 λίαν
682 1491 754 1525 ὑμᾶς
768 1491 882 1518 ἀνιάτω·

100 1537 211 1571 μείζονα
230 1537 283 1572 γὰρ
304 1537 401 1572 ἔχομεν
428 1537 573 1571 κηδεμόνα,
601 1536 630 1567 ὃς
647 1536 694 1562 καὶ
715 1537 771 1568 τοῖς
793 1536 883 1568 ἄλλοις
897 1555 918 1585 C

98 1582 236 1618 νομοθετεῖ
248 1582 375 1618 ὀρςςανῶν
384 1583 430 1609 καὶ
440 1582 532 1617 χηρῶν
543 1581 643 1617 πολλὴν
654 1582 790 1608 ποιεῖσθαι
803 1591 882 1618 φρον-

97 1627 168 1654 τίδα·
186 1628 234 1654 καὶ
262 1627 326 1661 περὶ
351 1627 433 1653 αὐτοῦ
453 1635 534 1662 φησιν
553 1628 566 1653 ὁ
592 1626 662 1659 θεῖος
680 1626 771 1653 Δαϐίδ·
792 1637 801 1650 ι
824 1628 884 1663 Ὀρ-

98 1673 182 1706 φανὺν
196 1672 242 1699 καὶ
259 1673 346 1707 χῆραν
362 1671 538 1707 ἀναλήψεται,
558 1671 604 1698 καὶ
625 1671 685 1698 ὀδδν
713 1672 884 1708 ἁμαρτωλῶν

98 1717 316 1752 ἀφανιεί.›Αὺτῷ
329 1718 392 1749 τοὺς
405 1717 555 1753 ἡμετέρους
568 1717 764 1752 ὲγχειρίσωμεν
777 1717 882 1750 οἴακας,

97 1764 146 1790 καὶ
155 1764 204 1798 τῆς
228 1762 403 1798 παντοδαπῆς
416 1763 585 1798 προμηθείας
603 1763 767 1797 τευξόμεθα.
787 1764 884 1790 Ἔσται

99 1809 153 1844 γὰρ
177 1809 244 1844 ἡμῖν
273 1808 373 1840 παντὸς
394 1808 490 1844 ἀνδρὸς
511 1808 776 1843 κηδεμονικώτερος
801 1808 883 1834 αὐτοῦ

98 1855 153 1888 γάρ
166 1855 224 1881 ἐστι
241 1855 329 1889 φωνήι
354 1863 363 1879 ι
383 1853 430 1889 Μὴ
446 1853 605 1888 ἐπιλήσεται
622 1852 690 1888 γυνὴ
712 1852 758 1878 τοῦ
776 1852 883 1879 παιδίου

98 1901 194 1936 αὐτῆς,
212 1900 286 1936 ἢτοῦ
305 1900 341 1935 μὴ
361 1899 472 1934 ἐλεῆσαι
488 1899 522 1925 τὰ
536 1899 636 1932 ἔκγονα
650 1899 699 1933 τῆς
715 1898 819 1930 κοιλίας
835 1898 884 1924 αὑ-

98 1945 166 1980 τῆς;
182 1945 213 1971 Εἰ
231 1944 259 1970 δὲ
279 1945 326 1970 καὶ
342 1943 495 1970 ἐπιλάθοιτο
513 1943 581 1978 γυνὴ
601 1943 648 1969 τοῦ
662 1942 746 1969 ταῦτα
761 1943 883 1977 ποιῆσαι,

82 1981 157 2023 ,ἀλλ’
171 1989 225 2024 ἐγὼ
241 1990 289 2016 οὐκ
304 1990 480 2025 ἐπιλήσομαι,
497 1987 573 2016 εἶπεν
591 1990 606 2016 ὁ
627 1989 732 2023 Ἄγιος.
753 1998 762 2014 ι
779 1989 885 2015 Οίκειό-

97 2044 177 2070 τερος
189 2035 243 2070 γὰρ
259 2035 326 2070 ἡμῖν
348 2036 406 2062 ἐστι
421 2035 468 2061 καὶ
483 2035 585 2069 πατρὸς
600 2034 648 2062 καὶ
670 2034 782 2070 μητρός·
803 2034 885 2065 αὐτὸς

98 2081 153 2117 γὰρ
168 2081 234 2116 ἡμῖν
247 2081 306 2107 ἐστι
323 2081 438 2116 ποιητὴς
455 2081 502 2107 καὶ
515 2080 692 2116 δημιουργός.
709 2081 745 2107 Οὐ
763 2080 818 2116 γὰρ
835 2080 885 2114 γά-

100 2134 149 2161 μος
171 2125 243 2151 ποιεῖ
258 2124 388 2161 πατέρας,
415 2125 474 2152 ἀλλ’
493 2125 575 2152 αὑτοῦ
590 2125 714 2157 νεύοντος
726 2125 845 2160 γίνονται
860 2126 883 2152 οἱ

98 2171 216 2207 πατέρες
242 2171 368 2207 πατέρες.
390 2170 482 2197 Ταῦτα
503 2171 607 2206 γράψαι
624 2170 672 2198 νῦν
695 2171 882 2206 ¹ἠναγκάσθην,

930 262 1006 289 nitus
1019 261 1143 289 addictos
1160 262 1347 290 consolentur.

966 399 1043 433 Quod
1061 399 1084 426 si
1099 403 1190 427 autem
1207 399 1312 426 divinas
1328 406 1438 434 quoque
1451 398 1673 434 pollicitationes.
1688 404 1717 429 et

931 454 994 481 spes
1000 445 1218 472 Christianorum
1227 444 1318 472 animo
1328 444 1526 479 concipiamus,
1537 445 1718 473 resurrectio-

931 499 994 518 nem
1010 491 1082 523 dico,
1105 496 1133 518 et
1153 491 1239 518 vitam
1262 495 1404 522 mternam,
1425 494 1453 517 et
1470 490 1627 525 imperium,
1651 495 1678 518 et
1694 491 1717 508 "

931 545 992 572 quae
1017 537 1114 564 oculus
1138 544 1192 563 non
1219 536 1298 568 vidit,
1318 536 1393 563 auris
1416 543 1471 563 non
1493 536 1607 568 audivit,
1633 540 1661 564 et
1688 536 1716 563 in

935 582 1042 618 1074
1056 590 1103 609 cor
1117 582 1239 609 hominis
1253 590 1308 609 non
1322 581 1517 614 ascenderunt,
1535 590 1596 616 qua:
1610 589 1717 617 praepa-

932 627 1003 654 ravit
1014 628 1086 654 Deus
1097 627 1275 661 diligentibus
1288 634 1362 658 eum,
1379 633 1502 661 quaenam
1515 627 1548 653 de
1561 630 1659 653 caetero
1671 634 1716 654 re-

932 673 1007 707 liqua
1028 672 1081 700 erit
1098 680 1179 699 causa
1193 671 1326 704 tristitiae,
1342 674 1349 681 '
1361 672 1478 699 maxime
1495 679 1557 699 eum
1570 671 1718 706 Apostolus

933 719 1007 746 clara
1031 725 1098 745 voce
1118 718 1216 745 clamet
1234 726 1240 744 :
1263 727 1271 743 ‹
1293 717 1362 745 Nolo
1378 725 1427 744 vos
1450 718 1586 752 ignorare,
1604 717 1716 749 fratres,

933 764 967 791 de
988 763 1206 795 dormientibus,
1235 767 1265 790 ut
1291 771 1347 790 non
1368 763 1569 790 contristemini
1594 763 1666 790 sicut
1690 766 1718 790 et

934 809 1024 836 caeteri
1037 808 1085 843 qui
1102 816 1178 843 spem
1197 816 1253 835 non
1272 808 1376 836 habent
1387 808 1423 835 ὀἳ
1438 818 1447 834 ι
1462 809 1519 843 Ego
1535 815 1601 835 vero
1617 809 1719 835 multos

934 862 1043 890 quoque
1056 855 1121 882 novi
1136 862 1169 881 ex
1184 854 1226 881 bis
1243 854 1294 889 qui.
1306 862 1382 889 spem
1397 863 1451 882 non
1466 855 1577 887 habent,
1596 855 1642 889 qui
1661 855 1718 882 sola

933 901 1035 928 mentis
1046 900 1211 935 cogitatione
1225 900 1349 927 dolorem
1366 901 1551 934 pervicerunt.
1569 900 1717 927 Alysurdis-

934 945 1033 973 simum
1047 951 1137 973 autem
1154 945 1247 976 fuerit,
1267 953 1314 972 eos
1326 945 1372 980 qui
1400 953 1447 980 spe
1467 945 1511 972 tali
1530 945 1718 972 subvehantur

934 992 1086 1019 deteriores
1109 991 1143 1018 iis
1165 991 1333 1025 deprehendi
1357 991 1404 1026 qui
1422 993 1498 1026 s'pem
1522 999 1576 1018 non
1603 991 1716 1019 habent.

933 1037 1022 1070 Quare
1035 1040 1150 1064 mortem
1161 1044 1222 1069 nos,
1235 1044 1337 1071 quaeso,
1350 1037 1597 1072 peregrinationem
1609 1036 1719 1072 longin-

933 1088 1015 1116 quam
1026 1080 1189 1115 deputemus
1208 1089 1214 1106 :
1232 1085 1313 1114 atque
1324 1086 1353 1107 ut
1363 1081 1554 1116 peregrinante
1567 1081 1613 1109 illo
1625 1081 1719 1109 dolere

934 1126 1045 1161 quidem
1061 1126 1231 1157 solebamus,
1252 1126 1299 1153 sed
1312 1127 1431 1153 reditum
1448 1127 1598 1162 praastolari
1615 1136 1620 1154 :
1638 1127 1677 1154 sic
1690 1135 1718 1155 et

933 1180 1009 1199 nunc
1027 1172 1167 1199 moderate
1193 1179 1244 1199 nos
1267 1172 1411 1199 contristet
1442 1173 1579 1207 separatio
1603 1173 1718 1208 (natura:

934 1217 1072 1251 siquidem
1099 1221 1282 1244 consentanea
1304 1217 1429 1252 suadeo),
1459 1218 1506 1244 sed
1529 1226 1563 1245 ne
1589 1223 1717 1253 tanquam

934 1266 1073 1289 mortuum
1093 1262 1247 1296 lugeamus.
1261 1262 1364 1289 Verum
1383 1263 1421 1290 illi
1439 1263 1551 1298 quidem
1562 1263 1718 1291 discessum

933 1312 962 1334 et
978 1307 1183 1335 translationem
1195 1316 1229 1336 ex
1247 1308 1298 1336 hac
1310 1308 1365 1336 vita
1382 1309 1560 1342 gratulemur,
1577 1310 1649 1344 quod
1666 1309 1718 1337 du-

934 1353 987 1380 biis
1002 1353 1086 1381 rebus
1099 1358 1243 1389 exemptus
1257 1354 1304 1386 sit,
1317 1358 1345 1381 et
1363 1354 1466 1381 nullam
1482 1355 1576 1382 timeat
1588 1355 1718 1383 mutatio-

934 1406 1008 1430 nem,
1027 1406 1081 1426 non
1099 1399 1206 1432 animae,
1232 1407 1287 1426 non
1310 1400 1446 1434 corporis,
1469 1408 1524 1427 non
1544 1408 1640 1428 eorum
1659 1409 1719 1435 qua),

934 1451 1035 1478 corpus
1053 1449 1178 1479 spectant
1191 1453 1198 1471 :
1214 1445 1261 1472 sed
1275 1451 1352 1472 extra
1367 1446 1551 1473 certaminum
1570 1446 1656 1474 aleam
1669 1455 1719 1482 po-

935 1491 1004 1517 situs
1018 1490 1128 1524 praemia
1144 1494 1293 1525 exspectet.
1308 1490 1416 1519 Orbitas
1426 1500 1493 1519 vero
1507 1497 1535 1520 et
1551 1492 1670 1520 viduitas
1686 1501 1719 1521 ne

935 1536 1046 1570 gravius
1064 1543 1114 1563 nos
1131 1536 1230 1563 alliciat
1247 1546 1252 1563 :
1268 1537 1331 1571 quia
1344 1538 1475 1572 majorem
1491 1538 1623 1566 habemus
1638 1546 1718 1566 cura-

934 1585 1031 1613 torem,
1054 1581 1101 1616 qui
1119 1585 1147 1608 ct
1164 1581 1225 1608 aliis
1239 1582 1364 1616 praecipit
1385 1585 1415 1609 ut
1433 1582 1599 1617 pupillorum
1621 1582 1719 1610 vidua—

935 1633 1051 1660 rumque
1073 1633 1198 1661 magnam
1221 1633 1315 1653 curam
1337 1631 1444 1662 gerant,
1465 1631 1490 1654 et
1505 1627 1540 1654 de
1559 1635 1614 1662 quo
1634 1627 1718 1656 David

934 1672 1044 1700 divinus
1056 1673 1094 1700 ait
1108 1682 1114 1700 :
1131 1683 1140 1699 ‹
1157 1673 1294 1708 Pupillum
1309 1678 1337 1701 et
1348 1674 1457 1701 viduam
1470 1674 1647 1709 suseipiet,et
1663 1675 1720 1702 vias

934 1722 1110 1754 peccatorum
1133 1719 1274 1754 disperdet
1295 1720 1329 1746 “.
1349 1729 1357 1745 I
1388 1719 1440 1754 lpsi
1462 1720 1584 1747 habenas
1611 1724 1720 1747 nostras

933 1765 1155 1796 committamus,
1176 1768 1205 1792 et
1221 1765 1422 1800 providentiam
1445 1765 1631 1793 omnimodam
1652 1774 1718 1793 con-

935 1817 1091 1844 sequemur.
1105 1809 1178 1837 Cura
1192 1810 1265 1837 enim
1278 1810 1317 1837 illi
1329 1810 1363 1837 de
1374 1810 1455 1837 nobis
1465 1812 1551 1846 major
1560 1812 1623 1843 erit,
1637 1819 1718 1846 quam

935 1854 983 1880 ulli
999 1854 1035 1881 sit
1049 1854 1218 1881 mortalium.
1235 1855 1325 1889 Ipsius
1337 1855 1439 1890 quippe
1458 1863 1511 1882 vox
1526 1860 1568 1882 est
1583 1864 1590 1882 :
1614 1865 1623 1881 ε
1642 1856 1719 1883 Nun—

934 1898 1001 1933 quid
1015 1899 1141 1926 oblivisci
1154 1904 1245 1934 potest
1256 1900 1356 1927 mulier
1368 1900 1498 1927 infantem
1515 1907 1605 1933 suum,
1620 1904 1651 1928 ut
1663 1908 1718 1928 non

934 1944 1097 1971 misereatur
1107 1944 1224 1972 ﬁliorum
1236 1946 1308 1973 uteri
1320 1945 1425 1981 1075
1433 1946 1535 1973 sui?Et
1546 1946 1568 1973 si
1579 1946 1624 1973 illa
1635 1946 1719 1973 oblita

933 1987 1027 2020 fuerit,
1040 1995 1090 2023 ego
1104 1992 1193 2015 tamen
1209 1997 1264 2016 non
1274 1989 1431 2022 obliviscar,
1444 1989 1513 2016 dixit
1529 1989 1645 2017 Sanetus
1657 1991 1690 2017 ”.
1706 1999 1715 2016 ι

935 2032 1118 2068 Propinquior
1129 2034 1202 2060 enim
1215 2033 1295 2061 nobis
1310 2038 1352 2061 est
1364 2038 1392 2061 et
1402 2039 1480 2069 patre
1492 2039 1520 2061 et
1537 2039 1634 2062 matre.
1645 2034 1719 2063 Con-

934 2078 1007 2106 ditor
1023 2078 1158 2113 siquidem
1177 2084 1273 2106 noster
1290 2083 1320 2107 et
1336 2084 1443 2107 creator
1463 2085 1515 2107 est.
1531 2080 1625 2115 Neque
1645 2081 1718 2109 enim

934 2127 1026 2158 patres
1053 2123 1159 2151 faciunt
1173 2124 1287 2160 nuptiae,
1312 2125 1360 2152 scd
1387 2125 1446 2160 ipso
1467 2130 1606 2153 annuente
1627 2131 1719 2162 patres

934 2174 1027 2204 patres
1047 2169 1125 2198 ﬁunt.
1144 2170 1206 2198 Haec
1226 2178 1277 2206 ego
1296 2171 1324 2198 in
1343 2171 1491 2206 praesentia
1513 2171 1636 2199 scribere
1657 2180 1718 2200 sum

97 2215 190 2251 ἐπειδὴ
210 2224 243 2250 με
260 2216 373 2250 δραμεῖν
388 2215 456 2250 πρὸς
467 2215 538 2250 ὑμᾶς
551 2216 600 2241 οὐκ
617 2215 649 2250 ἐᾷ
660 2214 694 2241 τὰ
708 2215 805 2250 δεσμά.
822 2215 882 2250 Ἀρ-

935 2219 1056 2248 coaetus,
1078 2216 1143 2250 quia
1173 2221 1202 2243 nt
1227 2217 1261 2244 ad
1286 2224 1336 2244 vos
1358 2224 1500 2244 occurram
1526 2217 1636 2245 vincula
1663 2226 1718 2245 non

98 2262 141 2288 κεῖ
155 2262 183 2288 δὲ
200 2261 245 2288 καὶ
262 2261 341 2295 μόνος
354 2262 369 2287 ὁ
383 2261 588 2295 θεοφιλέστατος
600 2262 647 2288 καὶ
662 2261 809 2293 ὁσιώτατος
822 2261 882 2288 ἐπί-

97 2314 209 2338 σκοπος,
223 2307 313 2333 πᾶσαν
339 2307 371 2341 τῇ
402 2307 550 2342 πιστοτάτη
560 2314 606 2332 σου
623 2306 695 2342 ψυχῇ
717 2306 881 2342 παραψυχὴν

97 2351 372 2387 πραγματεύσασθαι,
402 2352 450 2377 καὶ
477 2351 557 2387 λόγῳ,
582 2352 630 2378 καὶ
657 2351 805 2387 έργῳ,κα“ι
822 2352 880 2387 θέᾳ,

97 2397 145 2424 καὶ
162 2397 289 2432 κοινωνία
304 2397 463 2432 φροντίδων,
485 2398 532 2424 καὶ
552 2399 585 2433 τῇ
602 2399 773 2433 πνευματικῇ
799 2398 881 2424 αὐτοῦ

97 2443 144 2469 καὶ
170 2443 301 2478 θεοσδὸτῳ
320 2443 415 2478 σοφία,
446 2443 478 2469 δι’
495 2441 529 2478 ἧς
557 2443 824 2478 κατευνασθήσεοοαι
838 2452 885 2470 πι-

98 2488 185 2516 στεύω
200 2489 251 2523 τῆς
264 2488 382 2523 ἀθυμίας
395 2488 444 2524 τὴν
462 2489 557 2523 ζάλην.

255 2544 304 2571 lE’.
325 2559 359 2563 —
374 2543 509 2575 Σιλόανῷ
532 2543 723 2577 πρωτεύοντι.

133 2598 196 2626 Οἶδα
213 2600 261 2635 μὲν
277 2600 441 2636 ὑστερήσας,
460 2599 506 2626 καὶ
528 2599 592 2634 περὶ
609 2600 673 2631 τοὺς
687 2600 881 2635 παραμυθητι-

97 2646 162 2676 κοὺς
178 2645 310 2681 μελλήσας
322 2646 427 2680 λόγους·
444 2645 502 2672 ἀλλ’
514 2645 573 2681 οὗχὶ
584 2645 646 2680 δίχα
660 2645 790 2680 λογισμοῦ
802 2645 882 2672 τοῦτο

97 2689 222 2722 δέδρακα·
240 2690 360 2717 ἐνδοῦναι
376 2691 431 2726 γὰρ
441 2690 481 2725 τῷ·
494 2690 574 2717 πάθει
589 2690 696 2726 σφοδρῷ
709 2690 766 2717 ὄντι
782 2690 882 2726 προῦρ-

97 2742 145 2768 γου
164 2733 303 2769 νενόμικα.
332 2735 398 2762 Οὐδὲ
416 2736 470 2771 γὰρ
487 2736 540 2763 τῶν
562 2736 661 2772 ἰατρῶν
682 2738 705 2763 οἱ
730 2736 880 2771 σοφώτατοι

935 2261 1041 2288 sinunt.
1061 2260 1132 2288 Satis
1145 2265 1237 2289 autem
1253 2270 1324 2290 unus
1340 2265 1382 2290 est
1398 2262 1446 2290 Dei
1468 2263 1673 2291 amantissimus
1691 2269 1720 2291 et

935 2305 1124 2332 sanctissimus
1131 2305 1286 2340 episcopus,
1294 2311 1325 2334 ut
1332 2314 1440 2334 omnem
1450 2306 1614 2335 ﬁdelissimae
1622 2308 1719 2335 anima:

937 2355 988 2378 tute
1003 2351 1219 2379 consolationem
1233 2351 1364 2379 adhibeat
1378 2356 1404 2379 et
1421 2360 1556 2385 sermone,
1574 2357 1603 2380 et
1624 2361 1717 2388 opere,

935 2401 963 2423 et
969 2402 1128 2431 conspectu,
1139 2402 1166 2424 et
1174 2397 1386 2432 participatione
1395 2406 1534 2431 curarum,
1546 2403 1574 2426 et
1584 2398 1719 2434 spirituali

934 2450 994 2476 quae
1008 2443 1047 2470 illi
1059 2451 1073 2470 a
1086 2444 1142 2470 Deo
1154 2443 1216 2471 data
1224 2448 1265 2471 est
1275 2444 1419 2478 sapientia,
1437 2453 1486 2479 per
1500 2453 1581 2479 quam
1594 2445 1719 2473 sedatum

934 2488 966 2515 iri
988 2489 1106 2516 tristitia:
1127 2493 1316 2524 tempestatem
1334 2490 1453 2517 conﬁdo.

1150 2544 1206 2572 XV.
1218 2560 1252 2564 —
1263 2543 1371 2572 Silvano
1384 2545 1501 2579 primati.

970 2600 1033 2628 Seio
1049 2608 1092 2627 me
1113 2601 1219 2627 lentum
1242 2608 1273 2628 ac
1292 2601 1400 2627 tardum
1412 2601 1497 2628 fuisse
1513 2601 1546 2628 ad
1570 2601 1718 2628 verborum

935 2647 1150 2673 consolationem
1173 2654 1180 2672 τ
1201 2646 1250 2674 sed
1273 2647 1280 2657 ‘
1301 2647 1354 2673 hoc
1372 2652 1461 2674 tamen
1489 2647 1643 2674 inconsulto
1663 2655 1718 2674 non

934 2691 998 2718 feci.
1015 2692 1107 2719 Dolori
1122 2682 1196 2719 [enim
1209 2692 1367 2719 vehementi
1383 2692 1481 2720 cedere
1497 2700 1585 2727 operte
1599 2692 1719 2727 pretium

934 2737 1099 2764 existimavi.
1113 2737 1181 2765 Nam
1196 2741 1223 2764 et
1237 2737 1408 2765 medicorum
1429 2738 1590 2773 peritissimi
1604 2738 1719 2765 ardente

132 2811 248 2839 "lCor.
265 2820 293 2840 ll.
305 2812 331 2839 9.
369 2813 413 2840 "l
431 2814 527 2840 Thess.
542 2822 576 2846 ιν,
594 2814 635 2842 12.
675 2815 694 2830 ¹¹
709 2815 778 2842 Psal.
796 2823 862 2842 cxtv
875 2814 986 2850 (CXLVI),
1003 2815 1028 2842 9.
1068 2817 1090 2831 ¹²
1105 2816 1156 2842 lsa.
1175 2824 1244 2848 xux,
1260 2816 1304 2843 15.

132 2868 170 2906 (Β)
189 2869 347 2905 ἀπαλλαγῆς
375 2871 458 2906 Neap.
