1962 3051
250 155 317 188 1191

746 155 797 185 ΤΗ
802 155 990 186 EODORETI
1010 157 1179 188 EPISCOPI
1202 159 1386 190 CYRENSIS

1814 157 1883 195 1192'

248 214 319 242 febri
328 212 472 249 profutura
483 211 684 238 medicamenta
691 218 745 238 non
756 210 900 243 adhibent,
912 212 961 239 sed
971 211 1037 238 artis

1090 213 1119 238 ὲν
1127 214 1159 248 τῇ
1176 214 1232 240 τῶν
1247 215 1371 250 πυρετῶν
1387 215 1463 250 ἀκμῇ
1478 216 1511 242 τὰ
1524 215 1675 248 ἀλεξίκακα
1692 219 1882 255 προσφέρουσι

248 268 329 296 opem
343 263 496 294 opportuno
511 261 634 291 tempore
650 256 807 285 conferunt.
825 257 882 283 Hac
895 261 923 284 et
937 265 989 291 ego
1004 256 1039 284 de

248 313 331 332 causa
354 311 458 339 paucos
480 303 547 329 isms
568 302 628 329 dies
649 301 762 333 indulsi,
777 301 880 329 doloris
900 302 1038 337 magnitu-

249 351 341 378 dinem
362 350 454 376 animo
476 353 618 383 reputans.
640 348 749 375 Etenim
769 347 791 375 si
816 356 868 375 nos
892 353 1037 382 tantopere

248 395 321 422 fanm
337 394 396 429 ipsa
423 393 543 428 perculit
558 393 688 427 omnique
702 393 817 420 tristitia
830 393 956 428 replevit,
973 393 1039 427 quid

249 440 309 467 viro
320 439 359 466 illi
375 439 509 466 accidisse
520 447 570 474 par
584 443 627 466 est
641 439 701 473 qui,
715 439 810 474 jugqu
824 438 897 465 idem
916 439 1038 470 trahens,

249 494 332 513 unam
347 486 375 512 in
391 493 511 517 carnem,
528 485 605 520 juxta
620 492 712 512 sacras
730 484 859 516 Litteras,
872 485 1039 520 conjunctus

245 539 275 560 et
288 539 428 558 connexus
444 535 513 563 erat,
535 534 678 565 postquam
695 530 722 556 vi
743 530 850 557 divulsa
865 535 907 557 est
921 531 1039 564 conjun-

247 578 314 609 ctio,
327 585 409 611 quam
424 581 533 611 tempus
548 581 576 603 et
588 583 665 602 amor
677 576 860 610 eopularant?
874 576 973 603 Verum
990 575 1039 602 do-

249 623 337 650 lorem
348 622 460 656 quidem
474 623 556 649 istum
568 627 665 648 natura
677 621 785 656 peperit
800 629 805 647 :
823 621 1037 648 consolationem

248 675 315 694 vero
340 667 476 701 excogitet
503 667 584 698 ratio,
611 670 638 693 et
659 666 807 692 obnoxiam
828 665 884 692 fato
908 669 1036 692 naturam

248 712 436 743 considerans,
453 713 559 748 1076
569 718 597 740 et
610 719 756 740 commune
774 711 903 738 omnibus
913 712 965 738 hoc
979 719 1038 738 ma—

248 758 306 786 lum
324 766 395 788 esse,
416 763 445 785 et
457 766 533 792 spem
554 758 777 790 resurrectionis,
797 762 826 785 et
848 758 909 792 ejus
927 757 974 792 qui
994 764 1039 784 sa-

247 804 358 839 pienter
374 809 466 832 nostra
482 804 574 831 omnia
596 804 666 839 regit
689 809 787 831 nutum
809 811 841 830 ac
857 803 1037 830 voluntatem.

248 849 384 877 Adamare
400 849 535 883 siquidem
555 853 665 883 oportet
682 856 714 876 ea
733 856 793 883 quae
810 847 845 874 ab
860 846 1039 874 inenarrabili

247 894 383 929 sapientia
396 894 592 926 decernuntur,
606 898 688 928 atque
704 893 762 920 haec
775 901 888 928 prorsus
904 892 1037 920 conduci—
1054 889 1074 915 Β

248 938 314 966 bilin
331 939 443 966 dueere.
468 939 520 972 Qui
535 939 607 966 enim
625 939 679 973 piis
694 938 851 974 hujusmodi
863 938 1038 973 cogitationi-

248 984 301 1012 bus
313 989 438 1017 utuntur,
451 989 480 1011 et
489 985 601 1019 pietatis
613 984 725 1020 praemia
738 984 869 1015 referent,
891 988 920 1012 et
936 984 969 1011 al)
986 984 1039 1010 im—

249 1031 366 1058 modicis
378 1030 498 1058 luctibus
516 1031 597 1058 liberi
611 1031 694 1057 vitam
712 1034 794 1065 agent
807 1030 1038 1065 tranquilliorem.

248 1076 284 1104 At
301 1084 366 1104 vero
384 1077 432 1111 qui
455 1076 568 1103 mcerori
589 1083 618 1103 se
635 1075 804 1110 mancipant,
820 1082 872 1101 nec
884 1074 1039 1109 plangendo

248 1123 406 1158 proﬁcient.
423 1126 451 1150 et
465 1130 527 1150 cum
540 1122 663 1149 cruciatu
678 1122 783 1153 vivent,
800 1126 828 1148 et
840 1121 965 1148 omnium
984 1120 1038 1147 Μο-

249 1168 405 1195 deratorem
425 1167 582 1194 irritabunt.
600 1167 735 1194 Admittat
751 1174 817 1201 ergo
835 1166 1039 1201 magniﬁcentia

249 1219 296 1241 tua
315 1219 458 1249 paternam
478 1214 709 1244 exhortationem,
730 1217 758 1239 et
775 1212 934 1247 praclarum
964 1212 1038 1239 illam

247 1267 343 1287 vocem
359 1263 475 1294 usurpet
490 1268 496 1285 :
518 1269 526 1284 ε
544 1259 677 1286 Dominus
692 1258 778 1290 dedit,
796 1258 931 1285 Dominus
946 1257 1040 1284 abstu-

247 1304 281 1331 lit
299 1313 305 1330 :
321 1304 516 1331 sicutDomino
527 1303 641 1338 placuit,
655 1303 692 1330 ita
705 1302 806 1330 factum
815 1307 858 1330 est
869 1312 876 1329 :
888 1302 924 1330 sit
937 1311 1038 1330 nomen

248 1350 358 1379 Domini
370 1350 547 1378 benedictum
563 1350 591 1377 in
603 1349 702 1376 saecula
715 1349 747 1375 ⁸³.
764 1359 773 1374 ι

453 1516 521 1544 XVI.
539 1531 574 1536 —-
586 1515 688 1542 Irenaw
703 1516 833 1551 episcopo.

1092 259 1238 294 φάρμακα·
1258 260 1315 286 ἀλλ’
1332 261 1372 292 είς
1389 261 1484 296 καιρὸν
1506 261 1556 297 τὴν
1573 261 1627 288 ἀπὸ
1640 263 1688 298 τῆς
1702 263 1801 300 τέχνης
1817 264 1882 301 βοή-

1092 305 1169 332 Θειαν
1184 306 1401 341 συνεισφέρουσι.
1420 307 1510 334 Διάτοι
1534 308 1611 336 τοῦτο
1627 309 1704 343 κάγὼ
1722 311 1771 342 τὰς
1790 311 1884 345 ὀλίγας

1089 350 1192 381 ταύτας
1211 351 1317 386 ἡμέρας
1337 352 1481 383 uagam”,
1500 353 1676 388 λογισάμενος
1694 355 1743 390 τὴν
1757 357 1804 391 τῆς
1818 357 1883 384 ὀδύ-

1091 405 1140 430 νης
1162 397 1325 432 ὑπερϐολήν.
1342 398 1372 424 Εἰ
1392 398 1445 434 γὰρ
1460 399 1534 433 ἡμᾶς
1548 400 1634 431 οὕτως
1652 401 1720 434 ἄγαν
1741 402 1851 437 ἠνίασεν
1864 405 1882 439 ἡ

1091 444 1180 476 φήμη,
1198 444 1245 469 καὶ
1265 444 1428 478 παμπόλλης
1452 445 1570 478 ἀθυμίας
1587 447 1729 482 ἐνέπλησε,
1743 449 1770 475 τί
1781 450 1830 476 οὐκ
1848 450 1882 478 ἃν

1090 488 1192 514 ἔπαθεν
1209 488 1278 524 ἀνὴρ
1293 490 1339 515 τὸν
1350 490 1431 516 αὑτὸν
1442 491 1523 524 ζυγὸν
1538 492 1635 525 ἕλκων,
1655 494 1702 520 καὶ
1715 496 1755 526 είς
1771 495 1834 528 μίαν
1843 496 1882 531 (9)

1091 533 1202 567 σαρκὸς,
1231 533 1300 560 κατὰ
1325 534 1374 569 τὴν
1393 535 1468 561 θείαν
1489 536 1610 572 Γραφὴν,
1627 539 1775 573 συνάφειαν
1790 541 1882 577 ἁρμο-

1091 578 1175 610 σθεὶς,
1192 580 1242 614 τῆς
1261 581 1307 606 καὶ
1321 580 1419 615 χρόνῳ,
1445 583 1491 608 καὶ
1514 583 1588 617 πόθῳ
1603 586 1794 620 γεγενημένης
1815 595 1882 613 συν-

1090 625 1188 659 αφείας
1213 625 1260 660 βίᾳ
1285 627 1519 662 διασπασθείσης;
1553 629 1623 655 ’Λλλ’
1640 631 1747 666 ἐκείνην
1766 633 1815 666 μὲν
1832 633 1883 669 τὴν

1089 670 1186 706 ὀδύνην
1204 673 1219 706 ἡ
1244 672 1324 706 φύσις
1339 674 1498 708 εἰργάσατο,
1517 674 1566 709 τὴν
1581 675 1608 701 δὲ
1628 677 1792 713 παραψυκὴν
1808 678 1822 704 ὁ
1839 679 1882 705 λο-

1089 717 1190 752 γισμὸς
1211 719 1388 752 μηχανᾶσθω,
1405 719 1435 745 τό
1452 728 1480 745 τε
1499 720 1549 754 τῆς
1564 720 1671 754 φύσεως
1686 722 1817 758 ἐπίκηρον
1837 723 1883 750 ὲν-

1091 763 1264 798 θυμούμενος
1278 765 1324 790 καὶ
1339 765 1385 791 τοῦ
1402 765 1505 797 πάθους
1519 766 1549 792 τὸ
1571 767 1670 800 κοινδν,
1688 768 1733 795 x1!
1753 770 1801 803 τῆς
1816 770 1883 796 ἀνα-

1091 810 1212 841 στάσεως
1227 810 1275 845 τὴν
1296 811 1401 841 ἐλπίδι,
1422 812 1468 838 καὶ
1491 812 1537 838 τοῦ
1565 813 1653 847 σοφῶς
1678 814 1714 840 τὰ
1731 815 1791 841 καθ’
1806 816 1882 850 ἡμᾶς

1089 855 1294 889 οἱκονομοῦντος
1319 856 1350 882 τὸ
1374 856 1508 892 βούλημα.
1535 858 1664 892 Στέργειν
1689 859 1743 895 γὰρ
1767 861 1820 895 χρὴ
1846 861 1882 887 τὰ

1090 901 1165 936 παρὰ
1176 901 1225 935 τῆς
1238 902 1357 937 ἀῤῥήτου
1374 903 1471 937 σοφίας
1482 905 1716 939 πρυτανευόμενα,
1732 907 1778 932 καὶ
1793 906 1881 933 ταῦτα

1089 948 1198 979 πάντως
1215 948 1335 983 νομίζειν
1353 949 1539 984 συμφέροντα·
1560 951 1585 977 oi
1609 951 1663 987 γὰρ
1685 953 1741 984 τοῖς
1757 953 1881 979 εὐσεΰέσι

1088 992 1194 1024 τούτοις
1207 993 1342 1028 χρώμενοι
1361 993 1513 1028 λογισμοῖς,
1540 995 1588 1021 καὶ
1608 996 1658 1030 τῆς
1680 996 1819 1028 εὐσεῦείας
1835 1006 1882 1024 xo-

1091 1038 1214 1073 μιοῦνται
1239 1038 1288 1070 τὰς
1311 1039 1469 1072 ἀντιδόσεις,
1489 1041 1535 1067 καὶ
1552 1041 1757 1079 θυμηρέστερον
1777 1044 1882 1079 βιοτεύ-

1091 1091 1178 1115 σουσι,
1200 1085 1249 1118 τῆς
1264 1085 1319 1111 τῶν
1345 1085 1450 1121 θρήνων
1467 1087 1600 1122 ἀμετρίας
1618 1089 1830 1124 ἀπαλλαγέντες.
1848 1092 1880 1118 Oi

1090 1130 1118 1156 δὲ
1142 1129 1182 1165 τῷ
1208 1130 1290 1156 πάθει
1313 1130 1502 1163 δουλωθέντες,
1526 1132 1602 1159 οὐδὲν
1631 1133 1680 1168 μὲν
1703 1135 1882 1169 κερδανοῦσιν

1089 1175 1303 1211 ὀλοφυρόμενοι,
1329 1175 1447 1211 ἀνιαρῶς
1468 1176 1495 1202 δὲ
1520 1177 1674 1211 βιώσονται,
1702 1180 1748 1206 καὶ
1766 1179 1882 1214 παροξυ-

1090 1221 1164 1248 νοῦσι
1193 1221 1245 1247 τῶν
1265 1221 1333 1248 ὅλων
1355 1222 1401 1248 τὸν
1430 1222 1577 1257 κηδεμόνα.
1600 1224 1729 1256 Δεξάσθω
1756 1225 1846 1252 τοίνυν
1863 1227 1880 1261 ἡ

1091 1265 1315 1301 μεγαλοπρέπειὰ
1340 1274 1387 1292 σου
1412 1267 1573 1300 παραίνεσιν
1599 1269 1744 1304 πατρικὴν,
1769 1271 1815 1297 καὶ
1832 1271 1882 1306 τὴν

1089 1311 1244 1347 θαυμασίαν
1275 1311 1382 1348 ἐκείνην
1416 1313 1520 1339 εἰπάτω
1547 1315 1648 1350 φωνήν·
1679 1325 1688 1340 ι
1716 1316 1744 1342 '0
1778 1317 1882 1352 Κύριος

1090 1358 1199 1389 ἔδωκεν,
1227 1359 1242 1384 ὸ
1263 1358 1364 1393 Κύριος
1378 1359 1513 1391 ἀφείλετο·
1541 1360 1579 1392 ὡς
1603 1360 1641 1396 τῷ
1659 1361 1754 1396 Κυρίῳ
1779 1362 1882 1395 ἔδοξεν,

1089 1403 1161 1430 οὕτω
1180 1405 1227 1431 καὶ
1243 1404 1362 1438 ἐγένετο·
1378 1405 1419 1440 εἴη
1436 1407 1465 1431 τὸ
1477 1405 1563 1440 ὄνομα
1580 1407 1685 1442 Κυρίου
1698 1409 1884 1444 εὐλογημένον

1091 1451 1131 1482 είς
1145 1451 1207 1481 τοὺς
1218 1450 1327 1482 αἰῶνας.
1351 1460 1360 1476 ›

1267 1507 1360 1540 ιεῖν.-
1370 1506 1518 1542 Εἰρηναίῳ
1538 1509 1702 1543 ἐπισκόπῳ.

283 1574 343 1602 Non
357 1578 409 1605 est,
419 1576 450 1600 ut
465 1576 589 1607 apparet,
602 1571 677 1606 quod
694 1570 757 1598 boni
775 1570 926 1605 quidquam
942 1578 1037 1605 exspe-

1127 1561 1184 1587 Οὐκ
1196 1562 1279 1592 ἔστιν,
1295 1562 1331 1594 ὡς
1343 1562 1445 1595 ἔοικεν,
1460 1564 1536 1590 οὐδὲν
1551 1565 1735 1600 προσδοκῆσαι
1748 1567 1879 1600 χρηστόν.

249 1625 364 1649 ctemus.
375 1620 435 1646 Non
449 1618 531 1645 modo
543 1617 618 1644 enim
637 1624 690 1643 non
704 1617 815 1643 sedatur
826 1616 955 1643 Ecclesite
972 1623 1037 1651 pro-

248 1666 327 1697 cella,
350 1664 398 1691 sed
414 1662 537 1697 quotidie
556 1661 724 1692 intumescit,
742 1665 772 1687 ut
787 1660 825 1687 ita
840 1661 939 1692 dicam,
962 1664 990 1688 et
1010 1661 1038 1688 in

248 1717 381 1739 cacumen
404 1707 551 1736 attollitur.
567 1706 711 1734 Venerunt
734 1710 826 1732 autem
848 1710 876 1732 et
895 1705 942 1739 qui
956 1712 1038 1740 syno-

249 1756 314 1783 dum
328 1757 522 1784 convocarent,
539 1755 567 1779 et
585 1751 757 1778 evocatorias
773 1751 879 1778 litteras
897 1755 954 1777 tum
976 1751 1038 1778 aliis

247 1801 415 1837 quibusdam
438 1798 667 1833 metropolitanis,
686 1802 742 1824 lum
763 1801 858 1824 nostro
878 1797 1036 1824 redderent.

248 1848 414 1875 Litterarum
433 1853 515 1881 porro
523 1843 678 1878 exemplum
693 1842 727 1870 ad
745 1847 770 1870 te
787 1843 862 1874 misi,
886 1847 916 1868 ut
933 1849 1037 1876 cogno-

248 1902 319 1926 scas,
330 1893 452 1923 domine,
461 1891 562 1918 malum
577 1889 658 1919 malo,
668 1889 741 1924 quod
756 1889 794 1916 ait
808 1892 887 1923 poeta
897 1888 930 1920 ν’,
939 1887 1040 1915 conﬁr-

247 1944 352 1967 matum
367 1946 437 1969 esse,
462 1937 575 1971 solaque
594 1935 675 1962 nobis
689 1942 759 1970 opus
776 1942 837 1962 esse
853 1933 947 1961 divina
961 1933 1040 1961 boni-

246 1990 315 2017 tate,
329 1989 359 2012 ut
372 1984 458 2011 sedct‘
465 1986 666 2017 tempestatem.
690 1981 780 2009 Facile
795 1988 914 2015 namque
926 1980 980 2007 hoc
998 1980 1038 2007 illi

246 2037 299 2064 est,
322 2030 370 2059 sed
391 2037 442 2057 nos
459 2029 658 2064 tranquillitate
674 2036 770 2055 sumus
795 2027 910 2062 indigni.
934 2026 1039 2054 Subicit

247 2085 314 2105 vero
338 2077 417 2104 nobis
439 2074 706 2110 patientim'gratia,
735 2078 766 2100 ut
787 2081 837 2107 per
857 2073 928 2100 hanc
954 2079 1038 2107 supe—

247 2123 336 2150 riores
348 2121 474 2148 hostibus
487 2119 648 2146 evadamus.
665 2118 770 2153 1077
785 2117 842 2145 Hoc
857 2117 931 2145 enim
945 2121 1039 2152 postu-

247 2169 306 2196 lare
317 2175 367 2196 nos
383 2166 477 2194 docuit
489 2164 601 2191 divinus
611 2164 771 2199 Apostolus.
789 2173 798 2188 ε
815 2163 919 2195 Faciet,
935 2162 1036 2197 inquit,

247 2221 309 2241 cum
329 2213 481 2240 tentatione
497 2215 639 2243 eventum,
655 2215 685 2238 ut
700 2210 812 2245 possitis
823 2210 961 2237 sustinere
975 2209 1008 2235 ".
1024 2218 1033 2234 ι

246 2260 382 2288 Ceterum
396 2259 513 2286 obsecro
533 2257 662 2292 pietatem
678 2243 765 2288 tuum,
789 2259 819 2282 ut
840 2262 888 2282 ora
908 2255 1037 2282 obstruas
1053 2243 1076 2271 Ῑ)

246 2306 476 2336 obtrectatorum,
489 2308 517 2330 et
528 2303 628 2329 doceas
643 2309 697 2328 non
709 2301 810 2328 debere
823 2301 884 2329 illos
897 2301 945 2336 qui
958 2305 1037 2328 extra

248 2352 307 2384 teli,
325 2349 398 2385 quod
412 2349 500 2381 aiunt,
515 2349 618 2383 iactum
633 2349 704 2379 sint,
721 2347 755 2374 iis
769 2351 799 2374 ut
811 2351 925 2382 apparet
939 2346 1035 2374 convi-

247 2396 323 2428 tiari,
339 2395 386 2430 qui
395 2403 424 2422 in
437 2395 495 2422 acie
509 2397 633 2425 stanl,et
643 2393 780 2420 feriuntur
791 2399 823 2419 ac
845 2392 956 2418 feriunt.
964 2391 1036 2424 Quid

247 2441 322 2469 enim
338 2441 452 2467 interest
475 2443 567 2466 utrum
581 2438 628 2473 qui
647 2441 749 2473 pugnat
762 2437 814 2464 hoc
828 2444 930 2471 genere
947 2444 1037 2463 armo-

248 2493 308 2512 rum
322 2493 356 2512 an
369 2485 417 2512 illo
429 2489 536 2517 utatur,
553 2487 582 2511 et
594 2483 702 2510 hostem
722 2482 848 2517 dejiciat?
863 2482 932 2509 Nam
946 2489 1037 2516 neque

247 2537 362 2566 magnus
373 2529 459 2557 David
477 2529 553 2557 omni
573 2531 713 2556 armatura
738 2527 890 2554 instructus
907 2527 1038 2562 alienige-

247 2583 345 2606 narum
355 2575 452 2603 ducem
463 2574 613 2610 prostravit
624 2574 646 2589 ἐ
657 2582 664 2607 ;
676 2578 704 2601 et
716 2572 831 2600 Samson
845 2572 915 2599 asini
927 2572 1038 2600 maxilla

247 2620 321 2652 mille
337 2621 418 2649 simul
433 2620 534 2648 occidit
549 2620 582 2646 ’⁷.
599 2619 656 2647 Nec
669 2619 814 2654 quisquam
828 2622 870 2646 est
884 2618 931 2653 qui
948 2618 1037 2645 victo»

248 2667 317 2697 riam
334 2667 529 2703 reprehendat,
544 2670 591 2694 aut
605 2666 738 2693 victorem
755 2665 912 2692 timiditatis
928 2670 1036 2700 arguat,

282 2736 306 2754 ⁸³
319 2736 371 2764 Job
394 2743 413 2766 l,
444 2735 489 2762 21.

248 2780 295 2805 xv,
312 2771 356 2799 16.

281 2827 319 2862 (9)
337 2827 378 2854 An
394 2828 478 2861 μιᾶςῖ

282 2862 337 2897 (10)
353 2862 500 2896 ἐκκλησίας
514 2861 584 2888 male
601 2861 711 2897 videtur
725 2861 811 2888 fuisse
831 2862 856 2888 in
873 2861 967 2897 codice
982 2860 1037 2897 Va-

247 2895 346 2930 ticano,
363 2905 379 2924 c
394 2895 448 2930 quo
472 2896 566 2923 Latine
587 2896 717 2923 translata
737 2900 825 2923 exstat
848 2896 905 2924 luec
921 2895 1036 2932 cpistola

553 2734 576 2751 ²⁴
593 2734 740 2765 Homerus,
770 2732 848 2760 Iliad.
878 2740 933 2765 xw,
954 2731 1000 2760 25.

1052 2731 1074 2747 "
1088 2731 1172 2759 lCor.
1188 2739 1215 2763 ι,
1233 2730 1276 2759 i3.

1090 1608 1126 1634 Οὺ
1139 1607 1193 1642 γὰρ
1206 1608 1286 1642 μόνον
1302 1609 1352 1635 οὐκ
1368 1609 1520 1645 ἐλώφησεν,
1537 1610 1605 1636 ἀλλὰ
1625 1611 1671 1637 καὶ
1680 1611 1741 1637 καθ’
1752 1613 1883 1647 ἑκάστην,

1089 1651 1126 1684 ὡς
1142 1653 1206 1685 ἔπος
1219 1654 1318 1685 εἰπεῖν,
1331 1654 1449 1690 ἡμέραν
1469 1655 1635 1691 κορυφοῦται
1649 1656 1698 1691 τῆς
1721 1656 1884 1693 Ἐκκλησίας

1089 1699 1105 1734 ή
1123 1698 1202 1734 ζάλη.
1217 1697 1304 1726 Ἧκον
1320 1699 1348 1726 δὲ
1363 1700 1410 1727 καὶ
1430 1701 1455 1726 οἱ
1478 1701 1528 1735 τὴν
1545 1702 1653 1732 σύνοδον
1671 1702 1883 1736 συγκαλοῦντες,

1090 1744 1137 1771 καὶ
1153 1745 1298 1772 ἀπέδωκαν
1313 1745 1403 1778 ἄλλοις
1415 1747 1443 1773 τέ
1456 1756 1510 1774 τισι
1523 1748 1576 1774 τῶν
1596 1748 1815 1783 μητροπολιτῶν,
1832 1751 1883 1776 καὶ

1089 1789 1129 1824 τῷ
1144 1789 1280 1825 ἡμετέρῳ,
1295 1790 1329 1816 ’τά
1344 1792 1392 1826 τῆς
1409 1791 1532 1827 κλήσεως
1555 1792 1610 1827 (Ill)
1632 1794 1794 1828 γράμματα,
1817 1794 1884 1820 ’Δπ-

1090 1835 1198 1862 έστειλα
1219 1835 1247 1862 δὲ
1265 1836 1311 1863 καὶ
1326 1836 1380 1863 τῶν
1395 1837 1566 1872 γραμμάτων
1584 1838 1615 1864 τὸ
1629 1838 1687 1865 ἶσον
1707 1840 1740 1873 τῇ
1760 1840 1792 1874 σῇ
1811 1839 1884 1865 ὁσιό-

1089 1889 1161 1916 τητι,
1192 1881 1236 1908 ἵνα
1263 1881 1347 1916 γνῷς,
1369 1882 1498 1913 δέσποτα,
1523 1883 1561 1914 ὡς
1590 1883 1659 1909 κατὰ
1680 1884 1726 1910 τὸν
1741 1884 1884 1918 ποιητικὸν

1089 1926 1176 1962 λόγον,
1194 1927 1277 1954 κακὸν
1293 1928 1370 1963 κακῷ
1385 1929 1559 1964 ἐστήρικται,
1577 1929 1626 1956 καὶ
1645 1929 1686 1956 δεῖ
1709 1930 1796 1965 μόνης
1814 1931 1883 1965 ἡμῖν

1089 1975 1138 2008 τῆς
1159 1974 1327 2009 Δεσποτικῆς
1345 1974 1525 2010 ἁγαθὸτητος,
1555 1976 1597 2002 ἵνα
1623 1976 1716 2012 παύσῃ
1741 1976 1787 2002 τὸν
1817 1976 1882 2003 κλύ-

1089 2019 1170 2046 δωνα.
1192 2020 1298 2056 Ῥᾴδιον
1323 2020 1372 2055 μὲν
1388 2020 1443 2055 γὰρ
1460 2021 1534 2056 αὐτῷ
1551 2022 1597 2048 καὶ
1618 2021 1706 2054 τοῦτο,
1729 2022 1787 2049 ἀλλ’
1800 2019 1882 2057 ἡμεϊς

1088 2065 1138 2099 τῆς
1158 2066 1278 2100 γαλήνης
1303 2065 1423 2098 ἀνάξιοι.
1443 2066 1537 2102 Ἀρκεί
1554 2068 1582 2093 δὲ
1600 2068 1665 2102 ἡμῖν
1679 2068 1728 2102 τῆς
1741 2068 1882 2103 ὑπομονῆς

1088 2112 1105 2146 ἡ
1122 2112 1211 2146 χάρις,
1228 2111 1265 2143 ὡς
1284 2112 1317 2138 ἂν
1333 2112 1377 2138 διὰ
1388 2112 1490 2147 ταύτης
1503 2113 1644 2148 κρείττους
1661 2113 1715 2139 τῶν
1730 2113 1881 2148 πολεμούν-

1088 2166 1142 2184 των
1155 2157 1326 2196 γενοίμεθα..
1339 2158 1426 2184 Τοῦτο
1451 2158 1506 2193 γὰρ
1528 2159 1574 2185 καὶ
1596 2160 1610 2186 ὁ
1632 2159 1703 2191 θεῖος
1719 2160 1882 2192 Ἀπόστολος

1088 2202 1207 2235 ἐδίδαξεν
1222 2203 1295 2238 ἡμᾶς
1312 2203 1437 2234 ἐξαιτεῖν.
1458 2213 1467 2229 ί
1486 2204 1596 2239 Ποιήσει
1608 2204 1672 2240 γὰρ,
1684 2205 1760 2239 φησὶ.
1778 2205 1827 2232 σὺν
1842 2205 1882 2240 τῷ

1091 2249 1236 2284 πειρασμῷ
1251 2244 1298 2276 καῖ
1305 2249 1354 2284 τὴν
1369 2249 1482 2276 ἔκϐασιν
1492 2249 1539 2276 τοῦ
1547 2250 1677 2277 δύνασθαι
1692 2252 1880 2286 ὑπενεγκεῖν.»

1091 2296 1146 2330 Τὴν
1172 2296 1201 2323 δὲ
1224 2296 1273 2331 σὴν
1290 2296 1428 2330 φιλοοεῖαν
1447 2297 1600 2332 παρακαλῶ
1613 2296 1801 2332 ἐπιστομίζειν
1818 2298 1883 2330 τοὺς

1094 2341 1295 2377 μωμοσκόπους
1316 2342 1363 2368 xui.
1379 2342 1484 2368 πείθειν
1501 2343 1539 2375 ὡς
1557 2343 1587 2369 οὐ
1604 2343 1657 2378 χρὴ
1671 2343 1736 2375 τοὺς
1757 2343 1809 2376 ἔξω
1827 2343 1882 2370 τῶν

1092 2387 1188 2422 βελῶν,
1203 2387 1234 2413 τὸ
1248 2387 1279 2422 δὴ
1298 2387 1453 2422 λεγόμενον,
1470 2388 1549 2420 ὄντας
1565 2389 1712 2421 σκώπτειν,
1728 2389 1766 2420 ὡς
1778 2389 1879 2422 ἔοικεν,

1090 2433 1153 2464 τοὺς
1171 2433 1442 2468 παραταττομένους,
1472 2435 1519 2460 καὶ
1540 2433 1720 2469 βαλλομένους
1742 2433 1789 2460 καὶ

1090 2480 1195 2511 λοντας.
1217 2481 1249 2506 Τί
1273 2481 1327 2515 γὰρ
1348 2481 1472 2518 διαφέρει
1494 2482 1532 2517 τῷ
1551 2483 1645 2518 τοιῷδε
1668 2483 1743 2518 ὅπλῳ
1757 2483 1773 2518 ἢ
1787 2483 1881 2518 τοιῷδε

1090 2526 1135 2552 τὸν
1147 2525 1345 2560 ἀγωνιζόμενον
1360 2527 1522 2562 χρήσασθαι,
1540 2529 1586 2554 καὶ
1604 2528 1764 2555 καταϐαλεῖν
1779 2527 1824 2555 τὸν
1835 2529 1882 2555 ἀν-

1090 2571 1219 2605 τίπαλον;
1248 2572 1315 2598 Οὐδὲ
1331 2573 1386 2607 γὰρ
1408 2573 1422 2599 ὁ
1445 2573 1531 2607 μέγας
1549 2574 1630 2600 Δαὸὶδ
1647 2574 1796 2609 παντευχίᾳ
1815 2583 1883 2610 χρη-

1092 2618 1212 2653 σάμενος
1233 2617 1386 2654 κατήνεγκε
1407 2619 1461 2645 τῶν
1486 2619 1643 2654 ἀλλοφύλων
1662 2621 1707 2647 τὸν
1729 2621 1882 2656 πρόμαχον.

1097 2664 1126 2690 ’0
1142 2663 1169 2691 δὲ
1185 2663 1303 2698 Σαμψὼν
1314 2664 1375 2691 (nou
1392 2665 1496 2699 σιαγόνι
1509 2666 1681 2701 χρησάμενος
1692 2666 1793 2701 χιλίους
1812 2666 1883 2693 κατᾶ

1327 2731 1351 2747 ³⁸
1367 2731 1378 2758 Ι
1396 2731 1462 2767 Reg.
1486 2740 1550 2764 xvu,
1577 2731 1588 2758 Ι
1618 2739 1695 2769 seqq.
1744 2732 1766 2748 ’⁷
1790 2732 1881 2760 Judie.

1091 2825 1162 2887 ggpd
1181 2826 1326 2853 Baronium
1344 2827 1443 2854 Annal.
1459 2827 1492 2855 ad
1508 2836 1532 2855 a.
1551 2827 1580 2856 (Σ.
1595 2827 1657 2860 450,
1677 2832 1741 2855 tom.
1758 2828 1786 2860 ν,
1803 2836 1830 2867 p.
1843 2833 1886 2858 ω.
