1962 3051
124 178 192 212 1193

808 175 988 206 EPISTOLA
1009 175 1084 205 XVI.

1685 174 1750 207 llﬁi

120 235 218 263 ταυτὸν
234 234 422 270 κατηκόντισε.
438 234 493 261 Καὶ
507 233 596 266 οὐδεὶς
619 234 807 269 ἱπιμέμφεται
821 233 854 268 τῇ
869 231 904 258 νί-

961 232 1035 267 quod
1052 240 1106 259 non
1122 231 1228 259 hastam
1245 232 1383 267 quatiens,
1400 233 1580 269 elypeumque
1596 235 1749 271 objectans.

121 290 168 319 κῃ,
190 281 251 308 οὐδὲ
277 281 378 308 δειλίαν
398 280 446 307 τοῦ
471 279 605 316 ἀριστέως
627 280 786 315 κατηγορεῖ,
810 279 851 305 ὅτι
872 277 909 313 μὴ

119 328 185 363 δόρυ
197 327 291 358 κινῶν,
306 327 354 353 καὶ
363 326 412 357 τὴν
423 326 524 352 ἀσπίδα
535 325 765 361 προϐαλλόμενος,
780 325 827 351 καὶ
843 324 909 350 πολ-

120 373 156 401 λὰ
181 373 342 405 ἀκοντίζων,
361 373 378 408 ἢ
395 372 461 405 τόξα
477 372 582 404 τείνων,
599 372 661 403 τοὺς
675 370 838 401 ἀντιπάλους
856 369 910 395 ἐνί-

121 427 206 454 κησεν
219 417 286 454 (Η).
298 417 376 444 Οὕτω
390 415 534 452 τοιγαροῦν
545 415 665 446 καὶτοὺς
679 414 750 450 ὑπὲρ
767 415 817 449 τῆς
831 414 909 440 εὐσε-

122 464 199 496 ϐείας
224 462 443 498 ἀγωνιζομένους
466 461 605 494 ἐξετάζειν
618 461 682 496 χρὴ,
697 460 744 487 καὶ
765 459 802 495 μὴ
818 459 909 495 ζητεῖν

122 509 243 545 ὀνόματα
260 509 309 544 τὴν
335 508 392 543 ἔριν
415 507 567 543 ἐγείροντα,
584 507 641 534 ἀλλ’
667 506 847 542 ἐνθυμήματα
861 515 909 532 σα-

122 556 180 591 φῶς
196 555 368 592 κηρύττοντα
384 554 433 590 τὴν
451 554 594 589 ἀλήθειαν,
609 553 656 580 καὶ
669 553 733 584 τοὺς
752 552 910 579 ἀντιτείνειν

121 601 281 636 τολμῶντας
297 599 428 635 αἰσχύνης
438 599 662 634 ἀναπιμπλάντα.
677 598 709 624 Τί
723 597 776 632 γὰρ
786 597 909 632 διαφέρει

120 647 328 681 ἀνθρωποτόκον
341 646 408 680 ὁμοῦ
420 646 467 672 καὶ
483 645 611 671 θεοτόκον
623 643 755 678 ὀνομάσαι
768 643 817 676 τὴν
830 643 910 677 ἁγίαν

121 690 270 725 Παρθένον.
287 689 303 725 ἢ
326 690 438 716 καλέσαι
454 689 538 724 αὐτὴν
567 688 614 715 τοῦ
642 687 786 723 τεχθέντος
803 687 910 723 μητέρα

121 736 168 762 καὶ
182 736 289 770 δούλην,
306 735 353 762 καὶ
375 736 535 770 ἐπαγαγεῖν,
548 735 588 761 δτι
606 734 698 770 μήτηρ
716 734 768 769 μὲν
785 733 858 760 ἐστιν
872 733 910 765 ὡς

120 782 265 817 ἀνθρώπου
290 781 337 808 τοῦ
358 782 459 817 Κυρίου
481 781 560 816 ἡμῶν
578 780 664 815 Ἰησοῦ
680 779 810 815 Χριστοῦ,
826 780 908 814 δούλη

119 828 149 855 δὲ
163 828 200 859 ὡς
214 828 291 859 Θεοῦ,
310 828 357 854 καὶ
371 827 420 862 τὴν
445 827 494 863 μὲν
511 826 647 862 πρόφασιν
667 825 852 860 συκοφαντίας
869 834 908 851 σι‹

119 874 205 909 γῆσαι
217 874 284 909 (12),
301 873 350 909 τὴν
367 873 450 909 αὐτὴν
465 874 493 900 δὲ
516 873 598 908 φάναι
615 872 743 904 διάνοιαν,
760 872 841 907 ἑτέρᾳ
864 880 908 898 κε-

121 919 256 956 χρημένον
271 919 462 955 προσηγορίᾳ;
476 920 546 955 Πρὸς
560 919 587 945 δὲ
601 918 717 950 τούτοις,
732 919 843 944 κάκεῖνο
859 918 911 953 χρὴ

122 964 246 997 συνιδεῖν,
264 964 301 996 ὡς
320 964 351 991 τὸ
370 964 420 999 μὲν
440 965 528 991 κοινόν
547 965 621 990 ἐστιν
635 963 731 997 ὄνομα,
749 962 780 989 τὸ
798 963 826 989 δὲ
846 962 912 989 ἴδιον

120 1011 171 1044 τῆς
189 1009 338 1044 Παρθένου·
358 1010 404 1036 καὶ
417 1010 459 1036 ὃτι
473 1010 536 1044 περὶ
552 1009 647 1035 τούτου
668 1009 742 1035 πᾶσα
757 1009 774 1043 ἡ
790 1008 910 1043 διαμάχη

121 1055 278 1089 γεγένηται,
293 1054 330 1086 ὡς
353 1055 403 1081 οὐκ
427 1054 540 1088 ὤφελεν.
565 1055 620 1081 Καὶ
635 1054 660 1080 οἱ
674 1053 796 1080 πλεῖστοι
814 1053 841 1080 δὲ
856 1054 910 1080 τῶν

120 1100 241 1135 ἀρχαίων
261 1100 315 1134 (13)
331 1100 457 1136 Πατέρων
471 1099 520 1134 τὴν
538 1099 715 1135 ἐντιμοτέραν
732 1098 863 1125 ἐπέθεσαν
875 1100 908 1134 τῇ

122 1143 252 1179 Παρθένῳ
268 1144 464 1179 προσηγορίαν·
484 1143 564 1169 τοῦτο
580 1143 608 1169 δὲ
624 1144 670 1170 καὶ
691 1144 708 1178 ὴ
724 1142 757 1178 σὴ
772 1142 906 1178 πεποίηκε

121 1190 260 1217 θεοσέὸεια
284 1190 330 1216 καὶ
353 1191 380 1216 ἐν
406 1189 452 1215 δύο
473 1190 519 1216 καὶ
534 1189 563 1215 ἐν
578 1189 650 1223 τρισὶ
664 1188 763 1222 λόγοις.
782 1187 855 1223 Ἐχω
878 1188 907 1214 δὲ

120 1236 222 1263 τούτων
237 1236 332 1269 ἐνίους,
344 1236 393 1270 τῆς
409 1235 458 1270 σῆς
477 1244 522 1269 μοι
538 1235 684 1270 πεμψάσης
697 1235 845 1269 φιλοοεΐας·
861 1233 908 1261 καὶ

120 1282 160 1318 τῷ
177 1282 320 1314 Θεοτόκος
342 1282 372 1307 τὺ
384 1281 610 1314 ἀνθρωποτόκος
623 1281 653 1306 οὺ
666 1279 846 1315 παρέζευξας,
865 1279 909 1305 δέ-

119 1337 218 1360 σποτα,
237 1327 340 1362 ἑτέροις
355 1326 383 1352 δὲ
395 1327 508 1361 ὀνόμασι
529 1326 578 1361 τὴν
591 1325 685 1352 τούτου
705 1326 823 1352 διάνοιαν
837 1333 908 1359 παρ-

118 1374 267 1408 εδήλωσας.
290 1368 398 1407 Ἐπειδὴ
410 1372 466 1407 (14)
491 1371 519 1398 δὲ
534 1371 722 1407 ἐπιμέμφεσθέ
736 1380 795 1405 μοι,
813 1370 857 1397 καὶ
870 1370 907 1402 ὡς

120 1420 182 1450 τοὺς
202 1418 296 1453 ἁγίους
322 1418 370 1445 καὶ
387 1417 539 1453 μακαρίους
559 1417 763 1444 καταλελοιπότι
784 1416 908 1450 Πατέρας

963 282 991 305 et
1018 278 1115 305 crebra
1135 278 1226 313 jaeula
1248 278 1408 313 conjiciens,
1432 279 1475 306 vel
1501 287 1582 308 arcus
1605 281 1751 309 intendens

962 323 1055 350 hostes
1070 323 1217 358 superarit.
1234 323 1279 351 Sic
1301 324 1384 358 igitur
1397 329 1424 351 et
1438 324 1498 351 illos
1514 325 1560 359 qui
1581 333 1631 360 pro
1649 326 1750 360 pietate

963 369 1095 396 dimicant
1112 368 1230 404 judicari
1249 373 1369 404 oportet,
1389 377 1441 397 nec
1460 371 1592 397 vocabula
1614 379 1749 406 quzerere,

963 423 1024 450 qure
1040 415 1244 443 contentionem
1258 415 1406 448 suseitent,
1431 416 1479 442 sed
1496 417 1751 451 argumentationes

962 470 1023 497 quae
1036 462 1178 489 veritatem
1200 462 1304 496 liquido
1318 463 1484 497 exprimant,
1504 467 1531 488 et
1553 462 1683 489 reluctari
1701 471 1749 489 aus

963 507 1059 534 dentes
1077 506 1179 533 rubore
1199 506 1368 533 suﬂ‘undant.
1383 507 1454 539 Quid
1476 507 1550 533 enim
1574 507 1624 534 ista
1646 507 1749 534 disere-

962 557 1038 587 pant,
1064 552 1264 587 hominiparam
1287 552 1375 579 simul
1396 560 1428 579 ac
1450 552 1595 587 Deiparam
1615 552 1750 587 virginem

962 602 1083 625 sanctam
1102 598 1251 632 appellare,
1272 602 1320 624 aut
1343 605 1442 624 vocare
1462 597 1536 624 illam
1551 597 1610 624 Filii
1636 602 1750 623 matrem

962 648 1043 678 atque
1056 643 1194 676 ancillam,
1211 648 1239 670 et
1253 643 1364 675 addere,
1381 647 1497 670 matrem
1511 643 1622 677 quidem
1634 650 1705 675 esse,
1721 647 1750 669 ut

963 689 1092 721 hominis,
1106 689 1213 716 Domini
1227 689 1316 716 nostri
1327 690 1392 716 Jcsu
1405 689 1517 720 Christi,
1531 689 1659 716 ancillam
1672 697 1748 721 vero,

963 740 994 762 ut
1011 735 1068 767 Dei,
1093 735 1291 769 calumnizeque
1315 735 1488 762 occasionem
1513 734 1626 762 silentio
1645 739 1748 770 tegere,

961 785 990 808 et
1006 781 1130 808 eamdem
1150 781 1313 808 sententiam
1335 780 1385 807 sub
1407 781 1461 807 alio
1481 780 1591 808 nomine
1608 780 1750 815 proferre?

961 827 1063 854 Adhzec
1078 826 1144 854 illud
1156 826 1238 853 etiam
1254 826 1433 861 spectandum
1449 832 1502 857 est,
1518 826 1615 853 horum
1633 826 1750 853 alterum

962 879 1108 898 commune
1125 878 1224 898 nomen
1241 878 1312 902 esse,
1327 870 1445 897 alterum
1464 870 1578 905 virginis
1595 871 1748 905 proprium,

928 923 948 950 Β
963 920 990 942 et
1006 916 1039 943 de
1053 916 1106 943 hoc
1122 920 1206 943 totam
1222 916 1361 943 exstitisse
1380 916 1598 948 contentionem,
1620 924 1680 950 quas
1693 916 1749 943 uti-

961 969 1023 988 nam
1035 969 1089 988 non
1107 962 1214 996 1078
1231 961 1338 988 fuisset.
1356 961 1394 988 Ac
1413 962 1524 996 plurimi
1540 970 1605 989 sane
1623 963 1749 996 antiquo-

960 1012 1020 1034 rum
1034 1007 1146 1034 Patrum
1158 1007 1342 1042 appellatione
1360 1015 1421 1042 ηοω
1438 1007 1600 1034 honoratior
1612 1011 1671 1034 erat
1687 1008 1748 1034 Vir-

959 1053 1050 1088 ginem
1068 1057 1223 1080 amarunt:
1238 1053 1310 1087 quod
1333 1057 1361 1080 et
1383 1054 1514 1081 sanctitas
1535 1058 1580 1081 tua
1600 1053 1628 1080 in
1641 1054 1750 1081 duabus

959 1099 1081 1125 tribusve
1090 1099 1262 1126 orationibus
1270 1099 1328 1126 suis
1339 1098 1414 1127 fecit.
1424 1099 1516 1126 Habeo
1525 1100 1582 1134 ipse
1592 1099 1747 1131 nonnullas,

959 1152 1027 1179 quas
1045 1145 1078 1171 ad
1092 1153 1135 1172 me
1150 1145 1237 1180 pietas
1248 1150 1294 1173 tua
1312 1145 1397 1177 misit,
1414 1145 1440 1172 in
1453 1146 1555 1180 quibus
1570 1145 1748 1180 appellationi

959 1189 1085 1224 Deipara,
1096 1189 1216 1223 domine,
1227 1190 1393 1226 hominipara
1404 1199 1457 1218 non
1469 1191 1602 1226 adjecisti,
1615 1191 1662 1218 sed
1674 1191 1748 1219 vocis

959 1235 1044 1272 hujus
1063 1244 1173 1263 sensum
1198 1236 1259 1263 aliis
1280 1237 1422 1264 vocabulis
1440 1237 1595 1265 declarasti.
1610 1238 1747 1271 Quoniam

959 1285 1052 1308 autem
1072 1289 1116 1308 me
1134 1281 1216 1308 etiam
1242 1282 1457 1315 reprehenditis,
1484 1283 1561 1317 quasi
1588 1288 1697 1310 sanctos
1716 1292 1748 1311 ac

960 1326 1056 1353 beatos
1067 1326 1162 1353 Patres
1173 1327 1323 1354 Diodorum
1334 1332 1361 1354 et
1374 1328 1547 1356 Theodorum
1563 1329 1589 1355 in
1604 1329 1748 1363 magistro-

960 1379 1021 1398 rum
1033 1379 1149 1398 numero
1167 1372 1358 1405 praeterierint,
1372 1373 1557 1400 necessarium
1572 1373 1638 1401 duxi
1650 1374 1683 1401 de
1695 1374 1747 1401 hoc

961 1417 1044 1443 etiam
1058 1425 1144 1451 pauca
1158 1417 1261 1445 dicere.

118 1464 250 1500 Διόδωρον
277 1464 321 1490 καὶ
356 1464 492 1499 Θεόδωρον
515 1464 543 1490 ἐν
565 1463 604 1499 τῷ
621 1463 769 1498 καταλόγῳ,
781 1461 837 1489 τῶν
855 1461 1036 1497 διδασκάλων,
1054 1463 1202 1497 ἀναγκαῖον
1236 1464 1383 1500 ἡγησάμην
1415 1464 1462 1492 καὶ
1481 1466 1545 1501 περὶ
1566 1465 1747 1503 τούτουηβρα-

119 1511 170 1547 χέα
180 1509 334 1542 διεξελθεῖν.

156 1556 266 1592 Πρῶτον
284 1557 333 1590 μὲν
346 1556 410 1592 γὰρ,
429 1555 451 1583 ὦ
467 1557 530 1592 φίλη
546 1566 590 1592 μοι
607 1556 722 1593 κεφαλὴ,
735 1557 848 1588 πολλοὺς
861 1557 908 1584 καὶ

997 1556 1120 1584 Primum
1133 1557 1217 1590 enim,
1237 1565 1253 1585 0
1269 1558 1368 1590 amice,
1384 1559 1486 1586 multos
1505 1567 1614 1594 quoque
1629 1560 1698 1587 alios
1713 1560 1745 1587 il-

119 1603 217 1634 ἇλλους
227 1603 389 1637 περιφανεῖς
400 1603 498 1639 ἄνδρας
507 1604 553 1630 καὶ
563 1603 706 1638 λαμπροὺς
714 1603 783 1637 ἄγαν
796 1611 904 1638 γεγενη-

959 1602 1060 1630 lustres
1075 1603 1149 1630 viros
1161 1604 1251 1636 omisi,
1264 1607 1291 1630 et
1303 1603 1373 1631 fama
1385 1604 1564 1632 clarissimos.
1577 1606 1680 1633 Deinde
1691 1607 1744 1634 hoc

119 1649 226 1684 μένους.
238 1650 354 1676 Ἔπειτα
365 1649 392 1675 δὲ
408 1650 517 1676 κάκεῖνο
527 1650 579 1685 χρὴ
592 1650 715 1682 συνιδεῖν,
723 1649 760 1681 ὡς
774 1650 819 1676 τὸν
830 1658 904 1676 κατ-

116 1694 300 1730 ηγορούμενον
321 1694 578 1730 ἀναμφιςὸητήτους
600 1694 742 1730 μάρτυρας
769 1695 904 1730 προσήκει

118 1741 264 1775 παράγειν,
282 1737 322 1772 οἷς
342 1740 403 1766 οὐδὲ
426 1740 480 1766 τῶν
506 1740 668 1775 κατηγόρων
689 1749 732 1772 τις
751 1740 905 1776 ἐπιμέμψα-

119 1787 181 1812 σθαι
194 1786 316 1813 δύναται.
337 1786 367 1812 El
385 1785 415 1812 δὲ
428 1787 491 1817 τοὺς
508 1785 584 1821 παρὰ
596 1785 650 1812 τῶν
669 1786 820 1813 διωκόντων
839 1795 905 1813 κατ-

117 1831 323 1866 ηγορουμένους
342 1831 356 1857 ὁ
377 1831 542 1866 διωκὸμενος
554 1831 594 1862 εἰς
615 1831 769 1866 μαρτυρίαν
784 1831 902 1863 καλέσοι,

117 1876 177 1902 οὐδὲ
190 1877 270 1908 αὐτὸς
285 1876 318 1903 ἂν
332 1877 346 1902 ὁ
364 1875 481 1907 δικάζων
496 1876 639 1910 ἀνάσχοιτο
652 1875 788 1907 δέξασθαι.
807 1875 839 1902 El
854 1876 903 1910 μὲν

117 1923 172 1958 γὰρ
200 1921 310 1949 ἔπαινον
355 1921 483 1956 Πατέρων
519 1922 684 1956 συγγράφων
714 1921 808 1948 τούσδε
841 1923 904 1952 τοὺς

117 1968 211 2001 ἁγίους
229 1966 391 2000 παρέλιπον,
415 1966 533 2001 ἠδίκησα
558 1965 600 1997 ἃν,
619 1965 752 2000 ὁμολογῶ,
778 1967 904 2002 καὶπερὶ

116 2015 180 2045 τοὺς
202 2013 378 2044 διδασκάλους
395 2013 540 2048 ἀχάριστος
557 2014 699 2049 ἐγενόμην.
720 2014 751 2040 El
783 2015 812 2040 δὲ
836 2023 901 2041 κατ-

117 2058 302 2094 ηγορούμενος
318 2059 465 2092 ἀπολογίαν
481 2059 665 2093 προσήνεγκα,
679 2060 725 2085 καὶ
739 2060 802 2091 τοὺς
815 2060 903 2097 ἀναμ-

116 2105 301 2140 φισὸητήτους
315 2106 475 2139 παρήγαγον
491 2104 644 2139 μάρτυρας,
658 2105 684 2131 τί
700 2104 787 2139 μάτην
798 2106 823 2131 οἱ
839 2105 901 2131 τοὺ-

115 2159 170 2177 των
194 2150 270 2176 οὐδὲν
293 2149 356 2176 ίδεῖν
377 2149 515 2180 ἐθέλοντες
530 2149 748 2185 ὲπιμέμφονται;
765 2151 858 2182 Ὅπως
873 2150 901 2176 δὲ

117 2195 189 2222 σέΰω
203 2196 265 2226 τοὺς
279 2194 389 2231 ἄνδρας,
406 2195 511 2231 μάρτυς
523 2196 539 2230 ἡ
553 2195 619 2231 παρ’
636 2194 715 2230 ἡμῶν
725 2196 794 2231 ὑπὲρ
811 2195 901 2222 αὐτῶν

116 2241 304 2276 συγγραφεῖσα
318 2235 421 2275 βίϐλος,
435 2241 463 2266 ὲν
514 2240 564 2276 τὴν
575 2240 636 2267 κατ’
646 2241 737 2267 αὐτῶν
751 2241 901 2276 γεγενημέ-

115 2295 164 2320 νην
176 2285 283 2320 γραφὴν
296 2285 468 2320 διελύσαμεν,
480 2286 510 2312 οὐ
525 2285 662 2318 δείσαντες
673 2286 728 2312 τῶν
740 2286 901 2322 κατηγόρων

114 2329 163 2364 τὴν
178 2328 346 2361 δυναστείαν,
362 2329 424 2355 οὐδὲ
437 2329 486 2361 τὰς
502 2329 562 2356 καθ’
576 2330 654 2365 ἡμῶν
668 2331 818 2366 γενομένας
837 2332 900 2358 ἐπι-

114 2374 224 2406 δουλάς.
240 2374 341 2410 Ἀλλην
356 2374 444 2401 τοίνυν
462 2374 597 2410 ἐχέτωσαν
614 2376 758 2412 τερθρείας
773 2376 899 2412 ἀφορμὴν

113 2422 138 2447 οἱ
163 2421 212 2454 τὴν
239 2420 399 2455 ἀδολεσχίαν
419 2420 614 2455 ἀσπαζόμενοι.
644 2423 721 2457 Ἐμοὶ
748 2423 849 2454 σκοπὸς
867 2423 898 2449 οὐ

115 2466 183 2501 πρὸς
199 2466 280 2501 χάριν
296 2466 342 2492 τοῦ
361 2466 446 2498 δεῖνος
469 2467 517 2493 καὶ
531 2466 577 2493 τοῦ
600 2467 684 2499 δεῖνος
706 2467 795 2495 πάντα.
809 2468 900 2502 λέγειν

113 2511 159 2538 καὶ
174 2511 315 2546 πράττειν·
339 2510 408 2538 ἀλλὰ
421 2511 469 2546 τήν
486 2520 515 2538 τε
533 2511 579 2538 τοῦ
593 2512 659 2539 Θεοῦ
679 2513 843 2548 Ἐκκλησίαν
858 2514 899 2538 al-

113 2557 245 2591 κοδομεῖν,
261 2557 308 2583 καὶ
332 2557 371 2592 τῷ
390 2557 492 2592 ταύτης
515 2557 642 2593 ἀρέσκειν
668 2558 779 2594 νυμφίῳ
806 2567 835 2585 τε
849 2559 898 2585 καὶ

113 2602 246 2638 Δεσπότῃ.
263 2603 323 2629 Ὀτι
338 2603 392 2638 γὰρ
415 2603 446 2629 οὐ
464 2598 623 2638 σωματίκῆς
643 2603 723 2630 ἕνεκα
737 2604 895 2638 θεραπείας,

113 2647 172 2673 οὐδὲ
183 2648 232 2682 τῆς
239 2648 447 2683 πολυφρόντιδος
459 2648 542 2684 τιμῆς
555 2649 743 2684 ἀντεχόμενος,
755 2650 788 2685 ἠν
801 2649 898 2683 δύστη-

113 2699 157 2718 νον
177 2691 320 2727 ὀνομάζειν
336 2693 417 2724 ὸκνῶ,
440 2693 526 2720 ταῦτα
550 2693 628 2726 ποιῶ,
651 2695 786 2729 μαρτυρεῖ
803 2702 847 2728 μοι
867 2693 898 2720 τὺ

162 2780 203 2812 Η)
219 2780 371 2815 νενίκηκεν.
386 2780 469 2815 Neap.

163 2815 203 2849 l2)
220 2815 353 2850 παρέσχον
367 2823 421 2848 σιγ.
435 2815 521 2850 Neap.

149 2850 204 2883 (15)
222 2850 404 2884 ἀρχαιοτέρων
420 2850 503 2884 Neap.

149 2885 204 2921 (lt)
221 2883 369 2917 Hicloeus,
392 2883 499 2920 Ἐπειδὴ
516 2884 544 2911 δὲ
566 2891 652 2918 usque
666 2883 699 2911 ad
715 2885 795 2912 verba
810 2894 816 2911 ε
832 2886 892 2912 οὐδὲ

271 2932 407 2962 Pnaon.
430 2932 487 2962 GR.
508 2931 665 2962 LXXXIII.

958 1648 1040 1675 etiam
1068 1648 1298 1676 considerandum
1323 1650 1332 1659 '
1355 1653 1407 1682 est,
1430 1657 1494 1676 eum
1524 1650 1571 1684 qui
1598 1656 1745 1678 accusatur

958 1697 1042 1721 tesles
1052 1694 1164 1721 minime
1174 1694 1274 1722 dubios
1286 1695 1439 1729 producere
1450 1699 1588 1730 oportere,
1598 1704 1667 1731 quos
1680 1697 1744 1724 red-

957 1747 1072 1775 arguere
1089 1748 1140 1768 nec
1153 1745 1345 1767 accusatorum
1360 1741 1505 1775 quisquam
1516 1742 1614 1776 possit.
1629 1742 1707 1775 Quod
1719 1743 1743 1770 si

956 1785 989 1812 ad
1005 1785 1190 1813 testimonium
1202 1794 1267 1814 reus
1282 1787 1343 1813 illos
1360 1791 1440 1813 vocet
1451 1795 1521 1821 quos
1537 1792 1645 1815 actores
1659 1797 1743 1816 accu-

957 1835 1028 1863 sant,
1043 1839 1095 1858 nec
1105 1831 1190 1866 judex
1204 1831 1262 1865 ipse
1279 1831 1464 1858 admittendos
1479 1833 1603 1866 putabit:
1616 1833 1706 1866 Quare
1719 1835 1743 1862 si

957 1881 1083 1911 suscepta
1093 1877 1205 1904 Patrum
1213 1877 1370 1905 laudatione
1383 1878 1450 1905 istos
1459 1878 1624 1912 amisissem,
1636 1880 1740 1915 inique,

956 1923 1054 1955 fateor,
1065 1923 1194 1957 egissem,
1205 1926 1234 1949 et
1248 1922 1274 1948 in
1287 1922 1432 1957 magistros
1442 1923 1554 1950 fuissem
1565 1924 1697 1959 ingratus.
1707 1924 1742 1952 At

956 1967 979 1994 si
1000 1975 1062 1994 cum
1084 1975 1230 1994 accusarer
1250 1966 1441 1994 defensionem
1464 1976 1523 1995 sum
1546 1977 1699 2004 aggressus.
1714 1975 1742 1997 et

956 2017 1040 2040 testes
1053 2012 1222 2040 indubitatos
1237 2014 1365 2048 produxi,
1378 2014 1442 2049 quid
1459 2010 1594 2041 incassum
1606 2023 1657 2042 nos
1669 2016 1741 2043 vitu-

955 2061 1063 2093 perant,
1077 2058 1125 2092 qui
1140 2058 1238 2086 horum
1250 2059 1345 2086 videre
1356 2059 1425 2086 nihil
1446 2059 1562 2086 volunt?
1575 2060 1635 2093 Quo
1647 2065 1739 2088 autem

955 2103 1029 2129 cultu
1047 2102 1122 2130 viros
1132 2110 1293 2139 prosequar,
1310 2104 1387 2132 testis
1398 2109 1440 2132 est
1453 2104 1522 2131 liber
1536 2113 1618 2139 quem
1636 2106 1669 2133 de
1685 2106 1740 2133 illis

954 2148 1107 2183 composui,
1125 2149 1152 2175 in
1169 2157 1224 2184 quo
1242 2149 1388 2177 conﬂatam
1406 2150 1433 2177 in
1455 2150 1517 2178 illos
1535 2151 1738 2178 accusationem

953 2193 1096 2227 diluimus,
1113 2202 1164 2222 nec
1177 2200 1368 2222 accusatorum
1380 2196 1542 2230 potentiam,
1555 2204 1606 2224 nec
1620 2201 1738 2224 structas

954 2243 1049 2266 contra
1061 2247 1111 2266 nos
1121 2239 1236 2267 insidias
1249 2240 1471 2268 reformidantes.
1484 2242 1574 2269 Alium
1591 2249 1656 2277 ergo
1669 2252 1738 2278 prte-

953 2284 1097 2319 stigiarum
1112 2285 1232 2313 colorem
1249 2291 1374 2321 quaerant
1392 2295 1462 2322 quos
1477 2288 1583 2323 garrire
1606 2289 1735 2316 delectat.

953 2330 1018 2358 Mihi
1034 2331 1203 2366 propositum
1219 2332 1326 2367 1079
1334 2337 1386 2365 est,
1401 2341 1455 2360 non
1468 2333 1502 2360 ad
1514 2334 1595 2369 hujus
1605 2335 1647 2362 vel
1665 2335 1737 2363 illius

953 2377 1068 2411 gratiam
1085 2377 1176 2404 omnia
1200 2377 1294 2405 dicere
1304 2378 1444 2410 etfacere,
1462 2379 1509 2406 sed
1524 2380 1571 2407 Dei
1585 2380 1734 2408 Ecclesiam

952 2421 1097 2453 aediﬁcare,
1109 2425 1137 2447 et
1147 2421 1230 2456 hujus
1242 2430 1342 2456 sponso
1353 2430 1384 2449 ac
1396 2423 1511 2450 Domino
1523 2424 1642 2458 placere.
1657 2425 1734 2458 Quod

950 2466 1025 2494 enim
1050 2474 1106 2494 non
1131 2467 1290 2502 temporalis
1309 2468 1446 2495 commodi
1472 2476 1564 2501 causa,
1591 2478 1680 2505 neque
1705 2475 1736 2498 ut

949 2512 1098 2540 multarum
1108 2519 1237 2540 curarum
1255 2512 1388 2540 honorem
1403 2513 1476 2540 hunc
1493 2514 1635 2548 retineam,
1653 2523 1734 2550 quem

948 2557 1085 2585 infelicem
1109 2557 1192 2593 piget,
1219 2558 1278 2585 haec
1301 2565 1388 2593 agam,
1413 2559 1491 2586 testis
1513 2560 1579 2586 mihi
1597 2565 1639 2588 est
1667 2569 1734 2589 con-

949 2603 1072 2630 scientia.
1099 2602 1265 2630 Jamdudum
1288 2604 1361 2631 enim
1384 2609 1480 2639 sponte
1511 2613 1571 2633 mea
1594 2606 1734 2635 discessis-

949 2656 1018 2681 sem,
1032 2648 1085 2675 nisi
1097 2648 1220 2676 divinum
1235 2649 1368 2685 judicium
1382 2651 1487 2678 veritus
1497 2657 1596 2679 essem.
1613 2653 1648 2680 Et
1660 2661 1733 2681 nunc

950 2694 1030 2726 scito,
1047 2693 1167 2727 domine,
1191 2694 1264 2729 quod
1284 2700 1401 2723 mortem
1421 2702 1585 2732 exspectem.
1607 2699 1731 2726 Vicinam

947 2780 997 2821 τὰς
1012 2780 1070 2806 καθ’
1185 2781 1334 2822 γενομένας
1354 2783 1508 2816 ἐπιϐουλάς,
1530 2788 1572 2812 est
1590 2785 1618 2813 in
1637 2786 1732 2820 synodi

948 2815 974 2842 5.
989 2816 1080 2842 collat.
1117 2836 1124 2842 .
1140 2824 1166 2842 in
1181 2817 1264 2842 Manut
1279 2817 1444 2842 Collectinne
1458 2819 1631 2842 nmnliadra.
1650 2826 1669 2842 ι,
1687 2821 1729 2842 n’,

947 2815 974 2884 Ξ,
989 2816 1080 2877 grgl‘at.
1097 2815 1124 2848 5,
1140 2816 1166 2842 in
1181 2815 1264 2844 Manlii
1279 2817 1444 2846 Collectione
1458 2819 1631 2854 amplissima,
1650 2815 1669 2848 ἰ.
1687 2821 1732 2854 IX,

1479 2937 1515 2968 38
