1962 3051
243 183 311 216 1195

735 178 978 210 THEODHRETI
999 176 1164 206 EPISCOPI
1185 178 1365 208 CYRENSIS

1801 177 1868 208 1196

242 245 333 269 autem
345 240 415 267 hanc
429 246 490 267 esse
501 238 631 271 arbitror,
646 229 749 264 indicio
763 235 836 263 enim
847 239 910 261 sunt
923 232 1028 260 insidiae

1084 231 1210 263 συνειδὸς.
1228 232 1314 259 Πάλαι
1337 233 1392 268 γὰρ
1411 231 1442 259 ἂν
1463 231 1614 267 αὐτόματος
1632 232 1764 268 ἀπέστην,
1786 234 1809 259 εἰ
1829 235 1868 268 μὴ

241 295 303 323 quae
317 290 470 314 struuntur.

423 420 506 448 XVII.
524 435 555 439 —
575 419 698 446 Casinum
715 418 842 444 diacvua'.

267 468 296 494 Si
305 467 410 494 doloris
422 465 638 500 magnitudinem
645 465 730 491 solam
740 467 917 498 spectassem,
925 462 1029 488 litteras

241 513 377 548 tantisper
398 511 577 543 distulissem,
597 516 626 537 ut
639 509 764 537 subsidio
782 509 849 535 mihi
865 513 973 542 tempus
995 506 1029 533 ad

240 559 414 585 curationem
441 557 614 584 asciscerem.
636 556 689 582 Sed
710 557 774 589 quia
796 559 940 590 perspecta
961 553 1029 580 mihi

240 608 282 630 est
305 604 440 638 sapientia
457 603 569 638 pietatis
585 607 648 633 tum,
667 601 868 628 consolatorios
887 607 1030 627 sermones

241 648 388 675 admovere
404 656 458 674 non
474 647 610 679 dubitavi,
623 655 692 681 quos
708 646 806 681 partim
821 654 835 672 a
848 651 946 672 natura
960 645 1028 679 ipsa,

241 693 340 727 partim
351 700 366 719 a
379 692 471 719 divina
484 692 624 726 Scriptura
636 691 730 718 didici.
743 691 810 718 Nam
822 696 849 718 et
861 695 959 717 natura
974 690 1030 716 fato

241 743 283 765 est
302 738 431 770 obnoxia,
453 737 695 772 ealamitatumque
717 736 874 771 hujusmodi
897 740 952 762 tota
974 735 1029 762 vita

241 784 322 818 plena
339 787 380 810 est
400 791 407 808 :
423 786 452 809 et
464 782 588 809 omnium
612 781 782 814 moderator,
803 785 949 815 rectorque
968 780 1030 807 uni-

240 828 325 859 versi.
341 828 388 862 qui
401 827 539 862 sapienter
556 834 600 854 res
615 831 723 854 nostras
733 827 875 861 dispensat
887 826 1029 858 Dominus,

241 874 427 903 omnimodam
437 873 518 901 nobis
529 872 745 900 consolationem
757 879 807 906 per
818 871 911 898 divina
921 870 1031 904 eloquia

241 921 433 948 subministrat
455 929 461 946 ε
480 923 562 953 atque
585 918 685 945 horum
707 917 781 952 pleni
801 920 866 943 sunt
888 923 1029 942 sacrorum

241 966 453 1001 Evangeliorum
474 964 550 996 libri,
570 964 652 998 plena
669 963 827 989 sanctoruln
841 961 1029 995 apostolorum

242 1012 354 1046 scripta,
384 1015 412 1037 et
437 1009 660 1037 beatissimorum
685 1007 883 1042 prophetarum
908 1006 1029 1033 oracula.

242 1056 483 1091 Supervacaneum
500 1057 592 1081 autem
607 1053 735 1080 existimo
751 1053 802 1079 ista
816 1052 956 1086 colligere,
974 1051 1032 1085 pie-

242 1102 348 1136 tatique
363 1104 416 1128 tua:
429 1107 588 1135 suggerere,
606 1107 667 1134 quae
679 1099 732 1134 jam
751 1098 856 1132 pridem
872 1097 1006 1124 divinitus
1022 1098 1029 1107 ‘

246 1147 344 1174 amatis
361 1147 495 1174 innutrita
515 1153 544 1173 es
557 1145 680 1177 Litteris,
694 1145 727 1171 ad
740 1152 891 1178 earumque
907 1151 1031 1170 normam

241 1193 326 1220 vitam
345 1196 417 1218 tuam
429 1191 620 1225 composuisti,
636 1195 664 1218 et
679 1190 793 1217 alterius
804 1189 957 1223 disciplinae
973 1196 1029 1215 non

241 1245 316 1272 eges.
333 1236 430 1270 Quaeso
445 1236 536 1271 jgitur
558 1240 588 1262 ut
605 1235 689 1263 verba
716 1235 762 1262 illa
780 1234 947 1266 recorderis,
970 1242 1032 1268 qua:

242 1283 388 1311 affectibus
404 1282 540 1309 dominari
557 1289 607 1309 nos
623 1281 731 1316 jubent,
748 1286 776 1308 et
793 1281 877 1307 vitam
896 1280 1032 1315 spondent

245 1329 353 1364 1030
370 1332 512 1358 :eternam,
534 1331 561 1353 et
584 1326 680 1353 mortis
704 1325 845 1353 interitum
871 1325 1031 1360 praedicant,

242 1379 270 1401 et
287 1381 461 1401 communem
474 1372 596 1399 omnium
608 1371 838 1398 resurrectionem
856 1371 1030 1405 pollicentur.

242 1419 307 1446 Post
320 1419 378 1446 haec
395 1423 498 1450 autem,
520 1417 575 1445 imo
589 1424 644 1452 pra:
662 1416 715 1449 his,
736 1416 880 1443 Dominum
899 1423 970 1447 esse,
987 1416 1034 1450 qui

244 1465 310 1491 haec.
327 1465 364 1491 ita
383 1463 442 1490 ﬁeri
466 1463 557 1498 jussit,
584 1467 612 1489 et
628 1461 775 1489 Dominum
799 1461 1032 1496 sapientissimum

244 1510 444 1544 optimumque,
463 1509 510 1543 qui
528 1512 555 1535 et
569 1507 693 1542 apprime
709 1507 785 1534 novit
801 1507 867 1542 quid
886 1507 1031 1540 conducat,

244 1559 272 1582 et
285 1555 318 1582 ad
332 1555 385 1582 hoc
403 1555 490 1589 ipsum
505 1561 617 1588 prorsus
635 1561 678 1580 res
694 1553 798 1587 dirigit.
813 1553 861 1580 Est
872 1553 945 1580 enim
959 1561 1034 1580 mors

245 1601 382 1628 interdum
401 1601 497 1626 melior
513 1607 594 1634 quam
607 1599 673 1632 vita,
685 1603 712 1626 et
730 1606 791 1633 quae
808 1598 896 1625 tristis
912 1599 1031 1631 videtur,

244 1646 348 1681 gratior
366 1645 400 1672 iis
418 1652 480 1679 qua:
497 1643 618 1679 jucunda
641 1644 843 1670 existimantur.
860 1643 1034 1678 Quapropter

245 1690 360 1725 accipiat
370 1690 456 1724 pietas
467 1694 512 1716 tua
524 1689 688 1715 humilitatis
696 1693 796 1716 nostrae
807 1689 1031 1721 consolationem,

246 1739 276 1763 ut
289 1735 481 1762 universorum
497 1734 613 1761 Domino
630 1734 744 1766 servias,
759 1742 821 1768 qua:
838 1735 953 1762 molesta
970 1741 1034 1762 sunt

245 1781 356 1808 fortiter
373 1779 475 1812 ferens,
495 1783 523 1806 et
547 1778 728 1814 philosophia
744 1779 854 1806 feminis
878 1780 982 1814 pariter
1002 1788 1034 1808 ac

245 1825 313 1853 viris
320 1825 475 1859 exemplum
486 1824 928 1859 prazbensAdmirabunturenim
939 1833 1035 1852 omnes

245 1871 346 1901 utentis
369 1869 568 1902 fortitudinem,
590 1877 650 1904 qua:
676 1869 732 1896 vim
748 1869 852 1897 doloris
874 1874 1034 1897 constanter

244 1915 394 1950 exceperit,
403 1923 435 1942 ac
442 1914 715 1942 vehementissimum
724 1915 783 1950 ejus
790 1914 922 1949 impetum
931 1915 1035 1950 magni~

246 1962 341 1988 tudine
369 1961 454 1988 animi
481 1961 606 1996 fregerit.
634 1960 773 1987 Habemus
794 1968 877 1995 porro
904 1961 1032 1988 solatium

246 2007 377 2034 idoneum
402 2006 525 2033 defuncti
553 2006 598 2033 lilii
622 2006 698 2033 vivas
725 2005 882 2040 imagines:
902 2006 1034 2034 amabiles

244 2052 319 2079 enim
339 2053 444 2079 fructus
467 2051 546 2078 nobis
564 2051 685 2085 reliquit,
704 2051 752 2085 qui
769 2051 946 2078 immodicum
963 2060 1033 2079 mte-

245 2105 335 2124 rorem
352 2097 458 2132 possint
471 2097 632 2131 reprimere.
645 2096 686 2123 Ad
700 2101 854 2123 extremum
865 2104 924 2129 oro,
942 2101 971 2124 ut
985 2097 1034 2124 tri-

244 2143 346 2170 stitiam
360 2142 484 2177 corporis
499 2142 687 2169 imbecillitate
699 2142 824 2173 metiare,
840 2146 867 2169 et
878 2151 913 2170 nc
929 2143 1033 2171 doloris

242 2196 358 2218 excessu
374 2187 501 2214 morbum
521 2195 631 2222 augeas.
648 2187 705 2222 Ego
724 2195 790 2214 vero
807 2187 962 2221 Dominum,
987 2190 1032 2217 cui

1079 277 1110 302 τὺ
1124 276 1196 303 θεῖον
1208 277 1318 304 ἐδεδίειν
1332 278 1483 314 κριτήριον.
1503 279 1557 304 Καὶ
1581 278 1627 304 νῦν
1646 275 1675 304 εὗ
1694 278 1757 310 ἴσθι,
1771 278 1867 305 θέσπιν

1079 330 1124 354 τα,
1149 322 1186 353 ὡς
1200 323 1250 357 τὴν
1266 323 1390 358 ἀνάγκην
1407 323 1564 358 προσμένω.
1579 323 1711 355 Πελάζειν
1725 323 1753 350 δὲ
1764 323 1869 359 ταύτην

1079 365 1166 401 οἶμαι·
1183 371 1328 404 τεκμηριοῖ
1339 369 1393 404 γὰρ
1411 369 1446 395 τὰ
1462 369 1642 404 τυρευόμενα.

1271 413 1319 440 ΙΖ’.
1331 429 1365 433 -
1381 413 1517 448 Κασιιινῇ
1539 413 1677 446 διακόνῳ.

1115 459 1147 485 El
1166 459 1216 493 μὲν
1236 459 1276 490 εἰς
1298 459 1381 494 μόνην
1395 459 1529 495 ἀφεώρων
1544 460 1594 495 τὴν
1608 460 1655 486 τοῦ
1671 461 1773 493 πάθους
1784 462 1869 498 ὑπερ-

1079 503 1172 539 ϐολὴν,
1184 504 1354 539 ἀνεϐαλύμην
1373 505 1483 537 ἃντέως
1502 505 1719 541 τὰνγράμματα,
1731 507 1775 534 ἵνα
1790 507 1870 534 λάϐω

1079 549 1126 576 τὸν
1153 551 1249 585 χρόνον
1276 551 1325 585 τῆς
1349 551 1498 585 θεραπείας
1523 551 1678 587 ἐπίκουρον.
1709 553 1818 588 Ἐπειδὴ
1839 553 1869 579 δὲ

1079 595 1127 630 τὴν
1137 596 1297 630 φιλοσοφίαν
1306 596 1363 623 οἶδα
1375 597 1425 630 τῆς
1437 597 1487 631 σῆς
1498 596 1644 631 θεοφιλίας,
1653 598 1715 629 τοὺς
1736 607 1851 633 παραμυ
1859 613 1868 617 -

1080 640 1209 675 θητικοὺς
1227 643 1423 676 προσενεγκεῖν
1451 641 1592 677 ἐθάρρησα
1619 641 1723 676 λόγους,
1748 642 1795 674 οὒς
1821 643 1871 670 καὶ

1080 686 1156 720 παρὰ
1178 687 1227 719 τῆς
1252 686 1376 720 φύσεως,
1397 687 1444 713 καὶ
1469 688 1544 722 παρὰ
1567 689 1615 723 τῆς
1634 688 1709 720 Θείας
1728 689 1871 724 ἐδιδάχθην

1081 731 1202 766 ι’ραφῆς.
1219 731 1256 758 Ἦ
1272 740 1301 758 τε
1318 732 1372 768 γὰρ
1383 732 1464 766 φύσις
1481 732 1512 758 τὸ
1529 733 1660 768 ἐπίκηρον
1675 733 1742 768 ἔχει,
1754 735 1801 760 καὶ
1813 734 1869 761 τῶν

1079 777 1209 803 τοιούτων
1236 778 1384 812 συμφορῶν
1406 777 1478 809 ἄπας
1499 779 1513 805 ό
1533 779 1590 813 βίος
1615 780 1723 814 μεστός·
1747 780 1792 806 καὶ
1814 780 1870 806 τῶν

1081 822 1149 848 ὅλων
1172 824 1186 849 ό
1208 823 1354 857 Πρύτανις,
1371 825 1417 850 καὶ
1441 824 1486 851 τοῦ
1502 825 1602 856 παντὸς
1621 826 1634 852 6
1655 825 1840 862 κυϐερνήτης,
1854 827 1871 854 ὁ

1082 868 1171 902 σοφῶς
1187 869 1220 894 τὰ
1243 869 1303 895 καθ’
1319 870 1392 904 ἡμᾶς
1407 871 1584 905 πρυτανεύων
1602 873 1751 906 Δεσπότης.
1767 881 1868 900 παντο-

1045 907 1067 935 Β
1080 913 1168 953 δαπὴν
1184 915 1249 949 ἡμῖν
1269 913 1312 940 διὰ
1327 915 1382 941 τῶν
1397 915 1476 941 θείων
1492 916 1590 950 λογίων
1610 918 1758 953 προσφέρει
1780 927 1870 954 παρα-

1081 959 1180 995 ψυχήν·
1199 960 1362 987 καὶτούτων
1387 962 1484 996 μεσταὶ
1505 962 1554 996 μὲν
1569 962 1622 989 τῶν
1640 963 1721 998 ἱερῶν
1743 964 1869 999 Εὑαγγε-

1080 1005 1145 1032 λίων
1165 1006 1191 1031 αἱ
1208 1005 1304 1040 βίὸλοι,
1324 1006 1410 1040 μεστὰ
1422 1007 1449 1032 δὲ
1461 1007 1515 1034 τῶν
1530 1008 1616 1041 ἁγίων
1632 1008 1789 1036 ἀποστόλων
1804 1018 1870 1044 συγ-

1081 1052 1250 1087 γράμματα,
1275 1052 1322 1078 καὶ
1350 1051 1404 1078 τῶν
1431 1053 1638 1088 τρισμακαρίων
1663 1055 1809 1089 προφητῶν
1835 1056 1871 1082 τὰ

1086 1097 1268 1132 θεσπίσματα.
1299 1096 1428 1131 Περιττὺν
1452 1097 1480 1123 δὲ
1509 1095 1584 1132 οἶμαι
1607 1099 1745 1133 συλλέγειν
1773 1101 1869 1133 ταῦτα,

1083 1142 1131 1168 καὶ
1151 1143 1183 1176 τῇ
1207 1143 1240 1177 σῇ
1257 1141 1424 1177 προσφέρειν
1438 1141 1589 1178 θεοσεϐείᾳ,
1614 1143 1717 1170 ἄνωθεν
1736 1147 1792 1177 τοῖς
1809 1145 1870 1172 θεο-

1083 1185 1226 1217 πνεύστοις
1238 1185 1445 1222 ὲντεθραμμένῃ
1457 1185 1556 1220 λόγοις,
1572 1188 1618 1213 καὶ
1638 1187 1705 1223 πρὸς
1719 1189 1810 1216 ἐκεῖνα
1825 1190 1871 1217 τὸν

1081 1233 1182 1258 οἰκεῖον
1202 1231 1361 1267 ρυθμισάσῃ
1376 1231 1443 1266 βίον,
1463 1232 1510 1258 καὶ
1527 1232 1701 1265 διδασκαλίας
1721 1234 1817 1268 ἑτέρας
1833 1236 1871 1270 μὴ

1082 1277 1208 1312 δεομένῃ.
1226 1276 1382 1311 Παρακαλῶ
1409 1277 1499 1303 τοίνυν
1523 1278 1636 1304 ἐκείνων
1662 1280 1871 1316 ἀναμνησθῆναι

1082 1322 1136 1349 τῶν
1155 1322 1253 1356 λόγων,
1275 1322 1300 1349 οἳ
1325 1322 1372 1349 καὶ
1396 1323 1451 1349 τῶν
1473 1323 1565 1350 παθῶν
1592 1324 1783 1359 παρεγγυῶσιν
1804 1327 1871 1361 ἡμῖν

1083 1370 1205 1404 κρατεῖν,
1234 1369 1282 1395 καὶ
1307 1369 1358 1404 τὴν
1380 1369 1490 1395 αἰώνιον
1507 1369 1700 1404 ὑπισχνοῦνται
1723 1370 1806 1406 ζωὴν,
1825 1372 1872 1398 καὶ

1083 1415 1131 1441 τοῦ
1155 1415 1272 1441 θανάτου
1287 1414 1452 1450 κηρύττουσι
1463 1414 1512 1450 τὴν
1524 1415 1682 1446 κατάλυσιν,
1695 1417 1740 1442 καὶ
1750 1417 1800 1451 τὴν
1815 1426 1873 1444 κοι-

1084 1460 1132 1496 νὴν
1160 1460 1269 1487 πάντων
1291 1457 1370 1495 ἡμῶν
1397 1460 1544 1487 ἀνάστασιν
1577 1462 1801 1496 ἐπαγγέλλονται·
1824 1464 1872 1490 καὶ

1085 1506 1153 1542 πρὸς
1176 1505 1291 1536 τούτοις,
1310 1505 1410 1540 μᾶλλον
1431 1505 1458 1532 δὲ
1474 1506 1526 1540 πρὸ
1545 1507 1657 1541 τούτων,
1674 1508 1715 1535 ὅτι
1734 1509 1872 1543 Δεσπότης

1085 1551 1099 1576 ὁ
1123 1550 1212 1577 ταῦτα
1238 1550 1310 1576 οὕτω
1336 1550 1464 1584 γενέσθαι
1490 1551 1631 1584 κελεύσας,
1661 1554 1708 1580 καὶ
1733 1555 1872 1590 Δεσπότης

1087 1596 1242 1630 σοφώτατός
1267 1604 1297 1622 τε
1325 1596 1372 1623 καὶ
1399 1597 1584 1631 ἀγαθώτατος,
1613 1599 1660 1626 καὶ
1678 1599 1708 1625 τὸ
1731 1600 1873 1636 συμφέρον

1085 1641 1207 1676 ἀκριϐῶς
1231 1642 1422 1677 ἐπιστάμενος,
1449 1643 1496 1669 καὶ
1513 1643 1580 1679 πρὸς
1598 1644 1677 1671 τοῦτο
1691 1645 1799 1676 πάντως
1815 1646 1873 1673 tea-

1085 1696 1137 1714 νων
1154 1687 1188 1714 τὰ
1206 1688 1367 1723 πράγματα.
1389 1688 1467 1715 Ἔστι
1487 1689 1542 1724 γὰρ
1558 1690 1602 1716 ὅτε
1623 1690 1737 1722 θάνατος
1753 1691 1874 1726 ἀμείνων

1084 1732 1167 1767 ζωῆς,
1185 1733 1232 1759 καὶ
1247 1735 1261 1760 ό
1275 1733 1361 1760 δοκῶν
1384 1734 1494 1769 ἀνιαρὸς
1519 1735 1572 1760 τῶν
1600 1735 1785 1771 νομιζομένων
1808 1746 1872 1773 τερ-

1084 1780 1159 1806 πνῶν
1183 1779 1240 1814 (15)
1264 1778 1476 1814 θυμηρέστερος.
1499 1780 1625 1813 Δεξάσθω
1653 1781 1742 1808 τοίνυν
1767 1783 1783 1816 ὴ
1809 1782 1872 1809 Oeo-

1085 1825 1180 1851 σέσειὰ
1200 1833 1245 1851 σου
1265 1825 1312 1860 τῆς
1326 1825 1394 1860 ἐμῆς
1409 1826 1597 1858 ταπεινώσεως
1613 1827 1662 1862 τὴν
1681 1827 1868 1864 παράκλησιν,

1085 1871 1128 1897 ἵνα
1147 1870 1192 1897 τὸν
1215 1870 1269 1896 τῶν
1287 1870 1357 1897 ὅλων
1380 1870 1554 1907 θεραπεύσῃς
1574 1872 1723 1908 Δεσπότην,
1739 1875 1873 1907 γενναίως

1083 1916 1235 1950 ἐνεγκοῦσα
1251 1916 1284 1943 τὰ
1305 1915 1434 1952 λυπηρὰ,
1460 1917 1507 1943 καὶ
1523 1917 1646 1950 γυναιξὶν
1668 1918 1736 1953 ὁμοῦ
1755 1919 1802 1945 καὶ
1823 1920 1872 1945 ἁν-

1083 1962 1162 1997 ὂράσι
1179 1961 1338 1996 φιλοσοφίας
1355 1962 1510 1998 ὑπόδειγμα
1520 1964 1663 1998 γενομένη.
1677 1964 1871 2000 Θαυμάσονται

1084 2007 1139 2043 γὰρ
1158 2006 1277 2038 ἅπαντες
1295 2006 1342 2033 τοῦ
1366 2007 1497 2042 λογισμοῦ
1517 2007 1566 2043 τὴν
1583 2009 1703 2044 ἀνδρίαν,
1721 2009 1873 2045 δεξαμένην

1084 2053 1217 2087 γενναίως
1235 2051 1281 2079 τοῦ
1305 2052 1408 2084 πάθους
1426 2053 1476 2088 τὴν
1494 2054 1656 2089 προσϐολὴν,
1679 2056 1726 2081 καὶ
1741 2056 1790 2090 τὴν
1805 2063 1870 2088 mpo-

1083 2099 1216 2134 δροτάτην
1235 2098 1317 2125 αὐτοῦ
1330 2098 1493 2126 διαλύσασαν
1506 2099 1623 2135 ἐμϐολὴν
1637 2102 1670 2135 τῇ
1685 2100 1872 2136 μεγαλοψυχίᾳ

1083 2144 1134 2180 τῆς
1158 2144 1281 2180 γνώμης.
1299 2144 1416 2179 Ἐχομεν
1433 2144 1462 2171 δὲ
1477 2145 1657 2180 ψυχαγωγίαν
1673 2146 1811 2181 ἀρκοῦσαν
1824 2146 1872 2172 τοῦ

1083 2191 1278 2226 κατοιχομένου
1295 2190 1389 2222 παιδὸς
1398 2191 1446 2221 τὰς
1460 2190 1550 2222 ζώσας
1564 2192 1680 2223 εἰκόνας¹
1695 2192 1873 2227 ἀξιεράστους

243 2234 334 2262 facilia
352 2237 417 2264 sunt
433 2233 535 2265 omnia,
553 2240 661 2267 precor,
687 2236 717 2260 ut
735 2234 931 2262 consolationis
953 2242 1031 2262 occa-

1084 2237 1138 2273 γὰρ
1160 2237 1226 2272 ἡμῖν
1252 2235 1375 2272 καρποὺς
1396 2236 1601 2269 καταλέλοιπεν,
1627 2237 1730 2264 παῦσαι
1756 2237 1873 2271 δυναμέ-

243 2280 336 2307 siones
352 2278 448 2314 pietati
467 2282 520 2306 tua:
535 2278 702 2314 suppeditet.

1087 2290 1149 2314 νους
1168 2281 1218 2316 τῆς
1237 2280 1382 2316 ἀχθηδόνος
1408 2279 1457 2315 τὴν
1474 2281 1617 2316 ἀμετρίαν.
1635 2281 1706 2316 Πρὸς
1723 2281 1750 2307 δὲ
1766 2281 1873 2312 τούτοις

243 2325 387 2355 ἁντιῦολῶ,
405 2325 453 2351 καὶ
470 2326 504 2359 τῇ
529 2324 576 2350 τοῦ
601 2323 727 2358 σώματος
748 2325 875 2362 ἀσθενείᾳ
895 2329 1030 2364 μετρῆσαι
1056 2331 1106 2366 τὴν
1135 2328 1234 2363 λύπην,
1253 2329 1302 2354 καὶ
1319 2327 1356 2362 μὴ
1388 2326 1504 2362 αὐξῆσαι
1527 2328 1561 2353 τὰ
1588 2327 1659 2362 πάθη
1676 2328 1709 2362 τῇ
1738 2328 1785 2362 τῆς
1806 2326 1872 2353 dou-

245 2372 308 2408 μίας
327 2370 474 2406 ὑπερϐολῇ.
499 2369 568 2404 Ἐγὼ
581 2369 609 2396 δὲ
644 2369 690 2396 τὸν
720 2370 873 2405 εὐμήχανον
908 2373 1022 2400 ἱκετεύω
1051 2373 1203 2408 Δεσπότην,
1230 2372 1381 2406 παρασχεῖν
1403 2379 1448 2398 σου
1479 2372 1512 2406 τῇ
1540 2370 1679 2406 θεοσεϐείᾳ
1706 2371 1872 2406 παραψυχῆς

243 2417 380 2453 ἀφορμάς-

468 2461 559 2489 XVIII.
574 2476 610 2481 —
623 2461 802 2496 Neoptolemo.

278 2508 346 2538 Cum
362 2509 390 2536 in
401 2507 523 2535 divinam
537 2507 625 2542 legem
640 2507 736 2534 oculos
752 2508 880 2543 conjicio,
899 2517 961 2544 qua
980 2519 1031 2538 nu-

245 2555 310 2590 ptiis
330 2554 492 2588 conjunctos
512 2560 621 2580 carnem
642 2560 724 2579 unam
749 2558 839 2585 vocat,
864 2555 957 2583 nescio
974 2564 1031 2591 quo

245 2605 325 2636 pacto
337 2599 473 2627 consolari
491 2598 645 2626 membrum
663 2599 743 2626 liceat
759 2600 831 2634 quod
849 2601 971 2629 sectione
986 2603 1030 2630 di-

244 2646 333 2673 visum
345 2648 388 2672 est
409 2654 414 2670 :
434 2643 537 2671 doloris
553 2644 635 2672 enim
644 2645 859 2679 magnitudinem
877 2647 1032 2675 considero.

243 2691 313 2721 Cum
330 2697 396 2717 vero
408 2694 512 2717 natum
523 2696 634 2716 cursum
649 2691 748 2725 cogito,
760 2695 788 2717 et
799 2691 939 2718 decretum
955 2693 1031 2725 illud,

244 2737 317 2772 quod
329 2735 443 2763 Creator
453 2734 653 2769 pronuntiavit,
671 2744 680 2760 ‹
696 2735 780 2762 Terra
792 2743 832 2767 es,
850 2736 953 2771 1081
967 2737 1032 2764 etin

245 2789 345 2813 terram
353 2783 541 2814 reverteris“,
554 2792 563 2808 ι
574 2786 602 2809 et
609 2789 641 2809 ea
649 2790 710 2818 qum
718 2781 820 2817 ubique
829 2782 950 2816 gentium
960 2785 1033 2810 terra

280 2845 301 2858 “
322 2844 391 2870 Gen.
405 2851 444 2874 ιιι,
463 2842 505 2869 l9.

281 2888 335 2922 (l3)
353 2886 411 2913 ἐστὶ
427 2886 501 2913 addit
518 2886 602 2921 Neap.

1320 2465 1373 2492 lll'.
1387 2479 1422 2484 ——
1432 2463 1638 2498 Νεοπτολέμῳ.

1121 2512 1205 2537 Ὅταν
1220 2512 1258 2542 εἰς
1269 2509 1315 2536 τὸν
1325 2510 1396 2536 θετον
1410 2510 1555 2544 ἀποὸλέψω
1565 2511 1656 2544 νόμον,
1671 2510 1700 2541 ὃς
1709 2510 1797 2544 σάρκα
1807 2518 1827 2544 μ
1835 2510 1876 2536 ίαν

1084 2558 1147 2588 τοὺς
1161 2557 1243 2591 γάμῳ
1259 2556 1315 2591 (lli)
1333 2556 1552 2592 συναπτομένους
1569 2557 1657 2587 καλεῖ,
1674 2556 1724 2582 οὑκ
1741 2554 1800 2582 οἴδα
1822 2556 1875 2582 ’κίκι

1084 2602 1177 2637 τρόπῳ
1194 2601 1387 2636 ψυχαγωγήσω
1399 2601 1429 2627 τὸ
1445 2600 1524 2635 μέλος
1540 2601 1571 2627 τὸ
1584 2603 1615 2636 τῇ
1640 2602 1710 2636 τομῇ
1725 2601 1873 2636 χωρισθέν-

1084 2647 1226 2681 λογίζομαι
1240 2647 1294 2681 γὰρ
1310 2646 1360 2681 τῆς
1376 2645 1471 2680 ὀδύνης
1491 2648 1521 2672 τὸ
1541 2646 1668 2680 μέγεθος.
1685 2647 1768 2672 Ὅταν
1781 2646 1810 2672 δὲ
1822 2646 1873 2680 τῆς

1085 2693 1192 2726 φύσεως
1218 2693 1336 2727 ὲννοήσω
1358 2691 1404 2717 τὸν
1423 2692 1531 2726 δρόμον,
1547 2692 1594 2718 καὶ
1617 2692 1662 2718 τὸν
1677 2693 1739 2726 ὅρον
1754 2693 1868 2723 ἐκεῖνον,

1084 2737 1114 2764 ὃν
1128 2739 1142 2764 ό
1158 2737 1326 2772 Δημιουργὺς
1343 2737 1499 2771 ἐξενήνοχεν
1521 2737 1616 2763 εἰπών·
1633 2747 1642 2763 ε
1661 2738 1698 2772 Γῆ
1710 2736 1744 2770 εἴ,
1767 2738 1814 2764 καὶ
1831 2739 1872 2771 εἰς

1085 2783 1138 2818 γῆν
1154 2782 1301 2819 ἀπελεύσῃ·
1325 2792 1333 2808 ι
1351 2783 1398 2808 καὶ
1411 2783 1444 2809 τὰ
1460 2784 1598 2818 πανταχοῦ
1613 2784 1664 2819 γῆς
1677 2785 1726 2811 καὶ
1736 2784 1871 2819 θαλάττης

1123 2884 1177 2921 (l6)
1193 2885 1267 2921 νόμῳ
1284 2885 1365 2913 habet
1381 2885 1466 2913 codex
1484 2885 1709 2914 Vindobonensis.
