1962 3051
155 162 216 196 1137

815 151 995 182 EPISTULA
1022 150 1100 179 XXI.

1711 145 1777 178 1198

153 217 210 245 καθ’
224 215 343 250 ἑκάστην
356 212 461 248 ἡμέραν
476 211 606 246 γινὶμενα
617 209 644 245 (ἢ
659 208 712 244 γὰρ
728 207 823 243 ἄνδρες
840 206 937 242 πρότε-

1006 205 1113 239 iariquc
1128 202 1251 239 quotidie
1269 202 1442 237 conﬁngunt,
1460 209 1522 229 cum
1538 206 1587 229 aut
1601 202 1709 237 priores
1726 203 1777 230 viri

155 271 198 299 ρον
220 260 267 288 τοῦ
289 259 346 294 βίου
369 258 399 284 τὸ
414 257 504 293 τέρμα
528 255 794 290 καταλαμϐάνουσιν,
815 253 832 288 ἢ
847 253 938 287 γυναῖ-

154 317 198 340 κες
209 306 286 334 τοῦτο
297 305 431 339 πάσχουσι
444 302 596 338 πρότεραι),
608 301 707 332 πολλὰς
722 299 845 326 ἐντεῦθεν
853 299 940 333 ἀφορ-

156 354 207 390 μὰς
219 354 258 383 είς
271 349 450 386 ψυχαγωγίαν
463 348 592 383 εὑρίσκω·
606 347 673 382 πρὸς
684 345 788 376 τούτοις
800 344 849 375 τὰς
866 344 940 378 παρὰ

154 399 199 427 τοῦ
224 398 291 425 Θεοῦ
311 397 358 424 καὶ
376 395 502 430 Σωτῆρος
524 393 603 430 ἡμῶν
631 391 852 428 παρασχεθείσας
876 391 941 425 ἡμῖν

155 444 273 474 ἐλπίδαςο
286 441 382 468 τούτου
396 439 450 474 γὰρ
465 439 496 474 δὴ
512 439 591 474 χάριν
607 437 638 464 τὸ
649 437 698 472 τῆς
711 435 866 471 οἰκονομίας
883 436 941 460 ἑτε-

155 488 235 523 λέσθη
255 487 415 523 μυστήριον,
436 485 480 511 ἵνα
499 484 545 510 τοῦ
567 482 682 509 Θανάτου
699 482 747 517 τὴν
770 480 874 507 παῦλαν
893 489 942 515 με·

158 532 316 569 μαθηκότες,
334 530 371 565 μὴ
393 529 452 555 λίαν
477 527 604 562 ἀλγῶμεν
620 528 653 562 τῇ
681 526 734 552 τῶν
766 524 942 559 ποθουμένων

156 577 334 615 χωριζόμενοι
346 575 470 609 τελευτῇ,
488 573 556 600 ἀλλὰ
570 573 619 608 τὴν
635 571 800 608 τριπόθητον
813 570 863 605 τῆς
879 571 943 597 ἀνα-

158 624 277 654 στάσεως
296 622 391 648 ἐλπῑδα
407 619 616 655 προσμένωμεν.
632 617 724 645 Ταῦτά
742 625 788 644 σου
810 616 859 652 τὴν
878 616 943 642 θαυ-

159 670 310 706 μασιότητα
333 668 382 694 καὶ
399 665 559 700 λογίσασθαι
579 663 743 701 παρακαλῶ,
766 663 812 690 καὶ
835 662 944 697 νικῆσαι

158 717 206 751 τῆς
231 714 350 750 ἀθυμίας
375 713 406 739 τὸ
423 712 518 744 πάθος
537 711 655 746 μάλιστα
677 710 731 736 τῶν
755 709 852 736 κοινῶν
868 708 945 744 ὑμῶν

158 762 262 790 κλάδων
287 761 334 787 καὶ
357 759 508 794 παρόντων,
526 758 573 784 καὶ
594 758 684 784 πᾶσαν
699 757 764 792 ὑμῖν
778 755 945 791 ποριζόντων

159 807 322 842 παραψυχῆς
337 805 475 840 ἀφορμήν.
496 803 677 839 Ὑμνήσωμεν
693 802 782 829 τοίνυν
797 802 842 828 τὸν
858 800 946 835 σοφῶς

159 854 192 880 τὰ
206 854 267 880 καθ’
278 853 352 888 ἡμᾶς
370 850 558 886 κυϐερνῶντα,
573 850 620 876 καὶ
641 849 678 884 μὴ
699 847 897 883 παροξύνωμεν
913 848 945 881 τῇ

159 899 211 926 τῶν
231 898 359 935 ὀδυρμῶν
374 897 504 932 ἀμετρίᾳ.
518 893 578 923 Οἵδε
596 895 661 930 γὰρ,
680 895 717 926 ὡς
732 894 822 929 σοφὸς,
834 894 864 919 τὸ
881 902 948 928 συμ-

162 945 256 980 φέρον,
274 944 322 971 καὶ
339 944 376 974 ὡς
392 941 494 977 ἀγαθὸς
503 941 582 968 τοῦτο
594 942 660 976 ἡμῖν
674 940 911 976 πραγματεύεται.

317 1001 374 1027 18'.
387 1013 418 1018 —-
430 998 577 1030 Βασιλείᾳ)
591 997 789 1032 πρεσϐυτέρῳ.

195 1057 321 1084 Τοιοῦτον
336 1058 403 1091 ἡμῖν
425 1056 525 1088 ἔδειξεν
545 1056 561 1090 ἡ
581 1056 664 1091 πεῖρα
677 1054 722 1082 τδν
734 1053 950 1089 ἐλλογιμώτατον

167 1103 324 1131 Ἀθανάσιον
348 1102 394 1129 τὸν
415 1103 527 1137 ῥήτορα,
549 1102 638 1128 ὁποῖον
658 1101 740 1136 ἔφησε
758 1100 806 1134 τῆς
826 1099 875 1134 σῆς
892 1098 950 1124 θεο-

162 1149 270 1180 σεϐείας
290 1148 326 1174 τὰ
345 1147 508 1183 γράμματα.
535 1147 642 1182 Κοσμεῖ
658 1147 712 1182 γὰρ
729 1145 811 1172 αὐτοῦ
834 1145 884 1180 τὴν
899 1144 950 1179 μὲν

161 1195 283 1229 γλῶτταν
310 1195 325 1221 6
349 1194 438 1228 λόγος,
459 1194 504 1220 τὸν
524 1193 551 1220 δὲ
574 1193 654 1227 λόγον
677 1193 691 1219 ὁ
711 1193 828 1228 τρόποςσ
841 1192 909 1227 ὁμοῦ
923 1191 951 1217 δὲ

163 1241 252 1267 πάντα
271 1240 425 1275 λαμπρύνει
446 1239 477 1265 τὸ
497 1239 548 1273 τῆς
565 1239 683 1269 πίστεως
697 1238 801 1272 χρῆμα.
825 1237 884 1263 Ἀεὶ
895 1237 951 1263 τοί-

164 1294 211 1313 νυν
235 1286 301 1320 ἡμῖν
324 1285 436 1311 τοιαῦτα
461 1284 598 1316 προξένει,
622 1282 823 1316 θεοφιλέστατε.
848 1283 952 1318 Πολλῆς

163 1332 228 1366 γὰρ,
251 1329 281 1357 εὖ
303 1330 368 1362 ἴσθι,
389 1330 431 1357 διὰ
452 1329 568 1365 ταυτησὶ
584 1329 634 1364 τῆς
657 1329 800 1361 συνουσίας
819 1329 952 1364 θυμηδίας

163 1378 237 1413 ἡμᾶς
254 1376 416 1411 ἐνέπλησας.

319 1434 358 1458 K’.
375 1447 390 1451 -
402 1446 408 1450 —
422 1431 577 1464 Μαρτιψίῳ
596 1432 790 1466 πρεσϐυτέρῳ.

205 1489 327 1522 Ἠγεῖται
352 1488 401 1523 μὲν
413 1488 429 1522 ὴ
443 1487 521 1521 φύσις
534 1487 572 1518 ὡς
585 1487 757 1523 πρεσϐυτέρα
768 1481 818 1522 τῆς
830 1486 951 1522 γνώμης·

165 1534 229 1568 νικᾷ
246 1533 274 1559 δὲ
296 1533 345 1567 τὴν
362 1531 442 1566 φύσιν
459 1532 475 1566 ἡ
493 1530 605 1565 γνώμη·
621 1530 667 1557 καὶ
686 1530 784 1557 τούτου
801 1532 952 1566 τεκμήριον

167 1578 281 1613 ἐναργὲς
298 1579 312 1604 ὁ
330 1576 545 1612 ἐλλογιμώτατος
571 1575 728 1607 Ἀθανάσιος
747 1577 760 1602 ό
780 1576 881 1610 ῥήτωρ.
899 1576 951 1602 Αὐ-

167 1623 222 1658 χῶν
247 1623 301 1658 γὰρ
318 1622 436 1656 πατρίδα
463 1621 513 1656 τὴν
533 1621 678 1655 Αἴγυπτον,
698 1621 728 1646 οὑ
756 1620 886 1655 μετέλαϐε
906 1622 955 1655 τῆς

167 1666 214 1695 τοῦ
244 1668 336 1699 ἔθνους
357 1667 536 1702 θρασύτητος,
556 1666 623 1692 ἀλλὰ
644 1666 778 1701 πραότητι
794 1667 838 1693 τὸν
854 1666 955 1701 τρόπον

168 1714 310 1747 ἐκέρασεν.
330 1713 410 1739 Ἐστι
431 1712 520 1738 δὲκαὶ
542 1711 595 1738 τῶν
616 1711 696 1738 θείων
714 1712 879 1746 θερμότατος
891 1713 955 1747 ἐρα-

171 1760 245 1794 στής.
262 1760 312 1785 Διά.
328 1767 368 1784 τοι
390 1758 470 1784 τοῦτο
492 1758 539 1784 καὶ
562 1758 670 1789 πλείους
690 1759 755 1792 ἡμῖν
778 1757 956 1792 συνδιήγαγεν

169 1805 288 1840 ἡμέρας,
296 1804 386 1840 ὄνησιν
395 1803 519 1830 ἐντεῦθέν
529 1812 588 1829 τινα
598 1803 746 1838 δρέψασθαι
758 1803 956 1838 προσδοκήσας.

177 1850 248 1884 Ἐγὼ
256 1851 295 1882 δὲ,
309 1850 346 1881 ὡς
359 1848 448 1882 οἶσθα,
464 1848 665 1883 θεοφιλέστατε,
675 1849 722 1874 καὶ
735 1848 798 1882 παρ’
807 1848 909 1883 ἐτέρων
920 1848 954 1874 τὰ

170 1897 283 1924 τοιαῦτα
309 1895 447 1929 συλλέγειν
468 1894 540 1921 ὀκνῶ
550 1903 556 1909 ·
577 1894 703 1920 τοσοῦτον
719 1893 827 1920 ἀποδέω
842 1892 887 1919 τοῦ
903 1894 958 1924 τοῖς

171 1941 341 1976 προθυμοῦσι
367 1940 546 1975 μεταδιδόναι.
578 1940 615 1966 Οὐ
643 1939 822 1974 σμικρολογία
852 1938 957 1973 μέντοι,

172 1986 230 2014 ἀλλ’
256 1986 357 2021 ἀπορία
374 1985 452 2011 τοῦτο
467 1984 568 2011 κωλύει
582 1986 680 2013 ποιεῖν,
695 1983 825 2016 Εὑξάσθω
840 1984 930 2010 τοίνυν
942 1983 959 2018 ἡ

171 2031 278 2066 ὁσιότης
308 2039 353 2058 σου
381 2030 429 2065 τὴν
449 2030 514 2065 περὶ
535 2030 614 2065 ἡμῶν
633 2030 710 2061 δόξαν
725 2029 914 2065 ἐμπεδωθῆναι
926 2030 958 2064 τῇ

172 2075 303 2112 ἀληθεξᾳ’
329 2076 373 2102 ἵνα
390 2076 426 2111 μὴ
452 2076 532 2111 μόνον
545 2075 659 2110 λέγηταί
676 2083 701 2101 τι
719 2075 782 2111 περὶ
796 2075 874 2110 ἡμῶν
902 2074 957 2107 dit-

170 2121 294 2155 ἔπαινον,
309 2121 377 2148 ἀλλὰ
393 2123 440 2148 καὶ
456 2121 690 2157 μαρτυρῆταιτοτς
700 2120 801 2156 ἔργοις,

344 2190 408 2216 txA'.
420 2205 454 2210 —
464 2190 598 2222 Εὑσεϐίῳ
609 2189 812 2224 σχολαστικῷ.

208 2246 240 2272 Ol
270 2245 318 2280 μὲν
345 2245 395 2279 τὴν
421 2245 553 2280 μεγίστην
588 2246 693 2281 ταύτην
729 2244 960 2280 κατασπείραντες

174 2291 280 2326 φήμην,
297 2291 426 2326 ᾠήθησαν
440 2291 526 2328 ταύτῃ
540 2292 647 2322 πάντως
657 2293 777 2319 ἀνιάσειν
794 2293 878 2328 ἡμᾶς,
899 2293 963 2319 δυσ-

174 2337 289 2371 άγγελον
312 2337 394 2372 αὐτὴν
418 2338 487 2372 ἄγαν
515 2338 704 2373 ὑπειληφότες.
736 2338 831 2373 Ἡμεῖς
863 2339 902 2370 δὲ,
918 2338 962 2365 διὰ

174 2383 225 2419 τὴν
237 2383 311 2410 θείαν
322 2384 410 2419 χάριν,
426 2384 472 2411 καὶ
484 2384 533 2420 τὴν
545 2385 639 2420 φήμην
650 2384 791 2416 ἀσπασίως
802 2384 961 2419 ἐδεξάμεθα,

174 2429 223 2456 καὶ
235 2430 285 2464 τὴν
305 2430 403 2464 πεῖραν
421 2429 546 2464 ἀσμένως
572 2430 775 2465 προσμένομεν·
799 2430 845 2456 καὶ
874 2430 926 2456 πᾶν
936 2428 964 2454 ό-

175 2473 249 2500 τιοῦν
268 2474 401 2508 ἀλγεινὸν,
423 2474 493 2509 ὑπὲρ
518 2474 571 2500 τῶν
587 2474 666 2500 θείων
680 2475 822 2509 δογμάτων
837 2474 964 2509 ἐπιφερό-

177 2527 267 2554 μενον,
287 2519 346 2546 λίαν
366 2520 431 2555 ἡμίν
450 2520 524 2546 ἐστιν
545 2519 713 2555 ἀξιέραστον.
734 2520 765 2546 Et
788 2520 842 2555 γὰρ
855 2519 963 2555 ἀληθῶς

175 2567 234 2597 ταῖς
258 2566 437 2598 Δεσποτικαῖς
465 2566 641 2599 ἐπαγγελίαις
669 2566 848 2600 πιστεύομεν,
879 2575 888 2590 ι
907 2565 964 2592 Οὐκ

175 2609 239 2642 ἄξια
253 2610 288 2636 τὰ
305 2610 455 2646 παθήματα
468 2611 514 2637 τοῦ
531 2611 578 2637 νῦν
595 2610 692 2644 καιροῦ
707 2611 774 2645 πρὸς
786 2610 835 2646 τὴν
852 2611 964 2646 μέλλου-

177 2665 226 2682 σαν
238 2656 316 2688 δόξαν
333 2657 558 2692 ἀποκαλυφθῆναι
582 2658 621 2688 εἰς
637 2658 721 2693 ἡμᾶς.
742 2666 752 2682 ι
771 2658 826 2684 Καὶ
849 2657 875 2683 τί
895 2656 966 2691 λέγω

175 2700 231 2727 τῶν
245 2701 429 2736 ἐλπιζομένων
442 2702 552 2737 ἀγαθῶν
565 2702 614 2738 τὴν
623 2702 773 2729 ἀπόλαυσιν
784 2711 792 2735 ;
805 2702 835 2729 Εἰ
845 2703 898 2738 γὰρ
912 2703 966 2737 (17)

216 2779 238 2795 ¹⁹
252 2781 332 2807 Rom.
349 2789 405 2813 vni,
419 2781 461 2808 l8.

213 2859 269 2892 (’17)
286 2857 332 2885 καί
347 2858 421 2885 addit
435 2859 520 2894 Neap.

990 251 1072 278 tinem
1086 251 1147 277 vitae
1165 249 1330 280 sortiuntur,
1344 252 1391 275 aut
1404 247 1536 275 uxoribus
1552 248 1624 275 idem
1640 248 1716 283 prius
1731 257 1780 276 ac-

990 296 1066 327 cidit,
1079 294 1250 322 multasinde
1259 293 1455 321 consolationis
1467 300 1564 320 causas
1573 292 1704 326 invenio;
1718 298 1776 320 tum

990 341 1090 369 deinde
1107 348 1168 376 spes
1180 339 1261 368 nobis
1274 348 1288 366 a
1304 339 1360 366 Deo
1377 343 1406 366 et
1423 338 1564 365 Salvatore
1577 343 1672 366 nostro
1691 339 1778 366 datas.

991 388 1080 423 llujus
1105 387 1178 414 enim
1208 386 1248 413 rei
1272 386 1360 420 gratia
1391 384 1589 420 incarnationis
1619 385 1779 420 mysterium

992 438 1133 469 peractum
1150 437 1193 460 est
1204 437 1244 463 ut,
1258 431 1357 463 mortis
1365 439 1463 458 occasu
1479 430 1600 465 cognito,
1615 438 1669 457 non
1680 431 1780 458 admo-

993 479 1058 515 dum
1083 478 1226 505 doleamus
1242 485 1304 504 cum
1324 476 1351 503 in
1375 476 1526 503 amicorum
1542 480 1631 502 morte
1646 476 1781 511 disjungi-

993 532 1065 556 mur,
1084 523 1132 550 sed
1149 521 1349 557 optatissimam
1362 523 1370 530 ‘
1387 520 1601 548 resurrectionis
1618 528 1692 555 spem
1712 529 1780 555 pra:—

993 569 1136 597 stolemur.
1159 567 1223 594 Hazc
1246 574 1297 593 oro
1320 570 1351 592 ut
1373 566 1531 600 praestantia
1551 569 1598 592 tua
1615 565 1781 597 consideret,

994 623 1027 643 ac
1044 614 1163 642 tristitia:
1176 613 1278 640 malum
1297 612 1388 639 vincat
1407 621 1413 638 :
1431 612 1584 646 prwsertim
1604 619 1666 638 cum
1684 617 1783 646 ιιι-ωειο

995 660 1050 688 sint
1063 666 1223 687 communes
1235 658 1303 685 rami
1316 657 1410 690 vestri,
1423 664 1589 691 omnemque
1601 657 1680 684 vobis
1693 657 1782 683 solatii

995 705 1168 733 occasionem
1180 704 1332 739 porrigant.
1347 703 1425 730 illum
1436 710 1502 737 ergo
1517 703 1660 730 laudemus
1674 703 1720 737 qui
1739 710 1784 729 sa-

995 752 1104 786 pienter
1120 759 1166 778 res
1180 754 1289 777 nostras
1304 749 1450 785 gubernat,
1476 757 1527 776 nec
1543 749 1697 776 immodicis
1711 747 1785 775 ﬂeti-

996 797 1050 824 bus
1065 795 1216 823 irritemus.
1233 794 1411 825 Novitenim,
1437 798 1468 821 ut
1495 794 1614 829 sapiens.
1629 793 1695 828 quid
1715 793 1783 820 utile

997 843 1044 876 sit,
1061 847 1143 878 atque
1156 842 1184 869 id
1197 842 1287 877 ipsum
1302 841 1393 874 nobis,
1410 845 1440 868 ut
1457 841 1556 873 bonus,
1572 844 1714 874 procurat.

1190 1001 1262 1029 XIX.
1275 1012 1311 1022 —-—
1324 1001 1422 1029 Basih'o
1435 1001 1593 1036 presbytero.

1034 1058 1128 1086 Talem
1140 1057 1221 1084 nobis
1233 1056 1489 1090 eloquentissimum
1506 1055 1683 1083 Athanasium
1695 1061 1787 1084 orato-

1000 1111 1058 1131 rem
1078 1102 1249 1138 experientia
1273 1101 1446 1133 monstravit,
1471 1101 1578 1136 qualein
1600 1101 1710 1136 pietatis
1735 1107 1789 1128 tum

1000 1149 1099 1176 littera:
1112 1149 1287 1175 nuntiarunt.
1301 1147 1386 1175 Ornat
1399 1147 1472 1174 enim
1483 1147 1542 1182 ejus
1555 1146 1675 1182 linguam
1688 1147 1786 1178 oratio,

1001 1195 1154 1222 orationem
1172 1201 1238 1221 vero
1258 1201 1350 1220 mores
1370 1201 1376 1219 ε
1393 1192 1484 1219 omnia
1503 1196 1593 1219 autem
1617 1192 1699 1219 simul
1719 1192 1788 1219 ﬁdes

1001 1241 1130 1268 illustrat.
1152 1240 1246 1275 Itaque
1269 1238 1334 1265 talia
1355 1245 1464 1272 semper
1485 1237 1566 1265 nobis
1588 1246 1716 1272 procura,
1738 1237 1788 1264 Dei

1002 1285 1199 1314 amantissime.
1214 1285 1309 1319 Magna
1323 1283 1407 1316 enim,
1422 1284 1463 1311 sic
1473 1283 1584 1316 habeto,
1598 1292 1630 1311 ex
1640 1291 1788 1318 congressu

1003 1331 1055 1358 isto
1071 1331 1166 1358 laetitia
1177 1338 1228 1357 nos
1240 1329 1369 1364 implesti.

1179 1429 1238 1456 XX.
1258 1445 1292 1449 —
1306 1429 1436 1465 Martyrio
1449 1429 1610 1464 presbytero.

1038 1486 1183 1513 Antecedit
1197 1485 1319 1520 quidem,
1337 1490 1368 1513 ut
1384 1486 1486 1518 senior,
1500 1489 1599 1513 natura
1609 1486 1789 1519 voluntatem,

1004 1532 1092 1559 vincit
1105 1537 1197 1559 autem
1217 1537 1343 1559 naturam
1359 1532 1488 1559 voluntas
1504 1541 1511 1558 :
1528 1532 1607 1567 cujus
1624 1532 1663 1559 rei
1677 1533 1791 1560 evidens

1005 1582 1195 1613 argumentum
1208 1582 1250 1604 est
1260 1577 1367 1612 1082
1373 1578 1615 1612 eloquentissimus
1626 1578 1792 1605 Athanasius

1005 1628 1109 1650 orator.
1122 1623 1147 1650 Is
1158 1623 1231 1650 enim
1244 1631 1306 1650 eum
1319 1623 1433 1657 patriam
1443 1623 1528 1658 jactet
1537 1623 1692 1659 Egyptum,
1704 1625 1793 1660 gentis

1005 1668 1137 1696 ferociam
1151 1677 1206 1696 non
1219 1668 1319 1700 induit,
1334 1668 1382 1696 sed
1397 1669 1608 1696 mansuetudine
1618 1677 1710 1697 mores
1725 1676 1793 1698 tem-

1005 1714 1121 1749 peravit.
1145 1714 1193 1741 Est
1208 1721 1290 1749 porro
1306 1717 1334 1741 et
1350 1713 1505 1741 divinarum
1521 1722 1615 1742 rerum
1631 1715 1793 1742 ardentissi-

1006 1768 1069 1787 mus
1080 1765 1196 1787 amator.
1204 1759 1262 1792 Qua
1275 1759 1309 1786 de
1321 1766 1402 1786 causa
1414 1759 1474 1786 dies
1484 1760 1640 1794 complures
1650 1761 1793 1788 nobiscum

1008 1806 1149 1841 transegit,
1172 1806 1292 1839 aliquam
1309 1804 1373 1832 inde
1391 1805 1537 1832 utilitatem
1551 1811 1747 1841 perceptarum
1765 1814 1794 1834 se

1008 1856 1094 1879 ratus.
1119 1852 1161 1878 Me
1179 1859 1254 1883 vero,
1276 1854 1306 1878 ut
1329 1851 1414 1883 nosti,
1430 1851 1478 1878 Dei
1495 1852 1692 1885 amantissime,
1712 1853 1794 1880 etiam

1009 1897 1044 1924 ab
1056 1896 1117 1924 aliis
1132 1897 1183 1924 ista
1193 1897 1305 1924 haurire
1319 1897 1412 1931 piget:
1431 1901 1538 1923 tantum
1549 1897 1628 1925 abest
1642 1903 1672 1925 ut
1684 1898 1795 1926 deside—

1009 1942 1136 1969 rantibus
1151 1942 1316 1977 impertiam.
1328 1941 1384 1969 Nec
1398 1943 1531 1970 tenacitas
1541 1947 1626 1975 certe,
1641 1944 1689 1971 scd
1703 1944 1794 1979 inopia

1010 1989 1063 2015 hoc
1079 1987 1169 2015 facere
1183 1992 1268 2015 vetat.
1286 1987 1376 2021 Quare
1390 1992 1452 2014 oret
1467 1988 1600 2015 sanctitas
1615 1993 1670 2022 tua,
1692 1993 1722 2016 ut
1736 1997 1796 2024 quae

1009 2033 1044 2061 de
1063 2034 1144 2061 nobis
1155 2038 1199 2061 est
1213 2033 1283 2061 fama
1295 2034 1409 2061 veritate
1423 2033 1602 2061 confirmetur
1618 2044 1625 2062 :
1638 2040 1735 2063 utnon
1751 2043 1796 2063 so—

1010 2079 1068 2107 lum
1080 2079 1188 2106 dicatur
1200 2079 1233 2106 de
1244 2079 1324 2107 nobis
1336 2080 1437 2114 aliquid
1450 2079 1598 2113 laudabile,
1607 2081 1654 2108 sed
1668 2081 1694 2108 id
1708 2081 1796 2116 ipsum

1011 2125 1093 2153 etiam
1110 2124 1180 2153 facta
1195 2129 1344 2154 testentur.

1213 2191 1284 2218 XX].
1304 2190 1416 2218 Eusebio
1431 2191 1595 2218 scholastica.

1047 2247 1099 2281 Qui
1116 2247 1264 2274 maximum
1282 2247 1357 2274 hunc
1371 2255 1509 2274 rumorem
1527 2246 1752 2278 disseminarunt,
1766 2254 1800 2273 eo

1011 2301 1041 2320 se
1057 2292 1138 2320 nobis
1151 2292 1190 2320 illi
1214 2291 1327 2327 quidem
1347 2291 1488 2318 tristitiam
1511 2291 1643 2318 allaturos
1656 2294 1800 2325 putarunt,

1011 2338 1161 2373 pessimum
1174 2345 1234 2365 esse
1245 2337 1372 2364 nuntium
1390 2337 1590 2364 existimantes.
1606 2337 1660 2364 N05
1673 2344 1740 2364 vero
1751 2343 1802 2371 per

1013 2384 1134 2411 divinam
1146 2385 1261 2419 gratiam
1273 2388 1301 2411 et
1311 2389 1448 2410 rumorem
1461 2382 1581 2410 libenter
1592 2383 1761 2417 excepimus,
1774 2386 1802 2409 et

1017 2434 1145 2457 eventum
1159 2429 1220 2456 laeto
1236 2429 1328 2456 animo
1341 2433 1533 2463 exspectamus
1551 2437 1557 2454 :
1574 2433 1602 2455 et
1617 2436 1700 2462 grave
1717 2428 1802 2462 quod-

1017 2483 1125 2510 cunque
1137 2483 1187 2510 pro
1202 2475 1303 2502 divinis
1317 2475 1492 2509 dogmatibus
1506 2473 1652 2507 inferatur,
1666 2475 1747 2502 nobis
1761 2479 1802 2502 est

1017 2530 1132 2557 prorsus
1154 2521 1283 2557 optabile.
1301 2521 1409 2548 Etenim
1434 2520 1457 2548 si
1475 2520 1625 2547 Dominicis
1640 2520 1804 2555 promissio—

1018 2568 1113 2595 nibus'
1121 2575 1217 2595 revera
1226 2567 1376 2598 credimus,
1387 2576 1396 2591 ‹
1406 2566 1465 2594 Non
1476 2570 1540 2593 sunt
1549 2565 1690 2601 condignae
1699 2565 1805 2600 passio-

1018 2621 1069 2640 nes
1083 2613 1163 2648 hujus
1179 2612 1310 2647 temporis
1317 2611 1487 2639 ad-t'uturam
1501 2612 1613 2646 gloriam
1628 2618 1689 2646 qua).
1698 2611 1804 2637 revela-

1020 2657 1096 2684 bitur
1111 2657 1138 2684 in
1154 2657 1234 2684 nobis
1250 2658 1282 2682 ’9.
1300 2667 1308 2682 ι
1327 2657 1360 2684 Ει
1376 2656 1442 2692 quid
1460 2656 1578 2683 fructum
1593 2655 1656 2683 dico
1668 2656 1802 2683 bonorum

1021 2710 1082 2737 qua!
1100 2702 1263 2738 sperantur?
1279 2702 1312 2729 Et
1325 2702 1348 2730 si
1364 2702 1437 2729 enim
1452 2710 1501 2738 pro
1519 2701 1620 2737 pietate
1635 2701 1806 2729 certantibus
