1962 3051
191 190 258 223 1190

678 187 921 217 'l‘llEODUltETI
935 184 1102 220 EPISCOPI
1118 192 1299 222 CYi’tENSlS

1747 189 1814 223 1200

189 249 293 276 nullum
305 246 475 282 propositum
485 248 557 272 esset
570 244 724 278 przcmium,
739 249 846 278 poterat
856 244 913 279 ipsa
927 253 969 280 per

1029 248 1111 282 μηδὲν
1139 249 1207 279 ὅλως
1236 246 1317 275 ἆθλον
1341 248 1410 284 ὑπὲρ
1439 249 1578 281 causam;
1604 246 1815 283 ἀγωνιζομένοις

189 301 217 320 se.
239 293 341 320 veritas
358 290 528 318 amatoribus
551 289 608 316 suis
627 289 805 324 persuadere,
825 294 854 316 ut
878 291 905 317 in
926 299 972 317 su-

189 338 305 366 beundis
319 345 369 372 pro
388 337 433 363 illa
449 335 580 370 periculis
594 342 727 361 summam
742 335 862 361 la'titiam
877 343 932 370 pne
944 343 973 363 se

187 385 300 412 ferrent.
312 382 455 416 Testisque
464 381 601 408 dictorum
613 384 655 406 est
664 380 768 415 1083
783 380 892 407 divinus
900 380 973 415 Apo-

187 430 275 456 stolus
286 428 359 455 clara
372 435 438 454 voce
455 426 620 454 denuntians
638 435 644 452 :
667 436 675 450 ι
690 426 757 458 Quis
771 434 821 453 nos
836 426 975 461 separabit

187 483 201 501 a
213 474 346 501 eharitate
358 472 481 500 Christi?
492 471 644 502 tribulatio,
658 478 691 497 an
707 471 849 505 angustia?
865 478 898 497 an
910 478 973 504 per-

187 523 310 550 secutio?
330 530 364 549 an
377 522 481 548 farnes?
498 529 531 548 an
548 520 676 547 nuditas?
689 527 726 547 an
744 520 920 555 periculum?
939 528 973 546 an

186 569 314 604 gladius?
325 569 396 596 sicut
407 567 539 602 scriptum
553 571 605 597 est,
618 566 682 600 quia
699 566 813 600 Propter
836 571 860 593 te
876 566 973 592 morti—

189 615 303 642 ﬁcamur
320 613 453 649 quotidie,
471 611 596 639 aestimati
621 619 717 638 sumus
734 612 804 638 sicut
821 619 886 638 oves
900 612 974 639 occi—

186 661 273 688 sionis
284 660 316 685 ’°.
331 669 339 684 ι
360 659 394 685 Et
405 658 507 685 docens
519 665 548 684 se
559 664 612 683 non
630 657 841 684 retributionem
854 657 973 692 aliquam

186 705 430 742 exspectare,'sed
456 704 567 731 unicum
592 710 685 730 amare
713 703 893 736 Salvatorem,
912 711 974 730 mox

186 752 352 789 subiunxit:
374 761 383 776 ‹
404 750 458 778 Sed
476 749 503 776 in
521 749 564 776 his
581 749 710 791 omnibus
731 756 895 782 superamus
912 757 975 783 pro-

186 797 400 834 pterChristum
412 795 459 830 qui
475 794 570 821 dilexit
586 802 637 821 nos
651 795 682 821 ".
705 803 712 818 ι
731 793 846 828 Aliaque
864 794 973 829 adjecit,

186 844 419 879 quibusramorem
431 849 510 868 suum
522 840 644 875 apertius
656 843 771 867 testatus
783 844 834 867 est.
852 849 860 864 ι
877 839 975 867 Certus

186 889 259 916 cnim
275 895 347 919 sum,
363 885 469 921 inquit,
492 884 566 920 quod
583 892 673 919 neque
695 892 779 917 mors,
798 892 887 919 neque
907 884 974 917 vita,

1025 294 1134 326 ἐδίδοτο,
1156 295 1272 330 ἤρκεσεν
1288 294 1320 321 ἂν
1338 295 1383 320 καί
1394 295 1463 330 αὐτὴ
1477 295 1537 322 καθ’
1553 295 1652 329 ἑαυτὴν
1668 294 1684 329 ἡ
1701 293 1814 328 ἀλήθεια

1025 341 1117 366 πεῖσαι
1142 341 1204 372 τοὺς
1237 341 1336 375 ἑαυτῆς
1368 340 1487 376 ἐραστὰς
1516 341 1564 366 σὺν
1588 339 1706 374 εὐθυμία
1741 339 1814 374 πάσῃ

1024 387 1086 416 τοὺς
1105 385 1175 421 ὑπὲρ
1186 386 1269 420 αὐτῆς
1284 386 1422 418 κινδύνους
1436 385 1621 413 ἀσπάσασθαι.
1640 386 1694 412 Καὶ
1709 385 1813 420 μάρτυς

1024 428 1078 454 ’τῶν
1097 428 1249 463 εἰρημένων
1265 430 1279 454 ὁ
1295 428 1366 459 θεῖος
1386 428 1546 459 Ἀπόστολος
1565 428 1714 464 διαρρήδην
1731 426 1811 462 βοῶν’

1028 483 1036 498 ι
1055 474 1102 504 Τίς
1131 475 1204 509 ἡμᾶς
1232 474 1342 508 χωρίσει
1355 473 1407 500 ἀπὸ
1421 474 1470 509 τῆς
1491 474 1600 507 ἀγάπης
1613 473 1660 500 τοῦ
1676 471 1812 508 Χριστοῦς

1030 517 1133 552 θλίψις,
1153 517 1169 553 ἢ
1187 518 1352 554 στενοχωρία
1364 539 1370 550 ,
1387 518 1403 552 ἢ
1429 518 1565 553 διωγμὸς,
1584 519 1600 552 ἣ
1617 518 1708 552 λιμὸς,
1727 517 1742 552 ἢ
1767 527 1814 549 γν-

1026 563 1140 597 μνότης,
1159 563 1174 596 ἦ
1192 563 1330 595 κίνδυνος,
1348 563 1514 598 ἧμάχαιρας
1532 563 1622 594 καθὼς
1643 563 1814 597 γέγραπται,

1024 605 1065 631 ὅτι
1078 606 1178 632 Ἔνεκά
1194 614 1240 632 σου
1260 606 1450 642 θανατούμεθα
1474 608 1538 643 ὃλην
1553 607 1602 642 τὴν
1618 608 1735 642 ἡμέραν,
1756 607 1814 632 ἑλο-

1025 650 1160 684 γίσθημεν
1187 651 1225 682 ὡς
1253 651 1377 686 πρόὁατα
1408 653 1526 687 σφαγῆς.
1549 663 1557 678 ι
1582 653 1636 678 Καὶ
1681 652 1813 678 διδάσκων

1026 695 1064 725 ὡς
1077 695 1126 721 οὐκ
1153 696 1285 722 ἀντίδοσιν
1311 696 1460 732 προσμένει
1483 696 1553 729 τινὰ,
1579 695 1646 722 ἀλλὰ
1672 695 1751 731 μόνον
1767 696 1813 722 τοῦ

1027 741 1177 772 σεσωκότος
1204 743 1264 777 ἐρᾷ,
1295 743 1435 777 ἐπήγαγεν
1459 742 1556 773 εὐθύς·
1579 751 1589 767 ι
1614 741 1685 768 ⁸Αλλ’
1702 742 1730 767 ἐν
1747 743 1813 767 πᾶσι

1025 785 1132 817 τούτοις
1158 786 1350 822 ὑπερνικῶμεν
1379 787 1423 813 διὰ
1452 786 1498 813 τοῦ
1527 787 1720 821 ἀγαπήσαντος
1741 787 1814 821 ἡμᾶς

1026 831 1154 866 Χριστοῦ.
1171 841 1180 858 ι
1203 831 1257 858 Καὶ
1277 832 1470 868 προστέθεικεν
1487 832 1578 868 ἔτερα,
1605 832 1638 858 δι’
1666 829 1705 858 ὧν
1731 832 1814 866 σαφέ-

1027 883 1121 910 στερον
1143 875 1188 903 τὸν
1212 877 1310 903 οἰκεῖον
1341 877 1482 913 ἐγύμνωσε
1511 878 1592 905 πόθον
1608 886 1614 894 ·
1634 888 1643 904 ι
1661 878 1813 914 Πέπεισμαι

185 941 275 968 neque
283 932 383 967 angeli,
393 938 482 966 neque
490 931 619 963 virtutes,
630 938 719 965 neque
730 930 871 963 instantia,
884 938 969 965 neque

1025 920 1089 955 γὰρ,
1115 922 1208 955 φησιν,
1231 922 1271 948 ὅτι
1287 922 1348 949 οὔτε
1360 923 1486 956 θάνατος,
1499 924 1560 950 οὗτε
1574 924 1640 960 ζωὴ,
1655 924 1718 951 οὔτε
1733 926 1815 959 ἄγγε-

186 979 288 1011 futura,
306 985 396 1012 neque
418 976 544 1009 altitudo,
570 983 658 1010 neque
684 976 861 1010 profundum,
884 984 974 1010 neque

186 1027 312 1050 creatura
330 1022 383 1048 alia
404 1021 507 1056 poterit
524 1029 574 1048 nos
587 1029 716 1055 separare
729 1029 744 1048 a
755 1021 896 1048 charitate
912 1021 972 1054 Dei,

186 1076 246 1103 quzn
261 1071 301 1095 est
323 1067 349 1093 in
367 1066 477 1094 Christo
493 1066 557 1094 Jcsu
575 1066 692 1093 Domino
715 1070 810 1094 nostro
823 1064 856 1092 ⁷⁸.
874 1076 883 1092 ›
900 1065 973 1093 Con-

185 1114 328 1148 templare,
348 1113 446 1144 amice,
468 1113 624 1147 apostolica
645 1112 787 1140 charitatis
808 1113 944 1139 ﬂammam
965 1121 971 1139 :

185 1166 267 1185 cerne
295 1157 397 1185 amoris
423 1156 521 1184 facem.
546 1157 605 1184 Non
628 1162 766 1192 exspecto,
789 1157 890 1193 inquit,
913 1166 973 1192 qua:

185 1203 259 1231 illius
273 1207 347 1234 sunt,
369 1202 417 1230 sed
435 1204 525 1237 ipsum
541 1202 629 1229 solum
650 1203 787 1234 desidero.
811 1207 839 1230 et
849 1210 971 1230 amorem

184 1251 258 1278 hunc
270 1250 440 1285 restinguere
450 1256 573 1283 nequeo:
583 1249 650 1283 quin
661 1249 777 1283 optarim
791 1249 972 1276 libentissime

184 1296 365 1332 praesentibus
395 1295 550 1330 futurisque
576 1294 657 1322 hortis
682 1302 795 1327 carere,
822 1302 855 1322 ac
884 1295 971 1322 tristia

183 1343 275 1370 omnia
289 1347 317 1370 et
338 1349 412 1369 nunc
434 1341 551 1377 perpeti,
580 1345 608 1368 et
634 1341 733 1367 iterum
757 1341 860 1373 subire,
886 1345 913 1368 ut
932 1341 973 1367 in-

182 1388 346 1416 exstinctam
362 1387 444 1414 liceat
454 1387 592 1414 ﬂammam
605 1386 684 1413 istam
700 1386 889 1413 circumferre.
908 1386 972 1413 Ηωο

181 1443 248 1462 vero
259 1442 314 1462 non
327 1433 397 1461 dixit
407 1432 489 1460 modo
499 1432 609 1460 divinus
620 1432 665 1460 hic
675 1432 726 1464 vir,
741 1432 787 1460 sed
798 1433 887 1468 reipsa
900 1440 972 1467 pra:-

182 1480 263 1513 stitit,
278 1483 307 1507 et
322 1479 424 1514 passim
440 1482 513 1506 terra
526 1478 649 1513 marique
667 1482 843 1506 monumenta
859 1478 971 1513 reliquit

181 1533 278 1553 eorum
296 1532 357 1560 qua:
373 1532 471 1560 passus
485 1528 537 1552 est.
549 1525 578 1551 ln
593 1524 666 1551 hunc
678 1528 760 1559 atque
771 1524 799 1551 in
816 1525 884 1552 alios
899 1532 971 1559 quo-

181 1579 234 1606 que
246 1572 367 1601 intuens,
379 1569 558 1604 patriarchas,
569 1570 726 1604 prophetas,
739 1570 889 1605 apostolos,
899 1578 971 1597 mar-

181 1622 266 1652 tyres,
286 1615 455 1648 sacerdotes,
467 1615 587 1650 jucunda
608 1616 686 1642 valde
703 1616 825 1643 arbitror
839 1623 903 1651 qua:
919 1617 969 1643 tri-

180 1662 233 1689 stia
248 1661 452 1688 existimantur.
464 1660 605 1687 Erubesce
617 1660 702 1692 enim,
713 1659 910 1693 fateorgetiam
922 1668 970 1688 eos

180 1708 228 1742 qui
247 1707 304 1734 haec
313 1706 426 1733 minime
443 1705 607 1738 didicerant,
619 1706 667 1733 sed
680 1713 694 1732 a
707 1706 764 1733 sola
776 1710 874 1733 natura
887 1707 970 1734 duce-

180 1753 291 1785 bantur,
306 1752 333 1778 in
343 1751 454 1778 virtutis
464 1758 574 1786 quoque
586 1751 785 1778 certaminibus
794 1751 967 1779 excelluisse.

179 1796 247 1824 Nam
278 1801 306 1823 et
330 1795 436 1831 1084
455 1795 581 1822 Socrates
606 1795 651 1822 ille
675 1795 855 1830 Sophronisci
884 1796 967 1830 ﬁlius,

179 1849 242 1870 cum
260 1849 309 1876 per
319 1841 482 1868 calumniam
498 1848 561 1868 reus
577 1846 650 1868 esset
665 1840 764 1873 factus,
778 1846 805 1868 et
821 1845 967 1869 accusato—

179 1895 241 1914 rum
260 1887 401 1914 mendacia
417 1886 574 1921 spernebat,
595 1891 623 1913 et
641 1886 668 1913 in
685 1887 817 1922 gravibus
838 1887 969 1914 mrumnis

179 1933 264 1961 animi
275 1932 503 1967 tranquillitatem
516 1932 680 1960 ostendebat
693 1933 828 1960 clamans:
843 1943 851 1958 ι
863 1933 968 1969 Anytus

178 1985 208 2008 ct
231 1979 346 2018 Melitus~
362 1979 487 2007 occidere
513 1979 624 2014 quidem
649 1987 693 2007 me
721 1984 846 2014 possunt,
868 1988 968 2007 nocere

178 2031 271 2054 autem
290 2034 345 2053 non
369 2030 494 2060 possunt.
516 2035 525 2051 ι
551 2025 585 2052 Ει
602 2025 769 2052 Paeaniensis
789 2030 898 2058 orator,
920 2026 967 2060 qui

178 2071 305 2098 oratorie
327 2070 450 2097 facultati
471 2070 596 2105 adjunxit
620 2070 840 2105 philosophiam,
863 2071 933 2098 hanc
960 2073 967 2080 '

178 2124 288 2152 quoque
301 2115 476 2147 sententiam,
489 2115 576 2143 etaavi
588 2116 629 2142 sui
643 2115 812 2147 hominibus,
826 2119 852 2142 et
868 2115 967 2143 futuris

177 2162 206 2189 in
233 2166 372 2197 posterum
394 2161 494 2188 eli'atus
518 2165 583 2188 est:
613 2171 621 2185 ι
638 2161 786 2187 Terminus
806 2161 880 2187 enim
905 2161 968 2188 vita:

177 2207 307 2234 omnibus
326 2206 484 2233 hominibus
505 2213 580 2233 mors
594 2210 646 2238 est,
668 2206 734 2232 licet
754 2206 781 2232 in
806 2206 906 2233 cellula
922 2214 967 2233 se-

1026 965 1077 997 λοι,
1107 965 1169 992 οὕτε
1193 967 1333 1002 δυνάμεις,
1351 967 1412 994 οὔτε
1431 969 1578 1002 ἐνεστῶτα,
1596 969 1657 995 οὗτε
1673 969 1812 1004 μέλλοντα,

1025 1011 1086 1038 οὒτε
1117 1012 1232 1048 ὕψωμα,
1259 1013 1321 1040 οὔτε
1347 1014 1438 1049 βάθος,
1463 1014 1525 1041 οὔτε
1551 1024 1594 1047 τις
1613 1015 1702 1047 κτίσις
1732 1016 1813 1051 ἑτέρα

1024 1057 1171 1094 δυνήσεται
1187 1060 1261 1094 ἡμᾶς
1279 1059 1395 1094 χωρίσαι
1409 1060 1462 1086 ὰπδ
1475 1061 1524 1095 τῆς
1542 1061 1652 1096 ἀγάπης
1671 1061 1718 1088 τοῦ
1733 1062 1812 1093 θεοῦ,

1024 1105 1073 1139 τῆς
1098 1105 1127 1131 ὲν
1156 1105 1266 1141 Χριστῷ
1290 1105 1376 1141 Ἰησοῦ
1395 1106 1434 1141 τῷ
1456 1107 1551 1142 Κυρίῳ
1565 1107 1653 1142 ἡμῶν.
1670 1117 1679 1132 ι
1701 1107 1812 1143 Θεώρη-

1026 1159 1081 1183 σον,
1099 1147 1121 1177 ὦ
1136 1151 1257 1186 φιλότης,
1272 1152 1322 1187 τῆς
1336 1153 1519 1188 ἀποστολικῆς
1534 1153 1644 1189 ἀγάπης
1652 1153 1700 1189 τὴν
1710 1154 1812 1188 φλόγα·

1024 1196 1107 1231 βλέπε
1131 1196 1177 1223 τοῦ
1205 1198 1306 1232 ἔρωτος
1330 1198 1376 1224 τὸν
1407 1199 1521 1234 πυρσόν.
1559 1200 1616 1226 Οὐκ
1648 1199 1811 1235 ὀριγνῶμαι.

1024 1243 1106 1277 φησὶν
1119 1242 1173 1269 τῶν
1191 1242 1284 1275 αὑτοῦ,
1301 1243 1359 1269 ἀλλ’
1372 1244 1453 1270 αὐτὸν
1470 1245 1550 1279 μόνον
1571 1245 1662 1272 πθθῶ·
1681 1245 1729 1271 καὶ
1750 1246 1812 1272 τοῦ-

1023 1296 1068 1315 τον
1083 1288 1113 1314 οὺ
1133 1288 1249 1324 δύναμαι
1265 1290 1432 1316 κατασϐέσαι
1449 1290 1494 1316 τὸν
1508 1290 1612 1326 ἔρωτα·
1627 1291 1686 1317 ἀλλ’
1701 1291 1812 1327 ἑλοίμην

1023 1333 1056 1359 ἂν
1083 1334 1189 1369 ἣδιστα,
1216 1336 1263 1361 καὶ
1289 1335 1342 1362 ’τῶν
1364 1336 1517 1370 παρόντων,
1533 1336 1644 1363 καὶτῶν
1661 1337 1812 1371 μελλόντων

1023 1379 1149 1407 ἐκπεσεῖν
1174 1380 1295 1414 ἀγαθῶν,
1323 1382 1370 1408 καὶ
1389 1383 1443 1408 πᾶν
1456 1382 1545 1408 ὁτιοῦν
1558 1382 1682 1417 ἀλγεινὸν
1699 1383 1748 1410 καὶ
1764 1384 1812 1410 νῦν

1024 1423 1128 1457 παθεῖν,
1148 1425 1195 1451 καὶ
1210 1423 1289 1458 αὖθις
1303 1426 1458 1461 ὑπομεῖναι,
1472 1426 1541 1454 ὥστε
1560 1427 1661 1463 ταύτην
1679 1428 1812 1455 ἄσϐεστον

1023 1471 1181 1506 περιφέρειν
1203 1471 1253 1506 τὴν
1277 1472 1373 1507 φλόγα.
1398 1473 1490 1500 Ταῦτα
1515 1473 1543 1500 δὲ
1564 1474 1594 1500 οὐ
1618 1474 1697 1510 μόνον
1723 1473 1810 1504 εἶπεν.

1022 1516 1090 1542 ἀλλὰ
1106 1517 1153 1543 καὶ
1164 1517 1291 1552 δέδρακεν
1310 1518 1324 1544 ὁ
1336 1517 1406 1547 θεῖος
1421 1516 1496 1551 οὗτος
1512 1519 1592 1555 ἀνὴρ,
1610 1520 1657 1549 καὶ
1672 1521 1810 1556 πανταχοῦ

1022 1561 1074 1596 γῆς
1102 1562 1149 1588 καὶ
1169 1561 1302 1598 θαλάττης
1321 1564 1441 1598 μνημεῖα
1457 1563 1511 1590 τῶν
1524 1565 1693 1599 παθημάτων
1705 1566 1812 1592 κατέλι-

1022 1617 1082 1636 πεν.
1098 1609 1146 1641 Et;
1158 1609 1263 1643 τοῦτον,
1281 1610 1327 1637 καὶ
1344 1611 1437 1645 μέντοι
1452 1611 1498 1637 καὶ
1515 1612 1554 1642 εἰς
1567 1612 1631 1644 τοὺς
1645 1611 1742 1644 ἄλλους
1757 1613 1810 1648 ἀφ-

1021 1655 1101 1690 ορῶν,
1116 1656 1298 1691 πατριάρχας,
1313 1657 1464 1692 προψήτας,
1476 1657 1650 1689 ἀποστόλους,
1666 1659 1822 1694 μάρτυρας,

1023 1701 1121 1736 ἱερέας,
1153 1701 1263 1737 Θυμήρη
1288 1702 1349 1728 λίαν
1370 1702 1493 1738 ἡγοῦμαι
1517 1703 1552 1729 τὰ
1563 1703 1728 1738 νομιζόμενα
1746 1713 1810 1730 σκυ-

1021 1746 1129 1781 θρωπά.
1155 1747 1324 1782 Αἰσχύνομαι
1348 1747 1413 1784 γὰρ,
1427 1748 1559 1783 ὁμολογῶ,
1577 1749 1623 1776 καὶ
1644 1750 1809 1782 τοῦςταῦτα

1022 1791 1071 1825 μὲν
1078 1791 1179 1826 ἣκιστα
1198 1793 1399 1828 μεμαθηκότας,
1410 1793 1461 1819 ὑπὸ
1472 1793 1500 1820 δὲ
1513 1795 1597 1830 μόνης
1609 1795 1809 1830 ποδηγηθέντσς

1019 1836 1068 1871 τῆς
1095 1838 1212 1872 φύσεως,
1240 1838 1287 1864 καὶ⁹
1302 1839 1330 1864 ὲν
1344 1840 1400 1870 τοῖς
1416 1839 1503 1874 ἀγῶσι
1519 1840 1569 1875 τῆς
1583 1841 1683 1875 ἀρετῆς
1695 1841 1808 1876 διαπρέ-

1019 1883 1133 1918 ψαντας.
1156 1884 1211 1910 Καὶ
1237 1884 1291 1920 γὰρ
1305 1885 1453 1920 Σωκράτης
1465 1885 1569 1917 ἐκεῖνος
1581 1887 1595 1912 ὁ
1607 1887 1807 1922 Σ‹ι›φρονίσκου,

1019 1929 1068 1964 τὴν
1081 1930 1129 1964 τῆς
1145 1932 1327 1965 συκοφαντίας
1342 1931 1491 1967 ὑπομείνας
1501 1932 1620 1968 γραφὴν,
1634 1933 1680 1959 καὶ
1692 1933 1742 1967 τῆς
1753 1933 1808 1960 τῶν

1019 1977 1181 2011 κατηγόρων
1204 1977 1365 2013 κατεφρόνει
1378 1978 1566 2013 ψευδολογίας,
1582 1978 1629 2005 καὶ
1645 1979 1694 2013 τὴν
1711 1980 1740 2005 ἐν
1751 1980 1808 2010 τοις

1018 2023 1113 2055 δεινοῖς
1133 2023 1264 2060 εὐψυχίαν
1289 2025 1408 2052 ἐδείκνυε
1435 2025 1521 2060 βοῶν⁸
1551 2036 1561 2052 ι
1580 2027 1693 2058 Ἄνυτος
1714 2026 1742 2053 δὲ
1760 2027 1808 2053 καὶ

1019 2069 1135 2101 Μέλιτος
1157 2070 1315 2097 ἀποκτεῖναι
1344 2072 1392 2106 μὲν
1411 2072 1537 2098 δύνανταί
1555 2081 1598 2107 με,
1617 2072 1716 2107 βλάψαι
1731 2072 1760 2099 δὲ
1775 2073 1806 2099 οὐ

1018 2114 1156 2142 δύνανται.
1173 2125 1182 2142 ›
1210 2116 1266 2142 Kal.
1279 2118 1292 2143 ὁ
1308 2117 1452 2149 Παιανιεὺς
1466 2118 1494 2144 δὲ
1510 2119 1613 2154 ῥήτωρ,
1625 2119 1658 2153 τῇ
1674 2119 1806 2154 ῥητορικῇ

1018 2159 1149 2195 δεινότητι
1163 2161 1322 2196 φιλοσοφίαν
1332 2162 1476 2197 ἀναμίξας,
1488 2163 1534 2189 καὶ
1545 2163 1623 2198 τήνδε
1634 2164 1682 2196 τὴν
1695 2163 1808 2198 γνώμην

1019 2205 1066 2231 καὶ
1085 2207 1140 2237 τοῖς
1162 2206 1290 2242 τηνικάδε
1317 2207 1481 2243 ἀνθρώποις,
1503 2209 1549 2235 καὶ
1568 2210 1624 2240 τοῖς
1641 2209 1681 2240 εἰς
1693 2208 1806 2244 ὕστερον

176 2252 270 2287 ipsum
292 2252 428 2287 quispiam
447 2252 570 2278 clausum
595 2252 743 2279 custodiat.
760 2251 876 2286 Oportet
901 2260 967 2287 ergo

1021 2250 1160 2284 ἐσομένοις
1194 2252 1400 2287 προσήνεγκεν·
1428 2263 1436 2278 ι
1456 2253 1546 2288 Πέρας
1573 2254 1623 2288 μὲν
1650 2254 1704 2288 γάρ
1733 2255 1806 2280 ἐστιν

177 2297 263 2325 bonos
275 2298 351 2325 viros
362 2297 433 2324 bona
447 2297 538 2324 omnia
552 2305 661 2332 semper
673 2305 764 2332 agere.
778 2297 877 2325 bonam
890 2305 966 2333 spem

177 2344 344 2378 propositam
355 2343 500 2375 habentes,
510 2351 569 2378 quae
580 2347 671 2370 autem
684 2342 792 2370 dederit
802 2343 874 2371 Deus
887 2343 967 2370 forti-

177 2393 218 2416 ter
246 2390 394 2416 sustinere.
410 2398 421 2414 ι
443 2388 496 2417 Sed
514 2393 541 2415 et
564 2388 616 2416 isto
644 2388 786 2422 antiquior
804 2388 964 2420 historicus,

173 2433 251 2462 Olori
273 2434 360 2461 ﬁlium
378 2434 450 2466 dico,
470 2441 532 2460 cum
551 2434 619 2460 alias
638 2434 740 2460 multas
763 2432 844 2460 laude
869 2433 966 2469 dignas

175 2480 327 2508 sententias
340 2480 443 2508 litteris
456 2479 603 2511 mandarit,
629 2484 685 2507 tum
711 2479 781 2506 hanc
799 2479 871 2506 inter
884 2484 965 2508 caete-

174 2533 220 2553 ras
233 2533 240 2552 :
261 2535 269 2551 ι
284 2525 406 2553 Ferenda
419 2530 484 2553 sunt
493 2534 553 2561 quzc
567 2533 582 2552 ξι
595 2524 649 2552 diis
657 2525 785 2552 accidunt
797 2525 964 2559 necessario,

174 2579 235 2606 qua:
248 2570 282 2598 ab
298 2570 418 2598 inimicis
435 2565 554 2598 fortiter.
571 2580 579 2596 ι
594 2570 666 2604 Quid
678 2575 769 2597 autem
787 2570 966 2605 philosophos

173 2623 370 2649 commemoro,
392 2620 420 2643 et
441 2616 603 2648 historicos,
617 2621 656 2662 .ct
681 2616 824 2643 oratores?
844 2615 884 2643 llli
914 2616 965 2650 ipsi

172 2663 218 2697 qui
250 2662 443 2698 mythologiam
471 2662 590 2689 veritate
622 2662 759 2697 potiorem
794 2662 963 2694 habuerunt,

174 2707 274 2733 inultas
290 2707 422 2734 fabulosis
438 2706 643 2734 narrationibus
660 2707 741 2734 utiles
757 2707 965 2734 adhortationes

173 2751 380 2778 :nllniscuerunt
397 2759 404 2777 τ
422 2750 560 2785 quomodo
582 2755 609 2777 et
627 2750 763 2778 llmnerus
781 2751 808 2778 in
832 2751 963 2778 carmini-

173 2795 224 2823 bus
241 2797 299 2823 suis
307 2795 463 2823 Grmcorum
473 2795 706 2831 sapientissimum
721 2796 827 2823 inducit
842 2797 964 2832 scipsum

209 2897 230 2911 "
245 2897 324 2924 Rom.
343 2896 455 2929 “11,55,
477 2897 520 2924 56.
562 2897 581 2913 ³³
598 2897 667 2925 ibid.
682 2897 727 2926 31.

766 2898 787 2915 "
797 2898 867 2926 ibid.
885 2897 929 2932 38,
950 2897 994 2926 39.

1017 2295 1120 2322 ἅπασιν
1131 2296 1286 2332 ἀνθρώποις
1297 2298 1343 2324 τοῦ
1354 2297 1412 2333 βίου
1424 2299 1438 2324 ὁ
1450 2299 1574 2330 θάνατος,
1589 2299 1641 2326 κᾶν
1651 2300 1680 2325 ὲν
1691 2300 1806 2334 οἰκίσκῳ

1017 2349 1058 2372 τις
1081 2342 1162 2368 αὑτὸν
1186 2342 1333 2378 καθείρξας
1349 2345 1430 2379 τηρῇ.
1456 2344 1502 2370 Δεῖ
1523 2345 1571 2380 μὲν
1586 2346 1641 2380 γὰρ
1657 2345 1720 2376 τοὺς
1735 2345 1806 2379 ἀγα-

1018 2386 1080 2418 θοὺς
1097 2387 1197 2422 ἄνδρας
1224 2387 1358 2423 ἐγχειρεῖν
1382 2388 1432 2422 μὲν
1456 2389 1556 2415 ἅπασιν
1571 2389 1615 2415 ἀεὶ
1633 2391 1689 2420 τοῖς
1701 2389 1805 2421 καλοῖς,

1016 2433 1065 2465 τὴν
1091 2433 1195 2468 ἀγαθὴν
1217 2433 1451 2469 προϐαλλομένους
1467 2434 1573 2464 ἐλπίδα,
1585 2430 1686 2469 Ἶφέρειν
1700 2435 1722 2461 δ’
1740 2435 1758 2461 ἃ.
1774 2435 1806 2461 ἂν

1016 2477 1030 2503 ὁ
1059 2477 1124 2509 Θεὸς
1153 2477 1216 2513 διδῷ
1239 2478 1380 2513 γενναίως.
1399 2489 1408 2504 ι
1438 2479 1492 2506 Καὶ
1518 2479 1609 2512 μέντοι
1624 2480 1806 2506 καὶὸτούτου

1017 2521 1200 2557 πρεσόύτερος
1215 2523 1400 2558 συγγραφεὺς,
1414 2523 1460 2549 τὸν
1480 2522 1588 2557 Ὀλόρου
1602 2523 1683 2556 λέγω,
1706 2522 1806 2553 πολλὰς
1827 2515 1831 2517 λ

1018 2568 1067 2603 μὲν
1087 2568 1133 2593 καὶ
1155 2567 1237 2599 ἄλλας
1253 2568 1427 2600 ἀξιεπαίνους
1446 2567 1549 2603 ἔγραψε
1561 2567 1688 2602 γνὼμας⁸
1702 2567 1805 2601 ἔγραψε

1015 2613 1043 2639 δὲ
1064 2613 1111 2639 καὶ
1135 2612 1228 2647 τήνδε’
1252 2623 1261 2639 ς
1279 2613 1372 2646 Φέρειν
1389 2613 1416 2639 δὲ
1430 2613 1482 2648 χρὴ
1494 2613 1528 2639 τά
1539 2621 1566 2639 τε
1581 2613 1707 2647 δαιμόνια
1723 2618 1807 2645 αναγ-

1016 2658 1111 2690 καίως,
1141 2659 1175 2685 τά
1201 2666 1230 2685 τε
1251 2658 1305 2685 ἀπὸ
1320 2659 1373 2685 τῶν
1387 2659 1514 2693 πολέμων
1529 2658 1670 2693 ἀνδρείως.
1688 2667 1697 2683 ι
1714 2658 1770 2684 Kr.
1781 2658 1806 2683 τί

1015 2703 1088 2737 λέγω
1116 2703 1287 2738 φιλοσόφους,
1311 2703 1358 2729 καὶ
1387 2703 1573 2738 συγγραφέας,
1598 2702 1645 2729 καὶ
1667 2703 1805 2738 ρήτοραςς

1015 2750 1062 2776 καὶ
1076 2749 1129 2783 γὰρ
1146 2749 1171 2775 οί
1186 2750 1236 2784 τὴν
1251 2748 1414 2784 μυθολογίαν
1433 2750 1482 2784 τῆς
1495 2747 1622 2783 ἀληθείας
1637 2756 1805 2783 προτετιμη-

1015 2795 1104 2827 κὸτες,
1123 2794 1224 2826 πολλὰς
1254 2795 1312 2826 ταῖς
1342 2793 1514 2829 μυθολογίαις
1533 2793 1710 2829 ὀνησιφόρως
1735 2801 1808 2828 παρ-
