1962 3051
147 145 213 178 1201

823 141 1003 172 EPISTOLA
1026 142 1107 171 XXI.

1697 134 1766 166 120‘!

144 201 260 232 αινέσεις
274 198 418 235 ἀνέμιξανι
436 198 529 234 ὥσπερ
550 198 646 235 ἀμέλει
672 199 718 226 καὶ
738 199 862 234 Ὄμηρος
878 193 930 227 £6?-
946 201 959 229 Α

1013 197 1054 224 ιυιι
1067 197 1129 224 illos
1141 196 1174 223 ad
1187 194 1369 224 constantiam
1383 193 1547 223 excitantem
1560 192 1604 220 his
1618 191 1711 220 verbis
1721 190 1742 204 "
1758 198 1766 215 :

144 253 222 285 δαξεν
246 253 276 279 ὲν
302 253 358 284 τοῖς
380 253 479 287 λόγοις,
497 253 543 279 τὸν
555 252 608 279 τῶν
630 252 761 288 Ἐλλήνων
777 252 931 286 σοφώτατον
951 251 1046 277 ἑαυτὸν
1061 251 1090 277 ἐν
1101 250 1216 282 ἐκείνοις
1249 250 1316 286 πρὸς
1348 249 1474 284 ἀνδρείαν
1484 247 1635 281 ἀλείφονται.
1650 244 1730 279 Λέγει
1741 244 1768 271 δὲ

143 300 230 332 οὕτως
238 307 244 314 ·

147 355 260 391 Στῆθος
276 356 310 383 δὲ
320 356 448 390 πλήξας,
461 357 587 391 κραδίην
596 357 729 391 ἠνίπαπε
738 356 820 390 μύθῳ
829 362 835 369 '

150 390 269 418 Τέτλαθι
277 390 325 426 δὴ,
335 391 452 426 κραδίη·
462 391 511 418 καὶ
522 392 666 426 κύντερον
676 392 752 418 ἄλλο
760 392 825 417 ποτ’
832 391 932 423 ἔτλης.

150 448 204 474 Καὶ
225 447 292 474 ἄλλα
312 447 341 474 δὲ
358 448 463 480 τούτοις
477 448 638 484 προσόμοια,
652 447 698 474 καὶ
712 447 788 482 παρὰ
802 445 933 481 ποιητῶν,

150 494 196 520 καὶ
219 493 355 529 ρητόρων,
379 494 424 520 καὶ
441 494 593 529 φιλοσόφων
617 494 714 530 ῥᾳδίως
738 493 770 520 ἄν
785 501 826 524 τις
842 491 936 518 συλλέ-

152 537 235 588 ξειεν;
257 538 314 564 ἀλλ’
330 539 395 573 ἡμῖν
413 539 438 564 οι
453 539 519 565 θεῖοι
533 539 607 573 λόγοι
620 539 686 574 πρὸς
702 539 791 565 πᾶσαν
803 537 937 572 ὠφέλειαν

151 591 290 616 αρκουσιν.

187 627 240 653 Καὶ
264 627 350 655 ταῦτα
372 629 400 655 δὲ
421 629 538 661 τέθεικα,
556 628 640 661 δεῖξαι
651 628 802 663 βουληθεὶς,
816 628 854 659 ὡς
870 628 939 662 ἄγαν

154 673 266 713 αἰσχρὸν
291 674 345 700 τῶν
371 675 420 709 τῆς
447 674 553 708 φύσεως
581 674 709 709 μαθητῶν
719 674 867 709 ἡττηθῆναι
879 674 942 704 τοὺς

156 721 326 754 προφητικῆς
336 720 382 746 mi.
405 720 585 755 ἁποστολικῆς
601 720 802 755 μετεσχηκότας
817 719 943 745 διδασκα-

155 763 225 797 λίας,
251 764 289 799 τῷ
306 765 431 800 σωτηρίῳ
459 765 539 792 πάθει
554 765 778 797 πεπιστευκότας,
795 765 842 791 καὶ
857 772 943 799 προσ-

158 808 287 843 μένοντας
301 811 439 844 σωμάτων
464 810 624 842 ἀνάστασιν,
640 810 687 836 καὶ
700 810 802 845 φθορᾶς
819 810 942 836 ἀπαλλα-

986 354 1079 381 Pectus
1095 353 1252 389 percutiens,
1267 356 1386 389 maestum
1401 350 1435 376 ad
1451 358 1496 376 cor
1508 347 1680 389 talibua_in/_it
1694 356 1703 374 :

987 382 1160 423 Perfer,'cor,
1174 382 1272 423 perfer,
1288 387 1422 422 quondam
1439 384 1564 420 grauiora
1580 382 1679 411 tulisti.

987 446 1022 472 Et
1047 445 1099 472 alia
1122 444 1233 479 quidem
1252 443 1296 470 his
1306 441 1411 470 similia
1432 440 1512 468 facile
1540 438 1717 466 esLecuilibet
1739 445 1772 464 ex

990 490 1095 525 poetis.
1121 494 1149 516 et
1170 489 1340 520 oratoribus,
1363 491 1391 514 ct
1407 484 1579 521 philosophis
1596 483 1744 517 decerpere
1761 491 1771 509 :

990 535 1038 561 sed
1055 534 1135 561 nobis
1146 533 1180 560 ad
1197 541 1306 563 omnem
1325 533 1471 561 utilitatem
1483 530 1576 557 divina
1593 528 1704 562 eloquia
1716 527 1774 554 suf-

992 580 1096 607 ﬁciunt.

1029 627 1090 653 iitec
1098 633 1164 652 vero
1181 632 1270 660 pauca
1282 623 1343 651 ideo
1358 622 1464 657 1035
1476 620 1601 656 produxi,
1612 623 1642 646 ut
1650 618 1776 645 ostende-

992 679 1049 697 rem
1063 675 1141 704 turpe
1153 668 1300 696 admodum
1319 674 1390 699 esse,
1410 674 1425 692 a
1437 669 1542 693 natura;
1552 662 1693 698 discipulis
1705 661 1777 688 vinci

991 724 1049 748 eos,
1067 715 1113 750 qui
1130 713 1299 750 prophetica:
1317 715 1346 739 et
1367 710 1521 745 apostolicae
1535 708 1668 736 doctrinte
1690 706 1777 741 parti-

993 761 1068 796 cipes
1090 761 1213 791 fuerunt,
1235 759 1282 794 qui
1305 758 1453 785 salutarem
1473 755 1629 791 passionem
1652 752 1779 780 credide-

994 811 1069 839 runt,
1092 812 1293 841 corporumque
1314 802 1546 831 resurrectionem
1567 802 1736 834 exspectant,
1753 802 1781 825 et

157 854 219 889 γὴν,
230 855 277 881 καὶ
289 856 419 891 χορηγίαν
429 855 589 889 ἀθανασίας,
600 857 646 883 καὶ
659 856 782 891 οὐρανῶν
794 856 943 890 βασιλείαν.

1013 852 1183 887 orruptionis
1190 850 1392 886 depulsionem,
1404 851 1433 875 et
1443 845 1656 874 immortalitatis
1667 844 1780 874 donum,

160 899 214 925 Καὶ
239 901 301 931 τοὺς
328 900 499 935 ἀθυμοῦντας
512 901 601 927 τοίνυν
616 900 663 927 ἐπὶ
674 902 730 932 τοῖς
745 899 943 935 θρυλληθείσιν,

158 943 182 972 ὥ
198 946 260 980 φίλη
275 947 390 983 κεφαλὴ,
405 946 615 982 ψυχαγώγησον,
629 946 676 973 καὶ
689 947 752 978 τοὺς
765 946 946 981 ἐφηδομένους

161 979 238 1026 εῖττερ
252 979 294 1023 τις
307 979 359 1027 ἄρα
373 979 563 1024 ἔστω-δίδαξον
576 991 613 1023 ὡς
626 979 794 1026 γεγήθαμενς
881 979 954 1024 γαν-,

162 1037 277 1071 νύμεοα,
303 1038 348 1064 καὶ
370 1037 529 1073 χορεύομεν,
546 1037 593 1064 καὶ
610 1037 647 1069 ὡς
661 1036 745 1072 αὐτὴν
763 1036 815 1063 τῶν
826 1035 948 1071 οὐρανῶν

163 1083 211 1117 τὴν
239 1081 386 1117 βασιλείαν,
406 1083 455 1117 τὴν
481 1081 663 1117 νομιζομένην
687 1079 888 1116 προσδεχόμεθα
910 1088 950 1106 τι-

166 1127 282 1163 μωρίαν.

201 1174 259 1200 Ἱνα
268 1173 295 1199 δὲ
307 1173 354 1200 καὶ
367 1173 486 1209 διδάξῃς,
505 1171 725 1207 θαυμασιώτατε,
740 1171 804 1202 τοὺς
815 1170 947 1204 ἀγνοοῦν·

166 1227 214 1250 τας
230 1219 303 1250 ὅπως
328 1217 478 1253 φρονοῦμεν
491 1238 497 1250 ,
517 1217 570 1244 ἴσοι
587 1217 726 1243 πιστεύειν
745 1216 829 1251 ἡμᾶς,
849 1215 886 1247 ὡς
901 1215 953 1241 ἐδι-

166 1263 313 1299 δάχθημεν,
323 1264 361 1294 εἰς
373 1263 417 1290 τὸν
426 1263 546 1298 Πατέρα,
566 1263 611 1290 καὶ
625 1261 671 1288 τὸν
683 1261 757 1294 Υίὺν,
772 1261 818 1289 καὶ
831 1261 861 1286 rb
874 1260 953 1298 ἅγιον

169 1309 290 1344 Πνεῦμα.
312 1310 349 1335 Οὐ
375 1308 428 1343 γὰρ
445 1308 485 1339 είς
501 1294 552 1334 ⁷δύο
573 1307 660 1338 uio-Dc,
682 1306 719 1338 ὥς
738 1315 809 1338 τινες
825 1294 955 1341 συκοφαν-

168 1353 268 1383 τοῦσιν.
293 1353 310 1389 ἢ
334 1352 571 1388 ἑμαθητεύθημεν,
595 1352 611 1386 ἤ
637 1350 886 1385 ἐϐαπτίσθημεν,ἢ
911 1359 955 1376 m—

170 1399 310 1435 στεύομεν,
330 1398 347 1434 ἦ
368 1398 506 1425 πιστεύειν
518 1398 681 1432 διδάσκομεν
692 1405 700 1412 ”
726 1396 783 1423 ἀλλ’
798 1396 893 1432 ὥσπερ
908 1397 955 1422 ἕνα

170 1445 249 1479 ἴσμεν
266 1444 383 1479 Πατέρα,
401 1444 448 1470 καὶ
461 1443 489 1469 ἓν
501 1443 576 1477 ἅγιον
593 1441 715 1477 Πνεῦμα,
732 1441 818 1473 οὕτως
830 1441 879 1467 ἕνα
889 1441 952 1467 Υἱὸν

170 1490 214 1516 τὸν
242 1490 343 1525 Κύριον
365 1489 443 1524 ἡμῶν
465 1488 569 1524 Ἰησοῦν
594 1488 724 1523 Χριστὸν,
751 1487 802 1514 τὶν.
825 1486 956 1522 μονογενῆ

170 1535 217 1562 τοῦ
241 1535 308 1562 Θεοῦ
333 1535 408 1568 Υἱδν,
431 1535 476 1561 τὸν
500 1533 748 1569 ὲνανθρωπήσαντα
770 1533 837 1559 Θεὸν
858 1533 955 1567 Λόγον.

172 1583 229 1609 Οὐκ
246 1581 401 1617 ἀρνούμεθα
425 1581 515 1616 μέντοι
532 1579 582 1612 τὰς
600 1579 654 1606 τῶν
674 1579 782 1614 φύσεων
802 1579 956 1614 ἰδιότητας·

173 1629 229 1656 ἀλλ’
241 1628 335 1664 ὥσπερ
347 1627 455 1654 ἀσεϐεῖν
465 1627 611 1661 νομίζομεν
621 1625 684 1657 τοὺς
700 1627 740 1658 εἰς
753 1625 799 1652 δύο
807 1625 881 1656 υἱοὺς
891 1625 961 1652 διαι-

175 1676 288 1712 ροῦντας
304 1676 349 1702 τὸν
365 1675 414 1702 ἕνα
427 1675 530 1709 Κύριον
551 1674 655 1709 Ἰησοῦν
669 1673 785 1708 Χριστόν
798 1681 804 1688 ·
823 1673 893 1699 οὕτω
909 1673 960 1706 τῆς

174 1721 302 1756 ἀληθείας
323 1720 469 1755 πολεμίους
484 1719 675 1754 ἀποκαλοῦμεν
693 1719 756 1750 τοὺς
772 1718 898 1753 συγχέειν
911 1718 962 1750 τὰς

175 1767 270 1801 φύσεις
285 1765 501 1802 ἐπιχειροῦντας.
524 1765 687 1800 Ἀσύγχυτον
705 1764 759 1800 γὰρ
771 1764 867 1791 ἕνωσιν
882 1771 962 1798 γεγε-

175 1813 272 1848 νῆσθαι
291 1811 464 1847 πιστεύομεν,
481 1812 526 1838 καὶ
542 1812 620 1846 ῐσμεν
633 1810 695 1837 τίνά
707 1819 736 1837 τε
752 1811 803 1845 τῆς
822 1809 964 1845 ἀνθρωπό-

176 1867 268 1894 τητος,
288 1858 335 1884 καὶ
349 1858 409 1884 τίνα
427 1857 478 1892 τῆς
493 1857 619 1891 θεότητος
641 1856 705 1882 ἴδια.
723 1855 856 1890 Καθάπερ
875 1855 930 1890 γὰρ
949 1854 964 1880 ὁ

178 1903 330 1939 ἄνθρωπος,
347 1903 392 1930 τὸν
414 1903 502 1929 κοινὸν
525 1902 607 1936 λέγω,
624 1902 655 1927 τὸ
675 1900 783 1934 λογικὸν
799 1901 848 1926 καὶ
868 1899 965 1934 θνητὸν

179 1949 259 1981 ζῶον,
274 1948 330 1983 ἔχει
344 1948 391 1983 μὲν
403 1948 502 1982 ψυχὴν,
515 1947 571 1981 ἔχει
584 1947 612 1973 δὲ
628 1947 718 1980 σῶμα,
732 1946 761 1972 ἓν
777 1945 804 1972 δὲ
817 1945 885 1977 ζῶον
899 1946 967 1971 νοεῖ-

179 2002 242 2021 ται⁶
263 1995 310 2021 καὶ
328 1995 345 2029 ὴ
366 1993 482 2030 διαφορὰ
506 1993 560 2020 τῶν
575 1993 622 2019 δύο
645 1994 753 2027 φύσεων
781 1992 832 2018 οὐκ
852 1992 892 2022 εἰς
920 1990 967 2017 δύο

182 2040 314 2076 πρόσωπα
330 2039 436 2075 μερίζει
449 2039 494 2066 τὸν
510 2038 558 2065 ἕνα
568 2047 574 2053 ⁸
588 2039 617 2064 ὲν
631 2037 660 2064 δέ
681 2046 712 2071 γε
736 2036 775 2071 τῷ
796 2036 836 2062 ἐνὶ
856 2037 903 2062 καὶ
917 2035 968 2070 τὴν

181 2087 230 2122 τῆς
242 2086 331 2121 ψυχῆς
354 2086 433 2120 ῐσμεν
453 2084 601 2112 ἀθανασίαν
613 2103 620 2115 ,
648 2085 696 2110 καὶ
716 2082 762 2109 τοῦ
779 2081 904 2117 σώματος
919 2081 969 2116 τὴν

183 2132 351 2168 θνητότητα*
375 2131 422 2158 καὶ
444 2129 631 2166 ὁμολογοῦμεν
652 2129 702 2164 τὴν
726 2127 814 2163 ψυχὴν
842 2127 969 2163 ἀόρατον,

183 2177 279 2214 ὁρατὸν
295 2176 323 2203 δὲ
342 2176 372 2202 τὸ
391 2175 482 2211 σῶμα,
503 2175 532 2202 ἓν
551 2175 579 2201 δὲ
603 2174 681 2206 ζῶον,
702 2173 739 2205 ὡς
761 2173 840 2209 ἔφην,
862 2172 970 2206 λογικὸν

183 2221 250 2257 ὁμοῦ
269 2222 314 2248 καὶ
329 2221 424 2257 θνητόν
442 2230 449 2237 ·
468 2220 539 2247 οὕτω
553 2219 599 2247 τὸν
618 2219 719 2255 Κύριον
735 2218 812 2254 ἡμῶν
828 2219 875 2244 καὶ
893 2218 969 2251 Θεὸν,

185 2268 230 2294 τὸν
241 2267 288 2294 τοῦ
301 2266 369 2293 Θεοῦ
381 2266 454 2300 λέγω
466 2266 539 2299 Υἰὺν¹
562 2265 608 2292 τὸν
627 2265 765 2299 Δεσπότην
778 2263 906 2300 Χριστὸν,
923 2263 972 2290 καὶ

188 2312 258 2348 μετὰ
271 2312 319 2348 τὴν
332 2311 538 2346 ἑνανθρώπησιν
551 2311 599 2338 ἕνα
617 2311 696 2345 ίσμεν
712 2309 775 2336 Υἱόν
791 2317 796 2324 ι
819 2307 974 2343 ἀδιαίρετος

187 2358 241 2393 γὰρ
258 2359 275 2394 ἡ
289 2358 396 2390 ἓνωσις,
423 2356 517 2392 ὥσπερ
533 2356 565 2392 δὴ
584 2356 631 2383 καὶ
651 2355 815 2390 ἀσύγχυτος.
835 2354 929 2389 Ἰσμεν
945 2353 974 2380 δὲ

188 2406 262 2440 ὅμως
280 2404 327 2430 καὶ
342 2403 373 2430 τὸ
389 2404 438 2439 τῆς
454 2403 579 2437 θεότητος
601 2401 729 2437 ἄναρχον,
747 2401 794 2427 καὶ
816 2400 845 2426 τὸ
860 2400 910 2435 τῆς
926 2400 975 2425 ἀν-

189 2451 362 2488 θρωπότητος
385 2450 550 2484 πρόσφατον.
579 2448 611 2473 'H
629 2448 678 2482 μὲν
692 2447 746 2482 γὰρ
767 2447 799 2472 ὲκ
820 2446 976 2481 σπέρματος

195 2497 321 2533 Ἀὗραὰμ
331 2496 378 2522 καὶ
390 2495 472 2522 Δαϐἳδ
488 2494 528 2530 (ἐξ
538 2493 626 2521 αὐτῶν
641 2494 718 2529 γὰρὴ
730 2493 794 2527 ἁγία
810 2491 958 2527 Παρθένος)
971 2499 976 2504 ·

190 2546 207 2580 ἡ
222 2545 250 2571 δὲ
275 2543 334 2570 θεία
351 2542 431 2577 φύσις
453 2543 484 2567 ὲκ
505 2540 551 2567 τοῦ
564 2540 632 2566 Θεοῦ
652 2540 700 2566 καὶ
715 2537 821 2573 Harpe;
842 2537 893 2572 πρὸ
913 2536 977 2563 αἰώ-

191 2598 254 2622 νων,
274 2587 409 2624 ἀχρόνως,
433 2586 557 2619 ἀπαθῶς,
579 2586 709 2620 ἀτμήτως
733 2584 874 2619 ἐγεννήθη.
899 2584 929 2610 Εἰ
949 2583 978 2610 δὲ

193 2634 347 2671 ἁιὶαιρεθείη
367 2633 469 2670 σαρκὸς
492 2633 539 2660 καὶ
560 2632 685 2665 θεότητος
700 2631 730 2657 τὸ
749 2631 887 2666 διάφορον,
910 2629 979 2656 τίσιν

195 2682 283 2713 ὅπλοις
298 2680 457 2717 χρησόμεθα
469 2679 540 2706 κατὰ
559 2679 663 2714 ’Δρείου
675 2677 721 2704 καὶ
739 2677 871 2712 Εὑνομίου
889 2685 980 2712 παρα-

196 2729 371 2762 ταττόμενοι;
389 2728 447 2759 πῶς
459 2727 488 2754 δὲ
502 2725 591 2753 αὐτῶν
607 2725 655 2760 τὴν
669 2724 739 2751 κατὰ
754 2724 800 2751 τοῦ
813 2723 982 2758 Μονογενοῦς

199 2773 383 2807 καταλύσομεν
400 2772 591 2808 βλασφημίαν;
606 2771 662 2798 Νῦν
674 2770 728 2806 γὰρ
741 2770 803 2802 τοὺς
825 2769 873 2805 μὲν
887 2777 982 2795 ταπει-

236 2851 258 2866 ³³
273 2850 368 2886 Odyss.
393 2851 436 2877 Ill.

971 1521 993 1550 C

996 903 1026 926 et
1040 904 1156 932 regnum
1178 896 1321 924 ctelorum.
1344 893 1479 926 Quocirca
1497 899 1545 919 eos
1563 890 1609 925 qui
1633 888 1720 924 sparsi
1736 896 1783 914 ru-

997 944 1081 970 moris
1097 950 1178 970 causa
1194 946 1259 970 sunt
1275 941 1303 968 in
1319 946 1449 971 maerore,
1469 937 1559 969 stude,
1569 936 1667 967 amice,
1684 941 1783 962 conso-

998 989 1049 1016 lari
1065 998 1071 1015 :
1085 988 1236 1023 gaudentes
1247 991 1350 1018 autem,
1369 986 1391 1012 si
1405 984 1451 1019 qui
1463 987 1537 1015 sunt,
1554 982 1622 1009 doce
1638 988 1689 1008 nos
1698 979 1784 1007 laetari

999 1039 1027 1063 et
1039 1035 1187 1066 exsultare,
1204 1032 1368 1068 tripudiare,
1381 1039 1412 1059 ac
1425 1034 1553 1064 tanquam
1571 1028 1659 1062 ipsum
1670 1033 1786 1060 regnum

1000 1081 1144 1112 cculorum,
1165 1079 1238 1109 istud
1255 1078 1329 1114 quod
1358 1075 1523 1112 supplicium
1541 1077 1647 1109 putant,
1671 1075 1787 1107 praesto-

1000 1127 1063 1154 lari.

1036 1173 1228 1205 Caeterum,_ut
1245 1168 1466 1198 certioreseliam
1483 1167 1544 1195 illos
1556 1165 1649 1198 facias,
1661 1163 1704 1191 vir
1720 1170 1790 1198 prae~

1003 1217 1180 1249 stantissime,
1199 1216 1246 1252 qui
1258 1215 1385 1243 nesciunt
1398 1214 1464 1249 quid
1479 1212 1639 1243 sentiamus,
1656 1209 1724 1237 scito
1739 1215 1790 1234 nos

1004 1264 1128 1296 credere,
1147 1263 1218 1290 sicut
1231 1261 1322 1288 edocti
1335 1267 1441 1292 sumus,
1459 1259 1487 1285 in
1500 1258 1620 1288 Patrem,
1635 1259 1662 1282 et
1678 1253 1789 1285 Filium,

1005 1315 1033 1338 et
1046 1309 1178 1344 Spiritum
1194 1305 1396 1335 sanctum.N0n
1406 1305 1480 1332 enim
1495 1303 1522 1330 in
1534 1303 1603 1330 duos
1615 1301 1708 1332 Filios,
1721 1299 1792 1326 sicut

1005 1356 1117 1391 quidam
1135 1354 1348 1385 calumniantur,
1364 1352 1407 1379 vel
1425 1349 1583 1381 didicimus,
1601 1346 1643 1374 vel
1661 1344 1792 1380 baptizati

1007 1409 1113 1432 sumus,
1132 1400 1175 1427 vel
1200 1398 1350 1429 credimus,
1373 1396 1417 1423 vel
1439 1394 1554 1422 credere
1571 1392 1702 1419 docemus
1720 1397 1727 1415 :
1744 1387 1792 1414 sed

1008 1447 1195 1474 sicutPatrem
1207 1451 1293 1472 unum
1304 1442 1440 1473 novimus,
1453 1445 1482 1468 et
1492 1446 1576 1467 unum
1588 1436 1720 1472 Spiritum
1732 1442 1794 1461 san-

1009 1496 1095 1524 ctum,
1110 1491 1150 1518 sic
1166 1497 1251 1517 unum
1265 1488 1376 1520 Filium,
1389 1487 1396 1498 ·
1412 1485 1558 1513 Dominum
1567 1486 1691 1509 nostrum
1700 1478 1795 1507 Iesum

1009 1523 1160 1569 Christum,
1176 1534 1347 1570 unigenitum
1362 1531 1411 1560 Dei
1430 1530 1540 1562 Filium,
1557 1528 1728 1555 incarnatum
1746 1523 1795 1550 Dei

1010 1584 1142 1612 Verbum.
1159 1582 1327 1609 Naturarum
1349 1585 1415 1605 sane
1436 1574 1616 1611 proprietates
1636 1579 1690 1598 non
1711 1577 1796 1604 nega-

1011 1637 1073 1657 mus
1091 1637 1097 1655 :
1118 1627 1166 1655 sed
1182 1626 1254 1654 sicut
1266 1624 1350 1659 impie
1362 1623 1425 1650 illos
1436 1627 1516 1656 agere
1531 1624 1686 1648 censemus,
1704 1614 1750 1649 qui
1768 1613 1796 1640 in

1012 1674 1081 1702 duos
1091 1672 1176 1700 Filios
1186 1670 1313 1698 dividunt
1323 1674 1409 1695 unum
1419 1664 1565 1693 Dominum
1573 1665 1698 1690 nostrum
1706 1659 1799 1687 Jesum

1012 1719 1153 1748 Christum
1173 1726 1179 1743 :
1198 1716 1238 1743 sic
1258 1713 1383 1742 veritatis
1403 1712 1497 1739 hostes
1519 1715 1649 1736 vocamus
1666 1713 1725 1737 eos,
1751 1703 1798 1738 qui

1014 1771 1127 1793 naturas
1158 1760 1327 1790 confundere
1359 1762 1504 1785 conantur.
1527 1753 1702 1782 lnconl‘usam
1726 1749 1799 1777 enim

1015 1811 1144 1839 unionem
1166 1809 1264 1835 factam
1279 1805 1428 1835 credimus,
1446 1806 1472 1829 et
1490 1800 1614 1836 quaedam
1633 1798 1735 1825 scimus
1750 1796 1801 1822 hu-

1015 1853 1155 1882 manitatis
1169 1858 1230 1878 esse
1248 1849 1368 1885 propria,
1384 1846 1508 1881 quaedam
1521 1842 1683 1871 divinitatis.
1700 1841 1802 1874 Quem-

1016 1899 1164 1927 admodum
1178 1896 1251 1924 enim
1268 1895 1362 1925 homo,
1374 1897 1547 1920 communem
1559 1889 1631 1920 dico,
1647 1886 1745 1914 animai
1757 1892 1802 1912 ra-

1017 1945 1102 1972 tionis
1127 1942 1264 1978 particeps
1296 1944 1324 1967 et
1354 1937 1480 1969 mortale,
1506 1935 1626 1963 animam
1655 1932 1749 1962 habet,
1775 1935 1804 1956 et

1018 1996 1119 2024 corpus
1128 1976 1224 2018 habet,
1239 1992 1324 2013 unum
1337 1991 1403 2011 vero
1415 1981 1514 2009 animal
1527 1979 1699 2013 intelligitur,
1716 1976 1807 2003 diver.

1019 2035 1141 2068 sitasqne
1156 2035 1318 2059 naturarum
1331 2029 1360 2056 in
1372 2028 1442 2055 duas
1452 2034 1538 2054 unum
1552 2031 1684 2060 personas
1698 2030 1753 2049 non
1766 2020 1808 2048 di-

1020 2080 1107 2112 vidit;
1136 2079 1164 2106 in
1192 2085 1247 2105 uno
1272 2080 1376 2106 autem,
1398 2078 1426 2101 et
1449 2073 1547 2100 anima:
1572 2068 1807 2098 immortalitatem

1021 2125 1204 2162 agnoscimus,
1224 2127 1252 2151 et
1265 2121 1388 2157 corporis
1406 2118 1611 2151 mortalitatem,
1627 2114 1806 2143 conﬁtemur-

987 2192 1008 2219 Β
1022 2181 1075 2208 que
1097 2170 1204 2206 1086
1224 2169 1342 2196 animam
1357 2163 1417 2194 esse
1433 2164 1611 2194 invisibilem,
1629 2168 1730 2196 corpus
1744 2159 1811 2186 visi-

1326 2213 1331 2218 ι
1380 2213 1387 2219 ι
1438 2216 1444 2219 -
1470 2211 1487 2219 1·
1510 2210 1516 2215 ·
1542 2207 1674 2219 γνΑιῖμηρι..
1690 2206 1770 2219 ..ἒ-νιπι
1784 2209 1811 2219 Λ.

1024 2206 1090 2250 bile,
1108 2224 1193 2244 unum
1209 2222 1274 2242 vero
1289 2213 1399 2245 animal,
1417 2216 1448 2238 ut
1462 2210 1529 2242 dixi,
1541 2207 1675 2236 rationale
1690 2206 1771 2233 simul
1784 2209 1812 2232 et

1026 2263 1157 2292 mortale:
1170 2262 1210 2290 sic
1225 2260 1372 2288 Dominum
1390 2261 1515 2285 nostrum
1534 2259 1562 2282 et
1576 2254 1673 2285 Deum,
1693 2252 1751 2285 Dei,
1768 2251 1812 2278 in—

1027 2317 1120 2346 quam,
1137 2308 1236 2335 Filium
1256 2305 1402 2333 Dominum
1415 2301 1569 2332 Christum,
1587 2299 1670 2326 etiam
1685 2301 1747 2332 post
1769 2296 1813 2325 in-

1028 2356 1215 2384 carnationem
1228 2360 1313 2380 unum
1328 2351 1431 2378 scimus
1440 2357 1499 2377 esse
1512 2348 1622 2375 Filium.
1636 2343 1815 2373 lndivisibilis

1027 2401 1163 2438 siquidem
1175 2403 1218 2427 est
1229 2398 1305 2429 unio,
1317 2397 1389 2424 sicut
1400 2399 1427 2422 et
1439 2392 1591 2421 inconfusa.
1604 2391 1712 2418 Scimus
1724 2393 1816 2416 tamen

1029 2453 1057 2476 et
1075 2446 1211 2483 principio
1233 2451 1328 2472 carere
1343 2441 1532 2470 Divinilatem,
1552 2441 1580 2466 ct
1596 2436 1744 2464 novissime
1759 2441 1816 2461 cm-

1030 2495 1103 2529 pisse
1116 2479 1326 2520 humanitatem.
1340 2489 1403 2515 llaec
1412 2487 1485 2513 enim
1501 2493 1534 2512 ex
1546 2483 1650 2510 semine
1661 2479 1777 2509 Abrahae
1789 2482 1818 2505 et

1031 2539 1142 2567 Davidis
1163 2538 1205 2573 (ex
1226 2536 1269 2563 his
1282 2535 1382 2570 quippe
1398 2536 1491 2560 saneta
1511 2522 1620 2565 Virgo),
1638 2527 1731 2555 divina
1749 2531 1818 2552 vero

1033 2590 1130 2611 natura
1145 2591 1177 2610 ex
1194 2582 1249 2609 Deo
1264 2584 1291 2607 et
1306 2580 1396 2609 Patre,
1413 2581 1476 2604 ante
1487 2574 1596 2605 szeeula,
1609 2573 1668 2600 sine
1683 2575 1818 2605 tempore,

1033 2631 1092 2658 sine
1107 2628 1243 2665 passione,
1256 2627 1315 2654 sine
1327 2624 1462 2652 divisione
1472 2621 1563 2657 genita
1575 2624 1626 2646 est.
1639 2617 1717 2651 Quod
1730 2616 1753 2644 si
1766 2616 1819 2643 tol—

1036 2663 1115 2705 laturV
1127 2674 1216 2702 carnis
1237 2677 1264 2699 et
1283 2669 1439 2699 Divinitatis
1463 2665 1629 2697 diﬂ‘erentia,
1655 2663 1822 2698 quibusnam

1036 2721 1120 2750 armis
1136 2720 1268 2748 adversus
1285 2717 1379 2745 Arium
1396 2720 1423 2742 et
1439 2712 1603 2741 Eunomium
1621 2707 1822 2745 pugnabimus?

1036 2766 1175 2802 quomodo
1189 2765 1298 2792 illorum
1316 2766 1411 2790 contra
1426 2758 1601 2794 Unigenilum
1621 2754 1822 2791 blasphemiam
