1962 3051
151 136 221 172 1203

652 143 896 174 TIIEODORETI
912 145 1081 176 EPISCOPI
1095 147 1277 177 CYRENSIS

1706 143 1773 176 1204

146 190 340 222 ιίθςὶτιιοῐιιιιεῖ
353 194 430 222 Nunc
442 194 515 222 enim
530 194 644 221 humilia
658 203 828 230 quaecunque
840 196 874 224 de
886 197 925 224 illc

984 200 1046 231 νοὺς
1060 199 1112 226 τῶν
1127 199 1213 233 λόγων
1227 198 1265 230 ὡς
1283 196 1419 232 ἀνθρώπῳ
1439 194 1644 232 προσάπτομεν,
1666 195 1729 227 τοὺς
1746 199 1775 225 δὲ

148 241 288 273 dicuntur,
307 245 336 268 ut
351 240 454 267 homini
472 241 633 274 adaptamus
651 249 658 266 :
675 241 803 268 sublimia
818 250 884 269 vero
903 246 932 269 et

148 287 233 313 Deum
251 287 385 319 decentia,
410 289 440 313 ut
457 287 512 313 Deo
526 295 532 312 :
547 287 586 313 sic
608 286 694 313 facilis
717 295 829 321 prorsus
851 288 931 316 nobis

147 338 189 359 est
207 332 330 359 veritatis
343 332 551 359 demonstratio.
572 332 669 359 Verum
684 333 791 360 excedit
809 333 932 368 epistola;

149 385 303 404 mensuram
323 377 473 411 disputatio
487 377 520 404 de
537 377 600 404 ﬁde.
618 377 763 404 Suﬂiciunt
778 382 868 405 autem
887 379 931 405 vel

148 430 232 456 pauca
258 423 316 450 haec
337 423 419 450 verba
439 423 473 450 ad
494 423 671 450 indicandum
689 424 844 458 apostolica:
866 423 930 451 ﬁdei

146 467 343 494 characterem.

348 522 430 550 XXII.
445 538 480 542 —
493 523 608 559 [Πρίαηο
623 524 721 550 comiti.

180 578 360 606 Sermonibus
384 578 462 605 aiunt
482 585 536 605 non
558 578 628 605 bene
648 578 816 613 compositos
839 585 931 605 mores

144 624 286 651 emendari
298 628 326 650 et
339 623 467 650 meliores
479 623 568 650 reddi.
583 623 647 650 Mihi
660 631 726 650 vero
739 623 868 650 videntur
884 624 930 658 qui

145 675 219 696 recte
234 677 250 695 a
264 674 361 696 natura
373 669 517 704 temperati
530 673 604 701 sunt,
622 669 672 703 ipsi
685 668 776 703 potius
789 675 931 695 sermones

145 723 254 746 ornare,
266 719 294 742 et
304 715 396 742 verbis
405 723 474 750 opus
483 722 537 741 non
550 714 651 745 habere
664 724 669 740 :
682 713 753 741 sicut
763 719 791 741 et
803 721 929 748 corpora,

144 768 205 794 qua:
223 760 340 787 feliciter
361 764 424 787 nata
437 764 510 792 sunt,
532 760 659 787 ascititiis
684 759 824 787 coloribus
846 761 853 769 '
875 767 930 786 non

143 810 234 840 egent.
259 805 307 832 IIis
331 814 395 833 sane
415 806 530 833 illustris
552 810 594 833 est
614 805 815 832 disertissimus
837 810 931 832 orator

982 245 1099 278 ὑψηλοὺς
1107 245 1154 272 καὶ
1164 244 1323 279 θεοπρεπεῐς
1334 244 1371 274 ὡς
1378 241 1447 277 Θεῷ,
1457 241 1503 268 καὶ
1511 241 1627 276 εὐπετὴς
1638 241 1660 276 (l
1667 241 1693 276 8)
1705 241 1774 275 ἆγαν

982 291 1046 324 ἡμῖν
1058 291 1129 316 ἐστιν
1141 290 1157 324 ἡ
1169 290 1217 324 τῆς
1228 288 1355 324 ἀληθείας
1367 287 1511 320 ἀπόδειξις.
1529 286 1609 313 Ἀλλὰ
1618 287 1672 321 γὰρ
1688 287 1773 322 ὑπερ-

982 334 1068 361 ϐαίνει
1089 335 1186 370 μέτρον
1206 334 1352 368 ἐπιστολῆς
1366 335 1379 359 ό
1398 333 1460 368 περὶ
1476 333 1526 367 τῆς
1546 333 1664 364 πίστεως
1683 332 1768 366 λόγος.

989 381 1082 415 Ἀρκεῖ
1096 381 1124 406 δὲ
1138 380 1186 407 καὶ
1201 380 1236 406 τὰ
1245 380 1323 413 ὀλίγα
1336 378 1421 405 ταῦτα
1435 378 1556 413 ῥημάτια
1567 378 1652 411 δεῖξαι
1663 377 1709 404 τὸν
1722 378 1771 412 τῆς

983 428 1165 462 ἀποστολικῆς
1181 428 1299 459 πίστεως
1317 426 1490 461 χαρακτῆρα.

1165 523 1229 551 ΚΒ’.
1245 538 1277 543 -
1294 523 1454 556 οὐλπιανῷ
1467 523 1584 557 κόμητι.

1017 579 1086 610 Τοὺς
1102 579 1197 612 λόγους
1212 578 1293 613 φασὶν
1308 578 1356 604 καὶ
1370 578 1404 604 τὰ
1425 577 1475 603 οὐκ
1491 575 1519 603 εὖ
1540 577 1700 612 διακείμενα
1714 576 1770 603 τῶν

980 623 1053 659 ἠθῶν
1069 623 1281 659 μεταρυθμίζειν
1295 623 1341 649 καὶ
1353 623 1459 658 ἀμείνω
1470 624 1568 650 ποιεῖν.
1590 623 1666 657 Ἐμοί¹
1684 622 1712 648 δὲ
1726 622 1770 648 δο-

981 671 1033 701 κεῖ,
1051 670 1084 696 τὰ
1101 664 1175 705 παρὰ,
1183 669 1232 704 τῆς
1246 669 1353 703 φύσεως
1368 670 1408 700 είς
1425 669 1520 700 κάλλος
1534 668 1682 703 κραθέντα,
1697 667 1769 693 αὐτὰ

982 715 1046 745 τοὺς
1057 714 1153 747 λόγους
1168 715 1290 749 κοσμεῖν,
1308 715 1354 740 καὶ
1371 714 1408 749 μὴ
1425 713 1528 740 δεῖσθαι
1544 713 1688 748 ῥημάτων·
1705 711 1771 738 καθ-

981 759 1052 794 άπερ
1078 758 1138 785 οὐδὲ
1159 758 1194 785 τὰ
1219 756 1248 785 εὖ
1272 758 1415 792 πεερυκὸτα
1436 758 1491 784 τῶν
1512 758 1646 792 σωμάτων
1674 755 1769 792 χρῄζει

980 803 1035 830 τῶν
1046 803 1214 829 ἐπεισάκτων
1225 803 1387 838 χρωμάτων.
1407 803 1429 828 Τ
1430 802 1518 834 Oti-tot;
1531 804 1545 829 ὁ
1555 801 1768 837 ἐλλογιμώτατος

143 849 318 877 Athanasius.
332 850 384 877 Sed
396 857 439 877 me
450 849 734 884 ampliusdeleetavit,
744 849 817 884 quod
831 849 925 876 ardens

988 847 1145 879 Ἀθανάσιος
1158 848 1172 874 ὁ
1188 848 1279 883 ῥήτωρ
1290 847 1490 882 λαμπρύνεται.
1502 844 1572 874 Ἦσε
1583 847 1612 873 δέ
1627 855 1660 882 με
1675 846 1766 877 πλέον,

142 899 184 922 est
197 900 302 922 amator
317 896 525 931 magniﬁcentiae
536 895 642 930 1087
657 899 720 922 tum.
733 895 840 922 Laudes
853 895 929 922 enim

144 944 205 967 tuas
221 941 370 975 prtedicare
388 949 443 968 non
460 946 558 968 cessat.
575 942 632 976 Ego
647 950 713 969 vero
727 949 789 969 cum
802 942 849 969 illo
861 950 929 969 con-

142 985 269 1017 tendens,
285 989 313 1012 et
329 993 373 1012 res
386 989 448 1013 tuas
462 988 607 1017 enarrans.
621 986 750 1013 laudibus
773 986 927 1014 vincebam.

141 1029 222 1056 Plura
245 1031 319 1057 enim
342 1031 471 1065 praeclara
500 1030 624 1058 facinora
649 1036 696 1059 tua
711 1032 785 1059 novi.
813 1032 930 1060 Crucior

141 1080 242 1108 autem,
256 1076 329 1110 quod
349 1081 394 1103 tua
404 1077 497 1104 omnia
512 1085 567 1104 non
589 1077 709 1109 laudem,
725 1077 774 1104 sed
791 1077 928 1104 bonorum

141 1125 222 1156 caput
244 1122 372 1149 laudibus
395 1122 450 1149 tuis
470 1122 566 1150 deesse
587 1122 668 1149 video
687 1131 694 1149 :
715 1123 789 1157 quod
815 1122 927 1157 quidem

141 1167 272 1195 accedere
294 1168 316 1195 si
333 1168 405 1196 Deus
418 1169 596 1201 concesserit,
618 1169 646 1195 in
665 1169 740 1195 omni
756 1176 856 1204 genere
871 1169 927 1196 vir-

143 1213 208 1241 tutis
221 1214 367 1248 imperium
380 1213 452 1249 apud
466 1221 562 1241 omnes
576 1214 727 1247 obtinebis,
741 1214 787 1249 qui
801 1214 926 1242 eamdem

142 1265 230 1286 tecum
247 1261 330 1286 vitam
349 1260 462 1287 ducunt.

302 1314 396 1342 XXIII.
411 1331 445 1336 —-
454 1315 609 1343 Areobt'uda!
623 1317 744 1352 patricio.

175 1371 291 1399 Divitias
320 1375 348 1399 et
377 1376 567 1407 paupertatem
595 1372 754 1399 hominibus
784 1371 928 1399 distribuit

140 1417 263 1444 omnium
271 1417 367 1452 Opifex
379 1422 406 1445 et
418 1417 584 1450 Moderator,
594 1425 650 1445 non
662 1418 790 1453 injustam
797 1424 928 1445 exserens

141 1462 314 1494 sententiam,
332 1462 380 1489 sed
395 1462 524 1489 utilitatis
539 1462 684 1489 materiam
699 1461 833 1489 divitibus
846 1461 926 1489 exhi-

141 1508 221 1540 bens,
236 1516 387 1543 pauperum
400 1513 560 1543 egestatem.
573 1508 733 1543 Eodemque
746 1507 828 1535 modo
843 1507 927 1535 casti-

981 894 1099 929 ἐραστὴς
1118 893 1218 928 θερμὸς
1237 893 1286 927 τῆς
1307 893 1444 928 ὑμετέρας
1468 892 1704 928 μεγαλοπρεπείας
1723 900 1769 925 γε⁹

982 939 1078 973 γονώς.
1100 939 1156 965 ’Δεὶ
1172 940 1226 974 γὰρ
1245 939 1316 974 ὑμᾶς
1333 939 1465 974 εὐφημῶν
1493 938 1615 965 διετέλει.
1635 937 1766 974 Ἀμιλλώ⁴

985 992 1066 1019 μενος
1083 983 1110 1010 δὲ
1126 983 1191 1018 ἐγὼ,
1207 985 1253 1010 καὶ
1263 984 1371 1018 διεξιὼν
1386 985 1420 1011 τὰ
1435 985 1564 1020 ὑμέτερα,
1579 986 1634 1016 τοῖς
1646 984 1767 1016 ἐπαίνοις

980 1030 1086 1056 ἐνίκων.
1112 1030 1225 1056 Πλείονα
1250 1029 1304 1065 γὰρ
1321 1030 1398 1065 ὑμῶν
1420 1030 1569 1066 ἐπίσταμαι
1588 1029 1767 1064 κατορθώμα-

978 1085 1022 1102 τα.
1049 1075 1181 1110 ’Λνιῶμαι
1209 1075 1237 1102 δὲ
1258 1076 1295 1111 μὴ
1317 1077 1404 1102 πάντα
1432 1076 1550 1102 ἐπαινῶν
1571 1075 1604 1102 τὰ
1623 1075 1764 1110 κὺμέτερα,

979 1122 1046 1148 ἀλλὰ
1062 1122 1092 1148 τὸ
1100 1122 1246 1156 κεφάλαιον
1253 1122 1308 1148 τῶν
1322 1121 1431 1156 ἀγαθῶν
1441 1122 1563 1149 ἐλλεῖπον
1573 1123 1629 1154 τοὶς
1642 1121 1765 1152 ἐπαίνοις

978 1167 1048 1203 ὁρῶν
1062 1176 1068 1182 ·
1089 1167 1157 1203 ὅπερ
1178 1168 1202 1193 εἰ
1223 1166 1280 1202 δοίη
1307 1167 1505 1202 προσγενέσθαι
1525 1167 1605 1199 Θεὸς,
1626 1168 1653 1192 ὲν
1679 1167 1766 1193 ἅπασι

978 1214 1034 1245 τοῖς
1058 1213 1107 1248 τῆς
1129 1213 1230 1249 ἀρετῆς
1254 1213 1337 1240 εἴδεσι
1365 1213 1436 1240 κατὰ
1467 1214 1576 1240 πάντων
1602 1214 1715 1247 σχήσετε
1735 1211 1766 1238 τὸ

977 1259 1088 1294 κράτος,
1103 1259 1158 1286 τῶν
1168 1260 1218 1295 τὴν
1233 1260 1318 1296 αὐτὴν
1332 1260 1395 1296 ὑμῖν
1412 1260 1503 1295 βιοτὴν
1520 1259 1676 1295 μετιόντων.

1135 1317 1200 1344 Kl".
1212 1332 1247 1337 —
1266 1317 1437 1352 Ἀρεοσίνδᾳ
1453 1317 1606 1350 πατρικίφ.

1014 1371 1131 1398 Πλοῦτον
1144 1372 1191 1399 καὶ
1202 1372 1297 1400 πενίαν
1310 1373 1366 1404 τοῖς
1377 1372 1530 1407 ἀνθρώποις
1544 1371 1678 1406 διένειμεν
1688 1371 1702 1397 ὁ
1711 1371 1765 1397 τῶν

978 1417 1046 1444 ὅλων
1061 1418 1232 1454 Δημιουργός
1248 1427 1278 1445 τε
1293 1419 1340 1445 καὶ
1357 1419 1500 1453 Πρύτανις,
1520 1418 1570 1444 οὐκ
1585 1417 1669 1452 ἀδίκῳ
1682 1416 1765 1451 ψήφῳ

978 1463 1160 1498 χρησάμενος,
1188 1463 1245 1490 ἀλλ’
1262 1464 1389 1500 ἀφορμὴν
1403 1463 1535 1497 ὠφελείας
1553 1464 1608 1494 τοῖς
1627 1462 1766 1494 πλουσίοις

978 1507 1115 1544 παρέχων,
1128 1509 1184 1535 τῶν
1198 1510 1321 1544 πενήτων
1340 1509 1390 1544 τὴν
1405 1510 1517 1536 ἔνδειαν.
1536 1508 1628 1539 Οὕτως
1647 1508 1695 1534 καὶ
1716 1507 1766 1539 τὰς

140 1554 263 1589 gationes
283 1553 441 1580 hominibus
458 1553 557 1588 inﬂigit
567 1573 574 1586 ,
588 1561 644 1580 non
667 1558 771 1580 tantum
786 1557 816 1579 ut
831 1560 925 1587 poenas

980 1555 1102 1586 παιδείας
1116 1556 1173 1586 τοῖς
1183 1555 1338 1591 ἀνθρώποις
1354 1555 1464 1589 ἐπάγει,
1480 1555 1510 1582 οὐ
1526 1554 1606 1590 μόνον
1619 1553 1697 1585 δίκας
1708 1553 1767 1580 τῶν

140 1600 229 1634 exigat
240 1599 519 1631 delictorum,verum
529 1599 611 1626 etiam
628 1604 659 1626 ut
675 1599 866 1626 beneﬁcentia:
874 1606 924 1625 an-

140 1652 198 1671 sam
223 1645 345 1679 praebeat.
365 1645 515 1680 opulentis.
541 1644 610 1672 Cum
631 1652 696 1679 ergo
716 1644 822 1679 ﬂagella
845 1643 927 1671 nobis

140 1691 282 1725 superiore
295 1697 367 1717 anno
382 1690 530 1718 incusserit
544 1690 686 1722 Dominus,
703 1690 790 1717 multo
803 1689 848 1716 illa
862 1689 926 1724 qui-

139 1737 201 1764 dem
216 1736 336 1770 peccatis
356 1737 470 1767 leviorav,
489 1736 537 1763 sed
559 1736 592 1763 ad
614 1735 777 1764 cruciandos
792 1735 926 1771 agricolas

138 1781 247 1812 idonea,
265 1779 299 1807 de
314 1780 415 1815 quibus
425 1780 549 1814 proxime
559 1788 608 1815 per
619 1780 731 1808 colonos
746 1783 852 1807 vestros
864 1787 925 1806 cer-

139 1825 237 1852 tiorem
264 1824 318 1851 feci
343 1825 536 1852 excellentiam
566 1829 686 1852 vestram
709 1833 716 1851 :
743 1824 923 1858 miseremini,

137 1869 263 1901 obsecro,
276 1872 356 1896 terra
365 1869 512 1903 cultorum,
524 1869 571 1904 qui
584 1870 706 1898 laborem
719 1870 924 1905 impenderunt,

136 1918 164 1940 et
181 1913 305 1941 fructum
323 1914 453 1949 exiguum
478 1915 659 1950 collegerunt.
680 1915 740 1942 Fiat
756 1915 835 1942 vobis
858 1915 924 1942 anni

136 1959 268 1987 sterilitas
278 1960 432 1994 spiritualis
441 1960 616 1989 abundantia:
627 1961 747 1993 occasio,
761 1966 789 1988 et
802 1961 924 1988 divinam

136 2004 352 2032 misericordiam
368 2012 418 2039 per
434 2005 652 2034 misericordiam
675 2006 754 2033 istaut
777 2006 922 2040 capessite.

135 2049 284 2084 Propterea
302 2049 376 2076 enim
403 2050 571 2078 clarissimus
596 2059 705 2086 quoque
726 2050 874 2086 Dionysius
889 2051 923 2078 ad

135 2095 334 2123 sublimitatem
347 2100 467 2135 vestram
487 2096 628 2131 profectus
648 2101 699 2127 est,
716 2097 829 2123 vulnera
845 2101 923 2131 pate-

136 2141 270 2174 facturus,
291 2145 322 2168 ut
342 2142 515 2170 curationem
534 2142 651 2177 recipiat
670 2151 676 2168 :
697 2142 744 2177 qui
768 2147 796 2170 et
818 2142 924 2170 litteras

136 2187 203 2214 istas
212 2187 288 2215 velut
301 2188 530 2222 supplicationem
542 2187 688 2222 quamdam
701 2187 792 2219 aﬂ‘ert,
807 2195 857 2222 per
873 2187 924 2215 has

136 2231 277 2260 conﬁdens
303 2233 462 2261 uberiorem
491 2241 521 2261 se
551 2233 761 2260 beneﬁcentiam
788 2240 922 2260 consecu-
939 2230 961 2257 Ι)

136 2281 239 2306 turum.

159 2345 268 2380 1088
286 2345 380 2373 XXIV.
395 2360 431 2365 -—
445 2345 559 2373 Andreae
570 2347 690 2382 episcopo
705 2345 896 2374 Samosatensi.

171 2401 316 2429 Desiderat
327 2401 450 2436 quidem,
463 2406 505 2429 sat
519 2402 587 2436 scio,
605 2410 781 2438 congressum
797 2407 924 2430 nostrum

134 2447 222 2482 pietas
248 2452 304 2480 tua,
331 2452 362 2474 ut
384 2447 484 2475 divinae
506 2448 616 2475 alumna
639 2448 789 2475 cbaritatis.
815 2449 850 2476 At
870 2456 922 2484 ego

134 2493 222 2520 multo
240 2493 325 2528 magis
339 2498 480 2528 exspecto,
495 2498 598 2529 quanto
611 2498 639 2521 et
655 2495 786 2529 majorem
807 2495 874 2522 mibi
887 2502 920 2522 ex

133 2548 281 2575 congressu
308 2547 483 2568 accessuram
503 2541 652 2567 utilitatem
679 2541 814 2576 intelligo.
845 2541 920 2569 Solet

132 2585 205 2612 enim
222 2585 425 2620 quodammodo
443 2592 550 2621 egestas
570 2587 737 2628 desiderium
757 2587 918 2620 accendere,

133 2631 181 2658 s-rd
196 2637 225 2658 ut
242 2631 343 2667 optatis
361 2633 500 2667 potiamur
514 2634 667 2661 concedere
686 2638 776 2668 potest
795 2635 919 2661 omnium

133 2676 276 2704 Dominus.
293 2678 351 2713 Ipse
365 2678 437 2706 enim
451 2679 520 2714 regit
536 2679 673 2712 universa,
685 2680 817 2714 novitque
829 2681 837 2689 ‘
854 2680 918 2714 quid

132 2721 306 2756 profuturum
321 2723 365 2755 sit,
378 2728 406 2751 et
417 2724 532 2759 singulis
543 2724 569 2751 id
582 2726 740 2759 prospicere
753 2733 808 2752 non
820 2733 917 2752 cessat.

133 2767 190 2802 Ego
209 2776 274 2795 vero
297 2774 462 2804 quantopere
483 2770 583 2798 litteris
603 2771 658 2798 tuis
683 2771 835 2799 delectatus
855 2772 918 2804 sim,

977 1600 1254 1636 πεπλημμελημένων
1266 1602 1464 1637 πραττόμενος,
1477 1600 1545 1627 ἀλλὰ
1565 1601 1612 1627 καλ
1627 1600 1766 1635 πρόφασιν

977 1646 1016 1677 είς
1042 1645 1246 1681 φιλανθρωπίαν
1267 1647 1324 1678 τοῖς
1345 1646 1474 1682 εὐπόροις
1495 1646 1626 1681 πορίζων.
1653 1644 1764 1679 Ἐπειδὴ

977 1691 1065 1717 τοίνυν
1082 1691 1215 1725 μάστιγας
1229 1692 1294 1727 ἡμῖν
1317 1692 1397 1727 τῆτες
1415 1693 1568 1727 ἐπήνεγκεν
1580 1693 1595 1718 ὀ
1611 1691 1762 1725 Δεσπότης,

976 1736 1030 1763 τῶν
1050 1736 1101 1771 μὲν
1116 1738 1323 1773 ἁμαρτημάτων
1349 1738 1476 1770 ἐλάττους
1498 1737 1598 1772 πολλῷ,
1623 1737 1721 1768 ἱκανὰς
1735 1736 1765 1763 δὲ

976 1784 1049 1818 ὅμως
1062 1783 1171 1810 ἀνιᾶσαι
1184 1783 1248 1815 τοὺς
1265 1784 1455 1819 γεωργοῦντας
1479 1784 1538 1820 (καὶ
1550 1783 1652 1815 ταύτας
1667 1782 1767 1818 πρώην

975 1828 1020 1855 διὰ
1039 1829 1092 1856 τῶν
1108 1829 1249 1864 ὑμετέρων
1280 1830 1408 1864 γηπόνων
1431 1829 1481 1865 τὴν
1494 1829 1630 1864 ὑμετέραν
1648 1829 1765 1864 μεγαλο-

976 1875 1058 1909 φυΐαν
1069 1875 1186 1910 ἐδίδαξα)
1198 1883 1204 1890 ·
1219 1876 1382 1910 οἰκτείρατε,
1397 1875 1559 1911 παρακαλῶ,
1575 1875 1637 1906 τοὺς
1647 1875 1698 1909 τῆς
1711 1874 1764 1908 γῆς

975 1921 1124 1957 ἀροτῆρας,
1138 1921 1185 1947 τὸν
1211 1921 1260 1955 μὲν
1275 1921 1356 1947 πόνον
1378 1921 1595 1955 εἰσενεγκόντας,
1622 1920 1711 1954 ὀλίγον
1733 1920 1763 1946 δὲ

976 1967 1177 2002 κομισαμένους
1193 1968 1312 2003 καρπόν·
1330 1968 1377 1994 καὶ
1391 1968 1513 2001 γενέσθω
1536 1957 1607 2002 ὑμῖν
1618 1968 1635 2002 ἡ
1651 1967 1764 2002 δυσετη-

977 2011 1022 2045 ρία
1042 2011 1090 2046 τῆς
1111 2012 1299 2047 πνευματικῆς
1323 2013 1466 2047 εὐετηρίας
1490 2013 1633 2044 ὑπόθεσις·
1656 2012 1704 2038 καὶ
1717 2011 1763 2038 τὸν

974 2055 1049 2082 ἔλεον
1063 2055 1109 2082 τὸν
1128 2056 1198 2082 Θείον
1212 2056 1255 2083 διὰ
1268 2056 1345 2083 τοῦδε
1360 2057 1406 2083 τοῦ
1422 2057 1497 2083 ἐλέου
1514 2058 1679 2092 τρυγήσατε.
1695 2056 1762 2083 Τού-

974 2110 1021 2128 του
1036 2101 1090 2137 γὰρ
1107 2102 1140 2137 δὴ
1154 2101 1234 2137 χάριν
1250 2103 1297 2129 καὶ
1308 2103 1322 2128 ό
1338 2102 1529 2138 λαμπρότατος
1541 2103 1680 2134 Διονύσιος
1693 2102 1762 2138 πρὸς

974 2146 1004 2173 τὸ
1024 2146 1156 2182 ὑμέτερον
1185 2147 1299 2182 μέγεθος
1327 2148 1456 2184 ἔδραμεν,
1481 2149 1515 2175 τὰ
1540 2149 1613 2183 πάθη
1637 2148 1760 2181 διδάξων,

974 2192 1018 2219 ἶνα
1033 2193 1083 2228 τὴν
1101 2193 1172 2220 ἴασιν
1188 2193 1298 2228 δέξηται
1317 2202 1324 2209 ·
1344 2191 1399 2220 οἷον
1422 2194 1455 2221 δέ’
1468 2203 1529 2232 τινα
1544 2194 1684 2230 ίκετηρίαν
1697 2193 1761 2220 τάδε

975 2239 1127 2276 προσφέρει
1154 2241 1188 2266 τὰ
1215 2240 1378 2275 γράμματα,
1407 2241 1529 2272 πλείονος
1555 2240 1761 2268 ἀπολαύσασθαι

975 2285 1180 2320 φιλανθρωπίας
1192 2286 1236 2312 διὰ
1245 2285 1347 2312 τούτων
1363 2285 1490 2318 ἐλπίζων.

1053 2352 1116 2378 KA'.
1131 2367 1165 2372 ——
1181 2352 1305 2386 Ἀνδρέᾳ
1318 2352 1474 2384 ἐπισκόπῳ
1485 2352 1678 2387 Σαμοσάτων.

1008 2408 1091 2435 Ποθεῖ
1107 2408 1166 2444 μὲν,
1188 2407 1217 2435 εὖ
1229 2407 1297 2441 οἶδα,
1311 2409 1360 2444 τὴν
1374 2409 1512 2444 ἡμετέραν
1529 2409 1674 2436 συνουσίαν
1693 2410 1709 2444 ή
1727 2409 1761 2444 σὴ

976 2453 1106 2487 φιλοθεῖα,
1132 2454 1181 2488 τῆς
1201 2454 1276 2485 θείας
1298 2454 1407 2489 ἀγάπης
1437 2454 1596 2489 ὑπάρχουσα
1618 2456 1760 2489 τρόφιμος.

981 2499 1053 2533 Ἐγὼ
1066 2499 1093 2525 δὲ
1109 2499 1189 2526 πλέον
1203 2499 1353 2534 ἱμείρομαι,
1367 2500 1422 2535 ὅσῳ
1434 2500 1480 2526 καὶ
1496 2499 1606 2526 πλείονά
1618 2508 1661 2534 μοι
1675 2507 1761 2534 προσ-

974 2545 1097 2579 γίνεσθαι
1113 2545 1162 2580 τὴν
1175 2546 1207 2572 ἐκ
1221 2545 1270 2580 τῆς
1283 2546 1425 2577 συνουσίας
1439 2545 1574 2580 ὠφέλειαν
1587 2545 1740 2580 ἐπίσταμαι
1752 2567 1758 2573 .

977 2590 1087 2622 Πέφυκε
1102 2590 1155 2626 γάρ
1170 2599 1228 2622 πως
1244 2593 1260 2626 ἡ
1282 2591 1369 2618 ἔνδεια
1393 2592 1442 2625 τὴν
1460 2591 1606 2626 ἐπιθυμίαν
1623 2592 1759 2624 ἐξάπτειν·

974 2634 1042 2660 ἀλλὰ
1062 2635 1092 2661 τὸ
1114 2635 1204 2662 δοῦναι
1227 2636 1257 2662 τὸ
1279 2636 1445 2671 ποθούμενον
1464 2637 1575 2668 δυνατὸς
1589 2636 1644 2663 τῶν
1661 2637 1729 2664 ὅλων
1747 2638 1762 2663 ό

975 2680 1086 2715 Κύριος,
1104 2681 1190 2712 Αὐτὸς
1202 2681 1255 2717 γὰρ
1270 2681 1353 2708 ἰθύνει
1367 2681 1401 2709 τὰ
1425 2683 1578 2721 σύμπαντα,
1594 2683 1641 2709 καὶ
1654 2683 1684 2709 τὸ
1701 2691 1762 2710 συν-

973 2727 1057 2752 οθσειν
1083 2727 1177 2761 μέλλον
1214 2727 1367 2760 ἐπίσταται,
1397 2729 1444 2754 καὶ
1474 2729 1554 2755 τοῦτο
1583 2729 1761 2764 πρυτανεύων

974 2772 1081 2808 ἑκάστῳ
1093 2773 1216 2800 διατελεῖ.
1234 2773 1304 2808 Ἐγὼ
1316 2774 1343 2801 δὲ
1358 2775 1419 2802 ὅσον
1431 2775 1590 2811 ηὐφράνθην
1601 2776 1658 2807 τοῖς
1671 2775 1761 2810 γράμ-

170 2844 223 2879 (18)
242 2845 279 2872 Ita
295 2846 420 2880 rescripsi
435 2854 449 2873 c
465 2847 548 2882 Neap.
562 2847 724 2876 Sirmondus
742 2850 858 2877 habebat
874 2851 1024 2886 εὐπρεπής.
