1962 3051
133 82 204 114 ωδ

784 89 963 119 EPISTOLA
980 90 1114 120 XXVIII.

1689 91 1756 123 1206

134 148 220 173 lusum
233 140 354 175 ἐντυχὼν
371 141 423 176 τῆς
438 141 487 176 σῆς
502 140 654 177 ἁγιότητος,
670 142 756 175 δεῖξαι
774 143 818 169 διὰ
833 144 918 177 λόγων

979 146 1062 173 rcrbis
1076 145 1185 180 assequi
1208 152 1262 171 non
1278 152 1400 179 possum.
1424 144 1506 171 Auxit
1527 144 1756 171 {tutanda-titiam

131 185 165 210 οὐ
181 183 312 218 δύναμαι.
327 181 439 221 Ὴΰξησε
453 187 480 213 δέ
497 195 541 222 μοι
562 187 610 222 τὴν
629 187 762 223 θυμηδίαν
781 190 827 215 καὶ
850 190 864 215 ὁ
880 198 920 216 τι-

135 230 271 266 μιώτατος
295 232 344 258 καὶ
372 232 569 264 εὐλαϐέστατος
603 233 726 266 διάκονος
758 234 919 267 Θαλάτσιος,

134 277 209 312 ἇπερ
235 277 330 312 μαθεῖν
345 278 460 304 ἐπόθουν
491 279 700 314 διηγησάμενος.
727 280 759 306 Τί
788 280 842 316 γάρ
863 289 919 315 μοι,

134 321 264 354 δέσποτα,
286 323 336 356 τῆς
356 323 405 357 σῆς
422 322 570 358 εὐκληρίας
599 321 817 359 ἐρασμιώτερον;
840 325 872 350 Τί
894 325 922 350 δὲ

134 366 209 393 οὕτω
222 367 323 402 ταύτην
335 368 456 403 μεγάλην
472 370 553 401 ποιεῖ,
576 369 614 401 ὡς
634 369 689 395 τῶν
703 370 764 396 καθ’
782 371 855 405 ἡμᾶς
875 379 921 405 με·

136 412 230 445 γάλων
250 413 267 447 ἡ
288 412 334 439 τοῦ
360 415 532 448 φρονήματος
558 415 722 450 μετριότης;
750 415 844 451 Ἰατρῷ
867 415 922 451 γὰρ

137 457 214 492 σοφῷ
227 466 256 484 τε
269 458 317 484 καὶ
340 459 479 494 σπουδαίῳ
499 460 653 495 πεποίηκας
670 461 874 496 παραπλήσιον,
893 461 922 493 ὃς

135 503 189 529 οὐκ
204 502 328 538 ἀνέμεινε
343 503 392 539 τὴν
406 504 514 539 κλῆσιν,
535 505 592 531 ἀλλ’
613 506 766 541 αὐτόματος
781 507 849 541 πρὸς
861 507 923 539 τοὺς

136 547 281 583 δεομένους
298 549 446 584 θεραπείας
470 550 592 585 ἀφίκετο.
616 551 700 578 Τοῦτό
717 561 751 587 με
774 553 864 587 πάσης
880 554 923 580 ὲν-

138 594 256 629 ἐπλησεν
270 595 376 631 ἡδονῆς,
389 596 437 622 καὶ⁴
448 596 488 628 τὺ,
498 597 647 631 Δακρυόεν
659 599 826 633 γελάσασα,
837 599 924 633 ἔγνων

137 641 173 675 τῇ
192 641 285 676 πείρᾳ,
298 642 344 667 καὶ
360 642 408 668 τοῦ
426 643 538 681 ποιητοῖς
561 644 714 678 κατέμαθον
729 645 778 680 τὴν
793 645 922 673 διάνοιαν.

138 687 279 722 Παράσχοι
297 687 326 713 δὲ
341 688 395 714 τῶν
412 688 520 722 ἀγαθῶν
536 689 549 714 ὁ
571 689 712 724 φιλότιμος
728 691 857 726 χορηγὸς,
875 692 923 717 καὶ

138 731 189 767 τὴν
203 733 252 767 σὴν
271 733 395 768 ὁσιότητα
415 733 575 768 διαπρέπειν
594 735 623 761 ὲν
644 735 760 767 τούτοις,
783 736 832 762 καὶ
852 737 925 771 ἡμᾶς

138 775 194 801 τῶν
224 776 341 811 ἀρίστων
363 777 467 812 ἀνδρῶν
492 777 590 812 ζηλοῦν
618 778 683 813 γοῦν
708 779 742 805 τὰ
768 780 922 812 dits-trama.

972 200 1060 219 meam
1077 191 1322 218 reverendissimus
1337 198 1369 218 ac
1383 191 1608 225 religiosissimus
1626 191 1758 218 diaconus

972 238 1141 270 Thalassius,
1155 246 1186 264 ea
1200 245 1315 264 narrans
1326 245 1387 272 quze
1398 237 1492 264 audire
1510 238 1666 271 cupiebam.
1683 235 1754 270 Quid

971 285 1044 311 enim
1063 284 1141 315 milii,
1160 283 1281 315 domine,
1299 283 1429 310 felicitate
1442 287 1487 309 tua
1504 290 1563 310 esse
1581 283 1668 317 possit
1681 290 1757 308 aina-

972 331 1073 358 bilius?
1084 330 1154 363 Quid
1168 330 1238 356 hanc
1249 337 1330 364 porro
1344 329 1380 356 ita
1395 337 1518 364 magnam
1531 328 1606 360 facit,
1620 333 1650 355 ut
1661 336 1757 355 eorum

972 375 1019 410 qui
1035 375 1107 409 apud
1120 382 1170 400 nos
1185 374 1274 409 magni
1291 374 1447 408 excelsique
1462 378 1536 406 sunt,
1554 373 1637 400 animi
1656 373 1758 400 demis-

973 419 1015 447 sio
1032 424 1061 446 et
1077 420 1232 447 modestia?
1251 419 1388 454 Sapientis
1407 420 1480 446 enim
1501 427 1533 446 ac
1550 419 1638 447 seduli
1659 419 1759 446 medici

973 464 1096 498 exemplo
1108 463 1207 496 fecisti,
1225 464 1272 498 qui
1286 472 1341 490 non
1361 464 1531 498 exspectavit
1551 468 1581 490 ut
1602 467 1758 494 vocaretur.

974 510 1022 538 sed
1035 514 1131 545 sponte
1144 518 1193 538 sua
1204 510 1266 537 illos
1275 509 1345 541 adiit,
1356 510 1403 544 qui
1413 509 1531 544 egebant
1542 509 1693 536 curatione.
1703 508 1761 535 Hoc

975 564 1019 583 me
1038 564 1152 591 prorsus
1172 556 1312 590 voluptate
1336 555 1463 589 replevit,
1481 559 1510 582 ct
1533 555 1599 589 quid
1622 554 1689 581 illud
1713 554 1761 586 sit,

976 602 1152 637 lacrymosum
1171 602 1260 629 ridens
1275 601 1308 633 “,
1329 601 1499 636 experientia
1518 601 1613 633 didici,
1626 609 1658 628 ac
1674 605 1766 635 poene-

976 653 1094 675 mentem
1116 648 1236 682 percepi.
1256 648 1373 675 Tribuat
1391 648 1526 675 bonorum
1540 647 1686 674 muniﬁcus
1697 646 1761 674 Lar-

976 694 1057 729 gitor,
1070 700 1099 722 et
1116 695 1256 722 sanctitati
1277 699 1331 721 tuae
1354 694 1385 720 in
1401 694 1444 721 his
1464 694 1609 726 excellere,
1631 698 1659 720 et
1680 692 1761 719 nobis

976 739 1098 767 aemulari
1126 747 1186 773 qua:
1207 739 1234 765 in
1259 738 1369 773 optimis
1388 738 1456 765 viris
1480 737 1561 765 laude
1582 737 1663 772 digna
1685 739 1759 763 sunt.

977 786 1087 813 Enitere
1106 785 1198 820 igitur,
1213 785 1310 817 amice,
1323 785 1404 819 eique
1420 784 1466 819 qui
1482 784 1548 811 dare
1563 786 1653 818 potest
1670 786 1700 810 ut
1716 782 1762 809 det

144 821 313 856 Ἐπάρκεσον
327 822 425 855 τοίνυν,
443 819 465 849 ὦ
479 823 542 858 φίλη
565 824 681 858 κεφαλὴ,
704 826 751 851 καὶ
773 826 817 851 τὸν
834 825 925 851 δοῦναι

979 831 1048 866 quod
1070 831 1188 865 petimus
1203 830 1348 865 persuade.

137 866 285 901 δυνάμενον
304 868 397 894 πεῖσον
411 868 501 895 δοῦναι
513 869 562 903 τὴν
576 869 693 904 αἴτησιν.

361 926 424 953 KE'.
439 941 474 946 —
494 926 698 961 'Eoptaa’nml.

175 980 271 1008 Ἦνίκα
284 982 332 1016 μὲν
343 983 356 1008 ὁ
366 982 521 1018 Μονογενὴς
532 983 596 1015 Θεὸς
604 983 861 1019 ὲνηνθρώτοησε,καὶ
870 984 924 1021 (l9)

139 1027 189 1061 τὴν
212 1028 349 1063 ἡμετέραν
372 1029 617 1064 ἐπραγματεύσατο
644 1029 791 1065 σωτηρίαν,
810 1031 926 1066 ὁρῶντες

138 1074 163 1098 οἱ
185 1073 311 1108 τηνικάδε
330 1074 467 1110 ἄνθρωποι
489 1075 542 1102 τῶν
558 1077 723 1111 εὐεργεσιῶν
745 1077 793 1112 τὴν
819 1078 921 1113 πηγὴν,

139 1120 190 1145 οὐκ
202 1119 363 1146 ἐπετέλεσαν
381 1121 488 1156 ἑορτὴν.
509 1121 569 1148 Ἐπὶ
585 1121 612 1147 δὲ
631 1122 678 1148 τοῦ
691 1123 834 1158 παρόντος,
851 1125 927 1150 πᾶσα

139 1164 177 1198 γῆ
188 1165 234 1191 καὶ
250 1165 381 1198 θάλασσα,
398 1166 446 1192 καὶ
462 1166 560 1199 πόλεις,
576 1168 624 1194 καὶ
646 1168 747 1203 κῶμαι,
766 1169 854 1196 καίτοι
880 1169 926 1196 τὸν

139 1209 286 1245 εὐεργέτην
301 1210 350 1244 οὐχ
364 1210 465 1246 ὁρῶσαι
480 1213 536 1244 τοῖς
549 1213 688 1248 αἰσθητοῖς
701 1214 864 1249 ὀφθαλμοῖς,
876 1214 926 1250 τὴν

139 1254 193 1281 τῶν
207 1255 372 1290 εὐεργεσιῶν
391 1256 548 1291 ἑορτάζουσι
568 1258 678 1293 μνήμην
698 1266 704 1273 ³
723 1260 768 1285 καὶ⁸
791 1259 925 1295 τοσαύτην

140 1299 168 1325 αἱ
180 1300 346 1334 πανηγύρεις
359 1300 414 1335 (20)
430 1301 582 1335 πηγαῖουσι
596 1301 739 1337 θυμηδίαν,
756 1304 792 1336 ὡς
809 1304 925 1331 πάντοσε

139 1345 291 1381 ὃιατρέχειν
302 1346 351 1381 τῆς
365 1347 554 1382 πνευματικῆς
572 1348 741 1384 εὐφροσύνης
757 1349 790 1376 τὰ
805 1350 924 1385 νάματα.

140 1390 189 1417 Διὰ
204 1391 257 1426 γάρ
269 1400 309 1418 τοι
324 1391 402 1418 τοῦτο
417 1392 465 1419 καὶ
478 1394 559 1428 ἡμεῖς
571 1392 619 1419 νῦν
635 1394 682 1429 τὴν
702 1394 752 1429 σὴν
771 1394 925 1423 θεοσέϐειαν

141 1437 458 1473 προσφθεγγόμεθα,·καὶ
473 1438 521 1473 τὴν
539 1439 721 1474 ἐγγενομένην
746 1441 810 1476 ἡμῖν
827 1441 858 1468 ἐκ
872 1442 926 1468 τῶν

1204 928 1286 955 XXV.
1301 943 1335 948 —
1351 927 1527 954 Heortasticu.

1011 984 1125 1017 Quando
1140 985 1302 1020 Unigcnitus
1324 985 1396 1011 Deus
1414 985 1573 1011 incarnatus
1597 986 1650 1015 est,
1671 986 1699 1010 et
1716 990 1760 1010 as-

976 1034 1083 1065 sumpta
1095 1034 1192 1057 natura
1206 1034 1297 1057 nostra
1309 1030 1424 1057 salutem
1438 1034 1559 1057 nostram
1576 1028 1683 1063 1089
1697 1036 1761 1063 ope—

976 1079 1052 1102 ratus
1066 1080 1118 1107 cst,
1134 1075 1180 1110 qui
1197 1075 1393 1102 beneficiorum
1408 1075 1510 1102 fontem
1526 1074 1677 1102 cernebant
1689 1074 1764 1100 illius

976 1121 1064 1147 :etatis
1092 1120 1227 1152 homines,
1253 1120 1324 1147 diem
1351 1120 1452 1147 festum
1479 1127 1533 1146 non
1558 1122 1684 1154 egerunt.
1706 1118 1764 1146 Hoc

976 1174 1042 1194 vero
1059 1171 1194 1201 tempore,
1212 1166 1340 1193 universa
1356 1169 1437 1198 terra,
1452 1171 1480 1192 et
1494 1173 1578 1197 mare,
1592 1169 1619 1191 et
1631 1165 1724 1196 urbes,
1736 1169 1764 1191 et

976 1211 1045 1244 vici,
1068 1211 1194 1246 quamvis
1224 1211 1426 1238 benefactorem
1450 1211 1536 1238 oculis
1560 1218 1615 1237 non
1642 1210 1762 1241 videant,

977 1257 1176 1284 beneﬁciorum
1199 1257 1359 1284 memoriam
1379 1256 1476 1283 diebus
1500 1256 1577 1283 festis
1600 1255 1762 1283 celebrant:

977 1307 1136 1337 tantamque
1158 1302 1332 1329 celebritates
1350 1302 1408 1329 isne
1428 1302 1628 1337 jucunditatem
1649 1301 1763 1336 profun-

977 1348 1055 1380 dunt,
1068 1353 1098 1375 ut
1109 1356 1216 1376 onmem
1229 1349 1256 1375 in
1273 1352 1375 1383 partem
1389 1348 1539 1383 spiritualis
1549 1347 1650 1374 lmtitiie
1663 1349 1764 1373 ﬂuenta

977 1393 1134 1421 decurrant.
1150 1393 1332 1426 Quamobrem
1346 1397 1373 1420 et
1390 1401 1440 1420 nos
1455 1401 1527 1420 nunc
1541 1393 1671 1428 pietatem
1691 1396 1763 1418 tuam

977 1440 1136 1472 salutamus,
1152 1444 1180 1466 et
1203 1446 1284 1474 quam
1303 1446 1337 1466 ex
1359 1438 1435 1466 festis
1453 1438 1513 1465 istis
1532 1439 1623 1465 animo
1643 1437 1763 1464 lastitiam

142 1481 241 1516 ἑορτῶν
252 1482 428 1517 σημαίνοντες
441 1482 580 1518 εὐθυμίαν,
593 1483 642 1515 τὰς
655 1483 704 1515 σὰς
718 1485 923 1522 ἐπαγγέλλομεν

979 1485 1099 1519 capimus
1119 1484 1314 1520 signiﬁcantes,
1340 1492 1436 1520 preces
1451 1489 1511 1512 tuas
1530 1484 1718 1519 imploramus,
1734 1487 1765 1510 ut

142 1528 303 1564 προσευχὰς,
317 1528 361 1555 ἶνα
373 1528 475 1564 ταύτην
490 1529 530 1561 εἰς
542 1529 617 1562 τέλος
633 1530 807 1565 φυλάξωμεν.

298 1627 370 1660 KG’.
384 1642 419 1647 —
435 1627 531 1660 Ἄλλη
553 1626 741 1662 ἐορταστική.

177 1681 314 1717 Διηνεκῶς
340 1681 388 1717 μὲν
410 1682 438 1708 αἱ
458 1682 508 1716 τῆς
531 1682 699 1717 Δεσποτικῆς
723 1683 928 1719 φιλανθρωπίας

143 1729 230 1762 πηγαὶ
240 1729 296 1760 τοῖς
310 1727 466 1755 πιστεύουσι
483 1728 655 1761 διαὸλύζουσι
672 1729 779 1763 τάγαθά
790 1738 796 1744 ·
814 1729 927 1766 φέρουσι

142 1774 170 1800 δέ
183 1783 210 1800 τι
230 1774 310 1800 πλέον
327 1775 355 1801 αἱ
376 1774 430 1801 τῶν
450 1774 584 1810 μεγίστων
605 1774 771 1809 εὐεργεσιῶν
794 1774 843 1809 τὴν
861 1776 928 1810 μνή-

145 1827 197 1854 μην
215 1819 325 1854 ἔχουσαι
339 1820 517 1854 πανηγύρεις,
530 1820 586 1850 τοῖς
605 1819 674 1853 μετὰ
695 1819 817 1850 πλείονος
833 1820 929 1856 ἑορτά-

144 1865 217 1896 ζουσι
233 1864 395 1900 προθυμίας.
411 1864 518 1895 Ταύτας
530 1864 576 1890 ὲπὶ
590 1864 637 1890 τοῦ
654 1864 788 1899 παρόντος
808 1865 931 1891 ἐπιτελέ-

145 1919 248 1942 σαντες,
262 1911 309 1936 καὶ
321 1910 370 1942 τὴν
383 1910 484 1936 τούτων
497 1909 620 1943 εὐλογίαν
634 1911 831 1946 τρυγήσαντες,
844 1919 928 1946 προσ-

145 1955 317 1991 φθεγγόμεθά
346 1963 393 1982 σου
419 1956 468 1991 τὴν
490 1955 643 1982 εὐλάϐειαν.
664 1956 749 1982 Τοῦτο
771 1956 824 1991 γὰρ
843 1957 857 1983 ὁ
879 1956 929 1991 τῆς

145 2001 239 2036 ἑορτῆς
253 2002 298 2028 καὶ
312 2001 327 2027 6
341 2001 389 2036 τῆς
402 2001 512 2036 ἀγάπης
527 2001 745 2037 παρακελεύεται
762 2002 853 2037 νόμος.

143 2058 256 2085 KZ'.——-
289 2058 434 2092 Ἀκυλίνῳ
466 2057 594 2091 διακόνῳ
622 2057 672 2084 καὶ
704 2057 926 2093 ἀρχιμανδρίτῃ.

178 2115 270 2146 Οὐδεὶς
295 2114 424 2150 ὀρφανίαν
456 2114 580 2149 ὀδύρεται
614 2114 662 2150 τῆς
693 2114 767 2147 θείας
791 2114 927 2146 υἱοθεσίας

979 1529 1102 1556 eamdem
1118 1528 1151 1556 ad
1167 1528 1248 1556 linem
1264 1537 1349 1564 usque
1367 1537 1572 1557 conservemus.

1172 1627 1266 1656 XXVI.
1277 1643 1312 1647 —
1326 1627 1387 1654 Alia
1400 1627 1568 1653 heortustica.

1014 1686 1127 1721 Semper
1136 1685 1247 1720 quidem
1259 1684 1408 1711 Dominicte
1416 1683 1594 1718 benignitatis
1604 1683 1693 1710 fontes
1706 1691 1765 1711 crc-

979 1732 1106 1759 dentibus
1124 1732 1194 1758 bona
1209 1730 1386 1765 suppeditant
1405 1739 1411 1756 :
1430 1730 1477 1756 sed
1497 1729 1613 1764 amplius
1635 1729 1765 1764 quiddam

978 1777 1097 1804 aderunt
1115 1783 1176 1810 quze
1190 1775 1371 1801 maximorum
1391 1773 1586 1800 beneﬁciorum
1604 1774 1765 1801 memoriam

978 1821 1121 1849 continent
1141 1820 1316 1847 celebritates
1342 1819 1376 1846 iis
1399 1818 1447 1853 qui
1470 1819 1572 1854 majore
1594 1827 1656 1846 cum
1680 1820 1766 1846 animi

979 1867 1120 1894 alacritate
1134 1865 1195 1892 dies
1210 1865 1294 1891 festos
1308 1867 1402 1899 agunt.
1412 1863 1518 1896 Quibus
1530 1864 1557 1890 in
1567 1872 1688 1899 praesens
1703 1871 1766 1898 per-

979 1911 1058 1941 actis,
1078 1915 1106 1937 et
1128 1910 1227 1937 horum
1262 1909 1614 1944 benedictione'percepta,
1635 1909 1764 1944 pietatem

979 1961 1053 1983 tuam
1072 1955 1231 1981 salutamus.
1247 1953 1304 1980 Hoc
1319 1953 1393 1980 enim
1406 1957 1435 1980 et
1446 1953 1508 1980 festi
1523 1958 1551 1981 et
1564 1954 1706 1982 clxaritatis
1720 1955 1766 1982 lex

980 2001 1085 2029 suadet.

1031 2055 1136 2083 XXVII.
1149 2071 1183 2075 -—-
1193 2055 1315 2091 Aquilino
1328 2057 1439 2084 diacono
1455 2061 1478 2083 et
1491 2057 1716 2083 arcltimandritw.

1014 2113 1112 2140 Nullus
1127 2112 1273 2140 orbitatem
1290 2113 1373 2140 deﬂet
1389 2114 1435 2148 qui
1452 2113 1572 2140 divinam
1589 2113 1765 2148 adoptionem

145 2161 303 2196 ἠξιωμένος.
320 2160 351 2186 Ἰί
372 2160 425 2195 γὰρ
438 2159 483 2186 τοῦ
500 2160 556 2187 ἄνω
570 2159 677 2194 Πατρδς
696 2159 712 2195 ἢ
731 2159 925 2196 δυνατώτερον,

979 2162 1020 2186 est
1036 2158 1151 2193 adeptus
1170 2167 1177 2185 :
1195 2158 1261 2192 quid
1278 2159 1352 2185 enim
1377 2167 1497 2194 superno
1510 2159 1591 2186 Patre
1607 2159 1649 2187 vel
1666 2163 1765 2193 poten-

144 2206 160 2242 ἢ
175 2206 440 2242 κηδεμονικώτερον;
457 2206 496 2232 Δι’
513 2204 593 2232 αὐτὸν
607 2205 661 2241 γὰρ
674 2206 721 2232 καὶ
736 2206 760 2231 οἱ
779 2205 854 2231 κάτω
875 2215 927 2232 πα-

144 2251 229 2286 τέρες,
242 2251 368 2286 πατέρες.
383 2249 470 2276 Αὑτοῦ
483 2250 537 2285 γὰρ
554 2250 727 2286 βουλομένου,
737 2251 761 2276 οἱ
775 2250 824 2285 μὲν
838 2251 927 2285 φύσει,

144 2298 167 2323 οἱ
183 2297 211 2323 δὲ
231 2296 321 2332 χάριτι
336 2296 454 2330 πατέρες
477 2295 663 2322 καθίστανται.
700 2297 817 2323 Ἐκεῖνον
838 2298 928 2323 τοίνυν

145 2343 312 2377 κατέχωμεν,
329 2341 374 2368 καὶ
389 2341 442 2368 τῶν
457 2341 627 2368 ἀπελθόντων
645 2341 694 2376 τὴν
711 2343 820 2377 μνήμην
842 2342 927 2376 φυλά-

146 2386 232 2423 ξωμεν
244 2387 383 2415 ἄσϐεστον.
404 2386 510 2422 Ὀνήσει
533 2386 588 2422 γὰρ
604 2387 676 2422 ἡμᾶς
690 2387 705 2422 ἡ
720 2387 773 2412 τῶν
789 2384 817 2413 εὖ
834 2387 929 2422 βεϐιω-

145 2434 228 2461 κότων
244 2433 405 2468 ἀνάμνησις,
421 2433 461 2464 εἰς
475 2432 523 2466 τὴν
538 2432 647 2458 ἐκείνων
660 2432 829 2468 διεγείρουσα
842 2432 928 2468 μίμη-

146 2489 195 2508 σιν.
748 2478 749 2481 “

178 2538 245 2564 KH’.
267 2551 303 2556 ——
322 2535 443 2569 Ἰακώϐῳ
456 2535 645 2570 πρεσϐυτέρῳ
656 2535 705 2562 niti
723 2534 890 2568 μονάζοντι.

178 2584 209 2610 Οἱ
231 2584 287 2614 τοῖς
318 2582 408 2613 πόνοις
433 2581 483 2616 τῆς
511 2582 612 2616 ἀρετῆς
646 2581 852 2616 λαμπρύναντες
878 2581 927 2616 τὴν

145 2628 244 2663 ἀκμὴν,
257 2628 315 2662 μεθ’
333 2627 427 2662 ἡδονῆς
441 2627 509 2662 πρὸς
524 2627 553 2653 τὸ
573 2628 660 2661 γῆρας
679 2626 837 2653 ὲλαὲνουσιν
851 2635 858 2643 ·
880 2627 927 2653 ἐπὶ

148 2673 195 2708 μὲν
219 2674 278 2704 ταῖς
300 2673 447 2708 προτέραις
473 2671 681 2706 εὐφραινόμενοι
698 2671 797 2704 νίκαις,
822 2671 875 2697 τῶν
897 2672 925 2698 δὲ

181 2741 203 2757 ³³
221 2740 297 2768 Iliad.
311 2740 354 2767 III.

180 2797 235 2834 (19)
250 2798 298 2834 τὴν
314 2798 447 2834 ἡμετέραν
462 2798 541 2834 φύσιν
556 2798 643 2826 λαϐὼν
661 2799 735 2826 addit
752 2798 868 2826 Vintlob.

977 2203 1042 2234 tius,
1058 2203 1100 2230 vel
1114 2203 1321 2238 providentius?
1336 2204 1387 2231 Per
1401 2204 1476 2231 illum
1492 2204 1563 2230 enim
1577 2204 1658 2230 etiam
1674 2204 1724 2238 qui
1738 2203 1764 2230 in

978 2249 1058 2276 terris
1075 2253 1220 2276 versantur
1235 2254 1337 2284 patres,
1353 2253 1444 2284 patres
1459 2254 1532 2276 sunt.
1551 2249 1612 2284 Ipso
1629 2249 1766 2284 siquidem

977 2294 1102 2325 volente,
1130 2293 1176 2320 alii
1198 2299 1312 2325 natura,
1338 2294 1382 2321 alii
1410 2294 1544 2321 beneficio
1567 2298 1659 2328 patres
1684 2293 1763 2320 fiunt.

977 2339 1066 2372 Quare
1082 2340 1157 2366 illum
1169 2340 1368 2373 possideamus,
1381 2344 1408 2367 et
1420 2345 1591 2367 mortuorum
1605 2340 1764 2367 memoriam

981 2385 1086 2421 1090
1106 2386 1296 2413 inexstinctam
1317 2394 1520 2413 conservemus.
1542 2387 1650 2414 Juvabit
1691 2386 1764 2414 enim

978 2440 1028 2458 nos
1040 2439 1134 2458 eorum
1153 2431 1198 2466 qui
1216 2435 1289 2459 recte
1310 2432 1439 2459 vixerunt
1456 2432 1621 2464 recordatio,
1639 2432 1671 2459 ad
1691 2432 1764 2467 ipso-

977 2485 1037 2503 rum
1054 2477 1175 2504 excitans
1189 2477 1380 2504 imitationem.

1046 2533 1164 2560 XXVIII.
1180 2548 1214 2552 —-
1227 2533 1322 2560 Iacobo
1342 2533 1492 2568 presbytero
1515 2539 1538 2560 el
1555 2535 1692 2560 monac/io.

1017 2579 1067 2612 Qui
1080 2579 1173 2606 ﬂorem
1183 2579 1272 2606 mtatis
1281 2578 1391 2606 virtutis
1402 2579 1539 2606 laboribus
1549 2584 1692 2612 ornarunt,
1702 2587 1765 2607 cum

981 2624 1121 2658 voluptate
1148 2624 1320 2651 contendunt
1339 2624 1372 2651 ad
1399 2629 1582 2657 senectutem,
1603 2625 1638 2652 ob
1654 2628 1765 2660 prieter-
1781 2655 1782 2658 η

980 2673 1031 2698 itas
1045 2670 1155 2705 quidem
1173 2670 1305 2697 victorias
1320 2670 1479 2705 gaudentes,
1495 2671 1528 2697 ab
1542 2671 1604 2698 aliis
1618 2679 1684 2698 vero
1704 2678 1764 2698 cer-

1017 2796 1071 2833 (20)
1087 2795 1164 2825 αὗται
1183 2797 1286 2824 addidit
1298 2796 1413 2824 Vindoh.
