1962 3051
209 153 275 186 i201
697 154 939 184 THEODORETI
960 153 1130 184 EPISCOPI
1146 154 1327 186 CYRENSIS
1761 149 1830 182 1208

209 211 358 238 luminibus
388 214 500 245 propter
533 209 640 237 senium
678 210 824 236 immunes.
860 208 916 236 Hac
942 216 988 243 ego

1044 208 1174 236 πλειόνων
1189 208 1303 243 ἀγώνων
1316 207 1359 235 διὰ
1373 206 1403 234 τδ
1418 206 1507 242 γῆρας
1521 205 1738 242 ἀπηλλαγμένοι.
1758 206 1829 233 Ταύ-

207 259 345 292 voluptate
362 261 436 283 tuam
457 264 566 290 quoque
582 255 710 290 pietatem
730 255 799 282 aﬁici
822 263 895 288 reor,
913 263 988 282 sene-

1043 263 1092 289 την
1108 254 1174 289 ἡγοῦ
1179 263 1226 289 μαι
1240 255 1290 289 τὴν
1302 253 1398 289 ἡδονὴν
1410 253 1456 280 καὶ
1469 251 1517 289 τὴν
1531 252 1580 287 σὴν
1594 251 1665 287 ἔχειν
1680 251 1829 286 φιλοθεῖαν,

205 307 362 337 etutemque
379 302 485 329 facilius
501 301 582 333 ferre,
604 301 669 328 dum
688 300 849 328 recordatur
865 301 988 328 laborum

1042 301 1090 327 καὶ
1107 301 1171 335 ῥᾷον
1187 298 1280 335 φέρειν
1297 299 1327 325 τὸ
1339 300 1438 334 γῆρας,
1456 297 1634 333 μεμνημένην
1647 296 1701 323 τῶν
1709 296 1759 332 τῆς
1771 295 1829 323 νεό-

202 347 365 381 iuventutis.

446 403 542 430 XXIX.
556 419 591 423 -—
606 404 747 439 Apelh’oni.

239 459 304 492 Quae
320 459 551 494 Carthaginenses
574 459 646 494 passi
665 463 739 491 sunt,
757 459 878 495 Aischyli
896 464 924 486 et
939 459 991 487 So~

205 505 310 540 phoclis
325 505 457 540 tragozdia
474 510 596 540 egerent,
615 509 696 539 atque
709 505 806 532 horum
816 513 925 540 quoque
939 505 991 532 lin-

205 557 285 584 guam
304 549 419 577 fortasse
441 550 565 577 vinceret
587 550 722 577 malorum
747 550 917 585 magnitudo.
944 550 990 577 illa

204 597 277 623 enim
290 604 305 623 a
318 596 449 623 Romanis
465 596 530 630 ipsis
541 596 678 630 quondam
693 595 739 622 vix
752 600 840 630 capta.
857 596 913 622 imo
929 603 991 630 quae

205 648 266 668 cum
285 641 403 667 maxima
426 641 511 668 l’toma
531 640 565 667 de
587 640 743 675 principatu
765 647 836 675 saepe
859 645 988 672 certarat,

205 694 318 720 eamque
330 687 357 712 in
365 694 502 713 summum
510 686 657 713 discrimen
668 687 827 718 adduxerat,
840 686 989 713 ludibrium

204 731 284 758 modo
304 731 374 758 facta
393 735 435 758 est
449 732 644 759 Barbarorum.
662 732 696 759 Et
715 732 762 766 qui
781 731 989 759 celeberrimam

202 777 262 810 ejus
272 777 375 803 curiam
389 778 534 809 ornabant,
546 778 614 805 orbe
631 781 688 804 toto
699 785 773 804 nunc
790 781 893 809 errant,
904 777 990 804 vitam

203 829 236 848 ex
265 821 439 856 hospitalium
468 823 610 850 hominum
645 823 772 849 manibus
794 827 987 850 sustentantes.

1042 353 1121 379 τητος
1132 344 1230 372 πόνων.

1272 399 1335 426 κδ’.
1357 413 1392 420 -
1414 399 1596 426 Ἂπελλίωνι.

1077 454 1118 480 Τὰ
1145 453 1338 488 Καρχηδονίων
1358 453 1443 488 πάθη,
1463 453 1514 488 τῆς
1532 452 1666 488 Αἰσχύλου
1682 451 1729 479 καὶ
1746 452 1830 487 Σοφο-

1040 499 1135 530 κλέους
1153 498 1304 534 τραγῳδίας
1320 499 1416 530 ἐδεῖτο,
1435 498 1502 529 ἴσως
1514 497 1537 524 δ’
1548 497 1581 524 ἂν
1594 498 1641 524 καὶ
1653 497 1703 533 τὴν
1718 497 1830 524 ἐκείνων

1041 543 1150 578 ἐνίκησε
1163 543 1286 578 γλῶτταν
1298 543 1328 569 τδ
1345 543 1458 578 μέγεθος
1472 542 1527 569 τῶν
1539 542 1642 569 κακῶν.
1661 542 1693 569 Ἦ
1708 542 1764 578 γὰρ
1777 543 1831 570 πάι

1040 589 1084 615 λαι
1100 589 1149 615 καὶ
1170 589 1315 623 Ῥωμαίοις
1328 588 1490 620 δυσάλωτος,
1510 588 1611 623 μᾶλλον
1629 587 1657 614 δὲ
1670 589 1685 622 ἡ
1699 589 1732 623 τῇ
1749 588 1831 623 μεγί-

1041 640 1091 667 στῃ
1111 631 1204 667 Ῥώμῃ
1229 632 1358 663 πολλάκις
1383 632 1446 666 περὶ
1465 631 1608 666 πρωτείων
1632 631 1756 666 ἑρίσασα,
1780 633 1830 658 καὶ

1040 677 1085 703 τὸν
1100 676 1211 712 ἔσχατον
1227 677 1294 712 αὐτῇ
1314 676 1434 704 κίνδυνον
1448 676 1629 711 ὲπιστήσασα,
1653 676 1701 703 νῦν
1724 676 1829 711 βαρΰάσ

1042 731 1097 757 ρων
1110 722 1256 757 γεγένηται
1278 723 1426 757 πάρεργον.
1445 722 1476 748 Ol.
1491 722 1519 748 δὲ
1541 721 1590 757 τὴν
1609 721 1829 757 πολυθρύλλητον

1040 767 1123 802 αὐτῆς
1136 767 1301 802 κοσμοῦντες
1316 767 1413 802 βουλὴν
1431 767 1470 797 εἰς
1484 767 1576 793 πᾶσαν
1587 767 1705 794 ἀλῶνται
1720 768 1769 802 τὴν
1788 769 1828 794 οι-

1041 811 1186 846 κουμένην,
1203 812 1331 848 ἀφορμὴν
1346 811 1453 846 ἔχοντες
1473 811 1531 846 βίου
1548 811 1602 838 τῶν
1623 811 1767 845 φιλοξένων
1779 812 1828 843 τὰς

201 866 334 902 Cientque
347 868 535 902 spectantibus
552 868 695 903 lacrymas,
710 872 737 895 et
749 875 845 895 rerum
855 868 988 896 humana—

1041 858 1142 892 χεῖρας.
1156 857 1268 883 Κινοῦσι
1279 857 1308 883 δὲ
1320 858 1376 888 τοῖς
1387 856 1471 892 ὁρῶσι
1483 856 1598 892 δάκρυα,
1612 857 1659 883 καὶ
1670 857 1828 884 διδάσκουσι

201 920 264 938 nrm
276 913 482 939 instabilitatem
496 902 750 947 volubilitatemque
761 912 988 940 declarant.Alios

1041 902 1094 928 τῶν
1109 902 1284 938 ἀνθρωπείων
1299 902 1468 938 πραγμάτων
1483 902 1513 928 τὸ
1529 902 1663 937 σφαλερόν
1678 912 1708 930 τε
1721 904 1769 929 καὶ
1781 904 1827 930 εὖ-

200 958 328 992 equidem
343 958 397 985 vidi
412 959 568 992 complures
589 958 653 986 inde
677 959 825 993 profectos,
842 963 870 986 et
885 959 965 986 timui
981 967 989 986 :

200 1004 294 1030 nescio
312 1004 397 1035 enim,
418 1004 491 1038 quod
514 1004 552 1031 ait
573 1004 727 1038 Scriptura,
750 1004 816 1038 quid
837 1012 991 1039 superven-

204 1054 264 1076 tnra
281 1050 372 1084 pariat
389 1049 449 1076 dies
463 1050 495 1076 ³⁸.
517 1050 640 1077 Veneror
652 1054 744 1077 autem
760 1050 788 1076 in
806 1050 903 1084 primis
919 1058 989 1085 prte-

200 1095 402 1122 stantissimum
426 1100 454 1122 et
475 1096 775 1131 magniﬁcentissimum
797 1096 989 1128 Celestiacum,

201 1143 247 1177 qui
256 1146 284 1170 et
292 1142 475 1170 calamitatem
483 1150 561 1178 atquo
573 1142 626 1170 fert
635 1144 736 1176 animo,
746 1149 773 1171 et
781 1144 920 1171 felicitatis
929 1152 990 1171 mu-

203 1188 333 1215 tationem
346 1188 374 1214 in
391 1188 562 1215 occasionem
575 1188 660 1215 vertit
673 1189 862 1223 philosophiae,
880 1189 990 1216 univer-

201 1241 350 1268 sorumque
359 1234 504 1261 Rectorem
512 1234 614 1266 laudat.
625 1235 711 1262 ethoc
720 1235 874 1262 conducere
883 1234 986 1269 1091

200 1278 360 1310 arbitratur,
382 1278 456 1313 quod
474 1278 518 1306 ille
537 1282 585 1305 aut
609 1278 666 1305 ﬁeri
678 1278 779 1313 jussit,
797 1282 844 1305 aut
858 1286 893 1305 ne
910 1277 990 1305 ﬁeret

197 1323 290 1358 jussit,
302 1328 397 1351 autne
416 1323 495 1351 ﬁeret
507 1332 560 1351 non
576 1324 728 1359 prohibuit.
747 1323 897 1351 lneﬂ'abilis
911 1331 989 1350 nam-

200 1377 252 1403 que
272 1373 314 1396 est
331 1369 431 1395 divina:
449 1369 632 1396 Providentia:
653 1369 735 1396 ratio.
750 1368 829 1395 llunc
849 1376 903 1395 una
924 1375 987 1395 eum

201 1421 284 1440 uxore
297 1421 328 1441 ac
346 1414 410 1441 ﬁiiis
426 1414 648 1449 peregrinantem
660 1416 666 1423 '
680 1414 883 1442 Abrahamitica
900 1414 987 1441 bene-

199 1459 319 1486 ~volentia
333 1459 452 1494 excipiat
466 1459 668 1494 magnificentia
684 1463 741 1486 tua.
758 1459 795 1487 De
812 1459 896 1486 animi
911 1459 986 1486 enim

201 1505 240 1531 tui
258 1505 446 1540 magnitudine
465 1505 585 1532 conlisus
603 1504 725 1539 hospites
743 1504 811 1532 istos
829 1503 985 1537 introduco,

199 1555 227 1578 et
243 1550 384 1578 liberalem
400 1551 539 1579 dexteram
555 1554 629 1577 tuam
647 1549 774 1577 ostendo.

415 1658 499 1686 XXX.
512 1674 546 1678 —-
558 1659 637 1686 Aeria
653 1659 785 1694 sap/iisut.

236 1716 305 1742 Ecce
320 1716 375 1749 jam
393 1719 502 1749 tempus
514 1718 567 1746 est,
587 1718 617 1740 ut
629 1714 770 1740 academia
787 1717 878 1740 vestra
891 1713 987 1748 dispu-

149 1785 155 1790 .
200 1762 333 1788 talionum
361 1760 508 1786 utilitatem
529 1759 709 1787 demonstret.
733 1759 822 1786 Audio
845 1759 919 1786 enim
931 1767 988 1787 cce-

202 1812 260 1834 tum
277 1806 348 1841 apud
367 1814 415 1833 vos
435 1806 568 1833 illustrem
582 1805 754 1840 congregari.
782 1808 810 1831 et.
827 1811 988 1832 consessum

199 1862 232 1880 ex
244 1853 311 1880 viris
326 1856 462 1883 constare,
481 1851 528 1886 qui
547 1855 574 1878 et
595 1850 664 1878 aviti
688 1850 797 1885 generis
814 1850 989 1885 splendorem

199 1898 354 1934 praeferant,
371 1901 398 1925 et
412 1897 504 1932 lingua
523 1896 579 1923 sint
596 1895 751 1930 perpolita;
783 1902 926 1922 sermones
938 1903 988 1922 au-

200 1949 255 1970 tem
274 1942 352 1970 vobis
377 1949 438 1969 esse
464 1946 522 1968 tum
543 1940 578 1967 de
607 1940 709 1967 virtute
728 1944 755 1966 et
783 1939 990 1966 immortalitate

199 1988 295 2020 animi,
314 1992 372 2015 tum
401 1986 435 2013 de
453 1985 559 2013 caeteris
580 1993 642 2019 qum
658 1992 720 2012 cum
748 1984 792 2011 bis
808 1983 987 2012 conveniunt.

199 2032 290 2066 Quare
308 2031 480 2058 nobilitatem
498 2030 580 2057 nobis
597 2029 681 2056 animi
693 2033 721 2056 et
734 2029 868 2064 pretiosas
897 2029 988 2056 virtu—

201 2078 235 2105 tis
247 2085 313 2113 opes
324 2085 357 2104 ex
369 2081 493 2111 tempore
510 2076 658 2108 ostendite,
674 2075 988 2110 prmstanlissimunulue

200 2128 228 2150 et
253 2122 555 2158 magniﬁcentissimum
583 2121 765 2149 Celestiacum
786 2121 927 2156 suscipite,
959 2124 989 2147 ut

201 2170 248 2205 qui
266 2169 401 2196 volubiles
417 2168 544 2194 humanae
569 2167 709 2194 felicitatis
737 2169 904 2194 mutationes
920 2167 988 2195 estis

1044 949 1174 984 ρίπιστον.
1201 949 1318 980 Πολλοὺς
1342 949 1390 984 μὲν
1410 947 1456 976 οὖν
1483 949 1530 976 καὶ
1555 950 1653 981 ἄλλους
1672 950 1829 986 ἐθεασάμην

1041 994 1145 1021 ὲχεῑθεν
1156 993 1330 1029 ἐληλυθότας,
1348 995 1395 1020 καὶ
1407 994 1465 1026 δέος
1477 995 1622 1030 ἐδεξάμην.
1637 995 1674 1022 Οὐ
1690 995 1745 1031 γὰρ
1759 994 1828 1028 οἶδα,

1041 1039 1111 1066 κατὰ
1125 1039 1174 1075 τὴν
1188 1039 1308 1075 Γραφὴν,
1326 1039 1354 1066 τί
1367 1039 1474 1072 τέξεται
1487 1041 1503 1075 ή
1518 1039 1643 1067 ἐπιοῦσα.
1661 1041 1785 1076 Ἀγαμαι
1799 1041 1829 1068 δὲ

1040 1086 1090 1120 οὐχ
1105 1085 1205 1120 ἣκιστα
1218 1085 1263 1112 τὸν
1274 1084 1498 1120 θαυμασιώτατον
1512 1086 1558 1112 καὶ
1572 1086 1830 1122 μεγαλοπρεπέστα-

1040 1138 1087 1156 τον
1097 1129 1278 1156 Κελεστιακόν
1290 1129 1356 1165 (‘21)-
1370 1129 1448 1164 φέρει
1463 1130 1654 1165 γὰργενναίως
1664 1131 1710 1166 τὴν
1724 1140 1826 1166 συμφο-

1041 1175 1101 1210 ρὰν,
1127 1175 1173 1202 καὶ
1198 1175 1248 1210 τὴν
1271 1175 1321 1209 τῆς
1346 1175 1496 1210 εὐπραξίας
1521 1176 1672 1211 μεταϐολὴν
1701 1176 1830 1212 ἀφορμὴν

1041 1221 1157 1247 ποιεῖται
1185 1220 1354 1255 φιλοσοφίας,
1383 1221 1430 1247 καὶ
1449 1220 1503 1247 τῶν
1525 1221 1594 1247 ὅλων
1623 1221 1669 1248 τὸν
1693 1222 1828 1257 Πρύτανιν

1039 1266 1162 1300 ἀνυμνεῖ,
1179 1265 1226 1292 καὶ
1245 1265 1323 1292 τοῦτο
1339 1266 1476 1301 συμφέρον
1498 1266 1657 1302 ὑπείληφεν,
1675 1267 1743 1303 ὅπερ
1758 1268 1829 1294 ἐκεῖ·

1039 1321 1082 1344 νος
1096 1311 1111 1347 ἢ
1125 1311 1254 1346 γενέσθαι
1273 1311 1452 1347 προσέταξεν,
1467 1312 1484 1348 ἢ
1502 1313 1646 1348 γινόμενον
1662 1313 1714 1340 οὐκ
1727 1313 1826 1340 ἐκώλυ-

1040 1366 1096 1385 σεν.
1111 1358 1249 1394 Ἀρῤητος
1265 1357 1318 1393 γὰρ
1335 1358 1385 1393 τῆς
1409 1358 1485 1390 θείας
1515 1359 1686 1394 προμηθείας
1702 1360 1716 1386 ὁ
1738 1359 1828 1394 λόγος.

1039 1403 1138 1430 Τοῦτον
1158 1403 1228 1438 μετὰ
1242 1404 1292 1438 τῆς
1307 1404 1442 1439 ὁμοζύγου
1465 1405 1512 1431 καὶ
1527 1405 1580 1431 τῶν
1598 1406 1699 1432 παίδων
1719 1414 1829 1442 περινο-

1039 1448 1151 1475 στοῦντα
1189 1449 1370 1484 Ἀδραμιαίας
1406 1449 1548 1482 ἁξιωσάτω
1581 1451 1781 1486 φιλοφροσύνης
1808 1452 1828 1486 ἡ

1038 1495 1157 1530 ὑμετέρα
1174 1495 1404 1530 μεγαλοπρέπεια.
1420 1496 1459 1531 Τῇ
1474 1496 1528 1531 γὰρ
1539 1496 1659 1532 ὑμετέρᾳ
1672 1496 1828 1531 μεγαλοψυ-

1002 1536 1023 1565 C
1040 1541 1086 1576 χίᾳ
1098 1541 1219 1577 Θαρρῶν,
1237 1541 1348 1574 ξεναγὸς
1365 1541 1455 1568 αὐτῶν
1470 1542 1634 1578 γεγένημαι,
1655 1543 1703 1570 καὶ
1714 1543 1763 1579 τὴν
1785 1551 1829 1578 φι-

1039 1587 1147 1623 λότιμον
1162 1588 1239 1623 ὑμῶν
1257 1588 1432 1623 ὕποδείκνυμι
1445 1588 1544 1621 δεξιάν.

1246 1655 1286 1682 A'.
1301 1671 1336 1675 —
1357 1655 1457 1690 ἈερΙφ
1473 1655 1617 1690 σοφιστῇ.

1082 1711 1148 1738 Ἰδοὺ
1164 1711 1260 1747 καιρὸς
1279 1712 1330 1746 τὴν
1342 1711 1480 1747 ὑμετέραν
1497 1711 1654 1746 ἀκαδημίαν
1671 1711 1756 1743 δεῖξαι
1774 1711 1830 1738 τῶν

1039 1757 1126 1791 λόγων
1139 1757 1188 1792 τὴν
1199 1756 1344 1790 ὠφέλειαν.
1362 1756 1467 1784 ’Δκούω
1486 1756 1541 1792 γὰρ
1556 1757 1687 1791 σύλλογον
1700 1756 1830 1791 λαμπρὸν

1039 1802 1198 1838 ἀγείρεσθαι
1215 1803 1284 1838 πρὸς
1302 1803 1385 1838 ὑμᾶς,
1403 1803 1451 1829 καὶ
1471 1802 1501 1829 τὸ
1525 1802 1664 1837 συνέδριον
1681 1802 1710 1835 ἐξ
1724 1803 1831 1838 ἀνδρῶν

1039 1848 1273 1884 εἷναιπρογονικῇ
1297 1848 1462 1883 περιφανείᾳ
1482 1848 1700 1884 σεμνυνομένων,
1719 1849 1764 1875 καὶ
1779 1850 1829 1883 τὴν

1040 1897 1164 1931 γλῶτταν
1186 1896 1411 1931 κεκαθαρμένων,
1427 1895 1475 1922 καὶ
1495 1895 1558 1927 τοὺς
1567 1895 1663 1929 λόγους
1675 1895 1738 1930 ὑμῖν
1750 1895 1829 1929 γενέ-

1040 1942 1101 1969 σθαι
1115 1942 1170 1977 (22)
1185 1941 1249 1976 περί
1262 1950 1291 1968 τε
1312 1942 1414 1977 ἀρετῆς
1431 1942 1477 1968 καὶ
1493 1941 1644 1973 ἀθανασίας
1658 1941 1759 1976 ψυχῆς,
1781 1942 1829 1968 καὶ

1038 1988 1093 2014 τῶν
1105 1988 1192 2015 ἄλλων
1203 1988 1253 2014 ὅσα
1269 1987 1374 2018 τούτοις
1387 1995 1418 2012 συ
1424 1986 1542 2021 μῦαίνει.
1560 1986 1669 2019 Δείξατε
1683 1986 1828 2022 τοιγαροῦν

1039 2034 1105 2069 ἡμῖν
1122 2033 1162 2063 είς
1177 2033 1273 2067 καιρὸν
1290 2032 1340 2066 τῆς
1364 2031 1453 2066 ψυχῆς
1470 2032 1520 2067 τὴν
1542 2031 1694 2066 εὐγένειαν,
1712 2033 1759 2058 καὶ
1778 2032 1829 2066 τῆς

1039 2079 1142 2114 ἀρετῆς
1158 2079 1204 2105 τὸν
1230 2078 1391 2114 ἀξιόκτητον
1416 2077 1542 2108 πλοῦτον,
1566 2077 1615 2104 καὶ
1643 2076 1755 2110 δέξασθε
1781 2078 1828 2104 τὸν

1040 2124 1267 2160 θαυμασιώτατον
1292 2123 1340 2150 καὶ
1365 2122 1660 2158 μεγαλοπρεπέστατον
1677 2123 1827 2150 Κελεστια-

1040 2171 1098 2203 κδν,
1113 2170 1151 2202 ὡς
1165 2169 1216 2205 τῆς
1231 2169 1403 2204 ἀνθρωπείας
1417 2169 1565 2204 εὐημερίας
1580 2169 1765 2203 δεδιδαγμένοι
1778 2169 1828 2200 τὰς

200 2215 300 2243 edocti.
333 2214 399 2241 Nam
430 2218 458 2240 et
481 2213 539 2247 ipse
567 2211 705 2247 quondam
727 2212 986 2247 Carthaginiensium

1041 2217 1241 2252 ἅγχιστρόφους
1271 2215 1432 2250 μεταϐολάς.
1453 2216 1504 2242 Καὶ
1527 2214 1581 2250 γὰρ
1606 2214 1689 2246 αὐτὸς
1714 2215 1827 2250 ἐκόσμει

201 2260 373 2295 metropolim
387 2259 538 2286 cxornabat
555 2267 560 2285 :
574 2261 604 2285 et
619 2257 719 2285 domus
736 2266 793 2285 suae
807 2258 906 2293 januas
917 2258 988 2285 mul-

200 2307 235 2333 tis
247 2305 405 2340 hospitibus
415 2303 556 2340 pateiecit,
571 2311 623 2331 nec
632 2304 722 2331 aliena
738 2303 923 2331 beneﬁcentia
935 2296 988 2331 Sibi

199 2360 269 2388 opus
299 2351 358 2378 fore
385 2350 516 2385 speravit.
537 2349 577 2376 Tu
591 2357 656 2385 ergo
670 2354 699 2377 et
715 2349 835 2385 linguam
855 2349 893 2376 illi
910 2357 988 2376 eom‘

200 2398 291 2430 moda,
307 2401 421 2432 tuaque,
445 2397 542 2429 amice,
562 2403 628 2423 voce
657 2395 788 2431 indigenti
805 2395 987 2430 patrocinare.

201 2443 338 2470 Poeticam
353 2442 428 2470 enim
448 2450 503 2469 non
518 2442 571 2469 fert
581 2442 758 2474 sententiam,
775 2450 837 2476 quae
865 2441 989 2476 increpat

200 2492 336 2523 egentem,
347 2487 370 2515 si
383 2488 456 2523 quod
471 2487 587 2515 verbum
603 2487 759 2522 protulerit.
780 2487 814 2514 Et
834 2487 867 2514 iis
882 2495 898 2513 e
914 2492 987 2514 ctetu

201 2534 253 2560 isto
277 2533 324 2567 qui
349 2538 464 2568 possunt
477 2533 574 2566 suade,
590 2538 620 2560 ut
645 2533 750 2560 Alcinoi
773 2532 987 2568 hospitalitatem

200 2579 375 2610 :emulentur,
409 2587 440 2605 ac
462 2583 653 2614 paupertatem
679 2586 740 2613 qum
761 2578 899 2613 insperata
925 2578 990 2605 huic

199 2623 299 2658 obtigit
315 2623 463 2658 depellant,
479 2628 507 2650 et
520 2624 664 2651 adversam
677 2624 814 2650 fortunam
831 2623 857 2650 in
873 2631 988 2658 prospe-

201 2677 257 2696 ram
291 2673 462 2701 eonvertant,
489 2670 594 2705 1092
617 2670 819 2705 henignumque
843 2670 988 2697 Dominum

236 2748 258 2764 "
275 2748 355 2775 Prov.
371 2756 453 2780 xxvn,
470 2747 493 2774 Ι.

236 2825 290 2861 (ἳί)
308 2824 510 2861 Κελῖστινῑᾳνόν
525 2825 641 2852 habebat
657 2825 799 2853 Vaticanus
817 2825 887 2861 apud
905 2825 986 2853 Baro-

200 2859 274 2889 nium
289 2862 321 2889 ad
335 2870 358 2888 α.
375 2861 406 2887 (ἶ.
419 2859 486 2892 ΗΟ;
501 2865 565 2887 tom.
583 2860 626 2890 \‘l,
644 2868 669 2894 p.
686 2861 711 2887 ῖς.

1039 2263 1088 2298 μὲν
1112 2262 1196 2288 πάλαι
1219 2262 1269 2296 τὴν
1296 2260 1492 2296 Καρχηδονίων
1513 2260 1697 2296 μητρόπολιν·
1720 2261 1828 2293 πολλοῖς

1036 2309 1064 2335 δὲ
1079 2308 1166 2341 ξένοις
1183 2308 1333 2334 ἀνεπέτασε
1348 2307 1398 2339 τὰς
1415 2306 1501 2343 Θῦρας
1515 2306 1566 2341 τῆς
1580 2307 1679 2338 οἰκίας,
1695 2307 1745 2341 τῆς
1761 2307 1822 2333 ἐτέ-

1039 2363 1092 2389 ρων
1120 2354 1149 2380 δὲ
1175 2353 1384 2388 φιλανθρωπίας
1409 2353 1460 2379 οὒκ
1483 2353 1598 2388 ἤλπισεν
1624 2352 1825 2387 ἐπιδεήσεσθαι.

1038 2397 1057 2423 Γ
1059 2397 1118 2423 suo?)
1130 2397 1221 2423 τοίνυν
1235 2396 1308 2430 αὐτῷ
1321 2396 1439 2430 γλῶττα,
1455 2397 1502 2423 καὶ
1516 2397 1712 2432 συνηγόρησον,
1725 2393 1747 2423 ὦ
1761 2396 1826 2432 φίλη

1038 2442 1155 2478 κεφαλὴ,
1171 2443 1220 2477 τῆς
1238 2442 1288 2477 σῆς
1303 2441 1424 2477 δεομένῳ
1449 2443 1540 2476 φωνῆς
1551 2450 1558 2457 ’
1579 2443 1630 2477 τῆς
1645 2442 1699 2476 γὰρ
1719 2450 1826 2477 ποιητι‹

1038 2489 1089 2524 κῆς
1105 2489 1156 2515 οὐκ
1179 2489 1305 2523 ἀνέχεται
1326 2488 1524 2524 παραινέσεως,
1541 2489 1558 2524 ἥ
1582 2488 1687 2515 κελεύει
1707 2489 1751 2515 τὸν
1766 2488 1825 2515 δεό-

1040 2543 1131 2569 μενον,
1157 2534 1204 2561 καὶ⁵
1228 2535 1303 2570 ῥῆμα
1320 2534 1353 2561 ἄν
1380 2543 1406 2560 τι
1430 2534 1578 2569 διδῷ(⁸25)-
1595 2534 1642 2561 καὶ
1662 2536 1755 2560 πεῖσον
1777 2532 1825 2560 τοῦ

1039 2579 1170 2614 συλλόγου
1200 2579 1264 2610 τοὺς
1288 2579 1454 2614 δυναμένους
1476 2579 1525 2614 τὴν
1543 2579 1680 2606 Ἀλκινόου
1703 2579 1825 2614 ζηλῶσαι

1039 2624 1202 2658 φιλοξενίαν,
1228 2625 1274 2651 καὶ
1292 2625 1340 2660 τὴν
1366 2624 1496 2659 ἀδόκητον
1521 2625 1595 2659 αὐτῷ
1615 2624 1825 2660 προσπεσοῦσαν

1039 2669 1163 2702 ἐξελάσαι
1179 2669 1285 2702 πενίαν,
1303 2670 1350 2696 καὶ
1367 2669 1415 2705 τὴν
1431 2669 1598 2705 δυσκληρίαν
1619 2671 1659 2702 εἰς
1677 2669 1826 2704 εὐκληρίαν

1075 2825 1131 2895 (ἢῆ
1146 2825 1275 2859 γίνεσθαι.
1292 2826 1377 2860 Neap.

1075 2860 1118 2895 [25
1145 2861 1204 2888 ἀντὶ
1221 2862 1297 2895 αἱδῷ.
1317 2861 1377 2895 Nee]

1073 2860 1128 2895 (25)
1145 2861 1204 2888 ἀντὶ
1221 2862 1297 2898 αἱδῷ.
1317 2861 1401 2896 Neap.
