1962 3051
131 148 142 179 1
148 148 200 180 209

763 146 943 176 EPISTOLA
962 145 1084 175 XXXII.

1683 138 1751 171 1210

130 204 307 240 μεταϐαλεῖν·
335 205 442 232 καὶτὸν
463 204 653 240 φιλάνθρωπον
670 203 790 238 ὑμνῆσαι
809 202 912 229 Δεσπόο

971 201 1088 233 laudent,
1105 200 1152 237 qui
1173 199 1272 227 alienis
1285 207 1334 226 nos
1349 197 1551 226 calamitatibus
1564 195 1652 222 erudit
1677 204 1683 221 ε
1702 196 1750 229 qui

129 258 192 285 την,
208 249 249 276 ὃτι
262 251 319 282 τοῖς
333 250 484 286 ἀλλοτρίοις
495 251 569 286 ἡμᾶς
583 248 744 284 σωφρονίζει
759 248 914 282 παθήμασι,

130 293 179 319 καὶ
189 293 236 328 οὐχ
249 294 323 328 ἡμᾶς
339 295 379 324 εις
391 294 489 329 ἑτέρων
506 292 797 328 παρέπεμψεν”οῐκίας,
808 292 864 318 ἀλλ’
876 292 915 323 εἰς

129 335 180 366 τὰς
191 336 328 371 ἡμετέρας
341 336 436 368 ἄλλους
454 338 540 372 ἤγαγε
552 337 636 373 θύρας
648 345 654 353 ο
667 337 714 363 καὶ
726 336 916 372 φιλανθρωπίᾳ

129 380 285 415 χρωμένοις
304 381 589 416 ὑπισχνεῖταινδώσειν
605 382 623 410 ἃ.
639 383 708 418 μήτε
723 382 802 416 λόγος
816 382 914 415 εἰπεῖν,

131 426 201 461 μήτε
218 425 281 467 vel};
297 427 384 462 ίσχύει
399 428 570 462 λογίσασθαι.

219 485 283 511 AA'.
299 500 335 504 —
350 485 452 520 Δόμνφ
465 486 619 517 ὲπισκόπῳ
636 485 824 520 Ἀντιοχείας.

167 539 212 575 Τῷ
232 540 450 577 θαυμασιωτάτῳ
465 541 512 568 καὶ
531 541 813 576 μεγαλοπρεπεστάτῳ
829 539 914 566 Κελε-

132 585 236 619 στιακῷ
246 585 302 620 ('24)
315 587 412 621 πατρὶς
427 587 475 622 μὲν
487 587 504 622 ἡ
519 586 738 622 πολυθρύλλητος
753 585 913 620 Καρχηδὼν,

130 630 208 663 γένος
234 630 262 657 δὲ
291 631 321 657 τὸ
344 632 372 658 ὲν
400 632 492 667 ἐκείνῃ
519 632 699 667 γεγενημένον
725 631 912 666 περίῦλεπτον.

137 674 218 700 Ἀλλὰ
231 674 278 701 νῦν
302 674 332 708 ἐξ
351 675 460 710 ὲκεινης
484 675 659 711 ἐληλαμένας,
674 675 723 711 τὴν
737 676 816 711 ξένην
838 684 916 710 περι-

130 721 231 751 νοστεῖ,
258 721 305 748 καὶ¹
327 721 382 748 τῶν
406 721 538 756 φιλοθέων
559 721 608 752 τὰς
626 722 720 757 χεῖρας
742 721 915 755 περισκοπεῖ.

133 766 210 800 Ἔχει
228 766 257 792 δὲ
275 767 322 793 καὶ
341 767 462 802 φορτίον,
486 767 635 800 ἀναγκαῖον
654 766 715 801 μὲν,
738 767 871 793 ἐπιτεῖνον
886 766 915 792 δὲ

130 811 181 846 τὴν
195 812 341 846 φροντίδα·
358 813 406 846 τὴν
432 812 553 848 γαμετὴν
576 812 658 846 λέγω,
680 812 727 838 καὶ
747 812 781 838 τὰ
809 812 915 846 παιδία,

966 255 1016 274 nos
1028 247 1061 273 ad
1074 246 1190 273 aliorum
1204 246 1301 272 domos
1319 252 1373 272 non
1389 242 1557 274 amandavit,
1570 241 1617 268 sed
1630 240 1699 267 alios
1715 239 1749 266 ad

963 292 1060 327 januas
1076 295 1183 318 nostras
1200 290 1323 321 deduxit,
1335 293 1362 316 et
1373 287 1542 322 benignitate
1558 285 1699 312 utentibus
1717 292 1750 311 ca

967 338 1094 365 daturum
1109 345 1139 364 se
1158 336 1304 372 promittit,
1329 343 1390 370 qua:
1413 341 1463 361 nec
1478 333 1566 360 oratio
1580 331 1683 366 eloqui,
1700 337 1751 358 nec

966 384 1085 418 cogitare
1101 391 1178 410 mens
1194 386 1294 417 potest.

1053 483 1293 512 XXXl.—-Domno
1309 482 1427 518 episcopo
1441 480 1585 508 Antiochite
1596 478 1663 514 (25).

1000 540 1227 568 Prazstantissimo
1243 543 1272 566 et
1298 535 1568 573 magnificentissimo
1599 532 1752 561 Celestiaco

966 586 1054 622 patria
1081 586 1191 620 quidem
1211 584 1386 612 celeberrima
1418 582 1562 616 Carthago,
1582 587 1668 615 genus
1685 585 1751 605 vero

966 631 1039 666 quod
1054 631 1083 658 in
1099 631 1146 657 illa
1160 630 1212 657 fuit
1228 628 1387 664 spectabile.
1405 627 1440 654 At
1455 634 1529 653 nunc
1551 633 1583 651 ex
1596 632 1628 651 ea
1647 623 1749 658 pulsus,

965 682 1073 705 exteras
1096 683 1159 704 oras
1183 678 1321 710 peragrat,
1346 679 1374 701 et
1407 672 1455 700 Dei
1482 670 1634 698 amantium
1655 673 1751 695 manus

966 722 1162 757 circumspicit.
1195 721 1282 747 liabet
1305 723 1438 754 praeterea
1461 724 1532 744 onus
1557 714 1751 744 necessarium,

966 768 1039 803 quod
1057 767 1095 794 illi
1109 774 1188 794 curas
1205 769 1295 800 auget,
1313 771 1435 795 uxorem,
1452 766 1479 789 et
1491 761 1571 792 filios,
1585 765 1612 787 et
1624 758 1751 788 famulos,

967 821 1084 849 quorum
1109 820 1190 840 causa
1218 810 1343 846 pluribus
1363 812 1425 844 eget
1445 806 1584 841 impensis.
1607 805 1664 838 Ego
1686 810 1753 829 vero

131 857 179 883 καὶ
193 857 255 888 τοὺς
267 857 393 890 οἰκείους,
408 854 445 884 ὧν
456 858 537 884 ἕνεκα
550 857 680 884 πλειόνων
695 858 781 884 δεῖται
793 857 915 893 δαπανη-

971 859 1040 886 illius
1053 859 1174 886 animum
1187 856 1338 884 admiratus
1350 862 1421 881 sum.
1447 852 1494 879 Sic
1513 851 1587 878 enim
1609 849 1687 884 quasi
1708 857 1753 875 se-

133 902 237 936 μάτων.
256 902 327 936 Ἐγὼ
345 903 374 929 δὲ
394 903 476 930 αὐτοῦ
489 903 539 938 τὴν
561 903 674 938 γνώμην
688 902 859 938 τεθαύμακα.
874 903 918 935 Ὣς

131 948 162 980 ἐξ
175 948 276 984 ούρίων
301 948 356 983 γὰρ
384 949 553 984 φερόμενος,
580 949 652 975 οὕτω
672 949 717 975 τὸν
740 949 917 984 κυϐερνήτην

131 993 221 1027 ὑμνεῖ,
240 994 287 1019 καὶ
310 993 357 1020 τοῦ
383 994 502 1029 χαλεποῦ
518 994 656 1026 κλύδωνος
672 995 702 1021 οὐ
719 995 916 1029 πεφρόντικεν

130 1038 180 1073 τὴν
195 1038 249 1073 γὰρ
271 1039 413 1066 εὐσέὸειαν
437 1040 470 1066 ὲκ
491 1040 542 1075 τῆς
566 1041 711 1076 συμφορᾶς
727 1039 917 1076 ἐκαρπώσατο,

131 1084 179 1110 καὶ
199 1083 244 1110 τὸν
258 1084 462 1119 τρισμακάριον
488 1085 564 1120 αὐτῷ
585 1086 680 1112 τοῦτον
701 1085 807 1120 καρπὸν
826 1086 843 1120 ἡ
855 1085 918 1112 δυσ-

131 1128 231 1163 κληρία
257 1128 456 1164 προσήνεγκεν.
486 1129 584 1156 Ἠνίκα
606 1129 661 1164 γὰρ
691 1129 741 1164 τῆς
769 1129 919 1165 εὐπραξίας

131 1173 281 1209 άπήλαυεν,
298 1174 362 1206 τοὺς
379 1174 518 1206 τοιούτους
531 1174 561 1200 οὺ
580 1175 708 1210 προσίετο
721 1175 833 1208 λόγουςο
848 1175 920 1202 ὲκεί-

132 1228 181 1254 νης
201 1219 230 1246 δὲ
253 1219 419 1254 γυμνωθεὶς,
437 1219 610 1246 συναπέὸαλε
637 1220 687 1255 τὴν
711 1220 848 1253 ἀσέϐειαν,
871 1220 919 1247 καὶ

132 1263 179 1290 νῦν
193 1263 311 1298 ἔχειτὸν
328 1263 443 1290 πλοῦτον
458 1264 507 1298 τῆς
525 1264 644 1295 πίστεως
655 1272 662 1279 ·
680 1262 709 1291 οὗ
730 1264 762 1300 δὴ
779 1265 858 1300 χάριν
870 1265 919 1300 τῆς

130 1308 300 1343 δυσπραξίας
318 1309 426 1343 ἐκείνης
449 1310 625 1343 καταφρονεῖ.
650 1309 808 1344 Παρακαλῶ
829 1310 919 1336 τοίνυν

131 1353 181 1388 τὴν
211 1353 260 1389 σὴν
285 1353 450 1388 ἁγιωσύνην,
468 1354 608 1389 ἀποφῆναι
627 1354 701 1389 αὐτῷ
724 1355 843 1390 πατρίδα
869 1354 919 1390 τὴν

132 1398 211 1433 ξένην
225 1419 233 1431 ,
245 1399 292 1425 καὶ
309 1399 460 1434 προτρέψαι
480 1400 544 1431 τοὺς
564 1399 670 1435 πλούτῳ
685 1400 828 1435 κομῶντας
849 1400 920 1436 ψυχ-

133 1445 276 1480 αγωγῆσαι
288 1445 334 1471 τὸν
344 1445 393 1480 τῆς
402 1446 485 1481 αὐτῆς
495 1447 676 1482 γεγενημένον
698 1447 862 1482 συμμορίας,
872 1447 919 1474 καὶ

131 1490 182 1524 τῆς
196 1491 338 1526 συμφορᾶς
353 1491 480 1518 διαλῦσαι
492 1491 523 1518 τὺ
535 1491 626 1526 νέφος.
640 1493 776 1527 Προσήκει
790 1493 844 1528 γὰρ
856 1493 919 1525 τοὺς

968 905 1066 933 cundis
1082 903 1171 931 ventis
1193 902 1311 929 ferretur
1332 902 1339 910 '
1365 899 1582 927 Gubernatorem
1603 895 1706 926 laudat,
1726 897 1754 921 et

967 958 1076 986 gravem
1095 952 1283 983 tempestatem
1298 945 1378 973 nihili
1391 943 1467 971 facit.
1484 943 1618 970 Pietatem
1634 947 1754 974 namque

967 1004 1002 1023 ex
1030 994 1184 1022 calamitate
1212 1000 1261 1019 sua
1288 992 1411 1018 lucratus
1437 993 1489 1020 est,
1509 986 1754 1018 felicissimumque

968 1042 1043 1069 hunc
1073 1041 1112 1067 illi
1140 1039 1260 1066 fructum
1289 1036 1435 1064 infelicitas
1461 1033 1564 1062 attulit.
1595 1032 1663 1059 Nam
1688 1031 1754 1058 dum

968 1093 1100 1122 prospera
1123 1079 1234 1112 fortuna
1259 1086 1395 1114 uteretur,
1423 1077 1584 1116 hujusmodi
1613 1083 1755 1104 sermones

968 1121 1024 1160 non
1045 1130 1208 1159 emittebat:
1228 1129 1275 1156 illa
1294 1135 1360 1154 vero
1377 1126 1521 1162 spoliatus,
1547 1123 1628 1151 simul
1655 1121 1755 1157 abjccit

969 1178 1149 1213 impietatem,
1161 1179 1189 1203 et
1200 1173 1310 1209 pietatis
1326 1172 1438 1200 divitias
1450 1178 1525 1199 nunc
1536 1168 1668 1205 possidet,
1685 1175 1754 1202 qua-

969 1231 1029 1251 rum
1040 1222 1126 1258 gratia
1140 1220 1334 1248 adversitatem
1351 1219 1431 1246 istam
1448 1215 1608 1244 contemnit.
1625 1213 1679 1241 Oro
1702 1212 1754 1239 ita-

969 1277 1023 1304 que
1051 1268 1225 1296 sanctitatem
1249 1271 1335 1298 tuam,
1361 1268 1391 1292 ut
1416 1264 1445 1290 in
1462 1266 1556 1290 extera
1577 1260 1688 1295 regione
1707 1266 1756 1294 pa-

969 1314 1050 1342 triam
1076 1313 1117 1340 illi
1142 1312 1283 1343 restituas,
1308 1314 1336 1338 et
1357 1310 1418 1337 illos
1429 1308 1475 1343 qui
1501 1307 1600 1342 opibus
1615 1304 1756 1332 abundant

969 1357 1099 1390 horteris,
1121 1361 1152 1384 ut
1177 1356 1252 1383 hunc
1275 1355 1323 1390 qui
1339 1354 1368 1381 in
1380 1353 1477 1381 eadem
1496 1352 1582 1379 classe
1597 1350 1649 1377 fuit
1659 1356 1756 1376 conso-

969 1405 1071 1436 lentur,
1094 1407 1122 1431 et
1142 1401 1304 1430 calamitatis
1320 1401 1380 1436 ejus
1395 1399 1496 1427 nubem
1512 1397 1671 1425 discutiant.
1683 1395 1757 1423 Con-

968 1449 1045 1477 venit
1056 1444 1140 1480 enim,
1155 1450 1185 1474 ut
1203 1446 1250 1481 qui
1273 1445 1396 1473 eamdem
1411 1448 1538 1471 naturam
1562 1441 1653 1469 sortiti
1680 1443 1754 1471 sunt,

969 1499 997 1522 et
1013 1493 1140 1521 similiter
1161 1491 1273 1527 quidem
1296 1490 1489 1524 deliquerunt,
1506 1487 1553 1515 sed
1575 1485 1681 1521 1093
1698 1493 1757 1519 paea

131 1536 181 1571 τὴν
205 1536 289 1571 αὐτὴν
306 1536 388 1571 φύσιν
413 1537 558 1572 λαχόντας,
579 1537 628 1564 καὶ
648 1538 748 1572 ὁμοίως
764 1538 812 1573 μὲν
828 1538 918 1574 πλημ-

971 1547 1033 1567 nam
1052 1541 1210 1570 evaserunt,
1228 1537 1256 1563 in
1269 1535 1411 1562 adversam
1428 1534 1567 1561 fortunam
1583 1531 1667 1566 lapsis
1683 1529 1756 1557 sola-

134 1580 292 1616 μελοῦντας,
305 1581 354 1617 τὴν
370 1582 398 1608 δὲ
413 1582 549 1617 τιμωρίαν
563 1582 760 1617 διαφυγόντας,
783 1584 840 1614 τοῖς
854 1583 918 1609 δυσ-

132 1627 235 1662 ημερία
247 1627 426 1662 περιπεσοῦσι
438 1627 616 1662 ψυχαγωγίαν
633 1628 808 1663 προσφέρειν,
820 1628 867 1654 καὶ
885 1629 918 1664 τῇ

133 1673 197 1708 περὶ
209 1673 321 1703 τούτους
337 1672 494 1708 συμπαθείᾳ
508 1672 553 1699 τὸν
567 1672 633 1699 Θεὸν
647 1672 793 1700 ιλεοῦσθαι.

286 1729 347 1755 ΛΒ’.
362 1744 396 1748 —-
414 1729 579 1762 Θεοκτίστῳ
600 1728 764 1762 ἑπισκόπῳ.

169 1774 199 1800 Εἰ
223 1774 291 1800 πᾶσι
314 1775 370 1805 τοῖς
393 1773 598 1809 πλημμελοῦσιν
625 1774 742 1810 ἐπέφερε
764 1774 920 1810 παραυτίκα

134 1818 182 1849 τὰς
206 1819 341 1854 τιμωρίας
367 1820 381 1845 ὁ
399 1819 453 1845 τῶν
477 1819 545 1846 ὅλων
561 1819 638 1852 Θεὸς,
654 1820 758 1850 πάντας
781 1819 814 1846 ἄν
837 1820 920 1855 ἄρδην

134 1863 284 1890 ἀπώλεσεν.
310 1863 419 1898 Ἐπειδὴ
433 1864 461 1890 δὲ
475 1864 562 1898 φειδυῖ
575 1864 621 1890 καὶ
640 1864 830 1899 φιλανθρωπίᾳ
843 1865 920 1891 δικά-

135 1909 184 1944 ζει,
200 1910 263 1940 τοὺς
283 1909 332 1944 μὲν
347 1910 465 1941 κολάζει,
477 1911 533 1940 τοῖς
554 1909 582 1936 δὲ
595 1909 644 1941 τὰς
663 1909 764 1936 τούτων
779 1911 918 1946 τιμωρίας

135 1955 195 1981 ἀντὶ
210 1954 384 1986 διδασκαλίας
413 1955 574 1990 προσφέρει.
593 1954 679 1980 Τοῦτο
703 1955 751 1981 καὶ
776 1955 819 1989 ἐφ’
840 1955 919 1990 ἡμῶν

139 2000 288 2036 πεποίηκεν
302 2000 316 2025 ό
329 1999 530 2036 φιλάνθρωπος.
547 2000 614 2032 Τοὺς
631 2002 684 2035 γὰρ
700 1999 754 2027 ἀπὸ
768 2000 819 2035 τῆς
837 2000 921 2027 πάλαι

137 2046 186 2081 μὲν
196 2046 309 2081 Λιϐύης,
325 2046 372 2073 νῦν
389 2046 418 2072 δὲ
436 2046 571 2081 Ἀφρικῆς
588 2046 768 2081 καλουμένης,
779 2048 839 2078 ταῖς
855 2047 922 2082 ἠμε-

135 2093 227 2128 τέραις
243 2092 375 2127 προσάγει
396 2091 502 2126 θύραις,
529 2092 575 2118 καὶ
593 2092 627 2118 τὰ.
641 2091 743 2118 τούτων
767 2092 922 2124 ἐπιδεικνὺς

136 2137 297 2173 παθήματα,
325 2137 474 2172 δειμαίνειν
492 2137 713 2172 παρασκευάζει,
736 2138 783 2164 καὶ
806 2137 845 2172 τῷ
868 2137 921 2163 δέει

136 2184 202 2218 πρὸς
228 2183 402 2218 συμπάθειαν
420 2183 565 2219 διεγείρει·
590 2184 637 2209 καὶ
658 2183 704 2209 δύο
732 2184 802 2210 κατὰ
833 2183 920 2210 ταυτά

136 2228 259 2255 ἐντεῦθεν
279 2229 478 2259 κατασκευάζει
491 2237 497 2243 ·
515 2229 590 2264 ἡμᾶς
610 2237 640 2255 τε
660 2229 714 2264 γάρ
738 2230 770 2254 ὲκ
782 2229 832 2264 τῆς
849 2229 920 2255 ὲκεί-

137 2282 189 2299 νων
204 2273 329 2304 παιδείας
345 2273 474 2308 ὀνίνησιν,
491 2275 538 2300 καὶ
557 2275 671 2305 ἐκείνοις
685 2274 718 2300 δι’
738 2274 816 2310 ἡμῶν
834 2282 919 2309 προσ-

137 2320 215 2354 φέρει
242 2319 416 2354 παραψυχήν.
438 2320 545 2355 Ταύτην
561 2320 712 2355 παρακαλῶ
729 2329 774 2346 σου
798 2320 847 2356 τὴν
866 2320 921 2347 θεο-

137 2364 244 2391 σὲὃειαν
266 2364 359 2400 ὀρέξαι
381 2365 419 2400 τῷ
439 2365 655 2401 θαυμασιωτάτῳ
678 2367 723 2392 καὶ
750 2367 920 2402 μεγαλοπρε-

137 2409 263 2444 πεστάτῳ
279 2409 470 2444 Κελεστιακῷ·
488 2410 538 2445 τὴν
553 2410 609 2446 γὰρ
626 2411 738 2437 ἐκείνων
755 2412 920 2447 μητρόπολιν

137 2455 221 2483 πάλαι
239 2455 391 2490 κοσμήσας,
414 2456 460 2482 νῦν
476 2456 506 2482 οὐ
529 2456 616 2488 πόλιν,
634 2457 682 2491 οὐχ
699 2456 791 2483 ἑστίαν
808 2457 874 2492 ἔχει,
889 2458 920 2484 οὺ

141 2501 193 2528 τῶν
212 2501 368 2534 ἀναγκαίων
392 2501 440 2536 τὴν
459 2502 563 2536 χρείαν.
586 2503 722 2537 Προσήκει
742 2503 832 2529 τοίνυν
860 2503 921 2535 τοὺς

137 2547 206 2573 κατὰ
219 2547 269 2581 τὴν
287 2546 336 2582 σὴν
351 2547 478 2581 ὁσιότητα
494 2547 581 2582 ψυχὰς
598 2547 753 2582 ποιμαίνειν
774 2557 922 2574 πεπιστευ-

139 2593 236 2626 μένους
249 2592 419 2627 είσηγεῐσθαι
434 2594 489 2624 τοῖς
502 2592 626 2624 πολίταις
642 2593 675 2619 τὰ
691 2593 817 2628 σύμφορα
827 2601 833 2607 ·
851 2594 923 2620 δέον-

139 2646 183 2663 ται
204 2639 257 2673 γὰρ
272 2638 322 2673 τῆς
342 2638 468 2673 τοιαύτης
490 2638 674 2669 διδασκαλίας.
691 2635 729 2665 Oi)
748 2639 779 2673 δὴ
805 2639 884 2674 χάριν
909 2640 924 2665 ὁ

139 2684 208 2715 Esto;
233 2683 393 2715 ’Δπόστολος
421 2685 460 2718 τῷ
490 2684 620 2720 μακαρίῳ
641 2684 714 2718 Τίτῳ
736 2684 849 2719 γράφων
874 2686 922 2712 καὶ

172 2750 195 2766 ⁸⁸
206 2750 260 2776 Tit.
273 2757 310 2782 ιιι,
324 2750 366 2777 14.

174 2811 230 2844 (2i)
246 2810 420 2846 Κελεστιανῷ
437 2811 508 2846 apud
524 2811 622 2838 Baro".

967 1585 1036 1612 tium
1063 1583 1236 1618 impendant,
1255 1585 1283 1608 et
1306 1589 1355 1608 sua
1373 1580 1402 1608 in
1425 1579 1487 1606 illos
1513 1575 1754 1606 commiseratione

969 1632 1055 1659 Deum
1071 1629 1188 1657 reddant
1198 1627 1360 1664 propitium.

1133 1732 1242 1760 XXXII.
1254 1747 1289 1752 ——
1297 1731 1441 1758 Theoclisto
1459 1729 1587 1764 episcopo.

1004 1779 1032 1806 Si
1045 1778 1173 1805 omnibus
1190 1778 1237 1812 qui
1249 1777 1413 1811 delinquunt
1425 1783 1520 1810 pmnas
1535 1774 1660 1809 protinus
1684 1772 1754 1799 irro-

969 1827 1044 1858 garet
1057 1823 1248 1849 universorum
1272 1822 1355 1853 Deus,
1384 1827 1479 1847 omnes
1505 1820 1614 1854 penitus
1639 1818 1754 1845 deleret.

970 1868 1022 1895 Sed
1034 1867 1099 1902 quia
1114 1868 1202 1902 parcit
1218 1872 1245 1894 et
1260 1867 1380 1902 benigne
1405 1865 1521 1901 judicat,
1544 1864 1605 1891 ideo
1623 1864 1691 1890 alios
1707 1871 1757 1898 pu-

969 1914 1020 1947 nit,
1045 1915 1106 1941 aliis
1130 1916 1226 1942 borum
1251 1922 1346 1949 pmnas
1372 1913 1406 1940 ad
1435 1913 1590 1940 doctrinam
1614 1909 1754 1945 proponit.

969 1959 1048 1992 Quod
1076 1961 1159 1987 etiam
1189 1964 1311 1994 tempore
1338 1963 1433 1986 nostro
1458 1958 1585 1993 praestitit
1613 1956 1756 1983 hominum

970 2011 1084 2033 amator.
1103 2006 1183 2034 Cives
1214 2006 1287 2033 enim
1313 2004 1468 2037 Africanos,
1493 2004 1539 2039 qui
1565 2003 1664 2038 Libyes
1690 2001 1755 2028 olim

971 2052 1142 2084 dicebantur,
1170 2051 1204 2079 ad
1227 2052 1326 2086 januas
1339 2055 1447 2078 nostras
1469 2049 1590 2080 adducit,
1605 2049 1757 2082 horumque

971 2104 1108 2123 aerumnas
1121 2097 1270 2123 ostendens
1281 2096 1407 2123 timorem
1423 2094 1532 2126 incutit,
1555 2099 1583 2121 et
1603 2093 1702 2120 timore
1723 2091 1757 2118 ad

972 2142 1238 2170 commiserationem
1263 2142 1390 2170 excitat:
1414 2142 1523 2176 duoque
1553 2140 1647 2167 eadem
1676 2145 1758 2172 opera

936 2197 957 2224 ι)
971 2189 1088 2223 perlicit,
1102 2188 1174 2223 quod
1192 2193 1220 2216 et
1233 2189 1343 2216 illorum
1360 2187 1536 2223 castigatione
1546 2186 1625 2213 nobis
1635 2184 1756 2220 prodest,

972 2239 1000 2261 et
1020 2233 1073 2260 illis
1092 2241 1141 2268 per
1157 2241 1208 2260 nos
1230 2233 1357 2260 solatium
1374 2232 1539 2268 suppeditat.
1555 2232 1612 2259 Hoc
1632 2238 1681 2266 ego
1698 2229 1757 2264 pic-

975 2282 1056 2305 tatem
1074 2281 1146 2304 tuam
1158 2285 1218 2309 oro,
1238 2282 1268 2305 ut
1284 2277 1508 2313 praastantissimo
1532 2281 1560 2303 et
1579 2274 1757 2310 magniﬁcen-

975 2324 1080 2351 tissimo
1096 2328 1206 2358 praestes
1229 2324 1389 2356 Celestiaco,
1406 2323 1452 2358 qui
1468 2330 1529 2350 cum
1546 2322 1655 2348 illorum
1670 2327 1758 2355 quon-

974 2369 1035 2397 dam
1051 2369 1221 2405 Metropolim
1234 2369 1348 2401 ornarit,
1365 2376 1440 2396 nunc
1456 2376 1545 2403 neque
1560 2367 1656 2394 urbem
1668 2372 1757 2400 neque

973 2415 1044 2442 lares
1069 2415 1161 2447 habet,
1176 2422 1265 2449 neque
1280 2414 1402 2441 subsidia
1417 2413 1480 2441 vita:
1494 2411 1656 2440 necessaria.
1668 2410 1758 2445 Opor—

974 2465 1013 2487 tet
1038 2468 1103 2495 ergo
1128 2464 1159 2487 ut
1184 2460 1231 2494 qui
1256 2459 1328 2494 apud
1355 2459 1528 2486 sanctitatem
1557 2461 1630 2484 tuam
1654 2456 1758 2483 animas

975 2505 1125 2540 pascendas
1153 2509 1345 2540 susceperunt,
1373 2504 1480 2532 civibus
1504 2503 1646 2538 profutura
1659 2509 1758 2536 sugge-

975 2555 1047 2578 rant.
1073 2552 1161 2586 Egent
1183 2551 1257 2578 enim
1286 2550 1444 2586 liujusmodi
1466 2549 1620 2584 disciplina.
1640 2547 1718 2575 Unde
1732 2551 1759 2573 et

975 2596 1084 2623 divinus
1093 2596 1241 2631 Apostolus
1252 2597 1333 2624 beato
1352 2596 1414 2623 Tito
1428 2595 1552 2622 scribens
1572 2594 1643 2621 inter
1660 2596 1759 2619 caetera

975 2641 1033 2683 haec
1045 2641 1145 2677 adjecit
1162 2650 1169 2668 ε
1199 2651 1208 2667 ‹
1223 2642 1333 2670 Discant
1342 2645 1433 2668 autem
1450 2645 1478 2667 et
1493 2639 1580 2667 nostri
1597 2638 1678 2666 bonis
1690 2644 1759 2671 ope-

976 2687 1052 2715 ribus
1076 2695 1191 2723 praeesse
1211 2688 1244 2715 ad
1265 2696 1331 2715 usus
1352 2687 1522 2715 necessarios
1538 2686 1571 2712 “.
1587 2695 1595 2711 ι
1612 2683 1761 2712 Enimvero

174 2845 230 2880 (25)
245 2845 292 2873 Est
308 2849 333 2872 et
349 2846 419 2880 apud
444 2846 541 2873 Baron.
564 2846 597 2873 ad
621 2853 684 2873 ann.
709 2846 770 2878 MO,
795 2850 860 2874 tom.
877 2846 920 2879 Vl,
941 2854 969 2881 p.
985 2845 1012 2872 5.
