1962 3051
215 118 279 151 1211

714 125 958 155 THEODORETI
977 124 1145 155 EPISCOPI
1163 125 1346 156 CYRENSIS

1771 126 1840 158 1212

213 177 236 203 si
252 176 348 204 Civitas
361 181 464 210 nostra,
477 178 601 213 quamvis
614 179 731 212 deserta,
745 185 773 207 et
786 181 887 208 incolas
899 188 982 216 pauco

1036 206 1037 209 η
1052 180 1138 206 ταῦτα
1163 180 1357 215 προστέθεικεν
1369 189 1375 195 -
1396 189 1404 206 ι
1417 180 1637 207 Μανθανέτωσαν
1652 180 1680 207 δὲ
1695 181 1720 207 ot
1734 182 1838 216 ἡμέτε-

215 222 328 255 habens,
347 231 450 258 cosque
477 224 585 259 inopes,
611 226 825 255 adventantibus
838 227 1000 262 opitulatur,

217 269 301 295 multo
314 269 399 304 magis
419 270 542 297 Beroeam
560 271 667 308 1094
693 273 720 300 id
743 273 833 301 facere
860 273 1000 306 convenit,

215 321 275 346 quae
292 313 325 340 ad
344 314 475 348 pietatem
490 315 615 343 instituta
640 321 691 350 est,
721 322 766 345 tua
793 318 909 346 maxime
933 325 1001 354 pra:-

214 361 297 385 cuute
308 360 462 386 sanctitate.

329 498 448 526 XXXIII.
460 516 494 519 —
503 499 617 527 Stasime
627 502 715 529 comiti
725 506 749 529 et
762 504 879 538 primati.

245 553 388 588 Tragicam
400 555 518 590 linguam
532 562 712 590 exposcerent
723 566 755 586 ea
770 567 830 594 qum
843 567 939 594 passus
955 565 998 588 est

211 600 451 631 praestantissimus
473 605 500 627 et
519 602 805 636 magnificentissimis
818 605 995 632 Celestiacus.

212 643 250 669 llli
274 644 349 670 enim
373 645 507 673 humanas
522 647 690 675 calamitates
709 649 811 676 aﬂ‘atim
828 650 973 684 deplorant
988 660 994 677 ε

209 695 260 722 ego
284 696 349 715 vero
367 689 393 716 in
407 698 512 718 summa
531 700 638 726 expono
652 694 860 728 magnificentia:
872 699 934 727 tum,
949 704 996 730 pa-

210 733 289 759 triam
317 734 426 768 quidem
456 736 493 762 illi
517 744 577 764 esse
597 739 726 765 omnibus
742 739 808 766 olim
823 740 995 768 decantatam

208 776 331 812 Libyam,
362 780 502 807 civitatem
531 789 596 809 vero
624 784 851 818 spectatissimum
877 785 993 813 Cartha-

204 822 307 855 ginem,
329 825 431 851 tribum
456 830 484 852 et
501 825 632 854 familiam
660 829 686 855 in
711 833 806 856 senatu
829 831 989 864 clarissimo,

204 871 261 894 tum
278 876 345 903 opes
358 878 479 905 magnas,
496 877 523 899 et
534 880 616 907 Sllpl'ﬂ
628 881 708 908 quam
723 882 791 908 opus
804 881 863 903 erat
878 876 990 903 afIluen-

204 915 253 939 tes.
274 914 375 941 Verum
392 915 449 943 haec
464 918 554 944 omnia
572 918 662 945 fabula
675 927 750 946 nunc
760 925 833 951 sunt.
857 925 885 948 et
908 922 989 949 rebus

202 956 333 984 destituta
358 960 490 987 narratio.
518 960 652 989 Omnibus
677 963 750 990 enim
773 964 832 991 istis
851 965 926 991 illum
943 973 989 992 or-

202 1001 277 1029 bavit
293 1003 394 1030 bellum
417 1005 600 1034 barbaricum.
622 1007 695 1036 Talis
717 1009 848 1037 nimirum
871 1015 914 1038 est
935 1011 987 1039 ho-

201 1046 305 1074 minum
315 1048 442 1082 felicitas,
459 1058 519 1085 qua:
534 1053 606 1087 apud
618 1054 729 1081 eosdem
750 1063 859 1090 semper
877 1065 988 1085 manere

201 1100 256 1118 non
276 1094 345 1126 vult,
369 1095 416 1121 sed
440 1096 474 1122 ad
491 1097 559 1125 alios
573 1099 691 1126 transire
705 1100 825 1127 festinat.
843 1102 923 1133 Hunc
938 1110 989 1138 ego

200 1137 409 1171 magnificentia:
428 1144 480 1167 tum
496 1141 632 1176 hospitem
646 1143 742 1176 oﬂ‘ero,
760 1149 787 1171 et
799 1153 865 1181 rogo
883 1150 912 1173 ut
924 1137 988 1182 par-

200 1180 286 1216 ticcps
306 1182 352 1209 flat
370 1183 487 1212 laudata:
504 1186 538 1213 ab
565 1187 693 1215 omnibus
708 1180 905 1218 beneficentiaa.
921 1180 987 1219 I‘eto

197 1227 280 1254 etiam
304 1232 334 1255 ut
356 1229 497 1258 honoratis
519 1233 648 1260 omnibus
661 1239 689 1261 et
705 1234 850 1264 ditissimis
875 1245 924 1272 per
938 1246 987 1265 ex-

198 1271 352 1299 cellentiam
366 1277 439 1301 tuam
456 1275 631 1304 innotescat:
650 1283 680 1305 ut
691 1283 718 1306 et
736 1280 790 1307 illis
805 1271 881 1308 lucri
891 1287 988 1310 auctor

197 1315 244 1347 sis,
267 1321 294 1344 et
320 1319 452 1354 majorem
483 1329 498 1348 a
526 1322 645 1358 benigno
669 1324 725 1352 Dea
738 1327 985 1355 remunerationem

197 1368 376 1397 consequare.

389 1462 508 1493 XXXIV.
519 1466 677 1495 ——Patricio
692 1471 789 1497 comiti.

230 1515 395 1546 Laudabiles
412 1521 523 1555 quidem
546 1528 611 1550 sunt
630 1525 736 1559 species
751 1534 847 1555 omnes
860 1529 980 1564 virtutis,
995 1523 1017 1550 δ

194 1567 290 1588 verum
308 1567 420 1591 caeteras
440 1573 550 1601 quoque
569 1575 649 1596 ornat
667 1569 833 1599 humanitas.
846 1573 921 1601 llanc
933 1583 983 1603 nos

192 1605 301 1634 assidue
314 1608 348 1635 ab
361 1610 556 1639 universorum
571 1614 627 1641 Deo
645 1617 831 1650 exposcimus;
848 1627 897 1653 per
912 1620 983 1648 hanc

194 1659 274 1678 unam
293 1655 372 1681 venia
391 1656 511 1689 potimur
533 1666 595 1685 cum
616 1660 822 1696 delinquimus:
841 1665 898 1692 haec
916 1666 981 1694 facit

193 1697 331 1726 utdt'vites
350 1700 383 1726 ad
399 1708 534 1736 pauperes
548 1705 704 1738 respiciant.
720 1708 824 1744 1095
837 1709 892 1738 Hac
908 1719 980 1746 prae-

190 1741 274 1769 ditam
289 1744 379 1772 sciens
397 1747 628 1781 magnificentiam
655 1755 739 1784 tuam,
754 1741 878 1783 itidenter
903 1741 979 1785 com-

190 1788 289 1815 mendo
325 1793 579 1824 praestantissimum
617 1801 644 1824 et
679 1800 978 1834 magnificentissimum

188 1831 379 1868 Celestiacum,
406 1837 496 1865 virum
515 1840 561 1874 qui
589 1843 736 1870 multarum
754 1847 930 1880 pecuniarum
946 1857 978 1877 ac

188 1879 392 1910 possessionum
414 1882 465 1910 fuit
485 1884 633 1913 dominus:
652 1888 701 1915 sed
722 1879 765 1917 his
788 1892 917 1920 omnibus
932 1902 976 1921 re-

189 1926 270 1967 pente
285 1924 409 1958 privatus
432 1931 484 1961 est,
510 1936 699 1965 paupertatem
724 1939 815 1962 autem
840 1936 919 1965 facile
940 1939 976 1967 ita

187 1965 250 1999 fert,
273 1971 411 2003 quomodo
430 1974 510 2007 pauci
530 1975 650 2004 divitias.
667 1978 787 2014 Tragicos
806 1981 888 2017 hujus
902 1984 975 2011 cala-

187 2012 290 2041 mitatis
309 2022 501 2051 argumentum
523 2020 615 2049 Africa
630 2027 657 2050 et
669 2012 813 2060 Carthago,
829 2012 857 2054 et
871 2028 974 2057 Barba-

189 2064 282 2084 rorum
298 2059 400 2087 clades.
417 2062 473 2097 Ego
497 2064 580 2099 igitur
601 2066 635 2093 ad
653 2071 727 2094 tuam
752 2059 828 2096 illum
849 2071 975 2098 sublimi-

186 2105 268 2129 tatem
284 2104 423 2133 introduxi
441 2116 447 2133 :
464 2113 491 2134 tu
514 2109 598 2137 etiam
626 2111 689 2138 aliis
712 2112 832 2146 insinua,
857 2114 973 2150 illosque

184 2147 218 2174 ad
248 2150 464 2180 misericordiam
491 2154 610 2183 inﬂecte.
634 2156 754 2190 Lucrum
782 2160 855 2187 enim
884 2162 972 2197 majus

183 2194 290 2226 feceris,
303 2196 325 2223 si
338 2198 439 2225 multos
454 2199 652 2228 humanitatem
667 2202 775 2231 doceas.

371 2294 479 2324 XXXV.
489 2312 525 2318 ——
534 2298 636 2327 Irenazo
651 2301 781 2337 episcopo.

215 2349 309 2378 Multis
331 2351 443 2386 quidem
465 2357 493 2381 et
510 2355 581 2387 aliis,
604 2356 725 2390 domine,
736 2359 870 2388 virtutum
886 2369 970 2396 gene-

179 2395 255 2423 ribus
273 2396 362 2424 clarus
382 2406 424 2431 es,
445 2399 580 2434 imprimis
597 2410 663 2430 vero
685 2405 857 2433 sanctitatem
871 2407 878 2416 '
893 2411 967 2436 tuam

178 2446 276 2468 ornant
309 2443 483 2478 humanitas,
512 2450 539 2474 et
570 2449 693 2482 pecunizn
719 2456 907 2486 contemptus,
939 2458 967 2481 et

141 2478 143 2485 κ
176 2486 288 2515 dextera
308 2490 459 2518 remedium
485 2494 629 2527 egentibus
651 2495 873 2526 subministrans.
891 2499 965 2527 Prte-

176 2533 256 2567 cipue
274 2539 364 2562 autem
381 2537 406 2564 in
421 2538 490 2571 illos,
507 2540 554 2574 qui
574 2548 636 2568 cum
658 2541 685 2568 in
708 2544 828 2571 secunda
854 2545 964 2573 fortuna

176 2578 305 2611 vixerint,
334 2580 360 2607 in
382 2583 524 2611 adversam
550 2591 644 2620 postea
664 2588 731 2622 lapsi
743 2593 819 2622 sunt,
833 2591 963 2626 majorem

174 2623 292 2655 confers,
321 2625 368 2652 Dei
397 2627 500 2660 amice,
528 2630 741 2664 providentiam.
776 2633 833 2660 Hoc
859 2633 964 2661 habens

175 2668 356 2703 exploratum,
372 2677 468 2699 notum
483 2673 553 2702 facio
571 2676 665 2710 pietati
694 2681 746 2705 tuae
771 2680 964 2713 prtestantissi-

175 2721 249 2740 mum
272 2719 300 2742 et
319 2718 620 2752 magniﬁcentissimum
646 2722 826 2752 Cclestiacum
845 2734 851 2751 τ
881 2732 962 2759 quem

1054 231 1106 258 ροι,
1124 224 1214 250 καλῶν
1236 224 1326 260 ἔργων
1348 224 1529 259 προΐστασθαι
1558 226 1598 256 εἰς
1614 225 1663 256 τὰς
1684 226 1838 259 ἀναγκαίας

1052 269 1157 304 χρείας.
1170 279 1179 295 ›
1196 270 1227 296 Et
1243 270 1296 304 γὰρ
1311 271 1461 306 ἡήμετέρα
1485 271 1571 303 πόλις,
1584 271 1685 306 ἕρημος
1696 269 1772 303 οὖσα,
1789 272 1838 298 καὶ

1051 314 1160 348 ὀλίγους
1185 316 1332 350 οἰκήτορας
1360 316 1470 351 ἔχουσα,
1497 316 1543 343 καὶ
1568 316 1679 347 τούτους
1700 317 1835 352 πτωχοὺς,

1049 358 1210 394 ψυχαγωγὲί
1220 361 1283 393 τοὺς
1301 361 1525 396 ἀφικνουμένους,
1538 361 1628 396 πολλῷ
1641 362 1738 396 μᾶλλον
1752 371 1838 396 προσ-

1051 404 1113 438 ήκει
1130 405 1179 439 τὴν
1196 405 1311 440 Βέροιαν
1335 406 1464 441 εὐσεϐείᾳ.
1489 406 1734 442 συντεθραμμένην
1757 406 1838 433 τοῦτο

1050 450 1137 475 ποιεῖν
1147 458 1154 465 ·
1171 450 1288 484 μάλιστα
1301 453 1349 486 τῆς
1364 448 1416 486 σῆς
1430 451 1570 487 ὁσιότητος
1583 453 1746 487 ἡγουμένης.

1084 504 1144 531 Al".
1154 520 1189 524 —
1204 506 1340 540 Στασίμῳ
1355 506 1412 542 (ΞΟ)
1426 506 1530 541 κόμητι
1545 507 1593 533 καὶ
1609 508 1797 541 πρωτεύοντι.

1084 548 1226 594 Τραγικῆς
1242 560 1328 586 ἐδεῖτο
1341 560 1464 594 γλώττης
1479 560 1524 587 τοῦ
1541 561 1835 596 μεγαλοπρεπεστάτου

1048 603 1095 630 καὶ
1110 604 1281 636 ἐνδοξοτάτου
1298 605 1480 632 Κελεστιακοῦ
1498 606 1533 632 τὰ
1549 606 1632 640 πάθη.
1651 606 1763 632 Ἐκεῖνοι
1778 606 1835 641 γὰρ

1046 647 1096 679 τὰς
1118 648 1290 683 ἀνθρωπείας
1309 649 1494 685 ἀποχρώντως
1519 650 1661 685 συμφορὰς
1682 649 1835 685 τραγῳδοῦ-

1047 702 1098 720 σιν·
1114 694 1169 728 ὲγὼ
1179 694 1207 721 δὲ
1227 695 1275 730 τὴν
1300 694 1348 730 σὴν
1370 696 1399 721 ἐν
1421 696 1561 730 κεφαλαίῳ
1583 696 1701 722 διδάσκω
1715 695 1833 730 μεγαλο-

1046 738 1190 774 πρέπειαν,
1209 739 1246 770 ὡς
1260 740 1360 775 πατρὶς
1374 740 1423 774 μὲν
1443 740 1517 775 αὐτῷ
1539 741 1554 775 ή
1572 741 1655 767 πάλαι
1677 741 1751 776 παρὰ
1765 740 1832 766 πάν-

1044 792 1098 809 των
1113 783 1228 819 ᾁδομένη
1244 784 1340 819 Λιϐύη,
1355 785 1431 816 πόλις
1446 785 1474 811 δὲ
1494 786 1509 820 ἡ
1526 785 1706 821 περίϐλεπτος
1718 787 1830 821 Καρχη-

1044 827 1107 860 δὼν,
1123 829 1263 864 συμμορία
1276 830 1303 855 δὲ
1316 830 1363 856 καὶ
1380 829 1483 865 πατριὰ
1536 831 1715 865 λαμπροτάτη
1730 830 1810 865 βουλή
1821 837 1829 846 ⁴

1049 874 1164 905 πλοῦτος
1181 874 1208 900 δὲ
1224 875 1315 906 πολὺς,
1333 876 1380 901 καὶ
1396 875 1464 910 ῥέων
1479 875 1549 910 ὑπὲρ
1564 875 1614 910 τὴν
1629 876 1733 911 χρείαν.
1750 875 1829 902 Ἀλλὰ

1041 919 1127 946 ταῦτα
1143 920 1231 946 πάντα
1248 920 1331 955 μῦθός
1344 921 1402 947 ἐστι
1415 921 1472 953 νῦν,
1489 922 1536 948 καὶ
1551 922 1672 957 διήγημα
1687 930 1830 956 γεγυμνωο

1042 964 1123 999 μένον
1149 966 1203 992 τῶν
1218 966 1397 1001 πραγμάτων.
1419 967 1532 993 Πάντων
1543 967 1598 1002 γὰρ
1617 967 1698 993 αὑτὸν
1716 967 1828 993 ἐκείνων

1040 1009 1053 1035 ὁ
1075 1008 1241 1045 βαρῦαρικδς
1268 1011 1398 1046 ἐστέρησε
1421 1011 1548 1046 πόλεμος.
1575 1011 1692 1046 Τοιαύτη
1714 1011 1742 1037 δὲ
1767 1011 1823 1037 τῶν

1039 1054 1192 1089 ἀνθρώπων
1213 1056 1229 1091 ἡ
1249 1056 1391 1091 εὐκληρία,
1410 1057 1460 1083 οὐκ
1483 1057 1526 1083 ἀεὶ
1547 1058 1602 1088 τοῖς
1625 1057 1715 1088 αὐτοῖς
1740 1065 1827 1091 προσ-

1040 1100 1133 1134 μένειν
1146 1100 1360 1133 ὲθέλουσα,ἀλ).ὰ
1376 1101 1422 1127 καὶ
1437 1101 1505 1136 πρὸς
1523 1101 1633 1137 ἑτέρους
1648 1102 1824 1136 μεταϐαίνειν

1040 1144 1218 1180 ἐπειγομένη.
1237 1145 1421 1180 Τοῦτονπρδς
1437 1146 1486 1181 τὴν
1512 1146 1562 1180 σὴν
1586 1145 1827 1181 μεγαλοπρέπειαν

1038 1189 1154 1224 ξεναγῶ,
1177 1191 1223 1216 καὶ
1245 1191 1295 1224 τῆς
1314 1191 1389 1225 παρὰ
1417 1192 1499 1217 πᾶσιν
1512 1192 1645 1227 ᾀδομένης
1671 1191 1826 1227 φιλοτιμίας

1038 1235 1119 1262 αὐτὸν
1140 1235 1294 1263 ἀπολαῦσαι
1314 1237 1476 1271 παρακαλῶ.
1499 1237 1579 1269 ’Δξιῶ
1603 1237 1631 1263 δὲ
1659 1238 1706 1264 καὶ
1723 1238 1827 1269 πάντας

1038 1282 1099 1313 τοὺς
1111 1282 1139 1308 ὲν
1155 1281 1225 1308 τέλει
1242 1282 1290 1308 καὶ
1314 1283 1521 1317 εὐπορωτάτους
1538 1283 1581 1309 διὰ
1598 1283 1649 1318 τῆς
1666 1283 1714 1318 σῆς
1739 1283 1826 1310 αὑτὸν

1037 1327 1139 1360 γνῶναι
1152 1326 1371 1363 θαυμασιότητος
1383 1335 1391 1343 ’
1405 1328 1449 1354 ἵνα
1462 1328 1598 1359 κάκείνοις
1612 1328 1741 1364 πρόξενος
1758 1329 1826 1365 γένῃ

1036 1372 1083 1399 τοῦ
1112 1373 1234 1408 κέρδους,
1259 1373 1304 1399 καὶ
1329 1372 1438 1408 μείζους
1460 1373 1536 1409 παρὰ
1561 1373 1609 1400 τοῦ
1634 1373 1824 1410 φιλανθρώπου

1039 1418 1107 1444 Θεοῦ
1123 1419 1226 1454 κομίσῃ
1241 1419 1290 1450 τὰς
1305 1419 1463 1450 ἀντιδόσεις.

1227 1474 1288 1500 ΛΔ¹.
1301 1487 1334 1493 -ο
1347 1474 1493 1508 Πατρικίῳ
1510 1475 1626 1509 κόμητι.

1070 1529 1197 1556 Ἀπαντα
1215 1529 1264 1564 μὲν
1279 1529 1424 1561 ἀξιέπαινα
1440 1530 1473 1556 τὰ
1486 1529 1543 1564 εῖδη
1557 1529 1608 1563 τῆς
1627 1529 1744 1565 ἀρετῆς·
1757 1531 1773 1565 ἡ
1794 1530 1823 1557 δὲ

1034 1573 1223 1608 φιλανθρωπία
1241 1574 1287 1600 καὶ
1301 1573 1334 1600 τὰ
1357 1574 1426 1601 ἄλλα
1438 1576 1545 1609 κοσμεῖ.
1561 1574 1669 1610 Ταύτην
1693 1575 1823 1611 αίτοῦμεν

1032 1619 1165 1654 διηνεκῶς
1192 1620 1238 1645 τὸν
1267 1619 1321 1646 τῶν
1343 1619 1412 1646 ὅλων
1433 1620 1515 1646 Θεόν·
1540 1621 1584 1647 διὰ
1608 1621 1711 1656 ταύτην
1738 1622 1822 1657 μόνην

1034 1665 1199 1700 συγγνώμης
1227 1665 1400 1700 ἀπολαύομεν
1417 1665 1659 1701 πλημμελοῦντες·
1683 1667 1751 1703 αὕτη
1762 1667 1820 1694 δια-

1031 1711 1145 1736 κύπτειν
1163 1710 1230 1745 πρὸς
1245 1711 1308 1743 τοὺς
1323 1711 1442 1746 πένητας
1456 1712 1661 1746 παρασκευάζει
1677 1714 1722 1740 τὸν
1740 1713 1820 1740 πλοῦ-

1030 1764 1086 1782 τον.
1102 1755 1195 1790 Ταύτῃ
1217 1755 1448 1791 λαμπρυνομένην
1466 1757 1544 1789 εἰδὼς
1558 1757 1608 1793 τὴν
1625 1758 1760 1794 ὑμετέραν
1772 1767 1820 1794 με-

1030 1800 1243 1835 γαλοπρέπειαν,
1261 1801 1370 1836 θαρρῶν
1391 1801 1539 1837 συνίστημι
1562 1803 1608 1829 τὸν
1626 1803 1819 1839 θαυμασιώτα-

1028 1854 1073 1871 τον
1107 1847 1153 1872 καὶ
1184 1847 1478 1882 μεγαλοπρεπέστατον
1498 1847 1704 1880 Κελεστιακδν,
1732 1848 1818 1885 ἄνδρα

1029 1890 1135 1917 πολλῶν
1151 1892 1300 1927 χρημάτων
1319 1892 1365 1918 καὶ
1382 1892 1531 1927 κτημάτων
1552 1893 1686 1928 δεσπότην
1704 1902 1818 1930 γεγενη-

1029 1938 1120 1972 μένον,
1139 1938 1243 1973 ἔρημον
1258 1938 1285 1964 δὲ
1307 1937 1411 1964 τούτων
1436 1938 1568 1973 ἐξαπίνης
1588 1939 1744 1974 γενόμενον,
1767 1940 1816 1974 φέ-

1029 1992 1108 2018 ροντα
1127 1983 1155 2009 δὲ
1173 1983 1222 2017 τὴν
1247 1983 1342 2010 πενίαν
1359 1984 1490 2015 εὐκόλως,
1504 1984 1541 2016 ὡς
1565 1984 1651 2019 ὀλίγοι
1671 1985 1716 2012 τὸν
1732 1986 1815 2012 πλοῦ-

1025 2037 1081 2055 τον.
1100 2028 1153 2055 Τοῦ
1169 2028 1197 2055 δὲ
1211 2028 1261 2063 τῆς
1277 2030 1421 2065 συμφορᾶς
1434 2030 1573 2065 δράματος
1590 2031 1606 2065 ἡ
1622 2031 1751 2063 ὑπόθεσις
1764 2032 1812 2058 Δις

1026 2071 1078 2106 ὃύη
1099 2072 1147 2098 καὶ
1174 2072 1336 2108 Καρχηδὼν,
1360 2073 1406 2100 καὶ
1425 2074 1459 2100 τὰ
1483 2074 1538 2100 τῶν
1557 2074 1703 2110 βαρϐάρων
1727 2077 1811 2103 κακά.

1030 2117 1101 2152 Ἐγὼ
1125 2117 1174 2153 μὲν
1192 2116 1238 2144 οὖν
1254 2117 1336 2144 αὐτὸν
1357 2119 1426 2154 πρὸς
1446 2119 1476 2146 τὺ
1504 2119 1641 2154 ὑμέτερον
1659 2120 1812 2156 ὲξενὰγησα

1026 2163 1142 2198 μέγεθος
1154 2171 1160 2178 ·
1180 2164 1260 2199 ὑμεῖς
1275 2164 1304 2190 δὲ
1319 2165 1374 2195 τοῖς
1391 2165 1482 2196 ἄλλοις
1501 2165 1670 2198 ὑποδείξατε,
1692 2167 1759 2201 πρὸς
1782 2167 1811 2194 δὲ

1024 2209 1070 2235 καὶ
1088 2207 1179 2235 οἶκτον
1192 2209 1248 2244 (27)
1265 2210 1405 2244 κινήσοιτε.
1429 2211 1592 2245 Κερδανεῖτε
1613 2211 1666 2247 γὰρ
1685 2212 1808 2247 μείζονα,

1021 2253 1135 2286 πολλοὺς
1149 2254 1246 2289 φιλανθ
1252 2255 1356 2290 ρωπίαν
1371 2255 1553 2288 διδάσκοντες.

1188 2310 1250 2336 ΛΕ’.
1265 2325 1301 2329 —-
1312 2310 1460 2344 Εἰρηναίῳ
1474 2311 1641 2343 ἑπισκόπῳ.

1054 2364 1166 2396 Πολλοῖς
1182 2365 1230 2399 μὲν
1246 2366 1293 2391 καὶ
1312 2365 1413 2397 ἄλλοις,
1435 2366 1563 2399 δέσποτα,
1588 2366 1752 2401 διαλάμπεις
1768 2368 1807 2394 ετ-

1021 2410 1093 2437 δεσιν
1105 2411 1215 2445 ἀρετῆς,
1229 2412 1278 2446 οὐχ
1288 2411 1388 2446 ἥκιστα
1400 2412 1428 2438 δὲ
1440 2413 1538 2447 κοσμεῖ
1549 2421 1595 2438 σου
1617 2412 1667 2448 τὴν
1680 2413 1808 2449 ὁσιότητα

1020 2456 1227 2491 φιλανθρωπία,
1251 2457 1298 2483 καὶ
1316 2457 1466 2492 χρημάτων
1491 2457 1646 2493 ὑπεροψία,
1664 2459 1710 2484 καὶ
1732 2458 1807 2491 δεξιὰ

1018 2501 1066 2537 τὴν
1080 2502 1132 2529 τῶν
1144 2502 1279 2538 δεομένων
1292 2503 1480 2536 ἀναϐλύζουσα
1497 2504 1655 2539 θεραπείαν.
1665 2505 1806 2540 Διαφόρως

1017 2547 1045 2573 δὲ
1062 2549 1125 2579 τοὺς
1148 2549 1285 2584 εὐπραξίᾳ
1300 2549 1518 2585 τεθραμμένους,
1535 2550 1575 2581 εἰς
1593 2549 1758 2584 δυσκληρίαν
1776 2549 1805 2576 δὲ

1020 2594 1232 2628 μεταπεσόντας,
1257 2595 1378 2626 πλείονος
1392 2594 1486 2627 ἀξιοῖς,
1514 2595 1716 2629 θεοφιλέστατε,
1735 2602 1804 2630 προ‹

1020 2639 1144 2673 μηθείας.
1164 2639 1251 2666 Τοῦτο
1269 2641 1362 2674 σαφῶς
1383 2641 1585 2676 ἐπιστάμενος,
1602 2641 1740 2677 γνώριμόν
1754 2649 1804 2667 σου

1017 2685 1049 2718 τῇ
1068 2684 1207 2720 θεοσεϐείᾳ
1233 2685 1302 2711 ποιῶ
1324 2686 1368 2711 τὴν
1398 2683 1623 2721 θαυμασᾶϋτατον
1644 2686 1691 2713 καὶ
1716 2694 1802 2721 μεγα-

1017 2729 1236 2764 λοπρεπέστατον
1253 2731 1436 2758 Κελεστιακόν
1448 2741 1454 2748 υ
1469 2732 1498 2758 ὃν
1512 2733 1596 2759 πάλαι
1618 2733 1666 2768 μὲν
1681 2733 1710 2759 ἐν
1727 2733 1802 2768 Καρ-

209 2794 267 2845 εξίξξ
283 2795 581 2845 υθξξαξξίξίμςιςγξᾱοῐμτ
603 2802 689 2845 fuisse
715 2803 742 2830 in
770 2804 856 2832 Vatic.
886 2806 957 2840 apud
979 2807 982 2833 ι

1036 2817 1074 2835 in.
1093 2809 1110 2835 l.
1129 2818 1154 2837 c.
1173 2818 1199 2845 p.
1216 2810 1242 2837 5.

208 2825 265 2864 (27)
283 2831 328 2856 mi
344 2825 413 2866 πρὺξ
428 2825 530 2860 tif-nov:
