1962 3051
67 130 144 164 1213

704 134 885 164 EPISTOLA
909 134 1056 164 XXXVII.

1631 137 1699 168 1214

67 187 169 222 χηδόνι
182 186 297 219 πλοῦτος
313 186 434 213 ἐδείκνυε
444 187 491 213 καὶ
505 187 648 213 δυναστεία
662 188 803 224 λαμπρόν·
817 189 863 216 νῦν

919 175 981 216 alias
997 188 1193 224 quidcm'apud
1205 188 1400 223 Carthaginem
1411 187 1514 216 divitiae
1528 193 1556 216 et
1578 191 1701 224 potentia

66 233 100 259 δε
127 232 231 259 τούτων
254 233 465 268 γεγυμνωμένον
491 233 618 259 εὐσέϐεια
646 233 694 260 καὶ
719 235 862 268 φιλοσοφία

69 280 193 313 κοσμεῖ·
211 278 290 313 φέρει
305 279 361 315 γὰρ
383 279 433 314 τὴν
449 278 580 306 δοκοῦσαν
595 279 763 315 δυσπραξίαν
783 280 862 306 εὐθύ-

73 332 150 359 μως,
165 324 259 359 ἐπειδὴ
279 324 327 350 καὶ
340 324 390 359 τῆς
409 325 526 359 ψυχικῆς
543 324 618 359 αὐτῷ
632 325 769 360 σωτηρίας
783 325 862 359 γεγέ-

69 376 158 403 νηται
174 369 312 404 πρόξενος.
326 365 409 400 Οὗτος
423 369 537 403 ἀφίκετο
553 369 602 404 μὲν
618 370 686 405 πρὸς
701 371 775 405 ἡμᾶς
794 370 863 404 μετὰ

71 414 266 449 γραμμάτων,
282 414 331 449 τὴν
352 414 488 450 προτέραν
513 415 596 442 αὑτοῦ
613 415 793 442 διδασκόντων
817 415 862 441 εὺ-

71 459 198 495 ημερίαν
210 469 217 476 ·
244 460 344 495 συχνὰς
357 460 386 487 δὲ
407 461 472 496 παρ’
491 462 558 496 ἡμῖν
583 461 725 497 διατρίψας
743 461 859 496 ἡμέρας,

71 505 217 540 παρέσχεν
232 506 283 540 τῆς
310 505 409 542 πείρας
423 507 473 540 τὴν
495 507 658 542 μαρτυρίαν.
676 504 713 539 υἷι
735 507 768 542 δὴ
784 507 863 542 χάριν

73 550 162 577 αὐτὸν
180 551 227 576 καὶ
247 551 458 586 σπουδαιότερον
482 553 515 587 τῇ
536 553 568 587 σῇ
589 552 758 587 συνιστῶμεν
781 553 864 586 ἁγιω-

74 595 157 631 σύνῃ,
172 596 220 622 καὶ
249 596 462 631 παρακαλοῦμεν
476 598 523 624 καὶ
541 598 598 629 τοῖς
626 597 674 632 τῆς
689 597 794 629 πόλεως
817 597 863 624 εὑ-

75 643 174 677 πόροις
190 641 270 677 δῆλον
282 643 364 668 αὑτὸν
378 643 422 669 διὰ
436 643 485 678 τῆς
501 643 551 678 σῆς
567 643 694 678 γενέσθαι
709 643 862 677 φιλοθεῖαςο

75 687 153 720 εἰκὸς
165 688 220 723 γὰρ
233 688 344 719 αὐτοὺς,
361 688 402 714 τὰ¹
413 689 483 715 κατὰ
502 688 583 715 αὑτὸν
599 688 804 724 μεμαθηκότας,
816 689 865 715 καὶ

75 734 128 769 τὴν
155 735 215 769 ἴσην
238 735 382 766 δείσαντας
401 734 560 770 συμφορὰν,
579 734 729 761 σπουδάσαι
752 735 796 761 διὰ
814 735 865 769 τῆς

77 780 252 814 συμπαθείας
270 780 319 815 τὴν
337 780 470 815 τιμωρίαν
484 780 636 814 διαφυγεῖν.
667 780 865 814 Ἀναγκάζεται

76 825 134 860 γὰρ
160 827 344 861 περινοστεῖν,
370 825 417 852 ἆτε
447 826 478 859 δὴ
506 825 635 852 πλειόνων
660 825 865 860 δαπανημάτων

913 234 1092 267 conspicuum
1118 233 1290 260 reddebant:
1316 241 1390 260 nunc
1415 241 1479 260 vero
1502 234 1545 261 his
1556 235 1700 270 spoliatum

913 279 1001 313 pietas
1013 283 1093 306 ornat
1104 283 1132 306 et
1146 279 1330 314 philosophia.
1350 279 1414 306 Fert
1429 280 1502 306 enim
1515 288 1594 314 aequo
1609 281 1701 308 animo

914 331 996 358 quam
1024 328 1122 359 putant
1148 324 1359 351 infelicitatem:
1389 325 1490 359 quippe
1516 333 1577 359 qua).
1605 327 1701 354 salutis

914 369 1012 397 anima
1028 370 1080 404 ipsi
1104 377 1185 397 causa
1199 370 1260 397 fuit.
1280 371 1360 398 Venit
1372 371 1396 398 is
1405 371 1438 398 ad
1450 379 1500 398 nos
1513 379 1574 410 cum
1591 372 1700 404 litteris.

914 423 976 450 quae
1006 416 1149 450 pristinam
1180 417 1240 451 ejus
1270 419 1482 451 prosperitatcm
1517 417 1701 444 indicabant:

915 461 1063 495 multisque
1078 461 1149 496 apud
1169 469 1220 488 nos
1235 462 1332 489 diebus
1346 467 1541 495 commoratus,
1557 463 1704 497 experien-

915 504 960 532 tia:
986 505 1104 540 praebuit
1128 506 1327 533 testimonium.
1354 506 1538 540 Quamobrem
1552 508 1704 535 studiosius

914 549 990 577 illum
1017 554 1070 578 tua:
1100 551 1325 579 commendamus
1354 553 1509 584 sanctitati,
1538 561 1704 588 oramusque

917 597 1024 633 1096
1039 602 1068 624 ut
1082 597 1191 635 pietatis
1209 602 1262 625 tua:
1279 606 1362 633 opera
1381 598 1519 633 opulentis
1533 598 1642 626 civibus
1663 599 1706 626 in-

915 646 1050 670 notescat.
1080 643 1235 670 Verisimile
1258 644 1331 671 enim
1357 647 1400 671 est
1425 644 1499 676 illos,
1524 644 1570 671 ubi
1585 652 1629 671 res
1645 645 1705 679 ejus

915 688 1069 723 cognorint,
1090 697 1183 724 parem
1201 693 1356 717 metuentes
1375 690 1567 723 calamitatem,
1592 698 1705 725 operam

915 733 1038 765 daturos,
1063 738 1093 760 ut
1115 734 1332 760 commiserando
1350 741 1456 768 poenam
1470 734 1611 769 effugiant.
1626 734 1706 770 Cogi-

917 782 962 804 tur
975 786 1093 813 namque
1104 779 1262 811 circumire,
1276 783 1306 806 ut
1324 779 1371 813 qui
1387 781 1544 814 sumptibus
1556 786 1634 816 egeat
1645 789 1703 808 am-

918 824 1064 858 plioribus,
1078 825 1151 859 quod
1164 833 1217 852 una
1232 833 1293 852 cum
1307 833 1340 852 eo
1352 825 1408 852 sint
1421 833 1500 858 uxor,
1512 831 1541 853 et
1553 826 1613 859 filii,
1625 830 1653 853 et
1663 826 1704 853 fa-

76 870 219 905 δεόμενος·
244 871 351 897 σύνεστι
371 871 424 907 γὰρ
440 871 515 906 αὐτῷ
540 871 588 898 καὶ
603 871 721 907 γαμετὴ,
737 871 783 897 καὶ
801 880 863 898 παι-

919 869 993 903 muli,
1010 870 1056 904 qui
1068 870 1249 897 Barbarorum
1265 877 1362 898 manus
1378 870 1460 899 simul
1476 875 1633 898 evaserunt.

77 917 137 950 δία,
150 918 197 945 καὶ
211 918 236 944 oi
257 918 445 953 συμφυγόντες
462 918 565 945 οἰκέται
580 917 633 944 τῶν
654 916 798 952 βαρϐάρων
815 916 865 948 τὰς

77 963 185 999 χεῖρας.

147 1030 216 1063 Δςν.
229 1044 266 1050 -
283 1029 463 1064 Πομπηΐαν-ᾧ
478 1030 635 1061 ἐπισκόπῳ
656 1029 795 1064 Ἐμέσης.

119 1084 276 1120 Ἀμφότερα
296 1083 356 1112 οἶδα
376 1085 479 1119 σαφῶς,
496 1086 544 1112 καὶ
572 1085 627 1112 τῶν
642 1086 794 1121 χρημάτων
815 1085 865 1120 τὴν

79 1129 189 1161 σπάνιν,
204 1130 253 1157 καὶ
262 1130 313 1165 τὴν
335 1130 537 1166 μεγαλοψυχίαν
551 1131 603 1166 τῆς
618 1130 744 1166 γνώμης,
765 1131 813 1158 καὶ
827 1132 865 1163 ὡς

78 1174 128 1209 τὴν
139 1174 242 1202 ἔνδειαν
254 1176 271 1211 ἡ
285 1175 425 1211 φιλοτιμία
436 1177 508 1211 νικᾷ.
519 1176 568 1202 Διά
577 1185 618 1202 τοι
631 1176 710 1202 τοῦτο
721 1176 866 1212 συνίστημι

76 1224 128 1247 ’σου
141 1222 174 1256 τῇ
190 1221 309 1256 ὁσιότητι
323 1221 369 1248 τὸν
389 1221 614 1256 θαυμασιώτατον
633 1221 680 1248 καὶ
696 1222 868 1256 μεγαλοπρε-

80 1267 215 1294 πέστατον
233 1266 414 1293 Κελεστιακὺν
428 1286 435 1297 ,
455 1266 561 1293 πολλῶν
584 1267 633 1301 μὲν
651 1267 800 1302 χρημάτων
818 1267 867 1294 καὶ

80 1312 228 1347 κτημάτων
246 1312 330 1338 πάλαι
344 1312 477 1347 δεσπότην
488 1313 683 1347 γεγενημένον,
699 1314 767 1348 μετὰ
784 1314 867 1348 μόνης

85 1357 114 1382 δὲ
125 1357 174 1392 τῆς
192 1356 349 1392 ἐλευθερίας
364 1357 419 1385 τῶν
437 1357 582 1392 βαρϐάρων
597 1357 645 1389 τὰς
661 1359 753 1393 χεῖρας
771 1359 867 1393 διαφυ-

81 1403 173 1436 γόντα,
190 1403 238 1429 καὶ
262 1402 394 1438 πρόσοδον
413 1403 452 1434 είς
468 1403 596 1438 ἀφορμὴν
618 1403 678 1438 βίου
700 1404 748 1430 νῦν
770 1403 866 1439 ἔχοντα

81 1448 135 1474 τῶν
145 1449 214 1475 κατὰ
227 1449 277 1484 τὴν
294 1448 342 1484 σὴν
355 1449 493 1482 φιλοθεῒαν
507 1449 558 1484 τὴν
570 1449 866 1485 εὐσπλαγχνίαν.Ἕχει

81 1493 109 1518 δὲ
122 1493 169 1519 καὶ
188 1493 336 1528 φροντίδων
360 1493 460 1528 ὲσμόν·
485 1494 594 1520 σύνεστι
617 1494 673 1529 γὰρ
690 1495 765 1530 αὑτῷ
781 1496 828 1522 καὶ
848 1496 865 1531 ἡ

1005 1028 1336 1064 ΧΧΧἮ.-Ροηιρεὶαηο
1360 1028 1478 1064 episcopo
1505 1028 1616 1056 Emam.

951 1084 1082 1118 Apprime
1099 1089 1216 1118 utraque
1229 1084 1304 1116 novi,
1321 1087 1350 1111 et
1360 1083 1539 1118 pecuniarum
1550 1083 1704 1118 penuriam,

916 1133 944 1156 et
963 1129 1047 1156 animi
1062 1130 1291 1165 magnitudinem,
1305 1133 1334 1156 et
1349 1129 1478 1164 egestatis
1489 1129 1630 1156 victricem
1644 1137 1706 1156 esse

917 1175 1144 1203 munificentiam.
1159 1176 1309 1210 Propterea
1324 1174 1488 1202 commendo
1500 1175 1639 1202 sanctitati
1653 1179 1706 1202 tua:

917 1221 1174 1255 pratstantissimum
1199 1225 1227 1248 ct
1254 1219 1557 1255 magniﬁcentissimum
1571 1219 1705 1247 Celestia-

917 1273 990 1298 cum,
1012 1266 1059 1300 qui
1084 1266 1235 1292 multarum
1251 1265 1431 1300 pecuniarum
1457 1268 1485 1291 et
1500 1265 1706 1298 possessionum

916 1311 1045 1338 dominus
1057 1311 1122 1339 olim
1135 1311 1197 1343 fuit,
1211 1311 1268 1338 sola
1287 1318 1352 1337 vero
1366 1318 1429 1338 cum
1455 1310 1583 1337 libertate
1609 1309 1708 1337 Barba-

917 1365 1012 1385 rorum
1028 1365 1126 1384 manus
1153 1357 1250 1388 evasit,
1277 1361 1304 1383 et
1322 1359 1485 1391 proventum
1512 1355 1546 1382 ad
1562 1355 1625 1383 vitae
1646 1363 1708 1383 sus—

919 1403 1096 1430 tentationem
1120 1411 1196 1430 nunc
1220 1410 1306 1430 unum
1332 1402 1425 1433 habet,
1444 1409 1541 1428 eorum
1568 1401 1617 1435 qui
1647 1400 1708 1435 pie-

919 1447 983 1475 tatis
995 1452 1049 1475 tua:
1067 1448 1171 1475 similes
1193 1451 1258 1474 sunt
1274 1445 1502 1474 misericordiam.
1519 1445 1599 1472 Ducit
1617 1449 1707 1472 autem

919 1501 1014 1521 secum
1038 1497 1066 1521 et
1092 1500 1221 1520 curarum
1247 1500 1373 1519 examen.
1389 1491 1457 1520 Cum
1478 1491 1537 1526 ipso
1553 1490 1627 1518 enim
1644 1494 1709 1517 sunt

81 1537 128 1564 τοῦ
144 1537 201 1572 βίου
217 1538 353 1569 κοινωνὸς,
369 1538 417 1564 καὶ
434 1538 468 1564 τὰ
495 1538 600 1570 παιδία,
622 1539 670 1565 καὶ
690 1538 865 1573 θεράποντες,

919 1545 947 1568 et
967 1541 1030 1568 vitae
1050 1539 1136 1571 socia,
1161 1542 1189 1565 et
1213 1538 1273 1570 ﬁlii,
1302 1542 1330 1565 et
1348 1537 1453 1569 famuli,
1470 1544 1542 1571 quos
1552 1544 1606 1563 non
1624 1536 1709 1563 solius

82 1582 113 1608 οὐ
129 1582 172 1608 διὰ
194 1582 290 1617 χρείαν
316 1582 409 1617 μόνην,
436 1582 503 1609 ἀλλὰ
521 1583 567 1609 καὶ
592 1583 637 1609 διὰ
661 1583 866 1619 φιλανθρωπίαν

88 1629 227 1659 συνόντες·
244 1628 294 1663 οὑχ
308 1629 414 1662 ἡγεῖται
428 1628 481 1663 γὰρ
492 1628 564 1654 ὅσιον
584 1628 720 1655 ἀπολῦσαι
739 1629 801 1661 τοὺς
817 1629 867 1656 οὐκ

83 1674 281 1709 ἀνασχομένους
297 1672 466 1700 καταλιπεῖν.
480 1673 580 1699 Τοῦτον
596 1674 642 1701 καὶ
657 1675 711 1705 τοῖς
723 1675 868 1710 εὐποροῦσι

84 1720 138 1747 τῶν
152 1720 271 1746 πολιτῶν
294 1719 433 1755 γνώριμον
454 1720 581 1754 γενέσθαι
603 1720 646 1746 διὰ
667 1721 717 1755 τῆς
734 1721 783 1754 σῆς
799 1721 869 1755 φιλο-

85 1766 158 1798 (ista;
171 1766 337 1801 παρακαλῶ·
353 1764 430 1802 οἶμαι
443 1766 508 1801 γὰρ,
520 1766 558 1797 ὡς
584 1765 631 1792 καὶ
650 1766 726 1800 παρὰ
745 1766 795 1800 τῆς
819 1765 869 1801 σῆς

84 1811 219 1845 ὁσιότητος
229 1811 428 1845 διδασκόμενοι,
441 1812 487 1838 καὶ
502 1811 552 1846 τὴν
561 1812 611 1846 τῆς
621 1810 770 1845 εὐπραξίας
785 1810 870 1845 ὁρῶν-

85 1864 130 1887 τες
148 1855 310 1892 μεταϐολὴν,
324 1857 374 1891 τὴν
392 1855 452 1891 σὴν,
464 1855 591 1886 δέσποτα,
609 1855 811 1890 μεγαλοψυχίαν
829 1863 870 1889 μι-

88 1901 227 1936 μήσονται.
252 1901 300 1927 καὶ
317 1901 365 1935 τῆς
389 1900 505 1935 δυνατῆς
527 1900 608 1926 αὑτὸν
625 1899 772 1932 ἀξιώσουσι
791 1899 870 1935 θερα-

86 1946 174 1978 πείας,
188 1945 239 1980 τῆς
254 1945 362 1980 φύσεως
379 1945 410 1972 τὺ
425 1945 514 1972 κοινὸν
530 1945 714 1980 λογισάμενοι.

257 2013 316 2040 AZ’.
326 2007 363 2032 -'—
376 2011 552 2044 Σαλουστίῳ
562 2011 694 2045 ἄρχοντι.

121 2070 205 2097 Ὅταν
231 2070 256 2097 οἱ
272 2069 366 2105 ἄρχειν
389 2069 516 2104 λαχόντες
532 2068 650 2100 ἀκλινῶς
671 2067 808 2103 κατέχωσι
821 2067 871 2103 τὴν

86 2117 134 2152 τῆς
146 2116 224 2152 δίκης
237 2116 384 2152 τρυτάνην,
397 2116 443 2142 καὶ
456 2115 519 2147 ἴσως
529 2114 578 2150 τὴν
590 2114 710 2150 ἀρτάνην
725 2114 869 2146 ἀνέλκωσι,

89 2162 263 2189 παντοδαπῶν
280 2161 390 2196 ἀγαθῶν
402 2162 458 2193 τοῖς
475 2161 636 2196 ἀρχομένοις
649 2160 809 2196 προξενοῦσι
824 2168 874 2195 φο-

918 1585 1091 1614 necessitatis
1116 1591 1198 1612 causa
1229 1584 1340 1616 retinet,
1366 1591 1462 1610 verum
1485 1583 1568 1610 etiam
1583 1581 1709 1608 humani-

919 1631 982 1658 tatis
1000 1639 1007 1657 :
1026 1629 1090 1665 quia
1105 1629 1183 1656 nefas
1199 1629 1277 1656 ducit
1289 1636 1337 1656 eos
1364 1628 1513 1660 dimittere,
1542 1627 1589 1662 qui
1619 1627 1709 1661 ipsum

919 1676 1048 1704 deserere
1072 1683 1128 1702 non
1153 1675 1356 1702 sustinuerunt.
1388 1674 1466 1702 Hunc
1493 1674 1595 1701 civium
1624 1672 1708 1699 etiam

919 1721 1063 1749 ditissimis
1089 1729 1174 1756 opera
1195 1725 1241 1748 tua
1266 1721 1438 1748 innotescere
1464 1720 1556 1755 cupio.
1574 1718 1619 1746 Sic
1633 1718 1708 1745 enim

919 1766 1043 1794 futurum
1058 1766 1189 1798 arbitror,
1203 1769 1234 1792 ut
1246 1765 1358 1800 pietatis
1370 1768 1423 1791 tua:
1438 1764 1594 1800 magisterio
1606 1762 1708 1795 edocti.

919 1815 947 1839 et
970 1811 1110 1839 felicitatis
1129 1815 1274 1838 cernentes
1288 1810 1479 1841 mutationem,
1497 1813 1525 1836 et
1537 1809 1621 1835 animi
1637 1811 1644 1818 '
1658 1808 1709 1840 tui,

923 1856 1044 1889 domine,
1068 1855 1285 1891 magnitudinem
1310 1855 1465 1887 imitentur,
1488 1858 1516 1881 et
1535 1861 1710 1881 communem

920 1908 1045 1929 naturam
1073 1906 1243 1937 reputantes,
1268 1901 1422 1929 subsidium
1442 1901 1467 1928 ei
1493 1900 1637 1927 conferant
1660 1906 1710 1934 pro

922 1948 1061 1976 facultate.

1029 2015 1134 2050 1097
1149 2014 1279 2042 XXXVII.
1295 2029 1330 2034 —
1344 2013 1462 2042 Salustio
1475 2015 1592 2049 prwsidi.

956 2070 1008 2103 Qui
1021 2071 1210 2106 magistratum
1223 2070 1316 2098 sortiti
1335 2070 1468 2096 trutinam
1478 2070 1593 2105 justitize
1604 2075 1708 2098 rectam

923 2119 1028 2148 tenent,
1040 2123 1073 2143 ac
1090 2115 1245 2143 funiculum
1271 2115 1416 2149 aequaliter
1431 2115 1571 2147 attollunt,
1593 2114 1628 2142 iis
1641 2123 1711 2150 quos

924 2166 1021 2196 regunt
1032 2161 1170 2189 bonorum
1179 2160 1301 2188 omnium
1310 2160 1416 2195 copiam
1426 2160 1548 2194 pariunt.
1557 2160 1635 2193 Quod
1646 2160 1668 2188 si
1682 2163 1712 2187 et

90 2207 148 2242 ραν.
173 2208 222 2233 Ἂν
240 2207 268 2233 δὲ
284 2207 317 2242 δὴ
332 2207 380 2233 καὶ
402 2206 508 2238 σύνεσις
532 2205 683 2242 ἀποχρῶσα
693 2207 793 2242 προσῇ,
821 2206 867 2233 καὶ

920 2209 1066 2244 prudentia
1076 2207 1214 2235 sufficiens
1226 2206 1306 2238 adsit,
1316 2209 1344 2233 et
1359 2205 1539 2233 humanitatis
1548 2206 1575 2233 in
1588 2214 1652 2233 eum
1663 2206 1711 2241 qui

88 2251 290 2286 φιλανθρωπίας
299 2251 338 2286 τῷ
347 2251 448 2285 ταύτης
455 2250 574 2286 δεομένῳ
582 2251 760 2286 προστίθηται
768 2250 868 2285 ψῆφος,

89 2297 277 2324 πολλαπλάσια
289 2298 345 2328 τοῖς
365 2297 495 2331 ὑπηκόοις
508 2297 540 2322 ὲκ
549 2295 604 2323 τῶν
618 2297 737 2332 ἀρχείων
752 2296 868 2323 ἅναῦλα-

89 2343 178 2370 στάνει
193 2342 249 2377 (28)
266 2342 346 2369 καλά.
360 2342 469 2369 Τούτων
490 2342 534 2369 διὰ
551 2343 601 2378 τῆς
617 2343 665 2378 σῆς
681 2341 871 2376 λαμπρότητος

90 2387 291 2418 ἀπολαύσαντες
308 2388 503 2422 Εὑφρατήσιοι,
516 2387 563 2414 καὶ
573 2387 622 2421 τὴν
638 2388 735 2421 πεῖραν
746 2386 871 2413 διδάσκα-

90 2435 131 2461 λον
148 2433 255 2468 ἔχοντες
267 2433 321 2459 τῶν
333 2433 383 2467 τῆς
401 2432 536 2468 προτέρας
555 2433 642 2467 ἀρχῆς
662 2431 772 2466 ἀγαθῶν
786 2452 793 2464 ,
811 2432 872 2467 ὲχό-

92 2487 187 2515 ρευσαν
198 2479 245 2505 ἐπὶ
259 2478 305 2505 τοῦ
319 2478 462 2512 παρόντος,
481 2478 529 2513 τὴν
547 2478 596 2514 σὴν
619 2477 810 2513 μεμαθηκότες
825 2486 869 2512 με·

90 2525 287 2560 γαλοπρὲπειαν
300 2524 502 2559 ἐγχειρισθῆναι
517 2525 566 2559 τῆς
582 2524 668 2559 ἀρχῆς
687 2524 722 2550 τὰ
745 2524 871 2559 πηδάλια.

97 2571 201 2605 Ἐγὼδὲ
218 2571 349 2606 μειζόνων
364 2571 463 2603 αὐτοὺς
487 2570 602 2605 εὔχομαι
625 2571 717 2605 τυχεῖν
739 2570 849 2604 ἀγαθῶν
864 2591 871 2603 ,

91 2618 134 2645 καὶ
149 2619 198 2653 τὴν
210 2618 259 2653 σὴν
269 2618 450 2652 λαμπρότητα
464 2617 587 2648 πλείονος
603 2616 727 2648 εὐκλείας
753 2617 871 2651 μεταλα-

93 2664 144 2691 6εῖν
160 2664 213 2698 (29)
225 2673 232 2679 '
250 2663 432 2700 προστεθῆναι
446 2664 473 2690 δὲ
488 2665 543 2695 τοῖς
557 2663 646 2694 ἄλλοις
658 2663 750 2695 καλοῖς
768 2663 871 2690 καὶτὸν

93 2710 228 2744 κολοφῶνα
253 2710 306 2736 τῶν
330 2709 439 2743 ἀγαθῶν
464 2709 512 2745 τὴν
527 2709 667 2736 εὐσέϐειαν
680 2730 687 2742 ,
709 2709 752 2736 ἵνα
767 2709 804 2744 μὴ
818 2718 871 2744 χω-

93 2755 153 2790 λεύῃ
170 2754 225 2781 τῶν
238 2754 465 2789 ἐγκωμιαζόντων
481 2755 495 2781 ό
511 2754 629 2786 ἔπαινος.
647 2755 767 2782 Ἥλπισα
779 2755 808 2782 δὲ
824 2756 871 2782 καὶ

127 2833 178 2865 (28)
195 2832 294 2858 ἀναϐλυ
300 2832 397 2859 accivit.
414 2831 496 2866 Neap.

917 2259 980 2290 eget
997 2253 1159 2289 suffragium
1172 2253 1297 2284 accedat,
1308 2252 1473 2287 multiplicia
1485 2252 1512 2279 in
1530 2253 1657 2280 subditos
1677 2260 1711 2280 cx

919 2300 1055 2336 praetoriis
1075 2299 1219 2327 commoda
1243 2299 1408 2326 redundant.
1425 2298 1474 2326 llis
1488 2307 1537 2334 per
1556 2299 1713 2327 claritatem

920 2349 994 2371 tuam
1013 2344 1166 2380 degustatis
1188 2343 1377 2380 Euphrates“,
1406 2345 1711 2379 magistrambabentes

919 2389 1116 2423 experientiam
1123 2389 1257 2416 bonorum
1270 2389 1371 2424 prioris
1384 2383 1644 2422 administrationis,
1660 2397 1711 2416 ex—

921 2433 1059 2460 sultarunt
1068 2433 1161 2465 modo,
1178 2440 1240 2460 cum
1258 2433 1467 2468 magnificentia
1495 2438 1548 2461 tua:
1565 2434 1715 2461 commissa.

921 2479 1091 2514 praefecturae
1128 2479 1317 2514 gubernacula
1353 2479 1524 2507 didicerunt.
1555 2480 1613 2515 Ego
1641 2488 1714 2508 vero

921 2526 1026 2560 majora
1040 2525 1103 2552 illos
1117 2525 1249 2560 consequi
1266 2529 1332 2560 opto
1347 2525 1430 2557 bona,
1451 2531 1479 2553 et
1495 2525 1629 2560 ampliore
1654 2526 1709 2552 cla—

921 2570 1030 2598 ritatem
1044 2576 1117 2598 tuam
1134 2571 1220 2606 gloria
1237 2571 1332 2606 potiri,
1349 2574 1431 2605 atque
1444 2571 1478 2598 ad
1492 2575 1591 2598 caetera
1608 2571 1711 2598 eximia

924 2617 993 2644 bona
1009 2617 1146 2644 bonorum
1161 2617 1343 2651 colophonem
1358 2616 1440 2652 adjici
1453 2617 1595 2651 pietatem,
1607 2624 1642 2643 ne
1657 2625 1709 2644 en-

921 2662 1009 2689 comia
1023 2662 1222 2689 celebrantium
1239 2661 1376 2690 cfaudicet
1393 2662 1524 2690 laudatio.
1541 2662 1626 2689 Porro
1644 2670 1707 2697 spe-

921 2709 1025 2741 rabam,
1039 2716 1095 2744 quo
1125 2713 1250 2744 tempore
1273 2709 1345 2744 apud
1369 2708 1538 2744 Hierapolim
1566 2709 1710 2743 plusculos

920 2756 980 2783 dies
1003 2755 1108 2783 versari
1127 2759 1240 2783 coactus
1258 2763 1330 2788 sum,
1364 2756 1392 2783 in
1415 2755 1622 2791 magnificentia
1654 2759 1712 2783 tute

958 2832 1012 2865 (2m
1031 2833 1200 2867 μετειλαχεῖν.
1219 2832 1303 2859 Itlcm.
