1962 3051
236 109 304 143 1215

734 109 978 140 THEODORETI
996 108 1165 138 EPISCOPI
1184 109 1366 139 CYRENSIS

1794 107 1869 139 1216

234 173 414 202 congressum
424 172 469 192 me
481 169 641 197 venturum,
651 169 679 192 et
689 164 871 192 adventantes
878 168 1024 199 perconta-

1080 163 1268 196 συντεύξεσθαί
1284 172 1331 190 σου
1340 165 1374 199 τῇ
1389 163 1623 199 μεγαλοπρεπείᾳ,
1647 162 1729 198 ήνίκα
1751 161 1872 192 πλεέους

236 214 285 240 bar
296 211 418 243 assidue,
433 218 467 237 an
485 210 653 245 praestantiae
668 216 720 238 tua:
737 211 819 238 allata
838 215 931 238 essent
952 210 1021 237 msi-

235 258 298 294 gnia
320 257 505 291 magistratus.
521 256 575 283 Sed
593 256 658 290 quia
673 257 789 291 urgebat
809 256 903 283 divina
925 259 954 282 et
977 263 1022 282 sa~

235 303 332 330 lutaris
357 302 500 333 festivitas,
528 301 561 328 ad
588 302 763 328 commissam
787 302 855 328 mihi
881 301 1022 328 civitatem

235 356 297 375 sum
321 355 459 375 reversus.
489 347 568 374 Nunc
579 355 646 374 vero
668 347 790 382 acceptis
813 346 1023 382 magniﬁcentiae

237 399 290 420 tua:
307 393 419 425 litteris,
432 397 514 428 atque
526 388 569 420 his
584 393 734 428 plurimum
763 393 892 425 recreati,
908 397 936 419 et
951 393 1023 419 salu-

237 439 350 466 tationis
381 439 505 466 debitum
520 440 699 472 exsolvimus,
717 444 746 467 et
760 439 1022 467 reverendissimum

236 492 268 512 ac
280 485 519 520 religiosissimum
546 484 703 517 diaconum,
732 493 865 520 aquarum
890 484 1023 519 indagan-

236 531 333 558 darum
346 531 394 558 Dei
411 531 544 558 beneﬁcio
561 532 692 566 peritum,
702 535 734 558 ut
752 532 873 567 jussisti,
896 530 1023 558 misimus

236 586 252 604 e
265 577 391 612 vestigio.
410 577 489 604 Faxit
506 577 642 612 benignus
657 578 800 610 Dominus,
821 583 852 605 ut
873 583 901 604 et
916 577 1022 604 civitati

237 622 337 649 utilem
352 623 482 650 exhibeat
508 630 631 658 operam,
647 628 676 651 et
686 623 804 651 claritati
825 627 878 651 tum
902 627 1023 659 segetem

237 667 339 702 gloriae.

384 764 496 799 1098
518 764 662 792 XXXVIII.
677 779 710 785 —
722 764 899 791 Heorrastica.

274 819 372 846 Divina
389 823 418 846 et
437 819 566 846 salutaris
581 819 719 846 festivitas
736 826 931 846 concesseram
943 818 1025 845 nobis
1042 833 1062 860 Β

238 872 253 891 a
269 865 325 892 Deo
336 865 471 892 bonorum
498 864 589 892 fontes
609 864 712 897 attulit,
735 864 827 891 erucis
847 863 1024 896 beneﬁcium,

237 910 483 942 immortalitatem,
503 915 595 937 natam
606 917 639 936 ex
653 909 794 937 Dominica
810 913 898 936 morte
915 909 1025 936 Domini

237 955 326 983 nostri
344 956 409 983 lesu
439 955 682 988 resurrectionem,
702 963 763 990 qua:
777 963 951 982 communem
969 963 1028 981 om-

238 1001 322 1028 nibus
349 1001 581 1028 resurrectionem
599 1001 757 1036 pollicetur.
786 1001 850 1028 Hzec
883 1001 1027 1036 proferens

237 1047 383 1079 festivitas,
405 1051 434 1074 et
451 1047 552 1074 divinae
569 1047 664 1082 gratiae
690 1046 909 1074 muniﬁcentiam
931 1051 1027 1074 osten—

238 1093 307 1119 dens
319 1093 352 1119 ad
366 1092 519 1127 spirilalem
537 1093 659 1120 laetitiam
678 1093 856 1128 provocabat.
875 1092 928 1120 Sed
953 1092 1027 1119 cala—

238 1138 444 1173 mitatum,qua:
461 1139 583 1173 undique
596 1147 646 1166 nos
663 1138 854 1170 circumstant,
867 1137 1027 1173 magnitudo

237 1187 267 1210 et
283 1183 433 1211 multitudo
443 1183 602 1211 festivitatis
616 1185 624 1193 ‘
637 1184 804 1211 hilaritatem
818 1183 986 1215 obscuravit,
1000 1187 1029 1210 et

238 1230 365 1264 planctus
395 1230 542 1264 luctusque
570 1229 672 1257 divinis
705 1229 835 1256 laudibus
866 1229 1026 1256 admiscuit.

238 1274 319 1302 Tales
330 1275 432 1310 quippe
445 1279 509 1302 sunt
524 1275 606 1302 fastus
617 1275 733 1310 peccati.
743 1274 800 1302 Hoc
811 1274 886 1302 enim
901 1277 943 1301 est
954 1274 1029 1309 quod

238 1321 333 1349 dolore
344 1322 427 1349 vitam
442 1325 566 1348 nostram
587 1321 705 1356 replevit
724 1329 731 1348 :
755 1325 868 1356 propter
881 1321 935 1348 hoe
947 1328 1024 1347 ama-

239 1366 322 1394 bilior
341 1367 422 1394 nobis
436 1375 512 1394 mors
524 1375 606 1402 quam
625 1367 696 1394 vita:
713 1371 826 1402 propter
838 1367 891 1393 hoc
907 1366 1027 1393 futuram

238 1420 348 1446 quoque
359 1413 443 1440 vitam
462 1412 698 1445 exhorrescimus,
729 1412 940 1448 incorruptibile
961 1412 1028 1440 illud

239 1458 360 1486 tribunal
373 1459 603 1494 contemplantes.
623 1458 690 1486 Oret
706 1459 798 1494 itaque
817 1459 906 1494 pietas
925 1463 981 1490 tua,
999 1463 1029 1486 ut

1073 210 1102 236 ὲν
1126 209 1276 244 Ἱεραπόλει
1299 209 1442 244 διαγαγεῖν
1463 209 1639 245 ἠναγκάσθην
1664 208 1789 243 ἡμέρας·
1816 208 1874 234 καὶ

1072 256 1126 282 τῶν
1143 257 1350 290 ἀφικνουμένων
1362 255 1495 291 διηνεκῶς
1514 255 1715 290 ἐπυνθανόμην,
1726 255 1750 281 εί
1765 254 1871 288 ἐκομί-

1074 303 1125 336 σθη
1142 311 1189 328 σου
1206 304 1238 337 τῇ
1260 302 1458 338 θαυμασιότητι
1484 301 1519 328 τὰ
1546 301 1669 336 σύμϐολα
1687 301 1736 335 τῆς
1762 299 1870 335 ἀρχῆς.

1079 348 1191 383 Ἐπειδὴ
1204 348 1232 375 δὲ
1250 350 1267 383 ἠ
1286 348 1345 374 θεία
1364 349 1412 375 καὶ
1439 349 1572 383 σωτήριος
1589 346 1749 379 κατέπειξεν
1769 345 1870 381 ἑορτὴ.

1072 392 1122 427 τὴν
1136 393 1354 427 ὲγχειρισθεῖσαν
1370 393 1434 427 ἡμῖν
1450 392 1636 426 κατελάὸομεν
1651 391 1739 418 πόλιν.
1760 391 1820 417 Νῦν
1838 391 1871 417 δὲ

1073 438 1106 463 τὰ
1116 437 1166 471 τῆς
1179 437 1229 471 σῆς
1242 437 1480 472 μεγαλοπρεπείας
1490 436 1631 471 δεξάμενοι
1642 436 1803 471 γράμματα,
1817 435 1872 462 καὶ

1073 481 1134 508 λίαν
1157 482 1303 521 ἡσθέντες,
1324 482 1372 509 καὶ
1391 483 1423 508 τὺ
1446 482 1497 517 τῆς
1517 482 1696 517 προσρήσεως
1720 482 1872 515 ὲκτίνομεν

1073 527 1163 562 χρέος,
1182 527 1227 554 καὶ
1244 527 1290 554 τὸν
1306 527 1471 563 τιμιώτατον
1486 527 1533 554 καὶ
1551 527 1750 553 εὐλαὸέστατον
1769 526 1872 553 διάκο-

1074 579 1129 602 νον,
1147 572 1194 597 σὺν
1213 571 1273 606 Θεῷ
1290 572 1384 606 φάναι,
1401 571 1448 598 τὸν
1471 571 1638 607 ὑδροσκόπον
1661 571 1699 602 ὡς
1715 571 1872 601 ἐκέλευσας

1074 617 1275 652 ἀπεστείλαμεν
1291 618 1459 653 παραυτίκα.
1478 617 1619 653 Παράσχοι
1635 617 1664 644 δὲ
1675 617 1689 642 ὁ
1709 615 1870 652 φιλάνθρω-

1075 671 1125 694 πος
1139 662 1279 698 Δεσπότης
1290 663 1401 698 πορίσαι
1417 663 1498 690 αὐτὸν
1510 663 1558 689 καὶ
1571 664 1603 698 τῇ
1620 663 1695 689 πόλει
1709 662 1804 697 χρείαν
1816 661 1870 688 καὶ

1075 708 1107 743 τῇ
1128 707 1358 743 λαμπρότητίσου
1373 709 1510 744 πρόφασιν
1530 708 1662 741 εὐδοξίας.

1295 764 1360 790 AII’.
1380 779 1415 783 —
1439 763 1640 798 Ἐορταστική.

1118 820 1148 847 'Il
1171 821 1220 856 μὲν
1245 820 1304 847 Θεία
1329 820 1377 846 καὶ
1398 820 1530 855 σωτήριος
1544 819 1623 855 ἑορτὴ
1648 819 1702 846 τῶν
1718 819 1872 846 θεοσδότων

1077 867 1144 901 ἡμῖν
1168 865 1279 900 ἀγαθῶν
1297 866 1478 901 προσενήνοχε
1493 865 1544 896 τὰς
1561 865 1663 900 πηγὰς,
1677 865 1723 891 τοῦ
1742 863 1866 900 σταυροῦ

1076 913 1125 948 τὴν
1137 911 1273 946 εὐλογίαν,
1289 912 1338 947 τὴν
1351 911 1511 944 ἀθανασίαν,
1527 911 1575 946 τὴν
1590 913 1621 938 ἐκ
1634 911 1681 938 τοῦ
1698 910 1870 937 Δεσποτικοῦ

1077 959 1193 986 θανάτου
1208 958 1397 994 βλαστήσασαν
1415 957 1462 984 τοῦ
1478 958 1581 992 Κυρίου
1600 957 1677 992 ἡμῶν
1709 956 1795 991 Ἰησοῦ
1816 956 1871 993 τὴν

1077 1007 1235 1038 ἀνάστασιν,
1255 1006 1272 1041 ἢ
1297 1005 1346 1042 τὴν
1370 1006 1461 1041 κοινὴν
1484 1005 1632 1032 ἀνάστασιν
1658 1004 1869 1038 ἐπαγγέλλεται.

1079 1053 1173 1080 Ταῦτα
1189 1053 1206 1087 ἡ
1220 1052 1301 1088 ἑορτὴ
1321 1052 1525 1086 προσφέρουσα,
1545 1051 1592 1078 καὶ
1605 1051 1654 1086 τῆς
1668 1051 1741 1082 θείας
1755 1050 1871 1085 χάριτος

1076 1098 1126 1133 τὴν
1144 1097 1299 1133 φιλοτιμίαν
1310 1096 1494 1128 ὲπιδεικνῦσα,
1506 1096 1554 1132 τὴν
1567 1096 1754 1132 πνευματικὴν
1766 1096 1871 1131 εὐφρο-

1079 1144 1161 1179 σύνην
1178 1143 1416 1178 ἐπραγματεύετο.
1431 1141 1491 1168 Τῶν
1507 1141 1535 1168 δὲ
1549 1141 1696 1177 συμφορῶν
1710 1141 1741 1167 τὺ
1752 1140 1871 1175 μέγεθος

1078 1188 1172 1215 καὶτὸ
1187 1187 1289 1221 πλῆθος
1315 1186 1447 1213 πάντοθεν
1472 1187 1546 1221 ἡμᾶς
1572 1185 1793 1223 περιστοιχίζον,
1817 1186 1871 1221 τῆς

1078 1235 1176 1270 ἑορτῆς
1199 1234 1249 1270 τὴν
1268 1233 1402 1268 θυμηδίαν
1424 1232 1584 1268 ἠμαύρωσε,
1609 1233 1657 1259 καὶ
1680 1233 1803 1267 οἰμωγὰς
1822 1232 1870 1259 καὶ

1079 1282 1194 1317 θρήνους
1209 1282 1269 1312 ταῖς
1283 1279 1432 1315 ὑμνῳδίαις
1445 1278 1567 1315 ἀνέμιξε.
1579 1278 1697 1306 Τοιαῦτα
1708 1278 1762 1313 γὰρ
1771 1277 1807 1304 τὰ
1818 1277 1870 1312 τῆς

1079 1326 1217 1362 ἁμαρτίας
1236 1326 1373 1360 κυήματα.
1387 1323 1463 1359 Αὕτη
1479 1324 1534 1359 γὰρ
1547 1323 1642 1359 ὀδύνης
1658 1323 1704 1349 τὸν
1721 1322 1778 1358 βίον
1789 1322 1870 1358 ἡμῶν

1079 1373 1222 1406 ἐνέπλησε.
1237 1371 1286 1398 Διὰ
1298 1371 1399 1406 ταύτην
1422 1370 1625 1406 ἐρασμιώτερος
1641 1370 1707 1405 ἡμῖν
1724 1370 1738 1395 ὁ
1754 1369 1870 1400 θάνατος

1079 1418 1128 1453 τῆς
1140 1417 1228 1452 ζωῆς·
1241 1416 1285 1444 διὰ
1303 1416 1406 1451 ταύτην
1417 1416 1464 1443 καὶ
1481 1416 1528 1442 τὸν
1547 1415 1679 1451 μέλλοντα
1692 1414 1871 1450 πεφρίκαμεν

1082 1465 1149 1500 βίον,
1165 1464 1196 1490 τὸ
1212 1463 1360 1491 ἀδέκαστον
1375 1464 1465 1490 ἐκεῖνο
1489 1462 1631 1497 κριτήριον
1656 1460 1869 1496 φανταζόμενοι.

239 1505 319 1532 nobis
345 1505 466 1532 divinam
481 1505 679 1541 benignitatem
699 1506 843 1540 consequi,
865 1513 897 1533 ac
919 1505 1026 1533 tristem

1080 1509 1211 1541 Εὑξάσθω
1235 1509 1323 1535 τοίνυν
1349 1509 1366 1542 ή
1390 1507 1531 1534 θεοσέϐειά
1561 1515 1619 1539 σου,
1632 1507 1682 1542 τῆς
1701 1506 1777 1538 θείας
1795 1506 1870 1542 ἡμᾶς

240 1549 311 1577 hanc
328 1554 357 1577 et
387 1550 589 1578 formidandam
606 1551 707 1578 nubem
733 1551 879 1584 dissipare,
903 1558 1028 1585 puraque

239 1596 442 1630 quamprimum
460 1596 609 1624 serenitate
628 1596 682 1623 frui
700 1596 850 1630 contingat.

416 1700 581 1727 XXXIX.—
601 1701 662 1728 Alia
679 1702 849 1729 heorlastica.

274 1756 426 1792 Cupiebam
448 1757 577 1791 equidem
595 1757 656 1784 lana
681 1758 815 1792 scribere,
836 1758 954 1794 festique
972 1759 1027 1786 diei

240 1802 412 1837 spiritualem
430 1810 529 1829 canere
544 1802 677 1829 laetitiam.
692 1802 744 1830 Sed
761 1812 816 1830 non
842 1804 908 1831 sinit
929 1811 1027 1839 pecca-

240 1853 331 1876 torum
348 1848 519 1883 magnitudo,
533 1856 594 1883 quaa
608 1849 726 1877 inﬂictas
741 1850 822 1877 nobis
835 1858 850 1877 a
862 1851 919 1878 Deo
932 1858 1028 1885 poenas

240 1894 355 1921 inducit.
370 1894 437 1927 Quis
449 1894 523 1921 enim
540 1894 667 1928 stupidus
678 1899 720 1922 est
732 1896 812 1928 adeo,
823 1901 854 1923 ut
865 1897 913 1924 irae
929 1896 1028 1923 divina:

239 1948 320 1967 sensu
335 1948 390 1967 non
410 1941 556 1976 tangatur?
569 1939 635 1968 Oret
660 1941 744 1977 igitur
757 1942 846 1977 pietas
857 1947 903 1970 tua
921 1947 951 1970 ut
967 1951 1027 1970 me-

238 1986 336 2013 liorem
351 1987 379 2013 in
391 1990 492 2014 statum
511 1996 556 2015 res
571 1992 779 2020 convertantur,
795 1993 824 2016 ut
841 1993 869 2016 et
883 1997 934 2016 nos
949 1989 1026 2016 litte-

239 2040 330 2059 rarum
346 2033 464 2060 formam
483 2038 673 2066 mutemus,et
699 2042 749 2069 pro
773 2035 939 2070 lugubribus
964 2035 1025 2063 laeta

238 2079 402 2106 scribamus.

396 2183 502 2218 1099
517 2183 572 2210 XL.
601 2184 732 2211 Theodoro
755 2186 864 2213 vicario.

277 2240 411 2267 Feslalem
426 2239 539 2274 quidem
566 2240 710 2274 epistolam
727 2241 781 2268 diei
797 2241 859 2268 festi
873 2241 917 2269 lex
933 2241 1021 2277 impe-

242 2289 299 2312 rat:
315 2284 363 2312 sed
378 2289 539 2311 consuetam
553 2284 615 2312 festi
639 2285 761 2313 laetitiam
776 2294 827 2314 nos
840 2295 938 2322 capere
951 2287 1024 2314 cala—

238 2332 365 2358 mitatum
379 2331 468 2358 nubes
476 2339 532 2358 non
546 2331 681 2366 permisit.
690 2332 757 2365 Quis
765 2333 840 2360 enim
851 2333 921 2360 adeo
929 2341 1026 2361 saxeus

237 2381 291 2408 est,
308 2380 339 2403 ut
351 2376 423 2403 irato
432 2383 464 2403 ac
474 2380 657 2404 suceensente
673 2377 789 2404 Domino
801 2385 854 2403 non
865 2381 1027 2411 angatur,et

240 2422 344 2454 timeat,
361 2426 390 2449 et
400 2422 565 2449 delictorum
577 2426 683 2456 repetat
699 2422 871 2454 memoriam,
888 2422 1026 2456 etjustam

239 2468 405 2496 sententiam
432 2468 593 2503 exspectet?
617 2467 681 2496 Haec
709 2468 880 2495 celebritatis
904 2467 1026 2495 laetitiam

240 2515 320 2541 nobis
333 2515 529 2542 obscurarum.
542 2514 676 2541 Dominus
688 2519 791 2546 autem,
805 2522 867 2541 eum
880 2514 970 2540 bonus
980 2513 1025 2545 sit,

241 2560 329 2587 minas
352 2564 384 2587 ut
408 2568 551 2594 speramus
575 2560 706 2595 operibus
728 2567 783 2587 non
802 2559 929 2594 implebit
949 2568 955 2586 :
979 2559 1026 2586 sed

239 2610 353 2638 annuet,
368 2609 396 2632 ct
412 2605 502 2632 tristia
518 2605 661 2636 discutiet,
674 2610 703 2631 et
727 2603 926 2631 misericordiae
938 2603 1028 2630 fontes

240 2652 355 2686 aperiet,
368 2656 585 2686 consuetamque
604 2650 766 2686 patientiam
796 2648 948 2676 exhibebit.
971 2649 1027 2675 Ve-

240 2703 322 2724 stram
335 2705 385 2731 ego
398 2696 593 2724 sublimitatem
606 2695 738 2726 salutans,
750 2694 950 2729 optatissimam
960 2692 1026 2720 mihi

241 2741 458 2769 imnlumilatem
472 2745 591 2769 vestram
613 2739 735 2768 nuntiari
753 2739 891 2767 desidero.

1080 1554 1283 1590 φιλανθρωπίας
1294 1555 1395 1588 τυχεῖν,
1412 1553 1460 1580 καὶ
1474 1553 1505 1579 τδ
1524 1551 1636 1586 στυγνὸν
1653 1551 1732 1578 τοῦτο
1757 1552 1804 1579 καὶ
1820 1561 1869 1586 φο-

1079 1601 1159 1635 65pr
1172 1600 1330 1634 διαλυθῆναι
1341 1599 1432 1633 νέφος,
1449 1599 1498 1625 καὶ
1512 1597 1621 1633 αἰθρίας
1644 1599 1718 1634 ἡμᾶς
1739 1597 1776 1630 ὡς
1792 1598 1869 1633 τάχι-

1079 1655 1130 1673 στα
1148 1646 1270 1681 καθαρᾶς
1282 1644 1446 1672 ἀπολαῦσαι.

1260 1703 1322 1731 ΛΘ’.
1347 1717 1370 1722 -
1388 1703 1481 1735 Ἄλλη
1502 1701 1694 1737 ἐορταστική.

1122 1760 1288 1797 Ἐϐουλόμην
1302 1760 1336 1786 τὰ
1353 1759 1463 1794 θυμήρη
1480 1758 1597 1794 γράφειν
1608 1778 1615 1790 ,
1639 1758 1687 1784 καὶ
1707 1757 1757 1792 τῆς
1773 1758 1868 1791 ἑορτῆς

1079 1806 1151 1842 ᾄδειν
1167 1805 1217 1840 τὴν
1229 1803 1418 1840 πνευματικὴν
1429 1802 1601 1838 εὐφροσύνην
1610 1810 1617 1818 ·
1636 1802 1694 1828 ἀλλ’
1707 1802 1756 1828 οὐκ
1771 1802 1804 1837 ἑᾷ
1813 1802 1867 1828 τῶν

1078 1849 1286 1885 ἁμαρτημάτων
1299 1849 1329 1874 τὸ
1342 1848 1454 1883 πλῆθος,
1473 1847 1523 1879 τὰς
1537 1847 1685 1882 θεηλάτους
1704 1847 1769 1881 ἡμῖν
1783 1855 1867 1881 τιμω-

1080 1895 1140 1931 ρίας
1156 1894 1268 1928 ἐπάγον.
1284 1894 1333 1925 Τίς
1352 1893 1406 1928 γάρ
1430 1892 1565 1927 τοσαύτην
1585 1891 1753 1927 ἀναλγησίαν
1779 1893 1864 1924 νοσεῖ,

1078 1941 1116 1973 ὡς
1134 1940 1171 1976 μὴ
1195 1940 1289 1967 λαϐεῖν
1313 1939 1439 1974 αἴσθησιν
1454 1940 1504 1974 τῆς
1520 1938 1596 1969 θείας
1619 1938 1721 1973 ὀργῆς
1737 1937 1865 1969 Εὐξάσθω

1077 1987 1167 2014 τοίνυν
1185 1987 1201 2022 ἡ
1219 1986 1348 2013 εὑλάόειά
1363 1994 1421 2016 σου,
1437 1985 1472 2012 τὰ
1488 1984 1640 2020 πράγματα
1656 1983 1807 2019 μεταὸολῆς
1820 1992 1864 2010 τυ-

1077 2034 1135 2069 χεῖν
1151 2032 1266 2067 ἀγαθῆς,
1282 2031 1326 2058 ῖνα
1341 2031 1387 2058 καὶ
1400 2031 1481 2066 ἡμεῖς
1496 2030 1691 2064 μεταϐάλωμεν
1704 2029 1758 2055 τῶν
1774 2037 1863 2064 γραμ-

1079 2079 1172 2115 μάτων
1187 2078 1233 2104 τὸν
1245 2078 1417 2113 χαρακτῆρα,
1436 2076 1483 2104 καὶ
1501 2076 1562 2103 ἀντὶ
1581 2075 1688 2111 θρήνων
1704 2075 1864 2105 ἐπιστέλλω-

1080 2133 1130 2160 μεν
1139 2124 1173 2151 τὰ
1186 2123 1308 2159 θυμήρη.

1235 2179 1279 2206 Μ’.
1297 2194 1332 2198 -
1350 2177 1486 2212 Θεοδώρῳ
1509 2175 1707 2211 τοποτηρητῆ.

1120 2236 1149 2263 '0
1168 2234 1217 2271 μὲν
1233 2234 1283 2269 τῆς
1309 2233 1405 2268 ἑορτῆς
1423 2233 1503 2268 νόμος
1521 2232 1698 2268 ἑορταστικὴν
1722 2233 1865 2268 παρεγγυᾷ

1079 2282 1194 2317 γράφειν
1210 2279 1363 2314 επιστολὴν,
1384 2278 1414 2305 τὺ
1428 2278 1456 2304 δὲ
1471 2278 1526 2305 τῶν
1548 2278 1694 2313 συμφορῶν
1713 2278 1794 2312 νέφος
1816 2279 1864 2305 οὐκ

1079 2329 1168 2355 εἴασεν
1181 2327 1255 2362 ἡμᾶς
1276 2325 1397 2360 συνήθως
1407 2324 1542 2359 τρυγῆσαι
1559 2324 1609 2360 τὴν
1630 2324 1801 2359 εὐφροσύνην
1816 2324 1863 2359 τῆς

1080 2374 1186 2410 ἑορτῆς.
1203 2372 1250 2404 Τίς
1275 2372 1329 2406 γὰρ
1351 2370 1422 2398 οὕτω
1436 2370 1546 2403 λίθινος,
1570 2370 1608 2402 ὡς
1622 2370 1792 2405 θυμουμένου
1817 2370 1862 2397 τοῦ

1080 2419 1216 2446 Δεσπὸτου
1239 2417 1287 2444 καὶ
1315 2416 1525 2452 χαλεπαίνοντος
1542 2415 1579 2451 μὴ
1599 2415 1745 2450 ἀσχάλλειν
1760 2416 1806 2443 καὶ
1827 2417 1863 2442 δε-

1079 2465 1174 2498 διέναι,
1192 2465 1240 2491 καὶ
1253 2463 1302 2499 τὴν
1319 2463 1429 2498 μνήμην
1442 2462 1497 2488 τῶν
1517 2461 1794 2497 πεπλημμελημένων
1806 2463 1862 2490 ἀνα-

1081 2512 1175 2542 κινεῖν,
1189 2510 1236 2536 καὶ
1252 2509 1301 2544 τὴν
1315 2508 1422 2535 δικαίαν
1436 2507 1633 2543 προσδέχεσθαι
1653 2507 1760 2542 ψῆφον;
1775 2508 1862 2535 Ταῦτα

1080 2556 1129 2590 τῆς
1143 2554 1322 2590 πανηγύρεως
1337 2554 1404 2589 ἡμῖν
1418 2553 1467 2588 τὴν
1485 2553 1617 2588 θυμηδίαν
1638 2553 1799 2589 ἠμαύρωσε.
1816 2554 1861 2580 Πι-

1081 2601 1213 2636 στεύομεν
1236 2600 1281 2631 δὲ,
1297 2599 1336 2630 ὼς
1361 2598 1553 2634 φιλάνθρωπος
1567 2598 1604 2625 ὢν
1621 2600 1635 2625 ὁ
1661 2599 1799 2634 Δεσπότης
1815 2599 1862 2625 οὐκ

1081 2647 1235 2683 ἐμπεδώσει
1254 2647 1308 2678 τοῖς
1319 2646 1412 2681 ἔργοις
1426 2645 1474 2681 τὴν
1489 2645 1614 2680 ἀπειλὴν,
1632 2644 1700 2671 ἀλλὰ
1714 2645 1803 2671 νεύσει
1819 2645 1862 2671 καὶ

1080 2693 1199 2721 διαλύσει
1222 2692 1257 2719 τὰ
1272 2691 1423 2726 σκυθρωπὰ
1436 2711 1443 2723 ,
1460 2691 1507 2717 καὶ
1523 2690 1623 2723 ἀνοίξει
1639 2691 1689 2723 τὰς
1714 2690 1761 2717 τοῦ
1778 2690 1861 2723 ἐλέους

1081 2738 1182 2772 πηγὰς,
1199 2736 1247 2763 καὶ
1260 2735 1309 2770 τὴν
1329 2736 1433 2771 συνήθη
1459 2735 1540 2768 δείξει
1562 2735 1764 2770 μακροθυμίαν.
1788 2735 1821 2762 Τὸ
1836 2736 1863 2762 δὲ

1082 2783 1213 2818 ὑμέτερον
1227 2781 1283 2815 ἐγὼ
1299 2780 1553 2816 προσφθεγγόμενος
1572 2780 1697 2815 μέγεθος,
1715 2780 1861 2816 μηνυθῆναί

1085 2836 1129 2862 μοι
1144 2826 1193 2862 τὴν
1206 2825 1368 2862 τριπόθητον
1383 2825 1458 2860 ὑμῶν
1475 2825 1568 2859 ὑγείαν
1585 2825 1746 2860 παρακαλῶ.
