1962 3051
120 150 176 181 ΞΠ

120 150 176 181 “2'11

101 148 116 183 ι
306 206 374 233 MA'.
390 220 424 226 -—
438 203 615 237 Κλαυδίανῷ
631 203 697 239 (30).

147 263 181 289 Ἦ
191 262 241 298 μὲν
251 261 311 289 θεία
326 261 481 297 πανήγυρις
491 260 540 292 τὰς
554 258 741 295 πνευματικὰς
753 258 818 293 ἡμῖν
831 265 894 282 συν-

99 309 181 344 ήθως
196 309 378 344 προσενήνοχε
397 307 516 342 δωρεάς·
534 307 558 333 οἱ
576 306 605 333 δὲ
626 305 720 340 πικροὶ
736 305 784 339 τῆς
805 304 895 338 ἁμαρ-

98 353 168 384 τίας
179 353 281 388 καρποὶ
301 353 404 378 τούτων
417 352 570 379 ἀπολαῦσαι
588 350 647 386 μετ’
659 349 829 385 εὐφροσύνης
845 348 895 375 οὐκ

99 398 212 426 εἴασαν.
226 398 342 425 Τοιαῦτα
352 399 406 434 γὰρ
420 399 456 425 τὰ
467 399 578 425 ἐκείνων
593 398 772 433 βλαστήματα
785 405 790 411 ε
806 397 854 423 καὶ
866 396 895 428 ὲξ

99 445 195 480 ἀρχῆς
216 445 264 480 μὲν
276 445 407 477 ἀκάνθας,
423 444 469 471 καὶ
482 444 632 479 τριϐόλους,
648 443 694 470 κα)⁴
711 442 838 477 ἱδρῶτας,
849 441 896 467 καὶ

101 491 214 524 πόνους,
228 491 276 518 καὶ
286 491 372 523 λύπας
383 491 553 526 ἐϐλάστησαν
564 497 570 504 ·
587 490 633 516 ἐπὶ
647 489 676 515 δὲ
690 489 736 515 τοῦ
750 487 894 523 παρόντος,

100 537 155 562 καὶ
176 536 226 570 τὴν
241 536 292 572 γῆν
316 536 407 562 κλονεῖ
429 536 490 562 καθ’
511 534 609 569 ἡμῶν.
629 534 676 561 καὶ
698 533 732 560 τὰ
749 533 820 567 φῦλα
841 531 895 558 τῶν

102 583 253 619 βαρϐάρων
270 582 402 609 πάντοθεν
414 583 480 618 ἡμῖν
496 582 657 616 ἐπέστησεν.
675 580 770 614 Ἡμεῖς
783 579 812 605 δὲ
828 578 895 614 θρη-

99 629 216 664 νοῦμεν,
230 629 272 655 ὃτι
289 629 335 655 τὸν
356 628 458 662 ἀγαθὸν
476 628 614 661 Δεσπότην
630 626 783 662 εὐεργετεῖν
804 623 896 659 βουλό-

102 683 189 710 μενον
205 674 335 700 τάναντία
348 674 436 699 ποιεῖν
447 672 607 708 βιαζόμεθα,
631 673 677 698 καὶ
697 670 832 706 τιμωρίας
847 670 895 695 ἐπ-

101 721 184 755 άγειν
213 719 466 754 καταναγκάζομεν.
487 717 735 753 Ψυχαγωγούμεθα
761 717 789 743 δὲ
809 716 894 751 ὅμως,

781 143 962 189 EPISTOLA
977 144 1069 174 XLII.

1668 146 1735 179 1218

1215 201 1284 229 XLI.
1307 202 1467 231 Claudiana.

983 255 1078 283 Divina
1094 256 1241 285 celebritas
1258 258 1412 293 spiritualia
1428 259 1462 286 de
1477 267 1554 287 more
1570 259 1642 287 dona
1653 260 1735 287 nobis

946 302 1056 335 attulit;
1088 302 1136 329 sed
1165 303 1252 330 amari
1276 304 1383 332 fructus
1405 305 1511 340 peccati
1536 313 1586 333 nos
1601 305 1656 333 illis
1671 314 1734 334 cum

946 348 1085 376 hilaritate
1100 348 1154 375 frui
1171 357 1227 375 non
1248 350 1382 377 siverunt.
1399 351 1475 378 Talia
1488 352 1564 378 enim
1584 356 1649 379 sunt
1660 352 1736 379 illius

946 394 1085 429 germina:
1104 399 1132 421 et
1144 394 1178 421 ab
1194 394 1273 422 initio
1287 396 1399 430 quidem
1412 397 1507 431 spinas
1516 401 1542 423 et
1566 397 1695 429 tribulos,
1708 402 1736 424 et

946 439 1071 472 sudores,
1089 444 1117 467 et
1131 440 1250 473 labores,
1264 445 1292 468 et
1307 441 1419 468 dolores
1431 442 1553 476 peperit:
1568 442 1595 469 in
1615 449 1736 477 prasens

947 493 1012 513 vero
1030 489 1058 512 et
1070 490 1172 513 terram
1193 491 1290 513 contra
1312 495 1363 515 nos
1384 488 1519 520 concutit,
1547 492 1575 515 et
1599 488 1735 515 barbaras

947 531 1123 566 undiquaque
1132 531 1260 558 nationes
1270 532 1296 558 in
1309 540 1360 559 nos
1376 532 1501 560 immisit.
1518 533 1573 560 Nos
1584 538 1676 560 autem
1694 534 1735 561 lu-

945 582 1051 610 gemus,
1065 575 1140 610 quod
1156 575 1304 611 benignum
1314 577 1459 604 Dominum
1474 578 1542 605 bene
1553 578 1634 605 nobis
1646 578 1736 606 facere

945 621 1085 648 volentem
1099 622 1238 649 contraria
1253 626 1385 657 praestare
1396 623 1530 658 cogimus,
1544 630 1572 651 et
1591 623 1625 651 ad
1640 632 1735 659 ptenas

946 666 1106 702 irrogandas
1118 667 1262 702 adigimus.
1277 668 1446 695 Recreamur
1461 673 1562 702 tamen,
1577 670 1735 698 misericor-

946 713 1000 740 diae
1020 713 1150 749 abyssum
1165 714 1329 749 cogitantes,
1345 718 1373 741 et
1387 714 1527 742 Credimus
1556 716 1615 743 fore
1633 721 1663 744 ut
1679 725 1736 745 non
1761 708 1767 713 ’

102 765 155 792 τοῦ
172 765 247 792 ἐλέου
266 765 313 800 τὴν
327 765 445 792 ἀδυσσον
467 764 650 799 λογιζόμενοι·
670 764 716 790 καὶ
732 762 891 797 πιστεύομεν

946 760 1062 795 repellat
1074 760 1208 788 Dominus
1222 761 1329 796 1100
1344 761 1477 796 populum
1492 770 1582 794 suum,
1597 768 1626 790 et
1644 763 1734 792 hatre-

101 811 147 839 δτι
170 812 220 838 οὐκ
236 810 376 838 ἀπώσεται
396 811 498 846 Κύριος
514 810 559 836 τὸν
574 810 638 837 λαὸν
661 809 757 841 αὐτοῦ,
773 810 821 836 καὶ
843 808 891 844 τὴν

946 806 1060 834 ditatem
1079 815 1157 834 suam
1171 815 1227 834 non
1240 804 1426 842 derelinquat.
1445 806 1532 834 Tuam
1545 817 1611 835 vero
1629 810 1734 845 magni-

102 857 290 892 κληρονομίαν
321 856 404 883 αὑτοῦ
421 857 471 883 οὐκ
494 856 695 891 ἐγκαταλείψει.
720 855 774 891 Τὴν
797 856 824 882 δὲ
843 855 891 890 σὴν

946 851 1081 880 ﬁcentiam
1093 853 1225 884 salutans,
1233 857 1262 880 ut
1271 857 1425 888 exoptatam
1435 852 1651 881 incolumitatem
1660 858 1733 882 tuam

105 902 349 938 μεγαλοπρέπειαν
369 901 643 944 προσφθεγγόμενος,
669 901 821 937 παρακαλῶ
840 911 891 937 μη-

945 897 1014 925 mibi
1029 898 1141 926 nunties
1153 906 1212 926 oro.

102 949 185 976 νῦσαί
203 958 249 985 μοι
267 949 316 984 τὴν
334 949 493 984 ἀξιέραστον
511 948 610 975 σαυτοῦ
629 948 734 983 ὑγείαν.

265 1006 332 1033 ΜΒ¹.
347 1006 589 1038 -Κωνσταντῐῳ
605 1005 733 1041 ἐπάρχῳ.

140 1063 172 1089 Et
191 1063 240 1098 μὲν
258 1063 393 1098 μηδεμιᾶς
414 1063 579 1099 βιαζομένης
593 1063 716 1098 ἀνάγκης
732 1064 894 1099 γράμμασιν

102 1109 266 1145 ἐχρησάμην
281 1109 349 1144 πρὸς
360 1109 391 1136 τὸ
406 1110 539 1145 ὑμέτερον
561 1110 686 1145 μέγεθος,
704 1111 846 1142 αὐθαδείας
861 1110 894 1137 ἂν

103 1155 186 1189 τυχὸν
199 1154 313 1190 ὥφλησα
331 1155 420 1191 δίκην,
438 1155 514 1193 μήτε
541 1155 659 1190 ἐμαυτὸν
682 1156 832 1191 μετρήσας,
848 1155 895 1181 καὶ

102 1202 154 1235 τῆς
170 1200 306 1236 ὑμετέρας
315 1200 440 1232 ἐξουσίας
455 1201 594 1237 ἀγνοήσας
602 1201 632 1228 τὸ
649 1201 774 1236 μέγεθος.
785 1201 894 1237 Ἐπειδὴ

102 1245 133 1272 δι
148 1246 298 1272 κινδυνεύει
315 1246 364 1280 τῆς
382 1246 474 1273 θεόθεν
490 1247 711 1282 ὲγχειρισθείσης
731 1256 776 1282 μοι
790 1247 894 1279 πόλεως

102 1291 153 1318 καὶ
165 1291 257 1326 χώρας
271 1291 355 1327 ἄρδην
368 1292 514 1319 ἀπολέσθαι
528 1293 562 1319 τὰ
572 1293 698 1327 λείψανα,
713 1294 894 1327 συκοφαντίας

103 1337 178 1363 κατὰ
195 1338 244 1372 τῆς
259 1338 449 1374 γεγενημένης
472 1339 587 1372 ὲποψίας
609 1339 685 1375 παρά
698 1348 780 1366 τινων
793 1340 894 1375 τολμη-

105 1380 210 1418 θείσης,
224 1382 431 1417 συγγνώσεται,
449 1381 478 1409 εὖ
493 1381 562 1416 οἶδα,
579 1385 612 1419 τῇ
634 1384 718 1419 πολλῇ
732 1383 787 1410 τῶν
802 1393 893 1420 γραμ-

105 1426 228 1462 μάτωνὴ
245 1427 366 1464 ὑμετέρα
381 1428 622 1463 μεγαλοπρέπεια,
641 1428 688 1455 τοῦ
712 1438 741 1456 τε
761 1430 893 1465 πράγμα-

105 1480 151 1503 τος
161 1472 210 1508 τήν
221 1473 325 1508 χρείαν,
343 1473 391 1500 καὶ
405 1473 452 1500 τοῦ
463 1474 615 1509 γράφοντος
628 1474 674 1501 τδν
689 1475 789 1502 σκοπὸν
801 1476 894 1508 ἐξετά-

99 1511 199 1550 ⁴ζουσα.
218 1520 348 1565 Στένω-δὲ
362 1521 408 1546 καὶ
421 1520 561 1556 ὀδύρομαι,
579 1521 695 1556 γράφειν
711 1521 780 1549 κατὰ
798 1522 893 1557 ἀνδρὸς
906 1535 928 1565 c

107 1563 277 1599 βιαζόμενος,
296 1561 326 1592 οὗ
344 1565 504 1598 συσκιάζειν
527 1565 579 1592 ἔδει
593 1566 628 1593 τὰ
644 1567 870 1602 πλημμελήματα
885 1587 891 1599 ,

105 1609 150 1636 διὰ
159 1609 207 1645 τὴν
219 1610 268 1645 τῆς
284 1611 434 1646 ἱερωσύνης
447 1612 642 1647 προσηγορίαν.
658 1613 759 1649 Γράφω
771 1614 794 1641 δ’
805 1615 891 1649 ὅμως⁷

105 1655 159 1682 τῶν
187 1656 371 1691 ἀδικουμένων
402 1657 447 1683 ὑπ’
471 1657 553 1684 αὑτοῦ
567 1659 690 1694 πενήτων
712 1658 892 1695 ὑπερμαχῶν.

107 1698 191 1732 Οὗτος
213 1701 278 1736 γὰρ,
297 1701 404 1734 πολλοῖς
422 1702 471 1737 μὲν
485 1704 719 1739 παρανομήμασιν
743 1705 892 1738 ὑπεύθυνος

106 1745 236 1779 γεγονὼς,
252 1746 373 1781 εἱρχθεὶς
390 1745 481 1783 δὲ’τῆς
493 1749 647 1781 κοινωνίας,
664 1749 701 1781 ὠς
717 1750 830 1785 μηδέπω
841 1750 891 1784 τῆς

108 1789 189 1823 ἁγίας
203 1790 404 1826 συγκληθείσης
418 1793 540 1826 συνόδου,
558 1793 647 1824 δείσας
660 1794 688 1819 δὲ
704 1794 750 1820 τοῦ
766 1795 892 1830 ἀρχιερα-

105 1835 181 1863 τικοῦ
200 1837 338 1872 συνεδρίου
362 1837 411 1873 τὴν
430 1838 536 1872 ψῆφον,
557 1839 661 1874 ἀπέδρα
686 1839 736 1874 μὲν
754 1839 890 1873 ἐντεῦθεν,

105 1882 167 1913 τοὺς
176 1882 434 1917 ἐκκλησιαστικοὺς,
443 1883 480 1914 ὼς
491 1883 611 1918 ἐνόμισε,
620 1886 745 1920 πατήσας
761 1884 889 1920 θεσμοὺς·

106 1928 246 1963 ἐγύμνωσε
261 1929 288 1954 δὲ
302 1928 347 1954 τὸν
360 1929 458 1955 οἰκεῖον
471 1930 582 1961 σκοπὸν,
607 1930 654 1956 τοῦ
670 1931 719 1966 τῆς
740 1931 891 1967 ἀκοινωνη-

108 1974 165 2005 σίας
178 1975 389 2010 καταφρονήσας
406 1975 517 2010 δεσμοῦ.
545 1976 699 2009 Ἀνεδέξατο
722 1977 750 2004 δὲ
772 1985 890 2013 κατηγο-

108 2021 166 2055 ρίαν
192 2021 252 2047 οὺδε
270 2022 326 2052 τοῖς
345 2020 586 2057 ὰποχειροόιώτοις
611 2023 816 2058 ἁρμόττουσαν·
843 2024 890 2050 καὶ

106 2066 148 2092 διὰ
161 2066 209 2101 τὴν
225 2066 387 2101 δυσμένειαν
396 2068 429 2103 ἢν
451 2067 519 2103 πρὸς
534 2068 580 2095 τὸν
597 2069 776 2103 περίϐλεπτον
790 2069 889 2105 ἔσχηκε

106 2113 245 2145 Φίλιππον,
262 2113 333 2140 κατὰ
347 2112 401 2140 τῶν
411 2113 510 2140 ἀθλίων
520 2113 644 2150 ἐχώρησε
657 2115 803 2142 συντελῶν.
819 2115 890 2150 Ἐγὼ

107 2158 133 2185 δὲ
145 2159 189 2185 τὸν
202 2159 251 2193 μὲν
266 2159 371 2186 ἐκείνου
390 2160 491 2186 σκοπὸν
508 2159 555 2186 καὶ
570 2160 619 2194 τὴν
629 2160 658 2193 ὲξ
669 2160 757 2196 ἀρχῆς
769 2160 817 2187 τοῦ
831 2161 888 2196 βίου

1121 1004 1202 1032 XLII.
1211 1019 1246 1025 —
1255 1004 1409 1033 Constantio
1424 1008 1554 1042 prwfecto.

978 1061 1008 1088 Si
1020 1061 1096 1088 nulla
1107 1069 1161 1093 me,
1178 1066 1209 1088 ut
1222 1061 1256 1088 ad
1269 1062 1468 1090 sublimitatem
1481 1068 1555 1091 tuam
1569 1064 1731 1097 scriberem,

944 1106 1096 1133 necessitas
1114 1106 1281 1141 impulisset,
1309 1108 1474 1142 arrogantiae
1499 1108 1615 1136 fortasse
1634 1109 1732 1137 merito

944 1151 1101 1184 damnarer,
1112 1152 1160 1187 qui
1173 1153 1310 1187 meipsum
1335 1161 1390 1180 non
1412 1154 1535 1186 metirer,
1546 1158 1575 1182 et
1590 1155 1733 1190 dignitatis

945 1201 999 1224 tuae
1013 1198 1223 1232 amplitudinem
1236 1199 1400 1233 ignorarem.
1421 1199 1474 1227 Sed
1493 1201 1558 1235 quia
1580 1201 1733 1229 commissa:

945 1244 1013 1271 mihi
1026 1253 1042 1271 a
1059 1245 1115 1272 Deo
1138 1245 1260 1273 civitatis
1272 1247 1446 1281 regionisque
1460 1247 1585 1282 reliquiis
1603 1248 1731 1275 ultimum

945 1288 1087 1323 impendet
1100 1290 1214 1316 exitium
1230 1298 1279 1324 per
1296 1291 1444 1325 quosdam,
1458 1292 1505 1326 qui
1518 1296 1654 1326 peractam
1672 1292 1732 1327 ejus

945 1334 1146 1368 inspectionem
1160 1335 1218 1362 ausi
1231 1340 1296 1363 sunt
1311 1337 1492 1370 calumniari,
1510 1337 1586 1364 dabit
1611 1338 1730 1371 veniam,

945 1385 988 1408 sat
1002 1381 1071 1413 scio,
1087 1382 1244 1410 litterarum
1261 1384 1383 1411 audacia
1395 1384 1598 1419 magnificentia
1614 1389 1670 1417 tua,
1690 1385 1731 1412 rei

944 1426 1026 1454 simul
1037 1428 1242 1460 necessitatem,
1254 1432 1282 1455 et
1298 1429 1448 1456 scribentis
1467 1431 1613 1457 consilium
1631 1438 1732 1465 expen-

945 1470 1023 1498 dens.
1042 1471 1135 1507 Angor
1153 1480 1218 1499 sane
1232 1480 1265 1500 ac
1275 1473 1355 1500 doleo
1373 1474 1562 1506 vehementer,
1581 1475 1654 1510 quod
1665 1475 1732 1502 scri-

945 1516 1010 1543 bere
1028 1517 1161 1544 adversus
1172 1518 1313 1545 hominem
1327 1527 1421 1554 cogor,
1441 1520 1520 1554 cujus
1536 1520 1638 1548 delicta
1666 1528 1731 1556 pro-

943 1567 1006 1597 pter
1029 1571 1130 1590 nomen
1147 1564 1295 1591 sacerdotii
1316 1566 1455 1594 occultare
1470 1574 1520 1601 par
1542 1572 1613 1594 erat.
1632 1567 1730 1595 Scribo

946 1613 1049 1642 tamen,
1069 1614 1100 1636 ut
1117 1617 1266 1645 oppressos
1292 1611 1328 1638 ab
1350 1619 1383 1639 eo
1411 1620 1548 1647 pauperes
1574 1613 1730 1641 defendam.

944 1655 994 1682 Hic
1009 1655 1083 1682 enim
1099 1663 1161 1683 cum
1189 1657 1340 1684 multorum
1369 1657 1517 1685 criminum
1538 1667 1602 1686 reus
1621 1664 1730 1687 tenere—

944 1704 1000 1733 tur,
1018 1705 1045 1727 et
1071 1709 1220 1736 suspensus
1240 1707 1315 1730 esset
1342 1710 1357 1730 a
1380 1704 1586 1737 communione,
1607 1705 1729 1732 nondum

942 1746 1073 1774 videlicet
1099 1752 1194 1775 sancta
1232 1749 1337 1784 synodo
1366 1755 1535 1782 convocata,
1564 1751 1731 1785 pontiﬁcalis

942 1799 1088 1820 consessus
1100 1794 1264 1820 sententiam
1277 1794 1469 1826 reformidans,
1484 1794 1548 1822 hinc
1561 1795 1675 1830 aufugit,
1686 1804 1731 1823 ec-

942 1839 1113 1872 clesiasticis,
1128 1844 1158 1867 ut
1170 1839 1285 1874 putavit,
1302 1839 1409 1874 legibus
1424 1840 1603 1874 proculcatis,
1618 1845 1646 1868 et
1663 1841 1728 1876 quid

942 1885 1026 1911 animi
1040 1885 1155 1912 haberet
1169 1889 1329 1920 contempto
1350 1886 1646 1913 excommunicationis
1667 1887 1729 1913 vin-

942 1930 1004 1957 culo
1029 1930 1190 1957 declaravit.
1220 1931 1429 1958 Accusationem
1459 1939 1578 1966 namque
1608 1932 1730 1967 suscepit

941 1983 993 2002 nec
1004 1976 1185 2003 mercenariis
1200 1975 1347 2011 opificibus
1359 1981 1557 2011 congruentem
1571 1985 1577 2002 :
1597 1981 1679 2011 atque
1696 1985 1728 2004 ex

940 2022 1017 2055 odio,
1039 2030 1093 2057 quo
1107 2022 1274 2058 Philippum,
1304 2023 1483 2056 spectabilem
1503 2024 1606 2055 virum,
1634 2031 1729 2058 prose-

940 2068 1086 2104 quebatur,
1106 2069 1222 2096 miseros
1240 2069 1387 2096 collatores
1405 2069 1514 2096 invasit.
1531 2069 1568 2096 Ac
1584 2070 1651 2096 mihi
1664 2069 1727 2104 qui-

935 2116 1002 2149 .dem
1017 2114 1138 2142 hominis
1154 2114 1305 2150 ingenium,
1327 2118 1355 2141 et
1373 2114 1521 2149 pristinum
1543 2114 1606 2141 vita:
1620 2115 1730 2143 institu-

941 2165 1010 2194 tum,
1022 2161 1262 2196 admissorumque
1280 2159 1446 2195 flagitiorum
1462 2160 1668 2189 multitudinem
1686 2170 1729 2190 re-

107 2205 274 2239 προαίρεσιν,
293 2204 340 2230 καὶ
363 2204 418 2231 τῶν
438 2206 708 2242 παρανενομημὲνων
727 2207 757 2233 τὸ
775 2206 888 2241 μέγεθος

944 2214 1054 2234 censere
1076 2205 1179 2240 1101
1196 2212 1430 2240 supervacaneum
1441 2205 1560 2233 videtur.
1575 2205 1632 2233 Hoc
1643 2214 1727 2233 unum

108 2250 233 2285 περιττὸν
249 2250 371 2285 ἡγοῦμαι
388 2251 562 2285 καταλέγειν.
586 2251 672 2278 Τοῦτο
688 2251 716 2278 δὲ
740 2252 820 2288 μόνον
842 2253 890 2288 τὴν

109 2296 241 2331 ὑμετέραν
263 2296 448 2330 μεγαλιοφυῖαν
463 2297 605 2330 ἀντιὸολῶ,
618 2298 654 2333 μὴ
671 2298 816 2325 πιστεῦσαι
830 2301 890 2330 ταῖς

108 2342 208 2368 ἐκείνου
224 2341 436 2376 ψευδηγορίαις·
454 2342 522 2369 ἀλλὰ
544 2343 669 2378 κυρῶσαι
690 2344 739 2379 τὴν
761 2344 888 2379 ὲποψίαν,

107 2388 150 2413 καὶ
165 2387 309 2420 φείσασθαι
327 2387 375 2422 μὲν
395 2388 449 2414 τῶν
461 2388 561 2415 ἀθλίων
581 2389 726 2422 συντελῶν,
744 2390 890 2424 φείσασθαι

107 2433 132 2460 δὲ
154 2434 207 2459 τῶν
235 2433 399 2467 τρισαθλίων
430 2434 655 2470 πολιτευομένων,
680 2436 888 2471 ἀπαιτουμένων

109 2480 173 2515 amp
190 2479 364 2514 εἰσπράττειν
387 2479 417 2505 οὺ
437 2479 574 2506 δύνανται.
594 2480 642 2511 Τίς
656 2481 710 2516 γὰρ
725 2482 818 2515 ἀγνοεί
838 2481 889 2516 τῆς

108 2526 265 2560 ἀπογραφῆς
276 2525 330 2552 τῶν
347 2526 411 2560 παρ’
428 2527 496 2560 ἡμῖν
511 2525 602 2560 ζυγῶν
616 2527 665 2562 τὴν
683 2526 832 2562 βαρύτητα,
853 2527 887 2553 δι’

108 2572 137 2606 ήν
149 2572 299 2605 πεφεύγασι
316 2572 366 2606 μὲν
379 2572 402 2597 οἱ
419 2572 542 2598 πλεῖστοι
557 2572 611 2599 τῶν
631 2573 817 2608 κεκτημένων,
836 2573 888 2600 ἀπ-

109 2617 219 2649 έδρασαν
233 2617 261 2643 δὲ
278 2619 303 2643 οἱ
319 2618 446 2652 γηπόνοι,
465 2618 557 2653 ἔρημα
571 2619 598 2645 δὲ
612 2618 696 2645 πολλὰ
710 2619 764 2646 τῶν
781 2621 887 2655 κτημά-

109 2671 155 2690 των
169 2663 331 2698 γεγένηται;
348 2664 429 2690 Οὐδὲν
444 2664 472 2690 δὲ
488 2665 601 2696 ἀπεικὸς
616 2665 681 2700 περὶ
694 2665 747 2699 γῆς
766 2665 886 2700 διαλεγό-

111 2715 182 2742 μενον
198 2708 244 2733 καὶ
257 2710 459 2743 γεωμετρικαῖς
479 2709 632 2741 ἀποδείξεσι
649 2710 817 2745 χρήσασθαι·
836 2712 885 2747 τῆς

110 2754 155 2789 γὰρ
169 2753 307 2788 ἡμετέρας
320 2754 411 2790 χώρας
423 2756 627 2791 τεσσαράκοντα
648 2758 698 2792 μὲν
719 2758 840 2793 σημείων
855 2759 885 2785 τὸ

939 2251 1131 2279 excellentiam
1146 2255 1220 2278 tuam
1241 2251 1377 2284 obtestor,
1394 2259 1429 2278 ne
1444 2250 1597 2278 mendaciis
1623 2251 1683 2286 ejus
1696 2251 1728 2278 ii-

939 2298 1001 2325 dem
1018 2297 1128 2329 habeat,
1143 2296 1191 2324 sed
1205 2296 1406 2332 inspectionem
1425 2296 1580 2328 confirmet,
1595 2303 1628 2323 ac
1645 2296 1728 2323 mise-

939 2344 978 2371 ris
989 2348 1085 2378 parcat
1097 2343 1287 2375 collatoribus,
1304 2347 1400 2377 parcat
1416 2347 1444 2369 et
1462 2342 1627 2369 miserrimis
1641 2342 1727 2369 decu-

938 2391 1073 2422 rionibus,
1087 2398 1103 2417 a
1114 2390 1215 2425 quibus
1228 2398 1260 2417 ea
1272 2389 1471 2424 deposcuntur,
1481 2397 1541 2423 quae
1553 2388 1605 2423 ipsi
1618 2387 1726 2422 exigere

941 2445 997 2464 non
1015 2441 1140 2472 possunt.
1155 2436 1222 2470 Quis
1242 2436 1317 2463 enim
1342 2435 1504 2471 gravitatem
1533 2433 1727 2469 descriptionis

937 2483 1067 2518 iugorum
1094 2481 1258 2509 nostratium
1284 2481 1409 2516 ignorat,
1440 2485 1552 2515 propter
1585 2487 1668 2514 quam
1698 2482 1727 2507 et
1750 2517 1755 2527 l

940 2534 1133 2563 possessorum
1159 2526 1272 2561 plurimi
1294 2526 1383 2553 solum
1406 2529 1561 2557 verterunt,
1587 2528 1615 2551 et
1636 2524 1726 2552 coloni

941 2574 1080 2606 abierunt,
1092 2578 1121 2601 et
1139 2573 1214 2608 agri'
1228 2573 1353 2607 plerique
1375 2571 1477 2599 deserti
1500 2572 1603 2606 jacent.
1623 2570 1720 2597 Absur-

940 2619 1005 2646 dum
1020 2623 1111 2646 autem
1127 2626 1181 2646 non
1192 2618 1286 2651 fuerit,
1303 2618 1326 2646 si
1339 2625 1402 2644 cum
1425 2616 1459 2644 de
1484 2620 1557 2644 terra
1572 2623 1664 2662 sermp
1679 2615 1725 2648 sit,

940 2665 1114 2701 geometricis
1147 2665 1257 2700 quoque
1297 2662 1578 2691 demonstrationibus
1604 2666 1724 2688 utamur.

939 2711 1069 2746 Regionis
1077 2711 1152 2738 enim
1165 2714 1267 2737 nostrae
1279 2709 1422 2744 longitudo
1435 2708 1593 2735 milliarium
1606 2711 1648 2734 est
1657 2715 1725 2741 qua-

939 2758 1076 2794 draginta,
1100 2757 1214 2785 totidem
1242 2761 1359 2791 occupat
1379 2755 1506 2783 latitudo.
1529 2754 1635 2781 Montes
1659 2761 1724 2782 vero

141 2831 411 2873 (50)?.‘._anoua1taw;i
435 2833 542 2862 videtur
567 2835 595 2863 in
619 2835 680 2863 cod.
700 2836 829 2864 Vaticano
851 2837 891 2865 ins

944 2841 979 2865 )ta
998 2837 1098 2871 fuisse;
1123 2836 1196 2871 apud
1211 2835 1357 2864 Baronium
1372 2834 1405 2862 ad
1426 2842 1451 2862 a.
1474 2833 1504 2862 C.
1527 2832 1589 2866 446,
1602 2831 1717 2862 tam.“

111 2874 132 2900 p.
149 2875 183 2894 m.
205 2867 248 2894 43.
