1962 3051
245 143 312 175 1Ξ19

732 142 975 173 THEODORETI
995 142 1164 173 EPISCOPI
1184 142 1365 173 CYRENSIS

1797 139 1807 168 1
1812 138 1868 170 εαξη

245 199 329 226 habet
355 199 456 225 multos
481 200 509 225 et
536 204 659 232 magnos,
679 197 778 231 partim
801 196 889 224 nudos
905 197 1023 224 omnino

1081 197 1168 232 μῆκός
1178 198 1245 227 ἐστι.
1259 196 1386 223 τοσοῦτον
1397 196 1424 222 δὲ
1437 195 1467 221 τὸ
1480 192 1568 230 εὖρος,
1583 194 1659 229 Ἔχει
1674 193 1703 219 δὲ
1717 192 1766 229 ὅρη
1780 194 1868 219 πολλὰ

244 242 344 277 partim
358 242 502 269 arboribus
526 241 704 269 infructuosis
729 248 838 275 opacos.
858 241 887 267 In
903 241 955 269 hoc
983 249 1028 267 re-

244 288 333 323 gionis
359 292 459 314 nostra:
490 287 595 314 ambitu
608 288 735 322 iugorum
754 287 918 313 immunium
942 286 1026 313 millia

243 337 308 360 sunt
334 332 542 368 quinquaginta,
572 333 704 360 liscalium
731 340 826 359 rursus
851 332 905 359 alia
932 332 1027 359 decem

242 377 340 404 millia.
357 377 520 404 Consideret
545 386 619 405 nunc
643 378 779 412 sapientia
809 382 854 404 tua
875 377 1028 412 iniquitatis

243 422 470 457 magnitudinem.
504 423 634 459 Quamvis
662 424 737 450 enim
773 424 894 458 regionis
925 423 1028 450 inculta

241 467 315 494 nulla
327 475 391 502 pars
403 473 486 499 esset,
505 468 668 503 facilemque
691 468 871 504 agricolarum
891 469 1026 495 culturam

241 513 371 539 universa
385 514 529 547 reciperet,
546 513 699 540 illationum
711 519 800 541 tamen
809 515 887 541 oneri
900 521 1028 540 succum-

240 557 349 589 berent,
368 558 563 593 descriptionis
574 559 738 594 gravitatem
752 567 807 585 non
820 559 950 586 ferentes.
970 559 1026 586 Cu-

239 602 283 637 jus
298 601 337 629 rei
353 602 590 630 evidentissimum
606 607 649 630 est
662 608 865 638 argumentum.
882 604 949 630 Nam
963 611 1025 630 cum

240 646 293 673 sub
309 647 434 681 gloriosa:
449 647 650 675 recordationis
662 649 767 675 Isidoro
792 650 920 684 jugorum
941 649 1025 676 millia

187 708 193 714 ι
240 691 398 725 quindecim
414 692 473 718 auri
487 693 702 727 pensitationem
715 694 858 727 deberent,
877 693 1025 721 Comitiani

240 737 475 765 oﬂiciiexactores
489 738 619 765 damnum
634 739 708 766 ferre
722 748 776 766 non
789 739 923 771 valentes,
935 747 1023 774 smpe-

185 776 193 780 ’
240 790 357 809 numero
384 784 475 818 questi
513 789 587 817 sunt,
604 789 633 812 et
659 785 692 811 ab
713 785 820 812 excelsa
845 785 910 812 sede
935 789 1026 812 vestra

239 827 338 854 oblatis
358 829 539 856 relationibus
554 829 741 863 postularunt,
755 834 785 857 ut
800 830 925 857 bismille
944 830 1026 865 quin—

1078 250 1107 267 τε
1126 241 1173 267 xui.
1191 241 1305 276 μεγάλα,
1318 241 1351 267 τὰ
1372 241 1421 275 μὲν
1432 239 1498 274 ψιλὰ
1518 237 1669 269 παντελῶς,
1684 237 1719 264 τὰ
1737 238 1766 264 δι
1781 238 1871 272 ἀκάρ-

1079 294 1141 318 ποις
1155 287 1248 319 φυτοῖς
1262 285 1438 320 σκιαζόμενα.
1457 283 1543 310 Τοῦτο
1553 283 1602 318 τῆς
1613 281 1704 318 χώρας
1720 281 1750 308 τὺ
1765 282 1868 317 μέτρον

1079 331 1159 359 πέντε
1179 331 1227 364 μὲν
1241 330 1372 365 μυριάδας
1385 329 1440 364 ἔχει
1453 329 1541 364 ζυγῶν
1558 326 1755 363 ὲλευθερικῶν,
1778 327 1869 363 μύρια

1077 375 1105 402 δὲ
1119 375 1187 411 πρὸς
1205 376 1310 407 τούτοις
1321 377 1402 410 ἕτερα
1411 375 1542 409 ταμιακά.
1555 373 1723 408 Σκοπησάτω
1744 373 1833 400 τοίνυν
1851 373 1868 407 ή

1079 421 1199 456 ὑμετέρα
1216 422 1295 455 σοφία
1318 421 1368 456 τὴν
1383 421 1431 456 τῆς
1453 420 1559 451 ἀδικίας
1581 419 1744 454 ὑπερὸολήν.
1762 419 1793 445 ΕΙ
1809 418 1869 453 γὰρ

1079 466 1162 501 μηδὲν
1176 464 1210 501 ἦν
1221 467 1271 501 τῆς
1286 466 1376 501 χώρας
1394 466 1535 500 ἀνήροτον,
1552 464 1621 491 ἀλλὰ
1640 465 1715 491 πᾶσα
1729 462 1763 499 ἦν

1077 513 1132 543 τοῖς
1144 513 1275 546 γηπόνοις
1289 512 1327 542 είς
1343 511 1491 546 γεωργίαν,
1514 509 1641 536 ὥκλασαν
1670 509 1704 536 ἂν
1721 509 1789 544 πρὸς
1813 508 1867 540 τὰς

1077 557 1216 592 είσιρορὰς,
1229 557 1260 583 οὐ
1271 557 1398 591 φέροντες
1408 556 1456 590 τῆς
1469 555 1630 590 ἀπογραφῆς
1643 553 1691 589 τὴν
1705 553 1864 588 στενότητα.

1077 602 1231 637 Τεκμήριον
1248 602 1275 627 δὲ
1288 601 1465 635 σαφέστατον.
1486 600 1599 635 Μυρίων
1622 600 1676 635 γὰρ
1696 600 1743 626 καὶ
1763 607 1868 626 πενται-

1077 648 1218 683 κισχιλίων
1230 647 1319 682 ζυγῶν
1331 647 1378 674 ἐπὶ
1391 646 1438 673 τοῦ
1453 645 1678 682 μεγαλοπρεποῦς
1693 645 1742 680 τῆς
1753 645 1868 680 μνήμης

1083 693 1217 730 ’ῐσιδώρου
1244 693 1416 729 χρυσοτελῶν
1431 692 1605 726 γενομένων,
1630 692 1680 718 οὐκ
1705 691 1869 724 ἐνεγκόντες

1076 739 1125 774 τὴν
1141 738 1242 774 ζημίαν
1253 739 1277 764 οῑ
1289 739 1322 765 ἐκ
1333 737 1383 772 τῆς
1396 738 1570 772 Κομητιανῆς
1581 737 1683 768 τάξεως
1696 736 1866 772 πράκτορες,

1075 785 1254 820 ἀπωδύραντο
1272 785 1320 820 μὲν
1337 784 1482 817 πολλάκις,
1507 784 1648 810 ἱκέτευσαν
1665 783 1694 809 δὲ
1712 783 1746 809 δι’
1761 783 1868 815 ἀναφο-

1078 831 1132 867 ρῶν
1148 832 1192 857 τὸν
1208 830 1308 866 ὑψηλὸν
1323 830 1400 865 ὑμῶν
1412 830 1517 866 Θρόνον,
1539 829 1676 864 δισχιλίων
1697 829 1795 860 αὐτοὺς
1815 829 1868 854 καὶ

238 879 320 909 genta
337 874 403 908 ipsis
421 875 511 902 minus
521 875 620 902 idonea
636 876 699 911 juga
714 876 918 902 eximerentur:
934 876 1023 911 jusse—

1078 875 1261 902 πεντακοσίων
1276 876 1387 911 ἀπόρων
1409 875 1563 909 ἀπαλλάξαι
1584 874 1688 909 ζυγῶν·
1710 873 1757 900 καὶ
1779 881 1866 908 προσ-

239 923 361 953 runtque
375 920 421 953 qui
434 925 497 947 ante
516 920 750 955 magnificentiam
762 925 836 947 tuam
854 921 906 947 hoc
918 920 1024 947 honore

239 963 433 998 fungebantur,
463 970 492 992 et
518 966 644 993 inutilem
659 966 828 1001 jngationeln
852 966 958 993 miseris
978 965 1026 992 de-

240 1009 402 1037 curionibus
416 1011 546 1043 relaxari,
571 1016 599 1038 et
616 1012 668 1038 alia
689 1012 750 1046 pari
777 1011 881 1046 1102
909 1018 1025 1038 numero

236 1055 402 1083 Comitianis
412 1057 511 1084 horum
528 1057 588 1085 vice
604 1058 748 1093 assignari,
766 1065 798 1085 ac
813 1065 848 1085 ne
864 1057 1024 1092 sicquidem

238 1105 326 1128 totum
344 1110 477 1130 canonem
491 1103 607 1137 implere
620 1108 748 1138 possunt.

274 1147 331 1182 Ego
348 1155 413 1174 vero
431 1148 543 1182 prolixae
562 1149 720 1183 scriptionis
742 1149 849 1177 veniam
867 1157 882 1176 a
900 1154 926 1176 te
946 1153 1021 1183 peto,

234 1196 369 1227 tuamque
394 1201 444 1220 oro
458 1194 699 1229 magniﬁcentiam,
714 1199 744 1222 ut
761 1196 885 1230 conjecta
900 1195 928 1222 in
943 1194 1025 1222 mise-

241 1246 288 1266 ros
300 1239 445 1266 collatores
456 1240 598 1267 mendacia
608 1248 732 1275 respuas,
744 1245 772 1268 et
781 1241 897 1268 infelicis
906 1241 1025 1276 regionis

237 1285 421 1312 calamitatem
444 1286 595 1321 reprimas,
627 1286 840 1321 inclinatamque
861 1287 970 1322 erigas,
998 1291 1026 1314 et

236 1331 351 1366 gloriam
365 1331 548 1365 immortalem
558 1332 593 1359 ad
604 1337 729 1367 posteras
739 1337 833 1360 aetates
843 1333 1024 1360 transmittas.

236 1376 300 1404 Haec
322 1384 405 1411 porro
435 1377 581 1405 nobiseum
607 1382 689 1405 orant
712 1378 760 1412 qui
788 1378 861 1412 apud
893 1385 945 1405 nos
962 1382 1026 1405 sunt

236 1422 335 1453 sancti,
354 1430 385 1449 ac
401 1423 538 1457 praecipue
553 1423 780 1458 religiosissimus
789 1427 817 1450 et
834 1423 1025 1451 sanctissimus

236 1467 279 1493 vir
290 1467 349 1499 Dei,
363 1467 493 1495 dominus
506 1468 638 1500 Jacobus,
650 1468 698 1502 qui
713 1476 777 1495 cum
792 1469 897 1495 silentii
920 1469 1025 1496 studio-

236 1513 362 1540 sissimus
379 1513 424 1545 sit,
437 1513 536 1541 adduci
549 1514 664 1548 quidem
676 1522 732 1541 non
755 1514 847 1548 potuit
861 1519 892 1541 ut
915 1514 1024 1542 scribe-

237 1563 290 1590 ret,
307 1563 383 1593 optat
394 1564 484 1586 tamen
499 1564 529 1586 ut
546 1559 716 1594 benignitate
736 1560 788 1587 ista
798 1560 1022 1591 fruaturcivitas,

235 1611 318 1639 quam
329 1604 438 1632 vicinus
451 1605 579 1638 illustrat,
593 1610 621 1633 et
635 1605 765 1640 precibus
773 1606 831 1633 suis
842 1606 968 1640 protegit.

410 1762 504 1790 XLIII.
513 1778 548 1783 —-
559 1761 707 1789 Pulcheriw
719 1762 854 1797 Augusm’.

271 1820 340 1853 Quia
356 1819 503 1854 imperium
520 1818 622 1854 pietate
635 1820 752 1851 ornatis,
769 1823 797 1845 et
808 1826 959 1854 purpuram
971 1817 1023 1845 ﬁde

235 1866 390 1898 illustratis,
400 1866 522 1893 scribere
528 1865 891 1900 audemus,tenuitatemque
902 1868 1023 1891 nostram

235 1920 291 1939 non
305 1912 457 1944 intuemur,
473 1912 538 1947 quia
555 1911 710 1939 sacerdotio
724 1911 867 1938 decentem
890 1910 1022 1937 honorem

235 1957 404 1992 impenditis.
419 1957 481 1984 Ilaec
497 1957 589 1984 animo
601 1961 741 1992 reputans,
751 1956 879 1988 obsecro,
897 1956 1023 1991 majesta-

236 2010 290 2032 tem
306 2006 314 2014 '
330 2010 416 2036 tuam,
432 2008 462 2030 ut
481 2004 588 2031 miserm
606 2003 711 2039 regioni
724 2007 826 2030 nostra:
848 2009 962 2036 parcere
981 2001 1023 2028 di-

234 2054 345 2085 gnetur,
356 2057 387 2076 ac
398 2049 498 2084 smpius
509 2049 635 2076 iteratam
651 2048 850 2083 inspectionem
863 2047 1021 2074 conﬁrmari

235 2096 341 2133 iubeat,
357 2103 409 2125 nec
426 2095 510 2130 recipi
529 2095 611 2122 falsas
635 2094 818 2129 quorumdam
838 2097 934 2121 contra
949 2093 1021 2120 illam

234 2141 436 2177 suggestiones,
465 2149 517 2168 nec
545 2141 598 2167 ﬁde
621 2141 734 2176 dignum
755 2140 851 2167 haberi
879 2148 953 2171 eum,
975 2139 1022 2175 qui

231 2186 355 2222 episcopi
368 2186 480 2220 quidem
491 2193 592 2212 nomen
607 2185 778 2218 circumfert,
801 2193 832 2212 ea
848 2189 939 2212 autem
954 2185 1020 2219 agit,

232 2239 294 2266 quae
304 2231 347 2258 v'el
365 2238 380 2257 a
398 2230 468 2258 bene
494 2230 609 2257 moratis
630 2230 774 2264 mancipiis
792 2229 882 2256 aliena
895 2229 959 2256 sint.
971 2229 1022 2256 IIic

231 2276 306 2303 enim
322 2275 440 2302 diversis
455 2275 680 2302 accusationibus
704 2283 768 2303 reus
793 2275 893 2308 factus,
909 2280 991 2310 atque
1006 2283 1022 2302 a

232 2321 281 2348 Dei
311 2321 504 2348 amantissimo
537 2321 768 2356 sanctissimoque
810 2321 1022 2356 archiepiscopo

233 2367 255 2401 1
261 2366 339 2401 103
347 2374 451 2401 magna:
458 2366 815 2394 civilatisAntioehenorum
823 2367 1023 2394 dominoDom-

229 2419 266 2438 no
278 2411 571 2439 excommunicationis
578 2411 695 2439 vinculis
705 2412 842 2443 astrictus,
860 2419 921 2438 cum
932 2411 1023 2446 ponti-

230 2456 310 2484 ﬁcale
319 2456 468 2484 concilium
478 2456 686 2484 convocandum
693 2461 776 2489 esset,
785 2456 852 2484 utde
859 2457 974 2492 objectis
982 2456 1021 2484 illi

229 2502 393 2530 criminibus
405 2507 591 2539 cognosceret,
602 2502 664 2538 l'uga
679 2503 789 2537 elapsus
806 2502 908 2537 regiam
922 2501 1017 2528 urbem

228 2547 320 2583 petiit,
348 2548 533 2583 delatorisque
561 2556 677 2576 munere
703 2553 848 2583 suscepto,
878 2547 1017 2582 regionem

229 2593 349 2627 impetit,
363 2601 444 2627 quam
472 2597 589 2620 matrem
610 2597 700 2624 vocat,
723 2593 862 2627 simulque
882 2600 1017 2627 pauperes

228 2639 390 2665 innumeros
415 2638 534 2674 impetit,
569 2643 597 2666 et
623 2644 736 2674 propter
767 2638 872 2669 odium,
899 2638 971 2672 quod
988 2638 1014 2665 in

228 2690 316 2709 unum
340 2683 428 2718 gerit,
461 2683 582 2719 linguam
609 2684 743 2710 adversus
771 2691 867 2710 omnes
894 2683 1014 2710 exacuit.

227 2727 330 2755 Verum
340 2728 430 2763 qualis
442 2729 489 2757 ille
505 2730 550 2762 sit,
564 2733 593 2757 et
606 2729 633 2756 in
649 2729 751 2764 quibus
764 2728 863 2756 studiis
873 2728 1016 2760 educatus,

265 2805 292 2839 (3
299 2805 321 2837 Ι)
337 2805 525 2840 ἐπιϐληθῆναι.
540 2805 624 2840 Neap.

1077 921 1173 955 έταξαν
1195 923 1219 948 οἱ
1248 921 1300 956 πρὸ
1327 922 1377 957 τῆς
1403 921 1541 956 ὑμετέρας
1562 919 1745 956 μεγαλοφυῖας
1760 919 1867 950 ταύτας

1076 968 1266 999 πιστευθέντες
1290 967 1340 999 τὰς
1363 967 1451 1003 ἡνίας,
1477 967 1643 1002 ἀπολυθῆναι
1667 966 1723 1001 (5i)
1741 966 1789 1000 μὲν
1806 966 1866 997 τοῖς

1076 1013 1179 1045 ἀθλίοις
1199 1013 1417 1048 πολιτευομένοις
1431 1013 1480 1049 τὴν
1500 1013 1601 1048 ἄπορον
1618 1012 1796 1046 ίουγατίωνα,
1815 1011 1866 1037 ἀν-

1076 1059 1212 1094 τιδοοῆναι
1229 1059 1258 1085 δὲ
1271 1061 1327 1090 τοῖς
1343 1059 1526 1094 Κομητιανοῖς
1549 1057 1681 1093 ἰσάριθμα
1697 1057 1780 1092 ἕτερα.
1793 1065 1800 1072 ·
1816 1056 1865 1083 καὶ

1076 1105 1136 1131 οὐδὲ
1151 1103 1237 1136 οὓτως
1256 1104 1376 1139 ίσχύουσι
1394 1105 1482 1131 πάντα
1495 1104 1541 1131 τὸν
1558 1103 1658 1130 κανόνα
1674 1103 1807 1139 πληροῦν.

1117 1149 1189 1183 Ἐγὼ
1201 1149 1229 1176 δὲ
1245 1148 1412 1184 συγγνώμην
1430 1149 1498 1176 αἰτῶ
1512 1149 1616 1176 πλείοσι
1632 1149 1805 1184 χρησάμενος
1820 1147 1864 1174 λό-

1075 1203 1144 1229 γοις,
1174 1195 1222 1221 καὶ
1247 1195 1296 1230 τὴν
1323 1195 1462 1230 ὑμετέραν
1487 1194 1603 1221 ικετεὺω
1623 1194 1864 1229 μεγαλοπρέπειαν

1075 1239 1236 1265 ἀπώσασθαι
1254 1240 1303 1274 μὲν
1317 1239 1367 1271 τὰς
1385 1239 1455 1266 κατὰ
1469 1239 1524 1266 τῶν
1543 1239 1642 1266 ἀθλίων
1665 1238 1798 1265 συντελῶν
1819 1247 1864 1272 γι-

1075 1284 1207 1320 γνομένας
1222 1285 1416 1320 ψευδηγορίας,
1432 1286 1527 1320 στῆσαι
1543 1285 1571 1311 δὲ
1586 1286 1618 1319 τῇ
1633 1284 1797 1319 ταλαιπώρῳ
1807 1283 1864 1319 χώ-

1077 1339 1111 1366 ρᾳ
1135 1330 1184 1362 τὰς
1201 1330 1354 1366 συμφορὰς,
1383 1331 1431 1357 καὶ
1450 1331 1557 1366 ἐγεῖραι
1579 1331 1664 1366 αὐτὴν
1688 1330 1864 1365 κλινομένην,

1076 1375 1123 1402 xui
1147 1376 1225 1408 κλέος
1241 1377 1405 1412 ἀείμνηστον
1427 1378 1488 1408 ταῖς
1504 1376 1574 1411 μετὰ
1583 1376 1678 1403 ,ταῦτα
1703 1376 1863 1402 καταλιπεῖν

1075 1424 1181 1457 γενεαῖς
1192 1423 1296 1450 ,Ταῦτα
1310 1423 1338 1450 δὲ
1350 1424 1398 1450 σὺν
1413 1424 1475 1458 ἐμοὶ
1490 1422 1678 1458 παρακαλοῦσι
1695 1423 1741 1450 καὶ
1755 1423 1781 1449 οἱ
1794 1423 1860 1458 παρ’

1075 1468 1141 1503 ἡμῖν
1157 1468 1239 1502 ἅγιοι,
1255 1469 1302 1495 καὶ
1318 1468 1501 1504 διαφερόντως
1515 1469 1530 1495 ὁ
1549 1468 1695 1499 ὁσιώτατος
1716 1468 1763 1494 xui.
1777 1467 1862 1502 ἁγιώ-

1075 1522 1156 1546 τατος
1166 1514 1309 1549 ἄνθρωπος
1319 1515 1366 1541 τοῦ
1379 1515 1457 1547 Θεοῦ,
1473 1516 1487 1542 ὁ
1499 1515 1593 1550 κύριος
1613 1514 1739 1546 Ἰάκωϐος
1749 1523 1755 1529 ·
1772 1515 1801 1545 ὃς
1813 1514 1862 1548 τὴν

1076 1559 1191 1594 ἡσυχίαν
1206 1560 1271 1594 περὶ
1288 1559 1415 1586 πλείστου
1436 1561 1607 1595 ποιούμενος,
1629 1560 1799 1586 ἐπιστέλλειν
1813 1559 1863 1595 μὲν

1076 1603 1126 1629 οὐκ
1140 1604 1276 1639 ἀνέχεται,
1291 1603 1400 1640 εὔχεται
1418 1605 1446 1631 δὲ
1458 1605 1560 1640 ταύτης
1571 1604 1723 1632 ἀπολαῦσαι
1736 1605 1785 1640 τῆς
1801 1604 1863 1639 φιλ-

1076 1647 1234 1683 ανθρωπίας
1248 1648 1297 1684 τὴν
1313 1648 1402 1681 πόλιν,
1414 1649 1447 1684 ἣν
1460 1650 1506 1676 καὶ
1520 1648 1682 1684 γειτονεύων
1695 1649 1862 1685 λαμπρύνει.

1077 1693 1123 1719 xui.
1138 1694 1197 1725 ταῖς
1212 1694 1306 1728 εὐχαῖς
1322 1695 1515 1730 περιφράττει.

1191 1759 1259 1786 Ml".
1270 1775 1306 1779 —
1315 1761 1483 1794 Πουλχερίᾲ
1492 1761 1652 1796 Αὐτοὺστῃ
1672 1761 1738 1797 (32).

1117 1816 1226 1853 Ἐπειδὴ
1239 1817 1287 1852 τὴν
1301 1817 1439 1851 βασιλείαν
1457 1817 1584 1854 εὐσεϐείᾳ
1602 1820 1741 1854 κοσμεῖτε,
1752 1818 1798 1846 καὶ
1811 1818 1861 1854 τὴν

1077 1861 1221 1898 ἁλουργίδα
1243 1864 1275 1898 τῇ
1309 1863 1400 1890 πίστει
1425 1864 1610 1900 λαμπρύνετε,
1645 1864 1800 1900 θαρροῦμεν
1826 1867 1864 1893 τὰ.

1075 1908 1238 1944 γράμματα,
1253 1908 1299 1934 καὶ
1317 1908 1367 1943 τὴν
1380 1909 1485 1935 οἰκείαν
1505 1909 1554 1944 οὐχ
1577 1909 1686 1945 ὁρῶμεν
1708 1910 1859 1938 εὐτέλειαν·

1075 1955 1107 1989 τῇ
1124 1955 1176 1989 γὰρ
1191 1954 1324 1990 ἱερωσύνῃ
1339 1954 1369 1980 τὸ
1383 1954 1488 1989 πρέπον
1502 1955 1652 1989 ἀπονέμετε
1663 1955 1757 1991 γέρας.
1768 1956 1861 1984 Ταῦτα

1075 1999 1263 2034 λογιζόμενος,
1285 1999 1400 2026 ἱκετεύω
1415 1999 1447 2026 τδ
1463 2000 1595 2035 ὑμέτερον
1612 2000 1712 2036 κράτος
1723 2021 1730 2032 ,
1754 2000 1860 2035 φειδοῦς

1075 2045 1124 2081 τὴν
1143 2046 1237 2072 ἀθλίαν
1268 2045 1346 2080 ἡμῶν
1365 2044 1478 2078 ἀξιῶσαι
1493 2046 1596 2082 χώραν,
1621 2046 1668 2072 xui.
1682 2046 1730 2082 τὴν
1746 2047 1861 2081 ὲποψίαν

1074 2091 1124 2127 τὴν
1148 2091 1278 2122 πολλάκις
1296 2091 1484 2127 γεγενημένην
1509 2091 1636 2118 κελεῦσαι
1666 2091 1859 2127 βεϐαιωθῆναι,

1075 2137 1123 2164 καὶ
1140 2136 1177 2172 μὴ
1192 2136 1320 2172 δεχθῆναι
1334 2136 1383 2168 τὰς
1402 2137 1478 2172 παρά
1490 2146 1572 2164 τινων
1586 2137 1646 2164 κατ’
1661 2138 1745 2173 αὐτῆς
1755 2133 1862 2173 γινομέ-

1075 2191 1124 2214 νας
1143 2183 1342 2218 ψευδηγορίας’
1370 2182 1437 2218 μηδὲ
1466 2182 1615 2218 ἀξιόχρεων
1634 2183 1794 2218 νομισθῆναι
1814 2183 1860 2210 τὸν

1073 2228 1226 2254 ἐπισκόπου
1243 2227 1292 2263 μὲν
1309 2227 1394 2262 ὄνομα
1411 2228 1606 2263 περιφέροντα,
1624 2228 1752 2263 ἀλλότρια
1768 2228 1796 2255 δὲ
1814 2229 1860 2255 καὶ

1072 2274 1248 2310 ἀνδραπόδων
1262 2273 1402 2309 εὑτρόπων
1413 2274 1618 2309 ἐπιτηδεύοντα.
1636 2272 1721 2305 Οὗτος
1732 2274 1786 2310 γὰρ
1795 2283 1858 2300 κατ-

1072 2320 1200 2355 ηγορίαις
1216 2320 1366 2353 ὑπεύθυνος
1379 2320 1510 2355 γεγονὼς,
1525 2321 1571 2347 καὶ
1583 2321 1638 2352 τοῖς
1652 2321 1702 2355 τῆς
1715 2321 1859 2356 ἀκοινωνη-

1074 2364 1135 2396 σίας
1153 2365 1316 2400 ὑποϐληϐεὶς
1334 2366 1455 2400 δεσμοῖς,
1468 2365 1520 2391 ὑπὸ
1531 2365 1577 2391 τοῦ
1593 2365 1798 2400 θεοφιλεστάτου
1813 2366 1859 2391 xui.

1073 2410 1226 2444 ἀγιωτάτου
1239 2411 1454 2447 ἀρχιεπισκόπου
1465 2411 1513 2446 τῆς
1534 2411 1692 2446 Ἀντιοχέων
1706 2410 1857 2446 μεγαλοπό-

1072 2455 1150 2487 λεως,
1178 2455 1225 2482 τοῦ
1250 2456 1344 2492 κυρίου
1363 2457 1479 2492 Δόμνου,
1507 2456 1554 2483 τοῦ
1580 2455 1774 2492 ἀρχιερατικοῦ
1795 2465 1858 2482 συν-

1071 2501 1159 2536 εδρίου
1173 2502 1379 2537 συγκροτεῖσθαι
1396 2503 1550 2538 μέλλοντος,
1573 2502 1644 2529 ὥστε
1660 2502 1709 2534 τὰς
1732 2503 1795 2529 κατ’
1810 2503 1856 2528 αὺ-

1069 2546 1116 2573 τοῦ
1134 2548 1320 2582 γεγενημένας
1332 2548 1458 2581 ἐξετάσαι
1476 2549 1652 2584 κατηγορίας,
1671 2548 1791 2583 ἀποδρὰς
1809 2548 1856 2583 τὴν

1071 2590 1266 2626 βασιλεύουσαν
1279 2594 1411 2620 κατέλαὸε
1431 2594 1525 2627 πόλιν,
1542 2595 1589 2621 καὶ
1606 2594 1761 2630 δηλάτωρος
1777 2593 1855 2629 ἔργον

1069 2637 1276 2672 ἀναδεξάμενος,
1295 2639 1408 2674 πολεμεῖ
1426 2639 1474 2675 μὲν
1490 2640 1593 2676 χώραν,
1607 2640 1640 2675 ἢν
1660 2639 1787 2675 ὀνομάζει
1802 2648 1855 2674 μη-

1069 2682 1146 2717 τέρα,
1160 2683 1272 2718 πολεμεῖ
1281 2684 1308 2710 δὲ
1327 2685 1440 2720 μυριάσι
1455 2687 1589 2722 πενήτων,
1600 2686 1647 2712 καὶ
1663 2686 1706 2712 διὰ
1723 2685 1773 2720 τὴν
1788 2685 1855 2719 πρὸς

1071 2727 1118 2753 ἕνα
1129 2728 1292 2763 δυσμένειαν
1307 2730 1357 2765 τὴν
1367 2730 1492 2764 γλῶτταν
1505 2731 1574 2758 κατὰ
1589 2731 1696 2758 πάντων
1710 2731 1853 2766 ἡκόνησεν.

262 2840 321 2874 (52)
335 2839 435 2867 Latine
445 2848 523 2867 versa
538 2839 627 2868 exstat
641 2841 698 2869 haec
718 2841 832 2876 epistola
848 2841 918 2876 apud
934 2841 1080 2868 Baronium
1097 2841 1130 2868 ad
1146 2849 1171 2868 a.
1188 2841 1218 2869 C.
1234 2841 1295 2874 4M,
1314 2847 1378 2869 tom.
1393 2843 1437 2875 VI,
1453 2850 1480 2878 ῃ.
1502 2851 1538 2870 ιη.
1554 2843 1599 2871 28.
