1962 3051
136 175 201 208 1921

805 171 986 202 EPISTULA
1006 172 1089 201 XLV.

1694 171 1764 204 1922

141 231 247 262 ὐποῒος
265 230 314 265 μὲν
342 226 388 256 οὖν
408 229 511 259 ἐκεῖνος
525 247 532 260 ,
558 228 605 254 καὶ
620 227 691 253 τίσιν
710 225 924 261 ἐπιτηδεύμασιν

989 234 1026 260 go
1037 226 1148 260 quidem
1172 233 1227 252 non
1245 225 1345 258 dicam,
1360 225 1426 260 quid
1450 234 1493 254 me
1522 226 1619 254 deceat
1638 225 1764 254 conside-

135 278 367 311 ἐντεθραμμένος,
382 274 437 308 ἐγὼ
454 274 503 309 μὲν
525 274 575 300 οὐκ
597 273 662 308 ἐρῶ,
675 273 709 299 τὰ
733 272 843 307 ἐμαυτῷ
858 271 924 305 πρέ-

136 331 221 350 ποντα
232 321 417 356 λογιζόμενος*
428 328 517 354 τεκμη
523 320 575 353 ριοί
586 319 612 345 δὲ
625 318 717 353 σαφῶς
732 318 761 344 τὸ
774 317 821 344 νῦν
837 318 924 352 ἐγχει-

137 367 219 405 ρηθέν
240 368 304 402 παρ’
317 366 409 393 αὑτοῦ.
429 366 497 398 Περὶ
511 364 539 391 δὲ
554 365 603 399 τῆς
621 364 712 399 χώρας
729 363 856 389 τοσοῦτόν
871 371 924 396 φη-

138 422 185 450 μι·
203 414 243 440 ὅτι
259 413 309 448 τῆς
326 412 462 446 ἐπαρχίας
481 411 573 446 πάσης
592 410 743 444 κουφισμὺν
764 409 924 443 δεξαμένης,

136 460 262 487 οὐδέποτε
280 459 349 493 αὓτη
364 457 569 491 φιλανθρωπίας
593 456 748 487 ἀπέλαυσε,
774 454 862 481 καίτοι
878 453 926 488 βα-

139 506 253 541 ρύτατον
276 504 386 540 φορτίον
410 503 586 537 ἐπικείμενον
606 501 715 536 ἔχουσα.
742 500 823 526 Ὅθεν
841 498 926 526 πολλά

140 551 188 586 μὲν
201 551 256 578 τῶν
266 549 413 584 κτημάτων
431 548 576 583 ἐστέρηται
586 546 728 582 γεωργῶν,
745 544 830 571 πολλὰ
841 545 868 570 δὲ
880 544 926 570 καὶ

139 597 193 624 τῶν
208 595 383 631 κεκτημένων
398 594 489 629 ἔρημα
506 593 651 628 γεγένηται
667 591 806 622 παντελῶς
817 599 824 606 ·
842 590 926 616 ἀπαι-

137 643 246 670 τοῦνται
259 642 287 668 δὲ
306 641 376 675 ὑπὲρ
391 640 493 666 τούτων
505 640 529 666 οἱ
544 638 696 675 τρισάθλιοι
712 636 926 670 πολιτευόμενοι,

140 689 233 725 φέρειν
247 689 274 716 δὲ
288 688 338 722 τὴν
352 687 496 722 εἴσπραξιν
511 686 541 711 οὺ
555 685 701 719 δυνάμενοι
714 684 738 709 οἱ
750 683 799 717 μὲν
815 689 928 715 προσαι-

139 735 242 767 τοῦσιν,
261 735 285 761 οἱ
302 734 330 760 δὲ
341 732 551 769 δραπετεύουσι.
568 730 703 765 Περιέστη
728 729 756 755 δὲ
777 729 817 759 εἰς
831 727 879 753 ἕνα
895 726 926 752 τὸ

139 781 190 816 τῆς
205 780 308 811 πόλεως
325 780 433 814 σχῆμα·
449 778 478 809 ὃς
492 777 541 803 οὐκ
559 776 676 808 ἀνθέξει,
701 774 738 810 μὴ
760 774 810 809 τῆς
827 774 924 803 ἰάσεως

142 826 217 862 παρὰ
230 827 279 861 τῆς
295 825 432 860 ὑμετέρας
448 823 589 854 εὐσεῦείας
606 821 789 856 ἐπιτεθείσης.
814 819 929 851 Ἐλπίζω

141 873 170 899 δὲ
186 873 226 899 ὅτι
241 873 257 906 ὴ
277 871 398 906 ὑμετέρα
418 869 569 905 γαληνότης
592 867 754 904 θεραπεύσει
769 867 802 893 τὰ
816 866 863 901 τῆς
879 865 928 891 πό-

977 279 1051 303 rans,
1075 272 1178 299 indicat
1196 276 1288 298 autem
1306 272 1332 298 id
1358 275 1462 306 aperte,
1480 272 1552 306 quod
1570 271 1604 298 ab
1631 280 1665 299 co
1691 278 1765 299 nunc

975 316 1017 351 agi
1037 321 1156 350 coeptum
1171 321 1222 343 est.
1239 317 1277 343 De
1297 316 1408 352 regione
1429 324 1494 343 vero
1504 317 1558 344 hoc
1575 317 1664 344 solum
1691 316 1764 349 dico,

976 369 1038 388 cum
1067 362 1208 397 provincia
1237 362 1367 389 universa
1393 362 1591 389 relevationem
1616 363 1763 397 acceperit.

975 407 1046 434 hanc
1062 416 1143 434 unam
1158 408 1335 442 benignitatis
1347 412 1502 441 compotem
1510 415 1652 441 nunquam
1669 407 1764 438 fuisse,

976 453 1103 488 quamvis
1122 453 1159 479 illi
1176 454 1367 488 gravissimum
1396 461 1467 480 onus
1482 453 1634 480 incumbat.
1651 453 1727 480 Unde
1739 457 1767 479 et

976 499 1078 534 praedia
1095 499 1179 526 multa
1192 499 1296 526 colonis
1309 499 1441 526 destituta
1457 503 1530 531 sunt,
1544 499 1630 526 multa
1650 499 1733 525 etiam
1752 506 1767 525 a

976 544 1181 580 possessoribus
1197 544 1307 579 penitus
1325 544 1434 571 deserta
1457 553 1462 570 :
1481 547 1510 570 et
1525 551 1577 578 pro
1595 544 1638 570 his
1663 543 1766 570 nihilo~

981 591 1074 618 minus
1111 591 1259 625 exiguntur
1294 590 1477 617 infelicissimi
1508 590 1691 619 decuriones.
1719 588 1767 624 qui

978 637 1151 664 exactionem
1169 636 1240 664 ferre
1263 645 1319 663 non
1332 637 1466 669 valentes,
1484 638 1582 672 partim
1599 637 1766 669 mendicant,

978 684 1079 718 partim
1092 683 1155 719 fuga
1168 691 1197 710 se
1216 683 1385 710 subducunt.
1402 684 1443 710 Ad
1455 692 1540 711 unum
1556 684 1676 718 denique
1698 684 1768 711 civi-

980 729 1045 756 tatis
1059 729 1147 756 forma
1173 729 1283 756 redacta
1300 733 1352 758 est.
1365 729 1412 764 qui
1430 737 1485 756 non
1502 729 1584 760 feret,
1599 730 1652 756 nisi
1673 738 1688 756 a
1711 730 1770 764 pie-

981 779 1037 802 tate
1059 780 1150 802 vestra
1181 775 1332 801 remedium
1362 775 1537 802 adhibeatur.
1561 776 1648 810 Spero
1677 780 1769 803 autem

983 821 1043 848 fore
1065 825 1096 847 ut
1110 821 1246 848 serenitas
1263 825 1354 847 vestra
1377 820 1499 848 civitatis
1519 821 1682 848 vulneribus
1713 829 1771 848 me-

981 866 1089 898 deatur,
1114 871 1142 893 et
1171 866 1204 892 ad
1229 870 1343 892 creteras
1357 866 1446 900 justas
1469 866 1592 893 actiones
1620 873 1683 892 suas
1700 865 1771 892 hanc

141 919 209 950 λεως
219 917 373 952 τραύματα,
389 916 436 942 καὶ
450 917 511 946 ταῖς
525 914 618 945 ἄλλαις
633 912 855 952 δίκαιοπραγίαις
869 911 930 936 ἐπι-

989 912 1064 940 :tiam
1078 912 1198 947 adjiciat.

143 965 221 1001 θήσει
234 965 279 991 καὶ
288 963 401 997 ταύτην.

311 1020 376 1046 MA'.
392 1033 427 1038 —
439 1017 585 1051 Σενάτωρι
600 1015 752 1049 πατρικίῳ.

178 1077 265 1111 Χάρις
284 1074 322 1110 τῷ
341 1074 447 1109 Σωτῆρι
457 1073 512 1100 τῶν
524 1072 603 1104 ὅλων,
626 1072 667 1098 ὅτι
687 1070 726 1106 τῷ
742 1069 866 1105 ὑμετέρῳ
882 1077 931 1104 με-

144 1124 219 1159 γέθει
231 1124 273 1150 ἀεὶ
287 1121 448 1158 προστίθησι
459 1121 508 1152 τὰς
521 1120 575 1147 τῶν
586 1118 750 1154 ἀξιωμάτων
761 1117 853 1152 τιμάς,
861 1115 932 1151 Ἐγὼ

144 1170 174 1197 δὲ
190 1169 272 1205 μέχρι
287 1168 334 1195 τοῦ
353 1167 488 1202 παρόντος
503 1167 534 1192 οὺ
552 1165 692 1200 γέγραφα,
707 1164 754 1191 καὶ
769 1163 819 1199 τὴν
835 1163 881 1188 ἐπὶ
894 1161 933 1197 τῷ

145 1214 279 1249 κολοφῶνι
286 1213 334 1240 τοῦ
348 1213 438 1248 γέρως
454 1210 638 1246 ἐγγενομένην
648 1218 692 1244 μοι
702 1209 836 1244 θυμηδίαν
849 1207 929 1238 εὐθὺς

146 1264 176 1289 οὑ
191 1261 329 1297 δεδήλωκα
339 1280 346 1293 ,
361 1259 478 1294 ἐνοχλεῖν
494 1258 524 1284 οὺ
545 1257 706 1292 βουλόμενος
724 1255 772 1290 τὴν
796 1253 933 1289 ὑμετέραν

149 1307 393 1344 μεγαλοπρέπειαν.
412 1305 467 1332 Kal.
484 1304 531 1330 νῦν
543 1303 572 1329 δὲ
588 1302 667 1329 τοῦτο
679 1302 759 1332 ποιῶ,
778 1301 828 1335 τῆς
842 1300 933 1326 θεόθεν

147 1353 366 1389 ἐγχειρισθείσης
389 1359 433 1386 μοι
453 1350 546 1385 χώρας
570 1349 616 1375 ἐπὶ
637 1346 718 1382 ξυροῦ
739 1346 842 1382 ἀκμῆς,
856 1346 886 1372 τὴ
903 1345 935 1380 δὴ

147 1400 304 1435 λεγόμενον,
317 1397 475 1432 ἑστηκυίας.
490 1396 545 1430 Τῆς
559 1395 613 1430 γὰρ
629 1394 744 1428 ἐποψίας
758 1393 818 1419 κατ’
832 1392 934 1418 ἐκεῖνον

148 1446 193 1473 τὸν
206 1445 299 1481 καιρὸν
314 1443 472 1478 γενομένης,
489 1441 550 1468 καθ’
561 1441 590 1467 ὂν
601 1441 650 1476 τῆς
668 1439 801 1475 ὑμετέρας
820 1439 849 1464 τὺ
860 1437 936 1472 πρῶ-

148 1500 194 1519 τον
207 1490 352 1526 ἐπιδημίας
369 1488 574 1522 ἀπελαύσαμεν,
588 1486 634 1512 καὶ
648 1486 724 1521 μόλις
737 1484 934 1520 κρατυνθείσης

149 1537 195 1565 ἐπὶ
206 1537 252 1563 τοῦ
264 1533 556 1571 μεγαλοπρεπεστάτου
569 1532 693 1567 ὑπάρχου
702 1530 748 1557 τοῦ
759 1530 854 1566 κυρίου
867 1529 937 1555 Φλω-

1158 1015 1251 1042 Χιῐν.
1264 1009 1440 1042 -Ὲωιαιονὶ
1469 1014 1592 1048 patricio.

1017 1072 1109 1099 Gratia
1123 1071 1245 1098 omnium
1270 1069 1422 1101 Servatori,
1446 1068 1496 1104 qui
1517 1068 1693 1103 amplitudini
1717 1072 1773 1095 tua:

985 1117 1148 1152 dignitatum
1171 1117 1290 1144 honores
1317 1123 1426 1150 semper
1441 1115 1606 1142 accumulat.
1632 1114 1689 1148 Ego
1703 1121 1771 1140 vero

983 1163 1116 1190 hactenus
1133 1170 1188 1190 non
1216 1163 1326 1197 scripsi,
1348 1165 1376 1189 et
1389 1168 1470 1196 quam
1495 1168 1529 1187 ex
1560 1160 1674 1187 honoris
1699 1160 1773 1187 colo-

983 1208 1074 1243 phone
1088 1208 1180 1235 animo
1194 1208 1254 1242 cepi
1267 1207 1388 1234 lmtitiam
1406 1214 1461 1233 non
1481 1205 1576 1232 statim
1590 1205 1719 1237 iudicavi,
1737 1212 1773 1232 ne

985 1253 1116 1280 molestus
1132 1260 1220 1279 essem
1247 1251 1457 1287 magniﬁcentia:
1482 1256 1545 1278 luat.
1571 1250 1649 1277 Nunc
1681 1255 1773 1277 autem

984 1303 1129 1334 propterea
1153 1299 1234 1331 facio,
1257 1298 1332 1333 quod
1359 1296 1466 1332 1104.
1484 1297 1560 1331 regio
1588 1296 1657 1323 mihi
1684 1302 1698 1322 a
1718 1296 1774 1323 Deo

985 1344 1130 1371 commissa
1148 1345 1175 1371 in
1190 1344 1259 1375 acie,
1276 1343 1348 1378 quod
1367 1343 1455 1375 aiunt,
1468 1347 1510 1369 est
1535 1342 1685 1369 novaculae.
1707 1341 1774 1368 Nam

986 1397 1049 1417 cum
1071 1390 1207 1425 inspectio
1224 1389 1294 1416 facta
1312 1389 1396 1416 fuerit
1412 1389 1460 1415 illo
1485 1391 1619 1421 tempore,
1642 1395 1696 1421 quo
1717 1386 1775 1421 pri-

986 1436 1214 1462 mum‘adventu
1241 1438 1334 1462 vestro
1359 1434 1475 1461 recreati
1502 1441 1616 1465 sumus,
1645 1437 1674 1460 et
1699 1439 1772 1467 agre

987 1481 1163 1508 constabilita
1172 1480 1224 1507 sub
1236 1479 1509 1515 magniﬁcentissimo
1523 1479 1652 1513 praefecto
1664 1478 1776 1505 domino

987 1527 1138 1558 Florentio,
1162 1533 1194 1553 ac
1217 1534 1292 1552 nunc
1317 1526 1399 1552 etiam
1432 1525 1467 1552 ab
1490 1533 1523 1552 eo
1550 1524 1711 1551 conﬁrmata
1727 1523 1776 1558 qui

151 1569 269 1619 ρεντίου,
285 1569 480 1616 βεὸαιωθείσης
495 1579 523 1606 δὲ
540 1579 585 1605 καὶ
602 1578 650 1604 νῦν
664 1577 716 1603 ὑπὸ
731 1577 776 1603 τοῦ
792 1577 841 1607 τὰς
853 1574 936 1605 αὐτὰς

990 1573 1114 1600 habenas
1130 1571 1240 1599 easdem
1266 1575 1350 1603 tenet,
1377 1571 1420 1597 vir
1434 1570 1555 1605 quidam,
1575 1569 1697 1604 episcopi
1715 1569 1777 1603 qui-

150 1629 309 1663 κατέχοντος
331 1626 424 1660 ἡνίας,
448 1625 517 1659 ἀνήρ
536 1632 588 1655 τις,
611 1621 761 1649 ἐπισκόπου
788 1621 837 1656 μὲν
851 1620 937 1654 ὄνομα

151 1674 316 1710 περιφέρων,
334 1672 460 1706 ἀλλότρια
470 1671 497 1696 δὲ
513 1670 559 1696 καὶ
572 1669 625 1695 τῶν
640 1669 686 1694 ἐπὶ
702 1669 751 1703 τῆς
763 1667 865 1702 σκηνῆς
878 1667 937 1692 ἐπι-

152 1719 282 1755 τηδεύων,
302 1716 395 1751 φυγὼν
412 1716 442 1742 τδ
466 1715 520 1741 τῶν
537 1713 687 1749 ἀρχιερέων
711 1711 849 1747 συνέδριον
862 1731 869 1742 ,
890 1710 938 1737 καὶ

152 1766 237 1792 ταῦτα
252 1764 306 1791 τῶν
320 1763 368 1799 τῆς
386 1761 582 1796 ἀκοινωνησίας
599 1759 780 1793 ἐπικειμένων
802 1757 875 1791 αὐτῷ
893 1757 938 1783 δε-

154 1811 241 1847 σμῶν,
257 1809 433 1844 συκοφαντεῖν
451 1808 579 1843 πειρᾶται
598 1806 646 1832 καὶ
665 1803 818 1830 διαϐάλλειν
831 1803 879 1837 τὴν
892 1809 939 1835 γε-

154 1857 269 1892 νομένην
283 1855 407 1889 ἐποψίαν,
424 1855 457 1888 τῇ
474 1853 537 1887 περὶ
554 1852 598 1878 τὸν
612 1850 793 1885 περίόλεπτον
806 1847 939 1873 Φίλιππον

157 1903 290 1938 ἀπεχθείᾳ.
312 1902 362 1934 τὴν
383 1900 510 1934 ἀλήθειαν
536 1897 650 1932 βάλλων.
677 1895 722 1921 Διὸ
744 1895 793 1929 τὴν
805 1893 940 1928 ὑμετέραν

158 1947 342 1984 μεγαλοφυῖαν
358 1944 500 1975 ἀντιϐολῶ,
517 1943 564 1973 τὰς
577 1942 625 1977 μὲν
642 1941 747 1968 ἐκείνου
759 1939 941 1975 ψευδηγορίας

158 1992 299 2027 ἀποφῆναι
315 1989 441 2025 ματαίας,
459 1988 508 2022 τὴν
521 1987 548 2014 δὲ
567 1986 753 2022 γεγενημένην
773 1984 887 2019 ἐποῲὶαν
899 1984 942 2009 ὲν-

157 2038 239 2069 δὶκως
252 2035 445 2072 βεϐαιωθεῖσαν
456 2034 602 2060 ἀσάλευτον
617 2032 764 2065 διαμεῖναι.
775 2030 878 2064 Πρέπει
889 2029 942 2064 γὰρ

159 2083 234 2118 ὑμῶν
246 2080 284 2115 τῷ
304 2079 424 2115 μεγέθει,
440 2079 487 2104 καὶ
508 2076 609 2112 ταύτην
630 2075 698 2110 μετᾶ
713 2075 767 2101 τῶν
781 2073 868 2101 ἄλλων
893 2072 943 2107 τὴν

156 2117 365 2162 δικαιοπραγίαν
384 2122 592 2159 καρπώσασθαι,
612 2121 659 2147 καὶ
675 2120 725 2151 τὰς
741 2119 815 2154 παρὰ
831 2118 884 2144 τῶν
897 2117 943 2143 εὑ-

161 2183 272 2210 εργετου
278 2173 364 2207 μένων
374 2170 500 2204 εὐλογίας
510 2167 655 2204 τρυγῆσαι,
665 2167 712 2193 καὶ
720 2165 885 2200 θεραπεῦσαι
896 2163 945 2210 μὲν

158 2208 203 2249 τον
216 2219 270 2246 τῶν
286 2218 353 2244 ὅλων
364 2216 440 2246 Θεὸν,
457 2213 624 2250 θεραπεῦσαι
638 2212 667 2238 δὲ
683 2212 728 2238 τὸν
740 2211 850 2246 γνήσιον
859 2208 942 2236 αὑτοῦ

989 1619 1050 1646 dem
1066 1626 1166 1646 nomen
1184 1625 1293 1653 gerens,
1310 1617 1357 1644 sed
1381 1624 1412 1643 ea
1441 1624 1524 1651 agens
1543 1623 1605 1650 qua;
1629 1623 1644 1642 a
1661 1615 1777 1642 scenicis

990 1664 1058 1699 ipsis
1068 1665 1156 1691 aliena
1173 1663 1238 1696 sint,
1253 1663 1445 1697 episcoporum
1476 1661 1622 1688 concilium
1638 1660 1777 1688 subterfu-

990 1711 1077 1746 giens,
1094 1710 1176 1745 idque
1192 1717 1254 1736 cum
1282 1707 1578 1736 excommunicationis
1597 1706 1716 1734 vinculis
1740 1705 1777 1732 sit

990 1756 1141 1784 obstrictus
1168 1755 1331 1782 calumniari
1355 1758 1481 1786 conatur,
1509 1753 1663 1788 factamque
1688 1752 1778 1787 inspe-

990 1800 1349 1832 ctioncmcriminari,odio
1374 1799 1532 1834 spectabilis
1562 1799 1681 1834 Philippi
1703 1798 1777 1826 veri-

992 1852 1074 1876 tatem
1087 1848 1260 1882 impugnans.
1272 1845 1405 1879 Quocirca
1419 1844 1650 1880 magniﬁcentiam
1660 1848 1779 1871 vestram

992 1891 1302 1923 obsecromtmendacia
1314 1891 1373 1925 ejus
1390 1890 1469 1917 irrita
1484 1889 1590 1921 reddat,
1607 1888 1780 1923 etinspectio

992 1945 1054 1973 qum
1070 1937 1140 1964 facta
1155 1941 1197 1963 est
1210 1936 1332 1971 legitime
1356 1934 1517 1961 conﬁrmata
1540 1933 1704 1960 inconcussa
1717 1940 1781 1967 ρει-ς

993 1986 1113 2009 maneat.
1137 1982 1222 2008 Decet
1248 1981 1322 2008 enim
1350 1979 1560 2015 amplitudinem
1594 1983 1667 2005 tuam
1698 1979 1784 2013 hujus

994 2028 1077 2055 etiam
1103 2035 1166 2054 cum
1192 2027 1253 2053 aliis
1275 2027 1358 2061 justas
1385 2025 1500 2052 actionis
1525 2024 1644 2051 fructum
1671 2031 1780 2058 capere,

995 2077 1077 2108 atque
1094 2080 1190 2099 eorum
1208 2080 1278 2107 quos
1303 2071 1438 2099 beneﬁcio
1463 2070 1592 2097 aﬂeeeris
1609 2068 1784 2096 acclamatio-

994 2127 1045 2146 nes
1072 2118 1219 2153 colligere,
1247 2125 1279 2145 ac
1304 2118 1390 2145 Deum
1418 2117 1611 2143 universorum
1638 2115 1782 2144 venerari.

995 2164 1122 2192 venerari
1135 2171 1244 2198 quoque
1257 2163 1408 2198 genuinum
1424 2164 1484 2198 ejus
1496 2169 1618 2194 servum,
1641 2160 1782 2188 sanctissi-

998 2218 1072 2238 mum
1094 2210 1235 2237 hominem
1250 2209 1310 2241 Dei,
1337 2208 1479 2239 dominum
1497 2207 1641 2239 Iacobum,
1653 2206 1701 2242 qui
1729 2213 1783 2234 una

159 2265 268 2296 δοῦλον,
292 2263 337 2289 τὸν
355 2261 504 2296 ἁγιώτατον
519 2258 661 2294 ἄνθρωπον
673 2256 719 2284 τοῦ
733 2255 811 2287 Θεοῦ,
830 2255 875 2282 τὸν
893 2253 936 2281 κύ-

996 2264 1104 2284 mecum
1120 2263 1217 2290 preces
1241 2255 1333 2282 otl‘ert.
1348 2254 1508 2289 Scripsisset
1520 2257 1611 2282 autem
1625 2257 1653 2280 et
1674 2253 1744 2287 ipse,
1760 2252 1784 2279 si

163 2319 218 2346 ριον
238 2308 375 2339 Ἰάκωϐον,
390 2307 418 2337 ὃς
433 2306 511 2340 τήνδε
526 2304 677 2340 προσφέρει
691 2303 739 2329 σὺν
755 2302 816 2336 ἐμοὶ
828 2299 876 2336 τὴν
891 2308 945 2326 πα-

164 2357 303 2392 ράκλησιν.
322 2353 444 2389 Ἔγραψε
461 2353 482 2379 δ’
503 2352 535 2379 ἂν
550 2353 596 2378 καὶ
617 2351 713 2383 αὐτὸς,
728 2350 807 2384 εἴπερ
825 2346 900 2382 αὐτῷ
917 2347 947 2373 τὸ

162 2403 278 2439 γράφειν
299 2400 415 2434 σύνηθες
430 2397 474 2434 ἦν.

324 2459 390 2486 llE’.
405 2474 439 2478 —
460 2456 616 2488 ‘Artztolftp
627 2455 780 2489 :mzpmicp.

198 2519 258 2545 Ὅτι
271 2516 395 2551 καθάπερ
408 2514 502 2544 παῖδες
517 2513 564 2540 ἐπὶ¹
579 2512 685 2546 πατέρα
705 2510 891 2545 φιλόστοργον,
908 2509 948 2535 δι-

163 2563 294 2598 ετέθησαν
309 2561 373 2596 περὶ
387 2561 435 2595 τὴν
452 2558 588 2594 ὑμετέραν
608 2557 845 2592 μεγαλοπρέπειαν
862 2555 949 2582 ᾶπαν-

163 2618 208 2640 τες
231 2610 255 2636 οἱ
279 2607 328 2643 τὴν
352 2606 422 2642 ἐῴαν
439 2604 588 2635 οἰκοῦντες,
605 2601 674 2629 οἶδεν
692 2602 770 2637 ὑμῶν
792 2602 821 2628 τὸ
837 2601 949 2636 μέγεθος

164 2654 294 2690 ἀκριϐῶς.
315 2653 383 2680 ’Δνθ’
398 2653 459 2678 ὂτου
474 2651 563 2677 τοίνυν
580 2650 751 2684 μεμισήκατε
762 2647 824 2679 τοὺς
840 2647 950 2682 φιλοῦν-

165 2710 225 2732 τας,
239 2701 286 2727 καὶ
303 2700 352 2733 τῆς
370 2697 505 2732 ὑμετέρας
534 2695 633 2725 αὐτοὺς
653 2694 819 2729 ἐστερήσατε
842 2701 951 2728 προμη-

166 2745 250 2779 θείας,
264 2745 311 2771 καὶ
328 2744 436 2779 θρηνεῖν
461 2742 582 2772 ἅπαντας
600 2739 647 2766 καὶ
665 2739 809 2774 ὀδύρεσθαι
836 2739 952 2774 πεποιήι-

166 2799 244 2822 κατε,
259 2789 307 2824 τὴν
321 2788 423 2815 οἰκείαν
434 2786 581 2822 θεραπείαν
594 2786 644 2821 τῆς
654 2785 707 2812 τῶν
720 2784 806 2811 ἄλλων
820 2785 953 2820 προτιμή-

169 2845 263 2867 σαντες
278 2835 409 2869 ὠφελείσς
419 2844 426 2868 ;
438 2834 482 2868 Τῷ
496 2834 552 2860 ὖντι
565 2832 619 2868 γὰρ
631 2832 678 2867 οὐχ
690 2831 809 2866 ἡγοῦμαί
824 2840 885 2857 τινα
898 2830 953 2857 τῶν

168 2878 343 2914 φοϐουμένων
361 2878 406 2904 τὸν
428 2877 529 2912 Κύριον
553 2877 591 2912 μὴ
611 2877 671 2903 λίαν
685 2876 830 2911 ἀσχάλλειν
850 2876 895 2902 ἐπὶ
919 2878 953 2912 τῇ

996 2304 1021 2331 ei
1034 2302 1156 2330 scribere
1169 2309 1229 2328 mos
1245 2305 1329 2328 esset.

1188 2452 1268 2479 XLV.
1279 2441 1314 2471 —'—
1326 2451 1451 2478 Anatolio
1474 2450 1596 2485 patricia.

1036 2510 1116 2543 Quod
1130 2514 1160 2537 ut
1180 2509 1227 2536 ﬁlii
1243 2509 1376 2536 adversus
1388 2511 1525 2534 amantem
1537 2510 1653 2542 patrem,
1665 2506 1705 2534 sic
1721 2514 1786 2542 erga

1000 2556 1231 2592 magniﬁcentiora
1249 2558 1372 2581 vestram
1399 2553 1490 2580 affecti
1507 2553 1562 2580 sint
1578 2560 1674 2580 omnes
1690 2552 1788 2581 Orien—

1002 2603 1080 2633 tales,
1094 2602 1218 2636 apprime
1229 2599 1305 2627 novit
1328 2598 1484 2626 sublimitas
1510 2603 1613 2625 vestra.
1642 2597 1700 2631 Qua
1722 2605 1789 2632 ergo

1001 2649 1035 2676 de
1048 2655 1130 2675 causa
1144 2647 1206 2674 odio
1226 2645 1363 2673 habuistis
1390 2649 1524 2677 amantes,
1556 2648 1701 2678 vestraque
1727 2643 1788 2670 illos

1002 2694 1178 2730 providentia
1192 2692 1321 2724 orbastis,
1339 2695 1367 2718 et
1382 2691 1477 2726 lugere
1490 2697 1587 2717 omnes
1610 2696 1643 2716 ac
1660 2689 1789 2724 plangere

1003 2739 1142 2775 coegistis.
1166 2737 1273 2773 1105
1307 2735 1450 2771 proprium
1477 2734 1650 2762 commodum
1673 2734 1789 2762 aliorum

1003 2786 1116 2813 utilitati
1143 2782 1360 2818 anteponentes?
1384 2781 1490 2808 Revera
1519 2780 1593 2808 enim
1618 2787 1715 2807 eorum
1742 2779 1790 2814 qui

1004 2831 1091 2858 Deum
1111 2831 1211 2857 timent
1222 2828 1361 2856 neminem
1381 2834 1440 2854 esse
1452 2825 1583 2858 arbitror,
1603 2825 1669 2860 quin
1692 2824 1778 2860 praeter

1006 2881 1084 2904 ctura
1095 2880 1184 2904 vestra
1197 2875 1335 2910 privatum
1352 2880 1380 2900 se
1399 2872 1578 2901 vehementer
1604 2870 1704 2899 doleat.
1720 2869 1781 2904 Quit
