1962 3051
197 115 265 148 1223

685 113 928 143 THEODORETI
946 114 1114 145 EPISCOPI
1133 115 1313 146 CYRENSIS

1754 114 1824 148 1294

196 175 224 198 et
240 175 353 198 caeteros
367 176 462 197 omnes
479 168 616 200 existimo,
627 167 753 202 quamvis
771 168 919 202 perfectam
933 168 977 195 Dei

1034 170 1160 205 στερήσει
1183 170 1232 205 τῆς
1249 170 1386 205 ὑμετέρας
1407 169 1584 206 στρατηγίας.
1610 169 1695 206 Οῐμαι
1718 171 1746 198 δὲ
1773 173 1823 199 καὶ

199 216 381 252 cognitionem
390 223 444 242 non
455 214 585 246 habeant,
599 208 680 240 simili
701 213 796 240 dolore
810 214 895 249 tangi,
914 215 979 241 dum

197 261 330 290 beneﬁcia
349 265 439 288 vestra
457 259 648 287 recordamur.
663 258 719 293 Ego
746 266 811 286 vero
838 267 893 294 pne
919 260 982 287 aliis

199 314 287 342 gemo,
307 313 412 332 memor
442 305 554 332 honoris
572 307 599 330 et
627 303 741 331 sincerae
771 305 979 336 benevolentiae,

198 353 398 386 [‘ominulnque
418 351 610 378 universorum
624 359 733 385 precor,
747 355 778 377 ut
794 351 894 378 invicta
913 350 979 377 dex—

196 402 253 424 tera
270 404 378 431 semper
389 404 438 423 vos
451 396 565 426 muniat.
585 396 774 430 bonorumque
789 396 911 423 omnium
935 404 981 422 co-

193 442 266 476 piam
276 441 355 468 vobis
366 441 507 476 largiatur.
518 440 745 476 Magniﬁcentiam
757 446 847 468 autem
861 445 980 468 vestram

194 494 332 521 rogamus,
348 490 377 513 ut
395 487 493 513 absens
505 487 580 513 velut
596 494 717 521 presens
743 490 901 513 consuetam
931 494 980 513 cu-

194 540 252 559 ram
280 537 366 567 gerat,
401 539 486 566 atque
504 531 577 558 illius
604 531 708 566 indigni
738 531 860 565 episcopi
892 531 980 558 nostri

193 579 297 606 rabiem
315 578 431 613 frangat,
459 578 536 612 cujus
548 577 611 603 vita:
636 577 794 604 institutum
825 577 979 604 sublimitas

191 628 285 652 vestra
309 627 482 658 perspectum
507 622 600 649 habet.
628 622 750 649 Certatur
767 622 852 654 enim,
878 627 907 649 ut
934 630 979 649 ae-

192 670 264 704 cepi,
287 670 425 704 regionem
439 673 561 696 nostram
578 669 703 696 funditus
720 672 857 700 evertere,
876 668 979 695 delato-

191 715 231 743 ris
255 722 369 741 munere
388 718 526 748 suscepto,
557 718 750 748 peraetamque
780 713 978 748 inspectionem

192 760 372 788 calumnians.
404 759 487 794 quue
509 766 570 785 cum
590 759 678 786 sciant
703 766 815 790 omnes,
833 764 862 786 ut
894 759 979 786 verbo

192 805 294 837 dicam,
313 804 500 839 gravissimam
528 811 588 830 esse
610 803 730 837 regionis
757 808 860 831 nostra:
877 804 980 831 descri—

1034 211 1097 243 τοὺς
1121 213 1217 244 ἄλλους
1242 213 1374 246 ἅπαντας,
1404 214 1428 240 εί
1445 214 1491 240 καὶ
1512 215 1548 250 μὴ
1562 214 1610 250 τὴν
1630 215 1694 251 περὶ
1714 216 1749 242 τὰ
1762 215 1821 243 θεῖα

1035 258 1135 291 γνῶσιν
1148 258 1255 293 ἔχουσιν
1268 259 1380 294 ἀκριϐῆ,
1396 259 1426 285 τὸ
1440 260 1488 294 τῆς
1499 259 1617 295 ἀθυμίας
1633 260 1733 295 ὁμοίως
1744 261 1822 296 δέχε-

1036 303 1097 330 σθαι
1111 304 1206 335 πάθος,
1227 304 1277 336 τὰς
1294 304 1431 339 ὑμετέρας
1445 305 1636 340 λογιζομένους
1649 306 1820 340 εὐεργεσίας.

1040 347 1111 382 Ἐγὼ
1125 349 1154 374 δὲ
1171 349 1355 385 διαφερόντως
1378 350 1564 386 ὀλοφύρομαι,
1589 351 1636 377 καὶ
1661 351 1711 386 τῆς
1726 352 1821 387 τιμῆς,

1034 395 1143 428 καὶτῆς
1157 395 1319 431 εἰλικρινοῦς
1335 395 1482 427 διαθέσεως
1501 397 1690 431 μεμνημένος*
1709 399 1755 423 καὶ
1774 397 1822 424 τὸν

1033 439 1087 465 τῶν
1105 439 1172 465 ὅλων
1185 440 1298 466 ἱκετεύω
1313 441 1461 474 Δεσπότην,
1478 443 1510 477 τῇ
1528 441 1627 476 ἀμάχῳ
1644 442 1719 477 δεξιᾷ
1734 442 1822 478 τειχί-

1033 484 1090 515 ζειν
1107 485 1178 519 ὑμᾶς
1193 485 1246 517 ἀᾶ,
1256 487 1302 511 καὶ
1311 485 1364 511 τῶν
1377 487 1554 513 παντοδαπῶν
1567 487 1678 521 ἀγαθῶν
1693 489 1822 523 χορηγεῖν

1034 529 1097 564 ὑμῖν
1114 530 1163 563 τὴν
1181 530 1278 563 φοράν.
1293 530 1348 564 Τὴν
1364 531 1391 557 δὲ
1409 531 1545 567 ὑμετέραν
1563 533 1747 567 μεγαλοφυῖαν
1768 543 1822 560 πα-

1035 574 1216 610 ρακαλοῦμεν,
1231 576 1279 602 καὶ
1294 576 1416 603 ἀποῦσαν
1428 577 1465 608 ὡς
1479 577 1619 613 παροῦσαν
1629 579 1684 605 τῶν
1697 580 1822 614 συνήθων

1033 620 1184 655 φροντίσαι,
1204 621 1250 646 καὶ
1266 620 1312 647 τοῦ
1326 621 1412 653 δεῖνος
1428 622 1475 648 τοῦ
1488 623 1596 655 ἀναξίου
1613 623 1693 659 ἡμῶν
1706 625 1822 651 ἐπισκό-
1871 627 1873 630 ’

1033 674 1083 691 που
1103 665 1254 692 καταλῦσαι
1268 665 1316 701 τὴν
1334 665 1443 699 λύτταν,
1463 665 1493 694 οῦ
1510 668 1558 703 τὴν
1579 669 1626 701 τοῦ
1643 669 1701 703 βίου
1722 670 1821 705 προαί-

1035 720 1107 746 ρεσιν
1125 711 1318 747 ἀκριϐέστερον
1331 712 1362 739 τὸ
1382 713 1515 749 ὑμέτερον
1528 715 1672 742 ἐπίσταται
1693 716 1818 750 μέγεθος.

1038 757 1187 791 Ἐπιχειρεῖ
1201 756 1264 792 γὰρ,
1284 757 1321 789 ὡς
1345 757 1448 793 έγνων,
1471 759 1610 791 παντελῶς
1629 761 1708 796 ἡμῶν
1722 761 1821 788 ἀπολέ-

1033 810 1077 827 σαι
1093 800 1141 836 τὴν
1158 802 1261 837 χώραν,
1278 801 1431 838 δηλάτιυρος
1448 804 1527 839 ἔργον
1546 804 1753 839 ἀναδεξάμενος,
1772 807 1821 832 καὶ

191 850 325 886 ptionem,
345 849 414 876 adeo
425 854 455 875 ut
470 849 543 876 illius
556 857 637 876 causa
650 848 838 882 possessiones
854 849 977 883 plurimae

1030 846 1078 880 τὴν
1093 846 1281 881 γεγενημένην
1297 847 1409 881 ὲποψίαν
1436 850 1621 883 συκοφαντῶν.
1653 851 1707 877 Καὶ
1732 851 1820 878 ταῦτα

192 896 298 923 colonis
314 895 452 922 destituta:
465 895 530 922 sint.
552 895 653 921 Verum
674 894 729 925 hic,
756 895 978 922 excommunica-

192 941 268 969 tionc
289 943 464 974 contempta,
498 943 599 966 sanetae
625 939 729 975 synodo
755 947 783 966 se
810 939 977 967 subdueens.

191 992 287 1016 contra
307 986 425 1013 miseros
444 993 581 1020 pauperes
602 985 722 1019 linguam
736 985 866 1012 exseruit.
889 984 978 1017 Quare

191 1042 287 1062 curam
305 1041 397 1060 rerum
413 1037 572 1060 nostrarum
597 1039 693 1066 gerere
710 1031 911 1065 magniﬁcentia
932 1038 979 1057 ve-

192 1083 248 1106 stra
276 1079 413 1113 dignetur,
445 1086 479 1105 ne
504 1077 648 1104 veritatem
672 1077 765 1104 vincat
792 1076 976 1103 mendacium.

194 1124 311 1152 Easdem
323 1123 407 1151 etiam
419 1130 468 1157 pro
485 1122 619 1149 Cilicibus
632 1129 728 1156 preces
745 1121 841 1148 oﬁero.
858 1121 888 1148 In
901 1121 977 1148 luctu

190 1171 264 1197 enim
274 1173 406 1205 perpetuo
418 1176 561 1195 versamur
568 1168 656 1194 donec
666 1166 799 1202 iniquitas
805 1166 975 1193 destruatur.

191 1214 279 1249 Hujus
296 1222 361 1241 vero
387 1213 470 1240 studii
491 1213 741 1247 compensationem
759 1211 894 1238 retribuet
916 1211 979 1238 uni-

190 1267 334 1289 versorum
350 1259 492 1289 Dominus.
508 1258 556 1292 qui
573 1261 600 1285 et
616 1258 721 1292 exiguae
732 1265 810 1292 aquae
823 1256 978 1284 mercedem

188 1313 220 1334 se
231 1305 358 1332 daturum
383 1303 519 1338 promisit.

1031 891 1149 923 πάντων,
1167 891 1204 922 ὡς
1222 891 1285 924 ἔπος
1301 893 1398 925 εἰπεῖν,
1416 893 1605 928 ἐπισταμένων
1624 894 1672 930 τὴν
1698 895 1820 930 βαρυτά-

1030 945 1079 971 την
1095 936 1144 971 τῆς
1160 937 1298 971 ἡμετέρας
1311 937 1403 972 χώρας
1417 938 1580 974 ἀπογραφὴν
1591 959 1597 971 ,
1623 940 1669 966 καὶ
1682 940 1720 972 ὡς
1736 940 1820 967 πολλὰ

1030 981 1084 1007 τῶν
1101 982 1248 1016 κτημάτων
1263 981 1354 1017 ἔρημα
1373 982 1416 1010 διὰ
1435 984 1538 1018 ταύτην
1555 985 1609 1010 τῶν
1624 985 1820 1020 γεωργούντων

1031 1027 1151 1060 ἐγένετο.
1173 1027 1241 1053 Ἀλλ’
1266 1024 1353 1060 οὗτος,
1373 1028 1420 1055 καὶ
1443 1029 1494 1063 τῆς
1515 1030 1712 1065 ἀκοινωνησίας
1734 1039 1820 1057 κατα-

1032 1073 1179 1108 φρονήσας,
1194 1074 1241 1099 καὶ
1254 1074 1303 1109 τὴν
1320 1074 1400 1107 ἁγίαν
1416 1075 1523 1101 σύνώον
1537 1076 1667 1111 ἀποδρὰς,
1681 1077 1752 1103 κατά
1765 1077 1820 1103 τῶν

1031 1117 1131 1144 ἀθλίων
1149 1119 1273 1153 πενήτων
1298 1119 1424 1154 ἐπαφῆκε
1447 1120 1496 1155 τὴν
1513 1121 1646 1154 γλῶτταν.
1673 1122 1819 1156 Φροντίσαι

1030 1163 1122 1190 τοίνυν
1140 1165 1154 1199 ἡ
1170 1165 1291 1200 ὑμετέρα
1310 1167 1530 1202 μεγαλοπρέπεια
1547 1167 1759 1203 παρακληθήτω,
1776 1169 1820 1195 ’ἱνα

1034 1209 1071 1245 μὴ
1089 1211 1266 1245 περιγένηται
1277 1211 1326 1246 τῆς
1342 1210 1471 1246 ἀληθείας
1486 1213 1516 1239 τὸ
1535 1213 1642 1247 ψεῦδος.
1667 1214 1722 1249 Τὴν
1735 1214 1819 1248 αὐτὴν

1031 1255 1060 1281 δὲ
1085 1256 1132 1281 καὶ
1149 1256 1213 1290 περὶ
1236 1255 1289 1282 τῶν
1315 1257 1436 1284 Κιλίκων
1461 1259 1608 1293 προσφέρω
1633 1259 1816 1294 παράκλησιν.

1032 1300 1202 1336 Θρηνοῦντες
1225 1301 1280 1337 γὰρ
1302 1301 1476 1338 διατελοῦμεν
1496 1304 1548 1335 ἕως
1568 1304 1601 1332 ἂν
1619 1306 1634 1340 ἡ
1660 1306 1819 1341 παρανομία

191 1352 341 1388 καταλυθῇ.
354 1351 462 1386 Ταύτης
471 1351 500 1377 δὲ
511 1350 561 1386 τῆς
576 1350 694 1386 σπουδῆς
710 1350 760 1382 τὰς
773 1349 890 1385 ἀμοιϐὰς
903 1347 1045 1377 ἀντιδώσει
1065 1348 1120 1376 τῶν
1134 1348 1201 1376 ὅλων
1218 1350 1232 1376 ὁ
1252 1349 1363 1385 Κύριος,
1381 1351 1395 1378 ὁ
1414 1351 1461 1377 καὶ
1482 1350 1576 1384 ὕδατος
1602 1352 1701 1388 μικροῦ
1721 1353 1819 1380 δώσειν

193 1400 288 1437 μισθὸν
304 1400 499 1434 ὑποσχόμενος.

314 1454 421 1489 1106
436 1453 528 1481 XLVI.
540 1468 576 1473 —
586 1453 665 1480 Petro
687 1453 849 1480 scholastica.

1192 1454 1267 1488 Mq'.
1284 1469 1318 1474 —
1331 1455 1430 1489 Πέτρῳ
1455 1456 1659 1490 σχολαστικῷ.

225 1513 327 1540 Eorum
359 1511 406 1546 qui
435 1511 508 1545 quod
530 1511 634 1546 justum
659 1514 701 1538 est
727 1510 840 1545 plurimi
861 1509 976 1543 faciunt,

1065 1508 1125 1535 Τῶν
1138 1508 1168 1536 τὸ
1180 1509 1284 1536 δίκαιον
1295 1511 1359 1546 περὶ
1371 1511 1468 1538 πολλοῦ
1483 1513 1654 1547 ποιουμένων
1667 1513 1741 1540 οὐδὲν
1757 1515 1817 1541 ικα-

190 1558 260 1586 nihil
281 1562 324 1584 est
340 1557 413 1591 quod
426 1557 565 1584 laudabile
595 1557 648 1583 hoc
662 1556 784 1583 studium
799 1556 885 1591 possit
902 1563 977 1583 com-

191 1610 314 1636 pescere.
344 1602 443 1630 Verbis
471 1602 551 1628 ﬁdem
575 1602 675 1629 astruit
693 1601 895 1636 magniﬁcentia
919 1606 975 1634 tua,

191 1656 252 1684 quae.
266 1652 294 1675 et
309 1648 431 1675 dolorem
442 1648 515 1682 cepit
528 1655 561 1674 ex
574 1648 607 1674 iis
624 1655 685 1682 quae
701 1647 826 1674 nuntiata
848 1651 923 1680 sunt,
948 1651 976 1674 et

191 1692 493 1728 oppressamjustitiam
514 1692 655 1727 aspernari
676 1692 780 1718 noluit:
805 1692 852 1719 sed
876 1700 977 1719 moero-

192 1747 250 1766 rem
266 1740 294 1766 in
306 1742 430 1773 tempore
448 1739 591 1774 ahjieiens,
614 1739 740 1766 veritatis
764 1739 837 1766 hosti
851 1747 882 1767 os
903 1740 976 1775 juste

191 1784 337 1812 obstruxit.
365 1784 471 1817 Quibus
493 1784 620 1819 cognitis,
647 1784 877 1819 magniﬁcentiam
901 1789 975 1811 tuam

190 1830 332 1858 ardentius
348 1830 545 1862 adamavimus,
563 1830 683 1857 oratoria
705 1829 835 1857 facultate
872 1835 976 1865 tempe-

190 1881 277 1903 ratam
292 1876 363 1903 nacti
378 1883 472 1903 veram
492 1876 706 1911 philosophiam,
735 1884 901 1910 oramusque
925 1877 976 1903 im-

189 1922 312 1957 pensius,
330 1926 360 1948 ut
372 1921 468 1956 optimi
487 1922 568 1957 hujus
583 1922 635 1949 viri
654 1921 826 1949 mendacium
849 1921 975 1948 destruas

189 1972 217 1996 et
233 1972 350 2000 evertas,
368 1968 585 2003 miserorumque
596 1975 747 2003 pauperum
759 1968 974 1995 consolationem

189 2013 351 2042 conﬁrmes.

222 2072 327 2100 XLVII.
337 2087 371 2091 —
380 2071 477 2099 Procla
490 2073 609 2107 episcopo
631 2071 936 2106 Constantinopolitano.

225 2127 373 2162 Superiore
404 2134 476 2154 anno
498 2127 628 2154 sanctitas
650 2130 695 2153 tua
718 2126 894 2161 spectabilem
910 2125 975 2154 Phi-
1008 2118 1017 2123 ί

1027 1553 1072 1581 νὸν
1087 1555 1211 1590 ἐπισχεῖν
1233 1555 1279 1581 τὸν
1301 1557 1498 1592 ἐπαινούμενον
1525 1558 1620 1584 τοῦτον
1637 1560 1747 1586 σκοπόν.
1771 1560 1818 1586 Βε-

1027 1599 1100 1626 σαιοῖ
1113 1599 1142 1626 δὲ
1158 1599 1203 1626 τὸν
1222 1600 1300 1634 λόγον
1317 1601 1333 1636 ἡ
1349 1601 1383 1637 σὴ
1407 1601 1640 1638 μεγαλοπρέπεια,
1655 1603 1817 1638 ἀχθεσθείσα

1028 1645 1077 1680 μὲν
1093 1646 1139 1672 ἐπὶ
1151 1645 1185 1672 τὰ
1200 1647 1294 1682 πρώην
1313 1647 1527 1681 ἀναγγελθέντα,
1540 1648 1590 1675 οὐκ
1603 1650 1777 1685 ἀνασχομένη
1789 1650 1817 1676 δὲ

1027 1691 1150 1725 παριδεῖν
1169 1691 1199 1717 τὸ
1224 1691 1327 1718 δίκαιον
1347 1693 1567 1728 πολεμούμενον,
1585 1694 1642 1720 ἀλλ’
1658 1695 1698 1726 είς
1721 1695 1817 1730 καιρὸν

1025 1739 1075 1774 τὴν
1099 1739 1218 1774 ἀθυμίαν
1249 1740 1435 1776 ἀπορρίψασα,
1462 1742 1510 1767 καὶ
1535 1742 1581 1767 τὸν
1608 1743 1657 1777 τῆς
1685 1742 1816 1777 ἀληθείας

1026 1785 1121 1820 ἐχθρὸν
1140 1785 1252 1818 ἐνδίκως
1273 1786 1484 1822 ὲπιστομίσασα.
1503 1787 1594 1814 Ταῦτα
1615 1787 1814 1823 μεμαθηκότες,

1029 1831 1193 1866 θερμότερον
1220 1833 1285 1867 περὶ
1310 1832 1359 1868 τὴν
1386 1833 1434 1868 σὴν
1452 1833 1610 1869 διετέθημεν
1627 1835 1813 1869 μεγαλόνοιαν,

1026 1875 1158 1911 δεινότητι
1184 1877 1316 1913 ῥητορικῇ
1337 1878 1498 1913 φιλοσοφίαν
1530 1879 1618 1914 ἀληθῆ
1643 1881 1815 1917 κεκραμένην

1026 1922 1161 1958 εὑρόντες,
1180 1923 1226 1949 καὶ
1238 1924 1453 1960 παρακαλοῦμεν
1471 1926 1690 1962 σπουδαιότερον,
1707 1927 1753 1954 καὶ
1767 1927 1814 1954 τοῦ

1027 1967 1168 2002 βελτίστου
1183 1969 1335 1997 καταλῦσαι
1350 1970 1381 1997 τὸ
1393 1971 1502 2006 ψεῦδος,
1521 1972 1566 1998 καὶ
1580 1972 1629 2007 τὴν
1647 1972 1701 2000 τῶν
1714 1973 1814 2000 ἀθλίων

1025 2015 1149 2050 πενήτων
1168 2015 1300 2051 κρατῦναι
1317 2016 1493 2052 παραψυχήν.

1024 2070 1090 2097 MZ'.
1104 2085 1138 2091 ——
1147 2071 1271 2105 Πρόκλῳ
1284 2071 1443 2104 ἐπισκόπῳ
1453 2074 1811 2107 Κωνσταντινουπόλεως.

1060 2125 1162 2160 Πέρυσι
1177 2125 1226 2160 μὲν
1241 2127 1257 2162 ἡ
1275 2126 1388 2161 ἀγιότης
1410 2127 1487 2162 ὑμῶν
1505 2127 1561 2154 τοῦθ
1571 2128 1690 2162 χαλεποῦ
1707 2128 1811 2156 κλύδω-

187 2173 292 2208 lippum
301 2172 420 2200 civitatis
431 2176 533 2200 nostra
541 2172 686 2207 primatem
695 2172 771 2207 gravi
778 2171 972 2199 ﬁuctulibera-

1030 2178 1069 2202 νος
1081 2171 1252 2206 ἠλευθέρωσε
1278 2171 1324 2199 τὸν
1347 2172 1526 2207 περίϐλεπτον
1541 2173 1672 2200 Φίλιππον
1693 2174 1739 2200 τὸν
1764 2175 1813 2210 τῆς

187 2220 228 2246 vit
240 2228 246 2246 :
258 2219 330 2247 unde
339 2218 564 2253 tranquillitatem
572 2218 724 2245 sanctitatis
734 2222 786 2245 tute
793 2217 895 2250 studio,
908 2225 975 2245 con-

188 2269 300 2293 secutus
310 2264 440 2292 laudibus
453 2264 508 2290 tuis
518 2271 600 2291 aures
609 2268 718 2291 nostras
729 2263 855 2299 replevit.
864 2263 917 2290 Sed
935 2267 976 2290 to-

187 2315 246 2338 tum
257 2310 332 2337 hunc
349 2309 473 2336 laborem
488 2308 712 2344 religiosissimus
727 2309 773 2336 ille
789 2309 833 2336 vir
850 2309 975 2336 inutilem

187 2356 303 2384 reddere
315 2354 502 2389 conaturzqui
516 2354 660 2382 duodecim
673 2355 775 2382 abhinc
783 2355 862 2382 annis
874 2355 973 2389 saepius

186 2402 285 2430 factam
314 2401 434 2437 regionis
452 2401 651 2436 inspectionem
683 2402 866 2433 calumnians,
891 2408 974 2428 accu-

187 2448 321 2476 sationem
339 2455 418 2474 orsus
436 2451 543 2474 estnec
566 2448 647 2482 paulo
671 2447 842 2482 aequioribus
869 2446 974 2474 manci-

187 2493 240 2530 piis
252 2494 474 2521 convenientem.
489 2492 579 2525 Quare
600 2501 707 2520 saerum
724 2497 807 2528 caput
822 2497 898 2519 tuum
925 2492 974 2518 ob-

189 2544 283 2572 testor,
317 2542 346 2565 ut
377 2539 438 2574 ejus
464 2538 621 2574 falsiloquio
641 2538 753 2565 modum
781 2538 921 2573 imponas,
945 2541 974 2565 et

189 2584 341 2613 illustribus
357 2584 492 2619 praefectis
509 2584 686 2619 persuadeas,
711 2589 741 2611 ut
760 2587 846 2611 ratam
870 2584 973 2611 faciant

187 2630 359 2661 sententiam,
393 2637 473 2664 quam
501 2631 573 2665 justo
597 2638 628 2657 ac
649 2629 766 2665 benigne
786 2630 970 2664 protulerunt.

187 2674 291 2700 Revera
303 2673 378 2700 enim
395 2673 584 2708 gravissimam
611 2682 694 2709 supra
712 2681 807 2701 omnes
822 2674 969 2709 provinciae

185 2718 310 2746 civitates
323 2719 402 2753 110
412 2719 652 2754 7descriptionem
662 2720 758 2747 civitas
772 2722 880 2747 nostra‘
891 2728 970 2755 passa

1025 2220 1161 2256 ἡμετέρας
1175 2221 1352 2256 πρωτεύοντα
1371 2221 1486 2255 πόλεως,
1509 2224 1556 2249 καὶ
1575 2224 1694 2259 γαλήνης
1707 2224 1750 2251 διὰ
1764 2224 1813 2259 τὴν

1024 2269 1073 2305 τῆς
1091 2269 1141 2305 σῆς
1154 2270 1295 2305 ὁσιότητος
1307 2271 1467 2304 ἀπολαύσας
1480 2273 1644 2308 κηδεμονίαν
1655 2294 1662 2305 ,
1678 2273 1732 2300 τῶν
1747 2274 1812 2309 ὑμε-

1023 2311 1110 2356 τέρων
1140 2321 1283 2356 εὐφημιῶν
1309 2322 1359 2354 τὰς
1380 2323 1516 2360 ἡμετέρας
1540 2323 1689 2359 ἐνέπλησεν
1716 2326 1810 2356 ἀκοάς.

1024 2370 1095 2397 Ἀλλ’
1107 2371 1214 2406 ἐκείνην
1223 2372 1332 2399 ἃπασαν
1341 2373 1390 2409 τὴν
1402 2374 1520 2409 σπουδὴν
1529 2375 1543 2401 ὁ
1552 2375 1747 2406 εὐλαϐέστατος
1756 2375 1811 2411 (53)

1025 2422 1039 2448 ὁ
1054 2421 1127 2448 δεῖνα
1147 2421 1284 2458 ἄχρηστον
1305 2423 1445 2459 ἀποφῆναι
1463 2426 1601 2461 πειρᾶται,
1621 2426 1669 2461 τὴν
1693 2426 1746 2461 πρὸ
1767 2425 1812 2452 δύο

1024 2471 1071 2498 καὶ
1086 2471 1152 2498 δέκα
1175 2472 1231 2508 (54)
1248 2473 1316 2499 ἐτῶν
1339 2473 1471 2506 πολλάκις
1489 2476 1676 2511 γεγενημένην
1697 2476 1812 2510 ὲποψίαν

1024 2521 1072 2555 τῆς
1091 2521 1182 2557 χώρας
1194 2523 1383 2557 συκοφαντῶν,
1399 2525 1446 2550 καὶ
1461 2525 1628 2560 κατηγορίαν
1645 2525 1812 2560 ἀναδεξάμε-

1024 2579 1069 2602 νος
1081 2571 1141 2598 οὐδὲ
1163 2573 1218 2604 τοῖς
1239 2573 1373 2601 ἐπιεικέσι
1392 2575 1445 2601 τῶν
1472 2576 1646 2610 ἀνδραπόδων
1664 2576 1811 2612 ἁρμόττου-

1027 2630 1085 2648 σαν.
1105 2622 1185 2649 Ἀλλά
1208 2632 1254 2649 σου
1271 2623 1366 2659 δέομαι
1392 2626 1441 2660 τῆς
1458 2627 1534 2661 ἱερᾶς
1556 2627 1688 2662 κεφαλῆς,
1709 2627 1811 2654 παῦσαι

1027 2672 1077 2707 μὲν
1096 2673 1146 2708 τὴν
1166 2673 1269 2700 ἐκείνου
1285 2675 1469 2710 ψευδολογίαν,
1487 2679 1579 2704 πεῖσαι
1596 2677 1624 2704 δὲ
1641 2679 1704 2710 τοὺς
1729 2679 1812 2714 ὑπερ-

1026 2721 1169 2758 λάμπρους·
1182 2724 1319 2759 ὑπάρχους
1334 2725 1466 2760 κρατῦναι
1478 2726 1526 2761 τὴν
1539 2727 1639 2762 ψῆφον,
1655 2727 1687 2763 ἦν
1702 2727 1813 2759 ἐνδίκως

292 2785 531 2847 ἒιὶίσκοποςξξιάἁίι
544 2788 628 2824 Neap.
652 2794 679 2817 et
693 2789 781 2819 Vatic.
800 2789 872 2825 apud
893 2789 977 2818 Baron

326 2830 361 2848 κα
373 2821 420 2849 καὶ
435 2829 492 2849 ouo.
508 2823 592 2852 Neap.

1030 2798 1043 2817 η
1059 2791 1092 2819 ad
1105 2799 1169 2820 ann.
1186 2793 1218 2820 (ὲ.
1231 2793 1294 2826 444,
1312 2797 1330 2821 t.
1348 2793 1392 2826 Vl,
1405 2802 1431 2830 p.
1449 2795 1484 2822 27
1498 2803 1574 2830 seqq.

231 2820 276 2854 διδ
294 2820 361 2848 δέκα
373 2821 420 2849 καὶ
435 2822 492 2849 δύο.
508 2823 592 2858 Neap.
