  <div class='ocr_page' id='page_1' title='image "/cluster/home/n/w/nwhite01/storage/ocr_20150623/83/njp.32101007877440/628.png"; bbox 0 0 1962 3051; ppageno 0'>
   <div class='ocr_carea' id='block_1_1' title="bbox 144 175 214 207">
    <p class='ocr_par' dir='ltr' id='par_1_1' title="bbox 144 175 214 207">
     <span class='ocr_line' id='line_1_1' title="bbox 144 175 214 207; baseline 0 0"><span class='ocrx_word' id='word_1_1' title='bbox 144 175 214 207; x_wconf 72' lang='grc'><strong>1225</strong></span> 
     </span>
    </p>
   </div>
   <div class='ocr_carea' id='block_1_2' title="bbox 847 169 1079 200">
    <p class='ocr_par' dir='ltr' id='par_1_2' title="bbox 847 169 1079 200">
     <span class='ocr_line' id='line_1_2' title="bbox 847 169 1079 200; baseline 0 0"><span class='ocrx_word' id='word_1_2' title='bbox 847 169 1025 200; x_wconf 78' lang='lat' dir='ltr'><strong>EPISTOLA</strong></span> <span class='ocrx_word' id='word_1_3' title='bbox 1043 169 1079 200; x_wconf 88' lang='lat' dir='ltr'><strong>L.</strong></span> 
     </span>
    </p>
   </div>
   <div class='ocr_carea' id='block_1_3' title="bbox 1706 166 1774 198">
    <p class='ocr_par' dir='ltr' id='par_1_3' title="bbox 1706 166 1774 198">
     <span class='ocr_line' id='line_1_3' title="bbox 1706 166 1774 198; baseline 0 0"><span class='ocrx_word' id='word_1_4' title='bbox 1706 166 1774 198; x_wconf 72' lang='lat'><strong>1226</strong></span> 
     </span>
    </p>
   </div>
   <div class='ocr_carea' id='block_1_4' title="bbox 143 225 932 270">
    <p class='ocr_par' dir='ltr' id='par_1_4' title="bbox 143 228 931 270">
     <span class='ocr_line' id='line_1_4' title="bbox 143 228 931 270; baseline -0.013 -7"><span class='ocrx_word' id='word_1_5' title='bbox 143 236 191 263; x_wconf 80' lang='grc' dir='ltr'><strong>καὶ</strong></span> <span class='ocrx_word' id='word_1_6' title='bbox 204 234 402 270; x_wconf 79' lang='grc' dir='ltr'><strong>φιλανθρώπως</strong></span> <span class='ocrx_word' id='word_1_7' title='bbox 426 232 586 268; x_wconf 70' lang='grc' dir='ltr'>ἐξήνεγκαν.</span> <span class='ocrx_word' id='word_1_8' title='bbox 605 230 650 265; x_wconf 82' lang='grc' dir='ltr'><strong>Τῷ</strong></span> <span class='ocrx_word' id='word_1_9' title='bbox 666 229 721 256; x_wconf 82' lang='grc' dir='ltr'>δντι</span> <span class='ocrx_word' id='word_1_10' title='bbox 739 228 793 264; x_wconf 83' lang='grc' dir='ltr'>γὰρ</span> <span class='ocrx_word' id='word_1_11' title='bbox 813 228 931 263; x_wconf 83' lang='grc' dir='ltr'>βαρυτά-</span> 
     </span>
    </p>
   </div>
   <div class='ocr_carea' id='block_1_5' title="bbox 988 225 1771 270">
    <p class='ocr_par' dir='ltr' id='par_1_5' title="bbox 988 225 1771 264">
     <span class='ocr_line' id='line_1_5' title="bbox 988 225 1771 264; baseline -0.004 -10"><span class='ocrx_word' id='word_1_12' title='bbox 988 234 1012 254; x_wconf 64' lang='lat' dir='ltr'><strong>ta</strong></span> <span class='ocrx_word' id='word_1_13' title='bbox 1026 232 1084 260; x_wconf 87' lang='lat' dir='ltr'><strong>est;</strong></span> <span class='ocrx_word' id='word_1_14' title='bbox 1098 231 1126 254; x_wconf 90' lang='lat' dir='ltr'><strong>et</strong></span> <span class='ocrx_word' id='word_1_15' title='bbox 1146 233 1208 253; x_wconf 88' lang='lat' dir='ltr'><strong>cum</strong></span> <span class='ocrx_word' id='word_1_16' title='bbox 1226 226 1353 253; x_wconf 65' lang='lat' dir='ltr'><strong>relevata:</strong></span> <span class='ocrx_word' id='word_1_17' title='bbox 1368 225 1473 264; x_wconf 69' lang='lat' dir='ltr'><strong>fuerint</strong></span> <span class='ocrx_word' id='word_1_18' title='bbox 1494 225 1608 260; x_wconf 72' lang='lat' dir='ltr'><strong>singula:</strong></span> <span class='ocrx_word' id='word_1_19' title='bbox 1635 225 1771 256; x_wconf 79' lang='lat' dir='ltr'><strong>civitates,</strong></span> 
     </span>
    </p>
   </div>
   <div class='ocr_carea' id='block_1_6' title="bbox 143 273 933 318">
    <p class='ocr_par' dir='ltr' id='par_1_6' title="bbox 143 273 933 318">
     <span class='ocr_line' id='line_1_6' title="bbox 143 273 933 318; baseline -0.013 -9"><span class='ocrx_word' id='word_1_20' title='bbox 143 291 194 318; x_wconf 86' lang='grc' dir='ltr'><strong>την</strong></span> <span class='ocrx_word' id='word_1_21' title='bbox 210 282 260 317; x_wconf 80' lang='grc' dir='ltr'>μὲν</span> <span class='ocrx_word' id='word_1_22' title='bbox 279 281 442 316; x_wconf 81' lang='grc' dir='ltr'>ἀπογραφὴν</span> <span class='ocrx_word' id='word_1_23' title='bbox 453 279 523 315; x_wconf 72' lang='grc' dir='ltr'>ὑπὲρ</span> <span class='ocrx_word' id='word_1_24' title='bbox 540 278 631 308; x_wconf 85' lang='grc' dir='ltr'>πάσας</span> <span class='ocrx_word' id='word_1_25' title='bbox 650 276 700 311; x_wconf 80' lang='grc' dir='ltr'><strong>τῆς</strong></span> <span class='ocrx_word' id='word_1_26' title='bbox 721 273 857 309; x_wconf 83' lang='grc' dir='ltr'>ὲπαρχίας</span> <span class='ocrx_word' id='word_1_27' title='bbox 883 273 933 306; x_wconf 70' lang='grc' dir='ltr'><strong>τὰς</strong></span> 
     </span>
    </p>
   </div>
   <div class='ocr_carea' id='block_1_7' title="bbox 145 319 934 363">
    <p class='ocr_par' dir='ltr' id='par_1_7' title="bbox 145 319 934 363">
     <span class='ocr_line' id='line_1_7' title="bbox 145 319 934 363; baseline -0.014 -8"><span class='ocrx_word' id='word_1_28' title='bbox 145 329 265 363; x_wconf 76' lang='grc' dir='ltr'>πόλειςή</span> <span class='ocrx_word' id='word_1_29' title='bbox 281 328 404 363; x_wconf 73' lang='grc' dir='ltr'>ἡμετέρα</span> <span class='ocrx_word' id='word_1_30' title='bbox 424 326 502 357; x_wconf 88' lang='grc' dir='ltr'>πόλις</span> <span class='ocrx_word' id='word_1_31' title='bbox 524 323 632 356; x_wconf 75' lang='grc' dir='ltr'><strong>ἐδέξατο</strong></span> <span class='ocrx_word' id='word_1_32' title='bbox 643 330 650 337; x_wconf 93' lang='grc'><strong>·</strong></span> <span class='ocrx_word' id='word_1_33' title='bbox 677 321 767 355; x_wconf 77' lang='grc' dir='ltr'>πάσης</span> <span class='ocrx_word' id='word_1_34' title='bbox 783 319 810 346; x_wconf 82' lang='grc' dir='ltr'>δὲ</span> <span class='ocrx_word' id='word_1_35' title='bbox 831 319 934 350; x_wconf 75' lang='grc' dir='ltr'>πόλεως</span> 
     </span>
    </p>
   </div>
   <div class='ocr_carea' id='block_1_8' title="bbox 145 365 934 408">
    <p class='ocr_par' dir='ltr' id='par_1_8' title="bbox 145 365 934 408">
     <span class='ocr_line' id='line_1_8' title="bbox 145 365 934 408; baseline -0.013 -8"><span class='ocrx_word' id='word_1_36' title='bbox 145 373 349 408; x_wconf 85' lang='grc' dir='ltr'>κουφισθείσης,</span> <span class='ocrx_word' id='word_1_37' title='bbox 377 371 531 407; x_wconf 79' lang='grc' dir='ltr'><strong>μεμένηκεν</strong></span> <span class='ocrx_word' id='word_1_38' title='bbox 557 369 627 404; x_wconf 84' lang='grc' dir='ltr'>αὓτη</span> <span class='ocrx_word' id='word_1_39' title='bbox 649 368 730 403; x_wconf 84' lang='grc' dir='ltr'>μέχρι</span> <span class='ocrx_word' id='word_1_40' title='bbox 747 366 795 393; x_wconf 82' lang='grc' dir='ltr'>καὶ</span> <span class='ocrx_word' id='word_1_41' title='bbox 813 365 934 400; x_wconf 75' lang='grc' dir='ltr'><strong>τήμερον</strong></span> 
     </span>
    </p>
   </div>
   <div class='ocr_carea' id='block_1_9' title="bbox 144 410 933 455">
    <p class='ocr_par' dir='ltr' id='par_1_9' title="bbox 144 410 933 455">
     <span class='ocr_line' id='line_1_9' title="bbox 144 410 933 455; baseline -0.014 -8"><span class='ocrx_word' id='word_1_42' title='bbox 144 419 215 455; x_wconf 75' lang='grc' dir='ltr'>ὑπὲρ</span> <span class='ocrx_word' id='word_1_43' title='bbox 232 419 262 451; x_wconf 79' lang='grc' dir='ltr'>ἓξ</span> <span class='ocrx_word' id='word_1_44' title='bbox 275 418 411 454; x_wconf 74' lang='grc' dir='ltr'><strong>μυριάδων</strong></span> <span class='ocrx_word' id='word_1_45' title='bbox 428 418 476 444; x_wconf 79' lang='grc' dir='ltr'>καὶ</span> <span class='ocrx_word' id='word_1_46' title='bbox 495 415 632 450; x_wconf 84' lang='grc' dir='ltr'><strong>δισχιλίων</strong></span> <span class='ocrx_word' id='word_1_47' title='bbox 648 413 813 448; x_wconf 82' lang='grc' dir='ltr'><strong>εἰσφέρουσα</strong></span> <span class='ocrx_word' id='word_1_48' title='bbox 832 410 933 445; x_wconf 77' lang='grc' dir='ltr'>ζυγῶν.</span> 
     </span>
    </p>
   </div>
   <div class='ocr_carea' id='block_1_10' title="bbox 150 458 935 500">
    <p class='ocr_par' dir='ltr' id='par_1_10' title="bbox 150 458 935 500">
     <span class='ocr_line' id='line_1_10' title="bbox 150 458 935 500; baseline -0.011 -8"><span class='ocrx_word' id='word_1_49' title='bbox 150 465 215 500; x_wconf 67' lang='grc' dir='ltr'><strong>Ὀψὲ</strong></span> <span class='ocrx_word' id='word_1_50' title='bbox 227 465 255 491; x_wconf 81' lang='grc' dir='ltr'><strong>δέ</strong></span> <span class='ocrx_word' id='word_1_51' title='bbox 271 473 335 491; x_wconf 84' lang='grc' dir='ltr'>ποτε</span> <span class='ocrx_word' id='word_1_52' title='bbox 346 464 423 499; x_wconf 80' lang='grc' dir='ltr'>μόλις</span> <span class='ocrx_word' id='word_1_53' title='bbox 435 462 593 493; x_wconf 75' lang='grc' dir='ltr'><strong>πεισθέντες</strong></span> <span class='ocrx_word' id='word_1_54' title='bbox 606 461 630 487; x_wconf 85' lang='grc' dir='ltr'><strong>οί</strong></span> <span class='ocrx_word' id='word_1_55' title='bbox 652 459 698 486; x_wconf 72' lang='grc' dir='ltr'>τὸν</span> <span class='ocrx_word' id='word_1_56' title='bbox 714 458 816 493; x_wconf 77' lang='grc' dir='ltr'>ὑψηλὸν</span> <span class='ocrx_word' id='word_1_57' title='bbox 829 458 935 484; x_wconf 76' lang='grc' dir='ltr'>ἐκεῖνον</span> 
     </span>
    </p>
   </div>
   <div class='ocr_carea' id='block_1_11' title="bbox 146 503 932 546">
    <p class='ocr_par' dir='ltr' id='par_1_11' title="bbox 146 503 932 546">
     <span class='ocr_line' id='line_1_11' title="bbox 146 503 932 546; baseline -0.01 -9"><span class='ocrx_word' id='word_1_58' title='bbox 146 511 239 546; x_wconf 69' lang='grc' dir='ltr'>θρόνον</span> <span class='ocrx_word' id='word_1_59' title='bbox 261 510 397 545; x_wconf 73' lang='grc' dir='ltr'>λαχόντες,</span> <span class='ocrx_word' id='word_1_60' title='bbox 421 509 544 539; x_wconf 75' lang='grc' dir='ltr'>ἐπόπτας</span> <span class='ocrx_word' id='word_1_61' title='bbox 564 507 615 541; x_wconf 85' lang='grc' dir='ltr'>τῆς</span> <span class='ocrx_word' id='word_1_62' title='bbox 640 505 732 541; x_wconf 81' lang='grc' dir='ltr'>χώρας</span> <span class='ocrx_word' id='word_1_63' title='bbox 756 503 932 532; x_wconf 79' lang='grc' dir='ltr'><strong>ἀπέστειλαν·</strong></span> 
     </span>
    </p>
   </div>
   <div class='ocr_carea' id='block_1_12' title="bbox 143 548 935 591">
    <p class='ocr_par' dir='ltr' id='par_1_12' title="bbox 143 548 935 591">
     <span class='ocr_line' id='line_1_12' title="bbox 143 548 935 591; baseline -0.011 -8"><span class='ocrx_word' id='word_1_64' title='bbox 143 556 190 582; x_wconf 78' lang='grc' dir='ltr'><strong>καὶ</strong></span> <span class='ocrx_word' id='word_1_65' title='bbox 205 556 253 591; x_wconf 82' lang='grc' dir='ltr'>τὴν</span> <span class='ocrx_word' id='word_1_66' title='bbox 271 557 335 591; x_wconf 74' lang='grc' dir='ltr'>παρ’</span> <span class='ocrx_word' id='word_1_67' title='bbox 354 555 464 582; x_wconf 75' lang='grc' dir='ltr'><strong>ἐκείνων</strong></span> <span class='ocrx_word' id='word_1_68' title='bbox 480 552 686 587; x_wconf 82' lang='grc' dir='ltr'>ὲκπεμφθεῖσαν</span> <span class='ocrx_word' id='word_1_69' title='bbox 705 550 806 585; x_wconf 83' lang='grc' dir='ltr'>γνῶσιν</span> <span class='ocrx_word' id='word_1_70' title='bbox 826 548 935 581; x_wconf 73' lang='grc' dir='ltr'>ἐδέξατο</span> 
     </span>
    </p>
   </div>
   <div class='ocr_carea' id='block_1_13' title="bbox 147 593 936 637">
    <p class='ocr_par' dir='ltr' id='par_1_13' title="bbox 147 593 936 637">
     <span class='ocr_line' id='line_1_13' title="bbox 147 593 936 637; baseline -0.013 -9"><span class='ocrx_word' id='word_1_71' title='bbox 147 602 194 637; x_wconf 83' lang='grc' dir='ltr'>μὲν</span> <span class='ocrx_word' id='word_1_72' title='bbox 214 602 320 636; x_wconf 85' lang='grc' dir='ltr'>πρῶτος</span> <span class='ocrx_word' id='word_1_73' title='bbox 340 602 354 627; x_wconf 89' lang='grc' dir='ltr'><strong>ό</strong></span> <span class='ocrx_word' id='word_1_74' title='bbox 372 601 422 635; x_wconf 82' lang='grc' dir='ltr'>τῆς</span> <span class='ocrx_word' id='word_1_75' title='bbox 442 597 668 635; x_wconf 78' lang='grc' dir='ltr'>μεγαλοπρεποῦς</span> <span class='ocrx_word' id='word_1_76' title='bbox 696 596 806 631; x_wconf 82' lang='grc' dir='ltr'><strong>μνήμης</strong></span> <span class='ocrx_word' id='word_1_77' title='bbox 838 593 936 620; x_wconf 77' lang='grc' dir='ltr'>Ἰσίδωο</span> 
     </span>
    </p>
   </div>
   <div class='ocr_carea' id='block_1_14' title="bbox 146 637 933 682">
    <p class='ocr_par' dir='ltr' id='par_1_14' title="bbox 146 637 933 682">
     <span class='ocr_line' id='line_1_14' title="bbox 146 637 933 682; baseline -0.011 -9"><span class='ocrx_word' id='word_1_78' title='bbox 146 655 204 682; x_wconf 78' lang='grc' dir='ltr'>ρος,</span> <span class='ocrx_word' id='word_1_79' title='bbox 219 646 368 672; x_wconf 75' lang='grc' dir='ltr'>ὲῦεϐαίωσε</span> <span class='ocrx_word' id='word_1_80' title='bbox 379 645 407 672; x_wconf 80' lang='grc' dir='ltr'>δὲ</span> <span class='ocrx_word' id='word_1_81' title='bbox 420 646 433 671; x_wconf 90' lang='grc' dir='ltr'><strong>ό</strong></span> <span class='ocrx_word' id='word_1_82' title='bbox 446 643 617 676; x_wconf 74' lang='grc' dir='ltr'><strong>ἐνδοξότατος</strong></span> <span class='ocrx_word' id='word_1_83' title='bbox 633 642 681 668; x_wconf 76' lang='grc' dir='ltr'>καὶ</span> <span class='ocrx_word' id='word_1_84' title='bbox 699 641 871 675; x_wconf 87' lang='grc' dir='ltr'>φιλόχριστος</span> <span class='ocrx_word' id='word_1_85' title='bbox 885 637 933 664; x_wconf 80' lang='grc' dir='ltr'><strong>κύ-</strong></span> 
     </span>
    </p>
   </div>
   <div class='ocr_carea' id='block_1_15' title="bbox 147 683 935 727">
    <p class='ocr_par' dir='ltr' id='par_1_15' title="bbox 147 683 935 727">
     <span class='ocr_line' id='line_1_15' title="bbox 147 683 935 727; baseline -0.01 -9"><span class='ocrx_word' id='word_1_86' title='bbox 147 701 202 727; x_wconf 80' lang='grc' dir='ltr'>ριος</span> <span class='ocrx_word' id='word_1_87' title='bbox 218 691 393 726; x_wconf 75' lang='grc' dir='ltr'>Φλωρέντιος.</span> <span class='ocrx_word' id='word_1_88' title='bbox 417 689 625 725; x_wconf 81' lang='grc' dir='ltr'>Ἀκρισέστερον</span> <span class='ocrx_word' id='word_1_89' title='bbox 637 687 664 714; x_wconf 77' lang='grc' dir='ltr'>δὲ</span> <span class='ocrx_word' id='word_1_90' title='bbox 688 687 778 714; x_wconf 77' lang='grc' dir='ltr'>πᾶσαν</span> <span class='ocrx_word' id='word_1_91' title='bbox 797 685 846 720; x_wconf 83' lang='grc' dir='ltr'>τὴν</span> <span class='ocrx_word' id='word_1_92' title='bbox 870 683 935 710; x_wconf 78' lang='grc' dir='ltr'>ὑπό-</span> 
     </span>
    </p>
   </div>
   <div class='ocr_carea' id='block_1_16' title="bbox 145 729 935 770">
    <p class='ocr_par' dir='ltr' id='par_1_16' title="bbox 145 729 935 770">
     <span class='ocr_line' id='line_1_16' title="bbox 145 729 935 770; baseline -0.01 -6"><span class='ocrx_word' id='word_1_93' title='bbox 145 739 219 764; x_wconf 71' lang='grc' dir='ltr'>θεσιν</span> <span class='ocrx_word' id='word_1_94' title='bbox 234 737 364 770; x_wconf 75' lang='grc' dir='ltr'>ἐξετάσας</span> <span class='ocrx_word' id='word_1_95' title='bbox 383 738 397 764; x_wconf 84' lang='grc' dir='ltr'>ὁ</span> <span class='ocrx_word' id='word_1_96' title='bbox 407 736 455 763; x_wconf 80' lang='grc' dir='ltr'>νῦν</span> <span class='ocrx_word' id='word_1_97' title='bbox 474 736 576 767; x_wconf 81' lang='grc' dir='ltr'>ταύτας</span> <span class='ocrx_word' id='word_1_98' title='bbox 588 734 712 769; x_wconf 77' lang='grc' dir='ltr'><strong>κατέχων</strong></span> <span class='ocrx_word' id='word_1_99' title='bbox 724 732 773 764; x_wconf 83' lang='grc' dir='ltr'>τὰς</span> <span class='ocrx_word' id='word_1_100' title='bbox 787 731 877 767; x_wconf 81' lang='grc' dir='ltr'>ἡνίας,</span> <span class='ocrx_word' id='word_1_101' title='bbox 889 729 935 756; x_wconf 69' lang='grc' dir='ltr'><strong>καὶ</strong></span> 
     </span>
    </p>
   </div>
   <div class='ocr_carea' id='block_1_17' title="bbox 144 776 935 819">
    <p class='ocr_par' dir='ltr' id='par_1_17' title="bbox 144 776 935 819">
     <span class='ocr_line' id='line_1_17' title="bbox 144 776 935 819; baseline -0.011 -9"><span class='ocrx_word' id='word_1_102' title='bbox 144 783 302 819; x_wconf 75' lang='grc' dir='ltr'><strong>δικαιοσύνῃ</strong></span> <span class='ocrx_word' id='word_1_103' title='bbox 319 783 364 809; x_wconf 84' lang='grc' dir='ltr'>τὸν</span> <span class='ocrx_word' id='word_1_104' title='bbox 390 783 482 818; x_wconf 75' lang='grc' dir='ltr'>θρόνον</span> <span class='ocrx_word' id='word_1_105' title='bbox 508 781 631 816; x_wconf 83' lang='grc' dir='ltr'>κοσμῶν,</span> <span class='ocrx_word' id='word_1_106' title='bbox 659 779 811 816; x_wconf 79' lang='grc' dir='ltr'>βασιλικαῖς</span> <span class='ocrx_word' id='word_1_107' title='bbox 832 776 935 810; x_wconf 84' lang='grc' dir='ltr'>ταύτην</span> 
     </span>
    </p>
   </div>
   <div class='ocr_carea' id='block_1_18' title="bbox 144 820 936 864">
    <p class='ocr_par' dir='ltr' id='par_1_18' title="bbox 144 820 936 864">
     <span class='ocr_line' id='line_1_18' title="bbox 144 820 936 864; baseline -0.011 -9"><span class='ocrx_word' id='word_1_108' title='bbox 144 829 267 864; x_wconf 72' lang='grc' dir='ltr'>ἐκύρωσε</span> <span class='ocrx_word' id='word_1_109' title='bbox 285 829 394 863; x_wconf 70' lang='grc' dir='ltr'>ψήφοις.</span> <span class='ocrx_word' id='word_1_110' title='bbox 411 829 440 855; x_wconf 81' lang='lat'><strong>’0</strong></span> <span class='ocrx_word' id='word_1_111' title='bbox 448 828 476 854; x_wconf 78' lang='grc' dir='ltr'>δὲ</span> <span class='ocrx_word' id='word_1_112' title='bbox 488 827 640 862; x_wconf 74' lang='grc' dir='ltr'>φιλαλήθης</span> <span class='ocrx_word' id='word_1_113' title='bbox 650 825 730 860; x_wconf 85' lang='grc' dir='ltr'>ἀνὴρ,</span> <span class='ocrx_word' id='word_1_114' title='bbox 748 823 792 851; x_wconf 82' lang='grc' dir='ltr'><strong>διὰ</strong></span> <span class='ocrx_word' id='word_1_115' title='bbox 804 822 852 858; x_wconf 82' lang='grc' dir='ltr'><strong>τὴν</strong></span> <span class='ocrx_word' id='word_1_116' title='bbox 867 820 936 856; x_wconf 77' lang='grc' dir='ltr'>πρὸς</span> 
     </span>
    </p>
   </div>
   <div class='ocr_carea' id='block_1_19' title="bbox 143 866 935 909">
    <p class='ocr_par' dir='ltr' id='par_1_19' title="bbox 143 866 935 909">
     <span class='ocr_line' id='line_1_19' title="bbox 143 866 935 909; baseline -0.011 -9"><span class='ocrx_word' id='word_1_117' title='bbox 143 873 192 901; x_wconf 71' lang='grc' dir='ltr'><strong>ἕνα</strong></span> <span class='ocrx_word' id='word_1_118' title='bbox 205 874 376 909; x_wconf 82' lang='grc' dir='ltr'>δυσμένειαν,</span> <span class='ocrx_word' id='word_1_119' title='bbox 390 873 435 900; x_wconf 84' lang='grc' dir='ltr'>τὸν</span> <span class='ocrx_word' id='word_1_120' title='bbox 449 873 632 907; x_wconf 75' lang='grc' dir='ltr'>περίϐλεπτον</span> <span class='ocrx_word' id='word_1_121' title='bbox 648 871 721 905; x_wconf 88' lang='grc' dir='ltr'>λέγω</span> <span class='ocrx_word' id='word_1_122' title='bbox 737 869 880 898; x_wconf 78' lang='grc' dir='ltr'>Φίλιππον,</span> <span class='ocrx_word' id='word_1_123' title='bbox 890 866 935 892; x_wconf 77' lang='grc' dir='ltr'><strong>τὸν</strong></span> 
     </span>
    </p>
   </div>
   <div class='ocr_carea' id='block_1_20' title="bbox 985 270 1776 309">
    <p class='ocr_par' dir='ltr' id='par_1_20' title="bbox 985 270 1776 309">
     <span class='ocr_line' id='line_1_20' title="bbox 985 270 1776 309; baseline -0.001 -10"><span class='ocrx_word' id='word_1_124' title='bbox 985 271 1188 307; x_wconf 87' lang='lat' dir='ltr'><strong>remansitipsa</strong></span> <span class='ocrx_word' id='word_1_125' title='bbox 1197 279 1284 306; x_wconf 86' lang='lat' dir='ltr'><strong>usque</strong></span> <span class='ocrx_word' id='word_1_126' title='bbox 1302 272 1330 298; x_wconf 91' lang='lat' dir='ltr'><strong>in</strong></span> <span class='ocrx_word' id='word_1_127' title='bbox 1357 271 1431 298; x_wconf 90' lang='lat' dir='ltr'><strong>hunc</strong></span> <span class='ocrx_word' id='word_1_128' title='bbox 1443 270 1515 298; x_wconf 88' lang='lat' dir='ltr'><strong>diem</strong></span> <span class='ocrx_word' id='word_1_129' title='bbox 1538 271 1601 309; x_wconf 74' lang='lat' dir='ltr'><strong>iuga</strong></span> <span class='ocrx_word' id='word_1_130' title='bbox 1627 271 1776 298; x_wconf 82' lang='lat' dir='ltr'><strong>conferens</strong></span> 
     </span>
    </p>
   </div>
   <div class='ocr_carea' id='block_1_21' title="bbox 986 316 1774 352">
    <p class='ocr_par' dir='ltr' id='par_1_21' title="bbox 986 316 1774 352">
     <span class='ocr_line' id='line_1_21' title="bbox 986 316 1774 352; baseline 0 -8"><span class='ocrx_word' id='word_1_131' title='bbox 986 325 1068 352; x_wconf 80' lang='lat' dir='ltr'><strong>supra</strong></span> <span class='ocrx_word' id='word_1_132' title='bbox 1083 318 1223 352; x_wconf 77' lang='lat' dir='ltr'><strong>sexaginta</strong></span> <span class='ocrx_word' id='word_1_133' title='bbox 1231 317 1286 344; x_wconf 85' lang='lat' dir='ltr'><strong>duo</strong></span> <span class='ocrx_word' id='word_1_134' title='bbox 1299 317 1394 344; x_wconf 80' lang='lat' dir='ltr'><strong>millia.</strong></span> <span class='ocrx_word' id='word_1_135' title='bbox 1413 317 1463 344; x_wconf 79' lang='lat' dir='ltr'><strong>Vix</strong></span> <span class='ocrx_word' id='word_1_136' title='bbox 1478 316 1587 344; x_wconf 82' lang='lat' dir='ltr'><strong>tandem</strong></span> <span class='ocrx_word' id='word_1_137' title='bbox 1604 320 1695 343; x_wconf 89' lang='lat' dir='ltr'><strong>autem</strong></span> <span class='ocrx_word' id='word_1_138' title='bbox 1710 324 1774 351; x_wconf 86' lang='lat' dir='ltr'><strong>per-</strong></span> 
     </span>
    </p>
   </div>
   <div class='ocr_carea' id='block_1_22' title="bbox 986 350 1857 397">
    <p class='ocr_par' dir='ltr' id='par_1_22' title="bbox 986 350 1857 397">
     <span class='ocr_line' id='line_1_22' title="bbox 986 350 1857 397; baseline -0.002 -7"><span class='ocrx_word' id='word_1_139' title='bbox 986 363 1058 390; x_wconf 81' lang='lat' dir='ltr'><strong>suasi</strong></span> <span class='ocrx_word' id='word_1_140' title='bbox 1073 363 1119 397; x_wconf 90' lang='lat' dir='ltr'><strong>qui</strong></span> <span class='ocrx_word' id='word_1_141' title='bbox 1137 363 1273 390; x_wconf 82' lang='lat' dir='ltr'><strong>excelsam</strong></span> <span class='ocrx_word' id='word_1_142' title='bbox 1289 362 1383 389; x_wconf 81' lang='lat' dir='ltr'><strong>sedem</strong></span> <span class='ocrx_word' id='word_1_143' title='bbox 1402 363 1476 389; x_wconf 87' lang='lat' dir='ltr'><strong>illam</strong></span> <span class='ocrx_word' id='word_1_144' title='bbox 1492 362 1634 397; x_wconf 82' lang='lat' dir='ltr'><strong>regebant,</strong></span> <span class='ocrx_word' id='word_1_145' title='bbox 1655 362 1776 397; x_wconf 78' lang='lat' dir='ltr'><strong>regionis</strong></span> 
     </span>
    </p>
   </div>
   <div class='ocr_carea' id='block_1_23' title="bbox 987 408 1776 444">
    <p class='ocr_par' dir='ltr' id='par_1_23' title="bbox 987 408 1776 444">
     <span class='ocr_line' id='line_1_23' title="bbox 987 408 1776 444; baseline 0 -9"><span class='ocrx_word' id='word_1_146' title='bbox 987 408 1162 443; x_wconf 73' lang='lat' dir='ltr'><strong>inspectores</strong></span> <span class='ocrx_word' id='word_1_147' title='bbox 1173 408 1354 444; x_wconf 82' lang='lat' dir='ltr'><strong>delegarunt:</strong></span> <span class='ocrx_word' id='word_1_148' title='bbox 1383 409 1548 443; x_wconf 85' lang='lat' dir='ltr'><strong>missamque</strong></span> <span class='ocrx_word' id='word_1_149' title='bbox 1571 408 1605 435; x_wconf 88' lang='lat' dir='ltr'><strong>ab</strong></span> <span class='ocrx_word' id='word_1_150' title='bbox 1633 409 1676 435; x_wconf 91' lang='lat' dir='ltr'><strong>his</strong></span> <span class='ocrx_word' id='word_1_151' title='bbox 1704 409 1776 435; x_wconf 88' lang='lat' dir='ltr'><strong>noti-</strong></span> 
     </span>
    </p>
   </div>
   <div class='ocr_carea' id='block_1_24' title="bbox 988 454 1774 489">
    <p class='ocr_par' dir='ltr' id='par_1_24' title="bbox 988 454 1774 489">
     <span class='ocr_line' id='line_1_24' title="bbox 988 454 1774 489; baseline 0.001 -9"><span class='ocrx_word' id='word_1_152' title='bbox 988 454 1054 481; x_wconf 93' lang='lat' dir='ltr'><strong>tiam</strong></span> <span class='ocrx_word' id='word_1_153' title='bbox 1068 454 1174 489; x_wconf 90' lang='lat' dir='ltr'><strong>primus</strong></span> <span class='ocrx_word' id='word_1_154' title='bbox 1184 454 1310 488; x_wconf 89' lang='lat' dir='ltr'><strong>probavit</strong></span> <span class='ocrx_word' id='word_1_155' title='bbox 1327 454 1478 489; x_wconf 68' lang='lat' dir='ltr'><strong>magniﬁca:</strong></span> <span class='ocrx_word' id='word_1_156' title='bbox 1489 454 1628 481; x_wconf 72' lang='lat' dir='ltr'><strong>memoria:</strong></span> <span class='ocrx_word' id='word_1_157' title='bbox 1640 454 1774 487; x_wconf 86' lang='lat' dir='ltr'><strong>Isidorus,</strong></span> 
     </span>
    </p>
   </div>
   <div class='ocr_carea' id='block_1_25' title="bbox 986 498 1774 534">
    <p class='ocr_par' dir='ltr' id='par_1_25' title="bbox 986 498 1774 534">
     <span class='ocr_line' id='line_1_25' title="bbox 986 498 1774 534; baseline 0 -8"><span class='ocrx_word' id='word_1_158' title='bbox 986 499 1161 526; x_wconf 84' lang='lat' dir='ltr'><strong>conﬁrmavit</strong></span> <span class='ocrx_word' id='word_1_159' title='bbox 1174 504 1265 526; x_wconf 90' lang='lat' dir='ltr'><strong>autem</strong></span> <span class='ocrx_word' id='word_1_160' title='bbox 1279 499 1494 534; x_wconf 81' lang='lat' dir='ltr'><strong>gloriosissimus</strong></span> <span class='ocrx_word' id='word_1_161' title='bbox 1519 504 1546 526; x_wconf 93' lang='lat' dir='ltr'><strong>et</strong></span> <span class='ocrx_word' id='word_1_162' title='bbox 1558 498 1660 526; x_wconf 87' lang='lat' dir='ltr'><strong>Christi</strong></span> <span class='ocrx_word' id='word_1_163' title='bbox 1680 507 1774 526; x_wconf 90' lang='lat' dir='ltr'><strong>amans</strong></span> 
     </span>
    </p>
   </div>
   <div class='ocr_carea' id='block_1_26' title="bbox 987 543 1775 579">
    <p class='ocr_par' dir='ltr' id='par_1_26' title="bbox 987 543 1775 579">
     <span class='ocr_line' id='line_1_26' title="bbox 987 543 1775 579; baseline 0.001 -9"><span class='ocrx_word' id='word_1_164' title='bbox 987 543 1117 571; x_wconf 90' lang='lat' dir='ltr'><strong>dominus</strong></span> <span class='ocrx_word' id='word_1_165' title='bbox 1142 543 1317 571; x_wconf 84' lang='lat' dir='ltr'><strong>Florentius:</strong></span> <span class='ocrx_word' id='word_1_166' title='bbox 1336 544 1492 571; x_wconf 79' lang='lat' dir='ltr'><strong>accuratius</strong></span> <span class='ocrx_word' id='word_1_167' title='bbox 1518 551 1627 579; x_wconf 89' lang='lat' dir='ltr'><strong>quoquc</strong></span> <span class='ocrx_word' id='word_1_168' title='bbox 1646 551 1704 571; x_wconf 91' lang='lat' dir='ltr'><strong>rem</strong></span> <span class='ocrx_word' id='word_1_169' title='bbox 1732 547 1775 571; x_wconf 93' lang='lat' dir='ltr'><strong>to-</strong></span> 
     </span>
    </p>
   </div>
   <div class='ocr_carea' id='block_1_27' title="bbox 987 589 1773 625">
    <p class='ocr_par' dir='ltr' id='par_1_27' title="bbox 987 589 1773 625">
     <span class='ocr_line' id='line_1_27' title="bbox 987 589 1773 625; baseline 0.001 -9"><span class='ocrx_word' id='word_1_170' title='bbox 987 594 1041 617; x_wconf 75' lang='lat' dir='ltr'><strong>tam</strong></span> <span class='ocrx_word' id='word_1_171' title='bbox 1059 589 1218 617; x_wconf 77' lang='lat' dir='ltr'><strong>examinans</strong></span> <span class='ocrx_word' id='word_1_172' title='bbox 1234 590 1281 625; x_wconf 88' lang='lat' dir='ltr'><strong>qui</strong></span> <span class='ocrx_word' id='word_1_173' title='bbox 1310 598 1384 618; x_wconf 90' lang='lat' dir='ltr'><strong>nunc</strong></span> <span class='ocrx_word' id='word_1_174' title='bbox 1406 589 1517 618; x_wconf 90' lang='lat' dir='ltr'><strong>easdem</strong></span> <span class='ocrx_word' id='word_1_175' title='bbox 1541 590 1664 617; x_wconf 78' lang='lat' dir='ltr'><strong>habenas</strong></span> <span class='ocrx_word' id='word_1_176' title='bbox 1688 594 1773 622; x_wconf 88' lang='lat' dir='ltr'><strong>tenet,</strong></span> 
     </span>
    </p>
   </div>
   <div class='ocr_carea' id='block_1_28' title="bbox 986 635 1776 671">
    <p class='ocr_par' dir='ltr' id='par_1_28' title="bbox 986 635 1776 671">
     <span class='ocr_line' id='line_1_28' title="bbox 986 635 1776 671; baseline 0.001 -9"><span class='ocrx_word' id='word_1_177' title='bbox 986 635 1135 670; x_wconf 79' lang='lat' dir='ltr'><strong>sedemque</strong></span> <span class='ocrx_word' id='word_1_178' title='bbox 1166 639 1246 663; x_wconf 86' lang='lat' dir='ltr'><strong>ornat</strong></span> <span class='ocrx_word' id='word_1_179' title='bbox 1261 636 1378 671; x_wconf 86' lang='lat' dir='ltr'><strong>justitia,</strong></span> <span class='ocrx_word' id='word_1_180' title='bbox 1393 636 1468 671; x_wconf 78' lang='lat' dir='ltr'><strong>regio</strong></span> <span class='ocrx_word' id='word_1_181' title='bbox 1485 636 1559 662; x_wconf 84' lang='lat' dir='ltr'><strong>illam</strong></span> <span class='ocrx_word' id='word_1_182' title='bbox 1584 636 1694 663; x_wconf 87' lang='lat' dir='ltr'><strong>decreto</strong></span> <span class='ocrx_word' id='word_1_183' title='bbox 1711 643 1776 663; x_wconf 90' lang='lat' dir='ltr'><strong>con-</strong></span> 
     </span>
    </p>
   </div>
   <div class='ocr_carea' id='block_1_29' title="bbox 995 681 1777 716">
    <p class='ocr_par' dir='ltr' id='par_1_29' title="bbox 995 681 1777 716">
     <span class='ocr_line' id='line_1_29' title="bbox 995 681 1777 716; baseline 0 -7"><span class='ocrx_word' id='word_1_184' title='bbox 995 681 1140 710; x_wconf 82' lang='lat' dir='ltr'><strong>stabilivit.</strong></span> <span class='ocrx_word' id='word_1_185' title='bbox 1163 682 1198 709; x_wconf 83' lang='lat' dir='ltr'><strong>At</strong></span> <span class='ocrx_word' id='word_1_186' title='bbox 1223 682 1345 715; x_wconf 77' lang='lat' dir='ltr'><strong>viriste,</strong></span> <span class='ocrx_word' id='word_1_187' title='bbox 1363 683 1488 710; x_wconf 91' lang='lat' dir='ltr'><strong>veritatis</strong></span> <span class='ocrx_word' id='word_1_188' title='bbox 1511 686 1634 714; x_wconf 91' lang='lat' dir='ltr'><strong>amator,</strong></span> <span class='ocrx_word' id='word_1_189' title='bbox 1663 687 1777 716; x_wconf 85' lang='lat' dir='ltr'><strong>propter</strong></span> 
     </span>
    </p>
   </div>
   <div class='ocr_carea' id='block_1_30' title="bbox 986 728 1777 764">
    <p class='ocr_par' dir='ltr' id='par_1_30' title="bbox 986 728 1777 764">
     <span class='ocr_line' id='line_1_30' title="bbox 986 728 1777 764; baseline 0.001 -10"><span class='ocrx_word' id='word_1_190' title='bbox 986 728 1081 755; x_wconf 90' lang='lat' dir='ltr'><strong>odium</strong></span> <span class='ocrx_word' id='word_1_191' title='bbox 1104 736 1159 763; x_wconf 88' lang='lat' dir='ltr'><strong>quo</strong></span> <span class='ocrx_word' id='word_1_192' title='bbox 1177 737 1261 755; x_wconf 91' lang='lat' dir='ltr'><strong>unum</strong></span> <span class='ocrx_word' id='word_1_193' title='bbox 1282 729 1469 764; x_wconf 85' lang='lat' dir='ltr'><strong>prosequitur,</strong></span> <span class='ocrx_word' id='word_1_194' title='bbox 1498 728 1676 763; x_wconf 81' lang='lat' dir='ltr'><strong>spectabilem</strong></span> <span class='ocrx_word' id='word_1_195' title='bbox 1700 728 1777 755; x_wconf 84' lang='lat' dir='ltr'><strong>vide-</strong></span> 
     </span>
    </p>
   </div>
   <div class='ocr_carea' id='block_1_31' title="bbox 986 773 1777 809">
    <p class='ocr_par' dir='ltr' id='par_1_31' title="bbox 986 773 1777 809">
     <span class='ocr_line' id='line_1_31' title="bbox 986 773 1777 809; baseline 0 -9"><span class='ocrx_word' id='word_1_196' title='bbox 986 773 1051 801; x_wconf 88' lang='lat' dir='ltr'><strong>licet</strong></span> <span class='ocrx_word' id='word_1_197' title='bbox 1062 774 1230 808; x_wconf 88' lang='lat' dir='ltr'><strong>Philippum,</strong></span> <span class='ocrx_word' id='word_1_198' title='bbox 1243 774 1375 802; x_wconf 76' lang='lat' dir='ltr'><strong>adversus</strong></span> <span class='ocrx_word' id='word_1_199' title='bbox 1395 782 1530 809; x_wconf 89' lang='lat' dir='ltr'><strong>pauperes</strong></span> <span class='ocrx_word' id='word_1_200' title='bbox 1554 774 1656 801; x_wconf 78' lang='lat' dir='ltr'><strong>bellum</strong></span> <span class='ocrx_word' id='word_1_201' title='bbox 1683 781 1777 801; x_wconf 86' lang='lat' dir='ltr'><strong>susce-</strong></span> 
     </span>
    </p>
   </div>
   <div class='ocr_carea' id='block_1_32' title="bbox 986 818 1776 854">
    <p class='ocr_par' dir='ltr' id='par_1_32' title="bbox 986 818 1776 854">
     <span class='ocr_line' id='line_1_32' title="bbox 986 818 1776 854; baseline 0 -9"><span class='ocrx_word' id='word_1_202' title='bbox 986 818 1037 853; x_wconf 86' lang='lat' dir='ltr'><strong>pit.</strong></span> <span class='ocrx_word' id='word_1_203' title='bbox 1055 818 1146 851; x_wconf 87' lang='lat' dir='ltr'><strong>Quare</strong></span> <span class='ocrx_word' id='word_1_204' title='bbox 1160 819 1334 847; x_wconf 78' lang='lat' dir='ltr'><strong>sanctitatem</strong></span> <span class='ocrx_word' id='word_1_205' title='bbox 1367 825 1443 847; x_wconf 88' lang='lat' dir='ltr'><strong>tuam</strong></span> <span class='ocrx_word' id='word_1_206' title='bbox 1455 826 1505 846; x_wconf 91' lang='lat' dir='ltr'><strong>oro</strong></span> <span class='ocrx_word' id='word_1_207' title='bbox 1520 823 1551 846; x_wconf 92' lang='lat' dir='ltr'><strong>ut</strong></span> <span class='ocrx_word' id='word_1_208' title='bbox 1561 819 1662 853; x_wconf 64' lang='lat' dir='ltr'><strong>iniqua:</strong></span> <span class='ocrx_word' id='word_1_209' title='bbox 1675 819 1776 854; x_wconf 68' lang='lat' dir='ltr'><strong>linguae</strong></span> 
     </span>
    </p>
   </div>
   <div class='ocr_carea' id='block_1_33' title="bbox 987 865 1774 901">
    <p class='ocr_par' dir='ltr' id='par_1_33' title="bbox 987 865 1774 901">
     <span class='ocr_line' id='line_1_33' title="bbox 987 865 1774 901; baseline 0.001 -10"><span class='ocrx_word' id='word_1_210' title='bbox 987 867 1062 892; x_wconf 87' lang='lat' dir='ltr'><strong>tuam</strong></span> <span class='ocrx_word' id='word_1_211' title='bbox 1070 872 1203 900; x_wconf 87' lang='lat' dir='ltr'><strong>opponas,</strong></span> <span class='ocrx_word' id='word_1_212' title='bbox 1217 869 1245 893; x_wconf 91' lang='lat' dir='ltr'><strong>et</strong></span> <span class='ocrx_word' id='word_1_213' title='bbox 1266 865 1452 901; x_wconf 75' lang='lat' dir='ltr'><strong>impugnatam</strong></span> <span class='ocrx_word' id='word_1_214' title='bbox 1469 866 1614 893; x_wconf 89' lang='lat' dir='ltr'><strong>veritatem</strong></span> <span class='ocrx_word' id='word_1_215' title='bbox 1631 865 1774 897; x_wconf 82' lang='lat' dir='ltr'><strong>defendas.</strong></span> 
     </span>
    </p>
   </div>
   <div class='ocr_carea' id='block_1_34' title="bbox 144 908 932 954">
    <p class='ocr_par' dir='ltr' id='par_1_34' title="bbox 144 910 932 954">
     <span class='ocr_line' id='line_1_34' title="bbox 144 910 932 954; baseline -0.01 -10"><span class='ocrx_word' id='word_1_216' title='bbox 144 918 216 945; x_wconf 81' lang='grc' dir='ltr'><strong>κατά</strong></span> <span class='ocrx_word' id='word_1_217' title='bbox 232 919 285 945; x_wconf 81' lang='grc' dir='ltr'>τῶν</span> <span class='ocrx_word' id='word_1_218' title='bbox 301 919 426 954; x_wconf 79' lang='grc' dir='ltr'><strong>πενήτων</strong></span> <span class='ocrx_word' id='word_1_219' title='bbox 441 917 585 950; x_wconf 78' lang='grc' dir='ltr'><strong>ἀνεδέξατο</strong></span> <span class='ocrx_word' id='word_1_220' title='bbox 601 916 729 950; x_wconf 86' lang='grc' dir='ltr'>πόλεμον.</span> <span class='ocrx_word' id='word_1_221' title='bbox 747 910 783 940; x_wconf 71' lang='grc' dir='ltr'>Οῧ</span> <span class='ocrx_word' id='word_1_222' title='bbox 802 912 834 947; x_wconf 77' lang='grc' dir='ltr'>δὴ</span> <span class='ocrx_word' id='word_1_223' title='bbox 858 910 932 946; x_wconf 65' lang='grc' dir='ltr'>χάριι</span> 
     </span>
    </p>
   </div>
   <div class='ocr_carea' id='block_1_35' title="bbox 988 908 1777 954">
    <p class='ocr_par' dir='ltr' id='par_1_35' title="bbox 988 911 1777 946">
     <span class='ocr_line' id='line_1_35' title="bbox 988 911 1777 946; baseline 0 -9"><span class='ocrx_word' id='word_1_224' title='bbox 988 914 1071 945; x_wconf 86' lang='lat' dir='ltr'><strong>atque</strong></span> <span class='ocrx_word' id='word_1_225' title='bbox 1096 911 1167 938; x_wconf 88' lang='lat' dir='ltr'><strong>hanc</strong></span> <span class='ocrx_word' id='word_1_226' title='bbox 1201 911 1416 946; x_wconf 87' lang='lat' dir='ltr'><strong>insuperabilem</strong></span> <span class='ocrx_word' id='word_1_227' title='bbox 1447 919 1508 939; x_wconf 85' lang='lat' dir='ltr'><strong>esse</strong></span> <span class='ocrx_word' id='word_1_228' title='bbox 1531 911 1720 944; x_wconf 86' lang='lat' dir='ltr'><strong>demonstres,</strong></span> <span class='ocrx_word' id='word_1_229' title='bbox 1747 915 1777 939; x_wconf 87' lang='lat' dir='ltr'><strong>et</strong></span> 
     </span>
    </p>
   </div>
   <div class='ocr_carea' id='block_1_36' title="bbox 144 956 935 998">
    <p class='ocr_par' dir='ltr' id='par_1_36' title="bbox 144 956 935 998">
     <span class='ocr_line' id='line_1_36' title="bbox 144 956 935 998; baseline -0.011 -7"><span class='ocrx_word' id='word_1_230' title='bbox 144 963 192 998; x_wconf 74' lang='grc' dir='ltr'>τὴν</span> <span class='ocrx_word' id='word_1_231' title='bbox 216 964 265 997; x_wconf 82' lang='grc' dir='ltr'><strong>σὴν</strong></span> <span class='ocrx_word' id='word_1_232' title='bbox 290 963 444 998; x_wconf 79' lang='grc' dir='ltr'>ἁγιωσύνην</span> <span class='ocrx_word' id='word_1_233' title='bbox 457 962 601 993; x_wconf 75' lang='grc' dir='ltr'>ἀντιϐολῶ,</span> <span class='ocrx_word' id='word_1_234' title='bbox 628 959 769 991; x_wconf 80' lang='grc' dir='ltr'><strong>ἀντιτάξαι</strong></span> <span class='ocrx_word' id='word_1_235' title='bbox 793 959 827 993; x_wconf 78' lang='grc' dir='ltr'>τῇ</span> <span class='ocrx_word' id='word_1_236' title='bbox 851 956 935 990; x_wconf 85' lang='grc' dir='ltr'>ἀδίκῳ</span> 
     </span>
    </p>
   </div>
   <div class='ocr_carea' id='block_1_37' title="bbox 989 954 1456 990">
    <p class='ocr_par' dir='ltr' id='par_1_37' title="bbox 989 954 1456 990">
     <span class='ocr_line' id='line_1_37' title="bbox 989 954 1456 990; baseline 0.006 -9"><span class='ocrx_word' id='word_1_237' title='bbox 989 954 1126 982; x_wconf 85' lang='lat' dir='ltr'><strong>mendacii</strong></span> <span class='ocrx_word' id='word_1_238' title='bbox 1140 955 1290 983; x_wconf 82' lang='lat' dir='ltr'><strong>vanitatem</strong></span> <span class='ocrx_word' id='word_1_239' title='bbox 1300 955 1456 990; x_wconf 87' lang='lat' dir='ltr'><strong>patefacias.</strong></span> 
     </span>
    </p>
   </div>
   <div class='ocr_carea' id='block_1_38' title="bbox 144 1002 1776 1047">
    <p class='ocr_par' dir='ltr' id='par_1_38' title="bbox 144 1002 1776 1047">
     <span class='ocr_line' id='line_1_38' title="bbox 144 1002 1776 1047; baseline -0.002 -11"><span class='ocrx_word' id='word_1_240' title='bbox 144 1010 251 1046; x_wconf 79' lang='grc' dir='ltr'>γλώττῃ</span> <span class='ocrx_word' id='word_1_241' title='bbox 267 1011 316 1047; x_wconf 73' lang='grc' dir='ltr'>τὴν</span> <span class='ocrx_word' id='word_1_242' title='bbox 332 1011 438 1038; x_wconf 79' lang='grc' dir='ltr'>δικαίαν</span> <span class='ocrx_word' id='word_1_243' title='bbox 455 1019 501 1036; x_wconf 77' lang='grc' dir='ltr'><strong>σου</strong></span> <span class='ocrx_word' id='word_1_244' title='bbox 533 1009 656 1043; x_wconf 81' lang='grc' dir='ltr'>γλῶτταν</span> <span class='ocrx_word' id='word_1_245' title='bbox 667 1028 675 1040; x_wconf 88' lang='lat'><strong>,</strong></span> <span class='ocrx_word' id='word_1_246' title='bbox 708 1008 756 1034; x_wconf 70' lang='grc' dir='ltr'><strong>καὶ</strong></span> <span class='ocrx_word' id='word_1_247' title='bbox 772 1006 821 1041; x_wconf 83' lang='grc' dir='ltr'>τῆς</span> <span class='ocrx_word' id='word_1_248' title='bbox 837 1003 968 1039; x_wconf 81' lang='grc' dir='ltr'><strong>ἀληθείας</strong></span> <span class='ocrx_word' id='word_1_249' title='bbox 987 1002 1195 1038; x_wconf 81' lang='grc' dir='ltr'>πολεμουμένης</span> <span class='ocrx_word' id='word_1_250' title='bbox 1214 1004 1411 1039; x_wconf 73' lang='grc' dir='ltr'>ὑπερασπίσαι,</span> <span class='ocrx_word' id='word_1_251' title='bbox 1433 1005 1480 1031; x_wconf 74' lang='grc' dir='ltr'><strong>καὶ</strong></span> <span class='ocrx_word' id='word_1_252' title='bbox 1495 1004 1597 1040; x_wconf 84' lang='grc' dir='ltr'>ταύτης</span> <span class='ocrx_word' id='word_1_253' title='bbox 1622 1006 1670 1041; x_wconf 79' lang='grc' dir='ltr'>μὲν</span> <span class='ocrx_word' id='word_1_254' title='bbox 1690 1005 1776 1038; x_wconf 76' lang='grc' dir='ltr'>δείξαι</span> 
     </span>
    </p>
   </div>
   <div class='ocr_carea' id='block_1_39' title="bbox 144 1053 860 1093">
    <p class='ocr_par' dir='ltr' id='par_1_39' title="bbox 144 1053 860 1093">
     <span class='ocr_line' id='line_1_39' title="bbox 144 1053 860 1093; baseline -0.01 -8"><span class='ocrx_word' id='word_1_255' title='bbox 144 1059 174 1085; x_wconf 86' lang='grc' dir='ltr'>τὸ</span> <span class='ocrx_word' id='word_1_256' title='bbox 190 1059 294 1093; x_wconf 72' lang='grc' dir='ltr'>ἄμαχον</span> <span class='ocrx_word' id='word_1_257' title='bbox 309 1078 315 1089; x_wconf 87' lang='grc'><strong>,</strong></span> <span class='ocrx_word' id='word_1_258' title='bbox 337 1057 383 1084; x_wconf 84' lang='grc' dir='ltr'>τοῦ</span> <span class='ocrx_word' id='word_1_259' title='bbox 398 1056 425 1083; x_wconf 83' lang='grc' dir='ltr'>δὲ</span> <span class='ocrx_word' id='word_1_260' title='bbox 435 1056 548 1091; x_wconf 83' lang='grc' dir='ltr'>ψεύδους</span> <span class='ocrx_word' id='word_1_261' title='bbox 565 1055 674 1089; x_wconf 74' lang='grc' dir='ltr'>ἐλέγξαι</span> <span class='ocrx_word' id='word_1_262' title='bbox 687 1054 718 1081; x_wconf 82' lang='grc' dir='ltr'>τὸ</span> <span class='ocrx_word' id='word_1_263' title='bbox 735 1053 860 1089; x_wconf 84' lang='grc' dir='ltr'>μάταιον.</span> 
     </span>
    </p>
   </div>
   <div class='ocr_carea' id='block_1_40' title="bbox 230 1109 842 1146">
    <p class='ocr_par' dir='ltr' id='par_1_40' title="bbox 230 1109 842 1146">
     <span class='ocr_line' id='line_1_40' title="bbox 230 1109 842 1146; baseline -0.01 -4"><span class='ocrx_word' id='word_1_264' title='bbox 230 1115 300 1143; x_wconf 78' lang='lat' dir='ltr'><strong>Mll’.</strong></span> <span class='ocrx_word' id='word_1_265' title='bbox 316 1130 351 1135; x_wconf 93' lang='lat'><strong>——</strong></span> <span class='ocrx_word' id='word_1_266' title='bbox 360 1115 515 1146; x_wconf 79' lang='grc' dir='ltr'>Ε’ὺσταθίῳ</span> <span class='ocrx_word' id='word_1_267' title='bbox 531 1113 688 1146; x_wconf 78' lang='grc' dir='ltr'>ἐπισκόπῳ</span> <span class='ocrx_word' id='word_1_268' title='bbox 698 1109 842 1145; x_wconf 82' lang='grc' dir='ltr'>Βηρυτοῦ.</span> 
     </span>
    </p>
   </div>
   <div class='ocr_carea' id='block_1_41' title="bbox 179 1163 933 1205">
    <p class='ocr_par' dir='ltr' id='par_1_41' title="bbox 179 1163 933 1205">
     <span class='ocr_line' id='line_1_41' title="bbox 179 1163 933 1205; baseline -0.011 -8"><span class='ocrx_word' id='word_1_269' title='bbox 179 1171 314 1205; x_wconf 82' lang='grc' dir='ltr'>Δέδεγμαι</span> <span class='ocrx_word' id='word_1_270' title='bbox 327 1170 376 1205; x_wconf 78' lang='grc' dir='ltr'>τὴν</span> <span class='ocrx_word' id='word_1_271' title='bbox 392 1169 562 1204; x_wconf 81' lang='grc' dir='ltr'>κατηγορίαν</span> <span class='ocrx_word' id='word_1_272' title='bbox 578 1167 716 1202; x_wconf 77' lang='grc' dir='ltr'>ἀσμένως,</span> <span class='ocrx_word' id='word_1_273' title='bbox 735 1165 824 1193; x_wconf 87' lang='grc' dir='ltr'>καίτοι</span> <span class='ocrx_word' id='word_1_274' title='bbox 843 1163 933 1190; x_wconf 78' lang='grc' dir='ltr'>διαλῦ-</span> 
     </span>
    </p>
   </div>
   <div class='ocr_carea' id='block_1_42' title="bbox 145 1210 932 1253">
    <p class='ocr_par' dir='ltr' id='par_1_42' title="bbox 145 1210 932 1253">
     <span class='ocr_line' id='line_1_42' title="bbox 145 1210 932 1253; baseline -0.009 -9"><span class='ocrx_word' id='word_1_275' title='bbox 145 1226 190 1244; x_wconf 87' lang='grc' dir='ltr'><strong>σαι</strong></span> <span class='ocrx_word' id='word_1_276' title='bbox 208 1218 306 1253; x_wconf 75' lang='grc' dir='ltr'>ῥᾳδίως</span> <span class='ocrx_word' id='word_1_277' title='bbox 321 1217 470 1252; x_wconf 81' lang='grc' dir='ltr'>δυνάμενος</span> <span class='ocrx_word' id='word_1_278' title='bbox 478 1216 528 1250; x_wconf 85' lang='grc' dir='ltr'>τὴν</span> <span class='ocrx_word' id='word_1_279' title='bbox 543 1215 664 1250; x_wconf 83' lang='grc' dir='ltr'>γραφήν.</span> <span class='ocrx_word' id='word_1_280' title='bbox 687 1212 817 1248; x_wconf 79' lang='grc' dir='ltr'>Ἔγραψα</span> <span class='ocrx_word' id='word_1_281' title='bbox 831 1211 885 1246; x_wconf 80' lang='grc' dir='ltr'><strong>γὰρ</strong></span> <span class='ocrx_word' id='word_1_282' title='bbox 901 1210 932 1237; x_wconf 80' lang='grc' dir='ltr'>οὐ</span> 
     </span>
    </p>
   </div>
   <div class='ocr_carea' id='block_1_43' title="bbox 145 1258 933 1299">
    <p class='ocr_par' dir='ltr' id='par_1_43' title="bbox 145 1258 933 1299">
     <span class='ocr_line' id='line_1_43' title="bbox 145 1258 933 1299; baseline -0.009 -9"><span class='ocrx_word' id='word_1_283' title='bbox 145 1265 205 1299; x_wconf 77' lang='grc' dir='ltr'>τρὶς</span> <span class='ocrx_word' id='word_1_284' title='bbox 219 1264 308 1298; x_wconf 84' lang='grc' dir='ltr'>μόνον,</span> <span class='ocrx_word' id='word_1_285' title='bbox 320 1263 390 1289; x_wconf 86' lang='grc' dir='ltr'><strong>ἀλλά</strong></span> <span class='ocrx_word' id='word_1_286' title='bbox 402 1263 449 1289; x_wconf 72' lang='grc' dir='ltr'>καὶ</span> <span class='ocrx_word' id='word_1_287' title='bbox 463 1262 601 1297; x_wconf 84' lang='grc' dir='ltr'>τετράκις.</span> <span class='ocrx_word' id='word_1_288' title='bbox 614 1261 693 1287; x_wconf 86' lang='grc' dir='ltr'>Δυοῖν</span> <span class='ocrx_word' id='word_1_289' title='bbox 702 1259 730 1286; x_wconf 77' lang='grc' dir='ltr'>δὲ</span> <span class='ocrx_word' id='word_1_290' title='bbox 741 1259 855 1294; x_wconf 82' lang='grc' dir='ltr'>θάτερον</span> <span class='ocrx_word' id='word_1_291' title='bbox 867 1258 933 1283; x_wconf 82' lang='grc' dir='ltr'>ὑπο-</span> 
     </span>
    </p>
   </div>
   <div class='ocr_carea' id='block_1_44' title="bbox 146 1303 934 1344">
    <p class='ocr_par' dir='ltr' id='par_1_44' title="bbox 146 1303 934 1344">
     <span class='ocr_line' id='line_1_44' title="bbox 146 1303 934 1344; baseline -0.009 -8"><span class='ocrx_word' id='word_1_292' title='bbox 146 1309 256 1336; x_wconf 73' lang='grc' dir='ltr'>πτεύω¹</span> <span class='ocrx_word' id='word_1_293' title='bbox 272 1309 288 1344; x_wconf 84' lang='grc' dir='ltr'>ἢ</span> <span class='ocrx_word' id='word_1_294' title='bbox 304 1309 366 1339; x_wconf 74' lang='grc' dir='ltr'>τοὺς</span> <span class='ocrx_word' id='word_1_295' title='bbox 382 1308 416 1334; x_wconf 71' lang='grc' dir='ltr'><strong>τὰ</strong></span> <span class='ocrx_word' id='word_1_296' title='bbox 428 1308 583 1343; x_wconf 81' lang='grc' dir='ltr'>γράμματα</span> <span class='ocrx_word' id='word_1_297' title='bbox 606 1305 730 1341; x_wconf 75' lang='grc' dir='ltr'>κομίζειν</span> <span class='ocrx_word' id='word_1_298' title='bbox 748 1303 934 1339; x_wconf 81' lang='grc' dir='ltr'>ὑπισχνουμέ-</span> 
     </span>
    </p>
   </div>
   <div class='ocr_carea' id='block_1_45' title="bbox 146 1349 935 1390">
    <p class='ocr_par' dir='ltr' id='par_1_45' title="bbox 146 1349 935 1390">
     <span class='ocr_line' id='line_1_45' title="bbox 146 1349 935 1390; baseline -0.008 -9"><span class='ocrx_word' id='word_1_299' title='bbox 146 1363 207 1386; x_wconf 85' lang='grc' dir='ltr'>νους</span> <span class='ocrx_word' id='word_1_300' title='bbox 219 1355 282 1389; x_wconf 86' lang='grc' dir='ltr'>περὶ</span> <span class='ocrx_word' id='word_1_301' title='bbox 293 1353 342 1390; x_wconf 83' lang='grc' dir='ltr'>τὴν</span> <span class='ocrx_word' id='word_1_302' title='bbox 354 1353 481 1380; x_wconf 70' lang='grc' dir='ltr'>ἀπόδοσιν</span> <span class='ocrx_word' id='word_1_303' title='bbox 495 1353 607 1385; x_wconf 79' lang='grc' dir='ltr'>ἀδικεῖν,</span> <span class='ocrx_word' id='word_1_304' title='bbox 623 1352 640 1388; x_wconf 81' lang='grc' dir='ltr'>ἢ</span> <span class='ocrx_word' id='word_1_305' title='bbox 652 1351 701 1387; x_wconf 82' lang='grc' dir='ltr'><strong>τὴν</strong></span> <span class='ocrx_word' id='word_1_306' title='bbox 714 1351 763 1386; x_wconf 84' lang='grc' dir='ltr'><strong>σὴν</strong></span> <span class='ocrx_word' id='word_1_307' title='bbox 779 1349 935 1377; x_wconf 77' lang='grc' dir='ltr'>θεοσέϐειαν</span> 
     </span>
    </p>
   </div>
   <div class='ocr_carea' id='block_1_46' title="bbox 145 1394 934 1436">
    <p class='ocr_par' dir='ltr' id='par_1_46' title="bbox 145 1394 934 1436">
     <span class='ocr_line' id='line_1_46' title="bbox 145 1394 934 1436; baseline -0.009 -8"><span class='ocrx_word' id='word_1_308' title='bbox 145 1400 294 1436; x_wconf 81' lang='grc' dir='ltr'>δεχομένην</span> <span class='ocrx_word' id='word_1_309' title='bbox 304 1419 311 1431; x_wconf 85' lang='grc'><strong>,</strong></span> <span class='ocrx_word' id='word_1_310' title='bbox 329 1397 388 1426; x_wconf 74' lang='grc' dir='ltr'>εἶτα</span> <span class='ocrx_word' id='word_1_311' title='bbox 404 1399 534 1426; x_wconf 87' lang='grc' dir='ltr'>πλειόνων</span> <span class='ocrx_word' id='word_1_312' title='bbox 555 1397 744 1434; x_wconf 84' lang='grc' dir='ltr'>όριγνωμένην</span> <span class='ocrx_word' id='word_1_313' title='bbox 756 1416 764 1428; x_wconf 87' lang='grc'><strong>,</strong></span> <span class='ocrx_word' id='word_1_314' title='bbox 792 1394 934 1431; x_wconf 78' lang='grc' dir='ltr'>ῥᾳστώνης</span> 
     </span>
    </p>
   </div>
   <div class='ocr_carea' id='block_1_47' title="bbox 145 1442 933 1482">
    <p class='ocr_par' dir='ltr' id='par_1_47' title="bbox 145 1442 933 1482">
     <span class='ocr_line' id='line_1_47' title="bbox 145 1442 933 1482; baseline -0.005 -10"><span class='ocrx_word' id='word_1_315' title='bbox 145 1446 206 1472; x_wconf 85' lang='grc' dir='ltr'>καθ’</span> <span class='ocrx_word' id='word_1_316' title='bbox 219 1446 297 1482; x_wconf 72' lang='grc' dir='ltr'>ἡμῶν</span> <span class='ocrx_word' id='word_1_317' title='bbox 312 1446 435 1480; x_wconf 81' lang='grc' dir='ltr'>ὑφαίνειν</span> <span class='ocrx_word' id='word_1_318' title='bbox 447 1445 567 1480; x_wconf 85' lang='grc' dir='ltr'>γραφήν.</span> <span class='ocrx_word' id='word_1_319' title='bbox 591 1443 666 1479; x_wconf 76' lang='grc' dir='ltr'>Ἐμὲ,</span> <span class='ocrx_word' id='word_1_320' title='bbox 678 1444 715 1475; x_wconf 88' lang='grc' dir='ltr'><strong>ὡς</strong></span> <span class='ocrx_word' id='word_1_321' title='bbox 724 1443 803 1478; x_wconf 77' lang='grc' dir='ltr'>ἔφην,</span> <span class='ocrx_word' id='word_1_322' title='bbox 819 1442 870 1469; x_wconf 87' lang='grc' dir='ltr'>οὐκ</span> <span class='ocrx_word' id='word_1_323' title='bbox 883 1442 933 1468; x_wconf 89' lang='grc' dir='ltr'>ἀλ-</span> 
     </span>
    </p>
   </div>
   <div class='ocr_carea' id='block_1_48' title="bbox 145 1487 932 1528">
    <p class='ocr_par' dir='ltr' id='par_1_48' title="bbox 145 1487 932 1528">
     <span class='ocr_line' id='line_1_48' title="bbox 145 1487 932 1528; baseline -0.008 -9"><span class='ocrx_word' id='word_1_324' title='bbox 145 1492 223 1526; x_wconf 82' lang='grc' dir='ltr'>γύνει</span> <span class='ocrx_word' id='word_1_325' title='bbox 236 1492 267 1518; x_wconf 78' lang='grc' dir='ltr'><strong>τὸ</strong></span> <span class='ocrx_word' id='word_1_326' title='bbox 287 1492 470 1528; x_wconf 78' lang='grc' dir='ltr'>κατηγόρημα</span> <span class='ocrx_word' id='word_1_327' title='bbox 483 1499 489 1506; x_wconf 88' lang='grc'><strong>·</strong></span> <span class='ocrx_word' id='word_1_328' title='bbox 508 1491 620 1526; x_wconf 81' lang='grc' dir='ltr'>φίλτρου</span> <span class='ocrx_word' id='word_1_329' title='bbox 634 1490 688 1525; x_wconf 85' lang='grc' dir='ltr'><strong>γὰρ</strong></span> <span class='ocrx_word' id='word_1_330' title='bbox 705 1487 872 1525; x_wconf 83' lang='grc' dir='ltr'>ὲμπύρευμά</span> <span class='ocrx_word' id='word_1_331' title='bbox 887 1495 932 1522; x_wconf 88' lang='grc' dir='ltr'><strong>μοι</strong></span> 
     </span>
    </p>
   </div>
   <div class='ocr_carea' id='block_1_49' title="bbox 145 1532 932 1572">
    <p class='ocr_par' dir='ltr' id='par_1_49' title="bbox 145 1532 932 1572">
     <span class='ocr_line' id='line_1_49' title="bbox 145 1532 932 1572; baseline -0.005 -9"><span class='ocrx_word' id='word_1_332' title='bbox 145 1536 306 1572; x_wconf 79' lang='grc' dir='ltr'>παραδηλοῖ.</span> <span class='ocrx_word' id='word_1_333' title='bbox 324 1537 405 1572; x_wconf 86' lang='grc' dir='ltr'>Ἔχου</span> <span class='ocrx_word' id='word_1_334' title='bbox 418 1536 508 1563; x_wconf 81' lang='grc' dir='ltr'>τοίνυν</span> <span class='ocrx_word' id='word_1_335' title='bbox 522 1537 572 1571; x_wconf 84' lang='grc' dir='ltr'>τῆς</span> <span class='ocrx_word' id='word_1_336' title='bbox 585 1535 684 1570; x_wconf 77' lang='grc' dir='ltr'>τέχνης</span> <span class='ocrx_word' id='word_1_337' title='bbox 694 1554 702 1566; x_wconf 86' lang='grc'><strong>,</strong></span> <span class='ocrx_word' id='word_1_338' title='bbox 721 1534 767 1561; x_wconf 77' lang='grc' dir='ltr'><strong>καὶ</strong></span> <span class='ocrx_word' id='word_1_339' title='bbox 782 1533 820 1569; x_wconf 81' lang='grc' dir='ltr'><strong>μὴ</strong></span> <span class='ocrx_word' id='word_1_340' title='bbox 841 1532 932 1567; x_wconf 80' lang='grc' dir='ltr'>παύσῃ</span> 
     </span>
    </p>
   </div>
   <div class='ocr_carea' id='block_1_50' title="bbox 1091 1107 1667 1145">
    <p class='ocr_par' dir='ltr' id='par_1_50' title="bbox 1091 1107 1667 1145">
     <span class='ocr_line' id='line_1_50' title="bbox 1091 1107 1667 1145; baseline 0.003 -11"><span class='ocrx_word' id='word_1_341' title='bbox 1091 1107 1207 1135; x_wconf 80' lang='lat' dir='ltr'><strong>XLVIII.</strong></span> <span class='ocrx_word' id='word_1_342' title='bbox 1225 1123 1259 1128; x_wconf 92' lang='lat'><strong>—-</strong></span> <span class='ocrx_word' id='word_1_343' title='bbox 1272 1109 1412 1137; x_wconf 76' lang='lat' dir='ltr'><strong>Eustathio</strong></span> <span class='ocrx_word' id='word_1_344' title='bbox 1427 1110 1546 1145; x_wconf 69' lang='lat' dir='ltr'><strong>episcopo</strong></span> <span class='ocrx_word' id='word_1_345' title='bbox 1566 1109 1667 1145; x_wconf 72' lang='lat' dir='ltr'><strong>Beryti.</strong></span> 
     </span>
    </p>
   </div>
   <div class='ocr_carea' id='block_1_51' title="bbox 1024 1165 1774 1201">
    <p class='ocr_par' dir='ltr' id='par_1_51' title="bbox 1024 1165 1774 1201">
     <span class='ocr_line' id='line_1_51' title="bbox 1024 1165 1774 1201; baseline 0.003 -9"><span class='ocrx_word' id='word_1_346' title='bbox 1024 1165 1236 1194; x_wconf 79' lang='lat' dir='ltr'><strong>Accusationem</strong></span> <span class='ocrx_word' id='word_1_347' title='bbox 1251 1174 1330 1201; x_wconf 74' lang='lat' dir='ltr'><strong>aequo</strong></span> <span class='ocrx_word' id='word_1_348' title='bbox 1344 1166 1436 1193; x_wconf 88' lang='lat' dir='ltr'><strong>animo</strong></span> <span class='ocrx_word' id='word_1_349' title='bbox 1458 1165 1563 1201; x_wconf 86' lang='lat' dir='ltr'><strong>accepi,</strong></span> <span class='ocrx_word' id='word_1_350' title='bbox 1590 1166 1642 1193; x_wconf 88' lang='lat' dir='ltr'><strong>etsi</strong></span> <span class='ocrx_word' id='word_1_351' title='bbox 1669 1166 1774 1194; x_wconf 89' lang='lat' dir='ltr'><strong>crimen</strong></span> 
     </span>
    </p>
   </div>
   <div class='ocr_carea' id='block_1_52' title="bbox 987 1212 1773 1248">
    <p class='ocr_par' dir='ltr' id='par_1_52' title="bbox 987 1212 1773 1248">
     <span class='ocr_line' id='line_1_52' title="bbox 987 1212 1773 1248; baseline 0.001 -10"><span class='ocrx_word' id='word_1_352' title='bbox 987 1216 1110 1246; x_wconf 88' lang='lat' dir='ltr'><strong>poteram</strong></span> <span class='ocrx_word' id='word_1_353' title='bbox 1125 1213 1202 1239; x_wconf 90' lang='lat' dir='ltr'><strong>nullo</strong></span> <span class='ocrx_word' id='word_1_354' title='bbox 1218 1212 1330 1248; x_wconf 80' lang='lat' dir='ltr'><strong>negotio</strong></span> <span class='ocrx_word' id='word_1_355' title='bbox 1342 1212 1478 1240; x_wconf 83' lang='lat' dir='ltr'><strong>refellere.</strong></span> <span class='ocrx_word' id='word_1_356' title='bbox 1499 1212 1602 1247; x_wconf 89' lang='lat' dir='ltr'><strong>Scripsi</strong></span> <span class='ocrx_word' id='word_1_357' title='bbox 1624 1212 1698 1239; x_wconf 88' lang='lat' dir='ltr'><strong>enim</strong></span> <span class='ocrx_word' id='word_1_358' title='bbox 1717 1220 1773 1239; x_wconf 88' lang='lat' dir='ltr'><strong>non</strong></span> 
     </span>
    </p>
   </div>
   <div class='ocr_carea' id='block_1_53' title="bbox 987 1258 1773 1293">
    <p class='ocr_par' dir='ltr' id='par_1_53' title="bbox 987 1258 1773 1293">
     <span class='ocr_line' id='line_1_53' title="bbox 987 1258 1773 1293; baseline -0.001 -8"><span class='ocrx_word' id='word_1_359' title='bbox 987 1262 1029 1286; x_wconf 87' lang='lat' dir='ltr'><strong>ter</strong></span> <span class='ocrx_word' id='word_1_360' title='bbox 1050 1258 1142 1291; x_wconf 91' lang='lat' dir='ltr'><strong>modo,</strong></span> <span class='ocrx_word' id='word_1_361' title='bbox 1173 1266 1269 1286; x_wconf 88' lang='lat' dir='ltr'><strong>verum</strong></span> <span class='ocrx_word' id='word_1_362' title='bbox 1294 1258 1377 1286; x_wconf 89' lang='lat' dir='ltr'><strong>etiam</strong></span> <span class='ocrx_word' id='word_1_363' title='bbox 1405 1262 1513 1293; x_wconf 81' lang='lat' dir='ltr'><strong>quater.</strong></span> <span class='ocrx_word' id='word_1_364' title='bbox 1537 1258 1659 1285; x_wconf 87' lang='lat' dir='ltr'><strong>Duorum</strong></span> <span class='ocrx_word' id='word_1_365' title='bbox 1682 1262 1773 1285; x_wconf 87' lang='lat' dir='ltr'><strong>autem</strong></span> 
     </span>
    </p>
   </div>
   <div class='ocr_carea' id='block_1_54' title="bbox 986 1303 1776 1339">
    <p class='ocr_par' dir='ltr' id='par_1_54' title="bbox 986 1303 1776 1339">
     <span class='ocr_line' id='line_1_54' title="bbox 986 1303 1776 1339; baseline -0.001 -8"><span class='ocrx_word' id='word_1_366' title='bbox 986 1305 1103 1332; x_wconf 81' lang='lat' dir='ltr'><strong>alterum</strong></span> <span class='ocrx_word' id='word_1_367' title='bbox 1120 1304 1256 1339; x_wconf 82' lang='lat' dir='ltr'><strong>suspicor,</strong></span> <span class='ocrx_word' id='word_1_368' title='bbox 1282 1305 1325 1332; x_wconf 87' lang='lat' dir='ltr'><strong>vel</strong></span> <span class='ocrx_word' id='word_1_369' title='bbox 1347 1312 1395 1331; x_wconf 88' lang='lat' dir='ltr'><strong>eos</strong></span> <span class='ocrx_word' id='word_1_370' title='bbox 1413 1304 1460 1339; x_wconf 90' lang='lat' dir='ltr'><strong>qui</strong></span> <span class='ocrx_word' id='word_1_371' title='bbox 1473 1304 1582 1331; x_wconf 87' lang='lat' dir='ltr'><strong>litteras</strong></span> <span class='ocrx_word' id='word_1_372' title='bbox 1596 1303 1776 1339; x_wconf 84' lang='lat' dir='ltr'><strong>perferendas</strong></span> 
     </span>
    </p>
   </div>
   <div class='ocr_carea' id='block_1_55' title="bbox 987 1349 1774 1385">
    <p class='ocr_par' dir='ltr' id='par_1_55' title="bbox 987 1349 1774 1385">
     <span class='ocr_line' id='line_1_55' title="bbox 987 1349 1774 1385; baseline -0.001 -8"><span class='ocrx_word' id='word_1_373' title='bbox 987 1354 1160 1384; x_wconf 85' lang='lat' dir='ltr'><strong>receperant,</strong></span> <span class='ocrx_word' id='word_1_374' title='bbox 1185 1357 1241 1377; x_wconf 90' lang='lat' dir='ltr'><strong>non</strong></span> <span class='ocrx_word' id='word_1_375' title='bbox 1266 1350 1408 1378; x_wconf 89' lang='lat' dir='ltr'><strong>reddendo</strong></span> <span class='ocrx_word' id='word_1_376' title='bbox 1435 1350 1564 1385; x_wconf 89' lang='lat' dir='ltr'><strong>injuriam</strong></span> <span class='ocrx_word' id='word_1_377' title='bbox 1589 1349 1697 1382; x_wconf 83' lang='lat' dir='ltr'><strong>fecisse,</strong></span> <span class='ocrx_word' id='word_1_378' title='bbox 1732 1350 1774 1377; x_wconf 80' lang='lat' dir='ltr'><strong>vel</strong></span> 
     </span>
    </p>
   </div>
   <div class='ocr_carea' id='block_1_56' title="bbox 986 1395 1773 1431">
    <p class='ocr_par' dir='ltr' id='par_1_56' title="bbox 986 1395 1773 1431">
     <span class='ocr_line' id='line_1_56' title="bbox 986 1395 1773 1431; baseline -0.001 -8"><span class='ocrx_word' id='word_1_379' title='bbox 986 1396 1117 1431; x_wconf 84' lang='lat' dir='ltr'><strong>pietatem</strong></span> <span class='ocrx_word' id='word_1_380' title='bbox 1130 1400 1216 1428; x_wconf 90' lang='lat' dir='ltr'><strong>tuam,</strong></span> <span class='ocrx_word' id='word_1_381' title='bbox 1228 1395 1272 1423; x_wconf 87' lang='lat' dir='ltr'><strong>his</strong></span> <span class='ocrx_word' id='word_1_382' title='bbox 1285 1396 1415 1431; x_wconf 84' lang='lat' dir='ltr'><strong>acceptis,</strong></span> <span class='ocrx_word' id='word_1_383' title='bbox 1425 1396 1499 1430; x_wconf 87' lang='lat' dir='ltr'><strong>quod</strong></span> <span class='ocrx_word' id='word_1_384' title='bbox 1514 1396 1607 1430; x_wconf 83' lang='lat' dir='ltr'><strong>plures</strong></span> <span class='ocrx_word' id='word_1_385' title='bbox 1622 1395 1773 1426; x_wconf 83' lang='lat' dir='ltr'><strong>desideret.</strong></span> 
     </span>
    </p>
   </div>
   <div class='ocr_carea' id='block_1_57' title="bbox 988 1441 1775 1477">
    <p class='ocr_par' dir='ltr' id='par_1_57' title="bbox 988 1441 1775 1477">
     <span class='ocr_line' id='line_1_57' title="bbox 988 1441 1775 1477; baseline 0.001 -9"><span class='ocrx_word' id='word_1_386' title='bbox 988 1441 1164 1477; x_wconf 69' lang='lat' dir='ltr'><strong>negligentiae</strong></span> <span class='ocrx_word' id='word_1_387' title='bbox 1180 1441 1261 1469; x_wconf 85' lang='lat' dir='ltr'><strong>nobis</strong></span> <span class='ocrx_word' id='word_1_388' title='bbox 1284 1441 1372 1468; x_wconf 87' lang='lat' dir='ltr'><strong>dicam</strong></span> <span class='ocrx_word' id='word_1_389' title='bbox 1387 1442 1550 1477; x_wconf 75' lang='lat' dir='ltr'><strong>impingere.</strong></span> <span class='ocrx_word' id='word_1_390' title='bbox 1576 1441 1617 1468; x_wconf 85' lang='lat' dir='ltr'><strong>Me</strong></span> <span class='ocrx_word' id='word_1_391' title='bbox 1647 1449 1725 1474; x_wconf 85' lang='lat' dir='ltr'><strong>vero,</strong></span> <span class='ocrx_word' id='word_1_392' title='bbox 1744 1446 1775 1469; x_wconf 84' lang='lat' dir='ltr'><strong>ut</strong></span> 
     </span>
    </p>
   </div>
   <div class='ocr_carea' id='block_1_58' title="bbox 987 1486 1774 1523">
    <p class='ocr_par' dir='ltr' id='par_1_58' title="bbox 987 1486 1774 1523">
     <span class='ocr_line' id='line_1_58' title="bbox 987 1486 1774 1523; baseline 0 -9"><span class='ocrx_word' id='word_1_393' title='bbox 987 1487 1054 1520; x_wconf 79' lang='lat' dir='ltr'><strong>dixi,</strong></span> <span class='ocrx_word' id='word_1_394' title='bbox 1075 1495 1130 1514; x_wconf 92' lang='lat' dir='ltr'><strong>non</strong></span> <span class='ocrx_word' id='word_1_395' title='bbox 1152 1487 1228 1523; x_wconf 77' lang='lat' dir='ltr'><strong>angit</strong></span> <span class='ocrx_word' id='word_1_396' title='bbox 1253 1488 1407 1514; x_wconf 85' lang='lat' dir='ltr'><strong>accusatio:</strong></span> <span class='ocrx_word' id='word_1_397' title='bbox 1427 1486 1587 1522; x_wconf 75' lang='lat' dir='ltr'><strong>ﬂagrantem</strong></span> <span class='ocrx_word' id='word_1_398' title='bbox 1608 1487 1683 1514; x_wconf 92' lang='lat' dir='ltr'><strong>enim</strong></span> <span class='ocrx_word' id='word_1_399' title='bbox 1705 1487 1774 1515; x_wconf 89' lang='lat' dir='ltr'><strong>mihi</strong></span> 
     </span>
    </p>
   </div>
   <div class='ocr_carea' id='block_1_59' title="bbox 987 1532 1774 1568">
    <p class='ocr_par' dir='ltr' id='par_1_59' title="bbox 987 1532 1774 1568">
     <span class='ocr_line' id='line_1_59' title="bbox 987 1532 1774 1568; baseline 0 -8"><span class='ocrx_word' id='word_1_400' title='bbox 987 1540 1108 1560; x_wconf 88' lang='lat' dir='ltr'><strong>amorem</strong></span> <span class='ocrx_word' id='word_1_401' title='bbox 1126 1533 1238 1560; x_wconf 84' lang='lat' dir='ltr'><strong>indicat.</strong></span> <span class='ocrx_word' id='word_1_402' title='bbox 1262 1532 1436 1568; x_wconf 87' lang='lat' dir='ltr'><strong>Quapropter</strong></span> <span class='ocrx_word' id='word_1_403' title='bbox 1452 1537 1510 1560; x_wconf 89' lang='lat' dir='ltr'><strong>arte</strong></span> <span class='ocrx_word' id='word_1_404' title='bbox 1535 1533 1574 1560; x_wconf 86' lang='lat' dir='ltr'><strong>uti</strong></span> <span class='ocrx_word' id='word_1_405' title='bbox 1605 1540 1697 1568; x_wconf 81' lang='lat' dir='ltr'><strong>perge,</strong></span> <span class='ocrx_word' id='word_1_406' title='bbox 1722 1541 1774 1560; x_wconf 86' lang='lat' dir='ltr'><strong>nec</strong></span> 
     </span>
    </p>
   </div>
   <div class='ocr_carea' id='block_1_60' title="bbox 144 1578 932 1618">
    <p class='ocr_par' dir='ltr' id='par_1_60' title="bbox 144 1578 932 1618">
     <span class='ocr_line' id='line_1_60' title="bbox 144 1578 932 1618; baseline -0.008 -8"><span class='ocrx_word' id='word_1_407' title='bbox 144 1583 329 1618; x_wconf 78' lang='grc' dir='ltr'>γραφόμενος,</span> <span class='ocrx_word' id='word_1_408' title='bbox 345 1583 393 1610; x_wconf 76' lang='grc' dir='ltr'>καὶ</span> <span class='ocrx_word' id='word_1_409' title='bbox 404 1582 455 1618; x_wconf 81' lang='grc' dir='ltr'>τὴν</span> <span class='ocrx_word' id='word_1_410' title='bbox 466 1581 594 1609; x_wconf 77' lang='grc' dir='ltr'>ὲντεῦθεν</span> <span class='ocrx_word' id='word_1_411' title='bbox 611 1582 679 1617; x_wconf 81' lang='grc' dir='ltr'>ἡμῖν</span> <span class='ocrx_word' id='word_1_412' title='bbox 699 1578 932 1616; x_wconf 83' lang='grc' dir='ltr'>πραγματευόμε-</span> 
     </span>
    </p>
   </div>
   <div class='ocr_carea' id='block_1_61' title="bbox 988 1578 1774 1618">
    <p class='ocr_par' dir='ltr' id='par_1_61' title="bbox 988 1578 1774 1614">
     <span class='ocr_line' id='line_1_61' title="bbox 988 1578 1774 1614; baseline 0.001 -9"><span class='ocrx_word' id='word_1_413' title='bbox 988 1578 1081 1605; x_wconf 88' lang='lat' dir='ltr'><strong>desine</strong></span> <span class='ocrx_word' id='word_1_414' title='bbox 1107 1586 1246 1610; x_wconf 84' lang='lat' dir='ltr'><strong>accusare,</strong></span> <span class='ocrx_word' id='word_1_415' title='bbox 1268 1582 1295 1605; x_wconf 88' lang='lat' dir='ltr'><strong>et</strong></span> <span class='ocrx_word' id='word_1_416' title='bbox 1310 1586 1392 1613; x_wconf 83' lang='lat' dir='ltr'><strong>quam</strong></span> <span class='ocrx_word' id='word_1_417' title='bbox 1409 1579 1473 1606; x_wconf 88' lang='lat' dir='ltr'><strong>inde</strong></span> <span class='ocrx_word' id='word_1_418' title='bbox 1498 1579 1622 1614; x_wconf 89' lang='lat' dir='ltr'><strong>capimus</strong></span> <span class='ocrx_word' id='word_1_419' title='bbox 1649 1579 1774 1614; x_wconf 80' lang='lat' dir='ltr'><strong>volupta-</strong></span> 
     </span>
    </p>
   </div>
   <div class='ocr_carea' id='block_1_62' title="bbox 144 1629 315 1664">
    <p class='ocr_par' dir='ltr' id='par_1_62' title="bbox 144 1629 315 1664">
     <span class='ocr_line' id='line_1_62' title="bbox 144 1629 315 1664; baseline -0.006 -8"><span class='ocrx_word' id='word_1_420' title='bbox 144 1637 189 1660; x_wconf 82' lang='grc' dir='ltr'><strong>νος</strong></span> <span class='ocrx_word' id='word_1_421' title='bbox 207 1629 315 1664; x_wconf 79' lang='grc' dir='ltr'>ἡδονήν.</span> 
     </span>
    </p>
   </div>
   <div class='ocr_carea' id='block_1_63' title="bbox 232 1690 842 1727">
    <p class='ocr_par' dir='ltr' id='par_1_63' title="bbox 232 1690 842 1727">
     <span class='ocr_line' id='line_1_63' title="bbox 232 1690 842 1727; baseline -0.005 -7"><span class='ocrx_word' id='word_1_422' title='bbox 232 1693 302 1720; x_wconf 75' lang='lat' dir='ltr'><strong>MG&#39;.</strong></span> <span class='ocrx_word' id='word_1_423' title='bbox 325 1708 361 1713; x_wconf 89' lang='lat'><strong>——</strong></span> <span class='ocrx_word' id='word_1_424' title='bbox 375 1692 510 1727; x_wconf 82' lang='grc' dir='ltr'>Δαμιανῷ</span> <span class='ocrx_word' id='word_1_425' title='bbox 527 1691 684 1724; x_wconf 77' lang='grc' dir='ltr'>ἐπισκὸπῳ</span> <span class='ocrx_word' id='word_1_426' title='bbox 703 1690 842 1723; x_wconf 81' lang='grc' dir='ltr'><strong>Σιδῶνος.</strong></span> 
     </span>
    </p>
   </div>
   <div class='ocr_carea' id='block_1_64' title="bbox 180 1746 935 1785">
    <p class='ocr_par' dir='ltr' id='par_1_64' title="bbox 180 1746 935 1785">
     <span class='ocr_line' id='line_1_64' title="bbox 180 1746 935 1785; baseline -0.008 -8"><span class='ocrx_word' id='word_1_427' title='bbox 180 1749 222 1777; x_wconf 82' lang='grc' dir='ltr'><strong>Τὰ</strong></span> <span class='ocrx_word' id='word_1_428' title='bbox 240 1749 381 1785; x_wconf 82' lang='grc' dir='ltr'>κάτοπτρα</span> <span class='ocrx_word' id='word_1_429' title='bbox 397 1749 451 1776; x_wconf 82' lang='grc' dir='ltr'>τῶν</span> <span class='ocrx_word' id='word_1_430' title='bbox 464 1748 632 1784; x_wconf 79' lang='grc' dir='ltr'>εἰσορώντων</span> <span class='ocrx_word' id='word_1_431' title='bbox 644 1748 694 1778; x_wconf 70' lang='grc' dir='ltr'><strong>τὰς</strong></span> <span class='ocrx_word' id='word_1_432' title='bbox 710 1747 785 1782; x_wconf 79' lang='grc' dir='ltr'>δψεις</span> <span class='ocrx_word' id='word_1_433' title='bbox 801 1746 935 1781; x_wconf 78' lang='grc' dir='ltr'>ἐκμάττε-</span> 
     </span>
    </p>
   </div>
   <div class='ocr_carea' id='block_1_65' title="bbox 146 1790 933 1829">
    <p class='ocr_par' dir='ltr' id='par_1_65' title="bbox 146 1790 933 1829">
     <span class='ocr_line' id='line_1_65' title="bbox 146 1790 933 1829; baseline -0.009 -6"><span class='ocrx_word' id='word_1_434' title='bbox 146 1796 208 1823; x_wconf 84' lang='grc' dir='ltr'>σθαι</span> <span class='ocrx_word' id='word_1_435' title='bbox 235 1795 367 1829; x_wconf 82' lang='grc' dir='ltr'>πέφυκεν.</span> <span class='ocrx_word' id='word_1_436' title='bbox 393 1795 424 1821; x_wconf 88' lang='grc' dir='ltr'>Οἱ</span> <span class='ocrx_word' id='word_1_437' title='bbox 450 1794 541 1820; x_wconf 82' lang='grc' dir='ltr'>τοίνυν</span> <span class='ocrx_word' id='word_1_438' title='bbox 562 1795 602 1825; x_wconf 73' lang='grc' dir='ltr'><strong>είς</strong></span> <span class='ocrx_word' id='word_1_439' title='bbox 619 1793 708 1820; x_wconf 81' lang='grc' dir='ltr'>ταῦτα</span> <span class='ocrx_word' id='word_1_440' title='bbox 722 1792 867 1828; x_wconf 83' lang='grc' dir='ltr'>βλέποντες</span> <span class='ocrx_word' id='word_1_441' title='bbox 883 1790 933 1821; x_wconf 70' lang='grc' dir='ltr'>τὰς</span> 
     </span>
    </p>
   </div>
   <div class='ocr_carea' id='block_1_66' title="bbox 144 1831 933 1876">
    <p class='ocr_par' dir='ltr' id='par_1_66' title="bbox 144 1831 933 1876">
     <span class='ocr_line' id='line_1_66' title="bbox 144 1831 933 1876; baseline -0.009 -8"><span class='ocrx_word' id='word_1_442' title='bbox 144 1842 247 1872; x_wconf 77' lang='grc' dir='ltr'>οἰκείας</span> <span class='ocrx_word' id='word_1_443' title='bbox 261 1831 345 1876; x_wconf 71' lang='grc' dir='ltr'>ὁρῶσι</span> <span class='ocrx_word' id='word_1_444' title='bbox 366 1839 482 1875; x_wconf 82' lang='grc' dir='ltr'>μορφάς.</span> <span class='ocrx_word' id='word_1_445' title='bbox 499 1839 587 1866; x_wconf 67' lang='lat' dir='ltr'><strong>Tauro</strong></span> <span class='ocrx_word' id='word_1_446' title='bbox 603 1839 632 1864; x_wconf 80' lang='grc' dir='ltr'>δὲ</span> <span class='ocrx_word' id='word_1_447' title='bbox 645 1832 726 1864; x_wconf 68' lang='grc' dir='ltr'>τοῦτο</span> <span class='ocrx_word' id='word_1_448' title='bbox 747 1837 794 1863; x_wconf 71' lang='grc' dir='ltr'>καὶ</span> <span class='ocrx_word' id='word_1_449' title='bbox 808 1837 836 1862; x_wconf 77' lang='grc' dir='ltr'><strong>αι</strong></span> <span class='ocrx_word' id='word_1_450' title='bbox 853 1836 933 1870; x_wconf 83' lang='grc' dir='ltr'>κόραι</span> 
     </span>
    </p>
   </div>
   <div class='ocr_carea' id='block_1_67' title="bbox 147 1881 935 1920">
    <p class='ocr_par' dir='ltr' id='par_1_67' title="bbox 147 1881 935 1920">
     <span class='ocr_line' id='line_1_67' title="bbox 147 1881 935 1920; baseline -0.008 -7"><span class='ocrx_word' id='word_1_451' title='bbox 147 1887 252 1913; x_wconf 79' lang='grc' dir='ltr'>ποιοῦσι</span> <span class='ocrx_word' id='word_1_452' title='bbox 268 1886 322 1913; x_wconf 85' lang='grc' dir='ltr'>τῶν</span> <span class='ocrx_word' id='word_1_453' title='bbox 339 1885 486 1920; x_wconf 79' lang='grc' dir='ltr'>ὀφθαλμῶν</span> <span class='ocrx_word' id='word_1_454' title='bbox 497 1893 504 1900; x_wconf 92' lang='grc'><strong>·</strong></span> <span class='ocrx_word' id='word_1_455' title='bbox 524 1885 587 1915; x_wconf 69' lang='grc' dir='ltr'>τοὺς</span> <span class='ocrx_word' id='word_1_456' title='bbox 600 1884 655 1918; x_wconf 83' lang='grc' dir='ltr'><strong>γάρ</strong></span> <span class='ocrx_word' id='word_1_457' title='bbox 672 1881 829 1918; x_wconf 81' lang='grc' dir='ltr'>ἀλλοτρίους</span> <span class='ocrx_word' id='word_1_458' title='bbox 847 1889 935 1916; x_wconf 85' lang='grc' dir='ltr'>χαρα-</span> 
     </span>
    </p>
   </div>
   <div class='ocr_carea' id='block_1_68' title="bbox 144 1924 934 1966">
    <p class='ocr_par' dir='ltr' id='par_1_68' title="bbox 144 1924 934 1966">
     <span class='ocr_line' id='line_1_68' title="bbox 144 1924 934 1966; baseline -0.009 -8"><span class='ocrx_word' id='word_1_459' title='bbox 144 1932 249 1966; x_wconf 78' lang='grc' dir='ltr'>κτῆρας</span> <span class='ocrx_word' id='word_1_460' title='bbox 264 1932 292 1957; x_wconf 85' lang='grc' dir='ltr'>ὲν</span> <span class='ocrx_word' id='word_1_461' title='bbox 310 1931 418 1961; x_wconf 79' lang='grc' dir='ltr'>ἑαυταῖς</span> <span class='ocrx_word' id='word_1_462' title='bbox 434 1928 592 1955; x_wconf 74' lang='grc' dir='ltr'>ὲκτυποῦσι.</span> <span class='ocrx_word' id='word_1_463' title='bbox 617 1927 728 1954; x_wconf 84' lang='grc' dir='ltr'>Τοιοῦτό</span> <span class='ocrx_word' id='word_1_464' title='bbox 743 1935 769 1953; x_wconf 83' lang='grc' dir='ltr'><strong>τι</strong></span> <span class='ocrx_word' id='word_1_465' title='bbox 793 1926 842 1952; x_wconf 73' lang='grc' dir='ltr'>καὶ</span> <span class='ocrx_word' id='word_1_466' title='bbox 866 1927 882 1960; x_wconf 86' lang='grc' dir='ltr'>ἡ</span> <span class='ocrx_word' id='word_1_467' title='bbox 900 1924 934 1959; x_wconf 83' lang='grc' dir='ltr'>σὴ</span> 
     </span>
    </p>
   </div>
   <div class='ocr_carea' id='block_1_69' title="bbox 145 1970 933 2009">
    <p class='ocr_par' dir='ltr' id='par_1_69' title="bbox 145 1970 933 2009">
     <span class='ocr_line' id='line_1_69' title="bbox 145 1970 933 2009; baseline -0.008 -7"><span class='ocrx_word' id='word_1_468' title='bbox 145 1975 278 2003; x_wconf 79' lang='grc' dir='ltr'>πέπονθεν</span> <span class='ocrx_word' id='word_1_469' title='bbox 297 1974 413 2009; x_wconf 80' lang='grc' dir='ltr'>ὁσιότης,</span> <span class='ocrx_word' id='word_1_470' title='bbox 427 1973 465 2000; x_wconf 79' lang='grc' dir='ltr'><strong>Οὐ</strong></span> <span class='ocrx_word' id='word_1_471' title='bbox 481 1973 535 2008; x_wconf 79' lang='grc' dir='ltr'><strong>γὰρ</strong></span> <span class='ocrx_word' id='word_1_472' title='bbox 545 1973 575 1999; x_wconf 75' lang='grc' dir='ltr'>τὸ</span> <span class='ocrx_word' id='word_1_473' title='bbox 591 1972 726 2007; x_wconf 82' lang='grc' dir='ltr'>ἡμέτερον</span> <span class='ocrx_word' id='word_1_474' title='bbox 741 1971 864 2006; x_wconf 75' lang='grc' dir='ltr'>ἑώρακεν</span> <span class='ocrx_word' id='word_1_475' title='bbox 877 1970 933 1996; x_wconf 76' lang='grc' dir='ltr'>εἱδ-</span> 
     </span>
    </p>
   </div>
   <div class='ocr_carea' id='block_1_70' title="bbox 145 2015 932 2054">
    <p class='ocr_par' dir='ltr' id='par_1_70' title="bbox 145 2015 932 2054">
     <span class='ocr_line' id='line_1_70' title="bbox 145 2015 932 2054; baseline -0.006 -8"><span class='ocrx_word' id='word_1_476' title='bbox 145 2020 233 2054; x_wconf 78' lang='grc' dir='ltr'>εχθὲς,</span> <span class='ocrx_word' id='word_1_477' title='bbox 249 2018 316 2046; x_wconf 89' lang='grc' dir='ltr'><strong>ἀλλά</strong></span> <span class='ocrx_word' id='word_1_478' title='bbox 327 2019 375 2054; x_wconf 82' lang='grc' dir='ltr'>τὴν</span> <span class='ocrx_word' id='word_1_479' title='bbox 388 2018 492 2045; x_wconf 80' lang='grc' dir='ltr'>οἰκείαν</span> <span class='ocrx_word' id='word_1_480' title='bbox 505 2017 580 2052; x_wconf 86' lang='grc' dir='ltr'>ὥραν</span> <span class='ocrx_word' id='word_1_481' title='bbox 595 2016 664 2043; x_wconf 81' lang='grc' dir='ltr'>εἶδεν</span> <span class='ocrx_word' id='word_1_482' title='bbox 675 2016 723 2043; x_wconf 71' lang='grc' dir='ltr'><strong>καὶ</strong></span> <span class='ocrx_word' id='word_1_483' title='bbox 747 2015 932 2050; x_wconf 79' lang='grc' dir='ltr'>τεθαύμακεν.</span> 
     </span>
    </p>
   </div>
   <div class='ocr_carea' id='block_1_71' title="bbox 151 2059 931 2100">
    <p class='ocr_par' dir='ltr' id='par_1_71' title="bbox 151 2059 931 2100">
     <span class='ocr_line' id='line_1_71' title="bbox 151 2059 931 2100; baseline -0.008 -9"><span class='ocrx_word' id='word_1_484' title='bbox 151 2065 228 2100; x_wconf 80' lang='grc' dir='ltr'>Ἐμοὶ</span> <span class='ocrx_word' id='word_1_485' title='bbox 242 2064 296 2100; x_wconf 75' lang='grc' dir='ltr'><strong>γὰρ</strong></span> <span class='ocrx_word' id='word_1_486' title='bbox 310 2064 386 2091; x_wconf 68' lang='grc' dir='ltr'>οὐδὲν</span> <span class='ocrx_word' id='word_1_487' title='bbox 402 2063 514 2090; x_wconf 81' lang='grc' dir='ltr'>ἐκείνων</span> <span class='ocrx_word' id='word_1_488' title='bbox 525 2061 563 2089; x_wconf 81' lang='grc' dir='ltr'><strong>ὧν</strong></span> <span class='ocrx_word' id='word_1_489' title='bbox 580 2063 695 2097; x_wconf 72' lang='grc' dir='ltr'>εἴρηκας</span> <span class='ocrx_word' id='word_1_490' title='bbox 708 2061 865 2096; x_wconf 83' lang='grc' dir='ltr'>πρόσεστιν,</span> <span class='ocrx_word' id='word_1_491' title='bbox 880 2059 931 2086; x_wconf 76' lang='grc' dir='ltr'><strong>Εὖ-</strong></span> 
     </span>
    </p>
   </div>
   <div class='ocr_carea' id='block_1_72' title="bbox 145 2106 933 2147">
    <p class='ocr_par' dir='ltr' id='par_1_72' title="bbox 145 2106 933 2147">
     <span class='ocr_line' id='line_1_72' title="bbox 145 2106 933 2147; baseline -0.009 -8"><span class='ocrx_word' id='word_1_492' title='bbox 145 2120 228 2147; x_wconf 84' lang='grc' dir='ltr'>χομαι</span> <span class='ocrx_word' id='word_1_493' title='bbox 238 2112 266 2138; x_wconf 74' lang='grc' dir='ltr'>δὲ</span> <span class='ocrx_word' id='word_1_494' title='bbox 278 2112 352 2146; x_wconf 83' lang='grc' dir='ltr'>ὅμως</span> <span class='ocrx_word' id='word_1_495' title='bbox 365 2111 427 2141; x_wconf 79' lang='grc' dir='ltr'>τοὺς</span> <span class='ocrx_word' id='word_1_496' title='bbox 442 2110 537 2144; x_wconf 80' lang='grc' dir='ltr'>λόγους</span> <span class='ocrx_word' id='word_1_497' title='bbox 547 2109 668 2140; x_wconf 78' lang='grc' dir='ltr'>ἐκείνους</span> <span class='ocrx_word' id='word_1_498' title='bbox 683 2106 866 2142; x_wconf 77' lang='grc' dir='ltr'>βεϐαιωθῆναί</span> <span class='ocrx_word' id='word_1_499' title='bbox 875 2107 933 2137; x_wconf 81' lang='grc' dir='ltr'>τοῖς</span> 
     </span>
    </p>
   </div>
   <div class='ocr_carea' id='block_1_73' title="bbox 145 2152 931 2193">
    <p class='ocr_par' dir='ltr' id='par_1_73' title="bbox 145 2152 931 2193">
     <span class='ocr_line' id='line_1_73' title="bbox 145 2152 931 2193; baseline -0.006 -10"><span class='ocrx_word' id='word_1_500' title='bbox 145 2157 249 2193; x_wconf 51' lang='grc' dir='ltr'>ἔργοις</span> <span class='ocrx_word' id='word_1_501' title='bbox 265 2155 397 2183; x_wconf 78' lang='grc' dir='ltr'>ἀντισολῶ</span> <span class='ocrx_word' id='word_1_502' title='bbox 409 2155 438 2182; x_wconf 75' lang='grc' dir='ltr'>δὲ</span> <span class='ocrx_word' id='word_1_503' title='bbox 454 2155 502 2181; x_wconf 78' lang='grc' dir='ltr'>καὶ</span> <span class='ocrx_word' id='word_1_504' title='bbox 514 2155 564 2187; x_wconf 87' lang='grc' dir='ltr'>τὴν</span> <span class='ocrx_word' id='word_1_505' title='bbox 579 2153 628 2189; x_wconf 85' lang='grc' dir='ltr'><strong>σὴν</strong></span> <span class='ocrx_word' id='word_1_506' title='bbox 644 2153 783 2188; x_wconf 81' lang='grc' dir='ltr'>φιλοθεῖαν</span> <span class='ocrx_word' id='word_1_507' title='bbox 810 2152 931 2187; x_wconf 77' lang='grc' dir='ltr'>ἐπαρκέ-</span> 
     </span>
    </p>
   </div>
   <div class='ocr_carea' id='block_1_74' title="bbox 147 2199 932 2238">
    <p class='ocr_par' dir='ltr' id='par_1_74' title="bbox 147 2199 932 2238">
     <span class='ocr_line' id='line_1_74' title="bbox 147 2199 932 2238; baseline -0.009 -7"><span class='ocrx_word' id='word_1_508' title='bbox 147 2213 190 2231; x_wconf 93' lang='grc' dir='ltr'><strong>σαι</strong></span> <span class='ocrx_word' id='word_1_509' title='bbox 202 2205 262 2234; x_wconf 80' lang='grc' dir='ltr'>ταῖς</span> <span class='ocrx_word' id='word_1_510' title='bbox 277 2203 451 2238; x_wconf 80' lang='grc' dir='ltr'>προσευχαῖς,</span> <span class='ocrx_word' id='word_1_511' title='bbox 467 2203 511 2228; x_wconf 80' lang='grc' dir='ltr'>ἵνα</span> <span class='ocrx_word' id='word_1_512' title='bbox 526 2201 564 2236; x_wconf 83' lang='grc' dir='ltr'>μὴ</span> <span class='ocrx_word' id='word_1_513' title='bbox 581 2200 735 2236; x_wconf 72' lang='grc' dir='ltr'>χωλεύωςιν</span> <span class='ocrx_word' id='word_1_514' title='bbox 754 2199 782 2226; x_wconf 80' lang='grc' dir='ltr'>αἱ</span> <span class='ocrx_word' id='word_1_515' title='bbox 798 2199 932 2234; x_wconf 73' lang='grc' dir='ltr'>εὐφημίαι</span> 
     </span>
    </p>
   </div>
   <div class='ocr_carea' id='block_1_75' title="bbox 144 2249 568 2284">
    <p class='ocr_par' dir='ltr' id='par_1_75' title="bbox 144 2249 568 2284">
     <span class='ocr_line' id='line_1_75' title="bbox 144 2249 568 2284; baseline -0.007 -8"><span class='ocrx_word' id='word_1_516' title='bbox 144 2249 194 2284; x_wconf 72' lang='grc' dir='ltr'>τῆς</span> <span class='ocrx_word' id='word_1_517' title='bbox 208 2249 336 2284; x_wconf 81' lang='grc' dir='ltr'>ἀληθείας</span> <span class='ocrx_word' id='word_1_518' title='bbox 349 2249 568 2282; x_wconf 82' lang='grc' dir='ltr'>γεγυμνωμέναι.</span> 
     </span>
    </p>
   </div>
   <div class='ocr_carea' id='block_1_76' title="bbox 291 2313 782 2348">
    <p class='ocr_par' dir='ltr' id='par_1_76' title="bbox 291 2313 782 2348">
     <span class='ocr_line' id='line_1_76' title="bbox 291 2313 782 2348; baseline -0.004 -7"><span class='ocrx_word' id='word_1_519' title='bbox 291 2314 333 2341; x_wconf 79' lang='lat' dir='ltr'><strong>N’.</strong></span> <span class='ocrx_word' id='word_1_520' title='bbox 348 2329 383 2334; x_wconf 89' lang='lat'><strong><em>—</em></strong></span> <span class='ocrx_word' id='word_1_521' title='bbox 398 2313 544 2348; x_wconf 80' lang='grc' dir='ltr'>Γερογτίῳ</span> <span class='ocrx_word' id='word_1_522' title='bbox 559 2313 782 2348; x_wconf 76' lang='grc' dir='ltr'>ἀρχιμανδρίτῃ.</span> 
     </span>
    </p>
   </div>
   <div class='ocr_carea' id='block_1_77' title="bbox 180 2369 931 2408">
    <p class='ocr_par' dir='ltr' id='par_1_77' title="bbox 180 2369 931 2408">
     <span class='ocr_line' id='line_1_77' title="bbox 180 2369 931 2408; baseline -0.009 -7"><span class='ocrx_word' id='word_1_523' title='bbox 180 2373 360 2408; x_wconf 78' lang='grc' dir='ltr'>Ζωγραφοῦσι</span> <span class='ocrx_word' id='word_1_524' title='bbox 371 2373 501 2404; x_wconf 84' lang='grc' dir='ltr'>πολλάκις</span> <span class='ocrx_word' id='word_1_525' title='bbox 512 2372 574 2403; x_wconf 68' lang='grc' dir='ltr'>τοὺς</span> <span class='ocrx_word' id='word_1_526' title='bbox 582 2371 636 2398; x_wconf 81' lang='grc' dir='ltr'>τῶν</span> <span class='ocrx_word' id='word_1_527' title='bbox 647 2370 740 2406; x_wconf 74' lang='grc' dir='ltr'>ψυχῶν</span> <span class='ocrx_word' id='word_1_528' title='bbox 752 2369 931 2406; x_wconf 84' lang='grc' dir='ltr'>χαρακτῆρας</span> 
     </span>
    </p>
   </div>
   <div class='ocr_carea' id='block_1_78' title="bbox 146 2414 931 2454">
    <p class='ocr_par' dir='ltr' id='par_1_78' title="bbox 146 2414 931 2454">
     <span class='ocr_line' id='line_1_78' title="bbox 146 2414 931 2454; baseline -0.006 -8"><span class='ocrx_word' id='word_1_529' title='bbox 146 2421 170 2447; x_wconf 74' lang='grc' dir='ltr'>οἱ</span> <span class='ocrx_word' id='word_1_530' title='bbox 183 2420 268 2454; x_wconf 85' lang='grc' dir='ltr'>λόγοι,</span> <span class='ocrx_word' id='word_1_531' title='bbox 283 2419 330 2446; x_wconf 77' lang='grc' dir='ltr'>καὶ</span> <span class='ocrx_word' id='word_1_532' title='bbox 351 2419 400 2450; x_wconf 78' lang='grc' dir='ltr'><strong>τάς</strong></span> <span class='ocrx_word' id='word_1_533' title='bbox 417 2418 550 2453; x_wconf 80' lang='grc' dir='ltr'>ἀοράτους</span> <span class='ocrx_word' id='word_1_534' title='bbox 570 2417 682 2444; x_wconf 76' lang='grc' dir='ltr'>ἐκείνων</span> <span class='ocrx_word' id='word_1_535' title='bbox 702 2416 773 2447; x_wconf 80' lang='grc' dir='ltr'>ἰδέας</span> <span class='ocrx_word' id='word_1_536' title='bbox 790 2414 931 2442; x_wconf 81' lang='grc' dir='ltr'>ἀποκαλύ-</span> 
     </span>
    </p>
   </div>
   <div class='ocr_carea' id='block_1_79' title="bbox 146 2462 933 2499">
    <p class='ocr_par' dir='ltr' id='par_1_79' title="bbox 146 2462 933 2499">
     <span class='ocr_line' id='line_1_79' title="bbox 146 2462 933 2499; baseline -0.006 -6"><span class='ocrx_word' id='word_1_537' title='bbox 146 2473 274 2493; x_wconf 79' lang='grc' dir='ltr'>πτουσιν·</span> <span class='ocrx_word' id='word_1_538' title='bbox 292 2464 386 2499; x_wconf 77' lang='grc' dir='ltr'>ὥσπερ</span> <span class='ocrx_word' id='word_1_539' title='bbox 399 2464 494 2499; x_wconf 81' lang='grc' dir='ltr'>ἀμέλει</span> <span class='ocrx_word' id='word_1_540' title='bbox 509 2463 555 2490; x_wconf 71' lang='grc' dir='ltr'>καὶ</span> <span class='ocrx_word' id='word_1_541' title='bbox 578 2463 625 2490; x_wconf 79' lang='grc' dir='ltr'>νῦν</span> <span class='ocrx_word' id='word_1_542' title='bbox 644 2463 694 2498; x_wconf 84' lang='grc' dir='ltr'>τῆς</span> <span class='ocrx_word' id='word_1_543' title='bbox 719 2462 770 2495; x_wconf 84' lang='grc' dir='ltr'>σῆς</span> <span class='ocrx_word' id='word_1_544' title='bbox 788 2462 933 2493; x_wconf 74' lang='grc' dir='ltr'>εὐσεϐείας</span> 
     </span>
    </p>
   </div>
   <div class='ocr_carea' id='block_1_80' title="bbox 143 2507 931 2547">
    <p class='ocr_par' dir='ltr' id='par_1_80' title="bbox 143 2507 931 2547">
     <span class='ocr_line' id='line_1_80' title="bbox 143 2507 931 2547; baseline -0.006 -9"><span class='ocrx_word' id='word_1_545' title='bbox 143 2511 178 2538; x_wconf 77' lang='grc' dir='ltr'><strong>τὰ</strong></span> <span class='ocrx_word' id='word_1_546' title='bbox 195 2511 346 2547; x_wconf 73' lang='grc' dir='ltr'>γράμματα</span> <span class='ocrx_word' id='word_1_547' title='bbox 368 2509 418 2544; x_wconf 77' lang='grc' dir='ltr'>τῆς</span> <span class='ocrx_word' id='word_1_548' title='bbox 433 2509 508 2545; x_wconf 75' lang='grc' dir='ltr'>ἱερᾶς</span> <span class='ocrx_word' id='word_1_549' title='bbox 535 2517 582 2536; x_wconf 91' lang='grc' dir='ltr'><strong>σου</strong></span> <span class='ocrx_word' id='word_1_550' title='bbox 604 2508 694 2543; x_wconf 73' lang='grc' dir='ltr'>ψυχῆς</span> <span class='ocrx_word' id='word_1_551' title='bbox 714 2507 856 2543; x_wconf 81' lang='grc' dir='ltr'>παρέδωκε</span> <span class='ocrx_word' id='word_1_552' title='bbox 880 2507 931 2542; x_wconf 86' lang='grc' dir='ltr'>τὴν</span> 
     </span>
    </p>
   </div>
   <div class='ocr_carea' id='block_1_81' title="bbox 145 2553 929 2590">
    <p class='ocr_par' dir='ltr' id='par_1_81' title="bbox 145 2553 929 2590">
     <span class='ocr_line' id='line_1_81' title="bbox 145 2553 929 2590; baseline -0.006 -6"><span class='ocrx_word' id='word_1_553' title='bbox 145 2557 296 2585; x_wconf 81' lang='grc' dir='ltr'>εὐσέὸειαν.</span> <span class='ocrx_word' id='word_1_554' title='bbox 310 2556 347 2583; x_wconf 69' lang='lat' dir='ltr'><strong>To</strong></span> <span class='ocrx_word' id='word_1_555' title='bbox 359 2555 413 2590; x_wconf 74' lang='grc' dir='ltr'><strong>γὰρ</strong></span> <span class='ocrx_word' id='word_1_556' title='bbox 426 2554 592 2590; x_wconf 77' lang='grc' dir='ltr'>προσμένειν</span> <span class='ocrx_word' id='word_1_557' title='bbox 617 2554 705 2580; x_wconf 68' lang='grc' dir='ltr'>ἐκεῖνο</span> <span class='ocrx_word' id='word_1_558' title='bbox 723 2553 753 2580; x_wconf 84' lang='grc' dir='ltr'><strong>τὺ</strong></span> <span class='ocrx_word' id='word_1_559' title='bbox 775 2553 929 2589; x_wconf 83' lang='grc' dir='ltr'>κριτήριον,</span> 
     </span>
    </p>
   </div>
   <div class='ocr_carea' id='block_1_82' title="bbox 146 2599 931 2638">
    <p class='ocr_par' dir='ltr' id='par_1_82' title="bbox 146 2599 931 2638">
     <span class='ocr_line' id='line_1_82' title="bbox 146 2599 931 2638; baseline -0.006 -8"><span class='ocrx_word' id='word_1_560' title='bbox 146 2604 193 2630; x_wconf 79' lang='grc' dir='ltr'>καὶ</span> <span class='ocrx_word' id='word_1_561' title='bbox 217 2602 375 2638; x_wconf 83' lang='grc' dir='ltr'>δειμαίνειν,</span> <span class='ocrx_word' id='word_1_562' title='bbox 399 2602 446 2628; x_wconf 83' lang='grc' dir='ltr'><strong>καὶ</strong></span> <span class='ocrx_word' id='word_1_563' title='bbox 474 2601 640 2636; x_wconf 86' lang='grc' dir='ltr'>συνηγόρους</span> <span class='ocrx_word' id='word_1_564' title='bbox 667 2601 856 2634; x_wconf 75' lang='grc' dir='ltr'>περισκοπεῖν,</span> <span class='ocrx_word' id='word_1_565' title='bbox 882 2599 931 2625; x_wconf 81' lang='grc' dir='ltr'><strong>καὶ</strong></span> 
     </span>
    </p>
   </div>
   <div class='ocr_carea' id='block_1_83' title="bbox 146 2645 930 2685">
    <p class='ocr_par' dir='ltr' id='par_1_83' title="bbox 146 2645 930 2685">
     <span class='ocr_line' id='line_1_83' title="bbox 146 2645 930 2685; baseline -0.008 -9"><span class='ocrx_word' id='word_1_566' title='bbox 146 2649 322 2685; x_wconf 79' lang='grc' dir='ltr'>προῦφαίνειν</span> <span class='ocrx_word' id='word_1_567' title='bbox 335 2648 494 2682; x_wconf 81' lang='grc' dir='ltr'>ἀπολογίαν,</span> <span class='ocrx_word' id='word_1_568' title='bbox 512 2648 642 2682; x_wconf 78' lang='grc' dir='ltr'>κηρύττει</span> <span class='ocrx_word' id='word_1_569' title='bbox 658 2645 750 2680; x_wconf 74' lang='grc' dir='ltr'>σαφῶς</span> <span class='ocrx_word' id='word_1_570' title='bbox 766 2647 816 2681; x_wconf 84' lang='grc' dir='ltr'>τῆς</span> <span class='ocrx_word' id='word_1_571' title='bbox 840 2645 930 2680; x_wconf 70' lang='grc' dir='ltr'>ψυχῆς</span> 
     </span>
    </p>
   </div>
   <div class='ocr_carea' id='block_1_84' title="bbox 145 2691 931 2732">
    <p class='ocr_par' dir='ltr' id='par_1_84' title="bbox 145 2691 931 2732">
     <span class='ocr_line' id='line_1_84' title="bbox 145 2691 931 2732; baseline -0.008 -10"><span class='ocrx_word' id='word_1_572' title='bbox 145 2697 194 2732; x_wconf 79' lang='grc' dir='ltr'>τὴν</span> <span class='ocrx_word' id='word_1_573' title='bbox 211 2695 276 2731; x_wconf 80' lang='grc' dir='ltr'>περὶ</span> <span class='ocrx_word' id='word_1_574' title='bbox 289 2695 323 2721; x_wconf 71' lang='grc' dir='ltr'>τὰ</span> <span class='ocrx_word' id='word_1_575' title='bbox 339 2695 398 2721; x_wconf 87' lang='grc' dir='ltr'>θεῖα</span> <span class='ocrx_word' id='word_1_576' title='bbox 419 2693 548 2728; x_wconf 72' lang='grc' dir='ltr'>σπουδήν.</span> <span class='ocrx_word' id='word_1_577' title='bbox 569 2693 665 2728; x_wconf 82' lang='grc' dir='ltr'>Ἡμεῖς</span> <span class='ocrx_word' id='word_1_578' title='bbox 685 2692 713 2718; x_wconf 80' lang='grc' dir='ltr'>δὲ</span> <span class='ocrx_word' id='word_1_579' title='bbox 737 2691 832 2722; x_wconf 81' lang='grc' dir='ltr'>νωθεῖς</span> <span class='ocrx_word' id='word_1_580' title='bbox 856 2699 931 2722; x_wconf 84' lang='grc' dir='ltr'>τινες</span> 
     </span>
    </p>
   </div>
   <div class='ocr_carea' id='block_1_85' title="bbox 145 2735 930 2774">
    <p class='ocr_par' dir='ltr' id='par_1_85' title="bbox 145 2735 930 2774">
     <span class='ocr_line' id='line_1_85' title="bbox 145 2735 930 2774; baseline -0.009 -6"><span class='ocrx_word' id='word_1_581' title='bbox 145 2740 192 2768; x_wconf 75' lang='grc' dir='ltr'><strong>καὶ</strong></span> <span class='ocrx_word' id='word_1_582' title='bbox 206 2739 329 2774; x_wconf 78' lang='grc' dir='ltr'>ὑπνηλοὶ,</span> <span class='ocrx_word' id='word_1_583' title='bbox 341 2739 388 2766; x_wconf 61' lang='grc' dir='ltr'><strong>καὶ⁹</strong></span> <span class='ocrx_word' id='word_1_584' title='bbox 403 2737 528 2774; x_wconf 73' lang='grc' dir='ltr'>ῥαστώνῃ</span> <span class='ocrx_word' id='word_1_585' title='bbox 545 2735 789 2771; x_wconf 72' lang='grc' dir='ltr'>συντεθραμμένοι,</span> <span class='ocrx_word' id='word_1_586' title='bbox 805 2736 853 2762; x_wconf 76' lang='grc' dir='ltr'><strong>καὶ</strong></span> <span class='ocrx_word' id='word_1_587' title='bbox 865 2735 930 2762; x_wconf 87' lang='grc' dir='ltr'>πολ-</span> 
     </span>
    </p>
   </div>
   <div class='ocr_carea' id='block_1_86' title="bbox 144 2781 930 2820">
    <p class='ocr_par' dir='ltr' id='par_1_86' title="bbox 144 2781 930 2820">
     <span class='ocr_line' id='line_1_86' title="bbox 144 2781 930 2820; baseline -0.004 -8"><span class='ocrx_word' id='word_1_588' title='bbox 144 2785 194 2820; x_wconf 84' lang='grc' dir='ltr'>λῆς</span> <span class='ocrx_word' id='word_1_589' title='bbox 210 2783 369 2820; x_wconf 80' lang='grc' dir='ltr'>προσευχῶν</span> <span class='ocrx_word' id='word_1_590' title='bbox 382 2784 542 2819; x_wconf 76' lang='grc' dir='ltr'>ἐπικουρίας</span> <span class='ocrx_word' id='word_1_591' title='bbox 555 2782 686 2818; x_wconf 83' lang='grc' dir='ltr'>δεόμενοι.</span> <span class='ocrx_word' id='word_1_592' title='bbox 706 2782 819 2818; x_wconf 81' lang='grc' dir='ltr'>Ὀρεξον</span> <span class='ocrx_word' id='word_1_593' title='bbox 839 2781 930 2809; x_wconf 85' lang='grc' dir='ltr'>τοίνυν</span> 
     </span>
    </p>
   </div>
   <div class='ocr_carea' id='block_1_87' title="bbox 144 2828 928 2864">
    <p class='ocr_par' dir='ltr' id='par_1_87' title="bbox 144 2828 928 2864">
     <span class='ocr_line' id='line_1_87' title="bbox 144 2828 928 2864; baseline -0.004 -6"><span class='ocrx_word' id='word_1_594' title='bbox 144 2831 259 2862; x_wconf 76' lang='grc' dir='ltr'>ταύτας,</span> <span class='ocrx_word' id='word_1_595' title='bbox 284 2829 484 2864; x_wconf 82' lang='grc' dir='ltr'>θεοφιλέστατε,</span> <span class='ocrx_word' id='word_1_596' title='bbox 501 2829 543 2855; x_wconf 90' lang='grc' dir='ltr'><strong>ῖνα</strong></span> <span class='ocrx_word' id='word_1_597' title='bbox 563 2829 756 2860; x_wconf 82' lang='grc' dir='ltr'>διαναστάντες</span> <span class='ocrx_word' id='word_1_598' title='bbox 775 2828 823 2855; x_wconf 85' lang='grc' dir='ltr'>νῦν</span> <span class='ocrx_word' id='word_1_599' title='bbox 852 2829 928 2863; x_wconf 78' lang='grc' dir='ltr'>γοῦν,</span> 
     </span>
    </p>
   </div>
   <div class='ocr_carea' id='block_1_88' title="bbox 145 2873 754 2912">
    <p class='ocr_par' dir='ltr' id='par_1_88' title="bbox 145 2873 754 2912">
     <span class='ocr_line' id='line_1_88' title="bbox 145 2873 754 2912; baseline -0.005 -8"><span class='ocrx_word' id='word_1_600' title='bbox 145 2875 302 2912; x_wconf 56' lang='grc' dir='ltr'>ἐπιμέλειάν</span> <span class='ocrx_word' id='word_1_601' title='bbox 321 2882 382 2900; x_wconf 85' lang='grc' dir='ltr'>τινα</span> <span class='ocrx_word' id='word_1_602' title='bbox 397 2874 447 2908; x_wconf 84' lang='grc' dir='ltr'>τῆς</span> <span class='ocrx_word' id='word_1_603' title='bbox 463 2873 552 2909; x_wconf 76' lang='grc' dir='ltr'>ψυχῆς</span> <span class='ocrx_word' id='word_1_604' title='bbox 565 2873 754 2909; x_wconf 82' lang='grc' dir='ltr'>ποιησώμεθα.</span> 
     </span>
    </p>
   </div>
   <div class='ocr_carea' id='block_1_89' title="bbox 264 2921 656 2954">
    <p class='ocr_par' dir='ltr' id='par_1_89' title="bbox 264 2921 656 2954">
     <span class='ocr_line' id='line_1_89' title="bbox 264 2921 656 2954; baseline -0.003 0"><span class='ocrx_word' id='word_1_605' title='bbox 264 2922 398 2954; x_wconf 71' lang='grc' dir='ltr'>ΡΑτιιοι..</span> <span class='ocrx_word' id='word_1_606' title='bbox 420 2921 477 2952; x_wconf 75' lang='lat' dir='ltr'><strong>Gn.</strong></span> <span class='ocrx_word' id='word_1_607' title='bbox 501 2921 656 2953; x_wconf 77' lang='lat' dir='ltr'><strong>LXXXIII.</strong></span> 
     </span>
    </p>
   </div>
   <div class='ocr_carea' id='block_1_90' title="bbox 988 1624 1169 1651">
    <p class='ocr_par' dir='ltr' id='par_1_90' title="bbox 988 1624 1169 1651">
     <span class='ocr_line' id='line_1_90' title="bbox 988 1624 1169 1651; baseline 0.006 -1"><span class='ocrx_word' id='word_1_608' title='bbox 988 1628 1043 1650; x_wconf 93' lang='lat' dir='ltr'><strong>tem</strong></span> <span class='ocrx_word' id='word_1_609' title='bbox 1059 1624 1169 1651; x_wconf 87' lang='lat' dir='ltr'><strong>elicere.</strong></span> 
     </span>
    </p>
   </div>
   <div class='ocr_carea' id='block_1_91' title="bbox 1040 1690 1716 1727">
    <p class='ocr_par' dir='ltr' id='par_1_91' title="bbox 1040 1690 1716 1727">
     <span class='ocr_line' id='line_1_91' title="bbox 1040 1690 1716 1727; baseline 0.003 -10"><span class='ocrx_word' id='word_1_610' title='bbox 1040 1690 1148 1725; x_wconf 72' lang='lat'><strong>1108</strong></span> <span class='ocrx_word' id='word_1_611' title='bbox 1158 1690 1252 1717; x_wconf 81' lang='lat' dir='ltr'><strong>XLIX.</strong></span> <span class='ocrx_word' id='word_1_612' title='bbox 1266 1706 1300 1710; x_wconf 98' lang='lat'>—</span> <span class='ocrx_word' id='word_1_613' title='bbox 1312 1691 1446 1718; x_wconf 83' lang='lat' dir='ltr'><strong>Damiano</strong></span> <span class='ocrx_word' id='word_1_614' title='bbox 1461 1692 1580 1727; x_wconf 71' lang='lat' dir='ltr'><strong>episcopo</strong></span> <span class='ocrx_word' id='word_1_615' title='bbox 1599 1692 1716 1719; x_wconf 78' lang='lat' dir='ltr'><strong>Sidonis.</strong></span> 
     </span>
    </p>
   </div>
   <div class='ocr_carea' id='block_1_92' title="bbox 1029 1746 1771 1782">
    <p class='ocr_par' dir='ltr' id='par_1_92' title="bbox 1029 1746 1771 1782">
     <span class='ocr_line' id='line_1_92' title="bbox 1029 1746 1771 1782; baseline 0.004 -9"><span class='ocrx_word' id='word_1_616' title='bbox 1029 1746 1124 1774; x_wconf 88' lang='lat' dir='ltr'><strong>Solent</strong></span> <span class='ocrx_word' id='word_1_617' title='bbox 1137 1746 1248 1781; x_wconf 85' lang='lat' dir='ltr'><strong>specula</strong></span> <span class='ocrx_word' id='word_1_618' title='bbox 1267 1746 1434 1774; x_wconf 87' lang='lat' dir='ltr'><strong>intuentium</strong></span> <span class='ocrx_word' id='word_1_619' title='bbox 1460 1747 1553 1774; x_wconf 84' lang='lat' dir='ltr'><strong>vultus</strong></span> <span class='ocrx_word' id='word_1_620' title='bbox 1565 1753 1771 1782; x_wconf 69' lang='lat' dir='ltr'><strong>repraesentare.</strong></span> 
     </span>
    </p>
   </div>
   <div class='ocr_carea' id='block_1_93' title="bbox 985 1792 1774 1828">
    <p class='ocr_par' dir='ltr' id='par_1_93' title="bbox 985 1792 1774 1828">
     <span class='ocr_line' id='line_1_93' title="bbox 985 1792 1774 1828; baseline 0.003 -9"><span class='ocrx_word' id='word_1_621' title='bbox 985 1792 1080 1826; x_wconf 89' lang='lat' dir='ltr'><strong>Itaque</strong></span> <span class='ocrx_word' id='word_1_622' title='bbox 1092 1792 1139 1827; x_wconf 90' lang='lat' dir='ltr'><strong>qui</strong></span> <span class='ocrx_word' id='word_1_623' title='bbox 1153 1792 1248 1819; x_wconf 89' lang='lat' dir='ltr'><strong>oculos</strong></span> <span class='ocrx_word' id='word_1_624' title='bbox 1263 1792 1291 1819; x_wconf 91' lang='lat' dir='ltr'><strong>in</strong></span> <span class='ocrx_word' id='word_1_625' title='bbox 1305 1792 1350 1819; x_wconf 92' lang='lat' dir='ltr'><strong>illa</strong></span> <span class='ocrx_word' id='word_1_626' title='bbox 1368 1792 1529 1827; x_wconf 84' lang='lat' dir='ltr'><strong>conjiciunt,</strong></span> <span class='ocrx_word' id='word_1_627' title='bbox 1556 1801 1619 1820; x_wconf 84' lang='lat' dir='ltr'><strong>suas</strong></span> <span class='ocrx_word' id='word_1_628' title='bbox 1642 1794 1694 1828; x_wconf 90' lang='lat' dir='ltr'><strong>ipsi</strong></span> <span class='ocrx_word' id='word_1_629' title='bbox 1718 1794 1774 1821; x_wconf 87' lang='lat' dir='ltr'><strong>for-</strong></span> 
     </span>
    </p>
   </div>
   <div class='ocr_carea' id='block_1_94' title="bbox 985 1837 1773 1873">
    <p class='ocr_par' dir='ltr' id='par_1_94' title="bbox 985 1837 1773 1873">
     <span class='ocr_line' id='line_1_94' title="bbox 985 1837 1773 1873; baseline 0.003 -9"><span class='ocrx_word' id='word_1_630' title='bbox 985 1846 1044 1865; x_wconf 85' lang='lat' dir='ltr'><strong>mas</strong></span> <span class='ocrx_word' id='word_1_631' title='bbox 1059 1837 1163 1865; x_wconf 87' lang='lat' dir='ltr'><strong>vident.</strong></span> <span class='ocrx_word' id='word_1_632' title='bbox 1179 1837 1237 1865; x_wconf 80' lang='lat' dir='ltr'><strong>Hoc</strong></span> <span class='ocrx_word' id='word_1_633' title='bbox 1252 1838 1324 1864; x_wconf 86' lang='lat' dir='ltr'><strong>idem</strong></span> <span class='ocrx_word' id='word_1_634' title='bbox 1337 1838 1420 1865; x_wconf 90' lang='lat' dir='ltr'><strong>etiam</strong></span> <span class='ocrx_word' id='word_1_635' title='bbox 1433 1842 1565 1873; x_wconf 70' lang='lat' dir='ltr'><strong>praestant</strong></span> <span class='ocrx_word' id='word_1_636' title='bbox 1576 1839 1686 1873; x_wconf 69' lang='lat' dir='ltr'><strong>pupilla:</strong></span> <span class='ocrx_word' id='word_1_637' title='bbox 1704 1847 1773 1866; x_wconf 85' lang='lat' dir='ltr'><strong>ocu-</strong></span> 
     </span>
    </p>
   </div>
   <div class='ocr_carea' id='block_1_95' title="bbox 983 1882 1773 1918">
    <p class='ocr_par' dir='ltr' id='par_1_95' title="bbox 983 1882 1773 1918">
     <span class='ocr_line' id='line_1_95' title="bbox 983 1882 1773 1918; baseline 0.001 -8"><span class='ocrx_word' id='word_1_638' title='bbox 983 1883 1093 1915; x_wconf 86' lang='lat' dir='ltr'><strong>lorum;</strong></span> <span class='ocrx_word' id='word_1_639' title='bbox 1114 1882 1218 1910; x_wconf 90' lang='lat' dir='ltr'><strong>alienas</strong></span> <span class='ocrx_word' id='word_1_640' title='bbox 1241 1883 1343 1918; x_wconf 86' lang='lat' dir='ltr'><strong>quippe</strong></span> <span class='ocrx_word' id='word_1_641' title='bbox 1373 1883 1474 1918; x_wconf 78' lang='lat' dir='ltr'><strong>figuras</strong></span> <span class='ocrx_word' id='word_1_642' title='bbox 1501 1883 1529 1910; x_wconf 95' lang='lat' dir='ltr'><strong>in</strong></span> <span class='ocrx_word' id='word_1_643' title='bbox 1544 1890 1573 1910; x_wconf 91' lang='lat' dir='ltr'><strong>se</strong></span> <span class='ocrx_word' id='word_1_644' title='bbox 1599 1883 1665 1917; x_wconf 89' lang='lat' dir='ltr'><strong>ipsis</strong></span> <span class='ocrx_word' id='word_1_645' title='bbox 1681 1884 1773 1918; x_wconf 78' lang='lat' dir='ltr'><strong>expri-</strong></span> 
     </span>
    </p>
   </div>
   <div class='ocr_carea' id='block_1_96' title="bbox 984 1928 1771 1963">
    <p class='ocr_par' dir='ltr' id='par_1_96' title="bbox 984 1928 1771 1963">
     <span class='ocr_line' id='line_1_96' title="bbox 984 1928 1771 1963; baseline 0.001 -8"><span class='ocrx_word' id='word_1_646' title='bbox 984 1933 1072 1955; x_wconf 91' lang='lat' dir='ltr'><strong>munt.</strong></span> <span class='ocrx_word' id='word_1_647' title='bbox 1086 1928 1152 1955; x_wconf 87' lang='lat' dir='ltr'><strong>&#39;l‘ale</strong></span> <span class='ocrx_word' id='word_1_648' title='bbox 1167 1928 1309 1963; x_wconf 89' lang='lat' dir='ltr'><strong>quidpiam</strong></span> <span class='ocrx_word' id='word_1_649' title='bbox 1322 1928 1415 1956; x_wconf 87' lang='lat' dir='ltr'><strong>evenit</strong></span> <span class='ocrx_word' id='word_1_650' title='bbox 1429 1931 1457 1956; x_wconf 87' lang='lat' dir='ltr'><strong>et</strong></span> <span class='ocrx_word' id='word_1_651' title='bbox 1474 1928 1613 1956; x_wconf 86' lang='lat' dir='ltr'><strong>sanctitati</strong></span> <span class='ocrx_word' id='word_1_652' title='bbox 1629 1933 1691 1956; x_wconf 67' lang='lat' dir='ltr'><strong>tuae.</strong></span> <span class='ocrx_word' id='word_1_653' title='bbox 1711 1929 1771 1956; x_wconf 88' lang='lat' dir='ltr'><strong>Non</strong></span> 
     </span>
    </p>
   </div>
   <div class='ocr_carea' id='block_1_97' title="bbox 984 1973 1770 2007">
    <p class='ocr_par' dir='ltr' id='par_1_97' title="bbox 984 1973 1770 2007">
     <span class='ocr_line' id='line_1_97' title="bbox 984 1973 1770 2007; baseline 0.003 -8"><span class='ocrx_word' id='word_1_654' title='bbox 984 1973 1059 2000; x_wconf 87' lang='lat' dir='ltr'><strong>enim</strong></span> <span class='ocrx_word' id='word_1_655' title='bbox 1072 1973 1274 2001; x_wconf 81' lang='lat' dir='ltr'><strong>deformitatem</strong></span> <span class='ocrx_word' id='word_1_656' title='bbox 1300 1978 1421 2000; x_wconf 89' lang='lat' dir='ltr'><strong>nostram</strong></span> <span class='ocrx_word' id='word_1_657' title='bbox 1447 1973 1604 2007; x_wconf 61' lang='lat' dir='ltr'><strong>conspexit:</strong></span> <span class='ocrx_word' id='word_1_658' title='bbox 1629 1974 1676 2000; x_wconf 92' lang='lat' dir='ltr'><strong>sed</strong></span> <span class='ocrx_word' id='word_1_659' title='bbox 1693 1982 1770 2001; x_wconf 86' lang='lat' dir='ltr'><strong>suam</strong></span> 
     </span>
    </p>
   </div>
   <div class='ocr_carea' id='block_1_98' title="bbox 986 2018 1770 2055">
    <p class='ocr_par' dir='ltr' id='par_1_98' title="bbox 986 2018 1770 2055">
     <span class='ocr_line' id='line_1_98' title="bbox 986 2018 1770 2055; baseline 0.004 -9"><span class='ocrx_word' id='word_1_660' title='bbox 986 2019 1072 2054; x_wconf 85' lang='lat' dir='ltr'><strong>ipsius</strong></span> <span class='ocrx_word' id='word_1_661' title='bbox 1096 2019 1331 2055; x_wconf 89' lang='lat' dir='ltr'><strong>pulchritudinem</strong></span> <span class='ocrx_word' id='word_1_662' title='bbox 1343 2019 1413 2046; x_wconf 78' lang='lat' dir='ltr'><strong>vidit</strong></span> <span class='ocrx_word' id='word_1_663' title='bbox 1440 2023 1469 2047; x_wconf 89' lang='lat' dir='ltr'><strong>et</strong></span> <span class='ocrx_word' id='word_1_664' title='bbox 1482 2018 1616 2047; x_wconf 89' lang='lat' dir='ltr'><strong>admirata</strong></span> <span class='ocrx_word' id='word_1_665' title='bbox 1630 2025 1682 2048; x_wconf 91' lang='lat' dir='ltr'><strong>est.</strong></span> <span class='ocrx_word' id='word_1_666' title='bbox 1702 2021 1770 2049; x_wconf 88' lang='lat' dir='ltr'><strong>Nam</strong></span> 
     </span>
    </p>
   </div>
   <div class='ocr_carea' id='block_1_99' title="bbox 984 2065 1771 2103">
    <p class='ocr_par' dir='ltr' id='par_1_99' title="bbox 984 2065 1771 2103">
     <span class='ocr_line' id='line_1_99' title="bbox 984 2065 1771 2103; baseline 0.004 -11"><span class='ocrx_word' id='word_1_667' title='bbox 984 2065 1052 2092; x_wconf 93' lang='lat' dir='ltr'><strong>mihi</strong></span> <span class='ocrx_word' id='word_1_668' title='bbox 1069 2065 1180 2100; x_wconf 90' lang='lat' dir='ltr'><strong>quidem</strong></span> <span class='ocrx_word' id='word_1_669' title='bbox 1195 2065 1265 2092; x_wconf 88' lang='lat' dir='ltr'><strong>nihil</strong></span> <span class='ocrx_word' id='word_1_670' title='bbox 1279 2073 1376 2093; x_wconf 90' lang='lat' dir='ltr'><strong>eorum</strong></span> <span class='ocrx_word' id='word_1_671' title='bbox 1388 2065 1460 2092; x_wconf 88' lang='lat' dir='ltr'><strong>inest</strong></span> <span class='ocrx_word' id='word_1_672' title='bbox 1475 2073 1536 2101; x_wconf 67' lang='lat' dir='ltr'><strong>qua:</strong></span> <span class='ocrx_word' id='word_1_673' title='bbox 1553 2066 1657 2094; x_wconf 85' lang='lat' dir='ltr'><strong>vidisti.</strong></span> <span class='ocrx_word' id='word_1_674' title='bbox 1683 2067 1771 2103; x_wconf 88' lang='lat' dir='ltr'><strong>Cupio</strong></span> 
     </span>
    </p>
   </div>
   <div class='ocr_carea' id='block_1_100' title="bbox 985 2111 1771 2148">
    <p class='ocr_par' dir='ltr' id='par_1_100' title="bbox 985 2111 1771 2148">
     <span class='ocr_line' id='line_1_100' title="bbox 985 2111 1771 2148; baseline 0.003 -9"><span class='ocrx_word' id='word_1_675' title='bbox 985 2117 1075 2139; x_wconf 89' lang='lat' dir='ltr'><strong>tamen</strong></span> <span class='ocrx_word' id='word_1_676' title='bbox 1090 2112 1173 2139; x_wconf 85' lang='lat' dir='ltr'><strong>verba</strong></span> <span class='ocrx_word' id='word_1_677' title='bbox 1199 2112 1250 2139; x_wconf 90' lang='lat' dir='ltr'><strong>ista</strong></span> <span class='ocrx_word' id='word_1_678' title='bbox 1279 2112 1363 2139; x_wconf 86' lang='lat' dir='ltr'><strong>rebus</strong></span> <span class='ocrx_word' id='word_1_679' title='bbox 1390 2111 1558 2144; x_wconf 84' lang='lat' dir='ltr'><strong>conﬁrmari,</strong></span> <span class='ocrx_word' id='word_1_680' title='bbox 1585 2112 1771 2148; x_wconf 86' lang='lat' dir='ltr'><strong>pietatemque</strong></span> 
     </span>
    </p>
   </div>
   <div class='ocr_carea' id='block_1_101' title="bbox 985 2157 1768 2193">
    <p class='ocr_par' dir='ltr' id='par_1_101' title="bbox 985 2157 1768 2193">
     <span class='ocr_line' id='line_1_101' title="bbox 985 2157 1768 2193; baseline 0 -7"><span class='ocrx_word' id='word_1_681' title='bbox 985 2163 1058 2186; x_wconf 90' lang='lat' dir='ltr'><strong>tuam</strong></span> <span class='ocrx_word' id='word_1_682' title='bbox 1069 2166 1128 2190; x_wconf 86' lang='lat' dir='ltr'><strong>oro,</strong></span> <span class='ocrx_word' id='word_1_683' title='bbox 1145 2162 1176 2185; x_wconf 93' lang='lat' dir='ltr'><strong>ut</strong></span> <span class='ocrx_word' id='word_1_684' title='bbox 1191 2157 1320 2193; x_wconf 82' lang='lat' dir='ltr'><strong>precibus</strong></span> <span class='ocrx_word' id='word_1_685' title='bbox 1340 2157 1451 2190; x_wconf 72' lang='lat' dir='ltr'><strong>efﬁciat,</strong></span> <span class='ocrx_word' id='word_1_686' title='bbox 1470 2165 1505 2185; x_wconf 89' lang='lat' dir='ltr'><strong>ne</strong></span> <span class='ocrx_word' id='word_1_687' title='bbox 1530 2158 1685 2186; x_wconf 82' lang='lat' dir='ltr'><strong>claudieent</strong></span> <span class='ocrx_word' id='word_1_688' title='bbox 1708 2159 1768 2186; x_wconf 88' lang='lat' dir='ltr'><strong>lau-</strong></span> 
     </span>
    </p>
   </div>
   <div class='ocr_carea' id='block_1_102' title="bbox 984 2204 1328 2232">
    <p class='ocr_par' dir='ltr' id='par_1_102' title="bbox 984 2204 1328 2232">
     <span class='ocr_line' id='line_1_102' title="bbox 984 2204 1328 2232; baseline -0.006 -1"><span class='ocrx_word' id='word_1_689' title='bbox 984 2205 1033 2232; x_wconf 89' lang='lat' dir='ltr'><strong>des</strong></span> <span class='ocrx_word' id='word_1_690' title='bbox 1048 2205 1165 2232; x_wconf 84' lang='lat' dir='ltr'><strong>veritate</strong></span> <span class='ocrx_word' id='word_1_691' title='bbox 1179 2204 1328 2231; x_wconf 82' lang='lat' dir='ltr'><strong>destitutae.</strong></span> 
     </span>
    </p>
   </div>
   <div class='ocr_carea' id='block_1_103' title="bbox 1136 2306 1674 2344">
    <p class='ocr_par' dir='ltr' id='par_1_103' title="bbox 1136 2306 1674 2344">
     <span class='ocr_line' id='line_1_103' title="bbox 1136 2306 1674 2344; baseline -0.007 0"><span class='ocrx_word' id='word_1_692' title='bbox 1136 2317 1167 2344; x_wconf 88' lang='lat' dir='ltr'><strong>L.</strong></span> <span class='ocrx_word' id='word_1_693' title='bbox 1183 2332 1218 2336; x_wconf 89' lang='lat'><strong><em>—</em></strong></span> <span class='ocrx_word' id='word_1_694' title='bbox 1231 2320 1238 2327; x_wconf 94' lang='lat'>&#39;</span> <span class='ocrx_word' id='word_1_695' title='bbox 1256 2315 1380 2343; x_wconf 77' lang='lat' dir='ltr'><strong>Gerontio</strong></span> <span class='ocrx_word' id='word_1_696' title='bbox 1391 2314 1616 2341; x_wconf 73' lang='lat' dir='ltr'><strong>archimandrittr.</strong></span> <span class='ocrx_word' id='word_1_697' title='bbox 1666 2306 1674 2310; x_wconf 39' lang='grc'><em>”</em></span> 
     </span>
    </p>
   </div>
   <div class='ocr_carea' id='block_1_104' title="bbox 1020 2371 1768 2407">
    <p class='ocr_par' dir='ltr' id='par_1_104' title="bbox 1020 2371 1768 2407">
     <span class='ocr_line' id='line_1_104' title="bbox 1020 2371 1768 2407; baseline -0.003 -6"><span class='ocrx_word' id='word_1_698' title='bbox 1020 2374 1179 2402; x_wconf 84' lang='lat' dir='ltr'><strong>Animarum</strong></span> <span class='ocrx_word' id='word_1_699' title='bbox 1207 2377 1286 2400; x_wconf 88' lang='lat' dir='ltr'><strong>notas</strong></span> <span class='ocrx_word' id='word_1_700' title='bbox 1301 2379 1491 2407; x_wconf 71' lang='lat' dir='ltr'><strong>srepenumero</strong></span> <span class='ocrx_word' id='word_1_701' title='bbox 1516 2371 1646 2406; x_wconf 78' lang='lat' dir='ltr'><strong>exprimit</strong></span> <span class='ocrx_word' id='word_1_702' title='bbox 1670 2372 1768 2404; x_wconf 89' lang='lat' dir='ltr'><strong>oratio,</strong></span> 
     </span>
    </p>
   </div>
   <div class='ocr_carea' id='block_1_105' title="bbox 983 2418 1770 2455">
    <p class='ocr_par' dir='ltr' id='par_1_105' title="bbox 983 2418 1770 2455">
     <span class='ocr_line' id='line_1_105' title="bbox 983 2418 1770 2455; baseline -0.004 -7"><span class='ocrx_word' id='word_1_703' title='bbox 983 2427 1011 2449; x_wconf 90' lang='lat' dir='ltr'><strong>et</strong></span> <span class='ocrx_word' id='word_1_704' title='bbox 1023 2422 1111 2448; x_wconf 90' lang='lat' dir='ltr'><strong>visum</strong></span> <span class='ocrx_word' id='word_1_705' title='bbox 1128 2420 1265 2455; x_wconf 76' lang='lat' dir='ltr'><strong>fugientes</strong></span> <span class='ocrx_word' id='word_1_706' title='bbox 1275 2419 1384 2446; x_wconf 88' lang='lat' dir='ltr'><strong>illarum</strong></span> <span class='ocrx_word' id='word_1_707' title='bbox 1406 2419 1513 2446; x_wconf 89' lang='lat' dir='ltr'><strong>formas</strong></span> <span class='ocrx_word' id='word_1_708' title='bbox 1529 2418 1658 2454; x_wconf 87' lang='lat' dir='ltr'><strong>patefacit</strong></span> <span class='ocrx_word' id='word_1_709' title='bbox 1672 2427 1678 2445; x_wconf 87' lang='lat'><strong>:</strong></span> <span class='ocrx_word' id='word_1_710' title='bbox 1697 2419 1770 2446; x_wconf 90' lang='lat' dir='ltr'><strong>sicut</strong></span> 
     </span>
    </p>
   </div>
   <div class='ocr_carea' id='block_1_106' title="bbox 984 2463 1766 2500">
    <p class='ocr_par' dir='ltr' id='par_1_106' title="bbox 984 2463 1766 2500">
     <span class='ocr_line' id='line_1_106' title="bbox 984 2463 1766 2500; baseline -0.004 -7"><span class='ocrx_word' id='word_1_711' title='bbox 984 2474 1057 2493; x_wconf 89' lang='lat' dir='ltr'><strong>nunc</strong></span> <span class='ocrx_word' id='word_1_712' title='bbox 1072 2465 1198 2500; x_wconf 85' lang='lat' dir='ltr'><strong>profecto</strong></span> <span class='ocrx_word' id='word_1_713' title='bbox 1214 2464 1351 2499; x_wconf 72' lang='lat' dir='ltr'><strong>religioste</strong></span> <span class='ocrx_word' id='word_1_714' title='bbox 1364 2463 1463 2491; x_wconf 60' lang='lat' dir='ltr'><strong>litterae</strong></span> <span class='ocrx_word' id='word_1_715' title='bbox 1481 2467 1533 2491; x_wconf 64' lang='lat' dir='ltr'><strong>tua:</strong></span> <span class='ocrx_word' id='word_1_716' title='bbox 1546 2464 1676 2498; x_wconf 72' lang='lat' dir='ltr'><strong>pietatem</strong></span> <span class='ocrx_word' id='word_1_717' title='bbox 1691 2467 1766 2491; x_wconf 87' lang='lat' dir='ltr'><strong>tuam</strong></span> 
     </span>
    </p>
   </div>
   <div class='ocr_carea' id='block_1_107' title="bbox 983 2510 1769 2544">
    <p class='ocr_par' dir='ltr' id='par_1_107' title="bbox 983 2510 1769 2544">
     <span class='ocr_line' id='line_1_107' title="bbox 983 2510 1769 2544; baseline -0.004 -5"><span class='ocrx_word' id='word_1_718' title='bbox 983 2513 1178 2540; x_wconf 80' lang='lat' dir='ltr'><strong>exhibuerunt.</strong></span> <span class='ocrx_word' id='word_1_719' title='bbox 1193 2511 1303 2539; x_wconf 86' lang='lat' dir='ltr'><strong>Etenim</strong></span> <span class='ocrx_word' id='word_1_720' title='bbox 1323 2511 1442 2538; x_wconf 91' lang='lat' dir='ltr'><strong>tribunal</strong></span> <span class='ocrx_word' id='word_1_721' title='bbox 1460 2510 1526 2537; x_wconf 93' lang='lat' dir='ltr'><strong>illud</strong></span> <span class='ocrx_word' id='word_1_722' title='bbox 1548 2515 1719 2544; x_wconf 78' lang='lat' dir='ltr'><strong>exspectare,</strong></span> <span class='ocrx_word' id='word_1_723' title='bbox 1740 2515 1769 2537; x_wconf 89' lang='lat' dir='ltr'><strong>ct</strong></span> 
     </span>
    </p>
   </div>
   <div class='ocr_carea' id='block_1_108' title="bbox 984 2555 1769 2590">
    <p class='ocr_par' dir='ltr' id='par_1_108' title="bbox 984 2555 1769 2590">
     <span class='ocr_line' id='line_1_108' title="bbox 984 2555 1769 2590; baseline -0.004 -5"><span class='ocrx_word' id='word_1_724' title='bbox 984 2558 1092 2590; x_wconf 87' lang='lat' dir='ltr'><strong>timere,</strong></span> <span class='ocrx_word' id='word_1_725' title='bbox 1105 2561 1133 2584; x_wconf 87' lang='lat' dir='ltr'><strong>et</strong></span> <span class='ocrx_word' id='word_1_726' title='bbox 1151 2557 1299 2584; x_wconf 88' lang='lat' dir='ltr'><strong>advocatos</strong></span> <span class='ocrx_word' id='word_1_727' title='bbox 1312 2563 1448 2590; x_wconf 65' lang='lat' dir='ltr'><strong>quaarere,</strong></span> <span class='ocrx_word' id='word_1_728' title='bbox 1466 2561 1493 2583; x_wconf 89' lang='lat' dir='ltr'><strong>et</strong></span> <span class='ocrx_word' id='word_1_729' title='bbox 1518 2555 1706 2582; x_wconf 89' lang='lat' dir='ltr'><strong>defensionem</strong></span> <span class='ocrx_word' id='word_1_730' title='bbox 1721 2563 1769 2590; x_wconf 91' lang='lat' dir='ltr'><strong>pa-</strong></span> 
     </span>
    </p>
   </div>
   <div class='ocr_carea' id='block_1_109' title="bbox 983 2600 1768 2635">
    <p class='ocr_par' dir='ltr' id='par_1_109' title="bbox 983 2600 1768 2635">
     <span class='ocr_line' id='line_1_109' title="bbox 983 2600 1768 2635; baseline -0.003 -5"><span class='ocrx_word' id='word_1_731' title='bbox 983 2611 1054 2635; x_wconf 87' lang='lat' dir='ltr'><strong>rare,</strong></span> <span class='ocrx_word' id='word_1_732' title='bbox 1085 2602 1230 2630; x_wconf 84' lang='lat' dir='ltr'><strong>sollicitam</strong></span> <span class='ocrx_word' id='word_1_733' title='bbox 1255 2601 1289 2629; x_wconf 90' lang='lat' dir='ltr'><strong>de</strong></span> <span class='ocrx_word' id='word_1_734' title='bbox 1307 2601 1391 2628; x_wconf 89' lang='lat' dir='ltr'><strong>rebus</strong></span> <span class='ocrx_word' id='word_1_735' title='bbox 1408 2600 1510 2628; x_wconf 85' lang='lat' dir='ltr'><strong>divinis</strong></span> <span class='ocrx_word' id='word_1_736' title='bbox 1535 2600 1653 2627; x_wconf 90' lang='lat' dir='ltr'><strong>animam</strong></span> <span class='ocrx_word' id='word_1_737' title='bbox 1674 2606 1768 2635; x_wconf 86' lang='lat' dir='ltr'><strong>aperte</strong></span> 
     </span>
    </p>
   </div>
   <div class='ocr_carea' id='block_1_110' title="bbox 983 2645 1767 2682">
    <p class='ocr_par' dir='ltr' id='par_1_110' title="bbox 983 2645 1767 2682">
     <span class='ocr_line' id='line_1_110' title="bbox 983 2645 1767 2682; baseline -0.006 -5"><span class='ocrx_word' id='word_1_738' title='bbox 983 2650 1185 2678; x_wconf 84' lang='lat' dir='ltr'><strong>demonstrant.</strong></span> <span class='ocrx_word' id='word_1_739' title='bbox 1200 2648 1256 2676; x_wconf 83' lang='lat' dir='ltr'><strong>Nos</strong></span> <span class='ocrx_word' id='word_1_740' title='bbox 1282 2655 1348 2675; x_wconf 88' lang='lat' dir='ltr'><strong>vero</strong></span> <span class='ocrx_word' id='word_1_741' title='bbox 1370 2654 1466 2682; x_wconf 75' lang='lat' dir='ltr'><strong>segnes</strong></span> <span class='ocrx_word' id='word_1_742' title='bbox 1483 2651 1511 2673; x_wconf 88' lang='lat' dir='ltr'><strong>et</strong></span> <span class='ocrx_word' id='word_1_743' title='bbox 1539 2645 1714 2677; x_wconf 88' lang='lat' dir='ltr'><strong>somnolenti,</strong></span> <span class='ocrx_word' id='word_1_744' title='bbox 1734 2653 1767 2673; x_wconf 91' lang='lat' dir='ltr'><strong>ac</strong></span> 
     </span>
    </p>
   </div>
   <div class='ocr_carea' id='block_1_111' title="bbox 983 2691 1766 2729">
    <p class='ocr_par' dir='ltr' id='par_1_111' title="bbox 983 2691 1766 2729">
     <span class='ocr_line' id='line_1_111' title="bbox 983 2691 1766 2729; baseline -0.008 -6"><span class='ocrx_word' id='word_1_745' title='bbox 983 2696 1088 2724; x_wconf 61' lang='lat' dir='ltr'><strong>inertia‘.</strong></span> <span class='ocrx_word' id='word_1_746' title='bbox 1099 2695 1213 2726; x_wconf 84' lang='lat' dir='ltr'><strong>assueti,</strong></span> <span class='ocrx_word' id='word_1_747' title='bbox 1231 2698 1260 2722; x_wconf 86' lang='lat' dir='ltr'><strong>et</strong></span> <span class='ocrx_word' id='word_1_748' title='bbox 1274 2701 1373 2729; x_wconf 78' lang='lat' dir='ltr'><strong>magno</strong></span> <span class='ocrx_word' id='word_1_749' title='bbox 1389 2700 1503 2728; x_wconf 90' lang='lat' dir='ltr'><strong>precum</strong></span> <span class='ocrx_word' id='word_1_750' title='bbox 1521 2691 1624 2718; x_wconf 80' lang='lat' dir='ltr'><strong>auxilio</strong></span> <span class='ocrx_word' id='word_1_751' title='bbox 1641 2695 1766 2726; x_wconf 77' lang='lat' dir='ltr'><strong>egentes.</strong></span> 
     </span>
    </p>
   </div>
   <div class='ocr_carea' id='block_1_112' title="bbox 981 2735 1766 2773">
    <p class='ocr_par' dir='ltr' id='par_1_112' title="bbox 981 2735 1766 2773">
     <span class='ocr_line' id='line_1_112' title="bbox 981 2735 1766 2773; baseline -0.003 -7"><span class='ocrx_word' id='word_1_752' title='bbox 981 2740 1071 2773; x_wconf 85' lang='lat' dir='ltr'><strong>Quare</strong></span> <span class='ocrx_word' id='word_1_753' title='bbox 1093 2739 1152 2773; x_wconf 55' lang='lat' dir='ltr'><strong>ha;</strong></span> <span class='ocrx_word' id='word_1_754' title='bbox 1161 2739 1241 2766; x_wconf 87' lang='lat' dir='ltr'><strong>nobis</strong></span> <span class='ocrx_word' id='word_1_755' title='bbox 1268 2738 1425 2773; x_wconf 86' lang='lat' dir='ltr'><strong>suppedita,</strong></span> <span class='ocrx_word' id='word_1_756' title='bbox 1450 2736 1498 2764; x_wconf 90' lang='lat' dir='ltr'><strong>Dei</strong></span> <span class='ocrx_word' id='word_1_757' title='bbox 1516 2735 1714 2766; x_wconf 87' lang='lat' dir='ltr'><strong>amantissime.</strong></span> <span class='ocrx_word' id='word_1_758' title='bbox 1736 2741 1766 2764; x_wconf 83' lang='lat' dir='ltr'><strong>ut</strong></span> 
     </span>
    </p>
   </div>
   <div class='ocr_carea' id='block_1_113' title="bbox 981 2783 1758 2821">
    <p class='ocr_par' dir='ltr' id='par_1_113' title="bbox 981 2783 1758 2821">
     <span class='ocr_line' id='line_1_113' title="bbox 981 2783 1758 2821; baseline -0.005 -7"><span class='ocrx_word' id='word_1_759' title='bbox 981 2793 1055 2814; x_wconf 89' lang='lat' dir='ltr'><strong>nunc</strong></span> <span class='ocrx_word' id='word_1_760' title='bbox 1067 2786 1164 2814; x_wconf 86' lang='lat' dir='ltr'><strong>saltem</strong></span> <span class='ocrx_word' id='word_1_761' title='bbox 1182 2785 1343 2821; x_wconf 72' lang='lat' dir='ltr'><strong>cvigilantes</strong></span> <span class='ocrx_word' id='word_1_762' title='bbox 1354 2784 1473 2820; x_wconf 85' lang='lat' dir='ltr'><strong>aliquam</strong></span> <span class='ocrx_word' id='word_1_763' title='bbox 1487 2783 1584 2810; x_wconf 83' lang='lat' dir='ltr'><strong>animae</strong></span> <span class='ocrx_word' id='word_1_764' title='bbox 1610 2789 1704 2810; x_wconf 86' lang='lat' dir='ltr'><strong>curam</strong></span> <span class='ocrx_word' id='word_1_765' title='bbox 1714 2789 1758 2819; x_wconf 73' lang='lat' dir='ltr'><strong>ge-</strong></span> 
     </span>
    </p>
   </div>
   <div class='ocr_carea' id='block_1_114' title="bbox 982 2839 1083 2860">
    <p class='ocr_par' dir='ltr' id='par_1_114' title="bbox 982 2839 1083 2860">
     <span class='ocr_line' id='line_1_114' title="bbox 982 2839 1083 2860; baseline 0 -1"><span class='ocrx_word' id='word_1_766' title='bbox 982 2839 1083 2860; x_wconf 86' lang='lat' dir='ltr'><strong>ramus.</strong></span> 
     </span>
    </p>
   </div>
   <div class='ocr_carea' id='block_1_115' title="bbox 1537 2920 1572 2950">
    <p class='ocr_par' dir='ltr' id='par_1_115' title="bbox 1537 2920 1572 2950">
     <span class='ocr_line' id='line_1_115' title="bbox 1537 2920 1572 2950; baseline 0 0"><span class='ocrx_word' id='word_1_767' title='bbox 1537 2920 1572 2950; x_wconf 80' lang='lat'><strong>39</strong></span> 
     </span>
    </p>
   </div>
  </div>
