1962 3051
413 221 456 249 LI.
470 237 504 241 ——
520 221 621 257 Agapto
634 222 783 256 presbytero

249 274 417 304 Admiranda
446 277 556 312 quidem
576 282 640 304 sunt
665 278 723 312 ipsa
751 285 800 312 per
815 284 844 304 se
869 277 997 311 praeclara

212 330 294 356 Opera
314 322 439 348 virtutis:
458 322 506 349 sed
528 322 733 349 admirabiliora
750 322 891 353 videntur,
905 322 928 348 si
943 321 997 348 lin-

213 375 293 401 {tuam
311 370 390 393 nacta
423 367 529 401 1109
553 367 618 400 sitit,
634 376 694 401 qua:
719 371 815 394 ornate
838 367 882 394 illa
904 366 996 400 eloqui

214 412 310 446 possit.
327 411 449 444 Quorum
463 417 591 439 neutrum
624 413 710 440 defuit
736 413 925 440 amantissimo
949 412 997 439 Dei

213 457 342 492 episcopo
365 457 478 485 domino
500 459 622 486 Thom-.e.
647 460 714 486 Nam
742 464 768 486 et
791 464 934 494 susceptos
949 467 998 493 pro

213 504 314 537 pietate
331 503 438 531 labores
452 504 509 538 ipse
530 505 658 536 contulit,
685 510 713 531 et
727 513 788 539 qum
819 505 926 532 labores
948 511 997 538 pro

213 549 346 583 dignitate
387 549 530 582 laudaret,
562 550 718 585 religiosam
752 551 849 577 habuit
877 550 997 584 linguam

214 600 299 621 tuam.
318 595 394 621 lllum
414 603 480 622 vero
498 604 547 622 nos
562 596 608 622 tali
632 604 694 622 cum
714 596 871 623 testimOnio
886 595 998 622 venien-

212 643 266 665 tem
281 639 399 666 vidimus
412 640 572 674 jucundius,
597 641 712 675 ejusque
736 641 813 667 brevi
840 641 874 667 ad
889 644 998 674 tempus

213 684 254 710 nsi
268 692 427 719 congressu,
442 685 475 711 ad
488 685 538 712 sibi
552 686 724 713 commissam
743 686 908 713 dimisimus.

400 795 455 822 LII.
472 811 506 815 —
520 795 574 823 Iba:
588 797 705 832 episcopo
719 797 820 824 Edam.

245 849 403 881 Communi,
414 851 523 884 opinor,
536 851 658 878 omnium
672 852 752 879 saluti
774 853 920 880 consulens
934 854 995 880 uni-

706 165 951 196 THEODORETI
971 164 1138 194 EPISCOPI
1159 165 1341 194 CYRENSIS

1766 165 1836 199 1228

1205 221 1269 247 NA’.
1285 235 1319 240 —
1341 220 1465 255 ’Λγαπίῳ
1479 219 1677 254 πρεσϐυτέρῳ.

1092 277 1257 311 Ἀξιάγαστα
1284 276 1332 311 μὲν
1357 276 1428 303 αὐτὰ
1453 274 1599 303 καθ’ἀὺτα
1615 278 1664 311 τῆς
1677 277 1778 311 ἀρετῆς
1803 276 1837 302 τά

1050 321 1264 357 κατορθώματα·
1284 321 1503 356 ἀξιαγαστότερα
1524 322 1552 348 δὲ
1569 321 1692 356 φαίνεται
1714 322 1836 356 γλώττης

1050 367 1223 401 ἐπιτυχόντα,
1241 367 1394 402 διηγεῖσθαι
1412 366 1548 402 λαμπρῶς
1575 367 1645 393 αὐτὰ
1669 366 1834 401 δυναμένης.

1049 411 1158 438 Τούτων
1177 411 1317 446 οὐδετέρου
1338 411 1487 446 διήμαρτεν
1510 412 1524 437 ό
1549 410 1755 446 θεοφιλέστατος
1778 411 1837 437 ἐπί-

1049 466 1150 489 σκοπος
1165 458 1178 484 ὁ
1206 456 1299 491 κύριος
1319 457 1438 491 Θωμᾶςθ
1465 456 1533 483 ἀλλὰ
1555 457 1618 488 τοὺς
1639 456 1688 491 μὲν
1705 456 1775 491 ὑπὲρ
1786 458 1836 490 τῆς

1049 503 1188 534 εὐσεϐείας
1198 502 1278 533 αὐτὸς
1289 502 1443 537 εἰσενήνοχε
1456 502 1552 533 πόνους
1561 510 1567 516 ·
1581 501 1642 536 ἔσχε
1653 501 1680 528 δὲ
1692 502 1739 528 καὶ
1751 501 1836 535 γλῶτ-

1048 558 1096 576 ταν
1116 548 1280 575 ἐπαινοῦσαν
1308 547 1390 579 ἀξίως
1411 548 1475 578 τοὺς
1499 548 1608 579 πόνους,
1628 547 1678 581 τῆς
1693 549 1742 582 σῆς
1761 548 1837 582 φιλο-

1049 595 1133 626 θεῗας.
1156 594 1250 628 Ἡμεῖς
1264 593 1291 620 δὲ
1302 593 1382 619 αὐτὸν
1393 593 1468 627 ἥδιον
1482 593 1655 627 ἐθεασάμεθα
1668 593 1736 626 μετὰ
1746 594 1836 619 τοιαύ-

1048 649 1097 675 της
1124 640 1289 674 ἀσικόμενον
1305 639 1473 674 μαρτυρίας·
1491 639 1538 665 καὶ
1562 639 1627 673 πρὸς
1648 639 1738 672 ὀλίγον
1752 639 1836 664 αὑτοῦ

1051 685 1230 722 μετασχόντες
1245 685 1293 719 τῆς
1318 685 1472 716 συνουσίας,
1496 686 1535 716 είς
1547 684 1596 720 τὴν
1619 684 1838 720 ἐγχειρισθεῖσαν

1049 731 1268 766 προεπέμψαμεν
1280 731 1345 765 (55).

1182 796 1243 823 NB’.
1263 811 1296 816 —
1314 797 1374 830 Ἶϐςι
1387 796 1542 828 ἑπισκόπῳ
1563 795 1700 828 Ἐδὲσης.

1083 854 1139 888 Τῆς
1149 855 1251 889 κοινῆς,
1266 851 1354 888 οἶμαι,
1366 851 1590 887 προμηθούμενος
1603 853 1737 888 σωτηρίας
1749 853 1764 879 ό
1782 853 1836 880 τῶν

210 901 352 921 versurum
370 896 440 922 Deus
459 897 629 924 calamitates
649 897 754 932 aliquas
775 897 913 932 aliquibus
929 899 993 926 irro-

1051 898 1119 925 ὅλων
1135 899 1200 931 Θεὸς
1222 897 1366 933 συμφορὰς
1387 897 1513 932 ἐπιφέρει
1524 898 1585 930 ,τισί
1602 906 1678 929 τινας
1689 919 1696 929 ,
1718 899 1762 925 ἵνα
1779 900 1836 930 τοῖς

211 944 266 973 gat,
286 944 316 966 ut
338 939 380 967 his
396 940 506 975 quidem
519 942 567 976 qui
583 946 732 976 pecearunt
749 943 900 970 remedium
922 944 997 971 salu-

208 990 269 1012 tare
281 986 318 1012 sit
328 987 479 1021 correptio,
489 987 602 1014 virtutis
615 995 680 1015 vero
693 988 824 1016 studiosis
838 990 998 1017 constantiae

209 1036 412 1067 argumentum,
425 1034 613 1068 spectantibus
624 1034 742 1070 denique
755 1036 820 1062 utile
831 1037 996 1071 exemplum.

211 1078 335 1106 Solemus
348 1079 420 1105 enim
435 1084 508 1106 metu
521 1079 723 1114 quodammodo
734 1081 844 1116 repleri,
854 1090 916 1109 cum
929 1083 998 1109 alios

209 1123 292 1158 plecti
316 1125 464 1152 cernimus.
492 1125 554 1152 “(1:0
577 1126 669 1152 animo
692 1127 879 1159 considerans,
899 1128 998 1156 Africa:

210 1168 280 1194 mala
306 1176 450 1196 commune
476 1169 582 1196 lucrum
604 1170 741 1197 existimo.
767 1171 887 1198 Primum
909 1173 994 1205 cnim,

208 1212 352 1248 pristinam
373 1214 482 1241 illorum
500 1215 623 1249 cogitans
643 1215 813 1248 felicitatem,
828 1221 855 1243 et
874 1217 995 1252 repenti-

208 1266 271 1284 nam
301 1259 411 1286 intuens
431 1260 622 1292 mutationem,
642 1260 777 1288 volubiles
800 1261 881 1288 video
906 1270 996 1290 rerum

209 1303 391 1331 humanarum
407 1304 612 1337 conversiones,
627 1310 655 1332 et
671 1305 772 1333 doceor
790 1314 841 1334 nec
859 1307 997 1341 prosperi-

209 1349 311 1376 tatibus
324 1350 402 1384 quasi
424 1350 565 1385 perpetuis
581 1350 730 1383 conlidere,
746 1359 797 1378 nec
818 1351 996 1380 adversitatcs

207 1394 283 1420 velut
305 1395 435 1422 molestas
457 1402 528 1429 aegro
552 1395 635 1422 ferre.
659 1395 762 1422 Deinde
785 1396 994 1424 commissorum

207 1440 371 1467 delictorum
387 1448 489 1467 renovo
503 1441 674 1474 memoriam,
684 1445 712 1468 et
723 1446 816 1468 metuo
829 1450 862 1468 ne
876 1442 902 1469 in
916 1450 996 1477 pares

205 1494 342 1514 serumnas
366 1486 495 1514 incidam.
517 1487 594 1514 Nunc
616 1492 706 1514 autem
724 1487 757 1514 ad
778 1487 835 1514 hmc
850 1488 996 1515 scribenda

206 1541 267 1559 sum
291 1532 440 1567 impulsus,
463 1524 497 1559 ‘ut
523 1533 571 1559 Dei
593 1533 811 1560 amantissimum
836 1535 994 1568 episcopum

1050 944 1101 980 μὲν
1112 945 1302 980 ἡμαρτηκόσιν
1312 943 1473 976 ἀλεξίκακον
1489 944 1505 978 ἡ
1518 943 1627 970 παιδεία
1640 944 1749 979 γένηται
1764 945 1835 980 φάρη

1050 998 1147 1025 μακον,
1166 991 1221 1021 τοῖς
1236 990 1264 1016 δὲ
1279 990 1331 1024 τῆς
1343 989 1444 1025 ἀρετῆς
1462 989 1595 1024 ἀθληταῖς
1611 990 1759 1024 καρτερίας
1770 990 1836 1016 ὑπό-

1048 1035 1132 1068 θεσις,
1147 1037 1204 1066 τοῖς
1215 1034 1243 1060 δέ
1255 1042 1287 1068 γε
1306 1034 1408 1066 ταύτας
1429 1034 1577 1069 θεωμένοις
1599 1035 1752 1069 ἀρχέτυπον
1774 1035 1836 1070 ὀνη-

1049 1081 1170 1116 σιφόρον.
1190 1081 1357 1116 Πεφύκαμεν
1366 1081 1420 1115 γάρ
1435 1089 1493 1112 πως
1508 1080 1735 1115 ἀναπίμπλασθαι
1746 1080 1834 1113 δέους,

1048 1127 1144 1159 ἄλλους
1161 1127 1386 1162 τιμωρουμένους
1399 1126 1525 1162 ὁρῶντες.
1542 1126 1634 1152 Ταῦτα
1650 1125 1833 1161 λογιζόμενος,

1046 1172 1082 1199 τὰ
1096 1172 1145 1207 τῆς
1167 1171 1271 1205 Λιῆύης
1299 1171 1371 1198 κακᾶ
1397 1171 1492 1206 κέρδος
1520 1171 1704 1206 ὑπολαμϐάνω
1733 1172 1833 1200 κοινόν.

1048 1218 1158 1253 Πρῶτον
1180 1218 1228 1252 μὲν
1247 1217 1301 1253 γὰρ
1314 1218 1363 1253 τὴν
1379 1217 1515 1252 προτέραν
1532 1217 1644 1243 ἐκείνων
1665 1216 1833 1252 ἐνθυμούμε-

1046 1272 1091 1294 νος
1105 1263 1265 1300 εὐπραξίαν,
1283 1263 1330 1290 καὶ
1354 1263 1459 1298 βλέπων
1482 1263 1531 1299 τὴν
1550 1263 1652 1298 ἁθρόαν
1668 1262 1831 1298 μεταϐολὴν,

1046 1309 1101 1345 ὁρῶ
1116 1309 1169 1336 τῶν
1186 1309 1365 1343 ἀνθρωπίνων
1381 1309 1552 1344 πραγμάτων
1563 1308 1613 1340 τὰς
1633 1308 1832 1343 ἁγχιστρόφους

1045 1355 1150 1390 τροπὰς
1163 1375 1170 1387 ,
1193 1356 1240 1382 καὶ
1256 1355 1419 1389 διδάσκομαι
1445 1355 1515 1389 μήτε
1538 1355 1597 1385 ταῖς
1616 1353 1777 1389 εὐημερίαις
1793 1354 1832 1385 ὡς

1045 1400 1168 1435 διαρκὲσι
1183 1399 1305 1435 θαρρεῖν,
1326 1399 1394 1434 μήτε
1413 1399 1463 1429 τὰς
1477 1398 1643 1433 δυσκληρίας
1662 1397 1699 1429 ὡς
1711 1398 1833 1432 χαλεπὰς

1045 1444 1244 1480 δυσχεραίνειν.
1254 1442 1322 1470 Εἶτα
1336 1444 1390 1470 τῶν
1411 1443 1688 1478 πεπλημμελημένων
1703 1444 1832 1470 ἀνανεοῦ-

1047 1498 1096 1525 μαι
1109 1490 1158 1525 τὴν
1177 1490 1297 1525 μνήμην,
1309 1490 1356 1516 καὶ
1369 1489 1475 1515 δέδοικα
1487 1489 1524 1524 μὴ
1538 1491 1594 1520 τοῖς
1610 1489 1677 1520 ἴσοις
1693 1489 1832 1524 περιπέσω

1045 1535 1199 1570 παθήμασι.
1221 1535 1313 1561 Ταῦτα
1332 1534 1360 1560 δὲ
1376 1534 1480 1569 γράψαι
1506 1534 1553 1560 νῦν
1578 1533 1765 1568 ἠναγκάσθην,
1783 1534 1829 1560 τὸν

200 1579 372 1614 'Cyprianum
398 1578 534 1606 insinuem
554 1579 692 1605 sanctitati
713 1583 765 1606 tua:
782 1588 788 1605 :
805 1579 852 1614 qui
870 1579 993 1607 celeber.

1047 1581 1250 1617 θεοφιλέστατον
1260 1581 1407 1608 ἐπίσκοπον
1425 1579 1582 1616 Κυπριανδν
1597 1578 1734 1614 γνώριμον
1745 1579 1829 1605 ποιῶν

207 1625 276 1652 rima
287 1627 293 1633 '
307 1629 384 1651 ortus
399 1632 431 1651 ex
447 1624 548 1655 Africa.
562 1629 669 1651 exteras
681 1632 744 1652 oras
760 1625 906 1652 circumire
919 1625 993 1661 cogi-

207 1675 252 1697 tur
284 1674 396 1704 propter
427 1669 623 1696 inunauitatem
658 1670 849 1697 Barbarorum.
878 1670 995 1698 Litteras

200 1723 289 1749 porro
313 1714 393 1741 nobis
416 1714 509 1741 attulit
539 1715 704 1741 sanctissimi
730 1716 836 1750 1110
859 1716 992 1750 episcopi,

205 1759 311 1786 domini
337 1759 460 1791 Eusebii,
477 1760 522 1794 qui
540 1759 696 1787 Galatarum
723 1765 831 1795 gentem
857 1761 994 1796 sapienter

207 1805 286 1839 regit.
301 1804 378 1832 Ilunc
391 1805 469 1832 solita
485 1805 674 1833 benevolentia
690 1811 833 1841 exceptum
849 1807 936 1842 pietas
946 1811 993 1834 tua

205 1847 306 1874 litteris
322 1855 430 1882 quoque
450 1848 507 1875 suis
527 1848 560 1875 ad
579 1849 657 1881 alios,
679 1858 748 1884 quos
763 1851 846 1883 volet,
867 1851 994 1879 dominos

206 1892 309 1926 Deique
338 1893 541 1920 amantissimos
568 1894 714 1930 episcopos
739 1900 946 1930 prosequatur:
964 1901 994 1924 ut

206 1937 349 1972 temporali
365 1938 474 1972 quidem
492 1939 590 1967 solatio
605 1940 713 1967 fruatur
729 1941 797 1975 ipse,
816 1941 887 1969 Deus
902 1947 992 1970 autem

203 1982 326 2010 caelestia
340 1983 394 2010 illis
410 1988 437 2011 et
453 1984 562 2012 stabilia
575 1986 685 2020 praemia
699 1986 842 2014 retribuat.

292 2146 360 2173 Llll.
371 2146 564 2182 —‘Saphronio
577 2148 695 2182 episcopo
709 2147 899 2176 Constantium.

239 2201 393 2229 Mnnillcam
413 2206 441 2229 et
462 2203 576 2237 largam.
591 2203 648 2230 Deo
662 2203 833 2236 charissimc,
851 2204 990 2232 dexteram

205 2253 278 2274 tuam
307 2255 362 2274 non
388 2247 534 2282 ignorans,
559 2248 744 2275 desideratum
770 2249 877 2276 lucrum
904 2250 991 2278 ofl‘ero

203 2293 342 2320 sanctitati
362 2298 423 2320 tuae.
443 2293 678 2326 Quemadmodum
694 2294 768 2321 enim
785 2295 845 2322 illos
862 2296 909 2330 qui
923 2305 992 2331 prae—

203 2339 331 2366 sentibus
353 2338 470 2368 inhiant.
490 2343 618 2374 torquent
634 2339 651 2366 ii
669 2340 715 2374 qui
730 2340 908 2375 pecuniarum
926 2343 992 2370 sub-

203 2385 274 2412 sidio
288 2389 378 2420 egent,
392 2393 453 2412 cum
473 2385 501 2411 in
518 2385 612 2412 oculos
627 2385 773 2413 incurrunt
788 2395 793 2412 :
809 2387 848 2413 sic
864 2387 992 2415 liberales

204 2435 329 2457 recreant
347 2430 395 2464 qui
416 2430 549 2465 ejusmodi
572 2435 646 2462 sunt,
667 2439 729 2458 cum
744 2436 906 2464 cernuntur,
923 2441 991 2467 quo-

202 2477 275 2504 niam
296 2477 418 2504 cmlestia
433 2478 641 2513 concupiscunt.
663 2479 702 2505 Ex
714 2479 758 2505 -iis
773 2487 837 2506 vero
858 2488 906 2515 per
920 2489 990 2515 quos

203 2522 248 2548 illa
261 2528 464 2557 comparantur,
479 2531 549 2550 unus
564 2529 605 2551 est
619 2524 674 2551 Deo
689 2524 867 2551 cltarissitnus
883 2525 989 2559 episco-

203 2575 254 2602 pus
269 2567 430 2602 Cyprianus,
445 2569 492 2603 qui
509 2569 573 2596 olitn
589 2569 700 2603 quidem
714 2569 775 2596 aliis
791 2569 861 2597 inter
875 2575 989 2597 czetcros

201 2614 382 2640 subveniebat
396 2623 402 2640 ι
417 2622 489 2641 nunc
511 2622 575 2641 vero
596 2615 694 2642 Africae
719 2615 822 2642 deﬂens
842 2622 987 2647 mrumnas,

201 2660 319 2686 aliorum
343 2667 440 2686 manus
466 2660 588 2694 respicit,
607 2665 635 2687 et
655 2660 711 2687 Deo
733 2660 892 2687 devotarum
911 2668 987 2686 men-

199 2706 271 2732 tium
292 2704 484 2731 liberalitatem
497 2709 648 2739 exspectat.
672 2704 789 2731 Fructur
809 2712 874 2739 ergo
889 2708 915 2730 et
931 2703 989 2738 ipse

239 2791 295 2827 (35)
311 2792 388 2818 πόλιν
403 2791 478 2818 addit
490 2792 575 2827 Neap.

241 2825 294 2861 (36)
312 2827 440 2853 Εὑλαλὶου
461 2832 520 2854 erat
541 2825 609 2854 forte
634 2827 660 2854 in
676 2827 736 2854 eod.
765 2827 894 2853 Vaticano
917 2825 988 2860 apud

198 2861 301 2889 Barou.
319 2861 416 2889 Annal
432 2862 464 2889 ad
480 2870 542 2889 ann.
560 2863 620 2895 “0,
637 2867 655 2889 ι.
672 2862 715 2895 \‘l,
732 2873 758 2899 p.
776 2870 811 2888 In.
828 2863 852 2893 6,
872 2861 917 2888 ubi
933 2861 989 2888 lucc

1044 1629 1078 1663 τῇ
1093 1629 1125 1663 σῇ
1145 1628 1264 1663 ὁσιότητι
1278 1635 1283 1642 ·
1298 1627 1327 1658 ὂς
1340 1627 1459 1663 ὁρμᾶται
1475 1627 1524 1661 μὲν
1535 1627 1566 1652 ἐκ
1580 1626 1628 1661 τῆς
1644 1624 1829 1661 πολυθρυλλή-

1044 1682 1091 1700 του
1108 1673 1225 1708 Λιϐύης,
1243 1673 1416 1708 ἠνάγκασται
1440 1672 1468 1698 δὲ
1484 1672 1532 1707 τὴν
1555 1671 1634 1706 ξένην
1650 1673 1829 1706 περινοστεῖν,

1044 1719 1088 1746 διὰ
1101 1719 1150 1755 τὴν
1166 1718 1220 1745 τῶν
1237 1718 1382 1754 βαρϐάρων
1398 1717 1537 1752 ὠμότητα.
1555 1716 1710 1751 Γράμματα
1726 1716 1753 1742 δὲ
1765 1717 1831 1750 ἡμῖν

1044 1765 1192 1800 κεκόμικεν
1210 1764 1256 1790 τοῦ
1273 1764 1421 1790 ὀσιωτάτου
1435 1763 1586 1789 ἐπισκόπου
1601 1761 1649 1788 τοῦ
1668 1762 1763 1798 κυρίου
1778 1762 1831 1788 Εὐ-

1045 1811 1135 1838 σεὸίου
1152 1811 1218 1846 (56),
1232 1810 1260 1842 ὃς
1277 1810 1306 1836 τὸ
1321 1809 1448 1836 Γαλατῶν
1458 1808 1534 1840 ἔθνος
1549 1808 1632 1834 ἰθύνει
1649 1807 1748 1840 σοφῶς.
1764 1807 1832 1834 Τοῦ-

1043 1866 1088 1884 τον
1105 1857 1174 1892 μετὰ
1196 1857 1245 1892 τῆς
1261 1856 1394 1892 συνήθους
1418 1854 1617 1890 φιλοφροσύνης
1641 1853 1828 1888 ὑποδεξαμένη

1044 1911 1091 1930 σου
1106 1904 1122 1937 ἡ
1135 1901 1268 1937 φιλοθεῖα,
1285 1900 1476 1937 προπεμψάτω
1492 1899 1560 1934 μετὰ
1573 1899 1744 1934 γραμμάτων
1762 1897 1830 1932 προς

1043 1948 1089 1981 οὒς
1116 1949 1148 1976 ἂν
1173 1948 1254 1984 ἐθέλῃ
1281 1947 1392 1983 κυρίους
1416 1947 1463 1973 καὶ
1480 1945 1703 1979 θεοφιλεστάτους
1717 1944 1829 1970 ἐπισκό-

1045 2003 1128 2028 πους’
1147 1995 1180 2022 ἵν’
1197 1995 1278 2025 αὐτὸς
1297 1994 1346 2028 μὲν
1363 1993 1411 2028 τῆς
1424 1991 1530 2026 ἀγαθῆς
1544 1990 1687 2025 ἀπολαύσῃ
1704 1988 1828 2023 παραψυ-

1045 2042 1105 2076 χῆς,
1133 2039 1232 2076 ἁντιδῷ
1261 2039 1290 2066 δὲ
1315 2038 1405 2069 αὐτοῖς
1428 2037 1463 2064 τὰ
1480 2036 1629 2071 ἐπουράνια
1657 2034 1704 2061 καὶ
1728 2034 1829 2070 μόνιμα

1033 2086 1137 2121 νκέρδη.

1079 2150 1142 2178 ΝΡ,
1157 2165 1193 2170 -
1204 2149 1361 2185 Σωφρονίῳ
1375 2149 1529 2182 ἐπισχόπῳ
1547 2146 1791 2180 Κωνσταντίνης.

1078 2205 1134 2231 Καὶ
1155 2205 1185 2231 τὺ
1203 2204 1351 2240 φιλόδωρον
1375 2203 1467 2230 καὶτὸ
1484 2202 1672 2238 μεγαλόδωρον
1693 2201 1742 2235 τῆς
1765 2200 1826 2234 σῆς,

1043 2250 1246 2285 θεοφιλέστατε,
1264 2250 1355 2282 δεξιᾶς
1374 2249 1573 2284 ἐπιστάμενος,
1590 2247 1713 2282 προξενῶ
1732 2254 1779 2272 σου
1793 2248 1827 2281 τῇ

1042 2295 1160 2331 ὁσιότητι
1175 2294 1342 2330 ποθούμενον
1367 2294 1473 2330 κέρδος.
1491 2294 1597 2328 ’Ὠσπερ
1620 2293 1673 2327 γὰρ
1687 2293 1749 2323 τοὺς
1764 2295 1827 2326 περὶ

1042 2339 1077 2366 τὰ
1096 2340 1217 2375 παρόντα
1231 2339 1391 2374 κεχηνότας,
1406 2339 1430 2364 οἱ
1447 2339 1496 2373 τῆς
1516 2338 1559 2364 διὰ
1581 2337 1731 2372 χρημάτων
1747 2337 1815 2371 θερα

1043 2385 1121 2417 πείας
1136 2385 1258 2420 δεόμενοι
1274 2384 1384 2410 ἀνιῶσιν
1393 2383 1525 2419 ὁρώμενοι
1536 2391 1542 2398 ·
1563 2383 1634 2409 οὕτω
1650 2382 1827 2417 εὐφραίνουσι

1043 2431 1104 2462 τοὺς
1120 2430 1276 2464 φιλοτίμους
1292 2429 1316 2456 οἱ
1331 2429 1446 2455 τοιοῦτοι
1464 2427 1621 2462 φαινόμενοι
1636 2448 1643 2459 ,
1659 2426 1751 2461 ἐπειδὴ
1773 2427 1827 2452 τῶν

1043 2475 1213 2509 ἐπουρανίων
1235 2475 1404 2510 πραγμάτων
1431 2474 1560 2508 ἐφίενται.
1592 2470 1640 2504 Εἷς
1665 2472 1754 2498 τοίνυν
1772 2471 1827 2496 τιτιν

1041 2521 1134 2547 ἐκεῖνα
1147 2519 1351 2556 προξενούντων
1367 2520 1440 2546 ἐστὶν
1452 2520 1466 2546 ό
1487 2517 1693 2552 θεοφιλέστατος
1717 2517 1826 2543 ἐπίσκε-

1041 2576 1090 2598 πος
1101 2566 1258 2602 Κυπριανός
1269 2574 1275 2582 ι
1288 2566 1318 2597 ὃς
1333 2565 1415 2592 πάλαι
1429 2564 1477 2600 μὲν
1485 2563 1540 2589 τῶν
1551 2562 1648 2593 ἄλλους
1663 2562 1826 2596 θεραπευόν-

1040 2622 1095 2639 των
1108 2612 1254 2647 ἐτύγχανεν
1269 2611 1316 2643 ὢν,
1330 2611 1378 2638 νῦν
1392 2611 1420 2638 δὲ
1437 2610 1487 2641 τὰς
1501 2609 1550 2644 τῆς
1562 2608 1665 2643 Λιϐύης
1679 2607 1826 2643 τραγῳδῶν

1043 2657 1196 2692 συμφορὰς,
1216 2658 1256 2689 εἰς
1269 2657 1318 2688 τὰς
1331 2656 1418 2682 ἄλλων
1432 2655 1581 2682 ἀποσλέπει
1592 2656 1697 2689 χεῖρας,
1713 2654 1759 2680 καὶ
1773 2653 1826 2679 τῶν

1043 2703 1174 2738 φιλοθέων
1200 2702 1294 2738 ψυχῶν
1320 2702 1370 2736 τὴν
1390 2700 1544 2736 φιλοτιμίαν
1562 2699 1720 2735 προσμένει,
1747 2699 1826 2725 Ἀπο-

1037 2791 1150 2826 cpistola
1164 2795 1260 2818 exstat.
1281 2791 1332 2818 Sed
1350 2791 1409 2826 ejus
1431 2791 1549 2817 nominis
1572 2798 1602 2817 ac
1625 2790 1710 2817 :Plnlis
1736 2789 1826 2815 nullus

1039 2827 1109 2854 inter
1123 2827 1231 2854 Galatas
1246 2826 1389 2860 episcopus
1404 2826 1548 2860 reperitur.
