1962 3051
158 185 226 218 1:229

827 188 1008 218 EPISTOLA
1024 189 1131 219 LVIII.

1765 196 1783 224 ιι

153 242 279 269 λαυσάτω
296 243 382 270 τοίνυν
399 244 446 270 καὶ
459 244 539 275 αὐτὸς
554 244 603 279 τῆς
621 245 670 280 σῆς
690 244 877 279 φιλαδελφίας,
895 248 942 273 καὶ

1000 249 1112 276 'raterna
1125 250 1258 278 charitate
1278 255 1332 280 tua.
1344 255 1373 277 et
1392 259 1454 278 cum
1479 251 1578 278 litteris
1592 251 1625 278 ad
1637 251 1705 279 alios
1718 262 1760 287 pm
1770 268 1782 272 -

155 288 225 321 μετὰ
242 289 412 324 γραμμάτων
428 289 496 325 πρὸς
516 290 625 325 ἑτέρως
639 291 846 326 προπεμφθήτω
864 292 942 327 λιμέ-

154 342 212 365 νας.

381 389 442 416 NA’.
456 405 491 410 ——
515 390 717 424 Ἐορταστική.

192 444 225 470 Δί
242 444 311 471 θεῖαι
329 445 376 471 καὶ
394 446 523 480 σωτήριοι
546 446 714 482 πανηγύρεις
734 447 782 473 καὶ
799 447 861 479 τοὺς
878 447 943 474 ἀθυ-

155 490 274 524 μοῦντας
293 491 497 525 ψυχαγωγοῦσι,
518 493 565 518 καὶ
581 493 643 524 τοὺς
658 492 845 527 εὐθυμοῦντας
864 493 943 519 εὐθυ-

157 536 288 571 μοτέρους
313 536 437 562 ποιοῦσι·
466 537 512 563 καὶ
533 537 613 564 τοῦτο
627 539 659 573 τῇ
675 538 758 574 πείρᾳ
783 538 941 574 μεμάθηκα.

155 582 218 612 Τοῖς
235 582 289 616 γὰρ
306 582 354 616 τῆς
367 581 487 617 ἀθυμίας
503 582 701 618 βαπτιζόμενος
718 584 834 620 κύμασι,
851 586 943 620 κρείτ-

155 636 209 653 των
223 627 270 653 τοῦ
293 627 382 662 ῥοθίου
408 629 561 663 γεγένημαι
579 630 644 660 τοὺς
660 630 714 656 τῶν
728 630 829 665 ἑορτῶν
842 631 944 665 ὅρμους

155 673 228 700 ἰδών.
243 673 373 706 Εὑξάσθω
386 674 476 700 τοίνυν
490 674 506 709 ἡ
522 674 661 701 θεοσέϐειά
674 683 732 706 σου,
745 676 836 702 τέλεόν
851 685 883 710 με
894 677 944 710 τῆς

156 719 258 753 πικρᾶς
275 718 378 753 ταύτης
403 719 488 753 ζάλης
512 720 715 755 ἀπαλλαγῆναι,
740 721 786 747 καὶ
807 722 882 757 παρὰ
896 721 943 748 τοῦ

155 763 347 798 φιλανθρώπου
374 765 510 792 Δεσπότου
530 765 617 801 λήθην
636 767 697 793 τινὰ
725 767 774 801 τῆς
799 767 944 802 ἀχθηδόνος

155 809 258 836 λαὸεἰν.

377 857 440 884 NE’.
454 872 490 877 -—-
514 857 718 892 'Eopraa’nmi.

191 915 326 946 Χαλεπῶς
341 916 389 950 μὲν
405 916 478 951 ἡμᾶς
495 917 511 951 ἡ
526 916 629 951 ἀθυμία
642 916 776 951 διέθηκεν.
795 917 877 943 Φύσιν
891 917 944 952 γὰρ

156 961 342 997 ἀνθρωπείαν.
358 961 414 987 ἀλλ’
430 962 480 988 οὐκ
495 962 664 997 ἀδαμαντίαν
678 963 819 997 ἐλάχομεν.
837 964 892 997 Τῆς
917 963 945 990 δὲ

156 1008 532 1043 ΔεσποτικῆςῈπιφανείαςὴ
547 1009 640 1043 μνήμη
659 1009 804 1043 φάρμακον
820 1009 946 1042 ἀλεξίκα-

157 1050 205 1076 κόν
221 1059 264 1085 μοι
280 1051 436 1086 γεγένηται.
458 1052 562 1078 Αὐτίκα
577 1054 667 1079 τοίνυν
685 1053 733 1079 καὶ
753 1053 852 1088 γράφω
876 1053 947 1080 κατὰ

157 1095 202 1122 τὸν
220 1096 301 1130 νόμον
314 1098 362 1131 τῆς
373 1098 480 1132 ἑορτῆς,
492 1099 539 1124 καὶ
548 1098 776 1134 προσφθέγγομαι
790 1099 840 1133 τὴν
850 1099 948 1134 ὑμετέ-

157 1149 209 1175 ραν
223 1141 473 1177 μεγαλοπρέπειαν,
493 1144 526 1178 ἢν
546 1144 700 1180 εὐδοκιμεῖν
723 1147 770 1172 καὶ
785 1146 947 1181 διαπρέπειν

157 1186 352 1222 προσεύχομαι.

377 1233 449 1266 Nq'.
463 1248 499 1253 -ις

199 1288 330 1323 Ἀκμάζει
350 1289 398 1323 μὲν
413 1288 452 1315 ἔτι
465 1298 509 1324 μοι
529 1290 563 1316 τὰ
578 1290 629 1324 τῆς
643 1291 741 1326 λύπης,
758 1292 804 1318 καὶ
823 1292 948 1326 χαλεπῶς

157 1333 228 1368 αὕτη
245 1334 411 1368 προσὸάλλει
438 1333 478 1368 τῷ
502 1334 643 1369 λογισμῷ·
669 1336 715 1362 τὸν
730 1336 759 1362 δὲ
778 1337 828 1371 τῆς
851 1338 947 1372 ἑορτῆς

157 1378 302 1414 πληρῶσαι
317 1379 398 1413 νόμον
413 1378 549 1406 ὑπέλαϐον
562 1379 678 1408 δίκαιον.
694 1381 799 1407 Αὐτίκα
813 1381 878 1415 γοῦν
900 1382 947 1408 καὶ

156 1426 213 1456 τοῖς
241 1424 387 1459 γράμμασι
413 1423 572 1459 κέχρημαι,
598 1425 647 1451 καὶ
665 1425 715 1459 τὴν
732 1426 875 1453 εὐλάϐειάν
898 1435 946 1453 σου

157 1470 396 1506 προσφθέγγομαι,
412 1471 459 1497 καὶ
473 1471 523 1505 τῆς
537 1471 648 1506 ἀγάπης
664 1472 761 1498 ἐκτίνω
780 1472 809 1498 τὸ
822 1473 909 1508 χρέος.

523 1233 718 1267 Ἐορταστική
724 1254 730 1261 .

333 1527 395 1555 NZ'.
417 1543 453 1547 —-
467 1528 616 1562 Εὐτρεχίῳ
634 1529 767 1564 ὑπάρχῳ.

193 1585 311 1611 Δέδωκεν
323 1586 387 1620 ἡμῖν
401 1584 453 1611 τῶν
466 1585 533 1611 ὅλων
545 1585 559 1611 ὁ
574 1585 708 1620 Πρὺτανις
725 1586 772 1612 καὶ
787 1586 875 1617 τοῦτο,
894 1587 943 1622 τῆς
958 1604 980 1634 c

158 1629 295 1665 ὑμετέρας
317 1630 501 1664 μεγαλοῳυῖας
520 1630 637 1657 ἀκοῦσαι
659 1631 689 1657 τὸ
707 1631 802 1666 γέρας,
820 1632 865 1658 καὶ
883 1641 944 1658 συν-

156 1676 273 1710 ησθῆναι
287 1675 335 1709 μὲν
355 1675 419 1708 ὑμῖν
433 1675 504 1702 οὕτω
518 1677 722 1711 τετιμημένοις,
742 1678 905 1712 συνησθῆναι
917 1678 945 1704 δὲ

156 1721 212 1751 τοῖς
227 1719 387 1754 ἀρχομένοις
400 1719 451 1746 ὑπὸ
461 1720 590 1756 τοιαύτης
603 1717 768 1756 ίθυνομένοις
780 1722 943 1758 πραότητος.

164 1764 234 1798 Ἐγὼ
252 1765 280 1790 δὲ
300 1765 390 1791 ἄδικον
406 1765 498 1801 ᾠήθην
516 1767 579 1801 σιγῇ
606 1767 709 1802 κρύψαι
728 1768 777 1802 τὴν
800 1769 943 1804 εὐθυμίαν,

158 1809 204 1835 καὶ
222 1808 259 1844 μὴ
280 1809 398 1843 δηλῶσαι
421 1809 522 1846 ταύτην
536 1813 592 1842 τοῖς
610 1813 783 1846 γράμμασιν.
805 1813 865 1839 Ὀτι
891 1814 945 1847 γὰρ

157 1854 253 1890 θερμοὶ
279 1855 329 1889 τῆς
357 1855 494 1892 ὑμετέρας
526 1857 766 1892 μεγαλοπρεπείας
786 1858 945 1893 ὑπάρχομεν

158 1901 281 1936 ἐρασταὶ,
300 1902 364 1936 παρ’
383 1901 458 1936 ὑμῶν
473 1902 520 1928 τοῦ
537 1903 649 1937 φίλτρου
665 1903 715 1934 τὰς
738 1903 856 1938 ἀμοιϐὰς
872 1904 945 1939 εἰλη-

158 1946 247 1979 φότες,
261 1946 406 1972 πέπεισται
419 1947 526 1978 παντως
541 1948 556 1982 ἡ
573 1948 696 1982 ὑμετέρα
712 1948 944 1984 μεγαλοπρέπεια.

125 2012 130 2017 .
166 1991 211 2021 Ὠς
229 1990 380 2026 ὲρασταὶδὲ
397 1991 522 2022 τοιοῦτοι,
539 1992 584 2018 τὸν
596 1991 648 2018 τῶν
661 1992 770 2025 ἀγαθῶν
788 1992 945 2028 ἱκετεύομεν

158 2037 285 2071 χορηγὸν,
304 2037 363 2068 ταῖς
377 2037 561 2068 παντοδαπαῖς
581 2037 664 2064 αὑτοῦ
685 2038 799 2074 δωρεαῖς
813 2037 944 2072 περικλύ-

159 2080 215 2112 ζειν
227 2081 298 2116 ὑμᾶς
310 2081 367 2109 ἀεί.

382 2137 448 2164 NII'.
462 2153 495 2158 —
511 2139 596 2172 Νόμῳ
612 2138 722 2169 ὑπάτῳ.

193 2193 259 2228 Διχῆ
280 2201 325 2227 μοι
342 2192 448 2228 μερίζει
463 2193 511 2228 τὴν
526 2193 638 2228 γνώμην
653 2195 669 2228 ἡ
684 2194 748 2229 περὶ
770 2194 817 2221 τοῦ
841 2195 944 2230 γράψαι

159 2237 196 2273 τῷ
213 2239 336 2274 ὑμετέρῳ
348 2239 458 2274 μεγέθει
477 2240 569 2276 βουλή.
587 2241 647 2267 Τῶν
665 2241 715 2276 μὲν
731 2241 785 2277 γὰρ
803 2242 944 2277 ὑμετέρων

159 2282 265 2317 φρενῶν
292 2284 370 2314 εἰδὼς
393 2282 565 2319 ἐξηρτημένα
592 2285 626 2311 τὰ
644 2285 806 2319 πράγματα,
828 2287 876 2313 καὶ
895 2287 943 2317 τὰς

159 2328 252 2359 κοινὰς
277 2328 341 2363 ὑμῖν
358 2329 533 2364 ἐπικειμένας
560 2331 703 2366 φροντίδας
723 2331 805 2366 ὀρῶν,
834 2332 945 2367 ἄμεινον

159 2369 278 2409 ἡγοῦμαι
302 2374 399 2408 σιγᾷν·
413 2373 443 2399 τὸ
459 2374 524 2409 εὐρὺ
537 2374 564 2400 δὲ
581 2375 661 2401 πάλιν
683 2375 729 2401 καὶ
753 2375 945 2412 πολυχώρητον

158 2419 207 2454 τῆς
219 2418 353 2453 ὑμετέρας
364 2419 544 2454 ἐπιστάμενος
560 2419 687 2453 διανοίας,
715 2422 819 2457 σιωπᾷν
836 2423 885 2448 οὐκ
898 2423 948 2449 ἁν-

159 2464 265 2500 έχομαι,
277 2463 370 2495 δεδιὼς
383 2463 419 2500 μὴ
435 2465 575 2500 ῥᾳστώνης
591 2465 701 2500 ὀφλήσω
716 2467 836 2502 γραφήν.
851 2468 948 2494 Κεντεῖ

157 2510 185 2537 δέ
202 2519 236 2545 με
253 2511 298 2537 καὶ
315 2511 412 2543 πόθος,
426 2511 455 2537 ὃν
474 2512 490 2546 ἡ
504 2511 617 2547 βραχεῖα
631 2510 724 2546 γέὗσις
740 2513 789 2548 τῆς
808 2514 943 2550 ὑμετέρας

158 2556 299 2591 ἐνεποίησε
316 2556 391 2588 θέας.
412 2557 616 2592 Ἐμιρορηοῆναί
632 2567 665 2593 με
686 2558 739 2594 γὰρ
753 2559 852 2594 ταύτης
869 2560 944 2585 ἐστέ-

161 2611 225 2638 ρησε
236 2603 284 2637 τῆς
298 2603 502 2638 τρισμακαρίας
515 2603 622 2639 ἐκείνης
640 2604 761 2639 κεφαλῆς
774 2605 789 2640 ἡ
805 2605 882 2635 νόσος
899 2605 945 2631 καὶ

159 2648 280 2684 τελευτή.
294 2646 332 2676 Οὗ
344 2649 375 2684 δὴ
390 2649 469 2684 χάριν
484 2649 584 2675 ἐπινοῶ
602 2658 646 2684 μοι
661 2649 806 2685 φάρμακον
820 2650 945 2684 ψυχαγω-

159 2695 221 2728 γίας
235 2694 269 2720 τὰ
285 2695 448 2730 γράμματα.
465 2695 516 2722 Τὸν
527 2696 554 2722 δὲ
566 2695 618 2722 τῶν
637 2696 705 2722 ὅλων
720 2696 833 2722 ἱκετεύω
847 2696 945 2722 Δεσπό-

159 2749 219 2775 την.
238 2741 337 2767 ἰθύνειν
363 2741 442 2776 ὑμῶν
466 2741 510 2767 τὸν
536 2741 602 2777 βίον,
619 2742 666 2768 καὶ
693 2742 785 2777 φέρειν
803 2741 832 2774 ἐξ
844 2742 945 2776 οὐρίων

159 2787 202 2813 ἀεὶ
217 2805 224 2818 ,
250 2787 293 2813 ἵνα
317 2787 365 2821 τῆς
395 2787 529 2823 ὑμετέρας
554 2787 725 2822 προμηθείας
746 2787 945 2822 ἀπολαύσωμεν

162 2840 277 2863 απαντες
288 2853 295 2860 .

996 299 1039 321 tus
1058 296 1267 322 transutiltetur.

1232 384 1296 411 LIV.
1314 401 1348 404 —-
1364 386 1539 414 lIcortastica.

1030 439 1133 466 Divina:
1148 447 1179 466 ac
1195 440 1328 468 salutares
1341 442 1530 470 solemnitates
1543 448 1571 470 et
1588 448 1701 472 maestos
1715 453 1782 473 con-

994 485 1129 516 solantur,
1145 489 1172 512 et
1185 485 1261 513 laetos
1275 487 1394 514 laetiores
1411 488 1534 517 eIIiciunt
1550 499 1557 516 :
1570 494 1653 524 atque
1668 491 1720 517 hoc
1731 499 1782 527 ego

994 530 1160 563 experientia
1179 531 1273 558 didici.
1289 532 1356 559 Nam
1373 541 1436 560 cum
1451 534 1568 562 tristitiae
1584 534 1712 562 ﬂuctibus
1731 537 1782 562 ob—

995 582 1101 607 ruercr,
1122 574 1210 603 uitdas
1226 579 1352 612 superavi
1371 579 1452 606 simul
1475 587 1506 606 ac
1528 580 1634 607 dierum
1650 581 1782 608 festorum

996 624 1092 652 portus
1112 621 1216 654 aspexi.
1241 621 1307 649 Oret
1326 623 1417 657 itaque
1440 625 1543 659 1111
1568 626 1655 660 pietas
1677 630 1732 655 tua.
1754 632 1784 653 ιιι

995 666 1070 699 gravi
1097 666 1149 693 hac
1170 668 1289 702 procella
1314 669 1425 702 penitus
1455 670 1566 702 liberer,
1588 676 1615 698 et
1635 679 1649 698 a
1666 672 1784 707 benigno

995 710 1111 738 Domino
1125 713 1252 740 maeroris
1266 713 1431 741 oblivionem
1445 716 1589 750 quamdam
1603 717 1746 752 accipiam.

1242 856 1295 883 LV.
1311 872 1345 876 —
1355 856 1529 884 Ileortastica.

1032 909 1100 937 Male
1115 917 1165 937 nos
1180 910 1271 938 affecit
1287 911 1408 938 tristitia.
1426 912 1555 939 Naturam
1570 914 1671 949 quippe
1685 915 1784 942 huma-

997 962 1060 982 nam
1084 955 1173 983 sortiti
1198 963 1309 989 sumus,
1334 964 1389 983 non
1415 957 1627 984 adamantinam.
1653 959 1785 987 Remedio

997 1005 1088 1029 autem
1103 1001 1169 1028 mihi
1185 1001 1237 1028 fuit
1252 1001 1408 1029 recordatio
1423 1002 1611 1037 Apparitionis
1624 1004 1783 1032 Dominicm.

998 1046 1076 1074 Nunc
1096 1047 1178 1081 igitur
1202 1051 1230 1073 ct
1250 1047 1341 1074 scribo
1366 1047 1443 1082 juxta
1468 1055 1572 1076 ntorem
1592 1049 1646 1076 diei
1667 1049 1740 1083 festi,
1758 1056 1786 1077 et

998 1093 1226 1128 magniﬁcentiam
1243 1098 1317 1120 tuam
1339 1094 1438 1125 saluto.
1451 1102 1532 1128 quam
1552 1095 1625 1122 clara
1641 1100 1669 1122 et
1685 1096 1785 1123 illustri

998 1139 1068 1166 fama
1085 1139 1176 1167 vivere
1193 1139 1283 1174 cupio.

1226 1235 1291 1263 LV'I.
1305 1238 1348 1255 ——‘
1361 1235 1538 1263 Hcortastica.

1034 1290 1118 1325 Urget
1131 1290 1242 1325 quidem
1256 1291 1348 1318 adhuc
1362 1298 1406 1317 me
1421 1291 1542 1322 tristitia,
1553 1296 1581 1318 et
1593 1297 1711 1318 tuentem
1722 1299 1784 1326 gra—

997 1336 1067 1362 viter
1090 1336 1234 1363 concutit:
1254 1340 1374 1363 attamen
1395 1336 1449 1364 diei
1473 1337 1535 1364 festi
1558 1338 1645 1372 legem
1669 1337 1785 1372 implere

995 1383 1099 1417 justum
1117 1382 1282 1409 existimavi.
1301 1383 1378 1410 Nunc
1398 1383 1491 1417 itaque
1504 1387 1533 1410 et
1548 1383 1649 1414 scribo.
1662 1387 1691 1410 et
1704 1390 1785 1410 reve—

998 1426 1114 1453 rentiam
1136 1429 1211 1453 tuam
1235 1426 1337 1459 saluto,
1358 1430 1386 1454 et
1409 1427 1550 1455 charitatis
1574 1427 1697 1454 debitum
1723 1435 1787 1462 per-

997 1471 1083 1498 solvo.

1174 1526 1252 1553 LVII.
1269 1541 1303 1546 —-
1320 1526 1460 1554 Eutrecltia
1477 1527 1608 1562 prafecto.

1032 1582 1089 1609 Hoc
1110 1582 1193 1609 etiam
1208 1581 1289 1608 nobis
1305 1582 1429 1608 omnium
1449 1582 1548 1609 Rector
1565 1582 1687 1613 indulsit.
1705 1586 1735 1608 ut
1751 1582 1784 1609 de

996 1627 1164 1655 excellentiae
1180 1630 1232 1654 tua:
1255 1627 1387 1662 dignitate
1409 1627 1577 1659 audiremus.
1593 1627 1699 1662 tibique
1723 1631 1784 1654 tan-

996 1678 1053 1701 tum
1070 1674 1202 1700 honorem
1214 1665 1313 1708 adepto
1324 1673 1534 1708 gratularemur,
1546 1673 1746 1707 gratularemur
1757 1677 1785 1699 et

995 1719 1114 1747 subditis
1137 1727 1206 1754 quos
1230 1723 1303 1746 tanta
1327 1719 1397 1754 regit
1423 1719 1615 1746 mansuetudo.
1639 1719 1696 1754 Ego
1717 1727 1784 1746 vero

996 1765 1122 1800 iniquum
1140 1765 1204 1792 duxi
1219 1764 1341 1791 laetitiam
1354 1764 1466 1791 silentio
1485 1768 1586 1799 tegere.
1607 1770 1634 1791 et
1653 1764 1724 1791 hanc
1738 1764 1784 1791 lit-

995 1811 1062 1838 teris
1077 1819 1132 1837 non
1145 1810 1276 1837 indicare.
1286 1810 1363 1842 Quod
1377 1810 1450 1836 enim
1467 1810 1695 1845 magniﬁcentiam
1709 1814 1783 1837 tuam

995 1863 1119 1883 amemus
1134 1855 1322 1886 vehementer,
1339 1858 1367 1881 et
1383 1862 1398 1881 a
1414 1855 1493 1881 vobis
1508 1862 1632 1881 amemur
1651 1855 1782 1886 vicissim,

997 1905 1049 1929 tua;
1061 1909 1173 1936 prorsus
1186 1900 1394 1935 magniﬁcentiae
1409 1908 1569 1935 persuasum
1583 1905 1634 1927 est.
1650 1900 1701 1933 Qui
1718 1908 1784 1936 ergo

996 1949 1035 1975 sie
1058 1955 1192 1979 amamus,
1216 1948 1352 1974 honorum
1373 1946 1530 1981 largitorem
1553 1946 1733 1978 obtestamur,
1753 1951 1785 1972 ut

995 1993 1118 2020 omnium
1141 1994 1275 2020 donorum
1301 1999 1412 2018 suorum
1435 1991 1591 2018 afﬂuentem
1611 1991 1660 2019 tibi
1676 1991 1723 2019 det
1739 1999 1784 2018 co-

996 2039 1077 2073 piam.

1103 2152 1208 2186 1112
1230 2150 1285 2187 (57)
1306 2151 1395 2178 LVIII.
1414 2167 1447 2170 —
1466 2151 1549 2178 Nonio
1566 2151 1676 2178 consuli.
1706 2146 1708 2148 ’

1031 2206 1102 2233 Duas
1125 2206 1153 2233 in
1174 2210 1266 2241 partes
1286 2205 1410 2232 animum
1433 2213 1522 2232 tneum
1543 2205 1640 2232 dividit
1656 2210 1782 2239 suscepta

996 2251 1030 2278 de
1052 2251 1149 2278 dandis
1170 2251 1203 2278 ad
1227 2255 1252 2278 te
1274 2251 1374 2278 litteris
1394 2250 1566 2278 deliberatio.
1581 2251 1647 2278 Nam
1663 2258 1725 2278 cum
1750 2259 1784 2277 ex
1823 2279 1830 2285 ,

996 2297 1118 2325 consiliis
1130 2297 1188 2324 tuis
1206 2297 1327 2332 pendere
1345 2305 1388 2324 res
1404 2297 1498 2323 omnes
1516 2296 1718 2331 intelligamret
1733 2305 1783 2330 pu-

997 2340 1081 2367 blicas
1102 2340 1131 2368 in
1158 2345 1183 2367 te
1203 2348 1283 2367 curas
1309 2340 1484 2373 incumbere,
1511 2345 1640 2375 prazstare
1664 2340 1784 2367 arbitror

996 2386 1087 2413 silere.
1112 2385 1146 2412 At
1170 2393 1231 2413 cum
1259 2387 1358 2414 utentis
1382 2392 1435 2413 tua).
1457 2395 1552 2414 rursus
1576 2386 1783 2422 amplitudinem

997 2430 1230 2464 capacitatemque
1257 2435 1426 2465 perspectam
1452 2431 1582 2462 habeam,
1611 2435 1702 2458 tacere
1729 2439 1783 2457 non

997 2473 1095 2506 audeo,
1112 2482 1146 2501 ne
1163 2475 1275 2502 accuser
1291 2475 1405 2502 inertire.
1427 2474 1554 2503 Stimulat
1573 2475 1655 2503 etiam
1674 2484 1717 2503 me
1734 2476 1786 2503 dc-

997 2519 1139 2551 siderium,
1156 2521 1227 2555 quod
1245 2520 1335 2547 brevis
1356 2526 1519 2556 conspectus
1541 2521 1579 2548 tui
1603 2526 1698 2556 gustus
1714 2522 1783 2556 inje-

997 2565 1043 2592 cit.
1056 2565 1207 2598 Quominus
1222 2567 1295 2593 cuitu
1311 2566 1358 2594 illo
1373 2567 1498 2598 satiarer,
1514 2567 1619 2593 obstitit
1633 2567 1784 2594 beatissimi

996 2608 1070 2636 illitts
1084 2609 1135 2636 viri
1154 2610 1266 2637 morbus
1281 2614 1308 2637 et
1328 2611 1428 2638 obitus.
1446 2611 1523 2638 Unde
1540 2619 1613 2638 nunc
1630 2611 1719 2638 solatii
1740 2620 1783 2638 rr—

997 2655 1117 2682 medium
1134 2663 1167 2682 ex
1184 2656 1283 2684 litteris
1302 2661 1391 2691 capto.
1410 2657 1604 2685 Universorum
1625 2662 1714 2684 autem
1730 2657 1785 2684 Do-

999 2702 1102 2728 minunt
1119 2710 1178 2734 oro,
1194 2708 1223 2729 ut
1235 2703 1297 2731 vita:
1313 2707 1364 2730 tua:
1380 2711 1489 2730 cursum
1506 2709 1590 2739 regat,
1603 2703 1784 2738 secundisque

999 2756 1106 2782 semper
1131 2748 1219 2775 ventis
1245 2749 1387 2782 provehat,
1407 2753 1436 2775 ut
1463 2749 1635 2783 providentia
1661 2753 1704 2776 tua
1731 2748 1784 2775 [ιιιί

999 2801 1094 2820 omnes
1111 2794 1255 2828 pOSsimus.

195 2887 250 2924 (ὅτ)
272 2887 458 2923 Interpretatio
487 2889 566 2924 hujus
587 2889 705 2924 epistolae
732 2889 825 2916 Latina
854 2894 893 2918 est
918 2890 945 2918 in
965 2892 1073 2920 Baronii
1090 2895 1189 2923 .lmml.
1209 2896 1242 2924 ad
1258 2905 1321 2925 ann.
1339 2897 1400 2931 445,
1415 2901 1434 2925 t.
1453 2897 1496 2931 VI,
1512 2906 1539 2934 p.
1554 2899 1596 2926 50.
