1962 3051
178 186 243 219 1231

427 243 496 271 LIX.
511 258 544 263 —-
560 242 719 272 Claudiano.

213 298 341 327 Sinceras
353 298 487 326 amicitias
499 305 550 326 nec
562 297 712 325 dissolvere
726 297 851 324 locorum
865 296 969 324 distan-

177 344 215 372 tia
232 348 332 379 potest,
350 351 399 370 nec
417 348 525 378 tempus
543 348 695 371 attenuare.
711 343 881 378 Corporibus
894 342 969 370 enim

177 393 268 422 nocet,
288 389 438 423 ﬂoremque
455 389 544 416 aetatis
560 389 653 424 eripit,
670 393 698 417 et
715 389 821 416 senium
840 389 945 416 inducit
960 397 967 415 ι

177 433 306 461 amicitia:
319 438 410 461 autem
430 433 485 460 vim
501 438 592 468 auget,
607 434 684 469 plura
699 441 849 469 suggerens
869 434 969 461 incita.

177 484 279 507 menta.
303 480 450 515 Propterea
469 486 498 507 et
517 488 568 516 ego
583 481 677 508 multis
693 488 708 508 a
728 485 773 508 tua
793 481 970 516 magniﬁcen-

178 525 216 551 tia
231 524 336 552 distans
349 526 524 557 stationibus,
537 526 725 553 salutatoriam
739 526 810 553 hanc
825 527 968 561 epistolam

178 571 280 603 scribo,
301 571 429 598 amicitiae
447 571 574 598 videlicet
589 571 708 598 stimulis
722 571 861 599 incitatus.
878 572 885 581 ⁸
903 571 969 606 Ejus

178 623 245 642 vero
261 616 332 642 lator
346 621 388 643 est
402 616 550 643 Patroinus
571 615 761 648 draconarius,
774 617 816 643 vir
832 617 868 643 ob
885 616 968 644 animi

176 661 307 687 virtutem
329 661 483 687 reverentia
503 660 681 696 dignissimus
699 670 704 686 :
719 662 819 696 quippe
836 662 881 696 qui
896 661 967 688 divi~

177 706 220 732 nis
242 705 349 739 legibus
369 713 465 741 magna
486 713 547 732 cum
569 706 710 733 alacritate
731 706 845 741 obsequi
865 706 965 733 studct.

177 751 228 778 Per
250 751 324 778 hunc
334 759 400 786 ergo
413 759 447 778 ne
461 759 543 786 grave
553 752 600 784 sit,
615 752 657 779 v‘ir
669 753 903 787 praestantissime,
918 753 967 779 de-

172 795 353 823 siderabilem
369 796 450 823 nobis
467 797 572 832 1113
594 797 771 825 sublimitatis
792 802 844 825 tum
862 798 967 825 valetu—

175 841 269 868 dinem
294 842 440 874 nuntiare,
465 850 527 870 cum
555 843 727 878 optatissimo
749 844 823 871 exitu
848 844 966 879 promis-

177 887 272 915 sionis.

282 944 337 972 LX.
355 959 390 965 —-
405 945 530 972 υἱοπονο
546 947 665 982 episcopo
681 946 861 974 Alexandria’.

211 1001 302 1029 Multis
321 1001 432 1037 quidem
454 1006 482 1030 et
504 1003 565 1030 aliis
581 1003 731 1031 virtutibus
750 1003 890 1039 przeditam
906 1011 966 1031 esse

175 1048 303 1075 audimus
326 1049 498 1076 sanctitatem
522 1053 597 1076 tuam
623 1050 712 1085 (velox
735 1049 869 1084 siquidem
896 1049 966 1076 fama

175 1101 395 1128 quaquaversum
412 1093 570 1121 discurrens
584 1095 706 1121 omnium
723 1102 804 1122 aures
819 1095 905 1130 gloria
921 1099 966 1121 tua

175 1138 330 1174 implevit);
347 1139 465 1167 maxime
483 1143 573 1168 tamen
596 1140 745 1175 przedicant
769 1148 865 1168 omnes
882 1140 967 1168 animi

174 1185 348 1218 modestiam,
368 1193 451 1220 quam
473 1186 532 1221 lege
553 1186 679 1213 sanciens
693 1186 825 1214 Dominus
846 1186 966 1222 seipsum

174 1231 254 1259 nobis
275 1232 429 1266 exemplum
448 1232 714 1267 proposuitdiceus:
732 1243 741 1258 ι
756 1233 858 1260 Discite
875 1241 890 1261 a
911 1241 965 1267 me,

174 1275 239 1310 quia
253 1276 328 1303 mitis
343 1283 403 1303 sum
419 1280 447 1303 et
461 1276 574 1304 humilis
592 1276 676 1304 corde
690 1276 722 1304 ³⁷.
742 1287 751 1303 ι
775 1277 876 1305 Natura
893 1279 966 1305 enim

174 1329 236 1349 eum
251 1321 286 1349 sit
296 1322 431 1354 excelsus,
448 1323 490 1349 vel
504 1323 596 1357 potius
609 1323 812 1351 excelsissimus
822 1324 904 1356 Deus,
917 1325 968 1351 mi—

174 1372 229 1394 tem
245 1372 272 1394 et
287 1367 419 1394 humilem
441 1368 561 1395 animum
583 1374 709 1404 suscepta
729 1376 812 1396 carne
828 1370 964 1404 probavit.

175 1413 205 1440 In
224 1413 301 1440 illum
321 1421 388 1449 ergo
409 1414 531 1447 intuens,
548 1414 668 1447 domine,
683 1415 856 1442 subditorum
872 1416 965 1443 multi-

126 1460 130 1465 ‘
175 1460 300 1496 tudinem
322 1468 378 1487 non
401 1460 526 1495 respicis,
544 1469 632 1495 neque
652 1461 725 1488 sedis
746 1461 964 1490 sublimitatem:

174 1505 224 1533 sed
246 1510 371 1533 naturam
392 1511 510 1541 spectas,
521 1510 550 1533 et
562 1507 697 1534 volubiles
712 1507 775 1534 vitae
789 1508 965 1541 mutationes,

173 1550 331 1586 divinisque
351 1551 458 1587 legibus
479 1552 650 1587 obsequeris,
670 1561 788 1588 quarum
810 1553 966 1583 observatio

174 1597 252 1632 regni
266 1597 399 1624 caelorum
411 1601 454 1625 est
465 1598 646 1625 conciliatrix.
660 1598 715 1626 llac
729 1607 780 1634 ego
791 1599 826 1626 de
837 1600 966 1628 sanctita-

173 1642 212 1669 tis
233 1645 288 1669 tuae
310 1642 464 1670 humilitate
483 1642 585 1669 certior
604 1643 703 1676 factus,
725 1652 833 1671 sacrum
854 1645 965 1680 Deoque

174 1687 290 1714 charum
305 1692 389 1722 caput
404 1691 481 1714 tuum
499 1696 548 1723 per
560 1688 667 1715 litteras
682 1689 809 1724 amplecti
823 1690 922 1723 audeo,
937 1695 966 1719 et

172 1740 273 1767 preces
286 1732 373 1760 offero
393 1741 509 1768 quarum
529 1733 635 1761 fructus
647 1738 689 1761 est
704 1735 787 1762 salus.
800 1735 903 1763 Auctor
914 1744 965 1764 au-

174 1783 232 1806 tem
259 1778 326 1806 mihi
351 1779 504 1806 litterarum
529 1779 641 1806 istarum
666 1779 718 1807 fuit
744 1781 966 1816 religiosissimus

175 1823 320 1859 presbyter
340 1824 478 1852 Eusebius
500 1833 507 1851 :
530 1825 609 1860 cujus
631 1825 703 1853 istuc
721 1825 917 1861 profectionem
936 1833 966 1855 ut

175 1870 301 1904 cognovi,
319 1870 462 1904 epistolam
475 1870 544 1898 hanc
555 1871 668 1903 dictavi,
683 1875 755 1898 tuam
769 1879 850 1900 orans
862 1873 964 1900 sancti—

174 1918 271 1944 tatem.
287 1918 343 1940 tum
369 1918 399 1941 ut
421 1915 550 1949 precibus
574 1915 632 1943 suis
655 1923 706 1943 nos
729 1911 834 1949 fulciat,
857 1921 914 1944 tum
935 1921 966 1945 ut

176 1958 276 1986 litteris
297 1959 439 1994 spirituale
459 1961 615 1988 convivium
635 1961 749 1995 inserat,
767 1963 966 1992 esurientibus-

174 2011 228 2038 que
245 2003 417 2032 admirandas
432 2005 580 2033 verborum
596 2007 691 2042 epulas
707 2008 807 2035 mittat.

294 2146 402 2182 11ιῆ¹
417 2146 486 2174 LXI.
501 2162 535 2166 —
548 2148 670 2175 Ara/tibia
684 2148 843 2184 presbytero.

208 2202 276 2229 Cum
296 2202 366 2229 duas
390 2210 479 2237 nuper
499 2208 551 2231 tuae
570 2203 680 2238 pietatis
695 2204 826 2239 epistolas
842 2205 964 2240 accepis-

173 2297 202 2320 et
228 2293 277 2320 Dei
305 2294 494 2342 amautlssimo
519 2295 680 2331 presbytero
708 2296 828 2324 Eusebio
859 2297 964 2325 litteras

172 2338 247 2366 dedi.
268 2338 450 2367 Cunctatione
470 2346 562 2368 autem
580 2341 698 2376 quadam
721 2342 874 2378 interjccta,
890 2343 963 2378 quod

172 2392 292 2419 praesens
311 2389 371 2412 erat
394 2385 508 2414 dilatum
530 2391 582 2414 est.
600 2387 720 2423 Tempus
739 2389 813 2416 enim
834 2389 964 2425 deinceps

172 2430 245 2457 intra
258 2434 354 2465 portus
367 2431 475 2467 navigia
490 2433 636 2466 continuit,
649 2434 731 2461 maris
745 2435 879 2462 denotans
893 2439 962 2462 tem-

171 2480 320 2511 pestatem,
344 2481 372 2505 et
392 2482 491 2505 nautas
514 2479 766 2514 gubernatoresque
791 2488 898 2508 cessare
917 2481 963 2515 ju-

171 2522 250 2549 bens.
267 2522 506 2557 lnpnesenliarum
530 2532 596 2559 ergo
620 2525 743 2552 debitum
760 2527 881 2559 exsolvo,
907 2535 962 2554 non

172 2572 202 2595 ut
215 2575 270 2595 non
282 2567 408 2601 debeam,
422 2569 470 2596 sed
489 2574 519 2596 ut
538 2570 662 2598 debitum
679 2579 803 2606 augeam.
818 2571 874 2599 lloc
888 2572 962 2599 enim

169 2613 294 2640 debitum
310 2614 454 2649 multiplex
472 2616 479 2624 '
493 2615 598 2642 lit‘cum
613 2616 741 2643 solvitur.
755 2616 823 2643 Nam
834 2617 880 2651 qui
895 2617 964 2644 ami-

169 2657 241 2685 citia:
265 2657 338 2692 leges
362 2666 472 2686 scrvare
500 2660 620 2692 student,
642 2659 776 2695 philtrum
801 2666 914 2692 acuunt,
935 2666 962 2688 et

169 2703 313 2731 ardentius
332 2703 465 2737 elliciunt,
487 2704 629 2740 facemque
645 2706 766 2734 excitant
782 2714 816 2734 cx
829 2707 959 2742 scintilla,

203 2783 227 2802 ³⁷
242 2782 338 2811 Matth.
351 2790 398 2815 xu,
407 2782 453 2811 29.

205 2863 260 2898 (58)
276 2862 378 2898 Eadem
395 2861 507 2898 epistola
521 2861 604 2889 latine
619 2864 662 2888 est
676 2859 748 2896 apud
763 2859 909 2887 Baronium
923 2859 958 2887 ad

167 2905 195 2927 ι.
211 2896 274 2931 ιιι,
291 2902 310 2923 ι.
326 2896 371 2927 vi,
386 2903 414 2930 ρ.
427 2896 473 2922 ea.

671 182 914 215 THEODORETI
934 180 1102 211 EPISCOPI
1122 183 1305 214 CYRENSIS

1741 183 1810 217 1232

1255 241 1319 268 N9.
1335 256 1370 262 —-
1385 241 1572 275 Κλαυδιανῷ.

1056 294 1112 327 Τὰς
1126 295 1280 331 εἰλικρινεῖς
1293 297 1385 332 φιλίας
1402 297 1465 324 οὔτε
1479 297 1579 334 τοπικὴ
1595 297 1735 330 διάστασις
1752 297 1810 324 δια-

1019 340 1095 368 λύειν
1113 341 1210 377 ἰσχύει,
1227 341 1289 369 οὗτε
1303 343 1397 378 χρόνος
1415 344 1555 379 ὲξιτήλους
1572 343 1729 380 ἐργάζεται.
1747 343 1810 374 Τοῖς

1022 386 1072 421 μὲν
1091 386 1145 422 γὰρ
1157 387 1264 422 σώμασι
1279 389 1448 423 λυμαίνεται,
1466 389 1513 416 καὶ
1525 389 1555 416 τὸ
1580 390 1630 424 μὲν
1645 388 1724 421 ἄνθος
1740 390 1809 416 ἀπο-

1020 433 1098 468 συλᾷ,
1113 432 1143 459 τὺ
1157 433 1186 459 δὲ
1199 436 1288 469 γῆρας
1304 434 1402 469 ὲπάγει
1415 444 1423 452 ο
1439 435 1490 468 τῆς
1502 435 1530 462 δέ
1543 444 1574 470 γε
1587 435 1678 469 φιλίας
1692 434 1769 468 αὔξει
1780 435 1809 461 τὸ

1019 477 1110 509 ἄνθος,
1123 477 1235 504 πλείονα
1250 478 1413 514 προσφέρων
1423 479 1457 505 τὰ
1474 478 1599 514 ζώπυρα.
1618 479 1668 505 Διά
1675 487 1716 505 τοι
1731 477 1809 505 τοῦτο

1019 522 1097 557 κάγὼ
1108 523 1216 555 πολλοῖς
1231 523 1361 558 σταθμοῖς
1371 524 1420 559 τῆς
1434 524 1484 558 σῆς
1504 524 1743 560 μεγαλοπρεπείας
1755 525 1808 558 ὰφ-

1019 568 1153 604 εστηκὼς,
1169 570 1219 604 τὴν
1231 569 1417 605 προσρητικὴν
1431 570 1534 604 ταύτην
1546 570 1691 605 ἐπιστολὴν
1699 570 1808 604 γράφω,

1018 616 1073 644 τοῖς
1089 616 1138 649 τῆς
1154 615 1245 648 φιλίας
1255 615 1375 650 δηλονότι
1390 616 1551 650 νυττόμενος
1573 615 1707 648 κέντροις.
1721 615 1810 649 Κομι-

1018 660 1060 692 ζει
1074 660 1101 687 δὲ
1117 660 1220 695 ταύτην
1242 661 1397 697 Πατρωῖνος
1413 661 1613 697 δρακωνάριος,
1631 660 1700 695 ἀνὴρ
1717 660 1810 692 αἰδοῦς

1017 705 1165 738 ἀξιώτατος
1175 706 1218 732 διὰ
1228 706 1276 741 τὴν
1287 707 1336 742 τῆς
1345 707 1435 742 ψυχῆς
1447 707 1547 742 ἀρετήν
1557 714 1563 720 ·
1577 706 1640 737 τοὺς
1654 705 1708 740 γὰρ
1719 704 1809 736 θείους

1018 750 1116 786 νόμους
1132 752 1201 787 μετὰ
1216 752 1316 787 πολλῆς
1330 753 1474 786 φυλάττειν
1485 751 1639 787 προθυμίας
1656 750 1807 784 ἐπείγεται,

1019 796 1144 832 Μηνῦσαι
1155 797 1244 824 τοίνυν
1255 799 1321 833 ἡμῖν
1334 799 1368 825 δι’
1381 798 1474 829 αὑτοῦ,
1493 796 1714 833 θαυμασιώτατε,
1725 803 1808 822 κατα-

1019 841 1115 873 ξίωσον
1124 843 1172 878 τὴν
1180 843 1345 877 ἁξιάγαστον
1356 845 1423 879 ἡμῖν
1437 843 1484 870 τοῦ
1496 843 1544 870 σοῦ
1560 841 1692 878 μεγέθους
1701 841 1806 876 ὑγείαν,

1019 889 1066 915 καὶ
1081 889 1111 915 τὸ
1125 890 1287 925 τριπόθητον
1304 891 1353 925 τῆς
1367 889 1542 925 ὑποσχέσεως
1559 888 1659 922 πέρας,

1035 945 1073 972 Ξτ.
1089 959 1120 966 -
1133 946 1284 980 Διοσκόρῳ
1299 946 1456 979 ἐπισκόπει)
1477 944 1705 978 Ἀλεξανδρείας
1720 942 1788 979 (58).

1054 1002 1165 1034 Πολλοῖς
1181 1003 1230 1038 μὲν
1247 1003 1301 1038 γὰρ
1314 1003 1404 1034 ἄλλοις
1418 1002 1518 1029 εἴδεσιν
1534 1001 1634 1037 ἀρετῆς
1646 999 1806 1034 κοσμεῖσθαι

1017 1048 1066 1083 τὴν
1076 1049 1126 1084 σὴν
1136 1049 1291 1084 ἁγιωσύνην
1302 1049 1438 1084 ἀκούομεν
1456 1049 1620 1082 (ὑπόπτερος
1632 1046 1712 1082 γὰρὴ
1726 1045 1805 1080 φήμη

1018 1094 1135 1121 πάντοσε
1145 1095 1332 1130 διαδραμοῦσα
1345 1095 1395 1130 τῆς
1408 1095 1458 1130 σῆς
1474 1094 1598 1125 εὐκλείας
1615 1093 1664 1123 τὰς
1679 1091 1806 1118 ἁπάντων

1018 1141 1166 1177 ἐνέπλησεν
1184 1140 1297 1177 ἁκοάς)·
1308 1141 1356 1177 οὑχ
1371 1142 1471 1176 ἥκιστα
1486 1140 1514 1167 δὲ
1532 1139 1651 1170 ἅπαντες
1670 1138 1762 1174 ᾄδουσι
1775 1136 1807 1163 τὸ

1016 1185 1064 1212 τοῦ
1081 1187 1255 1221 φρονήματος
1277 1187 1405 1222 μέτριον·
1427 1185 1441 1212 δ
1460 1185 1614 1220 νομοθετῶν
1634 1185 1648 1210 ὁ
1667 1183 1806 1217 Δεσπότης

1017 1230 1116 1258 ἑαυτὸν
1132 1231 1198 1266 ἡμῖν
1217 1230 1369 1265 ἀρχέτυπον
1389 1229 1545 1266 προῦθηκεν
1559 1250 1567 1262 ,
1589 1238 1598 1254 ι
1618 1227 1737 1257 Μάθετε,
1761 1225 1807 1251 λέ-

1016 1284 1082 1310 γων,
1098 1277 1146 1302 ἀπ’
1163 1276 1241 1311 ἐμοῦ,
1257 1277 1298 1302 ὅτι
1315 1277 1402 1312 πρᾶός
1419 1277 1477 1310 εἰμι
1489 1275 1536 1302 καὶ
1546 1273 1673 1304 ταπεινὸς
1686 1274 1718 1307 τῇ
1736 1279 1805 1306 καρ-

1015 1322 1069 1358 δίᾳ.
1086 1331 1095 1348 ι
1115 1321 1198 1348 Φύσει
1208 1322 1262 1357 γὰρ
1273 1322 1311 1348 ὢν
1322 1321 1434 1356 ὑψηλὸς,
1449 1320 1549 1356 μᾶλλον
1561 1320 1589 1346 δὲ
1603 1318 1714 1353 ὕψιστος
1728 1317 1805 1349 Θεδς,

1015 1367 1046 1394 τὸ
1061 1369 1146 1403 πρᾶον
1160 1367 1207 1394 καὶ
1221 1368 1351 1394 ταπεινὸν
1360 1367 1575 1402 ὲνανῦρωπήσας
1583 1365 1726 1400 ὴσπάσατο
1740 1363 1806 1398 φρό-

1015 1421 1100 1448 νημα.
1114 1414 1160 1444 Εἰς
1175 1413 1257 1440 αὑτὸν
1272 1411 1318 1440 οὖν
1333 1413 1454 1448 ἀφορῶν,
1467 1413 1515 1447 οὐχ
1525 1412 1601 1447 ὁρᾷς,
1613 1411 1740 1441 δέσποτα,
1752 1408 1806 1434 τῶν

1016 1459 1176 1494 ἀρχομένων
1191 1458 1222 1485 τὺ
1248 1458 1347 1493 πλῆθος
1364 1478 1372 1490 ,
1399 1457 1459 1485 οὐδὲ
1479 1457 1533 1484 τῶν
1550 1456 1653 1492 θρόνων
1675 1455 1706 1481 τὸ
1727 1454 1804 1489 ὕψος.

1015 1504 1084 1531 ἀλλὰ
1101 1505 1150 1540 τὴν
1166 1504 1246 1538 φύσιν
1264 1504 1384 1540 βλέπεις,
1401 1504 1449 1530 καὶ
1464 1504 1512 1535 τὰς
1533 1501 1734 1537 ἀγχιστρόφους
1757 1498 1804 1526 τοῦ

992 1583 999 1593 .
1018 1549 1075 1584 βίον
1089 1550 1251 1584 μεταόολὰς,
1265 1550 1376 1582 καὶτοῖς
1392 1550 1472 1581 θείοις
1484 1550 1574 1584 νόμοις
1589 1547 1756 1579 ἀκολουθεῖς,
1767 1543 1805 1593 ὧν

1017 1596 1034 1630 ἡ
1051 1595 1158 1631 φυλακὴ
1173 1595 1300 1631 προξενεῖ
1313 1595 1367 1622 τῶν
1379 1595 1500 1631 οὐρανῶν
1511 1595 1560 1630 τὴν
1572 1594 1721 1630 βασιλείαν.
1738 1592 1806 1620 Ταύ-

1015 1650 1065 1677 την
1081 1650 1129 1668 σου
1141 1643 1190 1676 τῆς
1205 1641 1345 1676 ὁσιότητος
1357 1642 1406 1676 τὴν
1420 1641 1672 1676 ταπεινοφροσύνην
1685 1639 1803 1671 ἁκούων,

1016 1685 1110 1722 θαρρῶ
1125 1686 1169 1712 διὰ
1182 1686 1356 1722 γραμμάτων
1371 1685 1420 1721 τὴν
1438 1685 1512 1721 ἱεράν
1527 1694 1573 1711 σου
1589 1685 1636 1711 καὶ
1651 1684 1711 1719 Θεῴ
1725 1683 1805 1718 ςὶλην

1020 1731 1243 1766 περιπτύξασθαι
1273 1730 1408 1766 κεφαλὴν,
1425 1731 1472 1757 καὶ
1493 1729 1646 1766 προσευχὰς
1666 1728 1805 1763 ἀπαγγέλ-

1015 1777 1055 1805 λω
1075 1777 1142 1813 (39),
1167 1774 1204 1804 ὧν
1227 1778 1241 1804 ὁ
1265 1777 1370 1813 καρπὸς
1389 1777 1521 1813 σωτηρία.
1548 1776 1682 1812 Πρόξενος
1700 1775 1728 1802 δέ
1759 1783 1804 1810 μοι

1015 1823 1118 1850 τούτων
1137 1823 1282 1859 γεγένηται
1296 1823 1350 1850 τῶν
1373 1823 1546 1859 γραμμάτων
1564 1823 1578 1848 ὁ
1594 1821 1803 1851 θεοσεῦέστατος

1016 1869 1201 1905 πρεσόύτερος
1226 1863 1374 1900 Εὺσὲϐὶος’
1397 1867 1446 1903 τὴν
1469 1867 1565 1894 αὐτόσε
1581 1866 1635 1901 γὰρ
1649 1865 1804 1899 ἀποδημίαν

1017 1915 1099 1942 αὑτοῦ
1115 1914 1218 1951 μαθὼν,
1231 1914 1387 1950 παραυτίκα
1400 1914 1449 1949 τὴν
1459 1913 1601 1948 ἐπιστολὴν
1613 1911 1802 1946 ὐπηγόρευσα,

1017 1959 1185 1995 παρακαλῶν
1211 1968 1257 1986 σου
1285 1959 1333 1995 τὴν
1363 1959 1514 1994 ἀγιότητα,
1547 1959 1607 1989 ταῖς
1636 1957 1684 1992 μὲν
1710 1956 1802 1991 εὐχαῖς

1016 2006 1090 2041 ἡμᾶς
1105 2005 1162 2040 (40)
1183 2006 1336 2039 ὑπερεῖσαι,
1350 2007 1405 2036 τοῖς
1420 2004 1446 2031 δὲ
1458 2004 1603 2040 γράμμασι
1614 2002 1662 2037 τὴν
1679 2009 1803 2035 πνευμα-

1015 2050 1095 2086 τικὴν
1119 2050 1279 2077 πανδαισίαν
1304 2049 1430 2082 ἐνθεῖναι,
1454 2050 1502 2076 καὶ
1517 2047 1646 2085 πεινῶσιν
1661 2046 1804 2081 ἐκπέμψαι

1015 2095 1067 2130 τὴν
1082 2094 1247 2129 ἀξιάγαστον
1259 2095 1313 2121 τῶν
1325 2094 1412 2129 λόγων
1427 2095 1555 2129 εὐωχίαν.

1169 2150 1230 2178 ΞΝ.
1244 2165 1280 2171 --
1300 2151 1435 2185 Ἀρχιϐίῳ
1449 2149 1649 2184 πρεσϐυτέρῳ.

1050 2207 1108 2234 Οὐκ
1120 2205 1248 2241 ἠμέλησα
1260 2206 1309 2238 τὰς
1323 2205 1369 2233 δύο
1380 2206 1476 2243 πρώην
1492 2204 1637 2240 δεξάμενος
1647 2204 1803 2235 ἐπιστολὰς.

117 2256 121 2261 ·
173 2255 241 2279 sem,
259 2256 313 2274 non
336 2253 500 2283 aspernatus
523 2257 594 2282 sum,
616 2250 664 2277 sed
685 2251 783 2286 scripsi
804 2259 819 2278 e
838 2252 963 2287 vestigio,

1018 2252 1075 2279 ἀλλ’
1096 2252 1240 2278 ἐπέστειλα
1266 2251 1434 2287 παραυτίκα,
1465 2251 1511 2277 καὶ
1537 2250 1576 2286 τῷ
1606 2250 1804 2284 θεοφιλεστάτη)

1015 2297 1195 2334 πρεσϐυτέρῳ
1209 2297 1333 2332 Εὐσεὸίῳ
1347 2296 1381 2323 τὰ
1397 2297 1551 2332 γράμματα
1566 2295 1679 2322 δέδωκα.
1698 2295 1804 2330 Μελλή-

1017 2351 1085 2374 σεως
1107 2341 1135 2368 δὲ
1157 2341 1308 2377 γενομένης
1331 2340 1414 2373 τινὸς,
1437 2341 1466 2367 τὸ
1482 2340 1568 2376 παρὸν
1585 2339 1632 2366 νῦν
1646 2339 1802 2366 ἀνεϐάλετο.

1020 2388 1052 2414 Ἦ
1075 2387 1129 2422 γὰρ
1151 2387 1211 2423 ὥρα
1237 2386 1331 2413 λοιπὸν
1345 2386 1411 2412 εῖσω
1434 2385 1489 2412 τῶν
1513 2385 1630 2421 λιμένων
1646 2386 1754 2420 κατεῖχε
1769 2384 1804 2411 τὰ

1015 2432 1119 2467 σκάφη,
1137 2431 1184 2458 τοῦ
1212 2431 1350 2465 πελάγους
1367 2429 1549 2457 ὑποδεικνῦσα
1571 2430 1620 2465 τὴν
1643 2429 1740 2464 ζάλην.
1756 2430 1803 2455 καὶ

1016 2477 1116 2509 ναύτας
1130 2476 1176 2503 καὶ
1191 2476 1362 2511 κυῦερνήτας
1378 2475 1591 2503 διαναπαύουσα.
1620 2474 1733 2502 Ἐκτίνω
1748 2474 1803 2500 τοί-

1016 2533 1063 2551 νυν
1090 2523 1148 2550 τὸδε
1175 2522 1220 2548 ὲπὶ
1244 2522 1290 2549 τοῦ
1318 2523 1452 2557 παρόντος
1469 2521 1499 2548 τὸ
1515 2521 1605 2557 χρέος,
1622 2522 1670 2556 οὐχ
1695 2521 1738 2547 ἴνα
1764 2520 1802 2555 μὴ

1013 2569 1124 2604 ὀφείλω,
1150 2568 1208 2595 ἀλλ’
1237 2567 1280 2594 ἵνα
1297 2567 1327 2594 τὸ
1348 2568 1427 2603 χρέος
1452 2567 1572 2602 αὑξὴσω.
1597 2566 1682 2593 Τοῦτο
1703 2567 1757 2602 γὰρ
1771 2566 1803 2592 τὸ

1012 2616 1123 2652 δφλημα
1135 2614 1336 2641 πολλαπλάσιον
1352 2613 1557 2648 ἐπιτιννύμενον
1573 2613 1686 2647 γίνεται.
1700 2614 1730 2639 ΟΞ
1747 2613 1802 2648 γὰρ

1013 2661 1160 2696 φυλάττειν
1189 2659 1385 2690 ἐσπουδακότες
1409 2659 1458 2693 τῆς
1484 2658 1575 2692 φιλίας
1602 2659 1663 2688 τοὺς
1690 2658 1800 2692 νόμους,

1012 2707 1166 2743 ἐρεθίζουσι
1183 2704 1214 2731 τὸ
1230 2704 1350 2740 φίλτρον,
1375 2706 1423 2730 καὶ
1447 2703 1612 2740 θερμότερον
1631 2704 1802 2739 ἀπεργάζον-

1061 2858 1105 2894 59)
1121 2858 1280 2894 ξπαγγέλλω
1292 2858 1377 2894 Neap.

1061 2858 1094 2886 59
1121 2858 1280 2892 ἐπαγγέλλω
1292 2858 1377 2894 Neap.

1048 2858 1105 2929 (40)
1121 2893 1164 2921 Sic
1179 2893 1263 2929 Neap.
1278 2892 1440 2922 Sirmoudus
1457 2892 1574 2920 habebat
1589 2893 1675 2928 ὑμῶν.
