1962 3051
169 167 240 202 I233

834 170 1015 200 EPISTOLA
1034 170 1142 200 LXIII.
1163 156 1170 161 “

1723 170 1791 203 1238

166 232 223 258 ται,
238 223 284 250 καὶ
295 223 340 250 τὸν
353 225 488 260 σπινθῆρα
497 225 603 252 ποιοῦσι
619 226 722 262 πυρσόν
733 235 740 242 ι
752 226 803 252 ὑπὸ
817 226 844 253 δὲ
857 226 952 252 τούτου

1008 229 1032 252 et
1044 225 1096 252 hac
1110 225 1168 252 face
1184 225 1291 252 accensi
1310 231 1403 252 amore
1422 228 1528 251 certant
1545 223 1671 256 invicem,
1687 229 1711 251 et
1730 226 1790 252 vin-

167 269 396 305 πυρπολούμενοι,
406 271 483 306 νικᾷν
496 271 628 306 ἀλλήλους
641 272 679 306 τῷ
694 272 769 306 πόοῳ
783 271 954 307 φιλοτιμοῦν-

1004 278 1067 298 cere
1087 274 1230 297 conantur.
1249 269 1349 304 Accipe
1368 277 1433 305 ergo
1455 269 1652 301 defensionem,
1669 270 1711 296 vir
1725 271 1792 298 mihi

167 322 222 341 ται.
236 315 413 347 Δέξαιτοίνυν
425 316 473 349 τὴν
489 315 645 350 ἀπολογίαν,
660 313 683 343 ὦ
701 316 836 351 σεϐασμία
850 325 894 351 μοι
909 324 954 342 κε-

1008 314 1170 346 venetjande,
1183 318 1211 342 et
1225 314 1259 341 da
1276 314 1393 346 veniam,
1407 314 1605 349 epistolamque
1625 314 1714 346 mitte,
1731 323 1793 350 qua;

168 359 250 395 φαλὴ,
279 360 327 386 καὶ
353 360 397 392 δὺς
424 361 472 396 τὴν
494 363 675 399 συγγνώμην,
691 363 738 389 καὶ
762 361 869 397 πέμψον
887 363 953 397 ἡμῖν

1008 361 1038 389 de
1051 360 1237 388 incolumitate
1251 365 1296 388 tua
1309 361 1442 388 certiores
1455 368 1505 387 nos
1517 359 1608 387 laciat.

168 403 322 439 ἐπιστολὴν,
337 405 387 439 τὴν
400 406 449 440 σὴν
463 406 557 440 ὑγείαν
575 407 739 443 μηνύουσαν.

325 461 383 489 ΞΒ¹.
399 478 433 483 -—
455 462 574 498 Ἰωάννῃ
593 464 793 498 πρεσϐυτέρῳ.

202 508 239 534 Τὸ
247 508 325 535 Λάϐε
331 508 458 541 βιώσας,
473 509 566 544 εἴρηκε
581 510 631 545 μέν
643 518 685 542 τις
696 511 749 537 τῶν
757 511 840 537 πάλαι
854 509 952 537 καλου-

168 553 256 588 μένων
273 554 372 597 σοφῶν.
394 554 463 587 Ἐγὼ
473 554 501 581 δὲ
515 554 562 590 τὴν
574 555 687 591 γνώμην
702 556 858 588 ἐπαινέσας,
875 555 952 582 ἐϐου-

166 599 252 634 λήθην
275 599 348 634 ἐργῳ
370 598 518 634 βεϐαιῶσαι
534 599 580 626 τὸν
594 600 683 634 λόγον.
703 601 785 628 Οὐδὲν
801 601 855 637 γὰρ
872 601 952 628 ἀπει-

167 644 214 675 κὸς
225 644 317 679 ᾠήθην
331 645 428 676 ποιεῖν,
444 644 490 670 καὶ
503 645 578 680 παρὰ
593 645 648 672 τῶν
665 646 751 673 ἄλλων
771 647 907 681 συλλέγων
922 646 952 673 τὸ

166 689 312 727 χρήσιμον.
327 689 380 715 Καὶ
395 690 449 725 γὰρ
458 690 508 721 τὰς
522 691 649 725 μελίττας
660 691 752 726 φασὶν,
761 691 811 718 οὐκ
826 692 880 718 ἀπὸ
890 692 952 719 ἐδω-

165 735 252 770 δίμων
275 735 373 770 μόνον,
387 735 455 762 ἀλλὰ
478 736 525 762 καὶ
545 736 599 763 ἀπὸ
618 736 671 764 τῶν
699 737 805 773 πικρῶν
821 737 950 773 βοτανῶν,

167 781 213 807 καὶ
238 781 271 807 τὰ
296 782 379 817 κηρία
406 782 555 817 συλλέγειν,
580 783 626 810 καὶ
651 783 701 819 τὴν
715 784 844 818 γλυκεῖαν
857 784 952 820 δρόσον

167 825 310 860 ἀρύεσθαι.
324 825 402 853 Εἶδον
416 826 444 852 δὲ
457 827 545 861 ἔγωγε
563 827 610 854 καὶ
621 827 733 863 πέτραις
747 827 854 862 ἀγόνοις
865 828 952 859 ὲνιζα-

165 871 273 904 νοὸσας,
303 872 350 898 καὶ
379 872 428 907 τὴν
456 872 545 899 νοτίδα
567 873 617 908 τὴν
641 873 739 908 ὀλίγην
764 873 950 908 ἀνιμωμένας.

167 916 260 952 Πολλῷ
274 917 302 944 δὲ
312 917 446 953 δήπουθεν
462 918 640 954 δικαιότερον,
662 919 723 950 τοὺς
738 918 776 954 τῷ
792 919 863 954 λόγῳ
879 927 952 945 τετι-

168 963 308 998 μημένους
324 964 456 991 πάντοθεν
472 964 644 1000 καρποῦσθαι
657 964 706 1000 τὴν
721 965 865 999 ὠφέλειαν.
881 964 953 999 Ἐγὼ

168 1009 219 1045 μὲν
234 1007 290 1041 οὖν⁷
308 1010 345 1042 ὼς
364 1011 443 1046 ἔφην,
455 1011 593 1046 πειρῶμαι
609 1011 762 1044 λανθάνειν,
781 1011 828 1039 καὶ
845 1012 953 1039 πάντων

168 1055 287 1090 μάλιστα
310 1055 360 1091 τὴν
386 1056 503 1091 ἡσυχίαν
528 1056 696 1092 ἀσπάζομαι.
729 1056 899 1084 Ἐπανελθὼν
925 1057 953 1084 δὲ

167 1100 263 1136 πρώην
278 1101 332 1128 ἀπὸ
343 1101 392 1136 τῆς
407 1101 543 1137 ὑμετέρας
557 1102 571 1128 ὁ
581 1101 790 1134 θεοσεϐέστατος
801 1102 952 1137 πρεσϐύτε-

168 1155 214 1182 ρος
230 1146 368 1178 Εὐσέϐιος,
383 1148 534 1181 ἀπήγγειλε
554 1148 697 1174 συνουσίαν
714 1148 778 1183 ὑμῖν
792 1156 853 1174 τινα
874 1156 953 1182 γεγε-

166 1193 274 1228 νῆσθαι,
292 1193 340 1219 καὶ
362 1193 464 1228 μεταξὺ
483 1193 562 1227 λόγου
577 1195 648 1226 τινος
667 1195 715 1220 καὶ
729 1194 779 1229 τὴν
792 1194 856 1230 περὶ
875 1193 953 1229 ἡμῶν

167 1238 321 1273 κινηθῆναι,
339 1239 386 1266 καὶ
403 1239 452 1274 τὴν
465 1239 514 1274 σὴν
526 1239 667 1266 εὐσέϐειαν
677 1239 808 1274 εὐφήμως
819 1241 868 1274 τῆς
883 1239 953 1273 ἐμῆς

168 1281 320 1316 μνησθῆναι
343 1282 535 1317 σμικρότητος.
565 1282 636 1316 Ἐγὼ
654 1283 682 1309 δὲ
706 1283 833 1318 ἄγνωμον
848 1283 952 1319 ᾠήθην,

166 1327 214 1354 καὶ
227 1327 286 1354 λίαν
304 1327 395 1355 ἄδικον
408 1349 416 1360 ,
431 1328 477 1355 τὸν
491 1326 520 1355 εὗ
547 1329 595 1356 καὶ⁸
614 1328 706 1360 καλῶς
725 1330 900 1364 μεμνημένον
915 1330 952 1365 μὴ

166 1374 222 1404 τοῖς
240 1374 308 1404 τσοις
323 1373 501 1409 ἀμείψασθαι.
512 1375 543 1401 Εἰ
558 1374 669 1410 γὰρκαὶ
686 1375 769 1411 μηδὲν
779 1375 853 1408 ᾶξιον
867 1376 954 1412 εὐφη-

168 1419 234 1453 μίας
244 1419 426 1454 εἰργάσμεθα,
439 1420 497 1446 ἀλλ’
506 1418 552 1447 οὗν
561 1419 647 1452 οὕτως
659 1421 842 1448 ἐπαινούντων
850 1421 954 1457 θαυμά-

167 1464 251 1500 ζομεν
264 1465 310 1492 τὸν
323 1467 432 1492 σκοπόν.
455 1466 578 1501 ’Λγέιπης
597 1466 651 1502 γὰρ
667 1467 680 1493 ὁ
701 1467 820 1498 τοιοῦτος
844 1468 954 1500 ἔπαινος

166 1510 287 1544 ἔκγονος.
306 1511 534 1546 Προσφθὲγγομαι
550 1511 640 1539 τοίνυν
660 1512 708 1548 τὴν
724 1512 952 1549 σὴνὋεοσέῧειαν,

166 1555 283 1590 διακόνῳ
301 1555 442 1591 χρώμενος
463 1556 519 1583 τῶν
536 1558 709 1592 γραμμάτων
730 1558 835 1594 ἐκείνῳ.
852 1559 881 1590 ὃς
906 1560 954 1587 καὶ

168 1601 231 1631 τοὺς
245 1601 387 1636 ἀγράφους
398 1609 444 1628 σου
455 1602 563 1635 λόγους,
578 1602 625 1634 οὓς
637 1603 701 1639 περὶ
711 1604 790 1639 ὴμῶν
805 1604 953 1640 διεξῆλθες,

168 1647 265 1682 πρώην
288 1647 430 1683 κεκόμικε.
452 1648 604 1682 Δεξάμενος
624 1649 732 1681 τοίνυν,
752 1649 954 1684 Θεοφιλέστατε,

167 1692 218 1727 τὴν
230 1693 384 1728 ἐπιστολὴν,
398 1693 511 1728 ἄμειψαι
534 1692 569 1719 τὰ
592 1694 753 1729 γράμματα.
773 1693 880 1731 Ἧρξας
906 1697 956 1730 μὲν

168 1738 223 1773 γὰρ
237 1738 325 1772 λόγων
337 1738 429 1771 αὐτὸς,
448 1738 504 1772 ἐγὼ
515 1739 543 1765 δὲ
560 1740 748 1774 γραμμάτων·
768 1740 815 1767 καὶ
835 1742 956 1777 ἠμειψά-

171 1792 224 1818 μην
238 1784 386 1820 γράμμασι
396 1785 459 1816 τοὺς
478 1784 583 1819 λόγους.
604 1785 736 1813 Δείπεται
762 1786 852 1814 τοίνυν
871 1796 900 1814 σε
922 1789 956 1816 τὰ
976 1788 985 1791 “

169 1830 321 1865 γράμματα
335 1830 506 1866 γράμμασιν.

396 1885 453 1912 ΞΓ.
468 1901 503 1905 —-
523 1886 725 1920 Έορταστική.

206 1931 267 1958 Τῶν
286 1931 335 1966 μὲν
351 1931 438 1957 ἄλλων
455 1932 504 1966 τῆς
518 1932 614 1967 ἑορτῆς
636 1932 745 1965 ἀγαθῶν
762 1933 884 1968 συνήθως
903 1935 957 1961 ἀπ-

170 1977 333 2012 ελαύσαμεν.
349 1977 403 2003 Καὶ
419 1977 473 2012 γὰρ
489 1977 538 2012 τὴν
555 1977 609 2003 τῶν
629 1981 770 2014 σωτηρίων
786 1979 956 2015 παθημάτων

171 2022 348 2057 ὲωρτὰσαμεν
362 2023 480 2057 μνήμην,
494 2023 540 2048 καὶ
551 2022 594 2049 διὰ
605 2023 654 2058 τῆς
665 2024 832 2059 Δεσποτικῆς
841 2025 957 2051 ἀναστά-

172 2077 239 2099 σεως
254 2067 403 2103 ἐδεξάμεθα
420 2069 453 2094 τὰ
468 2069 516 2104 τῆς
532 2070 623 2104 κοινῆς
647 2069 821 2101 ἀναστάσεως
840 2071 956 2104 εὐαγγέ-

170 2115 225 2147 λια,
247 2115 292 2141 καὶ
310 2114 359 2149 τὴν
374 2114 492 2150 ἄρρητον
509 2114 556 2140 τοῦ
576 2114 642 2141 Θεοῦ
662 2116 709 2142 καὶ
731 2116 856 2152 Σωτῆρος
878 2117 956 2152 ήμῶν

171 2159 376 2195 φιλανθρωπίαν
387 2160 401 2186 ὑ
407 2160 556 2195 μνήσαμεν·
571 2161 587 2195 ἡ
603 2160 631 2187 δὲ
647 2160 701 2187 τῶν
709 2161 877 2197 Ἑκκλησιῶν
889 2162 955 2198 ζάλη

172 2205 294 2240 καθαρᾶς
311 2206 472 2241 μεταλαχεῐν
487 2205 655 2242 εὐφροσύνης
669 2206 719 2233 οὐκ
736 2207 837 2234 εἴασεν.
857 2208 887 2234 Εἰ
903 2209 957 2244 γὰρ

172 2252 230 2284 ἑνὸς
253 2252 349 2286 μέλους
369 2251 515 2286 ἀλγοῦντος
534 2253 592 2279 ὅλον
614 2255 735 2280 κοινωνεῖ
750 2254 798 2289 τῆς
812 2253 907 2290 ὀδύνης
927 2256 957 2282 τὸ

171 2297 264 2332 σῶμα,
279 2297 379 2329 παντὸς
390 2299 590 2333 ταραττομένου
603 2298 649 2325 τοῦ
660 2298 785 2334 σώματος
799 2300 857 2332 πῶς
869 2301 957 2327 ἔνεστι

173 2343 211 2378 μὴ
225 2343 352 2379 θρηνεῖνς
374 2343 518 2370 Ἐπιτείνει
532 2344 559 2370 δὲ
579 2345 646 2379 ἡμῖν
658 2345 708 2380 τὴν
731 2345 848 2380 ἀθυμίαν
867 2346 897 2373 τὸ
914 2355 957 2373 νο-

174 2389 262 2424 μίζειν
279 2387 348 2415 εἶναι
361 2389 448 2416 ταῦτα
469 2389 518 2424 τῆς
538 2390 686 2422 παντελοῦς
705 2391 874 2422 ἀποστασίας
890 2400 956 2426 προ-

171 2435 271 2469 οίμιον.
297 2434 427 2467 eaeeae...
454 2434 544 2461 τοίνυν
573 2435 590 2470 ή
618 2434 759 2463 θεοσέὸειά
780 2444 838 2468 σου,
863 2438 887 2463 εἰ
907 2437 958 2472 μὲν

171 2479 258 2507 ταῦτα
268 2478 354 2511 οὕτως
367 2479 434 2514 ἔχει,
451 2480 499 2514 τῆς
512 2479 586 2512 θείας
599 2481 671 2515 ἡμᾶς
683 2480 843 2517 ἐπικουρίας
853 2483 956 2518 τυχεῖν,

173 2525 216 2551 ἵνα
231 2523 391 2559 δυνηθῶμεν
405 2533 414 2549 ι
429 2524 596 2559 ἀντιστῆναι,
609 2525 679 2552 κατὰ
691 2526 737 2552 τὸν
749 2526 820 2553 θεῖον
834 2527 958 2554 Ἀπόστο-

171 2571 228 2603 λον,
244 2572 277 2606 τῇ
289 2571 380 2606 ήμέρα
393 2572 426 2606 τῇ
438 2571 552 2606 πονηρᾷ.
575 2580 584 2596 ι
610 2572 640 2598 El
655 2571 683 2598 δέ
695 2580 736 2604 τις
753 2573 848 2608 χρόνος
861 2574 958 2601 ὑπολέ-

173 2616 280 2643 λειπται
291 2617 324 2651 τῇ
337 2615 383 2643 τοῦ
399 2616 454 2652 (ﬂ)
472 2616 530 2651 βίον
546 2617 684 2650 συστάσει,
701 2617 813 2652 λυθῆναι
834 2618 879 2645 τὸν
893 2619 958 2646 κλύ-

172 2661 253 2693 δωνα,
274 2662 324 2688 ικαὶ
349 2662 399 2697 τὴν
427 2662 563 2698 προτέραν
584 2662 704 2698 γαλήνην
725 2663 775 2694 τὰς
796 2663 959 2700 Ἐκκλησίας

171 2706 328 2733 ἀπολαϐεῖν·
359 2707 402 2734 ἵνα
430 2707 468 2743 μὴ
495 2709 668 2736 ἐπιπλεϊστον
702 2709 727 2735 οἱ
754 2709 804 2744 τῆς
831 2709 958 2746 ἀληθείας

173 2751 266 2787 ἐχθροὶ
279 2752 339 2784 ταῖς
353 2753 501 2788 ἡμετέραις
517 2754 722 2789 ὲπαγάλλωνται
739 2757 901 2791 συμφοραῖς.

210 2819 233 2835 ³⁸
248 2819 348 2853 Ephcs.
369 2828 405 2852 vl.
428 2821 468 2848 15,

211 2878 267 2914 (41)
282 2877 357 2904 τοῦδε
375 2878 456 2914 Neap.

975 2241 996 2267 I)

1188 475 1268 503 LXII.
1283 492 1318 496 —
1330 475 1429 503 Joanm'
1446 475 1604 512 presbytero.

1041 520 1132 548 Vivam
1156 521 1225 553 late,
1242 521 1311 548 dixit
1334 521 1469 556 quispiam
1490 529 1524 548 ex
1543 521 1576 548 iis
1590 521 1636 556 qui
1655 521 1792 556 sapientes

1003 566 1069 594 olim
1095 571 1158 594 sunt
1183 567 1322 602 appellati.
1348 567 1435 600 Quam
1464 575 1515 602 ego
1539 567 1702 595 sententiam
1729 575 1792 595 cum

1003 611 1173 645 probassem,
1195 612 1279 639 verba
1302 612 1380 639 factis
1391 611 1553 639 conﬁrmare
1578 611 1694 639 institui.
1720 612 1794 640 Nihil

1004 656 1077 684 enim
1103 657 1216 685 absurdi
1241 657 1331 685 facere
1355 666 1399 685 me
1423 657 1588 690 existimavi,
1611 659 1634 685 si
1655 659 1736 686 etiam
1759 659 1793 686 ab

1003 703 1065 730 aliis
1085 711 1192 730 sumam
1214 703 1287 738 quod
1312 703 1378 730 utile
1400 707 1452 730 est.
1470 703 1537 731 Nam
1556 707 1584 730 et
1606 711 1671 738 apes
1689 705 1792 737 ferunt.

1003 756 1058 776 non
1070 757 1104 776 ex
1117 749 1151 777 iis
1165 750 1247 777 modo
1258 757 1319 784 quae
1330 749 1390 777 esui
1403 753 1477 782 sunt,
1490 749 1538 776 sed
1549 757 1582 776 ex
1595 750 1695 776 amaris
1710 750 1792 777 etiam

1003 794 1097 821 herbis
1120 799 1148 822 et
1170 795 1246 822 favos
1266 795 1412 830 colligere,
1433 799 1461 821 et
1482 795 1590 822 dulcem
1621 803 1710 822 rorem
1728 796 1794 822 hau-

1003 839 1067 868 rire.
1085 840 1144 867 Vidi
1162 844 1190 868 et
1204 840 1273 875 ipse,
1288 848 1350 868 cum
1375 840 1402 867 in
1423 841 1496 867 saxis
1516 840 1671 868 infecundis
1692 840 1794 868 inside-

1005 889 1074 918 rent,
1094 890 1121 914 et
1135 886 1264 922 exiguum
1281 886 1424 913 humorem
1439 885 1604 913 delibarent.
1624 886 1683 919 Quo
1698 886 1793 921 utique

1003 930 1104 966 justius
1122 935 1174 964 est,
1186 939 1235 959 eos
1252 931 1299 966 qui
1314 931 1420 958 ratione
1433 931 1539 966 praediti
1556 936 1629 963 sunt,
1646 931 1792 958 utilitatem

1005 977 1189 1012 undecunque
1210 977 1368 1012 decerpere.
1391 977 1447 1012 Ego
1468 981 1552 1008 certe.
1572 982 1602 1004 ut
1623 977 1689 1009 dixi,
1707 977 1793 1004 latere

1005 1021 1113 1054 studeo,
1133 1026 1160 1049 et
1176 1022 1268 1056 quiete
1290 1029 1322 1049 ac
1342 1021 1452 1049 silentio
1469 1029 1526 1056 prae
1540 1021 1645 1056 1115
1664 1021 1793 1048 omnibus

1005 1067 1136 1094 delector.
1164 1066 1284 1094 Rediens
1312 1071 1403 1093 autem
1425 1074 1514 1101 nuper
1536 1074 1569 1093 ex
1593 1066 1680 1101 patria
1703 1071 1793 1093 vestra

1005 1112 1227 1148 religiosissimus
1260 1112 1404 1147 presbyter
1437 1112 1593 1144 Eusebius,
1627 1116 1794 1139 conventuin

1005 1158 1150 1193 quemdam
1174 1159 1245 1194 apud
1261 1166 1309 1186 vos
1324 1159 1424 1186 factum
1440 1158 1573 1189 narravit,
1589 1163 1671 1193 atque
1692 1158 1719 1184 in
1736 1165 1794 1184 ser-

1006 1211 1087 1231 mone
1113 1203 1242 1238 quodam,
1264 1211 1325 1231 cum
1350 1203 1383 1230 de
1407 1211 1451 1230 me
1472 1204 1554 1230 etiam
1578 1204 1662 1230 verba
1685 1203 1792 1233 tierent.

1006 1248 1184 1276 honorificam
1199 1257 1214 1276 a
1228 1249 1328 1284 pietate
1345 1254 1390 1276 tua
1410 1249 1444 1276 de
1463 1257 1522 1276 mea
1538 1250 1672 1283 parvitate
1694 1248 1794 1275 factam

1006 1303 1066 1323 esse
1090 1295 1270 1323 mentionem.
1301 1294 1379 1322 Unde
1404 1295 1540 1330 ingratum
1561 1298 1643 1329 atque
1662 1294 1794 1328 iniustum

1006 1342 1064 1369 fore
1084 1342 1189 1374 censui,
1207 1342 1232 1369 ei
1249 1342 1296 1377 qui
1319 1342 1449 1377 praeclare
1460 1346 1488 1369 et
1506 1342 1621 1369 honeste
1637 1341 1722 1368 nostri
1735 1349 1795 1368 me-

1005 1387 1120 1415 minerit
1133 1388 1208 1423 paria
1221 1395 1276 1415 non
1291 1388 1404 1415 referre.
1418 1388 1476 1415 Etsi
1494 1388 1567 1414 enim
1586 1387 1666 1414 laude
1682 1387 1798 1422 dignum

1006 1432 1075 1460 nihil
1085 1433 1201 1468 egimus,
1213 1441 1309 1460 eorum
1325 1438 1415 1460 tamen
1426 1433 1472 1468 qui
1487 1433 1526 1460 sic
1540 1433 1663 1463 laudant,
1675 1436 1796 1459 mentem

1006 1482 1034 1505 et
1045 1479 1191 1506 consilium
1205 1479 1379 1514 suspicimus.
1397 1479 1545 1507 Charitatis
1558 1479 1631 1506 enim
1646 1483 1740 1513 partus
1753 1483 1796 1506 est

1007 1523 1164 1560 hujusmodi
1187 1524 1319 1551 laudatio.
1341 1524 1434 1552 Saluto
1454 1525 1537 1560 igitur
1556 1524 1685 1560 pietatem
1709 1528 1794 1555 tuam,

968 1577 989 1605 ο
1007 1570 1162 1598 litterarum
1181 1569 1306 1597 ministro
1320 1574 1401 1598 utens
1416 1571 1472 1602 illo,
1490 1570 1536 1605 qui
1558 1576 1604 1597 tua
1617 1570 1675 1597 sine
1695 1570 1796 1604 scripto

1007 1617 1102 1647 verba,
1119 1624 1179 1652 qua:
1194 1616 1228 1644 de
1245 1616 1325 1644 nobis
1340 1616 1486 1648 habueras,
1500 1623 1588 1651 nuper
1604 1615 1636 1642 ad
1653 1623 1702 1642 nos
1716 1615 1795 1643 detu-

1008 1662 1049 1689 lit.
1075 1662 1115 1689 Tu
1140 1669 1206 1689 vero
1229 1667 1356 1697 suscepta
1381 1662 1507 1697 epistola,
1526 1662 1573 1689 Dei
1597 1661 1796 1692 amantissime,

1007 1706 1114 1734 litteras
1132 1706 1233 1734 litteris
1246 1706 1341 1734 redde.
1363 1706 1430 1733 Nam
1448 1706 1529 1733 verba
1543 1710 1571 1732 tu
1589 1705 1700 1739 quidem
1719 1704 1796 1739 prior

1008 1752 1156 1787 usurpasti,
1173 1759 1224 1787 ego
1239 1759 1304 1779 vero
1325 1751 1444 1783 litteras,
1461 1756 1489 1778 et
1511 1759 1560 1786 pro
1577 1751 1670 1778 verbis
1690 1750 1797 1778 litteras

1009 1798 1117 1826 reddidi
1141 1807 1147 1824 :
1171 1801 1257 1825 restat
1275 1805 1349 1825 nunc
1365 1805 1431 1832 ergo
1452 1801 1482 1824 ut
1511 1801 1539 1823 tu
1560 1804 1668 1832 quoque
1691 1797 1797 1824 litteras

1007 1844 1108 1871 litteris
1124 1850 1295 1878 compenses.

1233 1900 1324 1927 LXIII.
1338 1915 1374 1921 -—
1389 1899 1553 1927 Heorlastica
1560 1919 1566 1925 .

1043 1945 1111 1972 Aliis
1131 1945 1242 1980 quidem
1263 1945 1318 1972 diei
1341 1945 1403 1972 festi
1420 1944 1499 1971 bonis
1516 1944 1549 1971 de
1563 1951 1637 1971 more
1655 1943 1732 1978 potiti
1752 1951 1797 1969 sn-

1008 1997 1079 2018 mus.
1096 1990 1164 2018 Nam
1183 1995 1211 2018 et
1233 1990 1361 2018 salutaris
1385 1990 1520 2024 passionis
1540 1989 1699 2016 memoriam
1722 1989 1794 2015 cule--

1008 2036 1159 2069 bravimus,
1171 2041 1195 2064 et
1212 2044 1260 2072 per
1273 2036 1441 2063 Dominicam
1458 2034 1685 2063 resurrectionem
1699 2036 1706 2043 ‘
1719 2041 1795 2061 com-

1009 2081 1100 2109 munis
1123 2082 1334 2109 resurrectionis
1349 2080 1489 2116 evangelia
1506 2080 1686 2115 suscepimus,
1702 2079 1797 2106 inclia-

1009 2127 1146 2162 bilemque
1168 2127 1217 2154 Dei
1242 2131 1270 2154 et.
1296 2126 1450 2154 Servatoris
1481 2125 1570 2153 nostri
1596 2125 1794 2152 humanitatem

1009 2173 1137 2200 laudibus
1158 2173 1307 2200 extulimus
1331 2181 1337 2199 :
1358 2180 1453 2199 verum
1478 2171 1662 2199 Eeclcsiarum
1683 2171 1796 2205 agitatio

1009 2217 1116 2245 sincera
1138 2224 1189 2244 nos
1210 2217 1303 2244 laetitia
1324 2216 1427 2252 perfrui
1453 2224 1508 2242 non
1532 2216 1666 2251 permisit.
1688 2215 1795 2242 Etenim

1008 2263 1031 2290 si
1055 2263 1164 2290 dolente
1196 2270 1250 2290 uno
1267 2262 1391 2289 membro
1417 2266 1504 2288 totum
1530 2269 1631 2296 corpus
1658 2261 1794 2292 turbatur,

1008 2310 1054 2344 qui
1067 2309 1106 2336 fas
1115 2313 1223 2336 estnon
1237 2308 1347 2343 lugere?
1359 2307 1448 2343 Auget
1458 2315 1524 2334 vero
1537 2311 1564 2333 et
1579 2306 1696 2333 intendit
1711 2306 1796 2333 tristi—

1009 2355 1074 2382 tiam
1097 2359 1227 2385 nostram,
1244 2353 1316 2388 quod
1339 2353 1447 2380 iuitimn
1468 2353 1517 2380 ista
1534 2356 1664 2387 putentur
1678 2359 1738 2378 esse
1753 2351 1795 2377 in-

1009 2405 1092 2435 tegrae
1107 2404 1135 2427 et
1153 2400 1285 2427 absolutae
1295 2399 1467 2427 defectionis.
1486 2398 1619 2431 Quocirca
1635 2401 1696 2424 oret
1710 2396 1797 2430 pietas

1010 2449 1066 2477 tua.
1089 2445 1112 2472 si
1139 2445 1250 2480 quidem
1276 2445 1334 2472 haec
1359 2444 1395 2471 ita
1424 2451 1454 2471 se
1483 2442 1595 2474 habent,
1618 2446 1648 2468 ut
1673 2441 1795 2468 divinum

1012 2491 1119 2526 1116
1128 2491 1258 2518 auxilium
1276 2490 1469 2525 adipiscamur.
1487 2496 1543 2524 quo
1558 2487 1706 2523 possimus,
1722 2486 1795 2521 quod

1011 2537 1048 2564 ait
1067 2536 1224 2571 Apostolus,
1237 2546 1247 2561 ι
1262 2536 1390 2563 resistere
1403 2535 1428 2562 in
1441 2535 1485 2562 die
1497 2534 1568 2561 malo
1581 2533 1628 2560 ³⁸.»
1643 2532 1690 2560 Sin
1703 2538 1795 2560 autem

1011 2582 1146 2617 reliquum
1166 2581 1276 2616 aliquod
1289 2586 1331 2610 est.
1346 2586 1454 2617 tempus
1470 2580 1503 2608 ad
1518 2588 1562 2608 res
1579 2579 1794 2609 constituendas.

1012 2633 1043 2655 ut
1060 2627 1171 2655 sedetur
1187 2632 1344 2662 tempestas,
1361 2631 1389 2655 et
1405 2626 1548 2662 pristinam
1571 2624 1796 2660 tranquillitatem

1011 2675 1139 2703 Ecclesiae
1155 2675 1298 2711 recipiant,
1318 2682 1352 2702 ne
1366 2674 1491 2702 veritatis
1507 2674 1600 2702 hostes
1613 2672 1646 2699 de
1659 2669 1797 2700 calamita-

1010 2721 1085 2749 tibus
1098 2721 1200 2749 nostris
1214 2721 1359 2748 exsultent.
