1962 3051
188 167 256 200 1235

414 225 506 253 LXIV.
519 241 553 245 —
567 226 742 254 lleortastica.

219 283 279 317 Quo
303 289 427 318 tempore
455 284 604 310 salutarem
628 284 783 318 passionem
805 292 854 319 pro
874 293 974 320 genere

183 329 303 356 humano
325 327 438 362 pertulit
458 327 600 359 Dominus,
615 326 749 355 rhmrebat
766 335 848 362 supra
863 321 974 355 modum

183 380 324 400 sacrorum
357 371 543 406 apostolorum
576 371 694 399 chorus:
726 379 777 399 nec
804 372 879 399 enim
908 371 974 400 satis

181 424 357 454 perspectum
371 419 509 446 habebant
521 419 642 446 fructum
662 420 806 455 passionis.
826 420 974 455 Postquam

180 473 247 492 vero
264 465 411 500 profectam
428 473 461 492 ex
483 473 514 492 ea
537 465 653 492 salutem
674 469 873 500 cognoverunt.
891 473 974 493 evan-

181 510 244 546 gelii
264 518 312 538 seu
329 511 393 538 boni
410 510 501 538 nuntii
516 511 627 537 nomine
646 510 782 545 passionis
799 510 972 544 praedicatio—

180 562 246 582 nem
267 555 449 590 appellarunt,
468 563 583 589 eamque
598 555 726 582 omnibus
742 555 899 582 hominibus
915 555 972 582 ala-

180 600 266 627 criter
280 601 498 635 promulgarunt.
518 600 625 627 Fideles
643 606 746 632 autem,
759 600 858 635 quippe
880 601 972 628 animo

180 646 337 678 illuminati,
354 646 404 673 hac
418 646 499 673 hilari
514 646 605 672 animo
618 650 756 680 suscepta,
767 647 902 681 passionis
916 655 972 674 me.

181 693 295 720 moriam
316 692 360 720 die
375 693 445 719 festo
458 692 563 724 colunt,
576 695 603 718 et
617 692 716 719 mortis
732 696 841 727 tempus
854 692 881 719 in
897 693 971 727 epuli

181 738 406 772 celebritatisque
429 737 602 765 occasionem
624 741 798 764 convertunt.
819 738 971 773 Conjuncta

180 784 254 811 enim
275 783 443 811 resurrectio
462 783 558 810 mortis
575 783 679 810 luctum
695 783 818 818 depellit,
833 788 861 811 et
874 785 972 820 pignus

179 831 209 858 tit
230 831 386 858 communis
408 830 630 857 resurrectionis.
656 829 712 857 Hac
734 829 762 856 in
788 838 909 864 prmsens
928 838 972 858 so-

178 877 320 904 lemnitate
331 876 480 911 perfuncti,
491 875 622 911 pietatem
636 879 711 902 tuam
723 875 885 909 salutamus,
896 876 971 904 festi-

177 921 270 949 vitatis
287 921 389 952 indieia
412 927 542 956 tanquam
565 921 668 948 bonum
690 921 836 956 quemdam
856 921 970 950 odorem

179 967 350 994 emittentes.

300 1021 380 1050 LXV.
397 1038 432 1042 —
446 1021 547 1049 Zenoni
568 1023 694 1058 nmgistro
718 1023 842 1050 militum.

212 1080 345 1108 Humanis
368 1079 624 1114 perturbationibus
646 1079 725 1112 aﬂici,
744 1080 874 1107 omnibus
895 1088 969 1108 com-

175 1133 260 1152 mune
273 1128 316 1152 est
332 1133 338 1151 :
352 1124 424 1151 ferre
437 1128 530 1151 autem
545 1124 663 1156 fortiter,
677 1129 704 1152 et
716 1125 822 1152 illarum
837 1125 967 1160 impetum

175 1171 314 1206 frangere,
332 1179 388 1198 non
411 1171 468 1205 jam
492 1178 647 1198 commune.
675 1171 744 1197 lllud
767 1171 840 1198 enim
863 1176 968 1199 natum

174 1220 227 1248 est,
241 1216 294 1243 hoc
316 1216 421 1250 1117
436 1223 502 1242 vero
522 1215 640 1242 arbitrii.
656 1215 732 1243 Unde
747 1220 774 1242 et
789 1216 968 1250 philosophos

174 1261 350 1296 suspicimus,
367 1262 413 1296 qui
429 1261 532 1296 optima
544 1261 689 1296 elegerint,
704 1264 733 1288 et
745 1261 967 1295 perturbationes

173 1307 290 1335 consilio
316 1307 484 1342 superarint.
506 1307 711 1342 Philosophiam
743 1312 835 1334 autem
859 1307 967 1342 perlicit

173 1361 235 1388 qute
256 1353 284 1380 in
305 1353 386 1380 nobis
406 1357 449 1380 est
471 1352 551 1384 ratio,
568 1360 629 1387 qua:
648 1352 870 1387 perturbationes
886 1353 965 1388 regit,

174 1401 182 1408 '
202 1407 254 1426 nec
275 1399 387 1426 ducitur
405 1399 438 1426 ab
456 1399 521 1427 illis.
543 1399 602 1426 Una
620 1406 704 1433 porro
719 1407 734 1426 e
749 1399 966 1434 perturbationi-

173 1446 225 1473 hus
238 1445 367 1472 immanis
377 1449 418 1472 est
435 1444 559 1477 tristitia,
577 1452 660 1479 quam
677 1448 708 1471 ut
721 1444 810 1472 vincat
823 1444 966 1472 hortamur

171 1490 404 1526 magniﬁcentiam
421 1494 551 1518 vestram.
571 1490 662 1518 Facile
678 1494 770 1517 autem
787 1490 866 1518 vobis
883 1490 966 1517 fuerit

170 1536 314 1563 tristitiam
326 1536 447 1567 vincere,
465 1535 487 1562 si
500 1539 528 1562 et
543 1538 669 1562 naturam
683 1534 818 1570 cogitetis,
831 1539 859 1562 et
874 1535 965 1562 luctus

172 1579 348 1614 dispendium
367 1579 557 1607 consideretis.
576 1579 654 1612 Quod
676 1579 751 1606 enim
769 1579 906 1606 defunctis
921 1579 963 1606 lu-
976 1575 997 1603 C

171 1633 250 1653 crum
265 1626 328 1657 erit,
345 1625 425 1653 nobis
441 1625 634 1660 plangentibus
661 1625 803 1660 luctuique
819 1625 962 1660 indulgen-

172 1671 263 1699 tibus?
291 1671 381 1704 Quare
414 1678 476 1698 cum
512 1670 605 1697 animo
629 1670 799 1697 revolvimus
829 1671 961 1698 natalium

172 1715 407 1746 communionem,
428 1719 457 1741 et
477 1715 551 1749 longi
571 1715 704 1750 temporis
724 1715 961 1749 consuetudinem,

172 1763 200 1787 et
221 1760 322 1787 claram
339 1760 477 1792 militiam,
495 1765 524 1787 et
544 1768 560 1787 a
582 1760 677 1788 multis
693 1761 836 1788 decantata
853 1761 963 1797 egregia

172 1806 305 1838 facinora,
324 1806 476 1840 cogitemus
495 1805 636 1833 hominem
656 1806 740 1834 fuisse
755 1814 836 1842 quem
854 1807 904 1834 ista
919 1816 964 1835 or-

172 1852 286 1884 nabant,
303 1851 470 1886 decretoque
486 1853 584 1880 mortis
604 1853 771 1886 obnoxium;
789 1854 874 1881 Deum
889 1853 964 1881 insu-

173 1906 224 1934 per
237 1898 330 1926 omnia
344 1898 492 1931 moderari,
503 1903 531 1926 et
542 1899 608 1933 quid
621 1899 796 1934 profuturum
808 1900 844 1927 sit
862 1900 965 1928 certius

172 1952 266 1976 nosse,
281 1952 369 1979 eoque
392 1952 436 1972 res
458 1945 593 1972 humanas
615 1945 744 1980 dirigere.
770 1945 832 1973 Haec
849 1954 900 1981 ego
914 1954 965 1981 pro

173 1990 296 2025 epistolae
317 1998 448 2018 mensura
470 1991 580 2026 scripsi,
600 1991 777 2019 eminentiam
795 1996 869 2018 tuam
885 1992 965 2020 obse-

173 2044 264 2069 crans,
279 2041 310 2064 ut
325 2040 399 2063 tuam
420 2037 501 2064 nobis
517 2037 646 2064 omnibus
662 2038 846 2065 valetudinem
863 2046 964 2065 conce-

171 2081 233 2112 das,
249 2089 330 2115 quam
348 2086 379 2108 ut
395 2089 559 2109 conservare
581 2082 676 2109 lmtitia
697 2083 776 2115 solet,
799 2082 838 2110 sic
854 2083 965 2110 tristitia

173 2126 347 2160 labefactare.
375 2127 430 2155 [lac
454 2128 528 2155 enim
551 2128 584 2156 de
606 2137 689 2156 causa
709 2137 882 2157 communem
904 2137 966 2165 spe-

174 2176 252 2200 etans
263 2173 408 2201 utilitatem
421 2174 564 2209 epistolam
577 2175 698 2202 exaravi.

381 2317 472 2346 LXVI.
489 2334 522 2338 —
540 2319 617 2346 Acria
628 2320 758 2355 sophistae.

210 2371 251 2400 Ad
263 2373 462 2408 optatissimam
477 2374 666 2402 celebritatem
685 2383 785 2410 parens
795 2381 822 2404 et
840 2378 921 2405 altrix
938 2383 964 2406 te

175 2419 262 2445 vocat.
284 2417 368 2445 Sacro
385 2419 486 2446 etenim
502 2419 603 2454 templo
619 2424 721 2447 tectum
737 2421 895 2456 impositum
910 2428 962 2456 est,

174 2466 203 2488 et
213 2463 382 2490 conveniens
400 2469 514 2491 ornatus
527 2465 661 2497 accessit,
674 2471 701 2493 et
717 2465 888 2494 habitatores
902 2468 963 2503 qui<

176 2508 226 2534 bus
247 2512 419 2536 exstructum
438 2513 480 2536 est
501 2509 649 2537 desiderat.
669 2511 701 2538 lli
718 2516 783 2538 sunt
801 2513 917 2546 apostoli
934 2518 962 2540 et

175 2552 325 2587 prophetae,
341 2554 446 2582 Veteris
460 2562 491 2582 ac
504 2555 572 2582 Novi
590 2556 757 2584 Testamenti
769 2557 876 2585 eximia:
886 2559 962 2587 vocis

175 2596 324 2632 praecones.
336 2599 445 2626 Festum
458 2600 540 2635 igitur
553 2601 574 2635 1
581 2602 601 2635 1
609 2602 662 2636 18
670 2603 816 2636 pnesentia
826 2607 870 2631 tua
882 2612 962 2632 exor-

173 2651 219 2675 na,
236 2647 265 2671 et
277 2649 432 2672 manantem
443 2653 477 2672 ex
486 2654 519 2673 eo
530 2646 750 2676 benedictionem
767 2649 907 2682 hauriens,
921 2650 963 2678 fac

172 2692 204 2715 ut.
218 2688 298 2716 nobis
313 2689 396 2716 latior
411 2690 446 2717 sit
459 2691 629 2718 solemnitas.

208 2810 263 2843 (Η)
280 2809 325 2836 τοῦ
344 2810 455 2842 πάθους,
471 2812 543 2846 quod
560 2813 646 2846 ipsum
660 2813 796 2840 Sirmomli
812 2815 900 2841 versio
915 2823 961 2842 ex-

171 2846 281 2880 pressit,
297 2847 482 2879 reponendum
498 2856 513 2874 e
531 2847 597 2874 (Ind.
617 2848 730 2875 Vindob.

207 2879 263 2914 (45)
281 2880 336 2912 καί,
351 2881 422 2914 quod
445 2881 560 2909 habebat
583 2882 678 2917 Neap,
694 2883 831 2911 cstideral
846 2892 860 2912 e
879 2885 959 2912 Sirm.

700 170 943 200 THEODORETI
963 170 1129 200 EPISCOPI
1152 170 1333 200 CYRENSIS

1750 161 1817 202 1236

1254 227 1311 253 EA’.
1332 241 1365 245 —
1381 225 1583 260 Έομταστική.

1067 283 1163 310 Ἠνίκα
1195 283 1243 318 μὲν
1275 283 1306 309 τὸ
1331 283 1464 318 σωτήριον
1495 282 1580 313 πάθος
1602 283 1672 318 ὑπὲρ
1700 282 1746 309 τοῦ
1770 283 1815 317 γέ-

1026 339 1087 362 νους
1110 329 1165 356 τῶν
1185 329 1336 365 ἀνθρώπων
1351 330 1363 355 ὁ
1377 328 1515 364 Δεσπότης
1538 329 1694 363 ὑπέμεινεν,
1716 328 1816 363 ἠθύμει

1024 376 1084 403 λίαν
1107 376 1121 402 ὁ
1135 375 1189 402 τῶν
1206 375 1286 411 ἱερῶν
1306 374 1463 401 ἀποστόλων
1484 374 1574 410 χορός·
1593 375 1622 401 οὐ
1645 374 1700 409 γὰρ
1716 374 1816 409 ᾔδεσαν

1024 422 1146 457 ἀκριϐῶς
1164 422 1209 448 τὸν
1225 423 1272 448 τοῦ
1290 421 1393 452 πάθους
1410 420 1526 455 καρπόν.
1546 420 1655 456 Ἐπειδὴ
1679 420 1707 446 δὲ
1731 420 1814 454 ἐγνω-

1026 475 1075 493 σαν
1085 466 1134 501 τὴν
1148 465 1273 492 ἐντεῦθεν
1286 465 1475 500 βλαστήσασαν
1490 465 1637 500 σωτηρίαν,
1657 465 1814 499 εὐαγγέλιον

1024 512 1157 538 ἐκάλεσαν
1171 511 1201 538 τὸ
1213 510 1260 538 τοῦ
1275 511 1376 542 πάθους
1389 510 1444 546 (42)
1456 511 1596 546 κήρυγμα,
1608 511 1656 536 καὶ
1669 510 1748 537 τοῦτο
1763 511 1814 538 πᾶ-

1024 565 1067 583 σιν
1078 556 1230 592 ἀνθρώποις
1250 555 1399 591 προθύμως
1415 557 1616 591 προσήνεγκαν.
1628 557 1664 586 ,Οἱ
1684 555 1712 582 δὲ
1731 565 1813 583 πεπι-

1024 603 1177 635 στευκότες,
1203 603 1250 629 ᾶτε
1270 602 1302 638 δὴ
1320 602 1365 628 τὸν
1382 602 1443 628 νοῦν
1459 601 1651 635 φωτισθέντες,
1669 603 1814 634 ἀσπασίως

1022 647 1101 674 τοῦτο
1113 647 1264 682 δεξάμενοι,
1280 646 1438 682 ἑορτάζουσι
1453 647 1500 673 τοῦ
1515 641 1617 678 πᾶθους
1628 647 1677 682 τὴν
1690 649 1812 683 μνήμην,

1022 695 1070 719 καὶ
1092 693 1137 719 τὸν
1156 692 1271 719 θανάτου
1287 692 1382 728 καιρὸν
1395 690 1570 727 δημοθοινίας
1586 692 1677 727 ἔχουσι
1693 694 1739 719 καὶ
1756 693 1812 728 (45)

1022 739 1203 774 πανηγύρεως
1221 739 1357 774 ἀφορμὴν,
1382 738 1545 773 Συνημμένη
1561 738 1615 773 γὰρ
1634 739 1650 773 ἠ
1665 739 1814 772 ἀνάστασις

1021 785 1169 812 ἀποϐάλλει
1183 784 1238 820 (Li)
1250 784 1296 811 τοῦ
1313 784 1429 811 θανάτου
1441 783 1487 810 τὸν
1501 784 1610 819 θρῆνον,
1633 784 1680 810 καὶ
1693 784 1743 819 τῆς
1754 793 1812 811 διοι⁴

1022 830 1070 865 νῆς
1097 830 1272 861 ἀναστάσεως
1292 829 1423 865 ἐχέγγυος
1439 829 1553 864 γίνεται.
1573 830 1682 865 Ταύτης
1702 831 1748 857 ἐπὶ
1765 830 1812 857 τοῦ

1023 876 1156 910 παρόντος
1172 875 1371 910 μεταλαχόντες
1383 875 1431 910 τῆς
1446 875 1554 910 ἑορτῆς,
1567 875 1812 911 προσφθεγγόμεθά

1023 929 1069 947 σου
1086 920 1135 956 τὴν
1149 920 1314 953 θεοσέϐειαν,
1328 918 1383 946 οἷόν
1397 929 1458 948 τινα
1474 920 1605 956 εὐοσμίαν
1623 921 1810 956 ἐκπέμποντες

1020 966 1069 1001 τῆς
1086 966 1181 1001 ἑορτῆς
1197 965 1354 1001 μηνύματα.

1206 1022 1264 1049 ΞΕ¹.
1280 1038 1315 1042 ——
1327 1023 1444 1056 Ζήνωνι
1455 1021 1621 1056 στρατηγῷ.

1056 1078 1093 1104 Τὸ
1117 1079 1165 1113 μὲν
1192 1079 1248 1110 τοῖς
1271 1077 1453 1114 ἀνθρωπείαις
1481 1077 1626 1112 παθήμασι
1652 1077 1807 1112 βάλλεσθαι,

1019 1125 1128 1151 πάντων
1141 1124 1290 1160 ἀνθρώπων
1304 1124 1402 1151 κοινόν·
1417 1125 1446 1151 τὸ
1459 1125 1487 1151 δὲ
1498 1125 1592 1160 φέρειν
1605 1125 1748 1159 γενναίως,
1763 1125 1810 1152 καὶ

1019 1171 1067 1205 τῆς
1080 1170 1184 1198 τούτων
1200 1171 1392 1206 περιγίνεσθαι
1408 1170 1574 1206 προσϐολῆς,
1591 1171 1694 1197 οὐκέτι
1709 1172 1808 1197 κοινόν.

1025 1217 1127 1243 Ἐκεῖνο
1143 1216 1193 1251 μὲν
1212 1216 1266 1252 γὰρ
1280 1217 1329 1251 τῆς
1345 1216 1464 1250 φύσεως,
1477 1215 1556 1242 τοῦτο
1570 1216 1599 1242 δὲ
1616 1217 1666 1251 τῆς
1678 1216 1807 1252 προαιρέ-

1019 1270 1097 1293 σεως.
1111 1261 1156 1288 Διὸ
1169 1261 1201 1297 δὴ
1213 1262 1260 1288 καὶ
1273 1262 1336 1293 τοὺς
1350 1261 1560 1296 φιλοσοφοῦντας
1574 1261 1759 1296 θαυμάζομεν,
1770 1261 1809 1293 ὡς

1017 1308 1052 1334 τὰ
1067 1307 1192 1342 βέλτιστα
1209 1308 1454 1343 προαιρουμένους,
1468 1308 1516 1334 καὶ
1530 1308 1627 1343 γνώμῃ
1638 1307 1671 1334 τὰ
1686 1307 1759 1342 πάθη
1770 1315 1809 1333 vv.-

1019 1351 1136 1383 κῶντας.
1153 1352 1208 1387 Τὴν
1222 1351 1250 1378 δὲ
1266 1352 1426 1386 φιλοσοφίαν
1441 1351 1640 1383 κατασκευάζει
1658 1351 1688 1378 τὸ
1701 1353 1729 1377 ἐν
1741 1353 1808 1387 ἡμῖν

1018 1397 1136 1432 λογικὸν,
1153 1397 1307 1432 ἡγούμενον
1323 1397 1377 1424 τῶν
1396 1397 1501 1429 παθῶν,
1525 1397 1583 1423 ἀλλ’
1605 1398 1654 1423 οὐκ
1674 1398 1809 1432 ἀγόμενον

1019 1442 1066 1470 ὐπ’
1081 1443 1180 1469 αὐτῶν.
1213 1443 1261 1469 Ἐν
1284 1442 1312 1469 δὲ
1335 1442 1390 1469 τῶν
1407 1442 1584 1478 ἀνθρωπείων
1608 1442 1776 1477 παθημάτων
1791 1442 1808 1477 ἡ

1017 1488 1102 1523 λύπη·
1113 1488 1214 1524 ταύτης
1230 1487 1416 1524 περιγίνεσθαι
1427 1488 1640 1523 παρακαλοῦμεν
1650 1487 1699 1522 τὴν
1711 1487 1808 1522 ὑμετέ-

1018 1545 1066 1572 ραν
1076 1536 1326 1571 μεγαλοπρέπειαν.
1335 1536 1438 1571 Ῥᾴδιον
1448 1535 1475 1561 δὲ
1485 1537 1540 1567 τοῖς
1547 1535 1607 1561 καθ’
1616 1535 1687 1570 ὑμᾶς
1698 1535 1809 1569 νικῆσαι

1014 1581 1045 1608 τὸ
1060 1582 1156 1614 πάθος,
1175 1582 1224 1616 τήν
1238 1590 1266 1608 τε
1282 1581 1362 1615 φύσιν
1377 1581 1573 1616 λογιζομένοις,
1591 1581 1638 1607 καὶ
1651 1580 1682 1606 τὸ
1694 1580 1809 1615 ἀκερδὲς

1015 1627 1061 1654 τοῦ
1072 1627 1188 1659 πένθους
1196 1627 1418 1662 ἐνθυμουμένοις.
1435 1627 1482 1658 Τίς
1497 1627 1552 1661 γὰρ
1566 1626 1657 1661 ὄνησις
1666 1625 1741 1652 ἔσται
1752 1626 1809 1657 τοῖς

1015 1673 1189 1704 ἀπελθοῦσιν,
1205 1672 1283 1708 ἡμῶν
1304 1673 1511 1708 ὀλοφυρομένων
1527 1672 1574 1699 καὶ
1586 1673 1695 1708 θρήνοις
1709 1681 1810 1708 κεχρη-

1017 1719 1108 1752 μένων
1121 1728 1128 1751 ;
1143 1718 1230 1744 ’Ὅταν
1244 1717 1333 1744 τοίνυν
1357 1718 1387 1744 τὸ
1403 1717 1491 1745 κοινὸν
1510 1717 1564 1744 τῶν
1573 1717 1674 1744 ὠδίνων
1695 1718 1735 1750 εἰς
1746 1717 1809 1744 νοῦν

1015 1762 1210 1798 λαμϐάνωμεν,
1223 1763 1271 1790 καὶ
1287 1762 1334 1790 τὸν
1349 1764 1455 1799 μακρὸν
1474 1763 1524 1798 τῆς
1544 1763 1687 1799 συνηθείας
1701 1763 1807 1798 χρόνον,

1017 1808 1065 1834 καὶ
1085 1807 1133 1838 τὰς
1148 1808 1277 1843 λαμπρὰς
1295 1808 1470 1843 στρατηγίας,
1487 1809 1533 1834 καὶ
1551 1807 1599 1838 τὰς
1620 1807 1803 1842 πολυθρυλλή·

1016 1861 1080 1884 τους
1096 1853 1246 1888 ἀριστείας,
1258 1852 1431 1887 λογισώμεθα
1448 1853 1484 1885 ὡς
1500 1854 1547 1880 καὶ
1564 1853 1707 1888 ἄνθρωπος
1718 1853 1732 1878 ὀ
1743 1853 1806 1879 τού-

1017 1907 1074 1930 τοις
1088 1898 1285 1934 κοσμούμενος,
1302 1899 1348 1925 καὶ
1360 1898 1411 1924 ὑπὸ
1429 1899 1475 1925 τὸν
1491 1899 1552 1934 ὅρον
1572 1899 1619 1924 τοῦ
1635 1899 1748 1925 θανάτου
1763 1907 1807 1925 τε·

1016 1943 1081 1970 λῶν·
1095 1944 1141 1971 καὶ
1157 1943 1225 1979 πρὸς
1242 1944 1357 1975 τούτοις,
1371 1945 1411 1971 ὅτι
1429 1944 1493 1975 Θεὺς
1507 1944 1669 1980 πρυτανεύει
1686 1944 1720 1970 τὰ
1735 1944 1805 1979 σύμ-

1017 1999 1114 2023 παντα,
1126 1990 1212 2016 καὶτὸ
1228 1990 1360 2016 συνοίσειν
1377 1990 1472 2025 μέλλον
1483 1990 1678 2025 ἀκριῆέστερον
1694 1990 1806 2016 ἐπιστάρ

1019 2045 1108 2071 μενος,
1121 2035 1190 2071 πρὸς
1203 2035 1281 2062 τοῦτο
1294 2036 1414 2071 κυϐερνᾷ
1426 2035 1459 2062 τὰ
1475 2035 1642 2071 ἀνθρώπεια.
1662 2035 1753 2061 Ταῦτα
1768 2035 1807 2066 ὡς

1017 2081 1045 2107 ἐν
1139 2081 1283 2116 ἐπιστολῆς
1308 2081 1398 2116 μέτρῳ
1415 2081 1551 2116 γέγραφα,
1566 2080 1735 2113 παρακαλῶν
1756 2079 1806 2115 τὴν

1017 2126 1154 2161 ὑμετέραν
1178 2127 1360 2161 μεγαλιοξυῖαν
1380 2127 1544 2163 χαρίσασθαι.
1568 2128 1651 2153 πᾶσιν
1667 2128 1734 2162 ἡμῖν
1756 2127 1806 2161 τὴν

1017 2172 1153 2207 ὑμετέραν
1169 2172 1272 2206 ὑγείαν,
1289 2172 1322 2208 ἣν
1343 2171 1412 2199 οἶδεν
1431 2172 1546 2207 εύθυμὶα
1568 2172 1723 2206 φυλάττειν,
1741 2172 1806 2199 ἀθυσ

1019 2219 1066 2254 μία
1081 2219 1109 2244 δὲ
1123 2218 1206 2245 λύειν.
1218 2218 1266 2245 Διά
1284 2219 1338 2253 γὰρ
1352 2218 1431 2245 τοῦτο
1445 2219 1491 2245 καὶ
1505 2219 1554 2253 τὴν
1569 2218 1713 2254 ἐπιστολὴν
1724 2218 1806 2253 ἔγρα-

1017 2263 1067 2297 ψα,
1082 2264 1131 2298 τῆς
1146 2265 1239 2299 κοινῆς
1256 2263 1482 2299 προμηθούμενος
1502 2264 1619 2298 ὠφελεία
1626 2273 1644 2295 ς.

1210 2318 1277 2352 ΞΤ,
1294 2333 1329 2337 —
1352 2318 1449 2352 Ἀερίῳ
1463 2317 1606 2352 σοφιστῇ.

1053 2374 1099 2405 Εἰς
1120 2374 1168 2409 τὴν
1183 2373 1347 2409 τριπόθητον
1370 2375 1442 2409 ὑμᾶς
1468 2375 1622 2410 πανήγυριν
1645 2375 1662 2410 ή
1679 2377 1804 2402 τετοκυῖα

1016 2419 1063 2446 καὶ
1087 2419 1245 2455 θρεψαμένη
1267 2420 1353 2446 καλεῖ.
1376 2419 1405 2446 'U
1431 2420 1485 2455 γὰρ
1501 2420 1571 2453 ίερδς
1590 2420 1674 2455 σηκδς
1696 2421 1805 2447 καὶτὸν

1015 2464 1113 2499 ὅροςρον
1131 2464 1222 2496 ἔλαϐε,
1238 2465 1285 2491 καὶ
1312 2465 1358 2491 τὸν
1384 2466 1556 2500 προσήκοντα
1586 2466 1687 2500 κόσμον
1720 2475 1803 2501 προσ-

1018 2510 1098 2537 έλαϐε
1126 2511 1173 2536 καὶ
1191 2510 1254 2542 τοὺς
1267 2511 1412 2546 οἰκήτορας
1424 2508 1464 2542 οἷς
1481 2510 1599 2546 ὲδομήθη
1614 2511 1701 2538 ποθεῖ.
1724 2511 1805 2538 Ἀπό-

1016 2555 1105 2583 στολοι
1130 2556 1158 2582 δὲ
1182 2552 1267 2587 οὗτοι,
1283 2556 1331 2582 καὶ
1355 2555 1504 2591 προφῆται,
1521 2555 1640 2588 Παλαιᾶς
1666 2556 1713 2583 καὶ
1734 2557 1804 2583 Και-

1012 2602 1061 2637 νῆς
1093 2602 1231 2637 Διαθήκης
1263 2603 1448 2637 μεγαλόψωνοι
1477 2602 1608 2637 κήρυκες.
1639 2603 1804 2637 Κοσμήσατε

1013 2647 1103 2674 τοίνυν
1124 2649 1157 2682 τῇ
1177 2647 1311 2683 παρουσίᾳ
1329 2647 1376 2682 τὴν
1395 2647 1501 2683 ἑορτὴν,
1520 2648 1566 2674 καὶ
1585 2647 1635 2679 τὰς
1655 2649 1686 2674 ἐκ
1703 2648 1805 2683 ταύτης

1015 2692 1218 2725 ἁναὸλυζούσας
1233 2694 1357 2727 εὐλογίας
1371 2693 1519 2728 ἁρύσασθε,
1537 2694 1582 2720 καὶ
1597 2694 1804 2731 Θυμηρεστέραν

1015 2739 1080 2773 ἡμῖν
1096 2738 1249 2774 ὲργάσασθε
1262 2739 1311 2772 τὴν
1327 2739 1491 2773 πανήγυριν.

1017 2819 1100 2842 textu.

1052 2851 1078 2882 (ί
1084 2851 1106 2882 ί)
1123 2851 1268 2878 ἀπελαύνει
1282 2851 1366 2885 Neap.

1053 2886 1107 2922 (t5)
1124 2887 1153 2913 ὲν
1167 2886 1290 2914 additum
1305 2894 1319 2913 c
1335 2886 1419 2920 Neap.
