1962 3051
139 159 205 192 1237
805 163 911 193 EPIST

1003 166 1106 196 LXIX.
1699 170 1767 202 ίὲτὶῢ

402 219 460 246 ΞΖ¹.
475 234 509 239 ——-
521 219 655 254 Μαράνᾳ.
939 223 960 247 Α

939 223 960 247 Α
1231 222 1332 250 LXVII.
1349 203 1383 242 ἷ-
1394 223 1523 250 Μαναηω.

176 274 224 300 Σὺν
244 274 294 308 μὲν
311 274 401 310 ἔργον,
416 273 438 302 ὧ
456 276 560 312 ἄριστε,
583 277 613 303 τὸ
635 278 683 304 καὶ
699 278 761 309 τοὺς
776 278 873 309 ἄλλους
888 279 927 309 εἰς

1014 278 1078 305 Tua;
1088 277 1210 312 quidem,
1224 279 1266 305 vir
1277 279 1390 314 optime,
1409 284 1500 314 partes
1513 285 1591 307 erant
1604 281 1684 307 etiam
1699 282 1765 309 alios

137 319 188 352 τὴν
208 320 262 346 τῶν
279 320 426 354 ὲγκαινίων
447 323 599 358 πανήγυριν
615 324 718 350 καλεῖν.
736 324 783 350 Ἐκ
805 323 859 359 γὰρ
877 324 911 358 τῆ

997 324 1012 350 d
1024 323 1206 351 dedicationis
1222 325 1409 352 celebritatem
1426 333 1524 352 vocare
1538 334 1543 350 :
1563 331 1610 352 tuo
1628 326 1771 360 siquidem.

142 365 191 399 σῆς
206 366 322 400 σπουδῆς
340 375 369 392 τε
385 368 432 394 καὶ
451 368 604 403 προθυμίας
622 369 670 396 κα)⁵
688 370 702 394 ὁ
719 369 789 401 θεῖος
809 369 916 404 ἐδομήθι

1000 369 1071 396 :udio
1080 377 1112 396 ac
1121 369 1262 405 diligentia
1279 375 1309 397 et
1317 370 1441 397 divinum
1454 371 1585 405 templmn
1600 371 1774 398 tedilicatuln-

143 411 236 445 σηκὸς,
253 412 299 438 καὶ
319 413 342 439 ot
365 413 553 448 μεγαλόφωνοι
578 414 627 448 τῆς
651 414 780 450 ἀληθείας
797 414 917 449 ἁφίκοντι

999 418 1032 447 5t,
1046 419 1073 442 et
1088 415 1233 442 clarissimi
1251 416 1375 443 veritatis
1391 423 1531 450 pra'cones
1538 421 1684 447 venerunt,
1697 421 1727 443 ut
1739 418 1773 443 im

142 457 262 490 κήρυκες
274 458 298 483 et
312 457 404 484 τοῦτον
417 459 583 493 οἰκήσοντες,
596 459 643 486 καὶ
655 460 717 492 τοὺς
732 460 834 491 πιστῶς
847 468 916 494 προς

992 461 1027 488 llo
1048 461 1184 493 habitent,
1211 461 1384 496 ﬁdeliterque
1405 461 1569 489 accedentes
1596 462 1766 489 custodiant:

143 501 234 532 ιόντας
248 503 459 537 φρουρὴσοντες.
477 503 578 538 Γράφω
588 503 617 530 δὲ
633 504 706 538 ὅμως
726 503 866 539 σημαίνων
880 505 917 539 τῆ.

980 507 1105 534 Attamen
1116 507 1225 542 scripsi,
1242 512 1269 535 et
1283 508 1439 536 festivitatis
1454 513 1562 544 tempus
1577 509 1739 544 signiﬁcavi;

143 545 238 580 ἑορτῆς
252 547 297 572 τὸν
312 547 416 582 καιρόν.

388 603 451 630 EH'.
461 619 497 624 ——-
514 605 682 639 Ἑπιφανίῳ.

1211 606 1326 634 LXVIII.
1341 620 1376 625 -—
1388 606 1550 641 Epiphanio.

184 657 348 694 Ἐϐουλόμην
369 659 406 694 μὴ
430 655 508 695 μόνον
530 661 567 693 ὡς
589 662 709 695 πολίτας,
730 663 798 689 ἀλλὰ
823 663 870 690 καὶ
892 664 930 696 ὼς

1018 662 1119 689 Vellem
1134 669 1184 697 ego
1197 670 1251 689 non
1266 663 1355 690 solum
1373 667 1404 690 ut
1419 663 1517 694 civem,
1534 670 1628 690 verum
1644 663 1725 690 etiam
1738 667 1767 689 ut

143 704 307 737 ὁμοπίστους
325 706 398 739 ὑμᾶς
413 706 460 732 καὶ
471 707 650 742 ὸμοσκήνους,
664 709 704 740 εἰς
719 709 767 743 τὴν
778 708 832 735 τῶν
845 710 917 744 ἁγίωη

992 708 1044 735 idei
1056 712 1210 735 c0nsortent
1230 712 1258 735 et
1269 708 1506 740 contubernalem,
1525 713 1550 736 te
1562 709 1595 735 ad
1611 713 1766 736 sanctorum

144 750 299 776 ἀποστόλων
325 751 370 777 καὶ
394 752 544 787 προφητῶν
569 754 736 787 συγκαλέσαι
766 755 917 790 πανήγυριν

994 753 1165 788 προςιοιοωιη
1183 757 1212 780 et
1237 754 1435 788 prophetarum
1456 754 1646 781 celebritatem
1667 762 1768 781 convo-

145 795 202 822 ἀλλ⁷
215 796 265 822 οὐκ
277 797 309 831 ἑᾷ
323 797 352 823 τὸ
366 798 415 833 τῆς
429 798 589 834 προλήψεως
600 799 694 831 πάθος.
709 797 746 826 υῦ
757 800 788 835 δὴ
804 801 884 836 χάριν
896 802 919 827 τί

993 806 1059 831 tare;
1074 799 1120 826 sed
1137 807 1191 826 non
1204 800 1308 834 patitur
1319 800 1474 835 anticipate
1489 800 1627 835 opinionis
1642 800 1767 827 allectus.

144 841 194 875 τῆς
203 842 369 878 ἐνεγκούσης
385 843 454 878 μόνα
466 844 652 880 προῦἀλλομοιι
667 845 769 876 δίκαια,
782 846 829 872 καὶ
846 854 918 881 παρα

995 844 1163 876 Quamobrem
1182 844 1239 871 sola
1256 845 1350 879 patriae
1367 845 1429 880 jura
1454 845 1584 876 obtendo,
1602 846 1610 855 '
1628 849 1658 871 et
1675 852 1725 871 oro
1741 848 1769 870 ut

146 887 220 914 καλῶ
249 887 300 922 τῆς
324 889 485 925 ἀξιεράπου
516 890 570 917 τῶν
595 891 681 925 ἁγίων
707 891 861 919 ἀποστόλων
885 901 920 918 κα

994 889 1128 917 ιηηὼὶιειη
1155 893 1313 918 sanctorum
1332 892 1518 926 apostolorum
1533 896 1560 918 et
1573 891 1768 926 prophetarum

146 933 292 968 προφητῶν
323 934 485 969 μεταλαχεῖν
511 935 646 969 εὐλογίας.
673 936 782 972 Ταύτην
805 938 860 973 γὰρ
882 939 920 973 τὴ·

995 935 1201 962 »οηθάἰοιίοηοηι
1216 936 1342 963 sortiare.
1353 936 1429 964 Hane
1442 937 1514 963 enim
1527 937 1769 972 participationem

147 978 299 1014 μετάληψιν
310 980 423 1016 οὐδεμία
439 981 538 1008 κωλύει
549 981 675 1017 διχόνοια.

983 980 1058 1008 nulla
1074 981 1202 1015 prohibet
1214 981 1413 1009 sententiarum
1429 982 1573 1010 dissensio.

395 1035 454 1063 Ξεν.
469 1052 504 1056 -
521 1038 684 1072 Εὑῃρίιερίῃ.

1214 1036 1306 1063 LXIX.
1324 1053 1358 1057 —-
1372 1038 1540 1073 Eugmphiw.

183 1091 214 1119 Et
230 1092 267 1127 μή
282 1101 316 1127 με
332 1093 365 1120 τά
377 1093 425 1128 τῆς
437 1094 559 1129 ἀνάγκης
577 1095 682 1129 κατεῖχε
694 1094 793 1129 δεσμὰ,
808 1095 888 1126 εὐθὺς
900 1095 933 1122 ἂν

1019 1091 1076 1118 Nisi
1088 1099 1130 1119 me
1147 1093 1319 1120 necessitatis
1336 1093 1446 1121 vincula
1465 1095 1654 1127 retinuissent,
1673 1103 1771 1122 accur—

147 1137 273 1173 ἒδραμον,
288 1137 337 1173 τὴν
352 1139 479 1174 κοίμησιν
493 1139 574 1173 γνοὺς
588 1139 635 1166 τοῦ
652 1139 876 1176 μεγαλοπρεποῦς
886 1149 921 1167 κα

996 1137 1081 1164 issem
1097 1145 1112 1164 e
1126 1138 1241 1173 vestigio
1255 1138 1338 1165 simul
1359 1146 1391 1165 ac
1411 1139 1446 1166 de
1466 1140 1602 1175 magniﬁci
1618 1145 1646 1167 et
1658 1140 1770 1175 gloriosi

147 1185 270 1219 ἀοιδίμου
293 1185 428 1220 ὁμοζύγου
453 1186 502 1222 τῆς
525 1187 574 1222 σῆς
609 1187 834 1222 θαυμασιότητος.
861 1189 921 1224 Παμ

993 1183 1108 1218 :onjugis
1123 1183 1161 1210 tui
1174 1183 1339 1211 dormitione
1352 1185 1476 1219 cognovi.
1492 1185 1627 1213 Plurimas
1636 1186 1710 1213 enim
1721 1194 1767 1213 vo-

148 1230 247 1262 πόλλας
274 1230 328 1265 γὰρ
356 1231 420 1266 ὑμῖν
441 1232 539 1267 ὀφείλω
565 1233 690 1269 χάριτας,
715 1233 853 1268 διαφόρως
879 1234 922 1268 ὲγό

997 1228 1027 1255 uis
1038 1228 1126 1255 debeo
1139 1229 1333 1264 gratias,omni
1346 1238 1361 1257 a
1375 1230 1453 1258 vobis
1467 1231 1579 1258 honoris
1590 1239 1690 1266 genere
1699 1233 1771 1259 mul-

149 1275 322 1310 παντοδαπῆς
334 1276 416 1311 τιμῆς
427 1278 491 1311 παρ’
504 1277 581 1311 ὑμῶν
591 1277 758 1308 ἀπολαύσας.
784 1278 892 1312 Ἐπειδὴ
906 1278 923 1304 δὲ

998 1273 1104 1301 il‘ariam
1123 1275 1289 1303 cumulatus.
1308 1275 1376 1303 Cum
1395 1281 1497 1308 autem,
1514 1278 1663 1312 quominus
1691 1278 1771 1311 debi-

149 1321 222 1347 ᾰκων
235 1321 374 1356 ἐκωλύθην
393 1321 540 1349 ἀποδοῦναι
563 1322 594 1349 τὸ
610 1323 698 1358 χρέος,
721 1323 821 1349 ἄτοπον
841 1323 923 1358 ᾠήθη

999 1328 1043 1347 um
1063 1320 1206 1348 redderem
1218 1341 1225 1353 ,
1242 1321 1346 1349 invitus
1359 1321 1474 1350 fuissem
1492 1322 1657 1355 retardatus,
1674 1323 1771 1350 absur—

150 1365 302 1401 γράμματα
331 1366 438 1401 πέμψαι
467 1367 532 1402 παρ’
553 1367 637 1402 αὐτὴν
666 1367 715 1403 τὴν
745 1367 792 1395 τοῦ
821 1368 924 1395 πένθουι

997 1365 1050 1392 lum
1063 1366 1127 1393 duxi
1146 1367 1198 1394 sub
1215 1367 1303 1402 ipsum
1319 1368 1411 1395 luctus
1431 1368 1562 1403 impetum
1577 1369 1683 1396 litteras
1695 1369 1771 1400 dare,

150 1412 253 1447 ἀκμὴν,
267 1411 330 1438 οὗτε
340 1411 386 1438 τοῦ
398 1413 629 1448 γραμματοφόρου
641 1415 777 1449 συντυχεῖν
788 1414 924 1449 δυναμένω

999 1412 1095 1446 [nando
1108 1420 1159 1440 nec
1180 1413 1323 1440 tabellario
1343 1413 1444 1448 alloqui
1463 1414 1626 1449 gravitatem
1645 1419 1719 1442 tuam
1738 1415 1773 1441 li-

150 1459 183 1493 τῇ
199 1458 403 1494 σεμνοτρεπείᾳ
422 1460 453 1494 τῇ
468 1460 512 1494 σῇ,
530 1459 590 1486 οὔτε
607 1460 656 1494 τῆς
669 1450 764 1495 ὀδύνης
778 1460 924 1495 συγχωρού·

1003 1461 1078 1489 cret,
1104 1466 1156 1485 nec
1180 1457 1286 1485 litteras
1304 1458 1396 1493 legere
1421 1458 1499 1486 dolor
1532 1459 1714 1494 permitteret.
1739 1460 1775 1486 Αι

151 1512 200 1539 σης
213 1505 269 1535 τοῖς
280 1504 440 1540 γράμμασιν
455 1506 586 1540 ἐντυχεῖν.
613 1506 666 1532 Τοῦ
681 1506 708 1533 δὲ
729 1507 860 1542 λογισμοῦ
881 1507 925 1534 λοιη

1006 1506 1130 1537 ostquam
1153 1503 1252 1530 rationi
1276 1503 1384 1538 1119
1403 1503 1481 1531 locus
1498 1503 1579 1532 datus
1599 1508 1642 1532 est
1675 1503 1777 1539 resipi-

150 1549 199 1574 πον
212 1549 304 1586 χώραν
317 1550 463 1585 ἐσχηκότος
477 1550 625 1585 ἀνανῆψαι,
641 1552 687 1578 καὶ
702 1551 784 1585 ἀγξαι
798 1553 828 1578 τὸ
840 1552 924 1584 πάθος

999 1549 1095 1580 ιοοηιιί,
1114 1549 1273 1584 dolorisque
1286 1550 1497 1585 comprimendi,
1509 1555 1538 1577 et
1547 1550 1719 1578 immoderati
1732 1551 1773 1577 lu-

150 1594 198 1620 καὶ
217 1594 330 1620 κολάσαι
346 1594 393 1621 τοῦ
414 1595 529 1627 πένθους
553 1596 602 1630 τὴν
627 1595 771 1631 ἀμετρίαν,
796 1596 924 1632 ἐθάρρησε

1005 1599 1049 1622 tus
1065 1594 1228 1629 castigandi,
1244 1595 1365 1622 scribere
1378 1603 1461 1623 ausus
1477 1603 1548 1628 sum,
1567 1599 1696 1630 tuamque
1712 1595 1775 1623 hor-

150 1639 264 1673 γράψαι,
283 1639 330 1666 καὶ
354 1639 403 1675 τὴν
431 1641 480 1674 σὴν
505 1641 695 1676 παρακαλέσαι
717 1641 922 1676 θαυμασιότητα

1007 1640 1038 1666 iri
1057 1640 1266 1672 excellentiam,
1286 1646 1316 1668 ut
1333 1641 1481 1668 humanam
1499 1646 1624 1669 naturam
1647 1642 1781 1669 considen

151 1685 199 1711 καὶ
211 1685 260 1720 τὴν
273 1685 445 1720 ἀνθρωπείαν
459 1685 538 1720 φύσιν
549 1686 768 1722 ἐπεσκεμμένην,
782 1687 829 1714 καὶ
838 1688 868 1714 τὸ
879 1697 920 1714 κοῑ

1005 1693 1061 1717 aus,
1075 1689 1103 1712 et
1117 1692 1263 1717 commune
1284 1685 1385 1712 malum
1400 1686 1555 1720 recogitans
1565 1706 1572 1719 ,
1589 1686 1690 1723 divinis
1706 1694 1779 1721 pra:-

155 1728 196 1754 δὺν
220 1729 267 1755 τοῦ
297 1729 398 1761 πάθους
421 1729 608 1766 λογιζομένην,
629 1732 674 1758 καὶ
696 1732 762 1767 προς
778 1732 883 1764 τούτοις
903 1733 929 1760 τὲ

1006 1731 1081 1758 ertim
1103 1731 1184 1758 rebus
1197 1730 1316 1764 imbuta,
1332 1739 1477 1759 mceror-em
1494 1731 1546 1759 [ide
1564 1732 1703 1759 metiatur.
1717 1731 1780 1770 Non

152 1774 210 1800 θεῖα
232 1774 459 1810 πεπαιδευμένην,
477 1775 611 1811 μετρῆσαι
634 1778 667 1812 τῇ
690 1777 781 1803 πίστει
804 1777 852 1812 τὴν
869 1777 926 1804 ἀθυ·

1001 1776 1061 1802 :nim
1085 1780 1210 1803 mortuus
1231 1781 1273 1804 est
1297 1777 1540 1811 praestantissimus
1564 1777 1609 1804 ille
1628 1778 1680 1809 vir,
1699 1778 1775 1812 juxta

153 1820 226 1854 μίαν.
251 1820 289 1846 Οὐ
318 1820 373 1856 γὰρ
396 1821 530 1848 ἀπέθανεν
557 1823 571 1848 ὁ
599 1823 688 1849 πάντα
706 1823 815 1857 ἄριστος
835 1823 927 1849 ὲκείνοη

1002 1821 1096 1848 )οιηίιιί
1111 1829 1205 1848 vocem
1218 1821 1250 1854 ",
1269 1821 1318 1848 sed
1341 1822 1454 1854 dormit,
1472 1830 1598 1849 somnum
1611 1823 1716 1851 ducens
1731 1831 1776 1850 so-

152 1864 233 1899 ἀνὴρ,
250 1865 321 1892 κατά
344 1866 394 1902 τὴν
417 1866 463 1893 τοῦ
490 1867 592 1902 Κυρίου
610 1867 713 1902 φωνὴν,
731 1867 798 1894 ἀλλά
815 1867 926 1895 καθεύδε

1000 1866 1037 1893 ito
1057 1866 1219 1901 longiorem.
1245 1866 1320 1894 lianc
1341 1867 1416 1894 enim
1444 1867 1525 1894 nobis
1544 1868 1684 1895 Dominus
1698 1877 1773 1902 spem

153 1906 237 1937 ὕπνον
252 1911 298 1937 τοῦ
311 1912 443 1946 συνήθους
460 1913 636 1948 μακρότερον.
650 1913 758 1947 Ταύτην
773 1913 828 1949 γὰρ
844 1914 909 1949 ἡμῖν
924 1924 927 1937 ι

1003 1911 1066 1938 ledit
1081 1920 1087 1938 :
1100 1912 1171 1938 hanc
1182 1919 1216 1938 ex
1229 1911 1329 1938 divinis
1347 1912 1472 1946 Eloquiis
1488 1912 1645 1946 accepimus
1660 1913 1777 1947 promis-

153 1956 290 1991 Δεσπότης
305 1956 388 1983 ἔδωκε
401 1957 448 1992 τὴν
461 1957 564 1983 ὲλπίδα’
574 1958 673 1990 ταύτην
688 1959 719 1984 ἐκ
730 1958 784 1985 τῶν
799 1959 878 1985 θείων
888 1960 927 1986 Λο

1005 1957 1104 1984 ionem.
1121 1956 1184 1984 Scio
1196 1956 1322 1991 equidem
1339 1958 1480 1985 molestam
1491 1965 1552 1985 esse
1563 1959 1776 1993 separationem.

153 1999 220 2033 γίων
247 2000 394 2036 δεδέγμεθα
418 2001 467 2036 τὴν
489 2002 644 2037 ὑπόσχεσιν.
664 2001 728 2030 Οἶδα
750 2004 799 2038 μὲν
826 2001 882 2036 οὖν,
902 2004 924 2030 ὠ

1003 2009 1022 2029 ηο
1041 2001 1121 2036 plane
1137 2002 1329 2036 permolestam
1349 2010 1355 2028 :
1381 2006 1438 2028 tum
1457 2003 1573 2030 maxime
1590 2011 1652 2030 cum
1676 2009 1702 2031 et
1718 2012 1777 2031 mo~

154 2045 267 2080 ἀνιαρὸν
279 2046 293 2072 ὁ
307 2047 454 2081 χωρισμὸς,
471 2048 517 2074 καὶ
529 2048 589 2074 λίαν
604 2048 724 2084 ἀνιαρὸν,
741 2049 788 2075 καὶ
798 2049 928 2084 διαφερόνι

1006 2055 1051 2073 um
1068 2047 1270 2079 convenientia,
1285 2051 1313 2074 et
1334 2048 1465 2082 temporis
1482 2048 1650 2076 diuturnitas
1669 2050 1778 2076 auxerit

153 2096 208 2119 τως
218 2088 283 2115 ὅταν
297 2089 343 2115 καὶ
354 2089 428 2124 ἠθῶν
439 2090 617 2126 εὐαρμοπία,
630 2092 679 2118 καὶ
696 2093 790 2128 χρόνος
805 2094 923 2128 μακρότε

1008 2092 1149 2119 micitiam.
1174 2092 1275 2120 Verum
1300 2093 1532 2128 peregrinationis
1554 2094 1589 2122 sit
1619 2094 1696 2122 dolor
1714 2100 1780 2127 iste,

156 2143 202 2169 ρος
215 2134 264 2170 τὴν
274 2135 365 2170 φιλίαν
378 2135 433 2171 (46)
442 2137 557 2172 αὐξήσῃ·
572 2137 628 2164 ἀλλ’
637 2138 791 2174 ἀποδημίας
805 2138 884 2170 ἔστω,
900 2139 930 2175 μί

1005 2146 1045 2165 ιοιι
1072 2138 1180 2165 mortis.
1211 2138 1246 2165 lis
1269 2142 1362 2165 autem
1384 2139 1518 2171 maxime,
1542 2140 1589 2174 qui
1611 2140 1639 2166 in
1669 2141 1779 2175 pietatis

155 2179 324 2215 τελευτῆς,ἠ
339 2180 420 2216 λύπη.
437 2182 624 2217 Διαφερόντως
639 2183 668 2209 δὲ
691 2186 747 2216 τοῖς
769 2185 797 2211 ἐν
815 2185 929 2220 εὐσεὸείς

1002 2183 1083 2211 νείιοιπι
1105 2188 1170 2210 sunt
1194 2183 1321 2216 educati,
1348 2184 1410 2211 talis
1431 2186 1558 2220 congruit
1580 2185 1776 2221 philosophia:

154 2223 356 2260 τεθραμμένοις
370 2227 386 2261 ἡ
402 2227 512 2262 τοιαύτη
534 2228 666 2264 προσήκει
686 2230 837 2265 φιλοσοφία·
893 2239 928 2257 κα

1005 2236 1043 2263 [υτ]
1061 2233 1089 2256 et
1099 2228 1258 2263 gravitatem
1278 2233 1363 2261 tuam,
1376 2232 1406 2255 ut
1420 2229 1511 2256 ornari
1522 2230 1640 2263 studeat,
1653 2239 1711 2258 oro.
1724 2231 1779 2259 Nec

156 2268 205 2302 τὴν
216 2269 350 2305 ὑμετέραν
363 2272 581 2307 σεμνοπρέπειαν
594 2275 765 2309 κοσμηθῆναι
778 2276 929 2310 παρακαλῶ

1008 2282 1056 2302 ero
1069 2275 1261 2302 exhortatione
1282 2275 1333 2302 hac
1345 2279 1419 2307 utor,
1435 2275 1514 2309 quasi
1537 2276 1686 2303 indolentia
1705 2277 1780 2304 labm

158 2315 307 2350 Ιῐροσφέρω
317 2316 345 2343 δὲ
358 2317 406 2352 τὴν
419 2319 589 2354 παραίνεσιν,
601 2321 650 2355 οὐχ
663 2321 700 2352 ὡς
713 2321 882 2357 ἀναλγησίαν
895 2331 932 2348 νο-

1006 2329 1058 2349 em.
1078 2321 1177 2348 Animo
1193 2321 1267 2348 enim
1283 2329 1378 2348 revera
1398 2321 1484 2354 dolui,
1502 2322 1576 2349 chari
1595 2322 1661 2349 mihi
1682 2323 1780 2357 capitis

158 2359 222 2385 σῶψ
239 2360 277 2394 τῷ
286 2361 342 2387 ὄντι
359 2363 413 2397 γὰρ
425 2363 530 2398 ηλγησα
548 2365 597 2400 τὴν
607 2365 705 2402 ψυχὴν,
719 2368 768 2402 τῆς
786 2368 865 2403 φίλης
880 2369 932 2403 ὲμό

1007 2376 1102 2395 xcessu
1123 2368 1241 2403 cognito.
1275 2367 1328 2394 Sed
1355 2368 1548 2394 universorum
1578 2369 1723 2395 Rectorem
1750 2369 1779 2397 in

157 2403 278 2448 κεφαλῆς
301 2405 351 2440 τὴν
380 2405 511 2442 ἐκδημίαν
535 2409 711 2445 μεμαθηκώς.
730 2411 798 2438 Ἀλλ’
823 2413 863 2444 είς
880 2413 931 2439 νοῦν

1003 2414 1111 2441 nimum
1127 2413 1270 2445 revocavi,
1289 2414 1403 2448 ejusque
1424 2413 1589 2440 ineffabilem
1604 2414 1777 2448 sapientiam,

157 2447 252 2494 ἔϐαλον
267 2449 321 2475 τῶν
333 2449 401 2477 ὅλων
414 2451 458 2478 τὸν
472 2453 617 2488 Πρύτανιν,
633 2455 679 2481 καὶ
694 2456 741 2491 τὴν
756 2457 873 2492 ἄρρητον
893 2459 925 2485 αὑ

1004 2467 1053 2494 [um
1068 2459 1100 2486 ad
1121 2459 1266 2486 utilitatem
1285 2447 1376 2485 omnia
1395 2459 1544 2493 dispensat.
1562 2447 1647 2486 Tuam
1663 2460 1778 2493 proinde

156 2493 203 2519 τοῦ
217 2494 324 2528 σοφίαν.
340 2496 390 2531 τὴν
412 2497 520 2524 ἅπαντα
543 2499 609 2534 πρὸς
629 2500 659 2526 τὸ
683 2502 822 2537 συμφέρον
839 2505 927 2531 οἰκονο

1005 2509 1088 2532 tortor
1101 2505 1307 2536 excellentiam,
1327 2510 1355 2532 ut
1368 2506 1426 2532 hzec
1439 2505 1496 2539 ipsa
1514 2505 1624 2538 cogitet.
1641 2505 1779 2532 dolorem-

158 2541 270 2572 μοῦσαν.
289 2541 342 2567 Καὶ
364 2541 411 2576 τὴν
428 2542 476 2577 σὴν
491 2545 641 2580 παρακαλῶ
659 2546 786 2582 ὁσιότητα
809 2549 894 2576 ταῦτα
910 2551 932 2577 δί

1019 2559 1047 2579 1e
1069 2553 1176 2583 vincat,
1195 2556 1222 2579 et
1244 2557 1368 2579 nostrum
1385 2551 1508 2578 omnium
1530 2550 1674 2577 Dominum
1694 2551 1780 2577 Deum

157 2583 323 2617 λογίζεσθαι.
339 2587 387 2613 καὶ
411 2588 458 2614 τοῦ
483 2589 584 2621 πάθους
604 2593 803 2626 περιγενέσθαι,
821 2596 867 2622 καὶ
898 2597 931 2622 τὸν

1006 2583 1094 2624 audet.
1107 2597 1238 2625 lnell‘ahili
1252 2598 1354 2632 quippe
1365 2596 1537 2632 providentia
1551 2604 1594 2623 res
1612 2600 1721 2623 nostras
1733 2603 1780 2630 ειις

159 2629 266 2656 πάντων
293 2632 372 2666 ἡμῶν
403 2634 542 2669 Δεσπότην
573 2636 691 2671 ὑμνῆσαι
720 2637 800 2664 Θεὸν·
828 2641 939 2677 ἀρρήτῳ
995 2642 1101 2669 lternat.

157 2675 212 2709 γὰρ
243 2678 398 2715 προμηθείᾳ
432 2682 599 2716 κεχρημένος
631 2684 665 2710 τὰ
695 2685 754 2711 καθ’
781 2688 852 2721 ἡμᾶς
892 2675 940 2714 ius

160 2720 251 2756 ϐερνᾷ.

195 2798 216 2813 ³τ¹
234 2799 290 2824 ΙΛη¹
317 2809 372 2827 vut.
390 2801 433 2828 32.

198 2865 251 2898 μυ)
287 2866 441 2902 etlam-girl
475 2871 602 2899 mendose
636 2871 717 2900 habet
750 2874 976 2903 Vitulolmuensis.
