1962 3051
139 161 256 195 ’1239

585 198 601 211 δ

295 223 373 250 LXX.
388 239 423 244 ’-
438 225 576 253 ΕυειαιΙιὶο
592 227 709 262 episcopo
723 227 863 262 Egarum.

221 278 365 314 Tragoedia
381 279 492 314 dignum
508 286 550 308 est
564 281 637 316 quod
649 281 683 309 de
702 281 785 308 Maria
802 282 972 309 nobilissima

186 328 325 351 narratur.
342 325 403 352 llaec
420 326 526 360 1120
541 328 547 336 '
562 327 646 359 enim,
662 332 691 354 ut
712 327 770 361 ipsa
783 327 875 358 rel‘ert,
889 332 916 354 et
927 327 972 354 alii

187 369 297 404 quidem
309 371 399 402 testati
413 376 493 403 sunt,
510 371 565 399 tilia
583 376 627 400 est
641 373 901 408 magniliccntissimi
918 373 972 400 Eu-

187 414 319 442 damtonis
334 425 339 442 :
357 416 404 443 sed
419 417 446 443 in
465 417 509 444 illa
523 418 678 445 calamitate
688 439 694 450 ,
719 426 779 453 quze
793 418 911 446 Africam
930 419 973 446 in-

188 462 267 494 vasit,
288 462 387 489 avitam
406 463 561 491 libertatem
582 465 690 497 amisit,
710 468 738 491 ct
758 465 910 500 mancipata
932 470 974 492 est

187 506 322 534 servituti.
341 507 506 536 Mercatores
522 517 586 537 vero
609 510 720 544 quidam
738 518 799 537 eam
816 519 830 537 a
847 510 974 538 Barbarie

187 555 306 585 emptam
328 553 507 586 popularibus
526 554 689 588 quibusdam
716 555 819 582 nostris
841 555 972 582 vendide-

188 602 262 624 runt.
282 599 396 625 Vendita
413 607 495 633 porro
504 604 546 627 est
562 609 614 627 una
630 608 692 628 cum
707 601 765 636 ipsa
779 606 807 628 et
825 601 914 635 puella
932 601 973 636 ip-

187 641 244 668 sius
258 642 322 669 olim
337 642 436 670 famula
447 643 606 671 domestica.
623 645 717 679 Itaque
738 645 867 672 acerbum
885 646 972 673 servi-

190 687 255 714 tutis
264 688 359 722 jugum
369 689 470 723 pariter
482 689 620 718 ducebant
633 690 732 718 ancilla
743 696 771 717 et
783 690 903 718 domina.
917 690 975 718 Cte—

189 736 278 759 terum
293 733 440 762 discrimen
454 736 579 770 ignorare
592 736 694 763 famula
709 737 806 767 noluit,
822 744 874 763 nec
889 736 974 763 oblita

187 781 229 804 est
245 778 367 812 pristina:
377 780 573 808 dominationis
595 790 601 807 :
623 781 670 808 sed
695 781 917 808 benevolentiam
946 781 972 808 in

187 823 341 852 calamitate
354 826 512 858 reservavit,
528 831 628 861 etpost
646 827 834 854 communium
850 827 975 854 domino-

188 875 248 895 rum
261 869 433 902 l'amulatum.
446 871 630 899 famulabatur
640 872 722 899 etiarn
735 872 774 899 illi
787 880 847 907 qua:
861 880 973 900 conser-

698 170 942 200 THEODORETI
962 169 1132 200 EPISCOPI
1154 169 1335 198 (IYRENSIS

991 230 1012 259 Α
1114 227 1151 253 0’.
1164 240 1199 245 --
1209 225 1365 256 Εὑστιιθίῳ
1380 224 1539 256 ἐπισκόπῳ
1548 223 1644 258 Αἰγῶν
1657 223 1723 259 (t7).

1745 165 1814 199 1240

1062 283 1219 318 Τραγῳδίας
1236 281 1309 314 ἄξιον
1329 281 1359 308 τι
1376 281 1445 308 κατὰ
1461 280 1510 316 τὴν
1528 280 1724 314 εὐγενεστάτην
1751 280 1812 306 Μα-

1030 328 1090 363 ρίαν
1102 328 1234 363 διήγημα.
1248 326 1321 362 Αὕτη
1333 326 1387 361 γὰρ
1399 326 1455 352 ἔστι
1468 326 1516 360 μὲν
1531 325 1652 360 θυγάτηρ
1666 325 1713 352 τοῦ
1730 333 1813 360 μεγα-

1027 373 1245 411 λοπρεπεστάτου
1265 372 1439 407 Εὐδαίμονος,
1460 372 1497 403 ὡς
1517 372 1564 398 καὶ
1586 372 1653 406 αὐτή
1674 379 1750 406 φησι.
1765 371 1813 397 καὶ

1027 419 1101 446 ἄλλοι
1116 419 1188 450 τινὲς
1206 427 1238 453 με
1245 418 1462 454 μαρτυρήκασιν.
1480 417 1523 443 Ἐν
1537 416 1564 443 δὲ
1582 418 1614 451 τῇ
1626 415 1813 450 καταλαὸούσῃ

1028 465 1155 499 συμφορᾷ
1171 464 1220 499 τὴν
1233 463 1346 499 Λιϐύην,
1363 463 1412 498 τῆς
1426 461 1591 498 προγονικῆς
1602 461 1757 496 ἐλευθερῐας
1771 461 1813 492 ἐξ-

1027 510 1119 540 έπεσε.
1136 509 1182 536 καὶ¹
1193 510 1232 540 εἰς
1247 508 1368 535 δουλείαν
1404 508 1562 542 μετέπεσεν.
1581 508 1716 543 Ἕμποροι
1731 506 1758 532 δέ
1770 515 1812 548 τι-

1027 564 1081 587 νες.
1095 555 1179 591 αὐτὴν
1196 555 1269 590 παρὰ
1282 555 1335 581 τῶν
1352 553 1499 590 βαρϐάρων
1513 553 1668 588 πριάμενοι,
1681 552 1814 586 διεπώλησ

1029 602 1077 628 σάν
1089 610 1143 628 τισι
1156 601 1205 636 τὴν
1220 600 1358 636 ἡμετέραν
1371 599 1500 626 οἰκοῦσιν,
1521 598 1679 634 Συνεπραθη
1696 598 1723 624 δὲ
1745 598 1811 632 αὐτῇ

1028 648 1074 674 καὶ
1087 647 1225 681 παιδίσκη,
1242 646 1326 672 πάλαι
1338 645 1386 680 τὴν
1398 644 1534 679 οἰκετικὴν
1546 644 1620 676 τάξιν
1636 644 1733 679 ἔχουσα
1748 644 1812 678 παρ’

1027 695 1105 729 αὐτῇ·
1123 695 1200 728 κοινῇ
1212 693 1300 719 τοίνυν
1315 690 1404 719 εἷλκον
1417 692 1463 719 τὸν
1479 692 1575 727 πικρὸν
1586 691 1706 722 δουλείας
1718 691 1811 724 ζυγὸν,

1027 741 1044 777 ἦ
1060 749 1089 767 τε
1103 740 1266 775 θεράπαινα,
1283 740 1330 766 καὶ
1344 740 1360 773 ἡ
1376 739 1511 765 δέσποινα.
1529 738 1598 764 Ἀλλ’
1614 738 1663 764 οὑκ
1682 737 1814 772 ἠθέλησεν

1028 783 1160 819 ἀγνοῆσαι
1176 784 1206 810 τὸ
1219 784 1348 819 διάφορον
1365 784 1381 817 ή
1399 783 1562 817 θεράπαινα,
1579 782 1639 808 οὑδὲ
1654 783 1703 816 τῆς
1715 781 1813 816 προτέ-

1028 839 1078 864 ρας
1092 829 1238 856 ἐπελάθετο
1249 828 1417 859 δεσποτείας·
1429 827 1496 854 ἀλλὰ
1510 827 1557 862 τὴν
1573 826 1677 853 εὔνοιαν
1694 828 1727 861 τῇ
1743 835 1813 861 συμ-

1029 877 1099 911 φορᾷ
1113 875 1267 909 διεφύλαξε,
1285 875 1332 901 καὶ
1353 873 1422 909 μετὰ
1436 873 1485 908 τὴν
1496 873 1550 899 τῶν
1567 872 1662 899 κοινῶν
1676 872 1815 899 δεσποτῶν

187 920 220 940 va
233 914 392 948 putabatur,
407 915 491 950 pedes
505 916 630 948 abluens,
647 917 779 944 lectulum
794 921 932 949 sternens,
947 921 973 944 el

1028 921 1174 956 θεραπείαν
1199 920 1348 956 ἐθεράπευε
1374 919 1423 954 τὴν
1448 917 1628 953 νομιζομένην
1659 917 1811 952 ὁμόδουλον,

187 960 293 995 reliqua
309 961 436 988 similiter
453 961 541 989 cilicia
565 970 726 997 procurans.
745 963 797 990 lies
816 964 849 990 ad
871 968 976 998 erupto-

187 1014 249 1032 rum
276 1007 400 1034 notitiam
425 1009 561 1042 pervenit.
588 1009 652 1036 inde
673 1009 782 1045 vulgata
804 1017 853 1045 per
877 1010 973 1037 urbem

187 1052 270 1087 hujus
281 1053 403 1086 libertas,
419 1060 447 1081 et
468 1055 592 1089 probitas
609 1055 724 1082 ancillae.
738 1055 803 1089 Quae
821 1064 884 1083 cum
901 1056 974 1083 didi-

186 1097 289 1126 cissent
300 1099 346 1133 qui
362 1099 434 1134 apud
451 1107 501 1127 nos
512 1100 616 1136 degunt
626 1101 728 1128 milites
744 1101 896 1129 ﬁdelissimi
915 1102 976 1138 (ego

185 1143 260 1170 enim
288 1149 354 1171 tunc
377 1144 517 1180 aberam),
542 1145 632 1180 pretio
653 1146 826 1181 emptoribus
848 1149 975 1175 restituto

187 1187 259 1215 iilam
274 1196 288 1216 a
304 1190 437 1217 servitute
459 1190 646 1218 vindicarunt.
663 1191 718 1226 Ego
737 1200 803 1219 vero
825 1198 885 1227 post
900 1193 975 1221 redi-

188 1239 255 1266 tum,
273 1239 301 1262 et
317 1235 351 1262 de
365 1236 527 1263 calamitatis
547 1245 628 1269 casu,
655 1242 683 1265 et
698 1238 731 1265 de
755 1238 885 1266 laudabili
901 1239 974 1266 mili-

187 1283 244 1306 tum
258 1279 350 1308 studio
367 1281 470 1308 certior
487 1281 593 1314 factus,
614 1283 669 1310 illis
686 1283 798 1318 quidem
810 1283 898 1311 fausta
914 1292 976 1319 pre-

183 1329 264 1352 catus
277 1332 348 1357 sum,
362 1326 560 1354 nobilissimam
572 1335 639 1355 vero
654 1329 772 1363 puellam
783 1329 891 1356 cuidam
905 1337 920 1357 e
931 1337 975 1357 re-

185 1369 366 1405 ligiosissimis
379 1371 504 1399 diaconis
515 1373 715 1406 commendavi,
731 1379 759 1401 et
779 1382 916 1402 annonam
935 1375 974 1402 illi

185 1415 289 1443 aﬂ‘atim
315 1417 430 1451 praeberi
452 1418 532 1453 jussi.
559 1419 617 1446 1am
642 1419 737 1447 decem
762 1420 848 1455 elapsi
867 1429 975 1448 menses

185 1465 272 1492 erant,
286 1469 348 1488 cum
357 1466 463 1497 patrem
479 1463 595 1492 audiens
606 1465 698 1492 adhuc
717 1465 820 1498 vivere,
833 1466 976 1502 magistra—

187 1511 299 1542 tumque
314 1516 407 1543 gerere
421 1509 449 1536 in
461 1509 620 1543 Occidente,
630 1511 719 1538 redire
733 1511 766 1538 ad
781 1512 868 1545 illum,
883 1516 913 1539 ut
927 1520 976 1547 par

185 1556 255 1584 erat,
269 1553 436 1588 concupivit.
449 1555 484 1582 Et
499 1563 560 1582 cum
582 1555 749 1584 aliirmarent
773 1557 909 1589 nonnulli,
937 1558 970 1584 ad
986 1574 1006 1602 Ο

186 1597 333 1629 nundinas,
347 1607 409 1634 quae
422 1600 494 1634 apud
509 1608 558 1627 vos
573 1609 647 1628 nunc
671 1606 799 1636 aguntur,
815 1602 971 1636 complures

187 1642 221 1669 ab
234 1641 381 1671 Occidente
395 1649 560 1672 mercatores
575 1646 678 1681 1121
691 1651 832 1679 venturos,
849 1647 971 1682 pustula-

187 1688 226 1714 ιίι
240 1692 271 1715 ιιι
286 1697 349 1715 cum
364 1689 465 1719 litteris
479 1691 547 1718 meis
560 1691 794 1726 proficisceretur.
809 1688 864 1719 Hac
875 1700 925 1728 ego
938 1693 972 1720 de

186 1740 268 1760 causa
288 1734 431 1768 epistolam
451 1735 560 1770 scripsi,
577 1737 708 1772 pietatem
724 1743 800 1765 tuatn
820 1738 971 1771 obtestans,

134 1789 144 1797 ~
187 1782 366 1813 utgenerosm
378 1781 471 1816 stirpis
481 1789 573 1809 curam
587 1787 672 1818 gerat,
687 1787 714 1810 et
725 1784 858 1819 religione
872 1784 973 1819 praedi—

187 1829 214 1850 to
231 1825 350 1859 cuipiam
361 1826 466 1861 jubcat,
481 1831 583 1855 utcum
600 1829 786 1861 naviculariis,
801 1834 828 1857 et
837 1830 973 1865 guberna—

187 1870 303 1903 toribus,
325 1873 582 1908 mercatoribusque
607 1879 678 1909 agat,
698 1879 725 1902 et
747 1875 808 1902 ﬁdis
824 1883 885 1902 eam
907 1875 974 1902 viris

185 1917 348 1949 committat,
359 1918 405 1952 qui
415 1919 484 1953 patri
496 1919 643 1947 restituere
653 1925 763 1955 queant.
774 1921 892 1948 Prorsus
901 1922 974 1948 enim

185 1963 294 1990 lucrum
310 1963 405 1999 ingens
420 1965 549 1995 referent,
565 1966 611 2000 qui
637 1966 718 1993 [illam
737 1967 770 1994 ad
785 1971 888 2002 patrem
905 1975 974 2002 prte-

187 2013 228 2035 ter
239 2016 314 2043 spem
328 2017 437 2038 omnem
452 2011 599 2038 humanam
613 2012 800 2046 perduxerint.

186 2057 356 2092 καταστῆσαι
390 2057 429 2092 τῷ
458 2058 542 2093 πατρὶ
571 2058 742 2094 δυναμένοις.
778 2060 889 2092 Πάντως
921 2060 975 2095 γὰρ

185 2102 282 2129 ὲλπίδα
299 2102 338 2138 τῷ
353 2104 438 2138 πατρὶ
452 2103 501 2139 τὴν
515 2104 598 2130 παῖδα
617 2104 810 2139 προσάγοντες.

232 2169 325 2196 LXXI.
343 2185 378 2189 —
392 2169 491 2196 Zenoni
506 2171 632 2205 magistro
644 2171 757 2198 militum
773 2176 797 2198 et
814 2172 925 2199 consuli.

223 2235 423 2263 Fortitudinem
442 2241 514 2264 tuam
531 2237 666 2265 mirantur
681 2245 785 2268 omnes,
803 2242 833 2264 ut
844 2246 972 2266 mansuc—

188 2281 282 2308 tudine
296 2286 324 2308 et
338 2281 482 2309 clementia
500 2285 690 2317 temperatam,
705 2287 733 2310 et
748 2290 808 2317 qua:
826 2290 890 2317 erga
901 2286 909 2292 ‘
922 2283 972 2310 do-

1028 967 1215 994 ἀπονίπτουσα
1228 966 1323 997 πόδας,
1339 964 1522 1000 ὲπιμελομένη
1541 963 1695 998 στρωμνῆς,
1707 964 1755 989 καλ.
1765 965 1814 998 τῆς

1027 1012 1111 1047 ἄλλης
1127 1011 1257 1042 ὡσαύτως
1273 1010 1433 1046 ἐπιμελείας
1450 1008 1639 1045 φροντίζουσα.
1662 1008 1748 1034 Τοῦτο
1758 1011 1814 1040 τοῖς

1027 1057 1188 1092 πριαμένοις
1208 1057 1315 1091 ἐγένετο
1337 1056 1484 1091 γνώριμον.
1505 1054 1646 1081 Ἐντεῦθεν
1663 1054 1813 1089 ὲθρυλλήθη

1026 1104 1096 1131 κατὰ
1113 1104 1162 1138 τὴν
1176 1103 1252 1129 πόλιν
1264 1103 1281 1137 ἦ
1291 1111 1320 1128 τε
1333 1101 1436 1137 ταύτης
1447 1100 1596 1135 ἐλευθερία,
1611 1100 1657 1126 καὶ
1672 1100 1721 1134 τῆς
1733 1099 1814 1134 θερα-

1027 1147 1127 1182 παίνης
1139 1149 1155 1182 ἡ
1173 1146 1313 1182 εὺτροπία.
1327 1145 1420 1172 Ταῦτα
1433 1145 1622 1180 μεμαθηκότες
1634 1145 1658 1170 οἱ
1673 1144 1737 1179 παρ’
1750 1145 1814 1179 ἡμῖν

1028 1193 1163 1228 ἱδρυμένοι
1174 1192 1329 1219 πιστότατοι
1345 1191 1508 1226 στρατιῶται
1523 1190 1588 1224 (ἐγὼ
1601 1190 1655 1225 γὰρ
1665 1189 1815 1224 τηνικαῦτα

1027 1238 1123 1273 ἀπῆν),
1139 1239 1186 1265 καὶ
1201 1239 1257 1269 τοῖς
1268 1237 1431 1273 πριαμένοις
1448 1236 1581 1263 ἀπέδοσαν
1597 1235 1646 1270 τὴν
1659 1235 1751 1271 τιμὴν,
1768 1235 1815 1261 καὶ

1026 1282 1129 1318 ταύτην
1147 1283 1195 1318 τῆς
1212 1282 1333 1313 δουλείας
1351 1282 1520 1317 ἐξήρπασαν.
1543 1280 1614 1315 Ἐγὼ
1631 1281 1660 1307 δὲ
1679 1280 1747 1315 μετὰ
1765 1281 1815 1315 τὴν

1027 1328 1166 1361 ἐπάνοδον,
1190 1328 1324 1363 διδαχθεὶς
1349 1327 1397 1354 καὶ
1416 1327 1446 1353 τὸ
1469 1327 1562 1362 δρᾶμα
1585 1327 1634 1361 τῆς
1660 1327 1813 1361 συμφορᾶς,

1027 1375 1074 1403 καὶ
1086 1376 1140 1403 τῶν
1156 1375 1328 1411 στρατιωτῶν
1343 1375 1391 1410 τὴν
1404 1375 1560 1408 ἀξιέπαινον
1572 1373 1670 1409 ὄρεξιν,
1680 1373 1714 1399 τὰ
1726 1373 1815 1406 ἀγαθὰ

1028 1421 1077 1456 μὲν
1093 1421 1255 1456 ἐπηυξάμην
1265 1420 1391 1452 ἐκείνοις,
1409 1419 1459 1455 τὴν
1475 1418 1672 1454 εὐγενεστάτην
1687 1418 1715 1444 δὲ
1732 1418 1815 1453 κόρην

1026 1466 1080 1493 τῶν
1096 1465 1302 1493 εὺλαϐεστὰτων
1314 1465 1369 1492 τινὶ
1381 1464 1513 1492 διακόνων
1531 1463 1688 1499 παρέδωκα,
1703 1463 1814 1498 σιτηρέ-

1027 1519 1084 1538 σιον
1101 1511 1202 1547 ἀρκοῦν
1216 1511 1394 1547 χορηγεῖσθαι
1412 1510 1617 1546 παρεγγυήσας.
1635 1509 1705 1535 Δέκα
1723 1508 1751 1534 is
1777 1509 1816 1535 δι-

1027 1557 1194 1592 εληλυθότων
1211 1556 1313 1592 μηνῶν,
1328 1555 1451 1592 μαθοῦσα
1464 1555 1511 1582 τδν
1523 1555 1627 1589 πατέρα
1642 1554 1691 1590 ζῇν
1705 1554 1755 1585 ἔτι,
1769 1555 1816 1580 καὶ.

1023 1603 1117 1638 ἄρχειν
1129 1603 1157 1630 ἐν
1169 1604 1201 1638 τῇ
1216 1603 1304 1634 Δύσει,
1323 1602 1495 1638 ἐπεθύμησεν
1506 1601 1617 1632 εἰκότως
1631 1601 1698 1636 πρὸς
1712 1601 1816 1626 ἐκεῖνον

1022 1649 1189 1676 ἐπανελθεῖν
1205 1648 1251 1675 καί
1269 1656 1347 1675 τινων
1361 1648 1520 1683 εἰρηκότων,
1533 1647 1571 1678 ὡς
1582 1646 1636 1672 ἀπὸ
1649 1646 1699 1680 τῆς
1713 1646 1809 1671 Ἑσπέ-

1025 1704 1074 1730 ρας
1090 1694 1206 1730 ἔμποροι
1229 1694 1349 1721 πλεῖστοι
1366 1693 1540 1727 καταίρουσιν
1563 1693 1603 1724 είς
1619 1691 1668 1727 τὴν
1680 1691 1728 1718 νῦν
1749 1685 1815 1725 παρ’

1024 1739 1089 1774 ὑμῖν
1104 1739 1315 1775 ἐπιτελουμένην
1327 1738 1583 1774 πανήγυριν,ῇτησε
1600 1737 1668 1772 μετὰ
1682 1737 1814 1772 γραμμά-

1026 1794 1079 1811 των
1093 1785 1167 1821 ὲμῶν
1182 1785 1231 1820 τὴν
1247 1785 1403 1820 ἀποδημίαν
1423 1783 1596 1819 ποιήσασθαι.
1615 1782 1718 1809 Τούτου
1733 1782 1814 1817 χάριν

1026 1832 1128 1867 ταύτην
1145 1832 1272 1868 γέγραφα
1287 1831 1336 1866 τὴν
1349 1830 1503 1865 ἐπιστολὴν,
1516 1828 1685 1865 παρακαλῶν
1702 1837 1748 1854 σου
1766 1828 1815 1862 τὴν

1026 1877 1190 1910 θεοσέϐειαν,
1206 1877 1243 1909 ὡς
1258 1876 1386 1911 εὐγενοῦς
1398 1876 1539 1911 φροντίσαι
1558 1875 1756 1910 βλαστήματος,
1768 1874 1815 1900 καὶ

1027 1923 1154 1950 κελεῦσαί
1167 1932 1220 1950 τινι
1240 1923 1293 1949 τῶν
1310 1922 1437 1957 εὐλαϐείᾳ
1459 1921 1664 1956 κοσμουμένων,
1685 1920 1732 1946 καὶ
1751 1928 1815 1946 ναυ-

1027 1969 1148 2004 κλήροις,
1166 1969 1213 1996 καὶ
1234 1969 1425 2004 κυϐερνήταις,
1444 1968 1491 1994 καὶ
1513 1967 1645 2002 ἐμπόροις
1669 1965 1812 2001 διαλεχθῆ-

1028 2022 1082 2045 ναι,
1111 2014 1158 2040 καὶ
1180 2014 1285 2044 πιστοῖς
1313 2013 1398 2046 αὐτὴν
1420 2012 1533 2048 ἀνδράσι
1550 2011 1730 2047 παραδοῦναι,
1744 2011 1813 2036 ἀπο-

1012 2060 1158 2096 παμπολλα
1195 2058 1355 2095 κερδανοῦςι
1396 2057 1471 2094 παρὰ
1519 2057 1609 2084 πᾶσαν
1641 2056 1815 2091 ἀνθρωπίνην

1117 2171 1177 2198 ()A’.
1195 2185 1225 2190 —
1242 2169 1358 2204 Ζήνωνι
1372 2168 1529 2203 στρατηγῷ
1545 2168 1593 2195 καὶ
1614 2167 1726 2200 ὑπάτῳ.

1061 2237 1118 2272 Τὴν
1135 2236 1273 2272 ὑμετέραν
1291 2235 1418 2270 ἀνδρείαν
1433 2235 1616 2270 θαυμάζουσιν
1633 2234 1761 2266 ἅπαντες,
1776 2235 1814 2266 ὡς

1026 2283 1174 2317 ἡμερότητι
1195 2282 1242 2308 καὶ
1265 2281 1397 2317 πραότητι
1416 2281 1608 2316 κεκραμένην,
1629 2281 1676 2307 καὶ
1693 2282 1749 2312 τοῖς
1765 2281 1813 2315 μὲν

187 2327 317 2354 mesticos
348 2327 457 2359 blando,
475 2327 608 2355 adversus
624 2328 719 2355 hostes
736 2327 808 2355 virili
828 2329 919 2356 animo
934 2329 973 2356 fe-

1027 2316 1252 2363 οῑκείοιςνὴπὶως,
1266 2316 1322 2359 τοῖς
1341 2327 1369 2353 δὲ
1383 2327 1523 2362 πολεμίοις
1540 2326 1668 2362 ἀνδρείως
1693 2335 1813 2361 προσερε-

186 2376 273 2399 ratur.
292 2372 469 2399 Laudabilem
490 2380 573 2407 porro
590 2373 647 2422 bime
668 2372 790 2400 eﬂieiunt
810 2373 972 2408 magistrum

186 2417 313 2445 militum.
328 2418 441 2446 Militem
461 2418 535 2445 enim
551 2417 628 2446 ornat
644 2418 786 2451 fortitudo,
803 2419 899 2446 ducem
916 2428 972 2454 pra:

186 2464 349 2491 fortitudine
363 2464 518 2499 prudentia,
540 2469 568 2492 et
589 2472 650 2491 cum
663 2464 708 2492 his
728 2466 909 2500 temperantia
931 2471 972 2493 at-

186 2517 239 2544 que
254 2510 371 2545 iustitia,
388 2517 436 2544 per
455 2518 524 2545 quas
537 2518 633 2545 magna
651 2511 739 2537 virtus
753 2515 874 2545 paratur.
897 2511 972 2538 Hanc

187 2559 279 2582 autem
292 2555 395 2590 colligit
410 2555 543 2583 bonorum
559 2557 657 2590 cupida
665 2565 753 2589 mens,
766 2557 972 2584 suavissimum-

186 2609 240 2636 que
254 2601 330 2628 ducit
347 2601 480 2633 laborem,
500 2601 637 2629 fructuum
652 2608 779 2637 spectans
787 2603 970 2630 dulcedinem.

189 2646 302 2673 Virtutis
331 2646 467 2681 siquidem
490 2647 600 2674 athletis
625 2648 734 2682 praemia
765 2653 894 2683 tanquam
913 2657 972 2676 ma-

186 2691 303 2727 gniﬁcus
315 2691 427 2726 quidam
444 2692 607 2727 agonotheta
622 2693 763 2728 proposuit
782 2693 972 2720 universorum

187 2735 270 2768 Deus,
285 2735 338 2763 alia
354 2735 466 2770 quidem
482 2736 509 2763 in
522 2736 572 2764 hac
585 2737 650 2769 vita,
664 2738 716 2764 alia
729 2745 795 2764 vero
807 2738 834 2764 in
849 2737 894 2764 illa
911 2746 972 2772 quae

188 2784 270 2810 tinem
287 2789 345 2809 non
361 2782 453 2809 habet.
472 2782 507 2810 lis
521 2790 586 2818 ergo
599 2791 660 2818 quae
676 2783 720 2811 hic
737 2788 801 2811 sunt
814 2784 974 2819 magnitudo

1028 2373 1155 2409 ρομένην.
1169 2373 1221 2400 Τὸν
1238 2373 1394 2406 ἀξιέπαινον
1411 2372 1439 2399 δὲ
1464 2372 1550 2399 ταῦτα
1576 2373 1696 2399 δείκνυσι
1713 2381 1812 2407 στρατ-

1026 2419 1105 2453 ηγόν.
1124 2418 1298 2455 Στρατιώτην
1319 2419 1367 2454 μὲν
1382 2419 1436 2455 γὰρ
1449 2420 1466 2455 ἡ
1478 2419 1573 2455 ἀνδρία
1593 2420 1699 2454 κοσμεῖ,
1719 2418 1764 2445 τὸ]
1783 2417 1813 2444 δὲ

1028 2465 1179 2501 στρατηγὸν
1201 2464 1255 2500 πρὸ
1272 2465 1321 2500 τῆς
1341 2465 1452 2500 ἀνδρίας
1468 2466 1484 2500 ὴ
1500 2465 1648 2500 φρόνησις·
1672 2465 1720 2491 καὶ
1743 2465 1813 2500 μετὰ

1024 2511 1128 2537 τούτων
1143 2510 1307 2546 σωφροσύνη
1323 2512 1370 2538 καὶ
1385 2510 1554 2546 δικαιοσύνη,
1567 2511 1599 2537 δι’
1611 2508 1648 2538 ὧν
1663 2511 1676 2537 ὁ
1689 2510 1736 2545 τῆς
1751 2511 1813 2545 ἁρε-

1025 2556 1074 2591 τῆς
1089 2555 1295 2591 συναθροίζεται
1311 2555 1432 2588 πλοῦτος.
1447 2555 1574 2590 Συλλέγει
1585 2555 1613 2582 δὲ
1623 2555 1716 2582 τοῦτον
1731 2555 1813 2591 ἡτῶν

1026 2594 1135 2636 ἀγαθῶν
1155 2601 1306 2638 ὀρεγομένη
1321 2601 1394 2637 ψυχή
1408 2610 1414 2617 ·
1432 2602 1479 2628 καὶ
1503 2602 1611 2637 ἥδιστον
1634 2601 1741 2636 ἡγεῖται
1767 2599 1812 2626 τὸν

1026 2647 1116 2678 πόνον,
1131 2648 1171 2678 είς
1183 2647 1214 2673 τὸ
1228 2647 1314 2681 γλυκὺ
1331 2647 1385 2673 τῶν
1397 2646 1512 2682 καρπῶν
1527 2646 1729 2674 ἀποϐλέπουσα.
1748 2646 1812 2675 Τοῖς

1026 2692 1081 2728 γὰρ
1097 2693 1147 2728 τῆς
1169 2693 1269 2728 ἀρετῆς
1285 2693 1414 2728 ἀθληταῖς
1430 2691 1500 2720 ἆθλα
1521 2692 1698 2729 προτέθεικεν
1713 2689 1758 2718 οἷά
1771 2700 1813 2724 τις

1027 2738 1197 2774 ἀγωνοθέτης
1220 2739 1360 2774 φιλότιμος
1380 2739 1394 2764 ό
1418 2739 1472 2766 τῶν
1488 2739 1556 2765 ὅλων
1574 2738 1651 2771 Θεὸς,
1668 2738 1702 2764 τὰ
1719 2738 1767 2772 μὲν
1783 2737 1814 2763 ὲν

1027 2785 1095 2820 τῷδε
1109 2785 1148 2819 τῷ
1162 2784 1222 2820 βίῳ,
1239 2785 1274 2812 τὰ
1288 2785 1316 2811 δὲ
1332 2785 1361 2812 ὲν
1378 2785 1473 2820 ἐκείνῳ
1487 2784 1526 2818 τῷ
1542 2785 1628 2819 πέρας
1641 2784 1692 2812 οὐκ
1712 2783 1811 2819 ἔχοντι.

225 2870 280 2906 (47)
297 2869 384 2898 ilahct
408 2870 478 2897 hanc
498 2870 638 2904 epistolam
651 2870 745 2897 Latine
773 2871 903 2898 redditam
925 2871 1058 2899 Baronius
1071 2871 1103 2899 ad
1119 2880 1182 2899 ann.
1198 2871 1258 2906 440,
1276 2877 1341 2900 tom.
1358 2873 1401 2904 Vl,
1418 2880 1445 2908 ιι.
1461 2873 1483 2900 6.
