1962 3051
135 165 199 198 1241

796 166 978 196 EPISTULA
997 168 1120 199 LXXIII

1688 169 1754 201 1242

134 221 195 247 Τῶν
208 220 271 256 τῇδε
295 219 344 256 μὲν
361 217 408 247 οὖν
427 220 458 246 τὸ
478 220 611 257 ὑμέτερον
632 220 774 255 ἁπήλαυσε
796 220 919 255 μέγεθος,

983 227 1064 250 ἐδει-ο
1074 224 1159 258 potita
1171 229 1223 257 est,
1238 230 1266 252 et
1282 233 1443 260 supremum
1461 226 1592 252 honorem
1605 229 1648 252 est
1657 232 1755 252 conse—

134 266 182 293 καὶ
203 266 235 292 τδ
258 266 408 302 ἀκρότατον
429 265 537 298 ἐδέξατο
558 265 643 301 γέρας
656 273 662 280 ·
685 266 727 299 είη
745 265 774 291 δὲ
795 266 842 291 καὶ
867 265 921 291 τῶν

137 312 257 347 μονίμων
272 311 381 339 ἐκείνων
395 312 441 338 καὶ
453 311 571 347 διαρκῶν
587 312 636 346 τὴν
653 311 788 346 ὑμετέραν
807 311 922 345 μεγαλο-

135 358 218 392 φυΐαν
233 359 324 393 τυχεῖν
335 358 457 392 ἀγαθῶν,
481 358 528 384 καὶ
544 357 613 392 μετὰ
629 357 679 392 τῆς
695 356 832 391 ὑπατικῆς
845 356 921 391 ἀμπ-

136 404 231 439 εχόνης
244 403 408 438 προσλαϐεῖν
418 403 467 438 τὴν
482 403 601 438 ἄῤῥητον
610 403 658 429 καὶ
675 403 749 429 θείαν
763 401 919 437 περιὸολήν.

136 449 221 483 Κοινὴ
232 449 286 484 γὰρ
301 448 409 475 πάντων
423 448 490 483 εὐχὴ
501 448 555 474 τῶν
567 448 674 483 ἐκείνης
688 448 739 482 τῆς
751 447 854 483 δωρεᾶς
866 447 923 472 ἐπι-

138 495 278 529 σταμένων
290 495 320 520 τὸ
338 494 462 529 μέγεθος.
769 527 781 536 .

278 548 337 575 οΒ¹.
351 563 385 569 -
409 548 615 583 Ἐρμησιγένει
634 547 786 582 παρέδρῳ.

179 606 275 632 Ἦνίκα
295 606 348 632 τῶν
364 606 515 640 ἀνθρώπιον
531 606 544 632 ὁ
560 605 609 639 τῆς
629 605 741 639 ἀγνοίας
758 603 923 639 κατεκέχυτο

139 651 228 684 ζόξος,
241 652 272 677 οὐ
283 651 331 682 τὰς
348 651 431 682 αὐτὰς
447 651 564 681 ἅπαντες
579 651 675 685 ἑορτὰς
687 650 843 682 ἐπετέλουν,
855 649 923 677 ἀλλὰ

138 697 305 733 διῃρημένας
321 695 393 735 εἶχον
415 697 486 724 κατὰ
506 697 598 728 πόλεις
612 696 662 728 τὰς
678 696 856 731 πανηγύρεις.
878 696 923 723 Ἐν

141 742 230 769 ’Πλιδι
245 743 293 777 μὲν
304 743 358 778 γὰρ
384 741 519 777 Ὀλύμπια
534 740 578 776 ἦν,
593 743 622 767 ὲν
642 740 754 776 Δελφοῖς
773 741 801 768 δὲ
819 741 853 768 τὰ
868 741 921 767 Πύ-

140 788 196 821 θια,
214 789 243 814 ὲν
257 788 285 814 δέ
300 796 331 822 γε
342 789 374 823 τῇ
389 787 500 823 Σπάρτῃ
514 787 548 813 τὰ
570 786 722 818 Ὑακίνθια,
750 786 878 822 Ἀθήνῃσι
893 787 923 813 δὲ

140 833 174 860 τὰ
185 833 239 869 (48)
257 833 443 867 Παναθήναια,
460 833 506 858 καὶ
518 832 551 858 τὰ
564 832 748 867 Θεσμοφόρια,
762 832 850 858 καὶτᾶ
865 833 924 858 Διο-

141 878 229 906 νύσια.
250 877 387 912 Ἐπίσημα
403 876 431 903 δὲ
444 874 477 912 ἦν
488 885 494 891 ·
520 876 567 903 καὶ
582 876 656 903 ἄλλοι
670 876 698 902 δὲ.
719 876 806 903 ἄλλων
831 876 925 902 ἐπετέ-

141 925 202 951 λουν
215 923 386 959 δημοθοινίαν
394 922 448 958 (49)
459 922 603 957 δαιμόνων.
624 922 731 957 Ἐπειδὴ
748 922 775 948 δὲ
792 921 822 948 τὸ
836 921 927 957 νοερὸν

142 970 199 1005 φῶς
212 969 260 1005 τὴν
275 969 358 1004 ἀχλὺν
375 968 481 1004 ἐκείνην
501 969 640 1001 ἐσκέδασε,
655 967 792 1002 πανταχοῦ
809 968 861 1002 γῆς
879 968 926 994 καὶ

142 1015 275 1050 θαλάττης
301 1014 452 1049 ἠπειρῶται
473 1014 521 1040 καὶ
545 1014 677 1049 νησιῶται
700 1015 776 1049 κοινῇ
791 1013 837 1040 τοῦ
858 1013 926 1040 Θεοῦ

142 1062 190 1087 καὶ
205 1062 330 1095 Σωτῆρος
345 1063 360 1096 ἠ
366 1060 423 1096 μῶν
438 1059 591 1087 ἐπιτελοῦσι
606 1059 656 1091 τὰς
670 1060 767 1095 ἑορτάς
778 1067 785 1074 ·
804 1059 851 1085 καὶ
864 1058 927 1084 ἔνθα

143 1107 175 1133 ἄν
190 1115 231 1138 τις
250 1106 425 1141 ἀποδημῆσαι
439 1106 549 1142 θελήσῃ,
568 1106 619 1132 κᾶν
634 1106 702 1141 πρὸς
715 1105 791 1140 ἥλιον
804 1105 928 1139 ἀνίσχον-

143 1161 187 1184 τα,
202 1151 252 1178 κᾶν
269 1152 336 1186 πρὸς
350 1152 488 1187 δυόμενον,
503 1151 642 1187 πανταχοῦ
652 1152 702 1187 τὴν
714 1143 798 1187 αὑτήν
814 1151 927 1186 εὑρήσει

144 1198 213 1224 κατά
229 1197 276 1224 τὸν
299 1197 379 1223 αὑτδν
405 1198 500 1232 χρόνον
525 1197 739 1232 ἐπιτελουμένην
761 1198 926 1231 πανήγυριν.

144 1243 210 1270 Οὐδὲ
222 1242 275 1278 γὰρ
291 1243 362 1269 κατὰ
372 1243 418 1269 τὸν
434 1242 573 1274 Μωῦσέως
587 1242 680 1278 νόμον,
691 1242 736 1268 τον
747 1243 780 1278 τῇ
792 1241 928 1268 Ἰουδαίων

144 1289 271 1324 ἀσθενείᾳ
299 1289 492 1323 συμϐαίνοντα,
515 1289 555 1319 είς
585 1288 648 1323 μίαν
677 1287 785 1322 ἀνάγκη
811 1287 928 1314 συνιέναι

144 1333 232 1364 πόλιν,
247 1333 293 1359 καὶ
308 1333 362 1359 τῶν
380 1333 545 1368 εὐεργεσιῶν
569 1332 709 1370 ἑορτάζειν
731 1332 781 1370 τὴν
796 1334 905 1369 μνήμην
919 1342 927 1349 ⁸

145 1378 213 1406 ἀλλὰ
225 1379 300 1407 πᾶσα
316 1379 402 1412 πόλις,
419 1379 465 1407 καὶ
485 1381 560 1407 πᾶσα
586 1379 679 1416 κώμη,
698 1380 744 1407 καὶ
769 1381 860 1415 ἀγροὶ,
882 1380 930 1406 καὶ

145 1427 280 1462 ἐσχατιαὶ,
297 1425 347 1462 τῆς
370 1426 445 1458 θείας
466 1425 672 1462 ἐνεπλήσθησαν
685 1426 812 1462 χάριτος·
834 1425 881 1452 καὶ
900 1427 929 1452 ὲν

145 1473 226 1499 παντὶ
240 1472 314 1507 τόπῳ
331 1472 408 1507 σηκοὶ
431 1471 496 1498 θεῖοι
513 1472 560 1498 καὶ¹
574 1472 677 1506 τεμένη
693 1471 873 1506 καθιέρωνται
891 1470 930 1506 τῷ

145 1517 201 1544 τῶν
213 1517 280 1544 ὅλων
289 1517 357 1552 Θεῷ.
374 1517 423 1543 Διά
431 1525 471 1543 τοι
485 1516 564 1543 τοῦτο
581 1516 628 1543 καὶ
642 1516 712 1543 κατὰ
725 1515 817 1547 πόλεις
832 1516 929 1551 διῃρη-

148 1562 223 1598 μένοι
240 1562 472 1598 πανηγυρίζομεν,
488 1562 534 1588 καὶ
547 1560 580 1588 αὖ
596 1562 678 1588 πάλιν
691 1562 873 1601 κοινωνοῦμεν
886 1561 931 1588 άλ-
944 1553 966 1582 C

146 1608 237 1643 λήλοις
256 1608 310 1634 τῶν
326 1608 437 1643 ἑορτῶν.
454 1608 506 1634 Τὸν
520 1608 573 1644 γὰρ
586 1608 667 1635 αὐτὸν
684 1609 751 1635 Θεόν
773 1617 802 1635 τε
822 1609 870 1634 καὶ
886 1609 934 1634 Δε-

147 1653 249 1688 σπότην
275 1654 331 1684 τοῖς
356 1653 450 1687 ὕμνοις
464 1654 640 1688 γεραιρομεν,
663 1655 710 1681 καὶ
729 1654 779 1686 τὰς
800 1654 935 1690 μυστικὰς

147 1698 220 1733 αὐτῷ
231 1698 324 1730 θυσίας
338 1699 540 1734 προσφέρομεν.
559 1699 661 1726 Τούτου
677 1699 708 1736 δὴ
725 1701 804 1735 χάριν
825 1701 871 1727 καὶ
890 1701 934 1728 διὰ

147 1743 318 1778 γραμμάτων
341 1743 472 1779 ἀλλήλους
493 1745 517 1771 οἱ
533 1745 732 1778 γειτονεύοντες
746 1747 935 1782 προσφθεγγό·

149 1788 228 1823 μεθα,
242 1790 292 1824 τὴν
310 1791 342 1816 ὲκ
363 1791 412 1825 τῆς
426 1790 523 1825 ἑορτῆς
538 1791 718 1827 ἐγγινομένην
738 1791 871 1827 θυμηδίαν
884 1801 934 1827 ση-

150 1834 299 1869 μαίνοντες.
313 1834 398 1862 Τοῦτο
416 1835 492 1869 κάγὼ
508 1835 555 1861 νῖν
569 1835 647 1868 ποιῶ,
662 1836 709 1862 ιιαδ¹
723 1835 771 1870 τὴν
789 1837 933 1870 ἑορταστι-

148 1878 200 1914 κήν
228 1879 377 1915 πρόσρησιν
405 1881 438 1915 τῇ
464 1881 496 1915 σῇ
522 1880 742 1915 μεγαλοπρεπείᾳ
777 1880 934 1915 προσφέρω.

155 1924 307 1950 Ἀντιδώσει
324 1925 352 1950 δὲ
367 1925 412 1950 καὶ
423 1924 491 1960 αὑτὴ
508 1925 616 1956 πάντως
629 1924 677 1960 τὴν
688 1925 813 1959 τσην,καὶ
825 1926 936 1961 τιμήσει

148 1969 195 1996 τὸν
208 1970 290 2005 νόμον
302 1970 352 2004 τῆς
367 1970 474 2005 ἑορτῆς.

373 2026 432 2053 Ol".
450 2042 484 2046 —
507 2026 708 2060 Ἀπολλωνίῳ.

184 2082 368 2118 Θεμιστοκλέα
391 2083 436 2110 τὸν
460 2083 621 2114 Νεοκλέους,
643 2083 688 2109 τὸν
708 2083 818 2119 ἄριστον
834 2083 936 2109 ἐκεῖνον

149 2131 197 2157 καὶ
211 2129 375 2164 ἀξιάγαστον
387 2129 548 2165 στρατηγὸν,
562 2129 710 2164 θαυμάζων
721 2130 734 2156 ὁ
747 2129 935 2164 συγγραφεὺς,

151 2175 267 2210 φυσικὴν
287 2175 361 2211 αὐτῷ
391 2176 475 2211 μόνην
503 2174 791 2210 προσμεμαρτύρηκεν
819 2175 934 2209 ἀρετήν·

971 273 1044 295 cuta.
1063 269 1172 297 Utinam
1188 275 1216 296 et
1232 270 1378 298 stabilibus
1399 271 1453 297 illis
1466 278 1498 298 ac
1517 270 1658 305 perpetuis
1676 269 1756 297 bonis

972 314 1168 342 sublimitatem
1188 319 1261 342 tuam
1278 316 1329 343 l‘rui
1350 317 1499 350 contingat.
1516 320 1545 343 et
1561 323 1623 342 cum
1639 316 1756 350 palmata

972 361 1108 387 consulari
1120 360 1286 388 ineffabilem
1303 361 1479 396 divinamque
1491 366 1593 388 vestem
1605 368 1755 388 assumere.

972 404 1121 433 Commune
1145 415 1262 442 namque
1289 411 1383 434 votum
1407 411 1449 434 est
1471 407 1595 434 omnium
1616 407 1662 441 qui
1684 406 1757 435 illius

972 450 1037 478 doni
1055 452 1270 487 magnitudinem
1286 453 1452 488 intelligunt.

1063 548 1168 583 1122
1187 549 1291 576 LXXII.
1307 565 1342 569 —
1357 550 1536 586 Hermesigeni
1555 552 1690 578 assessori.

1020 603 1079 636 Quo
1120 608 1243 639 tempore
1286 605 1428 633 hominum
1468 607 1562 640 generi
1594 606 1758 634 circumfusa

975 648 1134 683 ignorantiae
1160 657 1213 676 nox
1243 655 1318 683 erat,
1352 659 1407 678 non
1435 651 1531 678 eadem
1560 659 1656 679 omnes
1690 651 1759 678 festa

975 694 1159 727 celebrabant,
1183 695 1231 722 sed
1258 695 1380 723 diversas
1402 697 1517 732 singulis
1544 698 1571 724 in
1601 698 1760 725 civitatibus

975 739 1090 774 agebant
1106 748 1264 776 panegyres.
1284 741 1351 768 Nam
1368 742 1395 769 in
1412 742 1488 770 Elide
1509 743 1620 776 quidem
1634 742 1760 778 Olympia

975 789 1063 818 crant,
1083 785 1155 820 apud
1170 787 1288 821 Delphos
1303 795 1368 814 vero
1381 788 1490 822 Pythia,
1506 792 1534 815 et
1549 788 1621 822 apud
1635 789 1761 823 Spartam

976 839 1072 858 rursus
1102 832 1276 867 Hyacinthia,
1302 833 1417 860 Athenis
1443 841 1508 860 vero
1532 834 1718 866 Panathemea,
1733 839 1762 861 et

942 887 961 912 Β
977 877 1209 912 Thesmophoria,
1237 883 1265 904 et
1285 878 1423 913 Dionysia.
1452 878 1570 913 Insignia
1595 886 1678 913 porro
1704 879 1762 906 hac

977 928 1064 954 erant,
1075 928 1102 950 et
1113 924 1158 950 alii
1173 923 1290 951 aliorum
1306 924 1460 951 dzemouum
1472 924 1567 958 epulas
1578 924 1761 951 instruebant.

977 970 1123 1005 Postquam
1139 970 1260 997 verolux
1273 970 1412 997 mentibus
1427 970 1517 996 infusa
1530 970 1674 1005 caliginem
1688 970 1762 997 illam

977 1014 1123 1048 discussit,
1151 1015 1253 1050 ubique
1273 1020 1407 1042 terrarum
1424 1023 1456 1042 ac
1478 1015 1606 1047 marium,
1628 1019 1656 1042 et
1670 1015 1761 1043 conti-

977 1061 1068 1088 nentis
1086 1061 1182 1088 incola:
1192 1065 1219 1087 et
1240 1061 1369 1093 insulani,
1387 1069 1440 1088 una
1458 1068 1554 1088 omnes
1568 1061 1624 1087 Deo
1643 1065 1671 1088 et
1699 1061 1762 1088 Ser-

977 1106 1064 1133 vatori
1083 1110 1178 1133 nostro
1193 1106 1251 1134 dies
1266 1106 1348 1133 festos
1364 1110 1458 1141 agunt.
1473 1110 1502 1134 et
1513 1114 1678 1141 quocunque
1699 1113 1764 1141 per-

977 1159 1041 1187 gere
1058 1152 1120 1186 quis
1132 1152 1208 1185 velit,
1230 1153 1288 1180 sive
1307 1153 1340 1180 ad
1357 1152 1424 1180 solis
1446 1157 1547 1184 ortum,
1565 1152 1622 1179 sive
1635 1151 1667 1178 ad
1685 1159 1764 1179 occa-

978 1205 1049 1230 sum,
1070 1198 1194 1225 eamdem
1207 1199 1309 1233 ubique
1328 1199 1448 1233 reperiet
1468 1198 1565 1225 eodem
1581 1202 1702 1233 tempore
1719 1205 1764 1225 so-

977 1243 1147 1271 lemnitatem
1160 1243 1303 1271 celebrari.
1318 1244 1412 1280 Neque
1435 1243 1508 1273 enim
1529 1243 1605 1280 juxta
1622 1242 1706 1271 Musis
1726 1243 1767 1271 lo—

978 1288 1213 1325 gem,.|udaaornm
1225 1289 1374 1317 infirmitati
1385 1289 1628 1321 accommodatam,
1642 1289 1670 1316 in
1683 1297 1765 1316 unam

978 1340 1091 1360 necesse
1116 1337 1160 1361 est
1185 1334 1323 1361 civitatem
1348 1334 1498 1366 conﬂuere,
1514 1333 1767 1369 beneficiorumque

979 1378 1138 1405 memoriam
1154 1378 1278 1406 feriando
1292 1379 1423 1406 recolere.
1439 1378 1491 1406 Sed
1506 1378 1632 1405 civitates
1643 1378 1766 1414 singulae,

979 1428 1007 1450 et
1020 1423 1084 1456 vici,
1103 1428 1131 1451 et
1155 1424 1223 1459 agri,
1247 1429 1275 1451 et
1301 1431 1356 1451 ora:
1382 1424 1484 1450 ultima:
1509 1423 1601 1450 divina
1624 1423 1769 1450 cumulata:

980 1473 1043 1496 sunt
1054 1470 1149 1504 gratia,
1164 1470 1286 1504 locisque
1299 1469 1428 1496 omnibus
1443 1468 1535 1496 divina
1554 1469 1655 1503 templa
1671 1472 1698 1495 et
1719 1468 1768 1495 de-

980 1515 1060 1541 lubra
1083 1515 1276 1542 universorum
1306 1515 1362 1541 Deo
1388 1518 1495 1542 sacrata
1523 1519 1598 1541 sunt.
1627 1514 1722 1549 Itaque
1741 1519 1770 1542 et

983 1558 1103 1593 singulas
1126 1566 1176 1592 per
1199 1558 1282 1585 urbes
1309 1558 1391 1586 divisi
1419 1562 1571 1586 conventus
1597 1558 1714 1593 agimus,
1742 1563 1770 1586 et

985 1603 1056 1630 inter
1070 1611 1120 1630 nos
1132 1611 1226 1630 rursus
1239 1603 1371 1631 festorum
1383 1603 1516 1631 solemnia
1525 1604 1770 1630 commnnieamus.

984 1648 1117 1675 Eumdem
1133 1649 1234 1683 quippe
1253 1649 1261 1659 '
1285 1649 1371 1676 Deum
1389 1657 1421 1676 ac
1437 1649 1582 1675 Dominum
1598 1648 1706 1684 hymnis
1724 1656 1768 1676 ve-

984 1703 1123 1728 neramur,
1147 1699 1175 1722 et
1198 1695 1326 1731 mysticas
1351 1695 1388 1722 illi
1404 1695 1508 1722 hostias
1522 1694 1674 1722 olferimus.
1694 1694 1773 1722 Unde

984 1749 1034 1775 per
1048 1740 1154 1768 litteras
1167 1742 1250 1768 etiam
1276 1741 1322 1776 qui
1348 1741 1433 1768 vicini
1458 1749 1553 1768 sumus
1580 1741 1696 1768 invicem
1723 1748 1774 1768 nos

985 1787 1145 1819 salutamus,
1161 1794 1242 1821 quam
1256 1794 1288 1814 ex
1298 1787 1369 1813 I'esto
1387 1786 1509 1821 capimus
1524 1786 1646 1813 laetitiam
1668 1785 1774 1821 signiﬁ—

985 1836 1089 1858 cantes.
1104 1831 1160 1858 IIoc
1171 1835 1198 1857 et
1212 1839 1262 1866 ego
1276 1838 1350 1857 nunc
1370 1838 1429 1864 ago,
1460 1830 1566 1864 1123
1595 1829 1774 1863 festalcmque

986 1876 1195 1912 magniﬁcentiae
1222 1880 1275 1903 tua:
1298 1876 1491 1903 salutationem
1518 1876 1608 1902 mitto.
1636 1875 1677 1902 Tu
1697 1875 1773 1910 paria

986 1930 1099 1957 prorsus
1113 1921 1256 1956 rependes,
1274 1925 1303 1948 et
1319 1921 1381 1948 [esti
1394 1921 1481 1956 legem
1496 1920 1666 1948 obscrvabis.

1215 2023 1333 2051 LXXIII.
1347 2038 1381 2043 ——
1392 2023 1544 2058 Apollonio.

1023 2079 1236 2107 Themistoclem
1258 2079 1366 2107 Neoclis
1390 2078 1488 2110 ﬁlium.
1517 2078 1774 2113 praestantissimum

988 2126 1065 2153 illum
1077 2130 1104 2153 et
1113 2125 1332 2153 laudatissimum
1345 2125 1454 2156 ducem,
1466 2124 1605 2151 admirans
1615 2123 1775 2154 historicus,

989 2171 1105 2198 naturali
1125 2171 1259 2198 duntaxat
1280 2170 1382 2198 virtute
1406 2170 1548 2206 praeditum
1564 2167 1648 2197 fuisse
1662 2173 1777 2197 testatus

151 2221 284 2256 Περικλέα
297 2221 336 2253 δὲ,
356 2221 402 2247 τὸν
417 2221 583 2253 Ξανθίππου,
601 2220 647 2247 καὶ
662 2221 712 2255 τὴν
735 2220 789 2247 ἀπὸ
807 2220 856 2255 τῆς
874 2228 930 2246 παι·

988 2220 1030 2244 est
1045 2225 1051 2250 ;
1070 2217 1202 2244 Periclem
1219 2224 1286 2243 vero
1298 2216 1456 2251 Xanthippo
1468 2221 1574 2247 natum,
1591 2215 1673 2242 etiam
1697 2223 1712 2242 a
1733 2215 1776 2242 di-

150 2266 224 2297 δείας
239 2266 290 2301 ἔφη
311 2266 522 2302 προσειληφέναι
544 2266 694 2300 δεινότητα,
718 2266 765 2292 καὶ
781 2265 830 2301 τὴν
851 2266 937 2292 πειθὼ

151 2312 208 2342 τοῖς
224 2310 311 2344 λόγοις
332 2311 500 2343 ὲπιστάζειν,
517 2312 564 2338 καὶ
580 2312 667 2347 ταύτῃ
688 2312 854 2347 κατακηλεῖν
874 2312 937 2343 τοὺς

152 2355 309 2387 ἀκούοντας,
324 2357 370 2382 καὶ
385 2357 475 2383 ἱκανὸν
486 2357 612 2391 γενέσθαι
626 2357 727 2391 γνῶναί
740 2366 769 2384 τε
786 2358 820 2384 τὰ
831 2357 936 2390 δέοντα,

152 2402 198 2428 καὶ
213 2401 380 2436 ἑρμηνεῦσαι
400 2401 495 2428 ταῦτα.
511 2402 595 2428 Οὐδὲν
610 2403 665 2437 γὰρ
677 2402 792 2434 ἀπεικὸς
813 2403 877 2436 περὶ
890 2403 939 2430 αὺ-

153 2447 199 2474 τοῦ
222 2447 362 2482 γράφοντα
385 2449 440 2480 τοῖς
461 2447 542 2474 αὐτοῦ
563 2448 654 2481 λόγοις
671 2447 831 2483 κεχρῆσθαι.
846 2447 940 2474 Ταῦτα

154 2495 200 2522 καὶ
223 2495 273 2529 τὴν
290 2494 339 2528 σὴν
363 2493 516 2529 λαμπρύνει
542 2493 790 2529 μεγαλοπρέπειαν.
811 2493 866 2520 Καὶ
883 2492 938 2529 γὰρ

153 2540 244 2573 δεξιάν
259 2548 300 2566 σοι
315 2539 394 2573 φύσιν
418 2539 519 2565 ἔδωκεν
534 2540 548 2565 ὁ
567 2539 774 2574 δημιουργήσας
796 2538 872 2571 Θεὸς,
894 2539 942 2565 καὶ

153 2584 202 2620 τῆς
215 2584 340 2616 παιδείας
352 2585 369 2619 ἡ
386 2583 515 2619 μετουσία
530 2584 560 2610 τὸ
579 2584 680 2619 ταύτης
695 2584 816 2610 δείκνυσι
833 2583 941 2615 κάλλος.

155 2631 237 2657 Οὐδὲν
247 2631 335 2657 τοίνυν
351 2630 468 2656 ἐλλείπει
481 2629 518 2665 τῷ
535 2629 642 2665 πλούτῳ
654 2630 703 2665 τῆς
715 2629 827 2664 ἀρετῆς,
839 2629 855 2664 ἦ
871 2629 939 2664 μόνη

154 2675 202 2702 τοῦ
221 2676 400 2711 πεποιηκότος
419 2676 436 2711 ἡ
457 2675 570 2709 γνῶσις·
594 2674 696 2710 ταύτης
722 2675 775 2711 γὰρ
793 2682 941 2710 προσγενο-

156 2721 251 2757 μένης,
272 2722 434 2754 τελευτάτην
454 2722 551 2757 ἕξομεν
569 2722 623 2749 τῶν
648 2721 758 2756 ἀγαθῶν
774 2722 823 2757 τὴν
842 2722 938 2758 φοράν.

202 2798 247 2832 AS)
261 2799 296 2825 τά
309 2807 337 2825 τε
355 2799 439 2834 Neap.

202 2834 247 2870 49)
263 2834 317 2870 Pro
331 2834 486 2870 ὠμοθοινίᾳ,
501 2834 683 2870 δημοθοινίαν.
695 2835 820 2870 publicas
834 2835 940 2869 epulas,

155 2868 284 2904 rescripsi
293 2877 355 2896 cum
370 2868 476 2897 Valesio
497 2868 532 2897 ad
547 2869 651 2898 Theod.
669 2868 736 2898 "ist.
753 2868 885 2903 ιτείεεξν,
896 2870 941 2902 21,

989 2263 1105 2298 sciplina
1124 2263 1251 2289 haustam
1274 2262 1434 2289 facultatem
1448 2261 1605 2296 adiunxisse
1619 2260 1698 2291 dixit,
1712 2268 1776 2287 sua—

989 2309 1133 2343 delamque
1158 2315 1300 2335 sermones
1313 2307 1458 2339 instillare,
1471 2311 1499 2334 et
1511 2307 1562 2333 hac
1572 2306 1716 2333 audientes
1731 2305 1778 2332 de-

990 2355 1120 2386 mulcere,
1133 2353 1319 2388 idoneumque
1331 2353 1478 2385 exstitisse,
1489 2353 1535 2388 qui
1549 2357 1576 2380 et
1588 2351 1777 2379 convenientia

991 2405 1094 2432 nosset,
1110 2403 1138 2427 et
1153 2399 1243 2434 eloqui
1261 2399 1356 2426 eadem
1378 2402 1481 2433 posset.
1502 2398 1558 2425 Nec
1581 2397 1655 2425 enim
1681 2397 1779 2423 absur-

991 2446 1057 2474 dum
1073 2450 1125 2478 est,
1141 2453 1202 2472 cum
1227 2444 1260 2472 de
1275 2445 1321 2471 illo
1349 2444 1480 2475 scribam,
1504 2443 1591 2478 ipsius
1612 2442 1704 2469 verbis
1726 2442 1778 2469 uti.
1800 2461 1806 2465 .

988 2492 1076 2519 'I‘uam
1092 2491 1150 2518 haec
1162 2498 1272 2525 quoque
1284 2490 1423 2517 illustrant
1447 2488 1687 2524 magniﬁcentiam.
1711 2487 1779 2515 Nam

989 2542 1016 2565 et
1027 2538 1151 2564 dextram
1166 2536 1328 2570 felicemque
1344 2534 1394 2562 tibi
1407 2538 1534 2561 naturam
1547 2532 1780 2561 tribuitconditor

989 2582 1073 2614 Deus,
1088 2586 1117 2609 et
1133 2581 1260 2616 adjuncta
1275 2579 1419 2615 disciplina
1445 2579 1527 2615 hujus
1545 2578 1780 2614 pulchritudinem

992 2628 1172 2656 demonstrat.
1190 2626 1280 2660 Quare
1300 2626 1333 2653 ad
1348 2625 1459 2652 virtutis
1469 2633 1536 2661 opes
1555 2624 1629 2652 aliud
1649 2624 1726 2650 deest
1739 2622 1782 2648 ni-

992 2675 1042 2707 hil,
1059 2674 1112 2701 nisi
1129 2673 1186 2701 sola
1201 2672 1324 2700 auctoris
1344 2671 1483 2707 cognitio:
1505 2678 1566 2706 qua;
1585 2670 1608 2697 si
1623 2667 1780 2699 accesserit,

993 2718 1220 2756 perfectissimam
1240 2717 1375 2745 bonorum
1399 2717 1507 2752 copiam
1528 2714 1701 2743 habebimus.
1718 2712 1781 2742 Haec

995 2798 1040 2826 ubi
1055 2798 1127 2826 idem
1142 2796 1305 2825 vocabulum
1319 2794 1402 2822 habet
1423 2797 1534 2827 noster;
1557 2793 1677 2828 itemque
1701 2797 1778 2826 supra

995 2834 1074 2868 epist.
1091 2833 1135 2865 64,
1151 2832 1178 2860 in
1192 2831 1272 2860 simili
1288 2833 1426 2859 contextu.
