1962 3051
215 143 223 173 l
230 143 281 174 2-13

704 141 945 172 TllEODORETI
965 142 1134 173 EPISCOPI
1154 144 1336 174 CYRENSIS

1769 143 1841 175 1241

212 200 307 228 audito
321 199 441 228 adventu
466 204 513 227 tuo
535 200 637 232 scribo,
662 200 798 227 bonomm
814 207 897 227 orans
918 200 992 235 largi-

1051 201 1143 228 Ταῦτα
1154 202 1236 236 γνοὺς
1249 203 1326 236 ὑμῶν
1347 202 1397 238 τὴν
1418 201 1508 236 ἄφιξιν
1531 202 1691 234 ἐπιστέλλω,
1715 202 1760 229 τὸν
1783 203 1841 229 τῶν

214 249 314 276 torem,
341 249 371 272 ut
393 249 422 272 et
441 245 510 272 locis
536 245 612 272 radio
633 245 720 272 aciem
734 245 834 272 mentis
850 245 998 277 illuminet,

214 294 241 315 et
266 289 329 316 doni
355 290 571 324 magnitudinem
599 290 736 322 ostendat,
764 295 791 318 et
819 291 1001 325 possessionis

215 335 288 363 illius
309 343 430 363 amorem
454 336 592 369 incendat,
605 341 634 363 et
648 336 850 364 desiderantem
869 336 999 364 desiderii

213 386 367 415 compotem
382 381 489 409 reddat.

463 486 579 514 LXXIV.
588 502 624 506 -—
635 487 751 515 Urbano.

245 538 388 568 Concessit
405 542 486 569 nobis
512 543 659 570 muniﬁcus
671 544 805 571 Dominus
828 545 921 572 uthac
937 553 999 572 rur-

212 591 273 612 sum
289 585 436 614 festivitate
453 587 619 619 l‘rueremur.
635 593 662 615 et
673 589 794 617 festalem
806 590 997 618 salutationem

212 630 421 665 magniﬁcentia
446 636 498 659 tua).
522 633 713 661 mitteremus:
732 643 813 669 quam
836 635 946 670 quidem
970 641 998 663 e’t

212 675 302 703 valere
323 684 356 703 ac
379 676 477 704 ﬂorere
497 683 634 712 optamus,
656 685 683 706 et
698 680 834 707 ineffabile
846 689 861 707 a
878 681 933 708 Deo
947 682 996 709 do-

212 728 277 747 num
304 722 446 757 consequi,
470 724 544 758 quod
570 724 706 751 bonorum
717 734 777 760 quae
792 732 938 760 sperantur
951 735 998 754 ac-

211 765 374 793 cedentibus
387 768 492 795 semina
512 769 619 804 1124
633 771 800 804 suppeditat,
816 775 844 798 et
856 780 997 806 nunquam

211 810 338 838 desitum
362 812 425 840 vitae
451 813 582 848 regnique
601 815 721 850 symbola
739 817 853 850 ιιι-(εδει.
873 817 935 844 Ilaec
948 817 997 844 be-

211 855 322 890 nignum
349 858 494 885 Dominum
519 860 692 894 amplitudini
715 865 769 888 tute
791 866 920 896 praestare
935 868 997 889 ora-

215 910 286 930 mus.
304 903 399 931 Solent
423 905 497 931 enim
528 906 575 940 qui
604 911 697 933 amant
720 908 816 935 amicis
830 908 900 935 bona
914 917 998 944 expe-

211 953 277 976 tere.

360 1055 463 1083 LXXV.
482 1056 633 1084 -ϐίενίοίδ
651 1057 838 1086 Bonnensibus.

246 1108 433 1136 Animadverti
452 1119 505 1138 non
523 1111 572 1139 abs
593 1121 622 1139 re
638 1121 698 1140 esse
725 1114 798 1148 quod
820 1122 869 1142 vos
895 1123 994 1143 ament.

211 1153 303 1181 Fidcm
325 1155 397 1182 enim
418 1155 543 1183 fecerunt
556 1158 665 1191 pictatis
678 1163 776 1188 vestra:
788 1160 886 1188 litterae
901 1169 995 1188 aman-

210 1204 264 1227 tem
281 1208 324 1228 me
339 1201 485 1229 redamari.
500 1203 565 1230 Mihi
581 1212 643 1231 vero
660 1212 709 1231 cur
731 1213 779 1232 vos
794 1214 882 1233 amem
907 1215 995 1234 causa:

209 1250 272 1273 sunt
294 1247 450 1281 cotnplures
464 1257 469 1274 :
487 1248 606 1283 primum
633 1250 755 1284 quidem,
769 1252 842 1286 quod
856 1257 932 1287 pater
945 1260 993 1279 ve-

208 1294 274 1322 ster,
287 1299 400 1326 magnus
413 1292 458 1318 ille
473 1297 499 1320 et
514 1294 682 1327 apostolicus
699 1295 749 1327 vir,
775 1304 852 1324 meus
881 1305 990 1332 quoque

209 1341 285 1370 pater
298 1336 359 1363 fuit.
374 1337 479 1365 Deinde
490 1338 563 1372 quod
577 1339 813 1374 religiosissimum
823 1342 992 1377 episcopum,

207 1382 254 1415 qui
280 1382 430 1410 Ecclesium
458 1389 575 1411 vestram
604 1393 677 1412 nunc
698 1387 777 1420 regit,
801 1387 940 1414 unanimis
962 1396 994 1415 ac

207 1428 329 1462 germani
353 1428 445 1456 fratris
474 1429 588 1457 habeam
613 1431 691 1464 loco;
715 1431 837 1464 tertium,
851 1433 992 1460 civitatum

207 1473 350 1505 vicinitas;
368 1479 506 1508 quartum,
524 1476 597 1510 quod
611 1477 770 1511 frequentes
786 1477 820 1504 ad
846 1486 896 1505 nos
921 1479 991 1506 invi-

1012 872 1031 898 ll

207 1525 265 1544 cem
277 1526 474 1546 commecmus:
485 1519 536 1546 hoc
547 1524 638 1547 autem
650 1525 678 1547 et
692 1521 839 1548 amicitiam
851 1529 991 1557 generare,
1007 1535 1027 1564 ρ

207 1568 398 1599 ctgeneratam
412 1573 575 1593 conservare
584 1566 666 1593 valet.
674 1566 751 1599 Quod
761 1567 783 1594 si
798 1572 888 1594 autem
897 1568 992 1599 vultis,

207 1609 331 1643 quintum
343 1610 431 1636 dicam
449 1619 455 1636 :
470 1619 529 1645 qua:
540 1611 640 1645 linguae
649 1611 683 1638 ad
691 1620 771 1639 aures
783 1616 825 1639 est
836 1613 993 1647 conjunctio

207 1654 264 1688 (illa
277 1654 376 1688 quippe
391 1655 475 1681 verba
492 1654 606 1688 profert,
620 1654 662 1681 hae
670 1663 736 1682 vero
746 1656 909 1692 excipiunt),
921 1665 995 1684 cam—

207 1698 268 1725 dcm
285 1703 313 1726 et
337 1707 386 1726 nos
410 1699 543 1726 habemus
566 1699 720 1727 vobiscum.
740 1701 792 1728 Vos
813 1702 914 1729 etenim
930 1711 991 1730 cum

206 1744 344 1779 voluptate
358 1752 498 1771 sermones
509 1749 617 1772 nostros
628 1746 740 1778 auditis,
753 1750 780 1773 et
796 1755 845 1781 ego
868 1748 992 1783 exiguam

208 1789 277 1816 hanc
292 1790 391 1817 stillam
405 1790 574 1825 perlibenter
589 1791 615 1818 in
639 1799 687 1818 vos
707 1792 830 1819 ell‘undo.
850 1793 991 1828 Colophon

206 1839 298 1861 autem
318 1835 428 1862 ultionis
442 1840 552 1867 nostrae,
575 1835 640 1862 ﬁdei
666 1841 709 1864 est
734 1839 899 1866 consensio:
918 1840 992 1874 quod

206 1881 362 1914 spuriorum
380 1881 536 1916 dogmatum
550 1882 654 1908 nullum
677 1882 854 1915 atlmiseritis,
878 1885 925 1911 sed
945 1894 993 1912 an-

207 1927 310 1961 tiquam
322 1927 395 1954 illam
412 1932 440 1954 et
452 1928 628 1962 apostolicam
643 1928 796 1956 doctrinam
809 1931 990 1963 conservetis,

206 1980 287 2006 quam
312 1973 466 2000 veneranda
489 1973 568 2000 vobis
591 1974 706 2001 canities
722 1976 821 2006 attulit,
837 1984 919 2010 quam
934 1977 991 2003 vir-

207 2018 272 2045 tutis
287 2010 402 2045 sudores
416 2019 552 2046 aluerunt.
574 2019 674 2047 Hortor
698 2029 762 2054 ergo
790 2021 919 2056 pietatem
943 2031 991 2050 ve-

206 2068 300 2096 stram,
315 2068 344 2090 ut
361 2065 450 2099 gregis
464 2066 594 2100 majorem
614 2074 687 2093 nunc
698 2075 791 2093 curam
821 2068 990 2103 suscipiatis,

205 2114 287 2144 atque
313 2110 387 2138 hunc
410 2111 523 2138 illaesum
547 2112 650 2146 pastori
675 2113 848 2146 custodiatis,
874 2119 904 2141 ut
928 2123 990 2141 cum

207 2153 305 2182 ﬁducia
322 2155 427 2189 1125
445 2156 603 2189 przeclaram
622 2156 694 2184 illam
717 2158 879 2192 patriarchze
894 2167 990 2186 vocem

206 2201 343 2234 usurpetis
358 2209 364 2226 :
385 2211 393 2225 ι
409 2201 464 2227 Nec
475 2209 489 2227 a
502 2201 587 2228 bestia
598 2207 707 2237 captum
725 2203 812 2230 obtuli
829 2204 877 2230 tibi
893 2204 926 2231 ¹’⁰.
942 2214 950 2229 ι

1037 247 1160 280 νάγαθῶν
1173 248 1318 275 ἀντιὸολῶν
1332 248 1460 284 χορηγὸν,
1476 248 1522 275 καὶ
1536 247 1624 282 φωτδς
1639 249 1735 274 ἀκτῖνα
1755 249 1841 283 χαρί‹

1051 293 1148 319 σασθαι
1165 293 1203 328 τῷ
1219 293 1269 328 τῆς
1283 293 1370 328 ψυχῆς
1387 293 1500 328 ὀπτικῷ,
1518 294 1565 320 καὶ
1582 293 1630 328 τῆς
1650 292 1754 328 δωρεᾶς
1774 295 1840 319 ὲπι-

1050 337 1134 370 δεῖξαι
1147 339 1177 365 τὸ
1191 339 1316 374 μέγεθος,
1330 339 1377 365 καὶ
1396 340 1444 372 τῆς
1466 339 1586 374 κτήσεως
1606 338 1714 373 ἐκείνης
1736 338 1840 372 ἐξάψαι

1049 384 1095 409 τὸν
1121 383 1228 419 ἔρωτα,
1257 385 1302 411 καὶ
1323 384 1473 419 ποθήσαντι
1495 385 1666 419 δωρήσασθαι
1686 384 1716 410 τὸ
1738 384 1840 411 ποθού-

1052 438 1141 464 μενον.
1807 430 1812 433 ’

1309 487 1367 513 UA’.
1379 502 1413 507 ——
1431 485 1580 520 Οὐρίῗίωπῖ).

1084 543 1204 570 Δέδωκεν
1219 544 1284 579 ἡμῖν
1297 545 1310 570 ὁ
1324 543 1512 578 μεγαλόδωρος
1523 543 1661 578 Δεσπότης
1674 543 1719 570 καὶ
1731 543 1836 575 ταύτης

1048 588 1130 614 πάλιν
1150 588 1301 613 ἀπολαῦσαι
1319 588 1368 622 τῆς
1389 587 1496 623 ἑορτῆς,
1517 587 1564 614 καὶ
1583 587 1631 622 τὴν
1656 587 1835 622 ὲορταστικὴν

1049 633 1200 668 πρόσρησιν
1224 633 1330 668 πέμψαι
1358 634 1391 667 τῇ
1418 633 1639 668 μεγαλοπρεπείᾳ
1662 634 1694 667 τῇ
1723 634 1754 667 σῇ
1769 641 1775 647 ·
1800 632 1836 667 ἢν

1048 679 1179 712 ὑγιαίνειν
1201 687 1230 704 τε
1263 679 1310 704 καὶ
1339 678 1502 712 διαλάμπειν
1531 678 1684 713 εὐχόμεθα,
1713 679 1761 704 καὶ
1784 678 1836 712 τῆς

1048 722 1166 758 ἀῤῥήτου
1191 723 1237 748 καὶ
1253 722 1393 749 θεοσδότου
1420 722 1581 756 μεταλαχεῖν
1601 722 1720 756 δωρεᾶς,
1740 722 1758 757 ἦ
1779 723 1836 748 τῶν

1049 767 1233 802 ἐλπιζομένων
1261 767 1370 801 ἀγαθῶν
1391 769 1446 798 τοῖς
1467 767 1612 802 προσιοῦσι
1636 768 1670 794 τὰ
1690 768 1836 802 σπέρματα

1048 816 1170 850 χορηγεῖ,
1184 815 1230 841 καὶ
1244 815 1292 849 τῆς
1306 814 1382 846 τέλος
1396 814 1425 840 οὺ
1436 814 1582 848 δεξομένης
1593 813 1664 848 ζωῆς
1679 823 1708 840 τε
1724 814 1769 839 καὶ
1782 813 1835 848 βα-

1049 859 1152 889 σιλείας
1166 858 1200 884 τὰ
1222 858 1345 893 σύμϐολα
1361 858 1477 884 δίδωσιν.
1505 858 1599 884 Ταῦτα
1616 857 1661 883 τὸν
1683 857 1836 891 φιλάνθρω-

1051 913 1100 931 πον
1115 904 1253 938 Δεσπότην
1282 903 1475 937 ἀντιϐολοῦμεν
1499 902 1536 938 τῷ
1558 902 1597 937 σῷ
1618 903 1725 938 μεγέθει
1744 903 1836 938 δωρή-

1050 950 1158 977 σασθαυ
1177 950 1315 984 πεφύκασι
1337 949 1391 985 γὰρ
1405 950 1428 976 οἱ
1443 950 1593 984 φιλοῦντες,
1614 949 1648 976 τὰ
1665 949 1755 984 ἀγαθὰ
1776 950 1835 980 τοῖς

1049 995 1135 1030 φίλοις
1150 997 1246 1023 αίτεῖν.

1184 1055 1243 1081 OE'.
1255 1069 1290 1074 -—
1307 1054 1370 1087 Τοῖς
1381 1053 1535 1088 κληρικοῗς
1556 1053 1687 1088 Βεροίας.

1084 1112 1190 1146 Ἐγνων
1206 1112 1243 1144 ὡς
1262 1111 1374 1142 εἰκότως
1390 1111 1453 1144 περὶ
1476 1111 1525 1145 τὴν
1541 1110 1675 1145 ὑμετέραν
1692 1109 1833 1144 διάκειμαι

1047 1158 1210 1185 θεοσέϐειαν.
1231 1158 1348 1184 Πέπεικε
1360 1157 1414 1192 γάρ
1436 1165 1469 1191 με
1487 1156 1535 1190 τῆς
1548 1155 1690 1186 εὐλαϐείας
1706 1155 1781 1190 ὑμῶν
1797 1156 1832 1181 τὰ

1046 1205 1208 1239 γράμματα,
1218 1204 1255 1235 ὡς
1265 1203 1378 1237 ἀγαπῶν
1394 1202 1603 1236 ἀνταγαπῶμαι.
1616 1201 1719 1231 Πολλὰς
1735 1201 1762 1226 δὲ
1775 1200 1831 1235 ἔχω

1045 1251 1093 1283 τῆς
1108 1249 1171 1284 περὶ
1188 1249 1264 1284 ὑμῶν
1280 1249 1389 1282 ἀγάπης
1409 1248 1457 1279 τὰς
1475 1247 1610 1282 ἀφορμάς.
1636 1246 1745 1280 Πρῶτον
1769 1246 1831 1280 μὲν,

1045 1294 1074 1320 τὸ
1085 1293 1130 1320 τὸν
1145 1294 1274 1328 ὑμέτερον
1289 1293 1403 1328 πατέρα,
1421 1293 1464 1320 τὸν
1481 1293 1566 1328 μέγαν
1586 1293 1690 1318 ἐκεῖνον
1705 1292 1752 1318 καὶ
1762 1292 1831 1318 ἀπο-

1046 1339 1167 1364 στολικὺν
1181 1338 1274 1372 ἄνδρα.
1292 1338 1339 1364 καὶ
1361 1337 1426 1372 ἐμὸν
1448 1336 1611 1371 γεγενῆσθαι
1628 1336 1743 1371 πατέρα.
1764 1335 1830 1361 Δεύ-

1046 1392 1122 1419 τερον
1142 1384 1179 1415 δὲ,
1200 1383 1229 1409 τὸ
1248 1383 1294 1409 καὶ
1315 1382 1361 1408 τὸν
1380 1382 1586 1408 θεοσεὸἐστατον
1604 1381 1761 1410 ἐπίσκοπον,
1784 1380 1831 1406 τὴν

1043 1428 1091 1454 νῦν
1114 1428 1163 1463 τὴν
1186 1427 1320 1461 ὑμετέραν
1349 1426 1511 1461 Ἐκκλησίαν
1539 1425 1672 1454 ἰθύνοντα.
1695 1424 1830 1459 ὁμόψυχον

1044 1473 1114 1508 ἔχειν
1133 1474 1179 1500 καὶ
1204 1473 1313 1507 γνήσιον
1335 1472 1458 1506 ἀδελφόν.
1480 1472 1586 1506 Τρίτον,
1609 1471 1664 1496 τῶν
1684 1471 1785 1497 πόλεων
1800 1471 1829 1496 τὶ

1044 1518 1200 1553 γειτόνημα.
1216 1517 1360 1552 Τέταρτον,
1380 1517 1410 1543 τὸ
1425 1516 1499 1551 θαμὰ
1515 1516 1582 1550 πρὸς
1603 1515 1733 1550 ἀλλήλους
1757 1515 1829 1549 ἡμᾶς

1047 1565 1149 1599 φοιτᾷν.
1175 1563 1275 1589 Ἱκανὸν
1295 1562 1322 1589 δὲ
1340 1562 1417 1588 τοῦτο
1439 1562 1486 1588 καὶ
1502 1562 1590 1587 τεκεῖν
1605 1561 1706 1595 φιλίαν,
1723 1561 1770 1587 καὶ
1785 1568 1827 1586 τε-

1045 1609 1153 1644 χθεῖσαν
1167 1609 1280 1643 αὐξῆσαι
1307 1609 1336 1634 Εἰ
1356 1608 1383 1634 δὲ
1402 1607 1538 1642 βούλεσθε.
1553 1608 1600 1633 καὶ
1613 1607 1739 1641 πέμπτην
1753 1605 1808 1641 ἐρῶ
1819 1615 1826 1621 ·

1044 1656 1076 1691 ἣν
1099 1656 1211 1691 παρέχει
1238 1654 1385 1688 συνάφειαν
1404 1653 1510 1687 γλῶττα
1534 1653 1602 1687 πρὸς
1623 1652 1706 1687 ἀκοὴν
1730 1652 1757 1687 (ἠ
1778 1652 1828 1686 μὲν

1043 1702 1097 1736 γὰρ
1117 1701 1246 1736 προφέρει
1271 1701 1332 1731 τοὺς
1349 1700 1486 1734 λόγους,ἡ
1510 1699 1537 1725 δὲ
1560 1699 1666 1734 δέχεται
1693 1698 1826 1730 τούτους),

1043 1747 1143 1781 ταύτην
1160 1747 1204 1772 καὶ
1220 1747 1298 1781 ἡμεῖς
1315 1746 1411 1780 ἔχομεν
1429 1745 1495 1780 πρὸς
1511 1745 1592 1779 ὑμᾶς.
1610 1744 1664 1770 Καὶ
1676 1744 1732 1779 γὰρ
1749 1744 1828 1778 ὑμεῖς

1043 1792 1138 1826 ἣδιστα
1160 1791 1214 1817 τῶν
1241 1790 1382 1825 ἡμετέρων
1404 1789 1550 1815 ὲπακούετε
1569 1789 1665 1822 λόγων,
1687 1788 1764 1822 κάγὼ
1778 1788 1826 1823 τὴν

1043 1837 1137 1864 λιϐάδα
1158 1845 1207 1870 μου
1227 1835 1275 1870 τὴν
1291 1835 1411 1870 σμικρὰν
1429 1835 1569 1866 ἀσπασίως
1586 1836 1625 1866 εἰς
1645 1835 1717 1869 ὑμᾶς
1733 1834 1825 1861 ἀναλί-

1043 1892 1110 1909 σκω.
1132 1883 1161 1908 '0
1177 1882 1204 1908 δὲ
1224 1881 1344 1914 κολοιρῶν
1359 1881 1406 1916 τῆς
1424 1881 1555 1911 ἑνώσεως,
1579 1881 1595 1914 ἡ
1618 1880 1760 1914 συμφωνία
1777 1881 1824 1914 τῆς

1043 1928 1160 1958 πίστεως
1169 1935 1174 1940 ”
1183 1925 1214 1952 τὸ
1227 1925 1309 1960 μηδὲν
1322 1925 1374 1951 τῶν
1390 1925 1473 1951 νόθων
1484 1924 1654 1958 εἰσδέξασθαι
1668 1925 1822 1959 δογμάτων,

1042 1973 1109 2000 ἀλλὰ
1123 1972 1171 2008 τὴν
1189 1971 1303 1998 παλαιὰν
1324 1971 1430 2007 ἐκείνην
1454 1971 1500 1997 καὶ
1523 1969 1705 2005 ἁποστολικὴν
1726 1969 1825 2004 φυλάτ-

1041 2030 1098 2047 τειν
1117 2019 1299 2050 διδασκαλίαν,
1321 2019 1353 2054 ἢν
1373 2019 1388 2053 ή
1407 2017 1542 2052 σεϐασμία
1560 2017 1623 2052 ὑμῖν
1645 2018 1824 2051 προσενὴνοχτ

1041 2067 1132 2097 πολιὰ,
1147 2067 1179 2101 ἣν
1193 2065 1293 2100 ἀρετῆς
1310 2064 1420 2100 ἱδρῶτες
1432 2063 1588 2097 ἐξέθρεψαν.
1603 2062 1756 2098 Παρακαλῶ
1768 2062 1824 2087 τοί-

1040 2122 1088 2139 νυν
1109 2113 1159 2147 τὴν
1175 2111 1308 2146 ὑμετέραν
1327 2110 1481 2136 θεοσέϐειαν
1497 2109 1544 2134 νῦν
1567 2109 1677 2135 πλείονα
1697 2108 1746 2142 τῆς
1766 2107 1825 2134 ποε-

1044 2165 1111 2193 μνης
1128 2156 1293 2192 ποιήσασθαι
1306 2155 1486 2191 προμήθειαν,
1503 2155 1549 2181 καὶ
1570 2154 1686 2189 φυλάξαι
1705 2153 1743 2188 τῷ
1766 2161 1825 2179 ποι-

1043 2203 1104 2238 μένι
1120 2201 1221 2236 ταύτην
1242 2200 1396 2235 ἀλώϐητον,
1414 2200 1461 2227 καὶ
1479 2200 1548 2235 μετὰ
1565 2199 1719 2235 παρρησίας
1740 2199 1826 2225 εἰπεῖν

203 2246 250 2272 τὴν
266 2246 420 2278 ἀξιέπαινον
430 2247 475 2273 τοῦ
489 2248 655 2283 πατριάρχου
669 2249 755 2283 λόγον·
773 2259 781 2275 ι
799 2250 972 2285 Θηριάλωτον
984 2251 1034 2278 οὐκ
1050 2248 1164 2284 ὲνήνοχά
1183 2256 1235 2274 σοι.
1254 2257 1263 2273 ι

344 2303 609 2331 LXXVL—Uranio
633 2305 737 2340 prasidi
759 2305 847 2341 Cypri.

241 2357 381 2385 Sinceram
407 2357 552 2384 amicitiam
577 2360 722 2393 pratscntia
749 2361 919 2392 corroborat.
948 2363 988 2389 lo-

205 2410 300 2430 corum
323 2407 414 2430 autem
435 2402 564 2430 distantia
582 2412 636 2430 non
657 2404 770 2432 dirimit.
784 2406 875 2433 Valida
889 2407 989 2442 quippe

206 2449 287 2485 hujus
297 2453 360 2476 sunt
371 2449 489 2476 vincula.
510 2448 587 2481 Quod
603 2450 713 2484 quidem
731 2456 759 2478 et
773 2459 806 2478 ex
821 2452 882 2480 aliis
897 2453 991 2480 multis

204 2501 368 2528 cognoscere
390 2499 433 2521 est
445 2494 471 2521 in
486 2500 613 2529 promptu
633 2503 639 2521 :
661 2495 708 2522 sed
722 2496 755 2522 ad
767 2496 832 2524 dicti
845 2498 990 2526 veritatem

205 2539 270 2565 satis
286 2546 345 2565 esse
358 2543 472 2573 possunt
487 2547 531 2565 res
541 2543 650 2566 nostrae.
673 2539 756 2566 Multa
779 2541 852 2567 enim
871 2549 921 2568 nos
946 2549 989 2569 so-

204 2584 331 2619 jungunt,
351 2589 379 2610 et
393 2589 510 2616 nmnles,
533 2588 560 2611 et
584 2585 676 2617 urbes,
691 2589 718 2612 et
741 2594 836 2613 mare:
855 2587 921 2614 nihil
950 2593 988 2615 ta-

206 2637 267 2655 men
289 2629 497 2664 magniﬁeentize
511 2634 563 2657 tute
575 2631 734 2657 memoriam
747 2632 887 2659 exstinxit».
903 2633 988 2660 Simul

206 2683 238 2700 ac
250 2675 322 2701 enim
339 2675 374 2701 ab
391 2675 506 2702 urbibus
523 2675 577 2702 illis
588 2684 648 2710 quze
662 2677 730 2704 mari
742 2678 866 2713 adjacent
876 2679 989 2706 venien-

207 2724 260 2746 tem
286 2721 424 2748 cernimus
451 2721 581 2756 aliquem,
607 2729 668 2748 mox
681 2722 798 2758 Cyprum
813 2729 840 2751 et
854 2725 990 2758 egregium

204 2766 266 2800 ejus
292 2769 424 2793 rectorem
446 2774 536 2794 sermo
561 2766 687 2801 producit
715 2768 741 2795 in
769 2769 897 2801 medium,
917 2770 991 2797 heta-

239 2841 262 2857 "'
277 2841 344 2869 Gen.
361 2849 432 2874 χχιι,
449 2842 491 2869 39.

1005 2299 1026 2325 D

1148 2305 1215 2338 OG".
1237 2319 1268 2323 —
1287 2303 1419 2338 Οὐρανίῳ
1439 2303 1559 2338 ἄρχοντι
1578 2303 1709 2336 Κύπρου.

1074 2361 1129 2397 Τὴν
1149 2360 1282 2395 εἱλικρινῆ
1299 2360 1389 2395 φιλίαν
1404 2359 1531 2394 κρατύνει
1552 2359 1601 2394 μὲν
1625 2359 1761 2392 συνουσία,
1779 2368 1823 2385 το-

1039 2408 1107 2443 πικὴ
1121 2408 1148 2434 ιε
1159 2408 1189 2433 οὐ
1200 2407 1336 2441 διατέμνει
1348 2406 1487 2436 διάστασις
1502 2413 1506 2420 ·
1525 2405 1620 2440 ἰσχνρᾶ
1638 2405 1690 2440 γὰρ
1708 2405 1741 2431 τὰ
1762 2406 1825 2430 ταύ-

1038 2463 1087 2490 της
1098 2453 1195 2488 δεσμά.
1211 2453 1266 2479 Kal.
1279 2452 1356 2478 τοῦτο
1368 2452 1444 2486 γνοίη
1460 2451 1508 2486 μὲν
1521 2452 1552 2478 ἄν
1571 2459 1610 2481 τις
1621 2450 1666 2476 καὶ
1684 2451 1712 2483 ἐξ
1726 2450 1822 2483 ἑτέρων

1040 2499 1157 2526 πολλῶν·
1174 2499 1280 2533 ἀπόχρη
1300 2498 1329 2525 δὲ
1345 2497 1393 2524 καὶ
1412 2497 1445 2523 τὰ
1459 2497 1520 2523 καθ’
1538 2497 1611 2531 ἡμᾶς
1626 2495 1754 2527 ἐπιδεῖξαι
1776 2496 1821 2521 τοῦ

1035 2544 1114 2578 λόγου
1129 2544 1152 2569 τ’
1167 2543 1275 2578 ἀληθές.
1291 2542 1377 2569 Πῄιλὰ
1395 2543 1450 2577 γαρ
1461 2542 1533 2578 ἡμᾶς
1554 2542 1670 2575 διίστησι
1694 2541 1742 2567 καὶ
1761 2541 1823 2575 δρη,

1037 2589 1084 2615 καὶ
1098 2589 1198 2619 πόλεις,
1212 2589 1258 2614 καὶ
1270 2587 1388 2614 θάλαττα
1402 2596 1405 2601 ·
1420 2587 1478 2614 ἀλλ’
1491 2587 1567 2613 οὐδὲν
1579 2585 1689 2612 ἔσϐεσεν
1704 2587 1752 2619 τῆς
1773 2585 1823 2619 σῆς

1041 2633 1276 2669 μεγαλοπρεπείας
1303 2633 1351 2668 τὴν
1376 2634 1496 2668 μνήμην.
1526 2631 1615 2662 Εὐθὺς
1637 2632 1690 2666 γὰρ
1711 2632 1743 2666 ἦν
1762 2639 1823 2657 τινα

1040 2679 1139 2714 ἴδωμεν
1159 2679 1187 2711 ἐξ
1214 2679 1326 2704 ἐκείνων
1346 2678 1496 2712 ἀφιγμένον
1520 2677 1574 2703 τῶν
1599 2677 1711 2706 πόλεων.
1731 2677 1758 2702 αἳ
1775 2677 1822 2709 τῆς

1041 2725 1174 2759 θαλάττης
1190 2723 1260 2750 εἰσὶν
1281 2723 1485 2758 ἁγχιτέρμονες,
1509 2722 1558 2757 τὴν
1580 2721 1691 2756 Κύπρον
1717 2721 1762 2746 καὶ
1778 2720 1821 2745 τὸν

1042 2769 1141 2805 ταύτης
1157 2770 1266 2804 ἄριστον
1284 2769 1453 2804 κυϐερνήτην
1472 2770 1510 2800 εἰς
1529 2768 1610 2803 μέσον
1625 2768 1638 2793 ὁ
1658 2767 1734 2800 λόγος
1756 2773 1821 2800 προ-
