  <div class='ocr_page' id='page_1' title='image "/cluster/home/n/w/nwhite01/storage/ocr_20150623/83/njp.32101007877440/638.png"; bbox 0 0 1962 3051; ppageno 0'>
   <div class='ocr_carea' id='block_1_1' title="bbox 107 148 181 183">
    <p class='ocr_par' dir='ltr' id='par_1_1' title="bbox 107 148 181 183">
     <span class='ocr_line' id='line_1_1' title="bbox 107 148 181 183; baseline -0.027 0"><span class='ocrx_word' id='word_1_1' title='bbox 107 148 181 183; x_wconf 74' lang='grc'><strong>1245</strong></span> 
     </span>
    </p>
   </div>
   <div class='ocr_carea' id='block_1_2' title="bbox 751 147 1094 180">
    <p class='ocr_par' dir='ltr' id='par_1_2' title="bbox 751 147 1094 180">
     <span class='ocr_line' id='line_1_2' title="bbox 751 147 1094 180; baseline 0 0"><span class='ocrx_word' id='word_1_2' title='bbox 751 147 932 180; x_wconf 79' lang='lat' dir='ltr'><strong>EPISTOLA</strong></span> <span class='ocrx_word' id='word_1_3' title='bbox 953 150 1094 180; x_wconf 79' lang='lat' dir='ltr'><strong>LXXVII.</strong></span> 
     </span>
    </p>
   </div>
   <div class='ocr_carea' id='block_1_3' title="bbox 1670 152 1737 185">
    <p class='ocr_par' dir='ltr' id='par_1_3' title="bbox 1670 152 1737 185">
     <span class='ocr_line' id='line_1_3' title="bbox 1670 152 1737 185; baseline 0.015 -2"><span class='ocrx_word' id='word_1_4' title='bbox 1670 152 1737 185; x_wconf 69' lang='grc'><strong>1246</strong></span> 
     </span>
    </p>
   </div>
   <div class='ocr_carea' id='block_1_4' title="bbox 109 203 903 242">
    <p class='ocr_par' dir='ltr' id='par_1_4' title="bbox 109 203 899 240">
     <span class='ocr_line' id='line_1_4' title="bbox 109 203 899 240; baseline -0.001 -9"><span class='ocrx_word' id='word_1_5' title='bbox 109 205 200 239; x_wconf 80' lang='grc' dir='ltr'>φέρει,</span> <span class='ocrx_word' id='word_1_6' title='bbox 224 204 271 231; x_wconf 74' lang='grc' dir='ltr'><strong>καὶ</strong></span> <span class='ocrx_word' id='word_1_7' title='bbox 284 204 448 240; x_wconf 72' lang='grc' dir='ltr'>γαννὺμεθαι</span> <span class='ocrx_word' id='word_1_8' title='bbox 460 204 490 231; x_wconf 81' lang='grc' dir='ltr'>τὺ</span> <span class='ocrx_word' id='word_1_9' title='bbox 515 204 560 231; x_wconf 75' lang='grc' dir='ltr'><strong>σὺν</strong></span> <span class='ocrx_word' id='word_1_10' title='bbox 576 203 720 236; x_wconf 78' lang='grc' dir='ltr'>ἀκούοντες</span> <span class='ocrx_word' id='word_1_11' title='bbox 737 205 827 235; x_wconf 79' lang='grc' dir='ltr'>κλέος.</span> <span class='ocrx_word' id='word_1_12' title='bbox 843 204 899 230; x_wconf 82' lang='grc' dir='ltr'><strong>Νῦν</strong></span> 
     </span>
    </p>
   </div>
   <div class='ocr_carea' id='block_1_5' title="bbox 955 203 1742 242">
    <p class='ocr_par' dir='ltr' id='par_1_5' title="bbox 955 205 1742 242">
     <span class='ocr_line' id='line_1_5' title="bbox 955 205 1742 242; baseline 0.005 -11"><span class='ocrx_word' id='word_1_13' title='bbox 955 211 1067 239; x_wconf 88' lang='lat' dir='ltr'><strong>murque</strong></span> <span class='ocrx_word' id='word_1_14' title='bbox 1093 205 1206 240; x_wconf 77' lang='lat' dir='ltr'><strong>gloriam</strong></span> <span class='ocrx_word' id='word_1_15' title='bbox 1226 209 1299 232; x_wconf 88' lang='lat' dir='ltr'><strong>tuam</strong></span> <span class='ocrx_word' id='word_1_16' title='bbox 1315 205 1468 233; x_wconf 79' lang='lat' dir='ltr'><strong>audientes.</strong></span> <span class='ocrx_word' id='word_1_17' title='bbox 1481 206 1558 233; x_wconf 87' lang='lat' dir='ltr'><strong>Nunc</strong></span> <span class='ocrx_word' id='word_1_18' title='bbox 1573 214 1638 234; x_wconf 78' lang='lat' dir='ltr'><strong>vero</strong></span> <span class='ocrx_word' id='word_1_19' title='bbox 1653 208 1742 242; x_wconf 83' lang='lat' dir='ltr'><strong>potis-_</strong></span> 
     </span>
    </p>
   </div>
   <div class='ocr_carea' id='block_1_6' title="bbox 109 249 895 286">
    <p class='ocr_par' dir='ltr' id='par_1_6' title="bbox 109 249 895 286">
     <span class='ocr_line' id='line_1_6' title="bbox 109 249 895 286; baseline 0 -10"><span class='ocrx_word' id='word_1_20' title='bbox 109 251 139 277; x_wconf 80' lang='grc' dir='ltr'>δὲ</span> <span class='ocrx_word' id='word_1_21' title='bbox 154 251 336 286; x_wconf 77' lang='grc' dir='ltr'><strong>διαφερόντως</strong></span> <span class='ocrx_word' id='word_1_22' title='bbox 352 250 452 285; x_wconf 79' lang='grc' dir='ltr'>πολλῆς</span> <span class='ocrx_word' id='word_1_23' title='bbox 472 250 677 286; x_wconf 82' lang='grc' dir='ltr'>ὲνεπλήσθημεν</span> <span class='ocrx_word' id='word_1_24' title='bbox 693 249 827 284; x_wconf 83' lang='grc' dir='ltr'><strong>θυμηδίας</strong></span> <span class='ocrx_word' id='word_1_25' title='bbox 838 258 845 265; x_wconf 93' lang='grc'><strong>·</strong></span> <span class='ocrx_word' id='word_1_26' title='bbox 864 249 895 276; x_wconf 82' lang='grc' dir='ltr'>τὺ</span> 
     </span>
    </p>
   </div>
   <div class='ocr_carea' id='block_1_7' title="bbox 110 295 898 331">
    <p class='ocr_par' dir='ltr' id='par_1_7' title="bbox 110 295 898 331">
     <span class='ocr_line' id='line_1_7' title="bbox 110 295 898 331; baseline 0.001 -10"><span class='ocrx_word' id='word_1_27' title='bbox 110 296 167 331; x_wconf 77' lang='grc' dir='ltr'><strong>γὰρ</strong></span> <span class='ocrx_word' id='word_1_28' title='bbox 192 296 300 322; x_wconf 80' lang='grc' dir='ltr'>πάντων</span> <span class='ocrx_word' id='word_1_29' title='bbox 322 297 387 331; x_wconf 82' lang='grc' dir='ltr'>ἡμῖν</span> <span class='ocrx_word' id='word_1_30' title='bbox 409 295 611 331; x_wconf 74' lang='grc' dir='ltr'><strong>ἐρασμιώτερον</strong></span> <span class='ocrx_word' id='word_1_31' title='bbox 638 296 848 331; x_wconf 79' lang='grc' dir='ltr'><strong>μεμαθήκαμεν.</strong></span> <span class='ocrx_word' id='word_1_32' title='bbox 865 295 898 322; x_wconf 85' lang='grc' dir='ltr'>Τί</span> 
     </span>
    </p>
   </div>
   <div class='ocr_carea' id='block_1_8' title="bbox 111 339 898 377">
    <p class='ocr_par' dir='ltr' id='par_1_8' title="bbox 111 339 898 377">
     <span class='ocr_line' id='line_1_8' title="bbox 111 339 898 377; baseline -0.003 -9"><span class='ocrx_word' id='word_1_33' title='bbox 111 342 168 377; x_wconf 77' lang='grc' dir='ltr'>γὰρ</span> <span class='ocrx_word' id='word_1_34' title='bbox 181 342 255 377; x_wconf 82' lang='grc' dir='ltr'>ἡμῖν.</span> <span class='ocrx_word' id='word_1_35' title='bbox 274 339 296 368; x_wconf 82' lang='grc' dir='ltr'>ὧ</span> <span class='ocrx_word' id='word_1_36' title='bbox 310 342 415 377; x_wconf 80' lang='grc' dir='ltr'><strong>ἄριστε,</strong></span> <span class='ocrx_word' id='word_1_37' title='bbox 429 340 632 377; x_wconf 80' lang='grc' dir='ltr'>θυμηρὲστερον</span> <span class='ocrx_word' id='word_1_38' title='bbox 646 340 694 366; x_wconf 83' lang='grc' dir='ltr'>τοῦ</span> <span class='ocrx_word' id='word_1_39' title='bbox 710 341 759 376; x_wconf 85' lang='grc' dir='ltr'>τὴν</span> <span class='ocrx_word' id='word_1_40' title='bbox 776 341 898 373; x_wconf 80' lang='grc' dir='ltr'>ἀξιέπαι-</span> 
     </span>
    </p>
   </div>
   <div class='ocr_carea' id='block_1_9' title="bbox 112 385 899 422">
    <p class='ocr_par' dir='ltr' id='par_1_9' title="bbox 112 385 899 422">
     <span class='ocr_line' id='line_1_9' title="bbox 112 385 899 422; baseline -0.001 -10"><span class='ocrx_word' id='word_1_41' title='bbox 112 387 159 412; x_wconf 76' lang='grc' dir='ltr'>νύν</span> <span class='ocrx_word' id='word_1_42' title='bbox 173 395 220 413; x_wconf 88' lang='grc' dir='ltr'><strong>σου</strong></span> <span class='ocrx_word' id='word_1_43' title='bbox 235 387 322 422; x_wconf 81' lang='grc' dir='ltr'>ψυχὴν</span> <span class='ocrx_word' id='word_1_44' title='bbox 336 387 374 421; x_wconf 84' lang='grc' dir='ltr'>τῷ</span> <span class='ocrx_word' id='word_1_45' title='bbox 387 386 436 421; x_wconf 81' lang='grc' dir='ltr'>τῆς</span> <span class='ocrx_word' id='word_1_46' title='bbox 453 386 579 420; x_wconf 86' lang='grc' dir='ltr'>γνώσεως</span> <span class='ocrx_word' id='word_1_47' title='bbox 597 387 667 420; x_wconf 81' lang='grc' dir='ltr'>φωτὶ</span> <span class='ocrx_word' id='word_1_48' title='bbox 688 385 899 420; x_wconf 76' lang='grc' dir='ltr'>πεφωτισμένην</span> 
     </span>
    </p>
   </div>
   <div class='ocr_carea' id='block_1_10' title="bbox 115 430 898 466">
    <p class='ocr_par' dir='ltr' id='par_1_10' title="bbox 115 430 898 466">
     <span class='ocr_line' id='line_1_10' title="bbox 115 430 898 466; baseline -0.003 -8"><span class='ocrx_word' id='word_1_49' title='bbox 115 433 181 458; x_wconf 73' lang='grc' dir='ltr'>ἰδεῖν</span> <span class='ocrx_word' id='word_1_50' title='bbox 193 441 199 465; x_wconf 93' lang='grc'><strong>;</strong></span> <span class='ocrx_word' id='word_1_51' title='bbox 218 432 268 458; x_wconf 78' lang='grc' dir='ltr'><strong>Τὸν</strong></span> <span class='ocrx_word' id='word_1_52' title='bbox 282 432 337 466; x_wconf 75' lang='grc' dir='ltr'><strong>γάρ</strong></span> <span class='ocrx_word' id='word_1_53' title='bbox 352 432 458 463; x_wconf 80' lang='grc' dir='ltr'><strong>πολλοῖς</strong></span> <span class='ocrx_word' id='word_1_54' title='bbox 471 431 659 466; x_wconf 73' lang='grc' dir='ltr'><strong>κοσμούμενον</strong></span> <span class='ocrx_word' id='word_1_55' title='bbox 673 431 769 457; x_wconf 72' lang='grc' dir='ltr'>εἴδεσιν</span> <span class='ocrx_word' id='word_1_56' title='bbox 787 430 898 466; x_wconf 82' lang='grc' dir='ltr'>ἀρετῆς,</span> 
     </span>
    </p>
   </div>
   <div class='ocr_carea' id='block_1_11' title="bbox 113 466 901 513">
    <p class='ocr_par' dir='ltr' id='par_1_11' title="bbox 113 466 901 513">
     <span class='ocr_line' id='line_1_11' title="bbox 113 466 901 513; baseline -0.004 -9"><span class='ocrx_word' id='word_1_57' title='bbox 113 478 218 504; x_wconf 86' lang='grc' dir='ltr'>δίκαιον</span> <span class='ocrx_word' id='word_1_58' title='bbox 239 477 377 513; x_wconf 77' lang='grc' dir='ltr'>ἡγούμεθα</span> <span class='ocrx_word' id='word_1_59' title='bbox 398 477 444 504; x_wconf 74' lang='grc' dir='ltr'>καὶ</span> <span class='ocrx_word' id='word_1_60' title='bbox 462 477 506 503; x_wconf 75' lang='grc' dir='ltr'><strong>τὸν</strong></span> <span class='ocrx_word' id='word_1_61' title='bbox 519 476 621 511; x_wconf 83' lang='grc' dir='ltr'><strong>ταύτης</strong></span> <span class='ocrx_word' id='word_1_62' title='bbox 641 466 803 511; x_wconf 70' lang='grc' dir='ltr'>προσλαδεῖν</span> <span class='ocrx_word' id='word_1_63' title='bbox 824 476 901 502; x_wconf 70' lang='grc' dir='ltr'>κολο-</span> 
     </span>
    </p>
   </div>
   <div class='ocr_carea' id='block_1_12' title="bbox 114 521 898 558">
    <p class='ocr_par' dir='ltr' id='par_1_12' title="bbox 114 521 898 558">
     <span class='ocr_line' id='line_1_12' title="bbox 114 521 898 558; baseline -0.003 -9"><span class='ocrx_word' id='word_1_64' title='bbox 114 524 208 558; x_wconf 74' lang='grc' dir='ltr'>φῶνα”</span> <span class='ocrx_word' id='word_1_65' title='bbox 221 525 268 549; x_wconf 76' lang='grc' dir='ltr'><strong>καὶ</strong></span> <span class='ocrx_word' id='word_1_66' title='bbox 289 524 453 558; x_wconf 81' lang='grc' dir='ltr'>πιστεύομεν</span> <span class='ocrx_word' id='word_1_67' title='bbox 475 522 514 554; x_wconf 83' lang='grc' dir='ltr'>ὡς</span> <span class='ocrx_word' id='word_1_68' title='bbox 532 522 654 556; x_wconf 63' lang='grc' dir='ltr'>ὀψόμεθα</span> <span class='ocrx_word' id='word_1_69' title='bbox 675 522 705 548; x_wconf 83' lang='grc' dir='ltr'><strong>τδ</strong></span> <span class='ocrx_word' id='word_1_70' title='bbox 723 521 898 556; x_wconf 77' lang='grc' dir='ltr'>ποθούμενον.</span> 
     </span>
    </p>
   </div>
   <div class='ocr_carea' id='block_1_13' title="bbox 120 567 901 604">
    <p class='ocr_par' dir='ltr' id='par_1_13' title="bbox 120 567 901 604">
     <span class='ocr_line' id='line_1_13' title="bbox 120 567 901 604; baseline -0.004 -9"><span class='ocrx_word' id='word_1_71' title='bbox 120 569 252 604; x_wconf 75' lang='grc' dir='ltr'>Ἀρπάσει</span> <span class='ocrx_word' id='word_1_72' title='bbox 264 570 317 604; x_wconf 77' lang='grc' dir='ltr'>γὰρ</span> <span class='ocrx_word' id='word_1_73' title='bbox 332 569 411 604; x_wconf 82' lang='grc' dir='ltr'>δῆλον</span> <span class='ocrx_word' id='word_1_74' title='bbox 433 569 473 595; x_wconf 80' lang='grc' dir='ltr'><strong>ὅτι</strong></span> <span class='ocrx_word' id='word_1_75' title='bbox 492 568 640 602; x_wconf 80' lang='grc' dir='ltr'>προθύμως</span> <span class='ocrx_word' id='word_1_76' title='bbox 655 569 670 603; x_wconf 89' lang='grc' dir='ltr'><strong>ή</strong></span> <span class='ocrx_word' id='word_1_77' title='bbox 688 568 721 602; x_wconf 87' lang='grc' dir='ltr'><strong>σὴ</strong></span> <span class='ocrx_word' id='word_1_78' title='bbox 739 567 901 602; x_wconf 77' lang='grc' dir='ltr'><strong>λαμπρότης</strong></span> 
     </span>
    </p>
   </div>
   <div class='ocr_carea' id='block_1_14' title="bbox 113 613 900 649">
    <p class='ocr_par' dir='ltr' id='par_1_14' title="bbox 113 613 900 649">
     <span class='ocr_line' id='line_1_14' title="bbox 113 613 900 649; baseline -0.001 -9"><span class='ocrx_word' id='word_1_79' title='bbox 113 615 165 648; x_wconf 79' lang='grc' dir='ltr'>τὴν</span> <span class='ocrx_word' id='word_1_80' title='bbox 178 614 315 640; x_wconf 79' lang='grc' dir='ltr'>θεόσδοτον</span> <span class='ocrx_word' id='word_1_81' title='bbox 329 614 443 648; x_wconf 87' lang='grc' dir='ltr'>δωρεὰν,</span> <span class='ocrx_word' id='word_1_82' title='bbox 462 614 538 649; x_wconf 87' lang='grc' dir='ltr'><strong>παρά</strong></span> <span class='ocrx_word' id='word_1_83' title='bbox 556 613 674 648; x_wconf 83' lang='grc' dir='ltr'>γνησίων</span> <span class='ocrx_word' id='word_1_84' title='bbox 692 613 774 648; x_wconf 82' lang='grc' dir='ltr'>φίλων</span> <span class='ocrx_word' id='word_1_85' title='bbox 788 613 836 639; x_wconf 74' lang='grc' dir='ltr'>καὶ</span> <span class='ocrx_word' id='word_1_86' title='bbox 852 621 900 639; x_wconf 80' lang='grc' dir='ltr'>σα·-</span> 
     </span>
    </p>
   </div>
   <div class='ocr_carea' id='block_1_15' title="bbox 114 659 899 694">
    <p class='ocr_par' dir='ltr' id='par_1_15' title="bbox 114 659 899 694">
     <span class='ocr_line' id='line_1_15' title="bbox 114 659 899 694; baseline -0.001 -9"><span class='ocrx_word' id='word_1_87' title='bbox 114 659 174 693; x_wconf 76' lang='grc' dir='ltr'>φῶς</span> <span class='ocrx_word' id='word_1_88' title='bbox 184 659 285 694; x_wconf 79' lang='grc' dir='ltr'>ταύτης</span> <span class='ocrx_word' id='word_1_89' title='bbox 297 659 485 694; x_wconf 78' lang='grc' dir='ltr'>ἐπισταμένων</span> <span class='ocrx_word' id='word_1_90' title='bbox 497 659 526 686; x_wconf 80' lang='grc' dir='ltr'>τὸ</span> <span class='ocrx_word' id='word_1_91' title='bbox 542 659 656 694; x_wconf 83' lang='grc' dir='ltr'>μέγεθος</span> <span class='ocrx_word' id='word_1_92' title='bbox 677 659 899 694; x_wconf 80' lang='grc' dir='ltr'>προτρεπομένη,</span> 
     </span>
    </p>
   </div>
   <div class='ocr_carea' id='block_1_16' title="bbox 114 704 901 740">
    <p class='ocr_par' dir='ltr' id='par_1_16' title="bbox 114 704 901 740">
     <span class='ocr_line' id='line_1_16' title="bbox 114 704 901 740; baseline -0.001 -9"><span class='ocrx_word' id='word_1_93' title='bbox 114 705 163 732; x_wconf 70' lang='grc' dir='ltr'><strong>καὶ</strong></span> <span class='ocrx_word' id='word_1_94' title='bbox 192 705 260 740; x_wconf 78' lang='grc' dir='ltr'>πρὸς</span> <span class='ocrx_word' id='word_1_95' title='bbox 284 705 328 731; x_wconf 83' lang='grc' dir='ltr'><strong>τὸν</strong></span> <span class='ocrx_word' id='word_1_96' title='bbox 354 705 541 740; x_wconf 83' lang='grc' dir='ltr'>μεγαλόδωρον</span> <span class='ocrx_word' id='word_1_97' title='bbox 552 705 741 740; x_wconf 78' lang='grc' dir='ltr'>ποδηγουμένη</span> <span class='ocrx_word' id='word_1_98' title='bbox 753 704 829 735; x_wconf 71' lang='grc' dir='ltr'>Θεὸν,</span> <span class='ocrx_word' id='word_1_99' title='bbox 843 713 851 729; x_wconf 86' lang='grc' dir='ltr'><strong>ι</strong></span> <span class='ocrx_word' id='word_1_100' title='bbox 872 704 901 736; x_wconf 82' lang='grc' dir='ltr'><strong>ὃς</strong></span> 
     </span>
    </p>
   </div>
   <div class='ocr_carea' id='block_1_17' title="bbox 114 749 901 785">
    <p class='ocr_par' dir='ltr' id='par_1_17' title="bbox 114 749 901 785">
     <span class='ocr_line' id='line_1_17' title="bbox 114 749 901 785; baseline -0.003 -8"><span class='ocrx_word' id='word_1_101' title='bbox 114 751 220 782; x_wconf 79' lang='grc' dir='ltr'>πάντας</span> <span class='ocrx_word' id='word_1_102' title='bbox 236 751 396 785; x_wconf 78' lang='grc' dir='ltr'>ἀνθρώπους</span> <span class='ocrx_word' id='word_1_103' title='bbox 406 750 477 776; x_wconf 83' lang='grc' dir='ltr'>θέλει</span> <span class='ocrx_word' id='word_1_104' title='bbox 496 751 624 785; x_wconf 85' lang='grc' dir='ltr'>σωθῆναι,</span> <span class='ocrx_word' id='word_1_105' title='bbox 637 750 683 776; x_wconf 81' lang='grc' dir='ltr'>καὶ</span> <span class='ocrx_word' id='word_1_106' title='bbox 696 751 734 781; x_wconf 86' lang='grc' dir='ltr'><strong>είς</strong></span> <span class='ocrx_word' id='word_1_107' title='bbox 755 749 901 784; x_wconf 77' lang='grc' dir='ltr'>ἐπίγνωσιν</span> 
     </span>
    </p>
   </div>
   <div class='ocr_carea' id='block_1_18' title="bbox 113 794 903 832">
    <p class='ocr_par' dir='ltr' id='par_1_18' title="bbox 113 794 903 832">
     <span class='ocr_line' id='line_1_18' title="bbox 113 794 903 832; baseline -0.001 -10"><span class='ocrx_word' id='word_1_108' title='bbox 113 796 243 832; x_wconf 71' lang='grc' dir='ltr'>ἀληθείας</span> <span class='ocrx_word' id='word_1_109' title='bbox 251 796 346 828; x_wconf 74' lang='grc' dir='ltr'>ἐλθεῖν,</span> <span class='ocrx_word' id='word_1_110' title='bbox 362 805 371 821; x_wconf 72' lang='grc' dir='ltr'><strong>ι</strong></span> <span class='ocrx_word' id='word_1_111' title='bbox 382 795 429 822; x_wconf 78' lang='grc' dir='ltr'>καὶ</span> <span class='ocrx_word' id='word_1_112' title='bbox 443 795 476 822; x_wconf 78' lang='grc' dir='ltr'>δι’</span> <span class='ocrx_word' id='word_1_113' title='bbox 488 795 639 831; x_wconf 84' lang='grc' dir='ltr'>ἀνθρώπων</span> <span class='ocrx_word' id='word_1_114' title='bbox 648 794 807 830; x_wconf 79' lang='grc' dir='ltr'>ἀνθρώπους</span> <span class='ocrx_word' id='word_1_115' title='bbox 818 804 903 830; x_wconf 84' lang='grc' dir='ltr'>σαγη-</span> 
     </span>
    </p>
   </div>
   <div class='ocr_carea' id='block_1_19' title="bbox 113 840 902 878">
    <p class='ocr_par' dir='ltr' id='par_1_19' title="bbox 113 840 902 878">
     <span class='ocr_line' id='line_1_19' title="bbox 113 840 902 878; baseline -0.003 -10"><span class='ocrx_word' id='word_1_116' title='bbox 113 842 187 868; x_wconf 80' lang='grc' dir='ltr'>νεὺει</span> <span class='ocrx_word' id='word_1_117' title='bbox 207 842 274 878; x_wconf 78' lang='grc' dir='ltr'>πρὸς</span> <span class='ocrx_word' id='word_1_118' title='bbox 289 842 436 876; x_wconf 76' lang='grc' dir='ltr'>σωτηρίαν,</span> <span class='ocrx_word' id='word_1_119' title='bbox 450 842 490 872; x_wconf 77' lang='grc' dir='ltr'><strong>εἰς</strong></span> <span class='ocrx_word' id='word_1_120' title='bbox 507 842 603 876; x_wconf 84' lang='grc' dir='ltr'>ἀγήρω</span> <span class='ocrx_word' id='word_1_121' title='bbox 617 840 689 876; x_wconf 82' lang='grc' dir='ltr'>ζωὴν</span> <span class='ocrx_word' id='word_1_122' title='bbox 703 841 767 872; x_wconf 75' lang='grc' dir='ltr'>τοὺς</span> <span class='ocrx_word' id='word_1_123' title='bbox 786 841 902 875; x_wconf 84' lang='grc' dir='ltr'>ἀγρευο-</span> 
     </span>
    </p>
   </div>
   <div class='ocr_carea' id='block_1_20' title="bbox 116 871 941 923">
    <p class='ocr_par' dir='ltr' id='par_1_20' title="bbox 116 871 941 923">
     <span class='ocr_line' id='line_1_20' title="bbox 116 871 941 923; baseline -0.005 -8"><span class='ocrx_word' id='word_1_124' title='bbox 116 890 212 923; x_wconf 81' lang='grc' dir='ltr'>μένους</span> <span class='ocrx_word' id='word_1_125' title='bbox 226 871 400 922; x_wconf 51' lang='grc' dir='ltr'>άπάγων.η’0</span> <span class='ocrx_word' id='word_1_126' title='bbox 417 871 465 922; x_wconf 74' lang='grc' dir='ltr'><strong>μὲν</strong></span> <span class='ocrx_word' id='word_1_127' title='bbox 548 871 688 921; x_wconf 45' lang='grc' dir='ltr'>ίᾶθυολκδς</span> <span class='ocrx_word' id='word_1_128' title='bbox 703 871 762 912; x_wconf 72' lang='grc' dir='ltr'><strong>τῶν</strong></span> <span class='ocrx_word' id='word_1_129' title='bbox 773 871 899 920; x_wconf 61' lang='grc' dir='ltr'>οηρὶυμι-</span> <span class='ocrx_word' id='word_1_130' title='bbox 917 871 941 900; x_wconf 76' lang='grc' dir='ltr'>Β</span> 
     </span>
    </p>
   </div>
   <div class='ocr_carea' id='block_1_21' title="bbox 113 931 900 969">
    <p class='ocr_par' dir='ltr' id='par_1_21' title="bbox 113 931 900 969">
     <span class='ocr_line' id='line_1_21' title="bbox 113 931 900 969; baseline -0.005 -9"><span class='ocrx_word' id='word_1_131' title='bbox 113 943 168 961; x_wconf 87' lang='grc' dir='ltr'><strong>νων</strong></span> <span class='ocrx_word' id='word_1_132' title='bbox 181 934 231 969; x_wconf 84' lang='grc' dir='ltr'>τὴν</span> <span class='ocrx_word' id='word_1_133' title='bbox 247 934 318 969; x_wconf 77' lang='grc' dir='ltr'>ζωὴν</span> <span class='ocrx_word' id='word_1_134' title='bbox 333 934 506 968; x_wconf 77' lang='grc' dir='ltr'>ἀφαιρεῖται”</span> <span class='ocrx_word' id='word_1_135' title='bbox 528 933 542 959; x_wconf 83' lang='grc' dir='ltr'><em>ὁ</em></span> <span class='ocrx_word' id='word_1_136' title='bbox 560 932 587 958; x_wconf 86' lang='grc' dir='ltr'>δὲ</span> <span class='ocrx_word' id='word_1_137' title='bbox 604 931 737 967; x_wconf 81' lang='grc' dir='ltr'>ἡμέτερος</span> <span class='ocrx_word' id='word_1_138' title='bbox 753 931 900 958; x_wconf 84' lang='grc' dir='ltr'>ἀσπαλιευ-</span> 
     </span>
    </p>
   </div>
   <div class='ocr_carea' id='block_1_22' title="bbox 113 971 900 1015">
    <p class='ocr_par' dir='ltr' id='par_1_22' title="bbox 113 971 900 1015">
     <span class='ocr_line' id='line_1_22' title="bbox 113 971 900 1015; baseline -0.004 -10"><span class='ocrx_word' id='word_1_139' title='bbox 113 980 174 1015; x_wconf 82' lang='grc' dir='ltr'>τὴς,</span> <span class='ocrx_word' id='word_1_140' title='bbox 197 980 265 1014; x_wconf 84' lang='grc' dir='ltr'>ὅπερ</span> <span class='ocrx_word' id='word_1_141' title='bbox 289 978 321 1005; x_wconf 83' lang='grc' dir='ltr'>ἂν</span> <span class='ocrx_word' id='word_1_142' title='bbox 343 979 481 1013; x_wconf 81' lang='grc' dir='ltr'>ζωγρήσῃ,</span> <span class='ocrx_word' id='word_1_143' title='bbox 502 978 556 1003; x_wconf 87' lang='grc' dir='ltr'>τῶν</span> <span class='ocrx_word' id='word_1_144' title='bbox 572 971 835 1012; x_wconf 68' lang='grc' dir='ltr'>πικρῶν’ὲ).ευθεροῖ</span> <span class='ocrx_word' id='word_1_145' title='bbox 853 975 900 1002; x_wconf 86' lang='grc' dir='ltr'>τοῦ</span> 
     </span>
    </p>
   </div>
   <div class='ocr_carea' id='block_1_23' title="bbox 115 1021 900 1057">
    <p class='ocr_par' dir='ltr' id='par_1_23' title="bbox 115 1021 900 1057">
     <span class='ocr_line' id='line_1_23' title="bbox 115 1021 900 1057; baseline -0.004 -7"><span class='ocrx_word' id='word_1_146' title='bbox 115 1024 230 1050; x_wconf 78' lang='grc' dir='ltr'>θανάτου</span> <span class='ocrx_word' id='word_1_147' title='bbox 256 1023 373 1057; x_wconf 74' lang='grc' dir='ltr'>δεσμῶν.</span> <span class='ocrx_word' id='word_1_148' title='bbox 408 1022 510 1048; x_wconf 82' lang='grc' dir='ltr'>Τούτου</span> <span class='ocrx_word' id='word_1_149' title='bbox 542 1022 621 1057; x_wconf 77' lang='grc' dir='ltr'>χάριν</span> <span class='ocrx_word' id='word_1_150' title='bbox 657 1031 665 1047; x_wconf 77' lang='grc' dir='ltr'><strong>ι</strong></span> <span class='ocrx_word' id='word_1_151' title='bbox 688 1022 734 1048; x_wconf 76' lang='grc' dir='ltr'>ἐπὶ</span> <span class='ocrx_word' id='word_1_152' title='bbox 769 1021 819 1056; x_wconf 85' lang='grc' dir='ltr'>τῆς</span> <span class='ocrx_word' id='word_1_153' title='bbox 850 1022 900 1056; x_wconf 78' lang='grc' dir='ltr'>γῆς</span> 
     </span>
    </p>
   </div>
   <div class='ocr_carea' id='block_1_24' title="bbox 115 1060 901 1106">
    <p class='ocr_par' dir='ltr' id='par_1_24' title="bbox 115 1060 901 1106">
     <span class='ocr_line' id='line_1_24' title="bbox 115 1060 901 1106; baseline -0.004 -9"><span class='ocrx_word' id='word_1_154' title='bbox 115 1071 205 1106; x_wconf 76' lang='grc' dir='ltr'>ὤφθη,</span> <span class='ocrx_word' id='word_1_155' title='bbox 222 1060 268 1096; x_wconf 62' lang='grc' dir='ltr'><strong>καί</strong></span> <span class='ocrx_word' id='word_1_156' title='bbox 279 1071 335 1101; x_wconf 86' lang='grc' dir='ltr'>τοῖς</span> <span class='ocrx_word' id='word_1_157' title='bbox 352 1069 506 1104; x_wconf 58' lang='grc' dir='ltr'>ἀνθρώποις</span> <span class='ocrx_word' id='word_1_158' title='bbox 521 1068 727 1104; x_wconf 73' lang='grc' dir='ltr'>συνανεστράιρη</span> <span class='ocrx_word' id='word_1_159' title='bbox 740 1087 746 1098; x_wconf 83' lang='grc'><strong>,</strong></span> <span class='ocrx_word' id='word_1_160' title='bbox 768 1078 777 1092; x_wconf 71' lang='grc' dir='ltr'><strong>ι</strong></span> <span class='ocrx_word' id='word_1_161' title='bbox 795 1067 842 1093; x_wconf 71' lang='grc' dir='ltr'>καὶ</span> <span class='ocrx_word' id='word_1_162' title='bbox 857 1067 901 1094; x_wconf 78' lang='grc' dir='ltr'>διὰ</span> 
     </span>
    </p>
   </div>
   <div class='ocr_carea' id='block_1_25' title="bbox 115 1113 901 1151">
    <p class='ocr_par' dir='ltr' id='par_1_25' title="bbox 115 1113 901 1151">
     <span class='ocr_line' id='line_1_25' title="bbox 115 1113 901 1151; baseline -0.004 -10"><span class='ocrx_word' id='word_1_163' title='bbox 115 1115 165 1150; x_wconf 78' lang='grc' dir='ltr'>τῆς</span> <span class='ocrx_word' id='word_1_164' title='bbox 181 1115 320 1151; x_wconf 85' lang='grc' dir='ltr'>ὁρωμένης</span> <span class='ocrx_word' id='word_1_165' title='bbox 339 1114 546 1149; x_wconf 81' lang='grc' dir='ltr'>ἀνθρωπότητος</span> <span class='ocrx_word' id='word_1_166' title='bbox 560 1114 608 1149; x_wconf 80' lang='grc' dir='ltr'><strong>τὴν</strong></span> <span class='ocrx_word' id='word_1_167' title='bbox 623 1113 763 1148; x_wconf 73' lang='grc' dir='ltr'>ζωηφόρον</span> <span class='ocrx_word' id='word_1_168' title='bbox 778 1114 833 1144; x_wconf 89' lang='grc' dir='ltr'>τοῖς</span> <span class='ocrx_word' id='word_1_169' title='bbox 853 1113 901 1139; x_wconf 84' lang='grc' dir='ltr'>ἀν-</span> 
     </span>
    </p>
   </div>
   <div class='ocr_carea' id='block_1_26' title="bbox 116 1152 902 1196">
    <p class='ocr_par' dir='ltr' id='par_1_26' title="bbox 116 1152 902 1196">
     <span class='ocr_line' id='line_1_26' title="bbox 116 1152 902 1196; baseline -0.004 -8"><span class='ocrx_word' id='word_1_170' title='bbox 116 1152 422 1196; x_wconf 52' lang='grc' dir='ltr'>θρὼποις’διδασκαλίαν</span> <span class='ocrx_word' id='word_1_171' title='bbox 436 1161 632 1196; x_wconf 81' lang='grc' dir='ltr'>προσήνεγκεν,</span> <span class='ocrx_word' id='word_1_172' title='bbox 647 1160 694 1186; x_wconf 72' lang='grc' dir='ltr'><strong>καὶ</strong></span> <span class='ocrx_word' id='word_1_173' title='bbox 704 1160 824 1193; x_wconf 73' lang='grc' dir='ltr'>λογικοῖς</span> <span class='ocrx_word' id='word_1_174' title='bbox 835 1159 902 1195; x_wconf 84' lang='grc' dir='ltr'>πρέ-</span> 
     </span>
    </p>
   </div>
   <div class='ocr_carea' id='block_1_27' title="bbox 116 1205 902 1240">
    <p class='ocr_par' dir='ltr' id='par_1_27' title="bbox 116 1205 902 1240">
     <span class='ocr_line' id='line_1_27' title="bbox 116 1205 902 1240; baseline -0.004 -7"><span class='ocrx_word' id='word_1_175' title='bbox 116 1216 218 1233; x_wconf 86' lang='grc' dir='ltr'>πουσαν</span> <span class='ocrx_word' id='word_1_176' title='bbox 226 1207 362 1232; x_wconf 71' lang='grc' dir='ltr'>πολιτείαν</span> <span class='ocrx_word' id='word_1_177' title='bbox 377 1205 571 1240; x_wconf 70' lang='grc' dir='ltr'>ἐνομοθέτησεν</span> <span class='ocrx_word' id='word_1_178' title='bbox 582 1214 588 1221; x_wconf 81' lang='grc'><em>’</em></span> <span class='ocrx_word' id='word_1_179' title='bbox 599 1206 646 1231; x_wconf 68' lang='grc' dir='ltr'>καὶ</span> <span class='ocrx_word' id='word_1_180' title='bbox 659 1205 722 1236; x_wconf 78' lang='grc' dir='ltr'>τοὺς</span> <span class='ocrx_word' id='word_1_181' title='bbox 733 1205 830 1239; x_wconf 84' lang='grc' dir='ltr'>νόμους</span> <span class='ocrx_word' id='word_1_182' title='bbox 842 1205 902 1235; x_wconf 84' lang='grc' dir='ltr'>ταῖς</span> 
     </span>
    </p>
   </div>
   <div class='ocr_carea' id='block_1_28' title="bbox 117 1250 901 1287">
    <p class='ocr_par' dir='ltr' id='par_1_28' title="bbox 117 1250 901 1287">
     <span class='ocr_line' id='line_1_28' title="bbox 117 1250 901 1287; baseline -0.003 -9"><span class='ocrx_word' id='word_1_183' title='bbox 117 1252 349 1287; x_wconf 73' lang='grc' dir='ltr'>θαυματουργίαις</span> <span class='ocrx_word' id='word_1_184' title='bbox 363 1251 511 1285; x_wconf 84' lang='grc' dir='ltr'>κρατύνας,</span> <span class='ocrx_word' id='word_1_185' title='bbox 532 1251 664 1277; x_wconf 83' lang='grc' dir='ltr'>κατέλυσε</span> <span class='ocrx_word' id='word_1_186' title='bbox 682 1250 721 1285; x_wconf 78' lang='grc' dir='ltr'><strong>τῷ</strong></span> <span class='ocrx_word' id='word_1_187' title='bbox 736 1251 784 1285; x_wconf 83' lang='grc' dir='ltr'>τῆς</span> <span class='ocrx_word' id='word_1_188' title='bbox 802 1250 901 1285; x_wconf 79' lang='grc' dir='ltr'>σαρκὸς</span> 
     </span>
    </p>
   </div>
   <div class='ocr_carea' id='block_1_29' title="bbox 117 1295 901 1332">
    <p class='ocr_par' dir='ltr' id='par_1_29' title="bbox 117 1295 901 1332">
     <span class='ocr_line' id='line_1_29' title="bbox 117 1295 901 1332; baseline -0.004 -8"><span class='ocrx_word' id='word_1_189' title='bbox 117 1298 224 1332; x_wconf 81' lang='grc' dir='ltr'>θανάτῳ</span> <span class='ocrx_word' id='word_1_190' title='bbox 238 1297 283 1323; x_wconf 81' lang='grc' dir='ltr'><strong>τὸν</strong></span> <span class='ocrx_word' id='word_1_191' title='bbox 302 1297 416 1323; x_wconf 84' lang='grc' dir='ltr'>θάνατον</span> <span class='ocrx_word' id='word_1_192' title='bbox 429 1304 436 1311; x_wconf 76' lang='grc'><strong>⁸</strong></span> <span class='ocrx_word' id='word_1_193' title='bbox 460 1297 506 1322; x_wconf 78' lang='grc' dir='ltr'>καὶ</span> <span class='ocrx_word' id='word_1_194' title='bbox 519 1296 620 1331; x_wconf 82' lang='grc' dir='ltr'>ταύτην</span> <span class='ocrx_word' id='word_1_195' title='bbox 638 1296 803 1330; x_wconf 79' lang='grc' dir='ltr'>ἀναστήσας,</span> <span class='ocrx_word' id='word_1_196' title='bbox 819 1295 901 1321; x_wconf 84' lang='grc' dir='ltr'>πᾶσιν</span> 
     </span>
    </p>
   </div>
   <div class='ocr_carea' id='block_1_30' title="bbox 117 1340 902 1379">
    <p class='ocr_par' dir='ltr' id='par_1_30' title="bbox 117 1340 902 1379">
     <span class='ocr_line' id='line_1_30' title="bbox 117 1340 902 1379; baseline -0.004 -10"><span class='ocrx_word' id='word_1_197' title='bbox 117 1344 182 1379; x_wconf 74' lang='grc' dir='ltr'>ἡμῖν</span> <span class='ocrx_word' id='word_1_198' title='bbox 202 1343 335 1377; x_wconf 79' lang='grc' dir='ltr'>ὑπέσχετο</span> <span class='ocrx_word' id='word_1_199' title='bbox 352 1343 401 1377; x_wconf 85' lang='grc' dir='ltr'>τὴν</span> <span class='ocrx_word' id='word_1_200' title='bbox 416 1342 578 1376; x_wconf 71' lang='grc' dir='ltr'>ἀνάστασιν,</span> <span class='ocrx_word' id='word_1_201' title='bbox 600 1341 731 1376; x_wconf 74' lang='grc' dir='ltr'>ἐχέγγυον</span> <span class='ocrx_word' id='word_1_202' title='bbox 753 1340 902 1375; x_wconf 82' lang='grc' dir='ltr'>ἀξιόχρεων</span> 
     </span>
    </p>
   </div>
   <div class='ocr_carea' id='block_1_31' title="bbox 115 1385 901 1423">
    <p class='ocr_par' dir='ltr' id='par_1_31' title="bbox 115 1385 901 1423">
     <span class='ocr_line' id='line_1_31' title="bbox 115 1385 901 1423; baseline -0.003 -9"><span class='ocrx_word' id='word_1_203' title='bbox 115 1389 166 1422; x_wconf 75' lang='grc' dir='ltr'>τῆς</span> <span class='ocrx_word' id='word_1_204' title='bbox 183 1389 319 1423; x_wconf 78' lang='grc' dir='ltr'>ἡμετέρας</span> <span class='ocrx_word' id='word_1_205' title='bbox 332 1388 506 1418; x_wconf 77' lang='grc' dir='ltr'>ἀναστάσεως</span> <span class='ocrx_word' id='word_1_206' title='bbox 517 1386 563 1413; x_wconf 78' lang='grc' dir='ltr'>τοῦ</span> <span class='ocrx_word' id='word_1_207' title='bbox 577 1387 668 1422; x_wconf 82' lang='grc' dir='ltr'>τιμίου</span> <span class='ocrx_word' id='word_1_208' title='bbox 682 1386 808 1421; x_wconf 82' lang='grc' dir='ltr'>σώματος</span> <span class='ocrx_word' id='word_1_209' title='bbox 819 1385 901 1412; x_wconf 80' lang='grc' dir='ltr'>αὑτοῦ</span> 
     </span>
    </p>
   </div>
   <div class='ocr_carea' id='block_1_32' title="bbox 116 1431 901 1469">
    <p class='ocr_par' dir='ltr' id='par_1_32' title="bbox 116 1431 901 1469">
     <span class='ocr_line' id='line_1_32' title="bbox 116 1431 901 1469; baseline -0.005 -8"><span class='ocrx_word' id='word_1_210' title='bbox 116 1434 240 1465; x_wconf 86' lang='grc' dir='ltr'>δεδωκὼς</span> <span class='ocrx_word' id='word_1_211' title='bbox 257 1435 307 1469; x_wconf 80' lang='grc' dir='ltr'>τὴν</span> <span class='ocrx_word' id='word_1_212' title='bbox 329 1434 486 1460; x_wconf 70' lang='grc' dir='ltr'>ἀνάστασιν.</span> <span class='ocrx_word' id='word_1_213' title='bbox 501 1433 578 1459; x_wconf 59' lang='grc' dir='ltr'>Οὕτω</span> <span class='ocrx_word' id='word_1_214' title='bbox 595 1433 622 1459; x_wconf 79' lang='grc' dir='ltr'><strong>δὲ</strong></span> <span class='ocrx_word' id='word_1_215' title='bbox 645 1432 708 1463; x_wconf 74' lang='grc' dir='ltr'>τοὺς</span> <span class='ocrx_word' id='word_1_216' title='bbox 730 1431 901 1467; x_wconf 83' lang='grc' dir='ltr'>ἀνθρώπους,</span> 
     </span>
    </p>
   </div>
   <div class='ocr_carea' id='block_1_33' title="bbox 118 1478 902 1515">
    <p class='ocr_par' dir='ltr' id='par_1_33' title="bbox 118 1478 902 1515">
     <span class='ocr_line' id='line_1_33' title="bbox 118 1478 902 1515; baseline -0.004 -9"><span class='ocrx_word' id='word_1_217' title='bbox 118 1481 265 1507; x_wconf 69' lang='grc' dir='ltr'>καὶταῦτα</span> <span class='ocrx_word' id='word_1_218' title='bbox 287 1479 443 1515; x_wconf 75' lang='grc' dir='ltr'>μισοῦντας,</span> <span class='ocrx_word' id='word_1_219' title='bbox 460 1479 614 1514; x_wconf 73' lang='grc' dir='ltr'>ἠγάπησεν,</span> <span class='ocrx_word' id='word_1_220' title='bbox 629 1479 667 1510; x_wconf 84' lang='grc' dir='ltr'>ὡς</span> <span class='ocrx_word' id='word_1_221' title='bbox 690 1478 719 1504; x_wconf 76' lang='grc' dir='ltr'>τὸ</span> <span class='ocrx_word' id='word_1_222' title='bbox 734 1478 782 1512; x_wconf 78' lang='grc' dir='ltr'>τῆς</span> <span class='ocrx_word' id='word_1_223' title='bbox 799 1479 902 1504; x_wconf 81' lang='grc' dir='ltr'>οἰκονο-</span> 
     </span>
    </p>
   </div>
   <div class='ocr_carea' id='block_1_34' title="bbox 73 1523 902 1562">
    <p class='ocr_par' dir='ltr' id='par_1_34' title="bbox 73 1523 902 1562">
     <span class='ocr_line' id='line_1_34' title="bbox 73 1523 902 1562; baseline -0.005 -9"><span class='ocrx_word' id='word_1_224' title='bbox 73 1559 76 1561; x_wconf 24' lang='grc' dir='ltr'>λ</span> <span class='ocrx_word' id='word_1_225' title='bbox 120 1527 182 1561; x_wconf 79' lang='grc' dir='ltr'>μίας</span> <span class='ocrx_word' id='word_1_226' title='bbox 195 1527 343 1562; x_wconf 76' lang='grc' dir='ltr'>μυστήριον</span> <span class='ocrx_word' id='word_1_227' title='bbox 363 1526 439 1561; x_wconf 83' lang='grc' dir='ltr'><strong>παρά</strong></span> <span class='ocrx_word' id='word_1_228' title='bbox 452 1534 523 1552; x_wconf 86' lang='grc' dir='ltr'>τισιν</span> <span class='ocrx_word' id='word_1_229' title='bbox 541 1524 713 1552; x_wconf 79' lang='grc' dir='ltr'>ἀπιστεῖσθαι</span> <span class='ocrx_word' id='word_1_230' title='bbox 727 1524 771 1550; x_wconf 79' lang='grc' dir='ltr'>διὰ</span> <span class='ocrx_word' id='word_1_231' title='bbox 786 1523 834 1559; x_wconf 89' lang='grc' dir='ltr'><strong>τὴν</strong></span> <span class='ocrx_word' id='word_1_232' title='bbox 848 1524 902 1550; x_wconf 86' lang='grc' dir='ltr'><strong>τῶν</strong></span> 
     </span>
    </p>
   </div>
   <div class='ocr_carea' id='block_1_35' title="bbox 118 1569 902 1606">
    <p class='ocr_par' dir='ltr' id='par_1_35' title="bbox 118 1569 902 1606">
     <span class='ocr_line' id='line_1_35' title="bbox 118 1569 902 1606; baseline -0.004 -9"><span class='ocrx_word' id='word_1_233' title='bbox 118 1571 286 1606; x_wconf 73' lang='grc' dir='ltr'>παθημάτων</span> <span class='ocrx_word' id='word_1_234' title='bbox 301 1571 464 1606; x_wconf 75' lang='grc' dir='ltr'>ὑπερϐολήν.</span> <span class='ocrx_word' id='word_1_235' title='bbox 485 1571 605 1606; x_wconf 82' lang='grc' dir='ltr'>Ἀπόχρη</span> <span class='ocrx_word' id='word_1_236' title='bbox 623 1570 650 1596; x_wconf 79' lang='grc' dir='ltr'>δὲ</span> <span class='ocrx_word' id='word_1_237' title='bbox 672 1569 757 1601; x_wconf 75' lang='grc' dir='ltr'>δεῖξαι</span> <span class='ocrx_word' id='word_1_238' title='bbox 776 1570 826 1604; x_wconf 83' lang='grc' dir='ltr'>τῆς</span> <span class='ocrx_word' id='word_1_239' title='bbox 842 1569 902 1602; x_wconf 79' lang='grc' dir='ltr'>φιλ-</span> 
     </span>
    </p>
   </div>
   <div class='ocr_carea' id='block_1_36' title="bbox 119 1614 904 1652">
    <p class='ocr_par' dir='ltr' id='par_1_36' title="bbox 119 1614 904 1652">
     <span class='ocr_line' id='line_1_36' title="bbox 119 1614 904 1652; baseline -0.003 -10"><span class='ocrx_word' id='word_1_240' title='bbox 119 1617 276 1652; x_wconf 85' lang='grc' dir='ltr'>ανθρωπίας</span> <span class='ocrx_word' id='word_1_241' title='bbox 299 1617 348 1651; x_wconf 86' lang='grc' dir='ltr'>τὴν</span> <span class='ocrx_word' id='word_1_242' title='bbox 371 1617 499 1649; x_wconf 77' lang='grc' dir='ltr'>ᾰὸυσσον,</span> <span class='ocrx_word' id='word_1_243' title='bbox 525 1616 616 1642; x_wconf 75' lang='grc' dir='ltr'>καὶτὸ</span> <span class='ocrx_word' id='word_1_244' title='bbox 639 1616 701 1646; x_wconf 81' lang='grc' dir='ltr'>τοὺς</span> <span class='ocrx_word' id='word_1_245' title='bbox 725 1614 904 1646; x_wconf 80' lang='grc' dir='ltr'>ἀπιστοῦντας</span> 
     </span>
    </p>
   </div>
   <div class='ocr_carea' id='block_1_37' title="bbox 119 1660 903 1697">
    <p class='ocr_par' dir='ltr' id='par_1_37' title="bbox 119 1660 903 1697">
     <span class='ocr_line' id='line_1_37' title="bbox 119 1660 903 1697; baseline -0.003 -9"><span class='ocrx_word' id='word_1_246' title='bbox 119 1663 158 1688; x_wconf 78' lang='grc' dir='ltr'>ἑτι</span> <span class='ocrx_word' id='word_1_247' title='bbox 180 1663 240 1689; x_wconf 71' lang='grc' dir='ltr'>καθ’</span> <span class='ocrx_word' id='word_1_248' title='bbox 265 1663 371 1697; x_wconf 76' lang='grc' dir='ltr'>ἡμέραν</span> <span class='ocrx_word' id='word_1_249' title='bbox 393 1662 512 1696; x_wconf 81' lang='grc' dir='ltr'>ἑκάστην</span> <span class='ocrx_word' id='word_1_250' title='bbox 534 1663 636 1688; x_wconf 79' lang='grc' dir='ltr'>καλεῖν.</span> <span class='ocrx_word' id='word_1_251' title='bbox 661 1661 736 1687; x_wconf 88' lang='grc' dir='ltr'><strong>Ποιεί</strong></span> <span class='ocrx_word' id='word_1_252' title='bbox 761 1661 789 1687; x_wconf 71' lang='grc' dir='ltr'>δὲ</span> <span class='ocrx_word' id='word_1_253' title='bbox 813 1660 903 1692; x_wconf 80' lang='grc' dir='ltr'>τοῦτο,</span> 
     </span>
    </p>
   </div>
   <div class='ocr_carea' id='block_1_38' title="bbox 118 1706 904 1743">
    <p class='ocr_par' dir='ltr' id='par_1_38' title="bbox 118 1706 904 1743">
     <span class='ocr_line' id='line_1_38' title="bbox 118 1706 904 1743; baseline -0.005 -8"><span class='ocrx_word' id='word_1_254' title='bbox 118 1709 167 1743; x_wconf 82' lang='grc' dir='ltr'><strong>οὐχ</strong></span> <span class='ocrx_word' id='word_1_255' title='bbox 185 1708 222 1739; x_wconf 86' lang='grc' dir='ltr'>ὡς</span> <span class='ocrx_word' id='word_1_256' title='bbox 239 1707 413 1743; x_wconf 76' lang='grc' dir='ltr'>ἀνθρωπίνης</span> <span class='ocrx_word' id='word_1_257' title='bbox 435 1707 584 1742; x_wconf 74' lang='grc' dir='ltr'>θεραπείας</span> <span class='ocrx_word' id='word_1_258' title='bbox 602 1707 729 1742; x_wconf 82' lang='grc' dir='ltr'>δεόμενος</span> <span class='ocrx_word' id='word_1_259' title='bbox 751 1706 833 1741; x_wconf 86' lang='grc' dir='ltr'>(τίνος</span> <span class='ocrx_word' id='word_1_260' title='bbox 850 1706 904 1740; x_wconf 78' lang='grc' dir='ltr'>γὰρ</span> 
     </span>
    </p>
   </div>
   <div class='ocr_carea' id='block_1_39' title="bbox 119 1752 904 1789">
    <p class='ocr_par' dir='ltr' id='par_1_39' title="bbox 119 1752 904 1789">
     <span class='ocr_line' id='line_1_39' title="bbox 119 1752 904 1789; baseline -0.003 -9"><span class='ocrx_word' id='word_1_261' title='bbox 119 1754 213 1789; x_wconf 73' lang='grc' dir='ltr'>ἐνδεὴς</span> <span class='ocrx_word' id='word_1_262' title='bbox 230 1754 283 1780; x_wconf 81' lang='grc' dir='ltr'><strong>τῶν</strong></span> <span class='ocrx_word' id='word_1_263' title='bbox 297 1754 365 1780; x_wconf 79' lang='grc' dir='ltr'>ὅλων</span> <span class='ocrx_word' id='word_1_264' title='bbox 377 1754 390 1779; x_wconf 82' lang='grc' dir='ltr'>ὁ</span> <span class='ocrx_word' id='word_1_265' title='bbox 403 1753 542 1789; x_wconf 74' lang='grc' dir='ltr'>Ποιητής),</span> <span class='ocrx_word' id='word_1_266' title='bbox 556 1753 613 1780; x_wconf 86' lang='grc' dir='ltr'>ἀλλ’</span> <span class='ocrx_word' id='word_1_267' title='bbox 630 1753 668 1784; x_wconf 82' lang='grc' dir='ltr'>ὡς</span> <span class='ocrx_word' id='word_1_268' title='bbox 687 1752 770 1787; x_wconf 79' lang='grc' dir='ltr'>διψῶν</span> <span class='ocrx_word' id='word_1_269' title='bbox 790 1753 904 1779; x_wconf 82' lang='grc' dir='ltr'>ἑκάστου</span> 
     </span>
    </p>
   </div>
   <div class='ocr_carea' id='block_1_40' title="bbox 120 1796 905 1834">
    <p class='ocr_par' dir='ltr' id='par_1_40' title="bbox 120 1796 905 1834">
     <span class='ocr_line' id='line_1_40' title="bbox 120 1796 905 1834; baseline -0.003 -9"><span class='ocrx_word' id='word_1_270' title='bbox 120 1799 168 1834; x_wconf 80' lang='grc' dir='ltr'><strong>τὴν</strong></span> <span class='ocrx_word' id='word_1_271' title='bbox 194 1799 339 1834; x_wconf 77' lang='grc' dir='ltr'>σωτηρίαν.</span> <span class='ocrx_word' id='word_1_272' title='bbox 371 1799 511 1834; x_wconf 74' lang='grc' dir='ltr'>’Ἅρπασον</span> <span class='ocrx_word' id='word_1_273' title='bbox 532 1799 632 1830; x_wconf 84' lang='grc' dir='ltr'>τοίνυν,</span> <span class='ocrx_word' id='word_1_274' title='bbox 655 1796 678 1824; x_wconf 81' lang='grc' dir='ltr'>ὦ</span> <span class='ocrx_word' id='word_1_275' title='bbox 704 1798 851 1832; x_wconf 82' lang='grc' dir='ltr'>θαυμάσιε,</span> <span class='ocrx_word' id='word_1_276' title='bbox 875 1797 905 1823; x_wconf 79' lang='grc' dir='ltr'><strong>τὸ</strong></span> 
     </span>
    </p>
   </div>
   <div class='ocr_carea' id='block_1_41' title="bbox 120 1843 906 1879">
    <p class='ocr_par' dir='ltr' id='par_1_41' title="bbox 120 1843 906 1879">
     <span class='ocr_line' id='line_1_41' title="bbox 120 1843 906 1879; baseline -0.004 -8"><span class='ocrx_word' id='word_1_277' title='bbox 120 1844 215 1879; x_wconf 80' lang='grc' dir='ltr'>δῶρον,</span> <span class='ocrx_word' id='word_1_278' title='bbox 241 1845 290 1871; x_wconf 68' lang='grc' dir='ltr'><strong>καὶ</strong></span> <span class='ocrx_word' id='word_1_279' title='bbox 313 1845 359 1871; x_wconf 75' lang='grc' dir='ltr'><strong>τὸν</strong></span> <span class='ocrx_word' id='word_1_280' title='bbox 376 1844 523 1879; x_wconf 83' lang='grc' dir='ltr'>φιλόδωρον</span> <span class='ocrx_word' id='word_1_281' title='bbox 549 1843 679 1879; x_wconf 79' lang='grc' dir='ltr'>ὕμνησον,</span> <span class='ocrx_word' id='word_1_282' title='bbox 704 1844 750 1869; x_wconf 78' lang='grc' dir='ltr'><strong>καὶ</strong></span> <span class='ocrx_word' id='word_1_283' title='bbox 773 1843 906 1877; x_wconf 86' lang='grc' dir='ltr'>μεγίστην</span> 
     </span>
    </p>
   </div>
   <div class='ocr_carea' id='block_1_42' title="bbox 120 1889 768 1926">
    <p class='ocr_par' dir='ltr' id='par_1_42' title="bbox 120 1889 768 1926">
     <span class='ocr_line' id='line_1_42' title="bbox 120 1889 768 1926; baseline -0.005 -9"><span class='ocrx_word' id='word_1_284' title='bbox 120 1891 136 1926; x_wconf 80' lang='grc' dir='ltr'><strong>ὴ</strong></span> <span class='ocrx_word' id='word_1_285' title='bbox 141 1891 185 1926; x_wconf 87' lang='grc' dir='ltr'>μίν</span> <span class='ocrx_word' id='word_1_286' title='bbox 201 1891 247 1917; x_wconf 79' lang='grc' dir='ltr'>καὶ</span> <span class='ocrx_word' id='word_1_287' title='bbox 258 1890 364 1925; x_wconf 84' lang='grc' dir='ltr'>θυμηρε</span> <span class='ocrx_word' id='word_1_288' title='bbox 369 1890 468 1924; x_wconf 81' lang='grc' dir='ltr'>στάτην</span> <span class='ocrx_word' id='word_1_289' title='bbox 482 1889 648 1924; x_wconf 81' lang='grc' dir='ltr'>προξένησον</span> <span class='ocrx_word' id='word_1_290' title='bbox 661 1889 768 1924; x_wconf 79' lang='grc' dir='ltr'>ἑορτήν.</span> 
     </span>
    </p>
   </div>
   <div class='ocr_carea' id='block_1_43' title="bbox 122 1977 905 2012">
    <p class='ocr_par' dir='ltr' id='par_1_43' title="bbox 122 1977 905 2012">
     <span class='ocr_line' id='line_1_43' title="bbox 122 1977 905 2012; baseline 0.001 -9"><span class='ocrx_word' id='word_1_291' title='bbox 122 1977 353 2009; x_wconf 76' lang='grc' dir='ltr'><strong>οΖ’.-Εὐλαλίῳ</strong></span> <span class='ocrx_word' id='word_1_292' title='bbox 362 1977 515 2009; x_wconf 79' lang='grc' dir='ltr'>ἐπισκόπῳ</span> <span class='ocrx_word' id='word_1_293' title='bbox 526 1977 578 2011; x_wconf 77' lang='grc' dir='ltr'>τῆς</span> <span class='ocrx_word' id='word_1_294' title='bbox 588 1977 736 2012; x_wconf 78' lang='grc' dir='ltr'>Περσικῆς</span> <span class='ocrx_word' id='word_1_295' title='bbox 743 1978 905 2012; x_wconf 76' lang='grc' dir='ltr'>Ἀρμενίας.</span> 
     </span>
    </p>
   </div>
   <div class='ocr_carea' id='block_1_44' title="bbox 159 2033 907 2070">
    <p class='ocr_par' dir='ltr' id='par_1_44' title="bbox 159 2033 907 2070">
     <span class='ocr_line' id='line_1_44' title="bbox 159 2033 907 2070; baseline 0.003 -11"><span class='ocrx_word' id='word_1_296' title='bbox 159 2033 266 2068; x_wconf 87' lang='grc' dir='ltr'>Ἔγνων</span> <span class='ocrx_word' id='word_1_297' title='bbox 300 2034 338 2066; x_wconf 84' lang='grc' dir='ltr'>ὡς</span> <span class='ocrx_word' id='word_1_298' title='bbox 363 2034 494 2070; x_wconf 78' lang='grc' dir='ltr'>ἐζήτησεν</span> <span class='ocrx_word' id='word_1_299' title='bbox 520 2035 534 2060; x_wconf 79' lang='grc' dir='ltr'><strong>ὁ</strong></span> <span class='ocrx_word' id='word_1_300' title='bbox 563 2035 684 2066; x_wconf 82' lang='grc' dir='ltr'>Σατανᾶς</span> <span class='ocrx_word' id='word_1_301' title='bbox 716 2035 832 2061; x_wconf 86' lang='grc' dir='ltr'>σινιάσαι</span> <span class='ocrx_word' id='word_1_302' title='bbox 861 2035 907 2061; x_wconf 66' lang='grc' dir='ltr'>καὶ</span> 
     </span>
    </p>
   </div>
   <div class='ocr_carea' id='block_1_45' title="bbox 123 2080 907 2116">
    <p class='ocr_par' dir='ltr' id='par_1_45' title="bbox 123 2080 907 2116">
     <span class='ocr_line' id='line_1_45' title="bbox 123 2080 907 2116; baseline 0.001 -10"><span class='ocrx_word' id='word_1_303' title='bbox 123 2080 194 2115; x_wconf 78' lang='grc' dir='ltr'>ὑμᾶς</span> <span class='ocrx_word' id='word_1_304' title='bbox 210 2080 247 2112; x_wconf 81' lang='grc' dir='ltr'>ὡς</span> <span class='ocrx_word' id='word_1_305' title='bbox 268 2080 312 2106; x_wconf 82' lang='grc' dir='ltr'><strong>τὸν</strong></span> <span class='ocrx_word' id='word_1_306' title='bbox 332 2081 414 2112; x_wconf 84' lang='grc' dir='ltr'>σῖτον,</span> <span class='ocrx_word' id='word_1_307' title='bbox 437 2080 483 2107; x_wconf 79' lang='grc' dir='ltr'><strong>καὶ</strong></span> <span class='ocrx_word' id='word_1_308' title='bbox 502 2080 649 2106; x_wconf 79' lang='grc' dir='ltr'>ὲνδέδωκεν</span> <span class='ocrx_word' id='word_1_309' title='bbox 664 2081 678 2107; x_wconf 72' lang='grc' dir='ltr'>ὁ</span> <span class='ocrx_word' id='word_1_310' title='bbox 695 2081 842 2116; x_wconf 79' lang='grc' dir='ltr'>Δεσπότης,</span> <span class='ocrx_word' id='word_1_311' title='bbox 864 2081 907 2108; x_wconf 85' lang='grc' dir='ltr'><strong>ἵνα</strong></span> 
     </span>
    </p>
   </div>
   <div class='ocr_carea' id='block_1_46' title="bbox 122 2125 907 2163">
    <p class='ocr_par' dir='ltr' id='par_1_46' title="bbox 122 2125 907 2163">
     <span class='ocr_line' id='line_1_46' title="bbox 122 2125 907 2163; baseline 0.001 -12"><span class='ocrx_word' id='word_1_312' title='bbox 122 2126 195 2161; x_wconf 71' lang='grc' dir='ltr'>δείξῃ</span> <span class='ocrx_word' id='word_1_313' title='bbox 210 2125 253 2152; x_wconf 74' lang='grc' dir='ltr'>τὸν</span> <span class='ocrx_word' id='word_1_314' title='bbox 270 2127 352 2157; x_wconf 85' lang='grc' dir='ltr'>σῖτον,</span> <span class='ocrx_word' id='word_1_315' title='bbox 373 2126 416 2152; x_wconf 81' lang='grc' dir='ltr'><strong>ἵνα</strong></span> <span class='ocrx_word' id='word_1_316' title='bbox 432 2126 477 2152; x_wconf 77' lang='grc' dir='ltr'>τὸν</span> <span class='ocrx_word' id='word_1_317' title='bbox 497 2126 596 2161; x_wconf 70' lang='grc' dir='ltr'>χρυσὸν</span> <span class='ocrx_word' id='word_1_318' title='bbox 618 2126 762 2163; x_wconf 81' lang='grc' dir='ltr'>δοκιμάσῃ,</span> <span class='ocrx_word' id='word_1_319' title='bbox 788 2127 831 2153; x_wconf 82' lang='grc' dir='ltr'>ἵνα</span> <span class='ocrx_word' id='word_1_320' title='bbox 844 2127 907 2158; x_wconf 76' lang='grc' dir='ltr'>τοὺς</span> 
     </span>
    </p>
   </div>
   <div class='ocr_carea' id='block_1_47' title="bbox 123 2170 907 2206">
    <p class='ocr_par' dir='ltr' id='par_1_47' title="bbox 123 2170 907 2206">
     <span class='ocr_line' id='line_1_47' title="bbox 123 2170 907 2206; baseline 0 -9"><span class='ocrx_word' id='word_1_321' title='bbox 123 2170 280 2203; x_wconf 71' lang='grc' dir='ltr'>δοξάζοντας</span> <span class='ocrx_word' id='word_1_322' title='bbox 313 2171 491 2205; x_wconf 80' lang='grc' dir='ltr'>ἁντιδοξάσῃ,</span> <span class='ocrx_word' id='word_1_323' title='bbox 527 2171 570 2197; x_wconf 71' lang='grc' dir='ltr'><strong>ἵνα</strong></span> <span class='ocrx_word' id='word_1_324' title='bbox 598 2171 661 2203; x_wconf 67' lang='grc' dir='ltr'>τοὺς</span> <span class='ocrx_word' id='word_1_325' title='bbox 700 2171 818 2206; x_wconf 78' lang='grc' dir='ltr'>ἀθλητὰς</span> <span class='ocrx_word' id='word_1_326' title='bbox 846 2180 907 2198; x_wconf 89' lang='grc' dir='ltr'>στε-</span> 
     </span>
    </p>
   </div>
   <div class='ocr_carea' id='block_1_48' title="bbox 124 2215 907 2253">
    <p class='ocr_par' dir='ltr' id='par_1_48' title="bbox 124 2215 907 2253">
     <span class='ocr_line' id='line_1_48' title="bbox 124 2215 907 2253; baseline 0.003 -11"><span class='ocrx_word' id='word_1_327' title='bbox 124 2215 256 2251; x_wconf 74' lang='grc' dir='ltr'>φανώσῃ,</span> <span class='ocrx_word' id='word_1_328' title='bbox 290 2217 334 2243; x_wconf 78' lang='grc' dir='ltr'>ἵνα</span> <span class='ocrx_word' id='word_1_329' title='bbox 366 2218 428 2248; x_wconf 74' lang='grc' dir='ltr'>τοὺς</span> <span class='ocrx_word' id='word_1_330' title='bbox 461 2217 590 2252; x_wconf 83' lang='grc' dir='ltr'>ἀριστέας</span> <span class='ocrx_word' id='word_1_331' title='bbox 622 2217 790 2253; x_wconf 76' lang='grc' dir='ltr'>ἀνακηρύξῃ.</span> <span class='ocrx_word' id='word_1_332' title='bbox 837 2217 907 2249; x_wconf 79' lang='grc' dir='ltr'><strong>Ἐγὼ</strong></span> 
     </span>
    </p>
   </div>
   <div class='ocr_carea' id='block_1_49' title="bbox 126 2263 908 2300">
    <p class='ocr_par' dir='ltr' id='par_1_49' title="bbox 126 2263 908 2300">
     <span class='ocr_line' id='line_1_49' title="bbox 126 2263 908 2300; baseline -0.001 -10"><span class='ocrx_word' id='word_1_333' title='bbox 126 2265 214 2300; x_wconf 81' lang='grc' dir='ltr'>μέντοι</span> <span class='ocrx_word' id='word_1_334' title='bbox 241 2264 313 2290; x_wconf 78' lang='grc' dir='ltr'>δέδια</span> <span class='ocrx_word' id='word_1_335' title='bbox 334 2264 380 2289; x_wconf 79' lang='grc' dir='ltr'>καὶ</span> <span class='ocrx_word' id='word_1_336' title='bbox 409 2263 523 2298; x_wconf 78' lang='grc' dir='ltr'>φρίττω,</span> <span class='ocrx_word' id='word_1_337' title='bbox 547 2263 576 2289; x_wconf 74' lang='grc' dir='ltr'><strong>οὐ</strong></span> <span class='ocrx_word' id='word_1_338' title='bbox 600 2264 664 2299; x_wconf 83' lang='grc' dir='ltr'>περὶ</span> <span class='ocrx_word' id='word_1_339' title='bbox 690 2263 766 2298; x_wconf 85' lang='grc' dir='ltr'>ὑμῶν</span> <span class='ocrx_word' id='word_1_340' title='bbox 785 2264 908 2298; x_wconf 82' lang='grc' dir='ltr'>ἀγωνιῶν</span> 
     </span>
    </p>
   </div>
   <div class='ocr_carea' id='block_1_50' title="bbox 125 2307 909 2343">
    <p class='ocr_par' dir='ltr' id='par_1_50' title="bbox 125 2307 909 2343">
     <span class='ocr_line' id='line_1_50' title="bbox 125 2307 909 2343; baseline 0 -8"><span class='ocrx_word' id='word_1_341' title='bbox 125 2309 178 2336; x_wconf 77' lang='grc' dir='ltr'>τῶν</span> <span class='ocrx_word' id='word_1_342' title='bbox 207 2309 335 2343; x_wconf 86' lang='grc' dir='ltr'>γενναίων</span> <span class='ocrx_word' id='word_1_343' title='bbox 373 2308 422 2343; x_wconf 79' lang='grc' dir='ltr'>τῆς</span> <span class='ocrx_word' id='word_1_344' title='bbox 456 2307 584 2342; x_wconf 76' lang='grc' dir='ltr'>ἀληθείας</span> <span class='ocrx_word' id='word_1_345' title='bbox 623 2309 799 2342; x_wconf 76' lang='grc' dir='ltr'>ἀγωνιστῶν,</span> <span class='ocrx_word' id='word_1_346' title='bbox 852 2309 909 2335; x_wconf 77' lang='grc' dir='ltr'>ἀλλ’</span> 
     </span>
    </p>
   </div>
   <div class='ocr_carea' id='block_1_51' title="bbox 126 2353 910 2389">
    <p class='ocr_par' dir='ltr' id='par_1_51' title="bbox 126 2353 910 2389">
     <span class='ocr_line' id='line_1_51' title="bbox 126 2353 910 2389; baseline 0 -8"><span class='ocrx_word' id='word_1_347' title='bbox 126 2354 202 2386; x_wconf 81' lang='grc' dir='ltr'>εἰδὼς</span> <span class='ocrx_word' id='word_1_348' title='bbox 212 2355 253 2381; x_wconf 83' lang='grc' dir='ltr'>ὅτι</span> <span class='ocrx_word' id='word_1_349' title='bbox 268 2353 411 2389; x_wconf 78' lang='grc' dir='ltr'>συμϐαίνει</span> <span class='ocrx_word' id='word_1_350' title='bbox 430 2355 477 2380; x_wconf 72' lang='grc' dir='ltr'>καὶ</span> <span class='ocrx_word' id='word_1_351' title='bbox 488 2353 681 2388; x_wconf 81' lang='grc' dir='ltr'>ἀσθενέστερον</span> <span class='ocrx_word' id='word_1_352' title='bbox 700 2354 851 2381; x_wconf 80' lang='grc' dir='ltr'>διακεῖσθαί</span> <span class='ocrx_word' id='word_1_353' title='bbox 867 2364 910 2381; x_wconf 85' lang='grc' dir='ltr'>τι-</span> 
     </span>
    </p>
   </div>
   <div class='ocr_carea' id='block_1_52' title="bbox 125 2398 909 2436">
    <p class='ocr_par' dir='ltr' id='par_1_52' title="bbox 125 2398 909 2436">
     <span class='ocr_line' id='line_1_52' title="bbox 125 2398 909 2436; baseline -0.003 -8"><span class='ocrx_word' id='word_1_354' title='bbox 125 2410 181 2432; x_wconf 78' lang='grc' dir='ltr'>νας.</span> <span class='ocrx_word' id='word_1_355' title='bbox 207 2401 239 2427; x_wconf 82' lang='lat' dir='ltr'><strong>El</strong></span> <span class='ocrx_word' id='word_1_356' title='bbox 261 2400 315 2435; x_wconf 85' lang='grc' dir='ltr'>γὰρ</span> <span class='ocrx_word' id='word_1_357' title='bbox 335 2401 363 2426; x_wconf 83' lang='grc' dir='ltr'>ὲν</span> <span class='ocrx_word' id='word_1_358' title='bbox 382 2399 541 2426; x_wconf 83' lang='grc' dir='ltr'>δυοκαίδεκα</span> <span class='ocrx_word' id='word_1_359' title='bbox 562 2400 720 2431; x_wconf 82' lang='grc' dir='ltr'>ἀποστόλοις</span> <span class='ocrx_word' id='word_1_360' title='bbox 746 2398 785 2432; x_wconf 71' lang='grc' dir='ltr'>εἷς</span> <span class='ocrx_word' id='word_1_361' title='bbox 811 2401 909 2436; x_wconf 81' lang='grc' dir='ltr'>εὑρέθη</span> 
     </span>
    </p>
   </div>
   <div class='ocr_carea' id='block_1_53' title="bbox 125 2446 906 2482">
    <p class='ocr_par' dir='ltr' id='par_1_53' title="bbox 125 2446 906 2482">
     <span class='ocr_line' id='line_1_53' title="bbox 125 2446 906 2482; baseline -0.001 -9"><span class='ocrx_word' id='word_1_362' title='bbox 125 2447 266 2482; x_wconf 75' lang='grc' dir='ltr'>προδότης,</span> <span class='ocrx_word' id='word_1_363' title='bbox 281 2446 392 2481; x_wconf 78' lang='grc' dir='ltr'>εὒδηλον</span> <span class='ocrx_word' id='word_1_364' title='bbox 409 2447 450 2473; x_wconf 81' lang='grc' dir='ltr'><strong>ὅτι</strong></span> <span class='ocrx_word' id='word_1_365' title='bbox 467 2447 497 2473; x_wconf 85' lang='grc' dir='ltr'><strong>ὲν</strong></span> <span class='ocrx_word' id='word_1_366' title='bbox 519 2446 730 2477; x_wconf 84' lang='grc' dir='ltr'>πολλαπλασίοις</span> <span class='ocrx_word' id='word_1_367' title='bbox 753 2446 906 2481; x_wconf 79' lang='grc' dir='ltr'>ἀνθρώποις</span> 
     </span>
    </p>
   </div>
   <div class='ocr_carea' id='block_1_54' title="bbox 125 2492 906 2528">
    <p class='ocr_par' dir='ltr' id='par_1_54' title="bbox 125 2492 906 2528">
     <span class='ocr_line' id='line_1_54' title="bbox 125 2492 906 2528; baseline -0.001 -9"><span class='ocrx_word' id='word_1_368' title='bbox 125 2494 233 2525; x_wconf 80' lang='grc' dir='ltr'>πλείους</span> <span class='ocrx_word' id='word_1_369' title='bbox 254 2492 329 2528; x_wconf 86' lang='grc' dir='ltr'>εὖροι</span> <span class='ocrx_word' id='word_1_370' title='bbox 353 2501 395 2524; x_wconf 85' lang='grc' dir='ltr'><strong>τις</strong></span> <span class='ocrx_word' id='word_1_371' title='bbox 417 2492 450 2518; x_wconf 79' lang='grc' dir='ltr'>ἂν</span> <span class='ocrx_word' id='word_1_372' title='bbox 468 2492 519 2527; x_wconf 82' lang='grc' dir='ltr'>τῆς</span> <span class='ocrx_word' id='word_1_373' title='bbox 541 2492 707 2526; x_wconf 82' lang='grc' dir='ltr'>τελειότητος</span> <span class='ocrx_word' id='word_1_374' title='bbox 729 2492 906 2523; x_wconf 81' lang='grc' dir='ltr'>ἀποδέοντας.</span> 
     </span>
    </p>
   </div>
   <div class='ocr_carea' id='block_1_55' title="bbox 125 2538 910 2574">
    <p class='ocr_par' dir='ltr' id='par_1_55' title="bbox 125 2538 910 2574">
     <span class='ocr_line' id='line_1_55' title="bbox 125 2538 910 2574; baseline 0 -9"><span class='ocrx_word' id='word_1_375' title='bbox 125 2540 214 2566; x_wconf 75' lang='grc' dir='ltr'>Ταῦτα</span> <span class='ocrx_word' id='word_1_376' title='bbox 231 2539 403 2574; x_wconf 82' lang='grc' dir='ltr'>λογιζόμενος</span> <span class='ocrx_word' id='word_1_377' title='bbox 421 2538 581 2574; x_wconf 81' lang='grc' dir='ltr'>συνεχύθην,</span> <span class='ocrx_word' id='word_1_378' title='bbox 597 2539 644 2565; x_wconf 71' lang='grc' dir='ltr'><strong>καὶ</strong></span> <span class='ocrx_word' id='word_1_379' title='bbox 660 2539 780 2573; x_wconf 76' lang='grc' dir='ltr'>ἀθυμίας</span> <span class='ocrx_word' id='word_1_380' title='bbox 796 2539 910 2574; x_wconf 70' lang='grc' dir='ltr'>ἐνεπλή-</span> 
     </span>
    </p>
   </div>
   <div class='ocr_carea' id='block_1_56' title="bbox 126 2582 910 2618">
    <p class='ocr_par' dir='ltr' id='par_1_56' title="bbox 126 2582 910 2618">
     <span class='ocr_line' id='line_1_56' title="bbox 126 2582 910 2618; baseline 0.003 -10"><span class='ocrx_word' id='word_1_381' title='bbox 126 2582 191 2617; x_wconf 78' lang='grc' dir='ltr'>σθην</span> <span class='ocrx_word' id='word_1_382' title='bbox 205 2583 313 2618; x_wconf 81' lang='grc' dir='ltr'>πολλῆς.</span> <span class='ocrx_word' id='word_1_383' title='bbox 345 2593 354 2609; x_wconf 74' lang='grc' dir='ltr'><strong>ί</strong></span> <span class='ocrx_word' id='word_1_384' title='bbox 374 2583 405 2609; x_wconf 83' lang='grc' dir='ltr'><strong>Εἰ</strong></span> <span class='ocrx_word' id='word_1_385' title='bbox 420 2583 473 2618; x_wconf 80' lang='grc' dir='ltr'>γὰρ</span> <span class='ocrx_word' id='word_1_386' title='bbox 489 2584 587 2618; x_wconf 81' lang='grc' dir='ltr'>πάσχει</span> <span class='ocrx_word' id='word_1_387' title='bbox 613 2583 642 2610; x_wconf 83' lang='grc' dir='ltr'>ἓν</span> <span class='ocrx_word' id='word_1_388' title='bbox 666 2583 755 2618; x_wconf 79' lang='grc' dir='ltr'>μέλος,</span> <span class='ocrx_word' id='word_1_389' title='bbox 774 2584 844 2610; x_wconf 77' lang='grc' dir='ltr'>κατὰ</span> <span class='ocrx_word' id='word_1_390' title='bbox 866 2584 910 2610; x_wconf 84' lang='grc' dir='ltr'><strong>τὸν</strong></span> 
     </span>
    </p>
   </div>
   <div class='ocr_carea' id='block_1_57' title="bbox 127 2627 909 2665">
    <p class='ocr_par' dir='ltr' id='par_1_57' title="bbox 127 2627 909 2665">
     <span class='ocr_line' id='line_1_57' title="bbox 127 2627 909 2665; baseline 0.004 -13"><span class='ocrx_word' id='word_1_391' title='bbox 127 2627 195 2653; x_wconf 78' lang='grc' dir='ltr'>θεῖιιν</span> <span class='ocrx_word' id='word_1_392' title='bbox 212 2628 381 2661; x_wconf 70' lang='grc' dir='ltr'>Ἀπόστολον,</span> <span class='ocrx_word' id='word_1_393' title='bbox 398 2630 553 2664; x_wconf 73' lang='grc' dir='ltr'>συμπάσχει</span> <span class='ocrx_word' id='word_1_394' title='bbox 569 2629 657 2655; x_wconf 74' lang='grc' dir='ltr'>πάντα</span> <span class='ocrx_word' id='word_1_395' title='bbox 671 2630 703 2655; x_wconf 72' lang='grc' dir='ltr'>τὰ</span> <span class='ocrx_word' id='word_1_396' title='bbox 715 2629 795 2664; x_wconf 78' lang='grc' dir='ltr'>μέλη.</span> <span class='ocrx_word' id='word_1_397' title='bbox 811 2639 819 2655; x_wconf 75' lang='grc' dir='ltr'><strong>ι</strong></span> <span class='ocrx_word' id='word_1_398' title='bbox 834 2630 909 2665; x_wconf 84' lang='grc' dir='ltr'>Μέλη</span> 
     </span>
    </p>
   </div>
   <div class='ocr_carea' id='block_1_58' title="bbox 127 2673 909 2710">
    <p class='ocr_par' dir='ltr' id='par_1_58' title="bbox 127 2673 909 2710">
     <span class='ocr_line' id='line_1_58' title="bbox 127 2673 909 2710; baseline 0.001 -11"><span class='ocrx_word' id='word_1_399' title='bbox 127 2674 152 2699; x_wconf 74' lang='grc' dir='ltr'>δὲ</span> <span class='ocrx_word' id='word_1_400' title='bbox 166 2673 286 2709; x_wconf 80' lang='grc' dir='ltr'>ἀλλήλων</span> <span class='ocrx_word' id='word_1_401' title='bbox 299 2675 392 2710; x_wconf 82' lang='grc' dir='ltr'>ἐσμὲν,</span> <span class='ocrx_word' id='word_1_402' title='bbox 407 2675 453 2702; x_wconf 75' lang='grc' dir='ltr'>καὶ</span> <span class='ocrx_word' id='word_1_403' title='bbox 466 2676 505 2707; x_wconf 79' lang='grc' dir='ltr'><strong>είς</strong></span> <span class='ocrx_word' id='word_1_404' title='bbox 517 2675 546 2701; x_wconf 86' lang='grc' dir='ltr'>ἒν</span> <span class='ocrx_word' id='word_1_405' title='bbox 559 2675 639 2710; x_wconf 78' lang='grc' dir='ltr'>σῶμα</span> <span class='ocrx_word' id='word_1_406' title='bbox 662 2675 803 2710; x_wconf 72' lang='grc' dir='ltr'>τελοῦμεν,</span> <span class='ocrx_word' id='word_1_407' title='bbox 824 2684 909 2710; x_wconf 82' lang='grc' dir='ltr'>κεφα-</span> 
     </span>
    </p>
   </div>
   <div class='ocr_carea' id='block_1_59' title="bbox 128 2718 909 2756">
    <p class='ocr_par' dir='ltr' id='par_1_59' title="bbox 128 2718 909 2756">
     <span class='ocr_line' id='line_1_59' title="bbox 128 2718 909 2756; baseline 0.004 -12"><span class='ocrx_word' id='word_1_408' title='bbox 128 2718 175 2753; x_wconf 79' lang='grc' dir='ltr'><strong>λὴν</strong></span> <span class='ocrx_word' id='word_1_409' title='bbox 198 2719 304 2754; x_wconf 72' lang='grc' dir='ltr'>ἔχοντες</span> <span class='ocrx_word' id='word_1_410' title='bbox 321 2721 365 2746; x_wconf 69' lang='grc' dir='ltr'><strong>τὸν</strong></span> <span class='ocrx_word' id='word_1_411' title='bbox 387 2721 524 2755; x_wconf 81' lang='grc' dir='ltr'>Δεσπότην</span> <span class='ocrx_word' id='word_1_412' title='bbox 547 2721 672 2755; x_wconf 71' lang='grc' dir='ltr'>Χριστὸν.</span> <span class='ocrx_word' id='word_1_413' title='bbox 692 2721 763 2746; x_wconf 85' lang='grc' dir='ltr'>Μίαν</span> <span class='ocrx_word' id='word_1_414' title='bbox 783 2720 811 2747; x_wconf 80' lang='grc' dir='ltr'><strong>δὲ</strong></span> <span class='ocrx_word' id='word_1_415' title='bbox 835 2721 909 2756; x_wconf 73' lang='grc' dir='ltr'>ὅμως</span> 
     </span>
    </p>
   </div>
   <div class='ocr_carea' id='block_1_60' title="bbox 128 2764 910 2801">
    <p class='ocr_par' dir='ltr' id='par_1_60' title="bbox 128 2764 910 2801">
     <span class='ocr_line' id='line_1_60' title="bbox 128 2764 910 2801; baseline 0.003 -10"><span class='ocrx_word' id='word_1_416' title='bbox 128 2765 138 2791; x_wconf 75' lang='grc' dir='ltr'>ἔ</span> <span class='ocrx_word' id='word_1_417' title='bbox 144 2773 180 2798; x_wconf 61' lang='grc' dir='ltr'>ιω</span> <span class='ocrx_word' id='word_1_418' title='bbox 191 2765 245 2799; x_wconf 74' lang='lat' dir='ltr'><strong>(5H)</strong></span> <span class='ocrx_word' id='word_1_419' title='bbox 256 2764 301 2790; x_wconf 81' lang='grc' dir='ltr'>τοῦ</span> <span class='ocrx_word' id='word_1_420' title='bbox 313 2765 413 2796; x_wconf 74' lang='grc' dir='ltr'>πάθους</span> <span class='ocrx_word' id='word_1_421' title='bbox 423 2765 649 2801; x_wconf 68' lang='grc' dir='ltr'>παραψυχὴν,τὴν</span> <span class='ocrx_word' id='word_1_422' title='bbox 658 2765 792 2801; x_wconf 80' lang='grc' dir='ltr'>ὑμετέραν</span> <span class='ocrx_word' id='word_1_423' title='bbox 800 2767 840 2797; x_wconf 70' lang='grc' dir='ltr'>εἰς</span> <span class='ocrx_word' id='word_1_424' title='bbox 848 2766 910 2794; x_wconf 84' lang='grc' dir='ltr'>νοῦν</span> 
     </span>
    </p>
   </div>
   <div class='ocr_carea' id='block_1_61' title="bbox 163 2822 676 2856">
    <p class='ocr_par' dir='ltr' id='par_1_61' title="bbox 163 2822 676 2856">
     <span class='ocr_line' id='line_1_61' title="bbox 163 2822 676 2856; baseline -0.002 -6"><span class='ocrx_word' id='word_1_425' title='bbox 163 2824 183 2839; x_wconf 80' lang='grc'><strong>¹⁵¹</strong></span> <span class='ocrx_word' id='word_1_426' title='bbox 202 2823 292 2850; x_wconf 81' lang='lat' dir='ltr'><strong>lTim.</strong></span> <span class='ocrx_word' id='word_1_427' title='bbox 308 2831 335 2855; x_wconf 82' lang='lat' dir='ltr'><strong>II,</strong></span> <span class='ocrx_word' id='word_1_428' title='bbox 347 2823 372 2850; x_wconf 71' lang='lat'><strong>4.</strong></span> <span class='ocrx_word' id='word_1_429' title='bbox 411 2822 432 2838; x_wconf 79' lang='grc'><strong>¹⁵¹</strong></span> <span class='ocrx_word' id='word_1_430' title='bbox 445 2823 560 2850; x_wconf 74' lang='grc' dir='ltr'>Βιιιίιι·11.</span> <span class='ocrx_word' id='word_1_431' title='bbox 581 2831 618 2856; x_wconf 83' lang='grc' dir='ltr'>ιιι,</span> <span class='ocrx_word' id='word_1_432' title='bbox 633 2824 676 2851; x_wconf 78' lang='grc'><strong>58.</strong></span> 
     </span>
    </p>
   </div>
   <div class='ocr_carea' id='block_1_62' title="bbox 163 2869 409 2906">
    <p class='ocr_par' dir='ltr' id='par_1_62' title="bbox 163 2869 409 2906">
     <span class='ocr_line' id='line_1_62' title="bbox 163 2869 409 2906; baseline -0.008 -9"><span class='ocrx_word' id='word_1_433' title='bbox 163 2870 218 2906; x_wconf 63' lang='grc'><strong>(50)</strong></span> <span class='ocrx_word' id='word_1_434' title='bbox 236 2870 313 2905; x_wconf 75' lang='grc' dir='ltr'>ἔσχον</span> <span class='ocrx_word' id='word_1_435' title='bbox 326 2869 409 2904; x_wconf 78' lang='lat' dir='ltr'><strong>Neap.</strong></span> 
     </span>
    </p>
   </div>
   <div class='ocr_carea' id='block_1_63' title="bbox 717 2823 978 2858">
    <p class='ocr_par' dir='ltr' id='par_1_63' title="bbox 717 2823 978 2858">
     <span class='ocr_line' id='line_1_63' title="bbox 717 2823 978 2858; baseline 0.011 -8"><span class='ocrx_word' id='word_1_436' title='bbox 717 2824 738 2839; x_wconf 76' lang='grc'><strong>’⁵³</strong></span> <span class='ocrx_word' id='word_1_437' title='bbox 759 2823 824 2850; x_wconf 85' lang='lat' dir='ltr'><strong>Luc.</strong></span> <span class='ocrx_word' id='word_1_438' title='bbox 854 2833 917 2858; x_wconf 68' lang='lat' dir='ltr'><strong>nu,</strong></span> <span class='ocrx_word' id='word_1_439' title='bbox 935 2826 978 2854; x_wconf 75' lang='lat' dir='ltr'><strong>3L</strong></span> 
     </span>
    </p>
   </div>
   <div class='ocr_carea' id='block_1_64' title="bbox 949 249 1736 286">
    <p class='ocr_par' dir='ltr' id='par_1_64' title="bbox 949 249 1736 286">
     <span class='ocr_line' id='line_1_64' title="bbox 949 249 1736 286; baseline 0.005 -10"><span class='ocrx_word' id='word_1_440' title='bbox 949 249 1048 276; x_wconf 91' lang='lat' dir='ltr'><strong>simum</strong></span> <span class='ocrx_word' id='word_1_441' title='bbox 1062 251 1164 285; x_wconf 79' lang='lat' dir='ltr'><strong>ingenti</strong></span> <span class='ocrx_word' id='word_1_442' title='bbox 1175 251 1274 285; x_wconf 86' lang='lat' dir='ltr'><strong>gaudio</strong></span> <span class='ocrx_word' id='word_1_443' title='bbox 1288 251 1385 286; x_wconf 94' lang='lat' dir='ltr'><strong>repleti</strong></span> <span class='ocrx_word' id='word_1_444' title='bbox 1401 259 1507 284; x_wconf 92' lang='lat' dir='ltr'><strong>sumus,</strong></span> <span class='ocrx_word' id='word_1_445' title='bbox 1526 259 1588 279; x_wconf 86' lang='lat' dir='ltr'><strong>eum</strong></span> <span class='ocrx_word' id='word_1_446' title='bbox 1611 253 1638 280; x_wconf 81' lang='lat' dir='ltr'><strong>id</strong></span> <span class='ocrx_word' id='word_1_447' title='bbox 1663 253 1736 280; x_wconf 90' lang='lat' dir='ltr'><strong>didi-</strong></span> 
     </span>
    </p>
   </div>
   <div class='ocr_carea' id='block_1_65' title="bbox 949 295 1738 330">
    <p class='ocr_par' dir='ltr' id='par_1_65' title="bbox 949 295 1738 330">
     <span class='ocr_line' id='line_1_65' title="bbox 949 295 1738 330; baseline 0.004 -8"><span class='ocrx_word' id='word_1_448' title='bbox 949 295 1069 323; x_wconf 85' lang='lat' dir='ltr'><strong>cerimus</strong></span> <span class='ocrx_word' id='word_1_449' title='bbox 1091 296 1164 330; x_wconf 90' lang='lat' dir='ltr'><strong>quod</strong></span> <span class='ocrx_word' id='word_1_450' title='bbox 1200 297 1308 324; x_wconf 61' lang='lat' dir='ltr'><strong>caneris</strong></span> <span class='ocrx_word' id='word_1_451' title='bbox 1334 297 1463 324; x_wconf 86' lang='lat' dir='ltr'><strong>omnibus</strong></span> <span class='ocrx_word' id='word_1_452' title='bbox 1492 298 1636 325; x_wconf 72' lang='lat' dir='ltr'><strong>amabilius</strong></span> <span class='ocrx_word' id='word_1_453' title='bbox 1659 299 1738 325; x_wconf 84' lang='lat' dir='ltr'><strong>nobis</strong></span> 
     </span>
    </p>
   </div>
   <div class='ocr_carea' id='block_1_66' title="bbox 949 341 1736 378">
    <p class='ocr_par' dir='ltr' id='par_1_66' title="bbox 949 341 1736 378">
     <span class='ocr_line' id='line_1_66' title="bbox 949 341 1736 378; baseline 0.004 -10"><span class='ocrx_word' id='word_1_454' title='bbox 949 345 1019 368; x_wconf 86' lang='lat' dir='ltr'><strong>erat.</strong></span> <span class='ocrx_word' id='word_1_455' title='bbox 1045 341 1115 374; x_wconf 88' lang='lat' dir='ltr'><strong>Quid</strong></span> <span class='ocrx_word' id='word_1_456' title='bbox 1136 342 1210 369; x_wconf 88' lang='lat' dir='ltr'><strong>enim</strong></span> <span class='ocrx_word' id='word_1_457' title='bbox 1229 342 1320 375; x_wconf 89' lang='lat' dir='ltr'><strong>nobis,</strong></span> <span class='ocrx_word' id='word_1_458' title='bbox 1349 343 1391 369; x_wconf 83' lang='lat' dir='ltr'><strong>vir</strong></span> <span class='ocrx_word' id='word_1_459' title='bbox 1404 344 1517 378; x_wconf 91' lang='lat' dir='ltr'><strong>optime,</strong></span> <span class='ocrx_word' id='word_1_460' title='bbox 1532 344 1736 378; x_wconf 81' lang='lat' dir='ltr'><strong>sitjucundius,</strong></span> 
     </span>
    </p>
   </div>
   <div class='ocr_carea' id='block_1_67' title="bbox 949 387 1738 423">
    <p class='ocr_par' dir='ltr' id='par_1_67' title="bbox 949 387 1738 423">
     <span class='ocr_line' id='line_1_67' title="bbox 949 387 1738 423; baseline 0.004 -10"><span class='ocrx_word' id='word_1_461' title='bbox 949 394 1031 421; x_wconf 91' lang='lat' dir='ltr'><strong>quam</strong></span> <span class='ocrx_word' id='word_1_462' title='bbox 1058 387 1223 415; x_wconf 81' lang='lat' dir='ltr'><strong>laudabilem</strong></span> <span class='ocrx_word' id='word_1_463' title='bbox 1247 389 1366 423; x_wconf 78' lang='lat' dir='ltr'><strong>animam</strong></span> <span class='ocrx_word' id='word_1_464' title='bbox 1390 392 1462 415; x_wconf 91' lang='lat' dir='ltr'><strong>tuam</strong></span> <span class='ocrx_word' id='word_1_465' title='bbox 1489 389 1609 416; x_wconf 65' lang='lat' dir='ltr'><strong>scientia:</strong></span> <span class='ocrx_word' id='word_1_466' title='bbox 1635 390 1738 416; x_wconf 87' lang='lat' dir='ltr'><strong>lumine</strong></span> 
     </span>
    </p>
   </div>
   <div class='ocr_carea' id='block_1_68' title="bbox 950 432 1739 469">
    <p class='ocr_par' dir='ltr' id='par_1_68' title="bbox 950 432 1739 469">
     <span class='ocr_line' id='line_1_68' title="bbox 950 432 1739 469; baseline 0.004 -11"><span class='ocrx_word' id='word_1_467' title='bbox 950 432 1113 459; x_wconf 85' lang='lat' dir='ltr'><strong>illustratam</strong></span> <span class='ocrx_word' id='word_1_468' title='bbox 1131 433 1278 460; x_wconf 81' lang='lat' dir='ltr'><strong>contueri?</strong></span> <span class='ocrx_word' id='word_1_469' title='bbox 1296 433 1364 460; x_wconf 87' lang='lat' dir='ltr'><strong>Eum</strong></span> <span class='ocrx_word' id='word_1_470' title='bbox 1380 433 1491 468; x_wconf 85' lang='lat' dir='ltr'><strong>quippe,</strong></span> <span class='ocrx_word' id='word_1_471' title='bbox 1516 434 1563 468; x_wconf 86' lang='lat' dir='ltr'><strong>qui</strong></span> <span class='ocrx_word' id='word_1_472' title='bbox 1593 434 1739 469; x_wconf 88' lang='lat' dir='ltr'><strong>multiplici</strong></span> 
     </span>
    </p>
   </div>
   <div class='ocr_carea' id='block_1_69' title="bbox 950 479 1739 514">
    <p class='ocr_par' dir='ltr' id='par_1_69' title="bbox 950 479 1739 514">
     <span class='ocr_line' id='line_1_69' title="bbox 950 479 1739 514; baseline 0.004 -10"><span class='ocrx_word' id='word_1_473' title='bbox 950 479 1060 506; x_wconf 87' lang='lat' dir='ltr'><strong>virtutis</strong></span> <span class='ocrx_word' id='word_1_474' title='bbox 1070 487 1170 513; x_wconf 84' lang='lat' dir='ltr'><strong>genere</strong></span> <span class='ocrx_word' id='word_1_475' title='bbox 1184 479 1218 506; x_wconf 90' lang='lat' dir='ltr'><strong>sit</strong></span> <span class='ocrx_word' id='word_1_476' title='bbox 1231 484 1353 512; x_wconf 89' lang='lat' dir='ltr'><strong>ornatus,</strong></span> <span class='ocrx_word' id='word_1_477' title='bbox 1369 487 1477 514; x_wconf 60' lang='lat' dir='ltr'><strong>aequum</strong></span> <span class='ocrx_word' id='word_1_478' title='bbox 1489 488 1633 507; x_wconf 83' lang='lat' dir='ltr'><strong>censemus</strong></span> <span class='ocrx_word' id='word_1_479' title='bbox 1650 481 1739 514; x_wconf 86' lang='lat' dir='ltr'><strong>ipsum</strong></span> 
     </span>
    </p>
   </div>
   <div class='ocr_carea' id='block_1_70' title="bbox 950 524 1739 561">
    <p class='ocr_par' dir='ltr' id='par_1_70' title="bbox 950 524 1739 561">
     <span class='ocr_line' id='line_1_70' title="bbox 950 524 1739 561; baseline 0 -10"><span class='ocrx_word' id='word_1_480' title='bbox 950 524 1035 551; x_wconf 86' lang='lat' dir='ltr'><strong>etiam</strong></span> <span class='ocrx_word' id='word_1_481' title='bbox 1063 524 1137 551; x_wconf 89' lang='lat' dir='ltr'><strong>illius</strong></span> <span class='ocrx_word' id='word_1_482' title='bbox 1163 525 1343 559; x_wconf 84' lang='lat' dir='ltr'><strong>colophoncm</strong></span> <span class='ocrx_word' id='word_1_483' title='bbox 1372 525 1531 561; x_wconf 84' lang='lat' dir='ltr'><strong>adjungere,</strong></span> <span class='ocrx_word' id='word_1_484' title='bbox 1547 525 1739 560; x_wconf 83' lang='lat' dir='ltr'><strong>credimusque</strong></span> 
     </span>
    </p>
   </div>
   <div class='ocr_carea' id='block_1_71' title="bbox 950 569 1739 604">
    <p class='ocr_par' dir='ltr' id='par_1_71' title="bbox 950 569 1739 604">
     <span class='ocr_line' id='line_1_71' title="bbox 950 569 1739 604; baseline -0.001 -8"><span class='ocrx_word' id='word_1_485' title='bbox 950 577 1001 596; x_wconf 87' lang='lat' dir='ltr'><strong>nos</strong></span> <span class='ocrx_word' id='word_1_486' title='bbox 1015 569 1088 604; x_wconf 90' lang='lat' dir='ltr'><strong>quod</strong></span> <span class='ocrx_word' id='word_1_487' title='bbox 1099 569 1225 604; x_wconf 78' lang='lat' dir='ltr'><strong>cupimus</strong></span> <span class='ocrx_word' id='word_1_488' title='bbox 1249 574 1456 604; x_wconf 82' lang='lat' dir='ltr'><strong>conspecturos.</strong></span> <span class='ocrx_word' id='word_1_489' title='bbox 1489 571 1496 580; x_wconf 86' lang='grc'><strong>·</strong></span> <span class='ocrx_word' id='word_1_490' title='bbox 1521 569 1641 604; x_wconf 81' lang='lat' dir='ltr'><strong>Arripiet</strong></span> <span class='ocrx_word' id='word_1_491' title='bbox 1666 570 1739 596; x_wconf 84' lang='lat' dir='ltr'><strong>enim</strong></span> 
     </span>
    </p>
   </div>
   <div class='ocr_carea' id='block_1_72' title="bbox 953 615 1740 650">
    <p class='ocr_par' dir='ltr' id='par_1_72' title="bbox 953 615 1740 650">
     <span class='ocr_line' id='line_1_72' title="bbox 953 615 1740 650; baseline 0 -9"><span class='ocrx_word' id='word_1_492' title='bbox 953 615 1026 642; x_wconf 87' lang='lat' dir='ltr'><strong>haud</strong></span> <span class='ocrx_word' id='word_1_493' title='bbox 1053 615 1135 642; x_wconf 88' lang='lat' dir='ltr'><strong>dubie</strong></span> <span class='ocrx_word' id='word_1_494' title='bbox 1159 620 1285 650; x_wconf 91' lang='lat' dir='ltr'><strong>prompto</strong></span> <span class='ocrx_word' id='word_1_495' title='bbox 1314 615 1404 642; x_wconf 89' lang='lat' dir='ltr'><strong>animo</strong></span> <span class='ocrx_word' id='word_1_496' title='bbox 1431 615 1540 642; x_wconf 84' lang='lat' dir='ltr'><strong>claritas</strong></span> <span class='ocrx_word' id='word_1_497' title='bbox 1555 619 1600 641; x_wconf 91' lang='lat' dir='ltr'><strong>tua</strong></span> <span class='ocrx_word' id='word_1_498' title='bbox 1617 615 1740 641; x_wconf 89' lang='lat' dir='ltr'><strong>divinum</strong></span> 
     </span>
    </p>
   </div>
   <div class='ocr_carea' id='block_1_73' title="bbox 952 659 1741 695">
    <p class='ocr_par' dir='ltr' id='par_1_73' title="bbox 952 659 1741 695">
     <span class='ocr_line' id='line_1_73' title="bbox 952 659 1741 695; baseline -0.001 -9"><span class='ocrx_word' id='word_1_499' title='bbox 952 660 1065 692; x_wconf 87' lang='lat' dir='ltr'><strong>donum,</strong></span> <span class='ocrx_word' id='word_1_500' title='bbox 1082 660 1220 695; x_wconf 76' lang='lat' dir='ltr'><strong>germanis</strong></span> <span class='ocrx_word' id='word_1_501' title='bbox 1232 659 1336 692; x_wconf 78' lang='lat' dir='ltr'><strong>amicis,</strong></span> <span class='ocrx_word' id='word_1_502' title='bbox 1353 660 1398 694; x_wconf 91' lang='lat' dir='ltr'><strong>qui</strong></span> <span class='ocrx_word' id='word_1_503' title='bbox 1420 660 1502 694; x_wconf 85' lang='lat' dir='ltr'><strong>hujus</strong></span> <span class='ocrx_word' id='word_1_504' title='bbox 1523 659 1741 694; x_wconf 89' lang='lat' dir='ltr'><strong>magnitudinem</strong></span> 
     </span>
    </p>
   </div>
   <div class='ocr_carea' id='block_1_74' title="bbox 952 705 1740 741">
    <p class='ocr_par' dir='ltr' id='par_1_74' title="bbox 952 705 1740 741">
     <span class='ocr_line' id='line_1_74' title="bbox 952 705 1740 741; baseline -0.003 -8"><span class='ocrx_word' id='word_1_505' title='bbox 952 707 1074 741; x_wconf 85' lang='lat' dir='ltr'><strong>apprime</strong></span> <span class='ocrx_word' id='word_1_506' title='bbox 1103 706 1206 739; x_wconf 82' lang='lat' dir='ltr'><strong>norint,</strong></span> <span class='ocrx_word' id='word_1_507' title='bbox 1235 705 1440 741; x_wconf 76' lang='lat' dir='ltr'><strong>instigantibus,</strong></span> <span class='ocrx_word' id='word_1_508' title='bbox 1471 709 1499 732; x_wconf 88' lang='lat' dir='ltr'><strong>et</strong></span> <span class='ocrx_word' id='word_1_509' title='bbox 1525 705 1557 732; x_wconf 91' lang='lat' dir='ltr'><strong>ad</strong></span> <span class='ocrx_word' id='word_1_510' title='bbox 1581 705 1740 732; x_wconf 79' lang='lat' dir='ltr'><strong>muniﬁcum</strong></span> 
     </span>
    </p>
   </div>
   <div class='ocr_carea' id='block_1_75' title="bbox 952 750 1742 786">
    <p class='ocr_par' dir='ltr' id='par_1_75' title="bbox 952 750 1742 786">
     <span class='ocr_line' id='line_1_75' title="bbox 952 750 1742 786; baseline -0.003 -7"><span class='ocrx_word' id='word_1_511' title='bbox 952 752 1076 779; x_wconf 83' lang='lat' dir='ltr'><strong>datorem</strong></span> <span class='ocrx_word' id='word_1_512' title='bbox 1090 752 1175 778; x_wconf 90' lang='lat' dir='ltr'><strong>Deum</strong></span> <span class='ocrx_word' id='word_1_513' title='bbox 1191 751 1401 784; x_wconf 86' lang='lat' dir='ltr'><strong>deducentibus,</strong></span> <span class='ocrx_word' id='word_1_514' title='bbox 1415 751 1462 786; x_wconf 91' lang='lat' dir='ltr'><strong>qui</strong></span> <span class='ocrx_word' id='word_1_515' title='bbox 1479 761 1488 777; x_wconf 86' lang='grc'><strong><em>‹</em></strong></span> <span class='ocrx_word' id='word_1_516' title='bbox 1506 759 1602 778; x_wconf 82' lang='lat' dir='ltr'><strong>omnes</strong></span> <span class='ocrx_word' id='word_1_517' title='bbox 1614 750 1742 777; x_wconf 88' lang='lat' dir='ltr'><strong>homines</strong></span> 
     </span>
    </p>
   </div>
   <div class='ocr_carea' id='block_1_76' title="bbox 951 796 1741 831">
    <p class='ocr_par' dir='ltr' id='par_1_76' title="bbox 951 796 1741 831">
     <span class='ocr_line' id='line_1_76' title="bbox 951 796 1741 831; baseline -0.004 -7"><span class='ocrx_word' id='word_1_518' title='bbox 951 798 1011 825; x_wconf 85' lang='lat' dir='ltr'><strong>vult</strong></span> <span class='ocrx_word' id='word_1_519' title='bbox 1033 798 1123 824; x_wconf 78' lang='lat' dir='ltr'><strong>salvos</strong></span> <span class='ocrx_word' id='word_1_520' title='bbox 1149 797 1219 830; x_wconf 84' lang='lat' dir='ltr'><strong>ﬁeri,</strong></span> <span class='ocrx_word' id='word_1_521' title='bbox 1249 802 1277 824; x_wconf 89' lang='lat' dir='ltr'><strong>et</strong></span> <span class='ocrx_word' id='word_1_522' title='bbox 1301 797 1335 823; x_wconf 88' lang='lat' dir='ltr'><strong>ad</strong></span> <span class='ocrx_word' id='word_1_523' title='bbox 1361 797 1527 831; x_wconf 82' lang='lat' dir='ltr'><strong>agnitionem</strong></span> <span class='ocrx_word' id='word_1_524' title='bbox 1551 796 1676 823; x_wconf 84' lang='lat' dir='ltr'><strong>veritatis</strong></span> <span class='ocrx_word' id='word_1_525' title='bbox 1692 803 1741 822; x_wconf 78' lang='lat' dir='ltr'><strong>ve-</strong></span> 
     </span>
    </p>
   </div>
   <div class='ocr_carea' id='block_1_77' title="bbox 953 841 1742 879">
    <p class='ocr_par' dir='ltr' id='par_1_77' title="bbox 953 841 1742 879">
     <span class='ocr_line' id='line_1_77' title="bbox 953 841 1742 879; baseline -0.003 -10"><span class='ocrx_word' id='word_1_526' title='bbox 953 844 1014 870; x_wconf 89' lang='lat' dir='ltr'><strong>nire</strong></span> <span class='ocrx_word' id='word_1_527' title='bbox 1030 843 1071 869; x_wconf 76' lang='lat' dir='ltr'><strong>“z</strong></span> <span class='ocrx_word' id='word_1_528' title='bbox 1088 852 1097 868; x_wconf 75' lang='grc' dir='ltr'><strong>ι</strong></span> <span class='ocrx_word' id='word_1_529' title='bbox 1117 843 1165 879; x_wconf 84' lang='lat' dir='ltr'><strong>qui</strong></span> <span class='ocrx_word' id='word_1_530' title='bbox 1194 841 1337 869; x_wconf 87' lang='lat' dir='ltr'><strong>hominum</strong></span> <span class='ocrx_word' id='word_1_531' title='bbox 1358 849 1442 877; x_wconf 91' lang='lat' dir='ltr'><strong>opera</strong></span> <span class='ocrx_word' id='word_1_532' title='bbox 1469 841 1594 868; x_wconf 81' lang='lat' dir='ltr'><strong>homines</strong></span> <span class='ocrx_word' id='word_1_533' title='bbox 1620 841 1742 876; x_wconf 84' lang='lat' dir='ltr'><strong>piscatur</strong></span> 
     </span>
    </p>
   </div>
   <div class='ocr_carea' id='block_1_78' title="bbox 953 887 1742 922">
    <p class='ocr_par' dir='ltr' id='par_1_78' title="bbox 953 887 1742 922">
     <span class='ocr_line' id='line_1_78' title="bbox 953 887 1742 922; baseline -0.004 -7"><span class='ocrx_word' id='word_1_534' title='bbox 953 888 986 915; x_wconf 89' lang='lat' dir='ltr'><strong>ad</strong></span> <span class='ocrx_word' id='word_1_535' title='bbox 1011 888 1138 920; x_wconf 75' lang='lat' dir='ltr'><strong>salutent,</strong></span> <span class='ocrx_word' id='word_1_536' title='bbox 1165 888 1198 915; x_wconf 90' lang='lat' dir='ltr'><strong>ad</strong></span> <span class='ocrx_word' id='word_1_537' title='bbox 1218 887 1288 914; x_wconf 89' lang='lat' dir='ltr'><strong>senii</strong></span> <span class='ocrx_word' id='word_1_538' title='bbox 1311 891 1451 922; x_wconf 75' lang='lat' dir='ltr'><strong>expertem</strong></span> <span class='ocrx_word' id='word_1_539' title='bbox 1467 887 1549 913; x_wconf 87' lang='lat' dir='ltr'><strong>vitam</strong></span> <span class='ocrx_word' id='word_1_540' title='bbox 1568 890 1662 920; x_wconf 88' lang='lat' dir='ltr'><strong>captos</strong></span> <span class='ocrx_word' id='word_1_541' title='bbox 1679 893 1742 920; x_wconf 86' lang='lat' dir='ltr'><strong>per—</strong></span> 
     </span>
    </p>
   </div>
   <div class='ocr_carea' id='block_1_79' title="bbox 953 932 1743 966">
    <p class='ocr_par' dir='ltr' id='par_1_79' title="bbox 953 932 1743 966">
     <span class='ocr_line' id='line_1_79' title="bbox 953 932 1743 966; baseline -0.005 -4"><span class='ocrx_word' id='word_1_542' title='bbox 953 935 1067 962; x_wconf 87' lang='lat' dir='ltr'><strong>ducens.</strong></span> <span class='ocrx_word' id='word_1_543' title='bbox 1096 934 1215 961; x_wconf 89' lang='lat' dir='ltr'><strong>Piscium</strong></span> <span class='ocrx_word' id='word_1_544' title='bbox 1235 933 1309 961; x_wconf 89' lang='lat' dir='ltr'><strong>enim</strong></span> <span class='ocrx_word' id='word_1_545' title='bbox 1335 937 1450 961; x_wconf 78' lang='lat' dir='ltr'><strong>venator</strong></span> <span class='ocrx_word' id='word_1_546' title='bbox 1477 933 1533 959; x_wconf 88' lang='lat' dir='ltr'><strong>vita</strong></span> <span class='ocrx_word' id='word_1_547' title='bbox 1556 932 1646 966; x_wconf 85' lang='lat' dir='ltr'><strong>privat</strong></span> <span class='ocrx_word' id='word_1_548' title='bbox 1673 939 1743 966; x_wconf 86' lang='lat' dir='ltr'><strong>quos</strong></span> 
     </span>
    </p>
   </div>
   <div class='ocr_carea' id='block_1_80' title="bbox 954 975 1743 1015">
    <p class='ocr_par' dir='ltr' id='par_1_80' title="bbox 954 975 1743 1015">
     <span class='ocr_line' id='line_1_80' title="bbox 954 975 1743 1015; baseline -0.005 -9"><span class='ocrx_word' id='word_1_549' title='bbox 954 980 1027 1015; x_wconf 89' lang='lat' dir='ltr'><strong>capit</strong></span> <span class='ocrx_word' id='word_1_550' title='bbox 1045 988 1052 1006; x_wconf 89' lang='lat'><strong>:</strong></span> <span class='ocrx_word' id='word_1_551' title='bbox 1070 984 1097 1006; x_wconf 91' lang='lat' dir='ltr'><strong>at</strong></span> <span class='ocrx_word' id='word_1_552' title='bbox 1114 975 1234 1014; x_wconf 72' lang='lat' dir='ltr'><strong>piscator</strong></span> <span class='ocrx_word' id='word_1_553' title='bbox 1255 983 1351 1006; x_wconf 77' lang='lat' dir='ltr'><strong>noster</strong></span> <span class='ocrx_word' id='word_1_554' title='bbox 1373 986 1442 1013; x_wconf 88' lang='lat' dir='ltr'><strong>quos</strong></span> <span class='ocrx_word' id='word_1_555' title='bbox 1471 978 1577 1012; x_wconf 76' lang='lat'><strong>1126</strong></span> <span class='ocrx_word' id='word_1_556' title='bbox 1596 977 1674 1003; x_wconf 82' lang='lat' dir='ltr'><strong>vivos</strong></span> <span class='ocrx_word' id='word_1_557' title='bbox 1697 984 1743 1003; x_wconf 88' lang='lat' dir='ltr'><strong>ce-</strong></span> 
     </span>
    </p>
   </div>
   <div class='ocr_carea' id='block_1_81' title="bbox 953 1022 1742 1062">
    <p class='ocr_par' dir='ltr' id='par_1_81' title="bbox 953 1022 1742 1062">
     <span class='ocr_line' id='line_1_81' title="bbox 953 1022 1742 1062; baseline -0.006 -8"><span class='ocrx_word' id='word_1_558' title='bbox 953 1027 1036 1062; x_wconf 89' lang='lat' dir='ltr'><strong>perit,</strong></span> <span class='ocrx_word' id='word_1_559' title='bbox 1054 1027 1088 1053; x_wconf 88' lang='lat' dir='ltr'><strong>ab</strong></span> <span class='ocrx_word' id='word_1_560' title='bbox 1102 1026 1202 1053; x_wconf 89' lang='lat' dir='ltr'><strong>amaris</strong></span> <span class='ocrx_word' id='word_1_561' title='bbox 1213 1026 1309 1053; x_wconf 88' lang='lat' dir='ltr'><strong>mortis</strong></span> <span class='ocrx_word' id='word_1_562' title='bbox 1327 1025 1444 1052; x_wconf 91' lang='lat' dir='ltr'><strong>vinculis</strong></span> <span class='ocrx_word' id='word_1_563' title='bbox 1459 1024 1567 1051; x_wconf 83' lang='lat' dir='ltr'><strong>liberat.</strong></span> <span class='ocrx_word' id='word_1_564' title='bbox 1589 1022 1675 1058; x_wconf 81' lang='lat' dir='ltr'><strong>Hujus</strong></span> <span class='ocrx_word' id='word_1_565' title='bbox 1702 1023 1742 1049; x_wconf 91' lang='lat' dir='ltr'><strong>rei</strong></span> 
     </span>
    </p>
   </div>
   <div class='ocr_carea' id='block_1_82' title="bbox 954 1067 1744 1105">
    <p class='ocr_par' dir='ltr' id='par_1_82' title="bbox 954 1067 1744 1105">
     <span class='ocr_line' id='line_1_82' title="bbox 954 1067 1744 1105; baseline -0.004 -9"><span class='ocrx_word' id='word_1_566' title='bbox 954 1070 1039 1105; x_wconf 86' lang='lat' dir='ltr'><strong>gratia</strong></span> <span class='ocrx_word' id='word_1_567' title='bbox 1048 1079 1063 1094; x_wconf 51' lang='grc' dir='ltr'><strong>ς(</strong></span> <span class='ocrx_word' id='word_1_568' title='bbox 1079 1070 1106 1096; x_wconf 92' lang='lat' dir='ltr'><strong>in</strong></span> <span class='ocrx_word' id='word_1_569' title='bbox 1119 1070 1201 1096; x_wconf 90' lang='lat' dir='ltr'><strong>terris</strong></span> <span class='ocrx_word' id='word_1_570' title='bbox 1214 1069 1290 1096; x_wconf 91' lang='lat' dir='ltr'><strong>visus</strong></span> <span class='ocrx_word' id='word_1_571' title='bbox 1305 1073 1356 1102; x_wconf 82' lang='lat' dir='ltr'><strong>est,</strong></span> <span class='ocrx_word' id='word_1_572' title='bbox 1377 1073 1404 1096; x_wconf 89' lang='lat' dir='ltr'><strong>et</strong></span> <span class='ocrx_word' id='word_1_573' title='bbox 1421 1076 1484 1095; x_wconf 92' lang='lat' dir='ltr'><strong>cum</strong></span> <span class='ocrx_word' id='word_1_574' title='bbox 1501 1067 1661 1094; x_wconf 88' lang='lat' dir='ltr'><strong>hominibus</strong></span> <span class='ocrx_word' id='word_1_575' title='bbox 1677 1075 1744 1094; x_wconf 90' lang='lat' dir='ltr'><strong>eon-</strong></span> 
     </span>
    </p>
   </div>
   <div class='ocr_carea' id='block_1_83' title="bbox 954 1112 1743 1149">
    <p class='ocr_par' dir='ltr' id='par_1_83' title="bbox 954 1112 1743 1149">
     <span class='ocr_line' id='line_1_83' title="bbox 954 1112 1743 1149; baseline -0.004 -8"><span class='ocrx_word' id='word_1_576' title='bbox 954 1118 1078 1142; x_wconf 83' lang='lat' dir='ltr'><strong>versatus</strong></span> <span class='ocrx_word' id='word_1_577' title='bbox 1095 1119 1137 1141; x_wconf 84' lang='lat' dir='ltr'><strong>est</strong></span> <span class='ocrx_word' id='word_1_578' title='bbox 1158 1114 1191 1147; x_wconf 76' lang='lat'><strong>&quot;,</strong></span> <span class='ocrx_word' id='word_1_579' title='bbox 1211 1123 1219 1140; x_wconf 73' lang='grc' dir='ltr'><strong>ι</strong></span> <span class='ocrx_word' id='word_1_580' title='bbox 1240 1118 1268 1141; x_wconf 86' lang='lat' dir='ltr'><strong>et</strong></span> <span class='ocrx_word' id='word_1_581' title='bbox 1281 1122 1330 1149; x_wconf 88' lang='lat' dir='ltr'><strong>per</strong></span> <span class='ocrx_word' id='word_1_582' title='bbox 1348 1114 1435 1141; x_wconf 88' lang='lat' dir='ltr'><strong>oculis</strong></span> <span class='ocrx_word' id='word_1_583' title='bbox 1451 1112 1599 1148; x_wconf 87' lang='lat' dir='ltr'><strong>expositam</strong></span> <span class='ocrx_word' id='word_1_584' title='bbox 1617 1112 1743 1139; x_wconf 86' lang='lat' dir='ltr'><strong>humani-</strong></span> 
     </span>
    </p>
   </div>
   <div class='ocr_carea' id='block_1_84' title="bbox 954 1159 1742 1193">
    <p class='ocr_par' dir='ltr' id='par_1_84' title="bbox 954 1159 1742 1193">
     <span class='ocr_line' id='line_1_84' title="bbox 954 1159 1742 1193; baseline -0.004 -6"><span class='ocrx_word' id='word_1_585' title='bbox 954 1165 1048 1193; x_wconf 81' lang='lat' dir='ltr'><strong>tatem,</strong></span> <span class='ocrx_word' id='word_1_586' title='bbox 1060 1160 1171 1187; x_wconf 85' lang='lat' dir='ltr'><strong>vitalem</strong></span> <span class='ocrx_word' id='word_1_587' title='bbox 1185 1160 1344 1187; x_wconf 89' lang='lat' dir='ltr'><strong>hominibus</strong></span> <span class='ocrx_word' id='word_1_588' title='bbox 1355 1160 1508 1187; x_wconf 80' lang='lat' dir='ltr'><strong>doctrinam</strong></span> <span class='ocrx_word' id='word_1_589' title='bbox 1522 1159 1623 1191; x_wconf 79' lang='lat' dir='ltr'><strong>attulit,</strong></span> <span class='ocrx_word' id='word_1_590' title='bbox 1648 1163 1675 1185; x_wconf 89' lang='lat' dir='ltr'><strong>et</strong></span> <span class='ocrx_word' id='word_1_591' title='bbox 1697 1166 1742 1184; x_wconf 84' lang='lat' dir='ltr'><strong>ra-</strong></span> 
     </span>
    </p>
   </div>
   <div class='ocr_carea' id='block_1_85' title="bbox 955 1203 1742 1241">
    <p class='ocr_par' dir='ltr' id='par_1_85' title="bbox 955 1203 1742 1241">
     <span class='ocr_line' id='line_1_85' title="bbox 955 1203 1742 1241; baseline -0.005 -8"><span class='ocrx_word' id='word_1_592' title='bbox 955 1207 1030 1233; x_wconf 80' lang='lat' dir='ltr'><strong>tione</strong></span> <span class='ocrx_word' id='word_1_593' title='bbox 1043 1205 1165 1241; x_wconf 65' lang='lat' dir='ltr'><strong>praaditis</strong></span> <span class='ocrx_word' id='word_1_594' title='bbox 1179 1210 1376 1240; x_wconf 79' lang='lat' dir='ltr'><strong>congruentem</strong></span> <span class='ocrx_word' id='word_1_595' title='bbox 1389 1204 1627 1232; x_wconf 83' lang='lat' dir='ltr'><strong>conversationem</strong></span> <span class='ocrx_word' id='word_1_596' title='bbox 1637 1203 1742 1238; x_wconf 84' lang='lat' dir='ltr'><strong>legibus</strong></span> 
     </span>
    </p>
   </div>
   <div class='ocr_carea' id='block_1_86' title="bbox 955 1249 1744 1286">
    <p class='ocr_par' dir='ltr' id='par_1_86' title="bbox 955 1249 1744 1286">
     <span class='ocr_line' id='line_1_86' title="bbox 955 1249 1744 1286; baseline -0.005 -8"><span class='ocrx_word' id='word_1_597' title='bbox 955 1252 1054 1284; x_wconf 78' lang='lat' dir='ltr'><strong>sanxit,</strong></span> <span class='ocrx_word' id='word_1_598' title='bbox 1068 1251 1194 1286; x_wconf 80' lang='lat' dir='ltr'><strong>legesque</strong></span> <span class='ocrx_word' id='word_1_599' title='bbox 1207 1251 1347 1278; x_wconf 86' lang='lat' dir='ltr'><strong>miraculis</strong></span> <span class='ocrx_word' id='word_1_600' title='bbox 1361 1250 1537 1281; x_wconf 85' lang='lat' dir='ltr'><strong>conﬁrmans,</strong></span> <span class='ocrx_word' id='word_1_601' title='bbox 1550 1249 1642 1276; x_wconf 88' lang='lat' dir='ltr'><strong>carnis</strong></span> <span class='ocrx_word' id='word_1_602' title='bbox 1655 1252 1744 1275; x_wconf 87' lang='lat' dir='ltr'><strong>morte</strong></span> 
     </span>
    </p>
   </div>
   <div class='ocr_carea' id='block_1_87' title="bbox 955 1294 1743 1329">
    <p class='ocr_par' dir='ltr' id='par_1_87' title="bbox 955 1294 1743 1329">
     <span class='ocr_line' id='line_1_87' title="bbox 955 1294 1743 1329; baseline -0.005 -5"><span class='ocrx_word' id='word_1_603' title='bbox 955 1302 1072 1324; x_wconf 85' lang='lat' dir='ltr'><strong>mortem</strong></span> <span class='ocrx_word' id='word_1_604' title='bbox 1096 1297 1243 1329; x_wconf 78' lang='lat' dir='ltr'><strong>destruxit,</strong></span> <span class='ocrx_word' id='word_1_605' title='bbox 1269 1299 1297 1324; x_wconf 89' lang='lat' dir='ltr'><strong>et</strong></span> <span class='ocrx_word' id='word_1_606' title='bbox 1314 1303 1423 1323; x_wconf 84' lang='lat' dir='ltr'><strong>carnem</strong></span> <span class='ocrx_word' id='word_1_607' title='bbox 1439 1296 1576 1322; x_wconf 88' lang='lat' dir='ltr'><strong>suscitans</strong></span> <span class='ocrx_word' id='word_1_608' title='bbox 1593 1294 1673 1322; x_wconf 88' lang='lat' dir='ltr'><strong>nobis</strong></span> <span class='ocrx_word' id='word_1_609' title='bbox 1684 1301 1743 1320; x_wconf 93' lang='lat' dir='ltr'><strong>om-</strong></span> 
     </span>
    </p>
   </div>
   <div class='ocr_carea' id='block_1_88' title="bbox 955 1340 1743 1378">
    <p class='ocr_par' dir='ltr' id='par_1_88' title="bbox 955 1340 1743 1378">
     <span class='ocr_line' id='line_1_88' title="bbox 955 1340 1743 1378; baseline -0.005 -8"><span class='ocrx_word' id='word_1_610' title='bbox 955 1344 1037 1371; x_wconf 90' lang='lat' dir='ltr'><strong>nibus</strong></span> <span class='ocrx_word' id='word_1_611' title='bbox 1047 1343 1275 1370; x_wconf 87' lang='lat' dir='ltr'><strong>resurrectionem</strong></span> <span class='ocrx_word' id='word_1_612' title='bbox 1298 1342 1436 1378; x_wconf 88' lang='lat' dir='ltr'><strong>promisit,</strong></span> <span class='ocrx_word' id='word_1_613' title='bbox 1455 1342 1583 1369; x_wconf 88' lang='lat' dir='ltr'><strong>idoneum</strong></span> <span class='ocrx_word' id='word_1_614' title='bbox 1609 1341 1679 1367; x_wconf 88' lang='lat' dir='ltr'><strong>dans</strong></span> <span class='ocrx_word' id='word_1_615' title='bbox 1703 1340 1743 1375; x_wconf 86' lang='lat' dir='ltr'><strong>pi-</strong></span> 
     </span>
    </p>
   </div>
   <div class='ocr_carea' id='block_1_89' title="bbox 955 1386 1742 1424">
    <p class='ocr_par' dir='ltr' id='par_1_89' title="bbox 955 1386 1742 1424">
     <span class='ocr_line' id='line_1_89' title="bbox 955 1386 1742 1424; baseline -0.004 -9"><span class='ocrx_word' id='word_1_616' title='bbox 955 1397 1025 1424; x_wconf 80' lang='lat' dir='ltr'><strong>gnus</strong></span> <span class='ocrx_word' id='word_1_617' title='bbox 1048 1388 1259 1416; x_wconf 79' lang='lat' dir='ltr'><strong>resurrectionis</strong></span> <span class='ocrx_word' id='word_1_618' title='bbox 1285 1392 1386 1415; x_wconf 65' lang='lat' dir='ltr'><strong>nostrm</strong></span> <span class='ocrx_word' id='word_1_619' title='bbox 1412 1387 1526 1422; x_wconf 85' lang='lat' dir='ltr'><strong>pretiosi</strong></span> <span class='ocrx_word' id='word_1_620' title='bbox 1554 1386 1677 1421; x_wconf 91' lang='lat' dir='ltr'><strong>corporis</strong></span> <span class='ocrx_word' id='word_1_621' title='bbox 1701 1386 1742 1412; x_wconf 90' lang='lat' dir='ltr'><strong>sui</strong></span> 
     </span>
    </p>
   </div>
   <div class='ocr_carea' id='block_1_90' title="bbox 956 1431 1743 1467">
    <p class='ocr_par' dir='ltr' id='par_1_90' title="bbox 956 1431 1743 1467">
     <span class='ocr_line' id='line_1_90' title="bbox 956 1431 1743 1467; baseline -0.005 -5"><span class='ocrx_word' id='word_1_622' title='bbox 956 1435 1198 1462; x_wconf 87' lang='lat' dir='ltr'><strong>resurrectionem.</strong></span> <span class='ocrx_word' id='word_1_623' title='bbox 1221 1434 1266 1461; x_wconf 90' lang='lat' dir='ltr'><strong>Sic</strong></span> <span class='ocrx_word' id='word_1_624' title='bbox 1288 1438 1380 1460; x_wconf 89' lang='lat' dir='ltr'><strong>autem</strong></span> <span class='ocrx_word' id='word_1_625' title='bbox 1402 1433 1528 1460; x_wconf 90' lang='lat' dir='ltr'><strong>homines</strong></span> <span class='ocrx_word' id='word_1_626' title='bbox 1539 1432 1665 1467; x_wconf 86' lang='lat' dir='ltr'><strong>quamvis</strong></span> <span class='ocrx_word' id='word_1_627' title='bbox 1679 1431 1743 1458; x_wconf 89' lang='lat' dir='ltr'><strong>odio</strong></span> 
     </span>
    </p>
   </div>
   <div class='ocr_carea' id='block_1_91' title="bbox 956 1477 1742 1514">
    <p class='ocr_par' dir='ltr' id='par_1_91' title="bbox 956 1477 1742 1514">
     <span class='ocr_line' id='line_1_91' title="bbox 956 1477 1742 1514; baseline -0.005 -6"><span class='ocrx_word' id='word_1_628' title='bbox 956 1481 1090 1508; x_wconf 82' lang='lat' dir='ltr'><strong>habentes</strong></span> <span class='ocrx_word' id='word_1_629' title='bbox 1104 1480 1209 1513; x_wconf 84' lang='lat' dir='ltr'><strong>dilexit,</strong></span> <span class='ocrx_word' id='word_1_630' title='bbox 1228 1484 1258 1507; x_wconf 93' lang='lat' dir='ltr'><strong>ut</strong></span> <span class='ocrx_word' id='word_1_631' title='bbox 1276 1479 1474 1506; x_wconf 84' lang='lat' dir='ltr'><strong>incarnationis</strong></span> <span class='ocrx_word' id='word_1_632' title='bbox 1487 1478 1646 1514; x_wconf 83' lang='lat' dir='ltr'><strong>mysterium</strong></span> <span class='ocrx_word' id='word_1_633' title='bbox 1662 1477 1742 1504; x_wconf 80' lang='lat' dir='ltr'><strong>ﬁdem</strong></span> 
     </span>
    </p>
   </div>
   <div class='ocr_carea' id='block_1_92' title="bbox 955 1522 1743 1560">
    <p class='ocr_par' dir='ltr' id='par_1_92' title="bbox 955 1522 1743 1560">
     <span class='ocr_line' id='line_1_92' title="bbox 955 1522 1743 1560; baseline -0.006 -7"><span class='ocrx_word' id='word_1_634' title='bbox 955 1525 1026 1560; x_wconf 86' lang='lat' dir='ltr'><strong>apud</strong></span> <span class='ocrx_word' id='word_1_635' title='bbox 1053 1525 1184 1560; x_wconf 90' lang='lat' dir='ltr'><strong>quosdam</strong></span> <span class='ocrx_word' id='word_1_636' title='bbox 1212 1529 1325 1560; x_wconf 83' lang='lat' dir='ltr'><strong>propter</strong></span> <span class='ocrx_word' id='word_1_637' title='bbox 1342 1524 1514 1551; x_wconf 85' lang='lat' dir='ltr'><strong>cruciatuum</strong></span> <span class='ocrx_word' id='word_1_638' title='bbox 1537 1531 1607 1558; x_wconf 89' lang='lat' dir='ltr'><strong>quos</strong></span> <span class='ocrx_word' id='word_1_639' title='bbox 1630 1522 1743 1557; x_wconf 78' lang='lat' dir='ltr'><strong>pertulit</strong></span> 
     </span>
    </p>
   </div>
   <div class='ocr_carea' id='block_1_93' title="bbox 955 1567 1745 1598">
    <p class='ocr_par' dir='ltr' id='par_1_93' title="bbox 955 1567 1745 1598">
     <span class='ocr_line' id='line_1_93' title="bbox 955 1567 1745 1598; baseline -0.006 0"><span class='ocrx_word' id='word_1_640' title='bbox 955 1571 1126 1598; x_wconf 86' lang='lat' dir='ltr'><strong>atrocitatem</strong></span> <span class='ocrx_word' id='word_1_641' title='bbox 1139 1578 1194 1597; x_wconf 89' lang='lat' dir='ltr'><strong>non</strong></span> <span class='ocrx_word' id='word_1_642' title='bbox 1210 1570 1342 1597; x_wconf 81' lang='lat' dir='ltr'><strong>obtineat.</strong></span> <span class='ocrx_word' id='word_1_643' title='bbox 1357 1569 1472 1596; x_wconf 82' lang='lat' dir='ltr'><strong>Abunde</strong></span> <span class='ocrx_word' id='word_1_644' title='bbox 1488 1577 1555 1595; x_wconf 79' lang='lat' dir='ltr'><strong>vero</strong></span> <span class='ocrx_word' id='word_1_645' title='bbox 1581 1568 1614 1595; x_wconf 89' lang='lat' dir='ltr'><strong>ad</strong></span> <span class='ocrx_word' id='word_1_646' title='bbox 1632 1567 1745 1594; x_wconf 86' lang='lat' dir='ltr'><strong>demon-</strong></span> 
     </span>
    </p>
   </div>
   <div class='ocr_carea' id='block_1_94' title="bbox 955 1615 1744 1653">
    <p class='ocr_par' dir='ltr' id='par_1_94' title="bbox 955 1615 1744 1653">
     <span class='ocr_line' id='line_1_94' title="bbox 955 1615 1744 1653; baseline -0.008 -7"><span class='ocrx_word' id='word_1_647' title='bbox 955 1619 1094 1646; x_wconf 85' lang='lat' dir='ltr'><strong>strandam</strong></span> <span class='ocrx_word' id='word_1_648' title='bbox 1105 1618 1284 1645; x_wconf 85' lang='lat' dir='ltr'><strong>humanitatis</strong></span> <span class='ocrx_word' id='word_1_649' title='bbox 1298 1617 1426 1653; x_wconf 80' lang='lat' dir='ltr'><strong>abyssum</strong></span> <span class='ocrx_word' id='word_1_650' title='bbox 1445 1616 1554 1648; x_wconf 79' lang='lat' dir='ltr'><strong>sufficit,</strong></span> <span class='ocrx_word' id='word_1_651' title='bbox 1571 1615 1644 1650; x_wconf 87' lang='lat' dir='ltr'><strong>quod</strong></span> <span class='ocrx_word' id='word_1_652' title='bbox 1656 1615 1744 1641; x_wconf 88' lang='lat' dir='ltr'><strong>incre-</strong></span> 
     </span>
    </p>
   </div>
   <div class='ocr_carea' id='block_1_95' title="bbox 955 1659 1744 1691">
    <p class='ocr_par' dir='ltr' id='par_1_95' title="bbox 955 1659 1744 1691">
     <span class='ocr_line' id='line_1_95' title="bbox 955 1659 1744 1691; baseline -0.006 -1"><span class='ocrx_word' id='word_1_653' title='bbox 955 1664 1035 1691; x_wconf 84' lang='lat' dir='ltr'><strong>dulos</strong></span> <span class='ocrx_word' id='word_1_654' title='bbox 1050 1664 1200 1690; x_wconf 90' lang='lat' dir='ltr'><strong>etiamnum</strong></span> <span class='ocrx_word' id='word_1_655' title='bbox 1225 1662 1252 1689; x_wconf 92' lang='lat' dir='ltr'><strong>in</strong></span> <span class='ocrx_word' id='word_1_656' title='bbox 1271 1662 1330 1689; x_wconf 87' lang='lat' dir='ltr'><strong>dies</strong></span> <span class='ocrx_word' id='word_1_657' title='bbox 1351 1669 1450 1689; x_wconf 88' lang='lat' dir='ltr'><strong>vocare</strong></span> <span class='ocrx_word' id='word_1_658' title='bbox 1477 1669 1531 1688; x_wconf 94' lang='lat' dir='ltr'><strong>non</strong></span> <span class='ocrx_word' id='word_1_659' title='bbox 1556 1662 1655 1687; x_wconf 86' lang='lat' dir='ltr'><strong>cessat.</strong></span> <span class='ocrx_word' id='word_1_660' title='bbox 1686 1659 1744 1686; x_wconf 85' lang='lat' dir='ltr'><strong>lloc</strong></span> 
     </span>
    </p>
   </div>
   <div class='ocr_carea' id='block_1_96' title="bbox 955 1704 1743 1744">
    <p class='ocr_par' dir='ltr' id='par_1_96' title="bbox 955 1704 1743 1744">
     <span class='ocr_line' id='line_1_96' title="bbox 955 1704 1743 1744; baseline -0.008 -8"><span class='ocrx_word' id='word_1_661' title='bbox 955 1716 1038 1744; x_wconf 92' lang='lat' dir='ltr'><strong>porro</strong></span> <span class='ocrx_word' id='word_1_662' title='bbox 1057 1708 1121 1743; x_wconf 82' lang='lat' dir='ltr'><strong>agit,</strong></span> <span class='ocrx_word' id='word_1_663' title='bbox 1139 1716 1193 1735; x_wconf 92' lang='lat' dir='ltr'><strong>non</strong></span> <span class='ocrx_word' id='word_1_664' title='bbox 1210 1708 1287 1742; x_wconf 89' lang='lat' dir='ltr'><strong>quasi</strong></span> <span class='ocrx_word' id='word_1_665' title='bbox 1304 1707 1426 1734; x_wconf 86' lang='lat' dir='ltr'><strong>humano</strong></span> <span class='ocrx_word' id='word_1_666' title='bbox 1436 1714 1518 1742; x_wconf 81' lang='lat' dir='ltr'><strong>egens</strong></span> <span class='ocrx_word' id='word_1_667' title='bbox 1533 1705 1664 1732; x_wconf 83' lang='lat' dir='ltr'><strong>famulatu</strong></span> <span class='ocrx_word' id='word_1_668' title='bbox 1680 1704 1743 1739; x_wconf 81' lang='lat' dir='ltr'><strong>(qua</strong></span> 
     </span>
    </p>
   </div>
   <div class='ocr_carea' id='block_1_97' title="bbox 955 1749 1743 1788">
    <p class='ocr_par' dir='ltr' id='par_1_97' title="bbox 955 1749 1743 1788">
     <span class='ocr_line' id='line_1_97' title="bbox 955 1749 1743 1788; baseline -0.008 -7"><span class='ocrx_word' id='word_1_669' title='bbox 955 1755 1029 1782; x_wconf 89' lang='lat' dir='ltr'><strong>enim</strong></span> <span class='ocrx_word' id='word_1_670' title='bbox 1039 1762 1068 1780; x_wconf 89' lang='lat' dir='ltr'><strong>re</strong></span> <span class='ocrx_word' id='word_1_671' title='bbox 1082 1753 1202 1788; x_wconf 81' lang='lat' dir='ltr'><strong>indigeat</strong></span> <span class='ocrx_word' id='word_1_672' title='bbox 1213 1753 1260 1787; x_wconf 91' lang='lat' dir='ltr'><strong>qui</strong></span> <span class='ocrx_word' id='word_1_673' title='bbox 1278 1753 1406 1779; x_wconf 86' lang='lat' dir='ltr'><strong>universa</strong></span> <span class='ocrx_word' id='word_1_674' title='bbox 1434 1750 1577 1785; x_wconf 86' lang='lat' dir='ltr'><strong>creavit?),</strong></span> <span class='ocrx_word' id='word_1_675' title='bbox 1604 1749 1651 1777; x_wconf 90' lang='lat' dir='ltr'><strong>sed</strong></span> <span class='ocrx_word' id='word_1_676' title='bbox 1669 1750 1743 1776; x_wconf 89' lang='lat' dir='ltr'><strong>salu-</strong></span> 
     </span>
    </p>
   </div>
   <div class='ocr_carea' id='block_1_98' title="bbox 957 1794 1742 1832">
    <p class='ocr_par' dir='ltr' id='par_1_98' title="bbox 957 1794 1742 1832">
     <span class='ocr_line' id='line_1_98' title="bbox 957 1794 1742 1832; baseline -0.009 -6"><span class='ocrx_word' id='word_1_677' title='bbox 957 1803 1011 1827; x_wconf 91' lang='lat' dir='ltr'><strong>tem</strong></span> <span class='ocrx_word' id='word_1_678' title='bbox 1026 1799 1123 1826; x_wconf 85' lang='lat' dir='ltr'><strong>sitiens</strong></span> <span class='ocrx_word' id='word_1_679' title='bbox 1143 1798 1370 1832; x_wconf 84' lang='lat' dir='ltr'><strong>uniuscujusque.</strong></span> <span class='ocrx_word' id='word_1_680' title='bbox 1402 1797 1492 1829; x_wconf 85' lang='lat' dir='ltr'><strong>Quare</strong></span> <span class='ocrx_word' id='word_1_681' title='bbox 1518 1795 1621 1822; x_wconf 86' lang='lat' dir='ltr'><strong>donum</strong></span> <span class='ocrx_word' id='word_1_682' title='bbox 1641 1794 1742 1828; x_wconf 88' lang='lat' dir='ltr'><strong>arripe,</strong></span> 
     </span>
    </p>
   </div>
   <div class='ocr_carea' id='block_1_99' title="bbox 956 1838 1743 1877">
    <p class='ocr_par' dir='ltr' id='par_1_99' title="bbox 956 1838 1743 1877">
     <span class='ocr_line' id='line_1_99' title="bbox 956 1838 1743 1877; baseline -0.011 -4"><span class='ocrx_word' id='word_1_683' title='bbox 956 1846 998 1873; x_wconf 85' lang='lat' dir='ltr'><strong>vir</strong></span> <span class='ocrx_word' id='word_1_684' title='bbox 1012 1844 1181 1876; x_wconf 85' lang='lat' dir='ltr'><strong>admirande,</strong></span> <span class='ocrx_word' id='word_1_685' title='bbox 1208 1843 1329 1877; x_wconf 89' lang='lat' dir='ltr'><strong>donique</strong></span> <span class='ocrx_word' id='word_1_686' title='bbox 1352 1845 1493 1868; x_wconf 89' lang='lat' dir='ltr'><strong>auctorem</strong></span> <span class='ocrx_word' id='word_1_687' title='bbox 1512 1840 1640 1866; x_wconf 89' lang='lat' dir='ltr'><strong>laudibus</strong></span> <span class='ocrx_word' id='word_1_688' title='bbox 1666 1838 1743 1870; x_wconf 75' lang='lat' dir='ltr'><strong>effer,</strong></span> 
     </span>
    </p>
   </div>
   <div class='ocr_carea' id='block_1_100' title="bbox 956 1884 1743 1924">
    <p class='ocr_par' dir='ltr' id='par_1_100' title="bbox 956 1884 1743 1924">
     <span class='ocr_line' id='line_1_100' title="bbox 956 1884 1743 1924; baseline -0.011 -6"><span class='ocrx_word' id='word_1_689' title='bbox 956 1895 984 1918; x_wconf 86' lang='lat' dir='ltr'><strong>et</strong></span> <span class='ocrx_word' id='word_1_690' title='bbox 997 1891 1143 1918; x_wconf 82' lang='lat' dir='ltr'><strong>maximam</strong></span> <span class='ocrx_word' id='word_1_691' title='bbox 1158 1889 1239 1916; x_wconf 89' lang='lat' dir='ltr'><strong>nobis</strong></span> <span class='ocrx_word' id='word_1_692' title='bbox 1259 1887 1542 1924; x_wconf 84' lang='lat' dir='ltr'><strong>jucundissimamquc</strong></span> <span class='ocrx_word' id='word_1_693' title='bbox 1567 1884 1743 1911; x_wconf 82' lang='lat' dir='ltr'><strong>festivitatem</strong></span> 
     </span>
    </p>
   </div>
   <div class='ocr_carea' id='block_1_101' title="bbox 957 1935 1071 1962">
    <p class='ocr_par' dir='ltr' id='par_1_101' title="bbox 957 1935 1071 1962">
     <span class='ocr_line' id='line_1_101' title="bbox 957 1935 1071 1962; baseline -0.018 0"><span class='ocrx_word' id='word_1_694' title='bbox 957 1935 1071 1962; x_wconf 83' lang='lat' dir='ltr'><strong>adorna.</strong></span> 
     </span>
    </p>
   </div>
   <div class='ocr_carea' id='block_1_102' title="bbox 992 1973 1708 2011">
    <p class='ocr_par' dir='ltr' id='par_1_102' title="bbox 992 1973 1708 2011">
     <span class='ocr_line' id='line_1_102' title="bbox 992 1973 1708 2011; baseline -0.011 -4"><span class='ocrx_word' id='word_1_695' title='bbox 992 1977 1280 2007; x_wconf 75' lang='lat' dir='ltr'><strong>LXXVl[.—Eulalio</strong></span> <span class='ocrx_word' id='word_1_696' title='bbox 1302 1977 1421 2011; x_wconf 73' lang='lat' dir='ltr'><strong>episcopo</strong></span> <span class='ocrx_word' id='word_1_697' title='bbox 1442 1975 1553 2002; x_wconf 77' lang='lat' dir='ltr'><strong>Persica:</strong></span> <span class='ocrx_word' id='word_1_698' title='bbox 1567 1973 1708 2001; x_wconf 66' lang='lat' dir='ltr'><strong>Armeniae.</strong></span> 
     </span>
    </p>
   </div>
   <div class='ocr_carea' id='block_1_103' title="bbox 993 2028 1744 2072">
    <p class='ocr_par' dir='ltr' id='par_1_103' title="bbox 993 2028 1744 2072">
     <span class='ocr_line' id='line_1_103' title="bbox 993 2028 1744 2072; baseline -0.013 -8"><span class='ocrx_word' id='word_1_699' title='bbox 993 2036 1114 2072; x_wconf 80' lang='lat' dir='ltr'><strong>Cognovi</strong></span> <span class='ocrx_word' id='word_1_700' title='bbox 1131 2034 1278 2069; x_wconf 84' lang='lat' dir='ltr'><strong>expetiisse</strong></span> <span class='ocrx_word' id='word_1_701' title='bbox 1298 2033 1437 2064; x_wconf 88' lang='lat' dir='ltr'><strong>Satanam,</strong></span> <span class='ocrx_word' id='word_1_702' title='bbox 1452 2035 1483 2058; x_wconf 87' lang='lat' dir='ltr'><strong>ut</strong></span> <span class='ocrx_word' id='word_1_703' title='bbox 1503 2039 1551 2058; x_wconf 82' lang='lat' dir='ltr'><strong>vos</strong></span> <span class='ocrx_word' id='word_1_704' title='bbox 1577 2029 1660 2057; x_wconf 82' lang='lat' dir='ltr'><strong>etiam</strong></span> <span class='ocrx_word' id='word_1_705' title='bbox 1689 2028 1744 2055; x_wconf 92' lang='lat' dir='ltr'><strong>cri—</strong></span> 
     </span>
    </p>
   </div>
   <div class='ocr_carea' id='block_1_104' title="bbox 957 2075 1744 2112">
    <p class='ocr_par' dir='ltr' id='par_1_104' title="bbox 957 2075 1744 2112">
     <span class='ocr_line' id='line_1_104' title="bbox 957 2075 1744 2112; baseline -0.014 -1"><span class='ocrx_word' id='word_1_706' title='bbox 957 2083 1051 2111; x_wconf 87' lang='lat' dir='ltr'><strong>braret</strong></span> <span class='ocrx_word' id='word_1_707' title='bbox 1066 2083 1137 2110; x_wconf 86' lang='lat' dir='ltr'><strong>sicut</strong></span> <span class='ocrx_word' id='word_1_708' title='bbox 1152 2080 1274 2108; x_wconf 86' lang='lat' dir='ltr'><strong>triticum</strong></span> <span class='ocrx_word' id='word_1_709' title='bbox 1297 2078 1331 2111; x_wconf 74' lang='lat'><strong>“,</strong></span> <span class='ocrx_word' id='word_1_710' title='bbox 1358 2081 1386 2104; x_wconf 91' lang='lat' dir='ltr'><strong>et</strong></span> <span class='ocrx_word' id='word_1_711' title='bbox 1410 2077 1567 2112; x_wconf 79' lang='lat' dir='ltr'><strong>permisisse</strong></span> <span class='ocrx_word' id='word_1_712' title='bbox 1589 2075 1744 2106; x_wconf 88' lang='lat' dir='ltr'><strong>Dominum,</strong></span> 
     </span>
    </p>
   </div>
   <div class='ocr_carea' id='block_1_105' title="bbox 958 2120 1746 2157">
    <p class='ocr_par' dir='ltr' id='par_1_105' title="bbox 958 2120 1746 2157">
     <span class='ocr_line' id='line_1_105' title="bbox 958 2120 1746 2157; baseline -0.014 0"><span class='ocrx_word' id='word_1_713' title='bbox 958 2135 988 2157; x_wconf 87' lang='lat' dir='ltr'><strong>ut</strong></span> <span class='ocrx_word' id='word_1_714' title='bbox 1007 2129 1129 2157; x_wconf 80' lang='lat' dir='ltr'><strong>triticum</strong></span> <span class='ocrx_word' id='word_1_715' title='bbox 1152 2126 1320 2157; x_wconf 89' lang='lat' dir='ltr'><strong>ostenderet,</strong></span> <span class='ocrx_word' id='word_1_716' title='bbox 1338 2128 1368 2151; x_wconf 90' lang='lat' dir='ltr'><strong>ut</strong></span> <span class='ocrx_word' id='word_1_717' title='bbox 1380 2130 1477 2150; x_wconf 89' lang='lat' dir='ltr'><strong>aurum</strong></span> <span class='ocrx_word' id='word_1_718' title='bbox 1493 2122 1631 2157; x_wconf 72' lang='lat' dir='ltr'><strong>probaret,</strong></span> <span class='ocrx_word' id='word_1_719' title='bbox 1645 2124 1675 2147; x_wconf 87' lang='lat' dir='ltr'><strong>ut</strong></span> <span class='ocrx_word' id='word_1_720' title='bbox 1689 2120 1746 2155; x_wconf 83' lang='lat' dir='ltr'><strong>glo-</strong></span> 
     </span>
    </p>
   </div>
   <div class='ocr_carea' id='block_1_106' title="bbox 958 2170 1746 2209">
    <p class='ocr_par' dir='ltr' id='par_1_106' title="bbox 958 2170 1746 2209">
     <span class='ocr_line' id='line_1_106' title="bbox 958 2170 1746 2209; baseline -0.015 -5"><span class='ocrx_word' id='word_1_721' title='bbox 958 2177 1097 2204; x_wconf 84' lang='lat' dir='ltr'><strong>riﬁcantes</strong></span> <span class='ocrx_word' id='word_1_722' title='bbox 1112 2183 1142 2202; x_wconf 87' lang='lat' dir='ltr'><strong>se</strong></span> <span class='ocrx_word' id='word_1_723' title='bbox 1163 2172 1338 2209; x_wconf 81' lang='lat' dir='ltr'><strong>gloriﬁcaret,</strong></span> <span class='ocrx_word' id='word_1_724' title='bbox 1354 2175 1385 2198; x_wconf 91' lang='lat' dir='ltr'><strong>ut</strong></span> <span class='ocrx_word' id='word_1_725' title='bbox 1404 2170 1520 2197; x_wconf 86' lang='lat' dir='ltr'><strong>athletas</strong></span> <span class='ocrx_word' id='word_1_726' title='bbox 1547 2171 1700 2199; x_wconf 83' lang='lat' dir='ltr'><strong>coronaret,</strong></span> <span class='ocrx_word' id='word_1_727' title='bbox 1717 2171 1746 2193; x_wconf 90' lang='lat' dir='ltr'><strong>ut</strong></span> 
     </span>
    </p>
   </div>
   <div class='ocr_carea' id='block_1_107' title="bbox 916 2212 1744 2260">
    <p class='ocr_par' dir='ltr' id='par_1_107' title="bbox 916 2212 1744 2260">
     <span class='ocr_line' id='line_1_107' title="bbox 916 2212 1744 2260; baseline -0.014 -11"><span class='ocrx_word' id='word_1_728' title='bbox 916 2230 946 2260; x_wconf 72' lang='grc' dir='ltr'>ὀ</span> <span class='ocrx_word' id='word_1_729' title='bbox 958 2222 1077 2249; x_wconf 89' lang='lat' dir='ltr'><strong>victores</strong></span> <span class='ocrx_word' id='word_1_730' title='bbox 1099 2219 1291 2254; x_wconf 86' lang='lat' dir='ltr'><strong>proclamaret.</strong></span> <span class='ocrx_word' id='word_1_731' title='bbox 1321 2217 1377 2250; x_wconf 82' lang='lat' dir='ltr'><strong>Ego</strong></span> <span class='ocrx_word' id='word_1_732' title='bbox 1403 2222 1468 2242; x_wconf 86' lang='lat' dir='ltr'><strong>sane</strong></span> <span class='ocrx_word' id='word_1_733' title='bbox 1487 2214 1569 2240; x_wconf 89' lang='lat' dir='ltr'><strong>timeo</strong></span> <span class='ocrx_word' id='word_1_734' title='bbox 1588 2216 1616 2240; x_wconf 88' lang='lat' dir='ltr'><strong>et</strong></span> <span class='ocrx_word' id='word_1_735' title='bbox 1633 2212 1744 2243; x_wconf 88' lang='lat' dir='ltr'><strong>horreo,</strong></span> 
     </span>
    </p>
   </div>
   <div class='ocr_carea' id='block_1_108' title="bbox 959 2256 1746 2296">
    <p class='ocr_par' dir='ltr' id='par_1_108' title="bbox 959 2256 1746 2296">
     <span class='ocr_line' id='line_1_108' title="bbox 959 2256 1746 2296; baseline -0.017 -1"><span class='ocrx_word' id='word_1_736' title='bbox 959 2275 1014 2295; x_wconf 86' lang='lat' dir='ltr'><strong>non</strong></span> <span class='ocrx_word' id='word_1_737' title='bbox 1026 2267 1060 2293; x_wconf 88' lang='lat' dir='ltr'><strong>de</strong></span> <span class='ocrx_word' id='word_1_738' title='bbox 1072 2265 1152 2292; x_wconf 88' lang='lat' dir='ltr'><strong>vobis</strong></span> <span class='ocrx_word' id='word_1_739' title='bbox 1164 2263 1307 2295; x_wconf 83' lang='lat' dir='ltr'><strong>sollicitus,</strong></span> <span class='ocrx_word' id='word_1_740' title='bbox 1322 2261 1368 2296; x_wconf 87' lang='lat' dir='ltr'><strong>qui</strong></span> <span class='ocrx_word' id='word_1_741' title='bbox 1380 2260 1486 2288; x_wconf 86' lang='lat' dir='ltr'><strong>strenui</strong></span> <span class='ocrx_word' id='word_1_742' title='bbox 1503 2258 1627 2286; x_wconf 82' lang='lat' dir='ltr'><strong>veritatis</strong></span> <span class='ocrx_word' id='word_1_743' title='bbox 1641 2256 1746 2292; x_wconf 82' lang='lat' dir='ltr'><strong>pugiles</strong></span> 
     </span>
    </p>
   </div>
   <div class='ocr_carea' id='block_1_109' title="bbox 958 2302 1747 2345">
    <p class='ocr_par' dir='ltr' id='par_1_109' title="bbox 958 2302 1747 2345">
     <span class='ocr_line' id='line_1_109' title="bbox 958 2302 1747 2345; baseline -0.016 -4"><span class='ocrx_word' id='word_1_744' title='bbox 958 2314 1024 2341; x_wconf 88' lang='lat' dir='ltr'><strong>estis</strong></span> <span class='ocrx_word' id='word_1_745' title='bbox 1037 2321 1043 2339; x_wconf 93' lang='lat'>:</span> <span class='ocrx_word' id='word_1_746' title='bbox 1059 2311 1107 2339; x_wconf 85' lang='lat' dir='ltr'><strong>sed</strong></span> <span class='ocrx_word' id='word_1_747' title='bbox 1119 2309 1193 2345; x_wconf 85' lang='lat' dir='ltr'><strong>quod</strong></span> <span class='ocrx_word' id='word_1_748' title='bbox 1210 2309 1295 2336; x_wconf 84' lang='lat' dir='ltr'><strong>sciam</strong></span> <span class='ocrx_word' id='word_1_749' title='bbox 1310 2307 1431 2339; x_wconf 85' lang='lat' dir='ltr'><strong>evenire,</strong></span> <span class='ocrx_word' id='word_1_750' title='bbox 1445 2309 1476 2332; x_wconf 91' lang='lat' dir='ltr'><strong>ut</strong></span> <span class='ocrx_word' id='word_1_751' title='bbox 1501 2304 1667 2332; x_wconf 77' lang='lat' dir='ltr'><strong>inﬁrmiores</strong></span> <span class='ocrx_word' id='word_1_752' title='bbox 1692 2302 1747 2329; x_wconf 87' lang='lat' dir='ltr'><strong>sint</strong></span> 
     </span>
    </p>
   </div>
   <div class='ocr_carea' id='block_1_110' title="bbox 959 2349 1746 2386">
    <p class='ocr_par' dir='ltr' id='par_1_110' title="bbox 959 2349 1746 2386">
     <span class='ocr_line' id='line_1_110' title="bbox 959 2349 1746 2386; baseline -0.017 0"><span class='ocrx_word' id='word_1_753' title='bbox 959 2357 1093 2386; x_wconf 86' lang='lat' dir='ltr'><strong>nonnulli.</strong></span> <span class='ocrx_word' id='word_1_754' title='bbox 1110 2355 1217 2383; x_wconf 85' lang='lat' dir='ltr'><strong>Etenim</strong></span> <span class='ocrx_word' id='word_1_755' title='bbox 1235 2354 1257 2382; x_wconf 88' lang='lat' dir='ltr'><strong>si</strong></span> <span class='ocrx_word' id='word_1_756' title='bbox 1285 2354 1313 2380; x_wconf 90' lang='lat' dir='ltr'><strong>in</strong></span> <span class='ocrx_word' id='word_1_757' title='bbox 1339 2352 1484 2379; x_wconf 86' lang='lat' dir='ltr'><strong>duodecim</strong></span> <span class='ocrx_word' id='word_1_758' title='bbox 1511 2349 1643 2385; x_wconf 84' lang='lat' dir='ltr'><strong>apostolis</strong></span> <span class='ocrx_word' id='word_1_759' title='bbox 1674 2355 1746 2374; x_wconf 88' lang='lat' dir='ltr'><strong>unus</strong></span> 
     </span>
    </p>
   </div>
   <div class='ocr_carea' id='block_1_111' title="bbox 959 2394 1746 2440">
    <p class='ocr_par' dir='ltr' id='par_1_111' title="bbox 959 2394 1746 2440">
     <span class='ocr_line' id='line_1_111' title="bbox 959 2394 1746 2440; baseline -0.014 -8"><span class='ocrx_word' id='word_1_760' title='bbox 959 2408 1086 2440; x_wconf 86' lang='lat' dir='ltr'><strong>repertus</strong></span> <span class='ocrx_word' id='word_1_761' title='bbox 1102 2407 1145 2430; x_wconf 83' lang='lat' dir='ltr'><strong>est</strong></span> <span class='ocrx_word' id='word_1_762' title='bbox 1155 2402 1290 2437; x_wconf 88' lang='lat' dir='ltr'><strong>proditor,</strong></span> <span class='ocrx_word' id='word_1_763' title='bbox 1308 2399 1413 2434; x_wconf 78' lang='lat'><strong>1127</strong></span> <span class='ocrx_word' id='word_1_764' title='bbox 1438 2398 1513 2425; x_wconf 88' lang='lat' dir='ltr'><strong>haud</strong></span> <span class='ocrx_word' id='word_1_765' title='bbox 1540 2397 1655 2424; x_wconf 90' lang='lat' dir='ltr'><strong>dubium</strong></span> <span class='ocrx_word' id='word_1_766' title='bbox 1679 2394 1746 2430; x_wconf 88' lang='lat' dir='ltr'><strong>quin</strong></span> 
     </span>
    </p>
   </div>
   <div class='ocr_carea' id='block_1_112' title="bbox 960 2442 1746 2484">
    <p class='ocr_par' dir='ltr' id='par_1_112' title="bbox 960 2442 1746 2484">
     <span class='ocr_line' id='line_1_112' title="bbox 960 2442 1746 2484; baseline -0.011 -7"><span class='ocrx_word' id='word_1_767' title='bbox 960 2449 1112 2484; x_wconf 88' lang='lat' dir='ltr'><strong>eopiosiore</strong></span> <span class='ocrx_word' id='word_1_768' title='bbox 1125 2449 1152 2476; x_wconf 96' lang='lat' dir='ltr'><strong>in</strong></span> <span class='ocrx_word' id='word_1_769' title='bbox 1163 2447 1305 2474; x_wconf 87' lang='lat' dir='ltr'><strong>hominum</strong></span> <span class='ocrx_word' id='word_1_770' title='bbox 1318 2452 1433 2473; x_wconf 87' lang='lat' dir='ltr'><strong>numero</strong></span> <span class='ocrx_word' id='word_1_771' title='bbox 1445 2445 1546 2472; x_wconf 79' lang='lat' dir='ltr'><strong>multos</strong></span> <span class='ocrx_word' id='word_1_772' title='bbox 1561 2444 1596 2471; x_wconf 92' lang='lat' dir='ltr'><strong>sit</strong></span> <span class='ocrx_word' id='word_1_773' title='bbox 1611 2442 1746 2474; x_wconf 85' lang='lat' dir='ltr'><strong>invenire,</strong></span> 
     </span>
    </p>
   </div>
   <div class='ocr_carea' id='block_1_113' title="bbox 960 2489 1746 2531">
    <p class='ocr_par' dir='ltr' id='par_1_113' title="bbox 960 2489 1746 2531">
     <span class='ocr_line' id='line_1_113' title="bbox 960 2489 1746 2531; baseline -0.011 -8"><span class='ocrx_word' id='word_1_774' title='bbox 960 2496 1007 2531; x_wconf 90' lang='lat' dir='ltr'><strong>qui</strong></span> <span class='ocrx_word' id='word_1_775' title='bbox 1029 2494 1206 2530; x_wconf 83' lang='lat' dir='ltr'><strong>perfectionis</strong></span> <span class='ocrx_word' id='word_1_776' title='bbox 1236 2500 1366 2520; x_wconf 89' lang='lat' dir='ltr'><strong>numeros</strong></span> <span class='ocrx_word' id='word_1_777' title='bbox 1395 2499 1491 2518; x_wconf 87' lang='lat' dir='ltr'><strong>omnes</strong></span> <span class='ocrx_word' id='word_1_778' title='bbox 1523 2498 1579 2517; x_wconf 90' lang='lat' dir='ltr'><strong>non</strong></span> <span class='ocrx_word' id='word_1_779' title='bbox 1609 2489 1746 2524; x_wconf 83' lang='lat' dir='ltr'><strong>expleant.</strong></span> 
     </span>
    </p>
   </div>
   <div class='ocr_carea' id='block_1_114' title="bbox 958 2537 1747 2575">
    <p class='ocr_par' dir='ltr' id='par_1_114' title="bbox 958 2537 1747 2575">
     <span class='ocr_line' id='line_1_114' title="bbox 958 2537 1747 2575; baseline -0.013 -6"><span class='ocrx_word' id='word_1_780' title='bbox 958 2543 1023 2575; x_wconf 76' lang='lat' dir='ltr'><strong>Quae</strong></span> <span class='ocrx_word' id='word_1_781' title='bbox 1045 2548 1152 2568; x_wconf 89' lang='lat' dir='ltr'><strong>mecum</strong></span> <span class='ocrx_word' id='word_1_782' title='bbox 1171 2544 1303 2574; x_wconf 81' lang='lat' dir='ltr'><strong>reputans</strong></span> <span class='ocrx_word' id='word_1_783' title='bbox 1320 2537 1501 2565; x_wconf 86' lang='lat' dir='ltr'><strong>conturbatus</strong></span> <span class='ocrx_word' id='word_1_784' title='bbox 1515 2544 1588 2567; x_wconf 91' lang='lat' dir='ltr'><strong>sum,</strong></span> <span class='ocrx_word' id='word_1_785' title='bbox 1605 2539 1633 2562; x_wconf 86' lang='lat' dir='ltr'><strong>et</strong></span> <span class='ocrx_word' id='word_1_786' title='bbox 1649 2540 1747 2568; x_wconf 90' lang='lat' dir='ltr'><strong>magno</strong></span> 
     </span>
    </p>
   </div>
   <div class='ocr_carea' id='block_1_115' title="bbox 959 2579 1748 2617">
    <p class='ocr_par' dir='ltr' id='par_1_115' title="bbox 959 2579 1748 2617">
     <span class='ocr_line' id='line_1_115' title="bbox 959 2579 1748 2617; baseline -0.014 -2"><span class='ocrx_word' id='word_1_787' title='bbox 959 2587 1042 2615; x_wconf 77' lang='lat' dir='ltr'><strong>animi</strong></span> <span class='ocrx_word' id='word_1_788' title='bbox 1067 2593 1185 2614; x_wconf 58' lang='lat' dir='ltr'><strong>maerore</strong></span> <span class='ocrx_word' id='word_1_789' title='bbox 1215 2584 1338 2611; x_wconf 72' lang='lat' dir='ltr'><strong>all‘ectus.</strong></span> <span class='ocrx_word' id='word_1_790' title='bbox 1369 2583 1423 2608; x_wconf 71' lang='lat' dir='ltr'><strong>«Si</strong></span> <span class='ocrx_word' id='word_1_791' title='bbox 1453 2581 1518 2617; x_wconf 90' lang='lat' dir='ltr'><strong>quid</strong></span> <span class='ocrx_word' id='word_1_792' title='bbox 1546 2580 1618 2608; x_wconf 88' lang='lat' dir='ltr'><strong>enim</strong></span> <span class='ocrx_word' id='word_1_793' title='bbox 1645 2579 1748 2614; x_wconf 87' lang='lat' dir='ltr'><strong>patitur</strong></span> 
     </span>
    </p>
   </div>
   <div class='ocr_carea' id='block_1_116' title="bbox 960 2623 1746 2663">
    <p class='ocr_par' dir='ltr' id='par_1_116' title="bbox 960 2623 1746 2663">
     <span class='ocr_line' id='line_1_116' title="bbox 960 2623 1746 2663; baseline -0.015 -2"><span class='ocrx_word' id='word_1_794' title='bbox 960 2636 968 2644; x_wconf 80' lang='lat'><strong><em>‘</em></strong></span> <span class='ocrx_word' id='word_1_795' title='bbox 994 2641 1077 2661; x_wconf 89' lang='lat' dir='ltr'><strong>unum</strong></span> <span class='ocrx_word' id='word_1_796' title='bbox 1102 2631 1266 2663; x_wconf 87' lang='lat' dir='ltr'><strong>membrum,</strong></span> <span class='ocrx_word' id='word_1_797' title='bbox 1291 2634 1321 2656; x_wconf 88' lang='lat' dir='ltr'><strong>ut</strong></span> <span class='ocrx_word' id='word_1_798' title='bbox 1346 2628 1457 2656; x_wconf 88' lang='lat' dir='ltr'><strong>divinus</strong></span> <span class='ocrx_word' id='word_1_799' title='bbox 1475 2626 1572 2654; x_wconf 86' lang='lat' dir='ltr'><strong>scribit</strong></span> <span class='ocrx_word' id='word_1_800' title='bbox 1589 2623 1746 2659; x_wconf 82' lang='lat' dir='ltr'><strong>Apostolus,</strong></span> 
     </span>
    </p>
   </div>
   <div class='ocr_carea' id='block_1_117' title="bbox 963 2671 1749 2713">
    <p class='ocr_par' dir='ltr' id='par_1_117' title="bbox 963 2671 1749 2713">
     <span class='ocr_line' id='line_1_117' title="bbox 963 2671 1749 2713; baseline -0.017 -6"><span class='ocrx_word' id='word_1_801' title='bbox 963 2678 1167 2713; x_wconf 84' lang='lat' dir='ltr'><strong>compatiuntur</strong></span> <span class='ocrx_word' id='word_1_802' title='bbox 1187 2676 1279 2703; x_wconf 88' lang='lat' dir='ltr'><strong>omnia</strong></span> <span class='ocrx_word' id='word_1_803' title='bbox 1306 2674 1430 2702; x_wconf 85' lang='lat' dir='ltr'><strong>membra</strong></span> <span class='ocrx_word' id='word_1_804' title='bbox 1442 2673 1476 2700; x_wconf 72' lang='lat'><strong>“.</strong></span> <span class='ocrx_word' id='word_1_805' title='bbox 1495 2682 1504 2697; x_wconf 81' lang='grc' dir='ltr'><strong>ι</strong></span> <span class='ocrx_word' id='word_1_806' title='bbox 1523 2671 1607 2699; x_wconf 79' lang='lat' dir='ltr'><strong>Meml</strong></span> <span class='ocrx_word' id='word_1_807' title='bbox 1615 2678 1643 2696; x_wconf 88' lang='lat' dir='ltr'><strong>ra</strong></span> <span class='ocrx_word' id='word_1_808' title='bbox 1657 2673 1749 2696; x_wconf 86' lang='lat' dir='ltr'><strong>autem</strong></span> 
     </span>
    </p>
   </div>
   <div class='ocr_carea' id='block_1_118' title="bbox 963 2715 1748 2754">
    <p class='ocr_par' dir='ltr' id='par_1_118' title="bbox 963 2715 1748 2754">
     <span class='ocr_line' id='line_1_118' title="bbox 963 2715 1748 2754; baseline -0.014 -3"><span class='ocrx_word' id='word_1_809' title='bbox 963 2731 1058 2751; x_wconf 88' lang='lat' dir='ltr'><strong>sumus</strong></span> <span class='ocrx_word' id='word_1_810' title='bbox 1074 2722 1202 2754; x_wconf 88' lang='lat' dir='ltr'><strong>invicem,</strong></span> <span class='ocrx_word' id='word_1_811' title='bbox 1226 2725 1256 2748; x_wconf 90' lang='lat' dir='ltr'><strong>et</strong></span> <span class='ocrx_word' id='word_1_812' title='bbox 1275 2720 1302 2747; x_wconf 86' lang='lat' dir='ltr'><strong>in</strong></span> <span class='ocrx_word' id='word_1_813' title='bbox 1328 2727 1413 2746; x_wconf 90' lang='lat' dir='ltr'><strong>unum</strong></span> <span class='ocrx_word' id='word_1_814' title='bbox 1438 2725 1538 2753; x_wconf 88' lang='lat' dir='ltr'><strong>corpus</strong></span> <span class='ocrx_word' id='word_1_815' title='bbox 1560 2715 1748 2747; x_wconf 81' lang='lat' dir='ltr'><strong>coalescimus,</strong></span> 
     </span>
    </p>
   </div>
   <div class='ocr_carea' id='block_1_119' title="bbox 964 2758 1748 2804">
    <p class='ocr_par' dir='ltr' id='par_1_119' title="bbox 964 2758 1748 2804">
     <span class='ocr_line' id='line_1_119' title="bbox 964 2758 1748 2804; baseline -0.014 -8"><span class='ocrx_word' id='word_1_816' title='bbox 964 2773 1045 2804; x_wconf 87' lang='lat' dir='ltr'><strong>caput</strong></span> <span class='ocrx_word' id='word_1_817' title='bbox 1059 2768 1192 2795; x_wconf 82' lang='lat' dir='ltr'><strong>habentes</strong></span> <span class='ocrx_word' id='word_1_818' title='bbox 1206 2766 1345 2794; x_wconf 78' lang='lat' dir='ltr'><strong>Christum</strong></span> <span class='ocrx_word' id='word_1_819' title='bbox 1371 2764 1526 2792; x_wconf 85' lang='lat' dir='ltr'><strong>Dominum.</strong></span> <span class='ocrx_word' id='word_1_820' title='bbox 1550 2763 1676 2790; x_wconf 80' lang='lat' dir='ltr'><strong>Attamen</strong></span> <span class='ocrx_word' id='word_1_821' title='bbox 1698 2758 1748 2786; x_wconf 88' lang='lat' dir='ltr'><strong>do-</strong></span> 
     </span>
    </p>
   </div>
   <div class='ocr_carea' id='block_1_120' title="bbox 1019 2824 1273 2859">
    <p class='ocr_par' dir='ltr' id='par_1_120' title="bbox 1019 2824 1273 2859">
     <span class='ocr_line' id='line_1_120' title="bbox 1019 2824 1273 2859; baseline -0.008 -5"><span class='ocrx_word' id='word_1_822' title='bbox 1019 2826 1040 2841; x_wconf 68' lang='lat'>“</span> <span class='ocrx_word' id='word_1_823' title='bbox 1055 2826 1064 2853; x_wconf 92' lang='grc' dir='ltr'><strong>Ι</strong></span> <span class='ocrx_word' id='word_1_824' title='bbox 1081 2825 1146 2853; x_wconf 81' lang='lat' dir='ltr'><strong>Cor.</strong></span> <span class='ocrx_word' id='word_1_825' title='bbox 1166 2832 1211 2859; x_wconf 83' lang='lat' dir='ltr'><strong>xu,</strong></span> <span class='ocrx_word' id='word_1_826' title='bbox 1229 2824 1273 2852; x_wconf 74' lang='lat'><strong>26.</strong></span> 
     </span>
    </p>
   </div>
  </div>
