1962 3051
223 115 290 147 1247

721 114 965 145 TIIEODORETI
985 112 1156 147 EPISCOPI
1176 114 1360 145 CYRENSIS

1782 113 1871 146 1248

220 171 306 198 lorem
323 177 414 198 meum
438 169 527 197 reiicit
551 177 603 197 una
623 170 786 203 consolatio,
804 170 869 198 dum
886 174 1006 198 vestram

1059 168 1205 204 λαμϐάνων
1230 169 1367 204 ὁσιότητα.
1390 168 1453 200 Τοῖς
1480 168 1535 203 γὰρ
1559 168 1640 202 θείοις
1667 169 1866 205 ἐντραφέντες

219 215 309 251 cogito
319 215 501 242 sanctitatem.
517 214 623 242 Divinis
633 223 752 250 namque
762 215 882 243 oraculis
893 216 1005 248 eruditi,

218 265 247 288 et
261 269 277 288 a
289 265 428 295 pastorum
445 260 568 295 principe
586 260 652 296 quid
673 261 776 288 bonum
794 266 933 296 pastorem
957 262 1007 289 de-

218 306 308 341 signet
327 305 478 338 informati,
500 305 614 333 dubium
635 314 691 334 non
704 311 746 334 est
761 307 828 343 quin
845 315 896 342 pro
908 308 1007 335 ovibus

218 351 334 386 posituri
362 351 422 378 sitis
451 352 557 379 animas
573 357 688 379 vestras.
708 362 717 378 ι
731 352 918 380 Mercenarius
933 354 1006 381 enim

218 404 280 423 eum
291 396 367 423 videt
377 396 472 431 lupum
483 397 736 433 venientem,fugit,
748 398 812 433 quia
821 399 1008 427 mercenarius

217 445 269 473 est,
283 445 311 468 et
327 441 360 468 ad
382 449 456 474 eum,
471 442 548 476 juxta
563 443 670 469 Domini
692 451 798 477 vocem,
813 452 868 472 non
887 445 1008 480 pertinet

217 485 252 513 de
281 486 399 520 ovibus;
436 487 525 514 bonus
549 493 640 515 autem
668 493 762 524 pastor
786 490 904 517 animam
929 498 1007 518 suam

217 531 265 559 dat
279 540 328 566 pro
347 532 446 559 ovibus
463 533 520 560 suis
536 533 569 560 ⁵⁵.
590 543 598 558 ι
617 534 775 569 Eodemque
790 535 871 563 modo
888 537 1008 564 militum

217 577 273 604 dux
286 578 407 613 optimus
421 578 611 606 fortitudinem
628 580 767 615 patefacit,
780 589 837 608 non
850 582 925 616 pacis
940 587 1008 610 tem-

216 630 295 657 pore,
324 624 371 651 sed
401 624 429 651 in
453 625 536 657 bello,
561 625 659 660 partim
675 626 744 653 alios
757 627 889 660 excitans,
908 629 1007 662 partim

217 668 275 708 ipse
295 676 345 704 pro
365 669 487 697 exercitu
504 670 634 704 periculis
650 679 679 698 se
690 671 834 706 objiciens.
849 673 1008 701 Absurdum

216 714 318 748 quippe
328 714 400 742 foret
416 715 526 742 militari
543 716 649 744 honore
658 718 736 744 illum
750 718 816 751 frui,
832 723 869 751 et,
883 720 929 747 ubi
942 728 1009 748 usus

217 760 314 795 poscit,
331 761 453 795 pericula
473 761 612 797 defugere.
759 799 761 802 γ

252 803 314 832 Haec
330 805 496 833 beatissimis
509 814 619 842 quoque
633 808 777 843 prophetis
799 809 827 836 in
843 818 919 838 more
933 819 1008 839 sem-

216 857 266 886 per
284 850 396 878 fuerunt
414 859 419 877 :
438 851 496 886 qui,
518 853 643 886 corporis
664 855 752 882 salute
765 856 931 890 postposita,
958 865 1006 892 pro

215 895 326 928 Iudaeis,
335 896 381 931 qui
391 897 465 932 ipsos
473 899 622 926 oderantet
633 901 842 935 aversabantur,
854 904 958 931 nullum
968 905 1008 932 la-

215 939 309 968 borem
320 946 347 969 et
359 942 512 976 periculum
523 943 712 973 detrectabant
725 955 731 973 ε
744 946 778 974 de
786 948 887 982 quibus
897 948 1008 978 divinus

215 986 361 1021 Apostolus
375 996 382 1014 :
403 997 411 1013 ι
426 988 550 1023 Lapidati
560 994 634 1022 sunt,
655 992 723 1019 secti
735 996 809 1025 sunt,
825 994 920 1021 tentati
931 999 1006 1027 sunt,

215 1031 289 1059 aede
299 1032 492 1067 gladiimortui
511 1039 584 1063 sunt.
606 1035 782 1065 Cireﬁierunt
795 1039 822 1066 in
839 1040 958 1073 melotis,
979 1041 1006 1068 in

215 1078 333 1113 pellibus
342 1079 471 1114 caprinis,
482 1085 603 1116 egentes,
617 1084 774 1117 angustiati,
785 1085 888 1118 aﬂlicti,
905 1087 1007 1121 quibus

215 1123 314 1158 dignus
326 1131 380 1152 non
390 1130 450 1153 crat
460 1125 506 1154 hic
516 1127 645 1160 mundus,
656 1128 764 1164 1128
773 1130 799 1157 in
811 1131 1007 1160 solitudinibus

215 1173 348 1201 errantes,
366 1174 395 1197 et
407 1171 558 1204 montibus,
574 1177 603 1200 et
615 1173 763 1208 speluncis,
776 1179 804 1202 ct
815 1177 941 1205 cavernis
952 1182 1007 1204 ter-

216 1214 308 1242 των.»
326 1215 372 1244 Sic
387 1221 415 1244 et
430 1216 516 1244 divini
530 1219 646 1253 apostoli
661 1220 755 1248 orbem
768 1221 928 1250 universum
941 1232 1006 1259 per-

215 1260 335 1294 agrando
358 1262 555 1297 praedicabant,
583 1272 639 1292 non
660 1265 793 1295 habentes
811 1268 935 1302 domum,
950 1278 1006 1298 non

215 1303 328 1337 lectum,
343 1314 398 1333 non
410 1310 538 1341 stratum,
552 1316 608 1336 non
620 1317 753 1344 mensam,
768 1319 824 1339 non
839 1313 912 1340 aliud
923 1314 1005 1348 quid-

215 1357 297 1384 quam
321 1358 417 1378 eorum
446 1361 507 1387 qua:
531 1361 598 1381 usus
612 1356 733 1389 postulat
746 1358 920 1387 necessarius
935 1369 942 1386 ἒ
957 1361 1004 1388 sed

215 1395 354 1431 ﬂagellati,
369 1403 396 1425 et
409 1400 483 1432 torti,
497 1404 525 1428 et
536 1402 694 1430 carceribus
706 1403 821 1436 detenti,
834 1406 919 1433 etalia
932 1407 1005 1436 mille
1017 1399 1026 1403 λ

215 1443 312 1471 mortis
327 1453 425 1480 genera
438 1446 621 1480 perferentes.
646 1448 735 1483 Atque
757 1449 815 1478 liaac
828 1451 866 1478 illi
881 1453 1004 1487 perfere-

216 1487 293 1539 bant,
312 1497 367 1517 non
388 1499 438 1526 pro
459 1492 533 1519 notis
555 1497 584 1520 et
602 1493 709 1527 amicis,
735 1495 782 1523 sed
803 1504 855 1531 pro
873 1498 927 1525 illis
939 1499 1005 1534 ipsis
1019 1511 1039 1539 ο

216 1534 263 1569 qui
284 1543 332 1563 eos
355 1538 594 1572 persequebantur
616 1540 739 1574 pericula
766 1542 840 1570 ultro
861 1543 1002 1572 adeuntes.

216 1579 276 1614 Quo
294 1587 368 1609 certe
388 1582 491 1617 justius
505 1593 579 1613 nunc
589 1589 642 1618 est,
664 1593 715 1621 pro
727 1587 789 1615 ﬁdei
802 1589 894 1621 sociis,
908 1594 936 1618 et
949 1591 1005 1618 fra-

217 1625 316 1657 tribus,
341 1631 369 1654 et
393 1627 470 1660 filiis,
499 1629 606 1657 irruens
628 1630 682 1658 hoc
705 1635 828 1667 tempore
851 1635 1004 1668 periculum

216 1671 354 1705 amplecti.
372 1671 447 1700 Hanc
460 1674 534 1702 enim
549 1675 577 1702 in
589 1683 654 1704 suos
665 1677 1004 1716 benevolentiaminsitam
1038 1702 1043 1706 .

217 1716 301 1744 habet
322 1718 404 1745 etiam
431 1724 528 1747 natura
552 1721 696 1750 brutarum
718 1724 910 1753 animantium.
936 1721 1004 1755 Nam

217 1766 246 1790 et
257 1771 382 1798 passeres
397 1765 491 1794 videre
503 1771 545 1795 est
561 1776 611 1803 pro
623 1769 706 1803 pullis
716 1767 774 1798 suis
787 1773 876 1806 quoad
890 1779 1006 1808 possunt

217 1807 407 1843 decertantes,
435 1816 464 1839 et
487 1820 556 1847 quas
572 1813 644 1842 vires
663 1814 765 1842 habent
782 1817 816 1844 ad
831 1807 939 1853 illorum
956 1820 1004 1847 de-

217 1852 369 1882 fensionem
385 1861 546 1885 exercentes
572 1867 579 1885 :
603 1863 631 1886 et
645 1860 697 1887 alia
712 1861 840 1890 similiter
862 1852 1004 1892 volucrum

217 1906 317 1933 genera
329 1909 377 1935 pro
387 1903 509 1936 parvulis
521 1905 578 1932 suis
589 1906 743 1940 periculum
754 1908 884 1945 subeunt.
896 1910 930 1937 Et
939 1911 1005 1946 quid

218 1945 345 1973 volucres
367 1947 446 1974 dico?
472 1949 539 1982 ursi,
566 1954 594 1978 et
609 1952 698 1986 pardi.
720 1957 748 1980 et
759 1954 843 1989 lupi,‘
861 1960 889 1983 et
913 1945 1007 1984 leones

217 1991 360 2025 quodlibet
370 2001 420 2027 pro
429 1994 534 2022 fetuum
544 2004 656 2025 suorum
664 1999 752 2026 salute
763 2001 868 2036 perpeti
876 2003 1005 2037 gaudent.

217 2037 274 2064 Nec
286 2037 360 2064 enim
374 2038 512 2070 irruentes
524 2041 678 2076 declinant,
705 2045 753 2072 sed
765 2046 875 2074 illorum
889 2049 1007 2084 impetus

217 2083 368 2118 excipiunt,
385 2089 413 2112 et
427 2093 477 2120 pro
491 2087 564 2116 natis
574 2089 631 2116 suis
646 2089 786 2118 dimicant.

255 2247 317 2275 llaec
327 2256 409 2283 porro
427 2250 463 2277 ita
476 2249 606 2282 disserui,
624 2258 680 2278 non
693 2255 723 2278 ut
737 2252 842 2279 ratione
854 2253 1006 2280 carentium

218 2295 345 2329 exemplo
358 2295 479 2322 animum
494 2296 591 2331 addam
603 2297 698 2331 pietati
710 2303 817 2330 vestrae,
831 2299 878 2326 sed
892 2304 922 2326 ut
932 2299 1009 2327 dolo-

219 2349 276 2368 rem
292 2341 350 2375 ipse
363 2349 454 2368 meum
466 2341 577 2374 leniam,
592 2342 761 2378 doceamque
774 2351 823 2370 vos
837 2343 939 2371 Christi
951 2353 1009 2379 gre-

219 2394 279 2422 gem
297 2386 468 2415 irruentibus
482 2387 554 2422 lupis
569 2388 628 2415 sine
645 2393 752 2423 pastore
770 2397 822 2416 non
839 2390 1007 2423 deserturos,

220 2433 278 2464 sed.
292 2433 424 2461 advocato
432 2433 464 2460 ad
475 2433 606 2461 auxilium
617 2434 810 2469 ejusDomiuo,
819 2435 946 2463 alacriter
959 2444 1009 2471 pro

219 2477 296 2505 illius
311 2478 470 2506 defensione
485 2483 663 2514 pugnaturos.
682 2479 739 2507 Iloe
750 2480 823 2507 enim
836 2485 944 2515 tempus
959 2481 1008 2508 de-

219 2524 306 2550 clarat
329 2524 391 2558 quis
412 2524 448 2552 sit
467 2530 577 2559 pastor,
606 2526 669 2560 quis
683 2527 879 2558 mercenarius,
903 2532 932 2554 et
947 2527 1010 2562 quis

222 2577 329 2604 gregem
348 2570 494 2604 diligenter
510 2575 619 2605 pascat,
640 2571 748 2606 1129
763 2571 826 2606 quis
843 2572 885 2599 lae
897 2572 1008 2606 quidem

223 2613 347 2641 comedat
358 2635 365 2646 ,
392 2619 420 2642 et
435 2614 504 2642 lanis
522 2615 664 2650 operiatur
676 2635 683 2648 ,
707 2615 799 2642 ovium
813 2624 879 2643 vero
892 2617 1008 2644 salutent

257 2691 280 2707 "
295 2691 373 2719 Joan.
388 2700 413 2724 x,
429 2692 472 2725 12,
494 2692 537 2719 13.
575 2692 598 2708 ⁸⁸
612 2692 695 2720 llebr.
709 2701 746 2726 ιι,
762 2693 806 2726 57,
821 2693 866 2721 58.

258 2760 315 2829 (ἒὶίζ
330 2760 430 2794 λογίοις
445 2762 476 2789 Ν.

259 2796 304 2828 (5‘2
333 2795 476 2829 καθιιργόμ

259 2795 315 2829 (5‘2)
333 2795 538 2832 καθειργόμενοι
556 2797 639 2832 Neap.
990 2827 994 2830 .

260 2832 315 2866 (53)
333 2831 378 2858 Sic
391 2836 463 2858 recte
485 2832 688 2867 Neapolitanus.
707 2834 866 2862 Sirmondus
892 2835 1009 2863 habebat

1058 213 1146 248 λόγοις
1157 214 1197 249 (5‘1
1205 214 1275 249 ),καὶ
1287 214 1361 250 παρὰ
1369 214 1416 241 τοῦ
1424 214 1619 250 ἀρχιποίμενος
1627 214 1823 250 μεμαθηκότες
1833 214 1865 241 τε

1057 259 1103 286 τὸν
1121 259 1224 294 ἀγαθὸν
1241 260 1437 295 χαρακτηρίζει
1459 260 1588 295 ποιμένα,
1604 259 1716 295 εὒδηλον
1742 260 1785 286 ὅτι
1800 259 1863 295 τὴν

1057 304 1146 340 ψυχὴν
1162 305 1239 340 ὑμῶν
1251 305 1346 341 θήσετε
1371 306 1441 341 ὑπὲρ
1461 306 1516 332 τῶν
1532 306 1687 341 προϐάτιον.
1711 316 1720 332 ι
1739 306 1768 332 '0
1793 305 1863 341 γὰρ

1061 351 1208 386 μισθωτὸς,
1221 352 1285 378 ὅταν
1300 351 1343 386 ἴδῃ
1357 351 1403 378 τὶν
1416 351 1498 378 λύκον
1511 352 1669 387 ἐρχόμενον,
1687 351 1794 386 φεύγει,
1809 351 1861 378 ὅτι

1059 395 1194 431 μισθωτός
1208 397 1277 427 ἐστι,
1295 396 1343 423 καὶ
1362 397 1392 422 οὐ
1410 396 1486 432 μέλει
1498 397 1572 432 αὐτῷ
1592 397 1656 431 περὶ
1671 397 1726 423 τῶν
1743 396 1861 430 προϐά-

1057 450 1122 475 των,
1151 442 1222 469 κατὰ
1246 442 1295 477 τὴν
1320 441 1367 468 τοῦ
1391 443 1495 478 Κυρίου
1523 443 1632 478 φωνήν·
1658 442 1673 468 ὁ
1699 442 1727 469 δὲ
1743 443 1860 477 ποιμὴν

1057 489 1071 516 ὁ
1081 488 1162 520 καλὸς
1179 489 1230 524 τὴν
1244 488 1335 523 ψυχὴν
1358 488 1443 514 αὑτοῦ
1462 488 1570 522 τίθησιν
1587 487 1656 523 ὑπὲρ
1671 488 1726 514 τῶν
1739 488 1856 523 προϐά-

1056 543 1121 561 των.
1139 544 1148 560 ι
1173 534 1251 560 Οὕτω
1271 533 1317 560 καὶ
1340 533 1492 569 στρατηγὸς
1506 534 1616 568 ἄριστος
1633 534 1683 560 οὐκ
1701 534 1730 560 ἐν
1749 535 1856 569 εἰρήνῃ

1057 580 1175 607 δείκνυσι
1190 580 1238 612 τὴν
1260 579 1364 606 οἰκείαν
1380 579 1502 615 ἀνδρίαν,
1528 580 1585 605 ἀλλ’
1601 580 1629 606 ὲν
1647 579 1686 614 τῷ
1701 579 1747 606 τοῦ
1769 579 1858 605 πολέ-

1059 634 1110 660 μου
1135 625 1234 661 καιρῷ,
1252 625 1299 651 καὶ
1324 625 1387 656 τοὺς
1410 625 1507 656 ἄλλους
1525 625 1677 660 διεγείρων,
1703 625 1750 651 καὶ
1766 624 1855 656 αὐτὸς

1058 671 1274 706 προκινδυνεύων
1287 670 1337 705 τῆς
1352 671 1490 705 στρατιᾶς.
1509 672 1627 697 Ἄτοπον
1640 670 1705 706 γὰρ,
1726 671 1775 705 τῆς
1799 671 1855 705 μὲν

1058 715 1246 750 στρατηγικῆς
1268 715 1348 742 αὑτὸν
1373 714 1519 742 ἀπολαύειν
1533 715 1626 750 τιμῆς,
1643 715 1672 741 ὲν
1694 715 1722 741 δὲ
1743 715 1782 750 τῷ
1798 715 1854 749 τῆς

1057 761 1150 797 χρείας
1162 760 1250 796 καιρῷ
1265 761 1328 792 τοὺς
1343 761 1481 792 κινδύνους
1503 760 1723 795 ἀποδιδράσκειν.

1093 806 1185 832 Ταῦτα
1207 806 1254 832 καὶ
1272 806 1297 832 οι
1325 806 1523 840 τρισμακάριοι
1548 805 1686 840 προφῆται
1711 805 1855 831 διετέλουν

1058 851 1197 882 ποιοῦντες
1211 858 1219 866 ο
1237 851 1284 878 καὶ
1301 851 1349 886 τῆς
1370 851 1418 886 μὲν
1437 850 1597 885 σωματικῆς
1617 850 1753 885 σωτηρίας
1777 849 1855 884 ὴμέ-

1057 897 1133 924 λουν·
1148 897 1235 924 πάντα
1250 897 1277 923 δὲ
1293 897 1373 923 πόνον
1385 897 1430 923 καὶ
1445 897 1566 923 κίνδυνον
1582 896 1651 930 ὑπὲρ
1668 896 1721 922 τῶν
1738 895 1855 931 μισούν-

1056 950 1111 968 των
1127 934 1236 972 αὐτοὺς
1250 941 1300 977 καί
1319 941 1568 977 ἀποστρεφομένων
1598 940 1730 968 Ἰουδαίων
1753 939 1854 966 ἀνεδέ-

1057 995 1145 1022 χοντο.
1173 987 1241 1022 Περὶ
1261 986 1363 1013 τούτων
1377 987 1459 1022 φησὶν
1487 987 1500 1013 ὁ
1526 987 1596 1018 θεῖος
1616 986 1788 1018 Ἀπόστολος,
1807 986 1853 1012 ὅτι

1060 1041 1069 1057 ι
1095 1031 1302 1066 Ἐλιθάσθησαν,
1318 1032 1500 1067 ἐπρίσθησαν,
1519 1031 1715 1067 ἐπειράθησαν,
1728 1032 1757 1057 ὲν
1774 1031 1853 1065 φόνῳ

1058 1077 1195 1112 μαχαίρας
1209 1076 1352 1104 ἀπέθανον.
1370 1076 1520 1112 Περιῆλθον
1537 1078 1565 1102 ἐν
1582 1076 1729 1111 μηλωταῖς,
1752 1077 1781 1101 ἐν
1803 1076 1850 1102 αι-

1056 1123 1141 1157 γείοις
1159 1122 1305 1157 δέρμασιν,
1321 1122 1513 1158 ὑστερούμενοι
1531 1142 1538 1153 ,
1561 1121 1727 1156 θλιϐόμενοι,
1743 1130 1850 1148 κακου-

1057 1167 1194 1203 χούμενοι,
1214 1165 1252 1194 ὧν
1267 1168 1316 1194 οὒκ
1337 1165 1370 1203 ἦν
1386 1168 1460 1201 ἄξιος
1478 1169 1492 1195 ό
1509 1168 1611 1202 κόσμος
1625 1164 1717 1199 οὗτος·
1734 1168 1762 1194 ὲν
1780 1168 1849 1202 ἐρη-

1058 1214 1133 1249 μίαις
1145 1214 1328 1249 πλανώμενοι,
1341 1214 1388 1241 καὶ
1403 1213 1489 1249 ὖρεσι,
1501 1214 1548 1240 καὶ
1559 1213 1713 1248 σπηλαίοις,
1728 1215 1773 1240 καὶ
1787 1215 1849 1245 ταῖς

1056 1259 1137 1291 ὀπαῖς
1160 1260 1210 1294 τῆς
1229 1259 1292 1294 γῆς.
1315 1269 1324 1285 ι
1344 1258 1438 1290 Οὕτως
1458 1258 1483 1285 ot
1502 1258 1568 1284 θεῖοι
1587 1258 1731 1285 ἀπόστολοι
1753 1259 1846 1286 πᾶσαν

1056 1305 1279 1340 περινοστοῦντες
1299 1305 1349 1340 τὴν
1368 1304 1530 1340 οἰκουμένην
1552 1305 1712 1340 ἐκήρυττον,
1737 1304 1788 1331 οὐκ
1805 1304 1845 1331 ol-

1057 1351 1119 1377 κίαν
1134 1349 1251 1385 ἔχοντες,
1264 1350 1293 1376 οὐ
1305 1349 1410 1384 κλίνην.
1426 1350 1456 1376 ού
1474 1350 1628 1385 στρωμνὴν,
1646 1350 1676 1376 οὐ
1691 1349 1844 1385 τράπεζαν,

1056 1397 1106 1423 οὐκ
1120 1396 1204 1432 ἄλλην
1218 1395 1279 1422 τινὰ
1291 1396 1344 1422 τῶν
1358 1396 1515 1430 ἀναγκαίων
1534 1396 1643 1431 χρείαν*
1661 1396 1718 1423 ἀλλ’
1737 1396 1844 1428 αἰκιζό-

1058 1450 1143 1476 μενοι,
1157 1441 1204 1468 καὶ
1222 1441 1440 1477 στρεϐλούμενοι,
1453 1441 1499 1468 καὶ
1510 1441 1702 1477 καθειργμένοι
1711 1441 1767 1476 (5'3)
1776 1462 1783 1475 ,
1795 1442 1845 1468 καὶ

1058 1487 1144 1523 μυρία
1169 1487 1291 1514 θανάτων
1319 1487 1502 1522 ὑπομένοντες
1524 1488 1592 1523 είδη.
1617 1488 1671 1514 Καὶ⁴
1691 1488 1777 1515 ταῦτα
1795 1488 1846 1514 ὐπ-

1056 1533 1162 1569 έμενον,
1186 1534 1235 1568 οὐχ
1260 1533 1331 1569 ὑπὲρ
1350 1533 1497 1569 γνωρίμων
1512 1533 1674 1569 ἀνθρώπων,
1696 1534 1753 1560 ἀλλ’
1770 1534 1843 1568 ὑπὲρ

1055 1579 1143 1606 αὐτῶν
1156 1579 1268 1605 ἐκείνων
1280 1579 1334 1604 τῶν
1351 1579 1501 1606 διωκόντων
1517 1579 1616 1611 αὐτοὺς
1625 1580 1687 1611 τοὺς
1705 1579 1845 1610 κινδύνους

1055 1624 1221 1659 αἱρούμενοι.
1246 1624 1340 1659 Πολλῷ
1361 1625 1451 1651 τοίνυν
1471 1625 1638 1660 δικαιότερον
1657 1624 1727 1660 ὑπὲρ
1744 1625 1842 1657 ὁμοπί-

1056 1678 1136 1710 στοςι,
1155 1669 1202 1696 καὶ
1222 1669 1352 1703 ἀδελφῶν,
1371 1670 1417 1696 καὶ
1429 1669 1550 1700 τέκνων.
1575 1670 1621 1696 τὸν
1640 1671 1686 1696 ἐπὶ
1705 1670 1752 1696 τοῦ
1772 1679 1843 1706 παρ-

1055 1717 1130 1747 όντος
1143 1716 1391 1751 προσϐαλόνταιῦὅ)
1404 1715 1524 1742 κίνδυνον
1535 1715 1724 1749 ἀναδέξασθαι.
1737 1715 1844 1750 Ταύτην

1055 1761 1109 1797 γὰρ
1119 1762 1167 1796 τὴν
1181 1761 1371 1797 φιλοστοργίαν
1387 1761 1443 1796 ἔχει
1456 1761 1503 1788 καὶ
1516 1761 1570 1788 τῶν
1583 1761 1687 1795 ἀλόγων
1700 1763 1715 1797 ἡ
1729 1761 1808 1796 φύσις
1828 1772 1834 1778 ·

1055 1807 1113 1834 ἔστι
1133 1807 1187 1842 γὰρ
1202 1807 1265 1834 ἰδεῖν
1284 1807 1331 1833 καὶ
1353 1806 1497 1842 στρουθοὺς
1514 1807 1585 1843 ὑπὲρ
1595 1807 1649 1834 τῶν
1659 1808 1775 1834 νεοττῶν
1786 1808 1841 1843 (5t)

1057 1854 1284 1889 ὑπερμαχοῦντας
1308 1854 1348 1885 είς
1369 1853 1496 1888 δύναμιν,
1520 1853 1567 1879 καὶ
1590 1854 1623 1888 ἢν
1644 1853 1750 1888 ἔχουσιν
1764 1854 1839 1888 ἰσχὺν

1057 1900 1126 1935 ὑπὲρ
1147 1899 1250 1926 τούτων
1272 1900 1447 1934 εἰσφέροντας
1457 1908 1464 1914 ·
1480 1900 1528 1925 καὶ
1543 1899 1566 1925 τ’
1577 1899 1643 1926 ἄλλα
1666 1899 1693 1925 δὲ
1709 1899 1762 1925 τῶν
1778 1908 1842 1935 πτη-

1057 1945 1110 1972 νῶν
1124 1944 1189 1979 γένη
1200 1944 1246 1970 τὸν
1266 1945 1336 1980 ὑπὲρ
1345 1945 1398 1970 τῶν
1414 1945 1532 1978 ἐκγόνων
1539 1944 1659 1971 κίνδυνον
1669 1944 1837 1979 ἀναδέχεται.

1056 1991 1142 2017 Καὶτί
1154 1991 1224 2025 λέγω
1234 1991 1266 2017 τὰ
1281 1991 1369 2026 πτηνὰ
1381 2000 1388 2022 ;
1400 1991 1454 2018 Καὶ
1465 1991 1519 2026 γὰρ
1529 1991 1622 2026 ἄρκτοι
1636 1991 1702 2025 (55),
1716 1992 1762 2018 καὶ
1777 2000 1841 2026 παρ-

1056 2036 1156 2068 δάλεις,
1184 2036 1231 2063 καὶ
1251 2036 1338 2069 λύκοι,
1357 2037 1404 2063 καὶ
1424 2037 1540 2069 λέοντες,
1563 2037 1617 2063 πᾶν
1637 2037 1725 2064 ὁτιοῦν
1749 2037 1842 2064 πιθεῖν

1057 2081 1127 2116 ὑπὲρ
1139 2081 1186 2115 τῆς
1201 2080 1256 2107 τῶν
1268 2080 1386 2114 ἐκγόνων
1409 2081 1544 2116 σωτηρίας
1567 2081 1705 2116 αἱροῦνται
1720 2090 1725 2095 ·
1744 2081 1774 2108 ού
1790 2082 1842 2117 γὰρ

1057 2125 1189 2160 φεύγουσι
1202 2126 1264 2158 τοὺς
1284 2126 1420 2158 ἐπιόντας,
1436 2126 1503 2152 ἀλλὰ
1526 2127 1574 2161 τὴν
1597 2126 1699 2152 τούτων
1718 2126 1841 2161 δέχονται

1022 2183 1046 2214 η
1059 2171 1222 2207 προσϐολὴν,
1239 2172 1286 2198 καὶ
1299 2171 1354 2198 τῶν
1368 2172 1471 2198 τέκνων
1489 2171 1689 2206 ύπερμαχοῦσι.

1093 2251 1186 2278 Ταῦτα
1199 2251 1225 2278 δὲ
1241 2251 1389 2286 διεξῆλθον,
1406 2251 1455 2277 οὐκ
1477 2251 1508 2277 ὲκ
1521 2250 1570 2285 τῆς
1585 2251 1636 2277 τῶν
1651 2251 1755 2284 ἀλόγων
1771 2251 1836 2278 εἰκό-

1057 2306 1100 2328 νος
1115 2298 1153 2329 εἰς
1174 2296 1312 2332 ὑπομονὴν
1326 2297 1372 2322 καὶ
1387 2296 1534 2331 καρτερίαν
1554 2296 1604 2332 τὴν
1619 2297 1755 2332 ὑμετέραν
1770 2297 1839 2331 φιλο-

1057 2343 1132 2370 οεῖαν
1146 2343 1275 2376 ἀλείφων,
1290 2342 1347 2368 ἀλλ’
1359 2342 1478 2377 ἐμαυτὸν
1493 2342 1539 2368 ἐπὶ
1552 2343 1584 2377 τῇ
1598 2342 1701 2377 ἀθυμίᾳ.
1718 2342 1839 2378 ψυχαγω-

1056 2389 1122 2422 γῶν,
1145 2389 1193 2415 καὶ
1215 2388 1327 2419 πείθων,
1347 2387 1384 2419 ὡς
1404 2388 1434 2413 οὐ
1457 2387 1633 2422 καταλείψετε
1657 2387 1703 2414 τοῦ
1728 2387 1839 2423 Χριστοῦ

1057 2434 1105 2469 τὴν
1121 2434 1239 2469 ποίμνην
1255 2433 1309 2460 τῶν
1323 2432 1413 2460 λύκων
1429 2434 1560 2459 ἐπιόντων
1578 2433 1744 2467 ἀποίμαντον
1761 2443 1765 2449 ·
1779 2433 1840 2461 ἀλλὰ

1056 2479 1102 2505 τὸν
1118 2479 1217 2513 ταύτης
1239 2478 1341 2513 Κύριον
1358 2479 1399 2510 εἰς
1416 2479 1576 2514 συμμαχίαν
1592 2479 1765 2511 καλέσαντες,
1785 2488 1841 2515 προ-

1057 2524 1150 2560 θύμως
1169 2524 1330 2557 ἀναδέξεσθε
1352 2525 1398 2551 τὸν
1415 2525 1486 2559 ὑπὲρ
1509 2525 1593 2560 αὐτῆς
1618 2525 1721 2559 ἀγῶνα.
1746 2526 1773 2552 '0
1792 2526 1840 2561 γὰρ

1057 2571 1175 2602 τοιοῦτος
1188 2571 1283 2606 καιρὸς
1299 2570 1444 2602 δείκνυσιν,
1460 2571 1502 2603 τίς
1519 2571 1569 2606 μὲν
1583 2571 1696 2607 ποιμὴν,
1712 2572 1752 2604 τίς
1764 2571 1790 2598 δὲ
1802 2580 1840 2606 μι-

1058 2617 1171 2649 σθωτὸς,
1189 2615 1236 2643 καὶ
1253 2615 1293 2648 τίς
1312 2616 1361 2651 μὲν
1377 2617 1531 2652 φιλοπόνως
1546 2617 1700 2653 ποιμαίνει,
1715 2617 1755 2650 τίς
1772 2617 1798 2644 ελ
1812 2617 1838 2644 τὸ

1065 2765 1259 2801 προῆὁιλλοντα.

1100 2801 1155 2835 (Μ)
1173 2800 1290 2833 ἐγγόνων
1304 2800 1387 2836 Neap.

1100 2835 1155 2872 (55)
1172 2836 1249 2871 ἄρτοι
1265 2835 1297 2862 Ν.
