1962 3051
101 138 174 171 1249
757 136 937 167 EPISTOLA
958 137 1100 168 Lxxvu.
1669 139 1736 171 tam

102 197 158 232 μὲν
172 195 243 230 γάλα
265 194 362 228 ἐσθίει,
383 194 430 221 καὶ
444 193 478 220 τὰ
499 193 560 229 ἔρια
582 192 786 229 περιϐάλλεται,
801 193 850 228 τῆς
863 192 891 218 δὲ

955 200 1058 228 nsuper
1072 193 1181 220 habeat.
1201 203 1209 219 ι
1225 193 1278 221 Sed
1293 194 1381 222 ﬁdelis
1395 195 1477 228 Deus,
1489 195 1536 230 qui
1550 203 1602 222 non
1614 201 1735 230 patietur

101 243 160 270 ’τῶν
176 241 318 277 προϐάτων
332 240 469 276 σωτηρίας
482 240 657 274 καταφρονεῖ.
669 248 678 265 ι
698 238 779 265 Ἀλλὰ
797 238 893 270 πιστὸς

955 246 993 266 ὀε
1016 239 1116 266 tentari
1133 247 1214 274 supra
1228 240 1255 267 id
1272 239 1346 275 quod
1361 241 1487 275 potestis,
1514 241 1562 268 sed
1577 241 1659 268 faciet
1673 249 1736 269 cum

101 289 118 315 ὁ
134 287 212 319 Θεὸς,
239 287 268 318 ὃς
287 287 337 313 οὐκ
354 286 429 312 ἐάσει
451 285 522 320 ὑμᾶς
537 284 701 320 πειραθῆναι
721 283 790 319 ὑπὲρ
810 283 824 309 ὃ
848 283 895 309 δύ-

955 285 1097 312 entatione
1123 286 1207 313 etiam
1229 286 1333 313 exitum
1357 290 1388 313 ut
1405 287 1516 322 possitis
1529 287 1667 315 sustinere
1676 289 1706 314 “.
1725 297 1734 314 ι

103 334 199 365 νασθε,
213 333 282 360 ἀλλὰ
300 333 409 366 ποιήσει
425 332 473 358 σὺν
495 331 535 366 τῷ
551 331 697 366 πειρασμῷ
716 330 762 357 καὶ
780 329 829 364 τὴν
848 329 894 355 ἑκ-

102 380 186 406 6ισιν
196 377 243 405 τοῦ
259 377 388 404 δύνασθαι
401 377 474 412 ὑμᾶς
486 377 657 410 ὑπενεγκεῖν.
668 386 677 402 ι
688 375 791 402 Ἐκεῖνο
801 375 828 401 δὲ
842 383 895 401 παο

105 424 219 460 ρακαλῶ
232 424 281 459 τὴν
296 423 433 458 ὑμετέραν
450 422 616 454 Θεοσέῦειαν,
639 421 710 448 ὥστε
727 422 781 447 τῶν
796 420 895 456 σαθρο-

103 470 195 504 τέρων
209 468 320 495 πλείονα
336 467 504 503 ποιήσασθαι
521 467 649 503 πρόνοιαν
662 474 670 482 ·
690 467 737 493 καὶ
753 466 790 501 μὴ
815 466 894 500 μόνον

103 515 170 545 τοὺς
191 514 386 548 σαλευομένους
406 513 542 548 στηρίξαι,
563 512 630 540 ἀλλὰ
645 512 767 542 καὶτοὺς
786 519 895 538 πεπτω-

105 560 189 592 κότας
200 561 304 594 ἐγεῖραι
322 567 328 574 ·
345 559 404 585 οὐδὲ
422 558 475 594 γὰρ
493 559 517 585 οἱ
539 558 667 593 ποιμένες
683 558 737 583 τῶν
753 556 895 590 νενοσηκό-

944 330 1013 357 Illud
1025 335 1116 358 autem
1131 339 1181 358 oro
1193 331 1323 366 pietatem
1336 336 1455 359 vestram
1466 353 1473 365 ,
1499 337 1529 360 ut
1541 340 1607 367 erga
1619 333 1736 360 debilio-

944 383 990 403 res
1006 377 1137 411 majorem
1150 377 1285 404 exseratis
1300 378 1513 412 providentiam,
1531 386 1563 405 ac
1578 386 1634 405 non
1647 380 1736 406 solum

948 421 1112 450 fluctuantes
1135 423 1299 455 stabiliatis,
1327 425 1374 452 sed
1397 425 1489 459 lapsos
1509 425 1593 452 etiam
1616 425 1736 459 erigatis.

947 467 1041 502 Neque
1054 468 1128 495 enim
1154 473 1277 503 pastores
1299 470 1440 497 morbidas
1453 478 1518 497 oves
1531 474 1712 498 contemnunt
1729 480 1735 497 ε

947 514 995 541 sed
1018 514 1067 541 bas
1088 515 1199 549 quidem
1226 516 1261 542 ab
1283 516 1335 543 illis
1358 516 1523 551 seiungunt,
1551 517 1656 544 nullum
1672 525 1738 544 vero

947 556 982 584 ad
993 564 1040 584 eas
1051 558 1187 585 curandas
1204 559 1319 586 remedii
1334 567 1420 594 genus
1432 561 1655 595 praetermittunt.

104 613 160 631 των
174 605 303 640 ἀμελοῦσι
325 604 480 640 προεάτων,
505 604 574 631 ἀλλὰ
591 604 737 639 χωρίζουσι
757 603 807 638 μὲν
840 602 910 629 αὐτὰ
928 602 983 629 τῶν
1009 603 1107 636 ἄλλων,
1123 605 1178 631 πᾶν
1199 605 1227 631 δὲ
1250 603 1319 637 εἶδος
1336 607 1426 638 αὐτοῖς
1451 606 1599 642 θεραπείας
1616 607 1737 642 προσξέ-

127 659 196 678 ουσι.

127 661 196 678 ausi.

106 661 124 687 ρ
144 696 229 722 Τοῦτο
242 696 289 722 καὶ
308 696 374 731 ἡμῖν
392 695 528 730 ποιητέον.
541 695 610 725 Τοὺς
627 695 681 729 γὰρ
697 693 895 724 ὀλισθαίνοντας

103 742 259 776 ἀναστῆσαι
276 742 420 776 προσήκει,
430 741 476 767 καὶ
489 742 566 775 χεῖρα
580 740 680 775 ὀρέξαι,
695 741 741 766 καὶ
754 739 895 774 παραθαρ-

109 787 199 818 σῦναι,
217 787 263 812 καὶ
278 786 312 812 τὰ
326 786 494 821 ἐγγενόμενα
509 785 638 820 δήγματα
651 785 830 821 θεραπεῦσαι.
848 784 896 810 καὶ

108 832 148 866 μὴ
161 831 348 865 ἀπαγορεῦσαι
365 831 453 856 αὐτῶν
471 829 519 864 τὴν
536 830 683 864 σωτηρίαν,
700 830 767 865 μηδὲ
783 828 896 865 προδοῦ-
913 850 933 877 Β

108 884 154 902 ναι
184 876 223 910 τῷ
250 876 363 910 στόματι
393 875 440 902 τοῦ
462 875 597 902 διαϐόλου.
615 875 700 902 Τοῦτο
724 875 771 901 καὶ
793 876 806 901 ὀ
825 875 896 906 θεῖος

106 921 258 951 ἀπόστολος
274 920 378 952 Παῦλος
395 920 508 947 διετέλει
522 920 617 947 ποιῶν·
633 920 680 947 καὶ
696 920 829 950 Γαλάτας,
848 927 896 954 με-

108 967 145 992 τὰ
159 967 190 993 τὸ
204 968 337 1001 σωτήριον
357 966 510 1001 βάπτισμα,
528 966 575 992 καὶ
590 965 638 1000 τὴν
656 965 702 992 τοῦ
723 965 795 991 θείου
810 964 897 990 Πνεύ-

112 1020 196 1047 ματος
209 1012 352 1047 χορηγίαν,
365 1012 405 1043 εἰς
417 1012 465 1046 τὴν
481 1011 628 1046 Ἶουδαῖκὴν
643 1011 785 1037 ἀσθένειαν
796 1010 897 1042 ἐξοκεί-

110 1059 221 1090 λαντας,
237 1060 283 1085 καὶ
297 1058 447 1093 περιτομὴν
462 1057 635 1091 δεξαμένους.
653 1056 775 1091 ὠδύρατο
790 1056 838 1091 μὲν
852 1056 898 1082 καὶ

109 1104 262 1140 ἂθρήνησεν
279 1103 349 1138 ὑπὲρ
370 1104 460 1130 πᾶσαν
479 1102 585 1137 μητέρα
602 1101 787 1137 φιλόστοργον·
802 1101 897 1136 ἐθερά-

111 1158 196 1176 πευσε
207 1149 245 1180 δὲ,
263 1149 309 1175 καὶ
323 1149 372 1183 τῆς
386 1147 541 1184 ἁρῤωστίας
557 1147 665 1181 ἐκείνης
680 1146 837 1181 ἐλευθέρους
850 1147 899 1172 ἀπ-

112 1195 204 1229 έφηνε.
223 1194 277 1220 Καὶ
298 1193 371 1219 ἐστιν
383 1192 465 1219 αὑτοῦ
489 1192 604 1227 βοῶντος
624 1192 751 1219 ἀκοῦσαι·
771 1200 780 1216 ι
798 1191 898 1217 Τεκνία

113 1249 176 1274 μου.
202 1239 249 1270 οὒς
268 1239 348 1265 πάλιν
364 1238 463 1268 ὠδίνω,
483 1238 562 1272 ἄχρις
583 1233 613 1263 οὗ
633 1235 762 1271 μορψωθῇ
783 1235 899 1271 Χριστὸς

112 1286 222 1320 ὲνὺμῖν.
230 1295 238 1310 ι
249 1284 327 1311 Οὕτω
339 1283 394 1310 τῶν
407 1283 557 1318 Κορινθίων
569 1282 736 1313 διδάσκαλον,
750 1282 799 1316 τὴν
811 1290 900 1315 μυσα-

113 1332 163 1367 ρὰν
180 1331 287 1365 ἐκείνην
311 1328 498 1364 τετολμηκότα
520 1327 658 1363 πορνείαν,
683 1328 729 1354 καὶ
755 1327 898 1353 ἐπαίδευσε

112 1375 264 1411 πατρικῶς,
294 1375 340 1401 καὶ
364 1374 510 1400 ἐπαίδευσε
539 1372 598 1399 λίαν
623 1372 825 1407 ἐπιστημόνως,
852 1372 900 1398 καὶ

112 1421 253 1455 ἀποκόψας
268 1420 296 1446 ὲν
360 1418 482 1454 προτέρα
493 1417 613 1452 συνῆψεν
630 1419 659 1444 ὲν
674 1419 706 1452 τῇ
715 1417 839 1452 δευτέρᾳ,
853 1416 900 1442 καί

113 1474 204 1501 φησιν’
223 1475 233 1491 ι
248 1465 329 1491 Ὥστε
343 1465 415 1499 ὑμᾶς
428 1463 527 1499 μᾶλλον
538 1463 703 1498 χαρίσασθαι
712 1463 761 1489 καὶ
774 1470 902 1497 παρακα-

113 1512 200 1543 λέσαι,
234 1512 331 1546 μήπως
362 1512 394 1546 τῇ
422 1509 604 1545 περισσοτέρᾳ
632 1508 705 1544 λύπῃ
728 1508 870 1543 καταποθῇ
888 1508 936 1553 6C

113 1556 241 1588 τοιοῦτος.
262 1565 271 1582 ι
293 1555 348 1583 Καὶ
369 1556 459 1582 πάλιν·
483 1564 492 1581 ι
515 1555 575 1582 Ἵνα
597 1554 635 1590 μὴ
659 1552 902 1588 πλεονεκτηθῶμεν

116 1601 168 1628 ὑπὸ
182 1601 228 1628 τοῦ
245 1601 361 1627 Σατανᾶ·
385 1600 415 1626 οὗ
430 1600 484 1634 γὰρ
498 1599 580 1626 αὐτοῦ
602 1599 636 1625 τὰ
654 1599 777 1633 νοήματα
792 1596 903 1631 ἀγνοοῦ-

117 1655 177 1682 μεν.
198 1656 207 1672 ι
227 1645 305 1672 Οὕτω
321 1646 368 1672 καὶ
385 1646 440 1676 τοῖς
457 1644 512 1671 τῶν
531 1643 713 1670 εἰδωλοθύτων
728 1643 903 1679 μεταλαμϐά-

116 1702 203 1725 νουσι,
235 1693 283 1719 καὶ
313 1692 480 1726 ἐπετίμησεν
510 1690 635 1722 δεόντως,
672 1689 719 1716 καὶ
751 1689 903 1724 παρῄνεσεν

118 1737 322 1774 προσηκόντως,
348 1736 396 1764 καὶ
421 1736 470 1771 τῆς
497 1735 618 1771 χαλεπῆς
639 1734 807 1770 ἠλευθέρωσε
833 1734 902 1761 πλά-

117 1788 178 1815 νης.

153 1829 255 1856 Τούτου
270 1828 348 1864 χάριν
360 1828 407 1854 καὶ
425 1828 440 1853 ὁ
457 1827 594 1861 Δεσπότης
608 1826 686 1861 ἡμῶν
707 1825 833 1860 Χριστὸς.
849 1824 904 1852 τῶν

119 1873 275 1902 ἀποστόλων
292 1873 338 1900 τὸν
360 1872 477 1908 πρῶτον,
492 1869 524 1898 οὗ
540 1873 589 1907 τὴν
606 1871 751 1906 ὁμολογίαν
769 1868 825 1897 οἷόν
845 1878 905 1897 τινα

120 1920 238 1956 κρηπῖδα
260 1919 308 1946 καὶ
330 1918 456 1952 θεμέλιον
476 1919 526 1952 τῆς
552 1917 715 1952 Ἑκκλησίας
739 1917 903 1951 κατέπηξεν,

121 1963 309 1999 συνεχώρησεν
333 1961 496 1996 σαλευθῆναι
516 1962 562 1987 καὶ
575 1961 737 1996 ἀρνηθῆναι,
754 1961 802 1987 καὶ
823 1960 904 1986 πάλιν

120 2009 199 2036 αὑτὸν
225 2007 382 2043 ἀνώρθωσε,
408 2007 455 2034 δύο
479 2007 552 2034 κατὰ
577 2006 660 2033 ταυτὸ
676 2006 817 2033 διδάσκων·
836 2006 904 2041 μήτε

120 2055 227 2085 ἑαυτοῖς
243 2053 365 2088 θαρρεῖν,
382 2052 428 2078 καὶ
447 2052 509 2082 τοὺς
533 2051 730 2086 σαλευομένους
754 2050 902 2086 στηρίζειν,

127 2098 252 2134 ’ίιρέξατε
269 2098 359 2124 τοίνυν
373 2098 461 2132 χεῖρα,
473 2095 636 2131 παρακαλῶ,
651 2097 707 2125 τοῖς
720 2094 905 2128 ὀλισθήσασιν,

120 2144 167 2172 καὶ
178 2144 293 2178 ἀνάγετε
322 2143 376 2178 (56)
399 2144 431 2169 ἐκ
450 2142 552 2169 λάκκου
574 2141 772 2177 ταλαιπωρίας,
791 2142 837 2168 καὶ
853 2141 906 2168 ἀπὸ

984 691 1042 719 Hoc
1054 696 1082 719 et
1096 692 1176 720 nobis
1190 694 1376 728 praestandum
1389 698 1442 721 est.
1470 694 1573 729 Lapsos
1587 695 1661 722 enim
1681 697 1737 723 eri-

948 745 1012 772 gere
1027 743 1145 773 oportet,
1172 747 1336 774 manumque
1350 740 1503 775 porrigere,
1520 744 1549 767 et
1572 741 1688 773 hortari,
1709 746 1738 769 et

949 783 1040 810 inﬁxis
1056 785 1194 811 morsibus
1216 785 1338 817 mederi,
1367 785 1539 820 salutemque
1556 786 1666 813 illorum
1683 787 1737 815 mi-

948 828 1022 855 nime
1046 829 1228 864 despondere,
1254 837 1306 857 nec
1329 830 1432 857 diaboli
1448 831 1584 859 {nucibus
1604 832 1734 867 objiccre.

949 874 1006 901 Hoc
1017 874 1126 902 divinus
1138 875 1247 902 assidue
1258 876 1405 910 praestabat
1415 877 1554 911 apostolus
1566 877 1666 905 Paulus
1674 886 1680 904 :
1688 878 1736 913 qui

952 919 1075 951 Galatas,
1090 925 1152 955 post
1166 921 1286 948 salutare
1303 921 1447 956 baptisma,
1463 923 1604 958 divinique
1617 923 1737 958 Spiritus

949 964 1121 1000 largitionem
1135 985 1144 996 ,
1175 966 1202 992 in
1218 966 1372 994 Judteorum
1390 967 1576 995 inﬁrmitatem
1596 969 1739 1003 prolapsos

949 1013 978 1036 et
988 1010 1224 1038 circumcisionem
1237 1011 1376 1046 amplexos
1386 1012 1465 1044 luxit,
1475 1012 1638 1047 deﬂevitque
1654 1021 1737 1048 supra

951 1061 1032 1087 quam
1045 1058 1145 1082 matres
1156 1055 1306 1082 liberorum
1318 1061 1443 1083 amantes
1467 1057 1556 1084 solent
1580 1066 1586 1084 :
1611 1058 1740 1093 idemque

950 1099 1067 1131 curavit,
1082 1103 1110 1126 et
1123 1107 1138 1126 a
1151 1099 1248 1126 morbo
1272 1100 1319 1126 illo
1343 1100 1454 1134 penitus
1474 1101 1614 1128 liberavit:
1629 1102 1700 1130 unde
1713 1107 1741 1130 et

951 1144 1116 1171 clamantem
1131 1145 1226 1172 audire
1241 1146 1306 1174 licet
1319 1156 1325 1174 :
1344 1156 1352 1171 ι
1365 1146 1453 1173 Filioli
1465 1147 1534 1178 mei,
1558 1155 1627 1182 quos
1642 1148 1741 1176 iterum

951 1190 1093 1225 parturio,
1121 1191 1209 1218 donec
1233 1191 1369 1219 formetur
1389 1192 1515 1220 Christus
1541 1193 1568 1220 in
1591 1194 1671 1221 vobis
1680 1193 1713 1221 “.
1729 1204 1739 1220 ι

951 1235 1157 1263 Corinthiorum
1173 1244 1283 1271 quoque
1306 1237 1477 1272 magistrum,
1495 1238 1541 1272 qui
1557 1239 1691 1267 nefariam
1707 1240 1741 1267 il-

953 1281 1007 1307 lam
1031 1281 1242 1309 fornicationem
1260 1287 1391 1317 patrarat,
1417 1286 1444 1310 et
1461 1288 1573 1318 paterne
1588 1285 1741 1320 castigavit,

952 1331 980 1354 et
993 1326 1159 1362 peritissime
1172 1328 1290 1355 sanavit.
1315 1328 1439 1363 Cumque
1452 1329 1528 1356 illum
1544 1330 1571 1356 in
1586 1330 1679 1365 priore
1691 1331 1742 1358 ab-

953 1372 1080 1399 scidisset
1104 1373 1237 1407 Epistula,
1263 1373 1291 1400 in
1316 1375 1469 1408 posteriore
1490 1375 1622 1408 restituit,
1638 1380 1667 1403 et
1680 1376 1741 1404 ait:

957 1429 966 1444 ε
976 1419 1014 1446 Ita
1025 1424 1109 1446 utvos
1119 1420 1205 1454 magis
1214 1420 1377 1447 condonetis
1385 1425 1413 1447 et
1422 1420 1601 1448 consolemini
1615 1430 1621 1447 :
1631 1429 1665 1448 ne
1673 1421 1743 1448 forte

954 1464 1147 1492 abundantiori
1177 1465 1288 1492 tristitia
1320 1465 1502 1493 absorbeatur
1534 1466 1581 1501 qui
1607 1465 1743 1501 ejusmodi

954 1516 996 1538 est
1005 1511 1037 1537 δ’.
1044 1521 1052 1535 ι
1059 1511 1092 1538 Et
1100 1510 1199 1546 iterum
1213 1519 1234 1538 ει
1241 1511 1276 1538 Ut
1286 1518 1340 1538 non
1348 1510 1617 1538 circumveniamura
1625 1511 1743 1539 Satana:

955 1557 1062 1592 1130
1074 1565 1126 1583 non
1138 1556 1211 1584 enim
1224 1557 1381 1591 ignoramus
1394 1557 1611 1585 machinationes
1622 1558 1682 1593 ejus
1692 1559 1743 1586 ⁵⁸.»

954 1601 1000 1629 Sic
1014 1605 1042 1628 et
1056 1601 1119 1628 illos
1131 1601 1178 1636 qui
1190 1601 1351 1636 idolothytis
1363 1602 1556 1634 vescebantur,
1572 1606 1599 1629 et
1612 1602 1745 1631 decenter

954 1645 1123 1680 increpavit,
1153 1649 1182 1672 et
1208 1649 1392 1680 congruenter
1412 1645 1567 1679 admonuit,
1590 1646 1744 1682 gravique'

953 1691 988 1719 ab
999 1699 1093 1719 errore
1110 1691 1248 1719 liberavit.

989 1822 1060 1856 Quin
1074 1822 1124 1849 hac
1135 1822 1217 1849 etiam
1231 1822 1265 1849 de
1275 1830 1357 1850 causa
1371 1821 1498 1850 Christus
1511 1823 1644 1850 Dominus
1654 1827 1747 1851 noster

956 1869 1142 1904 apostolorum
1157 1868 1311 1902 principem
1325 1888 1332 1899 ,
1357 1868 1436 1903 cujus
1451 1867 1652 1895 confessionem
1670 1868 1747 1895 velut

957 1915 1034 1942 basin
1048 1913 1194 1948 quamdam
1210 1914 1454 1940 etfundamentum
1464 1913 1593 1940 Ecclesiae
1603 1913 1746 1945 defixerat,

955 1959 1090 1986 ﬂuctuare
1105 1967 1136 1985 ac
1151 1966 1246 1986 errare
1260 1958 1395 1993 permisit.
1412 1965 1530 1993 eumque
1543 1967 1638 1986 rursus
1649 1959 1746 1992 erexit,

957 2002 1013 2030 duo
1027 2002 1123 2029 eadem
1138 2010 1222 2037 opera
1237 2002 1350 2033 docens,
1369 2010 1424 2028 non
1437 2002 1522 2029 fidere
1535 2003 1643 2037 seipsis,
1658 2008 1685 2030 et
1695 2003 1747 2030 [lu-

957 2053 1082 2076 ctuantes
1091 2048 1209 2076 ﬁrmare.
1218 2048 1307 2082 Quare
1314 2056 1424 2075 manum
1437 2048 1529 2083 lapsis,
1543 2056 1646 2083 quaeso,
1659 2049 1748 2083 porri-

956 2095 1011 2130 gite
1024 2104 1030 2121 :
1042 2094 1150 2121 educite
1163 2094 1223 2122 illos
1233 2094 1266 2121 de
1278 2094 1339 2121 lacu
1351 2094 1477 2127 miseriae,
1490 2094 1561 2121 etde
1572 2094 1629 2121 luto
1639 2094 1746 2126 fecis",

957 2145 984 2168 et
997 2140 1110 2168 statuite
1126 2147 1209 2174 super
1222 2144 1327 2174 petram
1342 2140 1426 2174 pedes
1437 2140 1557 2171 illorum,
1572 2143 1599 2166 et
1610 2140 1748 2167 immittite

122 2189 207 2223 πηλοῦ
223 2189 295 2220 ίλύος
312 2188 380 2224 (57),
394 2188 441 2214 καὶ
455 2188 573 2223 στήσατε
592 2187 640 2213 ἐπὶ
655 2186 756 2222 πέτραν
778 2188 841 2218 τοὺς
857 2187 902 2213 πό-

960 2186 986 2213 in
1001 2194 1032 2214 OS
1051 2194 1147 2213 eorum
1167 2187 1305 2213 canticum)
1319 2194 1431 2218 novum,
1443 2193 1552 2213 carmen
1566 2187 1623 2214 ΠΕΟ
1634 2191 1746 2220 nostro;

120 2236 167 2267 δας
181 2235 279 2261 αὐτῶν·
299 2234 345 2262 καὶ
363 2234 513 2269 ὲμόάλλετε
532 2235 570 2264 είς
582 2233 613 2259 τὸ
626 2233 712 2268 στόμα
727 2233 817 2259 αὐτῶν
831 2231 906 2268 ᾆσμα

122 2280 223 2313 καινὸν,
236 2280 319 2316 ὕμνον
333 2279 372 2314 τῷ
386 2279 445 2314 Θεῷ
459 2279 545 2314 ήμῶψ
563 2279 606 2305 ἴνα
619 2279 731 2313 γένηται
743 2278 832 2305 αὐτῶν
845 2279 908 2305 ὑπό-

121 2326 218 2360 δειγμα
231 2325 281 2360 τῆς
301 2324 402 2359 βλάϐης
426 2324 578 2358 ὑπόδειγμα
595 2322 743 2359 σωτηρίας,
765 2323 813 2349 καὶ
832 2323 907 2349 ἴδωσι

122 2372 224 2402 πολλοὶ,
237 2372 284 2398 καὶ
302 2370 452 2405 φοϐηθῶσι,
469 2371 515 2396 καὶ
531 2369 676 2395 ἐλπίσωσιν
691 2369 736 2395 ἐπὶ
751 2369 852 2403 Κύριον
863 2368 908 2394 τὸν

121 2418 188 2445 Θεὸν
199 2418 290 2453 ἡμῶν.
310 2417 364 2444 Καὶ
385 2415 583 2442 κωλυέσθωσαν
597 2415 647 2450 μὲν
666 2415 715 2449 τῆς
733 2414 909 2450 μεταλήψεως

122 2465 175 2491 τῶν
193 2463 274 2499 ἱερῶν
292 2461 460 2498 μυστηρίων,
477 2461 515 2497 μὴ
532 2460 728 2486 κωλυέσθωσαν
748 2460 777 2486 δὲ
793 2461 842 2494 τῆς
856 2460 910 2486 τῶν

122 2509 333 2545 κατηχονμένων
353 2509 445 2544 εὐχῆς,
470 2508 537 2543 μηδὲ
556 2507 605 2542 τῆς
626 2507 679 2533 τῶν
695 2507 774 2533 θείων
790 2505 909 2541 Γραφῶν

123 2557 290 2591 ἀκροάσεως,
307 2555 372 2590 μηδὲ
389 2555 437 2590 τῆς
453 2554 506 2580 τῶν
525 2553 692 2580 διδασκάλων
711 2552 908 2587 παραινέσεως.

125 2602 183 2628 Τῶν
207 2602 234 2628 δὲ
256 2602 335 2637 ἱερῶν
359 2600 556 2628 κωλυέσθωσαν
577 2599 744 2634 μυστηρίων,
772 2597 808 2633 μὴ
829 2598 909 2632 μέχρι

125 2647 249 2678 θανάτου,
267 2647 334 2674 ἀλλὰ
349 2647 444 2682 χρόνον
469 2646 530 2672 τινὰ
552 2645 647 2680 ῥητόν·
665 2644 716 2675 ἕως
732 2643 766 2670 ἂν
778 2642 910 2676 ὲπιγνῶσι

125 2694 172 2728 τὴν
185 2694 272 2727 νόσον⁷
287 2695 338 2726 ἕως
357 2695 405 2728 τὴν
418 2693 512 2728 ὑγείαν
529 2691 693 2728 ποθήσωσιν,
708 2690 761 2721 ἕως
779 2689 812 2717 ἂν
827 2690 910 2723 ἀξίως

159 2773 202 2799 ⁵⁷1
216 2772 279 2800 Cor.
297 2781 322 2805 χ,
340 2773 379 2799 15.
418 2772 440 2788 ⁵³
451 2772 538 2800 Galat.
561 2780 596 2805 IV,
617 2771 660 2800 l9.
699 2769 721 2788 ‘9
737 2769 759 2798 ll
772 2770 836 2798 Cor.
853 2778 882 2803 ιι,
898 2770 926 2797 7.

161 2846 217 2882 ‘56)
236 2845 387 2880 ἀνα-(ἄγετε
402 2845 488 2879 Neap.

656 2890 673 2899 κ

958 2236 988 2259 ut
999 2232 1071 2267 quod
1085 2233 1111 2258 in
1124 2232 1178 2259 illis
1190 2232 1344 2266 exemplum
1356 2232 1447 2259 damni
1461 2232 1522 2264 fuit,
1536 2232 1691 2266 exemplum
1703 2232 1749 2259 ﬁat

959 2278 1055 2305 salutis
1074 2286 1079 2304 :
1099 2281 1128 2304 ut
1145 2277 1256 2304 videant
1270 2277 1350 2304 multi
1367 2281 1395 2304 et
1410 2277 1533 2309 timeant,
1553 2282 1581 2304 ct
1596 2281 1707 2312 sperent
1720 2277 1749 2303 in

959 2323 1104 2350 Dominum
1121 2323 1206 2349 Deum
1219 2326 1355 2349 nostrum.
1385 2321 1593 2355 Arceanturque
1608 2329 1623 2348 a
1636 2321 1749 2356 partici—

959 2369 1069 2404 patione
1081 2376 1222 2396 sacrorum
1236 2368 1430 2404 mysteriorum
1444 2376 1451 2394 :
1463 2375 1478 2394 a
1488 2367 1748 2394 catechumenorum

958 2419 1049 2442 autem
1063 2415 1188 2442 oratione
1203 2422 1258 2442 non
1270 2414 1484 2449 prohibeantur,
1510 2420 1599 2447 neque
1613 2421 1627 2440 a
1640 2412 1750 2440 divina-

959 2469 1019 2487 rum
1033 2460 1238 2495 Scripturarum
1252 2459 1403 2491 auditione,
1423 2467 1513 2493 neque
1525 2467 1539 2485 a
1553 2459 1748 2494 magistrorum

959 2507 1156 2535 admonitione.
1184 2506 1207 2534 Α
1231 2506 1315 2533 sacris
1334 2513 1401 2532 vero
1426 2505 1566 2540 mysteriis
1591 2507 1748 2535 arceantur,

960 2561 1016 2580 non
1041 2552 1075 2580 ad
1090 2556 1206 2580 mortem
1223 2559 1324 2586 usque,
1343 2551 1391 2578 sed
1407 2551 1441 2578 ad
1454 2555 1563 2584 tempus
1576 2548 1687 2584 aliquod
1702 2548 1750 2575 de-

964 2598 1071 2625 ﬁnitum
1091 2606 1097 2624 :
1122 2597 1212 2632 quoad
1240 2589 1366 2624 morbum
1390 2599 1548 2631 agnoscant,
1567 2593 1657 2629 quoad
1678 2592 1752 2619 salu-

965 2651 1019 2672 tem
1034 2647 1173 2680 expetant,
1197 2643 1287 2678 quoad
1314 2646 1502 2677 competenter
1527 2641 1658 2671 luxerint,
1676 2638 1750 2674 quod

964 2697 1029 2717 vero
1051 2697 1114 2724 rege
1144 2688 1276 2716 derelicto
1310 2686 1344 2714 ad
1376 2690 1520 2722 tyrannum
1543 2682 1749 2718 transfugerint,

964 2770 986 2785 '°
1004 2768 1072 2796 Ibid.
1090 2767 1132 2794 ll.

1003 2839 1058 2876 (57)
1074 2840 1168 2872 ὗλεως.
1183 2839 1268 2866 idem.

1173 2767 1194 2782 “
1211 2766 1284 2796 Psal.
1300 2773 1390 2798 xxxtx,
1405 2765 1431 2793 3.
