1962 3051
235 126 298 158 1251

723 126 965 156 THEODORETI
986 125 1153 156 EPISCOPI
1173 127 1355 157 CYRENSIS

1790 126 1866 159 1252

231 189 257 210 et
280 182 482 210 hencl‘aetorem
513 182 674 210 deserentes
700 182 814 210 inimico
847 190 876 209 se
908 182 1019 209 dedide-

1076 181 1245 216 Βρηνήσωσιν
1261 182 1327 218 (58),
1342 183 1382 209 ὅτι
1403 183 1448 209 τὸν
1467 182 1554 217 ἁληθῆ
1571 181 1681 217 βασιλέα
1694 182 1866 209 καταλιπόν·

233 233 298 256 rint.

267 318 355 352 Atque
382 317 440 344 haec
453 317 566 352 quidem
592 321 750 343 sanctorum
762 316 845 344 etiam
861 316 1020 344 beatorum-

231 370 285 397 que
298 363 408 389 Patrum
426 370 544 389 canones
557 362 667 389 docent.
685 362 750 395 Quae
763 370 818 389 non
830 370 863 390 eo
874 362 976 393 scribo,
992 366 1022 390 ut

232 407 345 434 doceam
358 408 531 434 sanctitatem
542 412 673 439 vestram,
693 408 740 435 sed
756 412 784 435 ut
797 408 919 435 fraterno
930 407 1022 435 animo

232 451 312 477 vobis
329 459 474 486 suggeram
491 461 497 478 :
515 459 570 478 non
586 452 716 487 ignorans
734 453 837 487 1131
854 453 1021 487 gubemato-

233 504 277 523 res
287 498 405 532 optimos
415 502 474 524 ortn
487 502 649 532 tempestate
659 502 805 524 nautarum
815 499 898 525 etiam
909 498 1022 526 monitis

233 549 323 575 cgere.
352 542 397 569 Sic
410 543 482 569 enim
508 550 622 577 magnus
637 543 681 569 ille
695 543 791 575 Moses,
815 543 886 570 fama
897 543 1021 570 celeber-

234 587 329 618 rimus,
353 587 399 621 qui
412 587 599 621 vulgatissima
615 587 661 613 illa
672 587 804 614 miracula
817 587 914 618 edidit,
930 587 1021 614 consi-

233 631 300 657 lium
326 631 422 658 Jethro
445 631 599 663 admisit",
628 632 681 658 viri
704 631 737 658 ad
761 640 823 658 eum
848 639 934 666 usque
947 632 1020 659 diem

232 676 369 702 idolorum
386 683 479 703 errore
495 677 627 711 implicati
651 686 657 703 :
681 684 732 703 nec
749 677 917 712 impietatem
929 678 1022 704 consi—

232 721 355 753 deravit,
383 722 430 748 sed
456 722 565 749 consilii
587 722 734 748 utilitatem
757 723 885 757 respexit.
911 723 952 749 Ad
965 723 1022 750 haec

231 774 298 801 rogo
312 767 485 794 sanctitatem
497 771 631 799 vestram,
653 771 684 793 ιιι
698 767 782 794 Deum
797 775 846 801 pro
858 775 901 794 me
915 768 1021 802 impen-

232 811 290 838 sius
311 812 412 843 oretis,
436 816 467 839 ut
491 813 612 847 reliquos
638 812 700 839 vita:
719 821 785 840 mea:
800 813 861 840 dies
886 821 920 840 ex
930 813 1021 848 legum

232 857 319 891 ipsius
333 858 494 893 prmscripto
508 846 668 892 transigam.
691 857 754 884 Haec
765 866 815 892 ego
829 865 878 892 per
890 846 1020 886 reveren-
1037 846 1059 875 Β

232 903 377 930 dissimum
409 911 441 930 ac
468 903 706 938 religiosissimum
739 903 930 938 presbyterum
961 903 1023 930 Ste-

231 949 355 983 phanum
371 949 480 983 scripsi,
505 955 586 983 quem
603 948 639 976 ob
656 956 765 976 morum
780 949 951 976 honestatem
967 949 1023 977 vidi

233 995 402 1029 perlibenter
410 1015 417 1022 .

255 1109 396 1138 LXXVIII.
413 1126 449 1130 ——
465 1110 578 1138 Eusebio
601 1111 719 1146 episcopo
733 1110 846 1138 Persica:
859 1111 999 1138 Armenia.

267 1185 382 1219 Quando
393 1186 569 1220 gubernatori
581 1187 691 1222 aliquod
700 1187 798 1214 accidit
807 1187 1023 1220 incommodum,

233 1232 276 1258 vel
297 1237 419 1267 proreta,
435 1232 478 1259 vel
499 1236 650 1259 nautarum
660 1232 799 1267 princeps,
824 1232 898 1260 illitis
910 1241 1024 1260 munere

235 1278 372 1313 fungitur,
402 1285 457 1304 non
481 1278 693 1313 gubernatorem
707 1278 828 1307 seinsum
843 1279 1023 1311 constituens,

234 1322 282 1350 sed
296 1322 430 1357 naufragii
446 1322 628 1349 incolumitati
639 1322 821 1357 prospiciens.
836 1322 880 1350 Sic
891 1327 918 1350 et
931 1323 957 1350 in
968 1323 1025 1350 bel-

233 1368 261 1395 lo
281 1375 389 1400 rursus,
414 1372 524 1394 mortuo
537 1367 617 1400 duce,
645 1368 819 1395 tribunorum
831 1368 960 1403 princeps
976 1376 1023 1396 co-

233 1414 341 1448 piarum
367 1413 557 1448 prtefecturam
583 1414 715 1449 suscipit,
733 1422 788 1441 non
804 1418 966 1449 potestatem
979 1422 1024 1441 ar-

234 1459 348 1493 ripiens,
363 1458 411 1485 sed
424 1459 568 1493 gentilium
579 1467 692 1486 suorum
707 1467 802 1486 curam
816 1467 925 1494 gerens.
941 1459 987 1487 Sic
997 1464 1025 1487 et

235 1504 411 1531 beatissimus
424 1504 586 1531 Timotheus
600 1505 685 1532 divini
700 1505 776 1532 Pauli
786 1505 861 1532 vices
872 1505 906 1532 ab
916 1513 949 1532 eo
960 1506 1024 1533 mis-
1037 1514 1058 1542 α

234 1557 281 1577 sus
291 1550 458 1584 implevit".
475 1550 592 1577 Proinde
607 1551 737 1585 pietatem
752 1555 870 1578 vestram
882 1551 1020 1583 convenit,

233 1599 262 1622 et
277 1595 479 1628 gubernatoris,
497 1599 525 1622 et
539 1596 628 1628 ducis,
655 1601 682 1623 et
694 1596 811 1630 pastoris
825 1596 948 1624 studium
962 1605 1021 1624 am-

234 1640 327 1674 plecti,
352 1640 529 1674 periculaque
542 1640 633 1667 omnia
650 1648 700 1675 pro
714 1641 816 1668 Christi
830 1641 928 1669 ovibus
939 1641 1022 1668 hilari

234 1685 311 1712 vultu
338 1686 465 1719 excipere
492 1694 499 1712 :
522 1693 572 1712 nec
597 1686 735 1713 solitariae
760 1686 886 1721 solasque
902 1687 1023 1721 pecudes

234 1731 372 1761 deserere,
393 1732 497 1766 1132
511 1732 558 1759 sed
574 1732 647 1766 quod
661 1733 830 1760 confractum
845 1737 888 1760 est
899 1734 1021 1768 alligare,

234 1776 308 1810 quod
320 1776 420 1802 cecidit
430 1777 546 1811 erigere,
560 1777 633 1812 quod
645 1777 754 1804 aberrat
765 1778 908 1810 reducere,
917 1779 1023 1813 etquod

235 1829 330 1848 sanum
345 1826 386 1848 est
402 1823 539 1850 incolume
553 1831 717 1851 conservare
727 1823 761 1854 “,
776 1823 917 1858 bonosque
932 1829 1023 1858 pasto-

235 1874 279 1894 res
294 1868 392 1895 imitari
404 1889 410 1899 ,
436 1869 483 1903 qui
497 1873 559 1896 ante
570 1870 663 1896 caulas
674 1869 825 1901 excubant,
849 1874 877 1896 et
891 1870 1023 1896 adversus

233 1912 314 1947 lupo‘s
330 1913 431 1939 bellum
445 1918 552 1948 gerunt.
570 1914 758 1941 Recordemur
768 1919 860 1941 autem
876 1914 1023 1941 verborum

235 1958 397 1993 patriarchae
407 1958 502 1991 Jacol),
530 1959 632 1993 quibus
647 1958 784 1993 ingratum
795 1959 885 1986 soceri
901 1959 1023 1986 animum

235 2007 334 2030 notans
361 2012 426 2031 usus
451 2008 493 2031 est
522 2014 527 2031 :
561 2015 569 2030 ι
580 2005 629 2032 Die
644 2009 781 2039 noctuque
798 2010 865 2032 aestu
881 2005 980 2032 urebar
996 2010 1024 2032 et

234 2049 294 2083 gelu
318 2057 324 2075 :
346 2049 520 2084 l‘ugiebatquc
537 2058 648 2078 somnus
663 2051 696 2077 ab
711 2051 799 2077 oculis
808 2051 886 2078 meis.
916 2050 1024 2078 Arietes

234 2093 325 2129 gregis
341 2095 379 2121 tui
397 2102 452 2121 non
472 2095 590 2127 comedi,
619 2103 669 2122 nec
680 2099 788 2130 captum
805 2103 819 2122 a
835 2095 921 2122 bestia
935 2095 1022 2122 obtuli

235 2139 295 2166 tibi.
324 2140 381 2174 Ego
402 2140 459 2174 ipse
486 2140 633 2167 reddebam
650 2140 783 2175 quidquid
811 2140 884 2168 furto
900 2140 1022 2176 perierat

234 2184 279 2211 die
291 2192 323 2211 ac
334 2190 413 2211 nocte
422 2185 454 2211 ³³.
468 2194 477 2210 ι

1072 237 1117 259 τες
1139 228 1206 264 πρὸς
1228 228 1358 264 τύραννον
1371 228 1570 263 ηὐτομόλησαν,
1585 228 1632 254 καὶ
1649 229 1694 254 τὸν
1708 229 1864 263 εὐεργέτην

1072 274 1213 305 ἐάσαντες,
1226 273 1265 308 τῷ
1279 273 1400 308 πολεμίῳ
1414 273 1637 308 προσεχώρησαν.

1108 319 1198 345 Ταῦτα
1214 318 1306 345 καΥοί
1324 318 1377 345 τῶν
1397 319 1480 352 ἁγίων
1502 318 1549 344 καὶ
1569 318 1712 352 μακαρίων
1728 318 1864 352 Πατέρων

1072 363 1184 394 κανόνες
1207 363 1371 390 διδάσκουσι.
1396 363 1496 397 Γράφω
1512 363 1539 389 δὲ
1561 362 1656 393 ταῦτα,
1670 363 1700 388 οὐ
1724 362 1865 389 διδάσκων

1073 409 1150 444 ὑμῶν
1167 409 1216 444 τὴν
1233 409 1371 443 ὁσιότητα,
1391 409 1447 435 ἀλλ’
1463 409 1615 443 ἁδελφικῶς
1631 409 1862 442 ἀναμιμνήσκων·

1073 454 1118 480 καὶ
1139 454 1216 485 εἰδὼς
1235 454 1276 480 ὃτι
1293 453 1341 480 καὶ
1359 453 1529 488 κυϐερνήτης
1542 453 1662 488 ἄριστος,
1678 454 1706 479 ἐν
1720 452 1757 487 τῷ
1769 452 1864 487 καιρῷ

1071 499 1119 526 τοῦ
1131 499 1274 534 χειμῶνος,
1286 499 1332 525 καὶ
1344 500 1393 533 τῆς
1408 499 1482 534 παρὰ
1494 499 1547 525 τῶν
1562 498 1667 525 ναυτῶν
1679 498 1865 532 ὑπομνήσει-.·ς

1071 545 1166 572 δεῖται.
1187 545 1266 572 Οὕτω
1289 546 1336 572 καὶ
1350 545 1469 579 Μωῡσῆς
1485 545 1589 575 ἐκεῖνος
1609 545 1624 570 ὸ
1646 544 1742 578 μέγας,
1759 545 1773 570 ὁ
1789 552 1863 570 παν-

1072 589 1206 624 εύφημος,
1231 591 1245 616 ὁ
1268 590 1302 616 τὰ
1321 589 1526 624 πολυθρύλλητα
1541 589 1633 615 ἐκεῖνα
1650 589 1864 624 θαυματουργή-

1073 643 1132 665 σας.
1159 634 1207 668 τὴν
1226 633 1273 660 τοῦ
1295 634 1380 669 Ὶοθὸρ
1396 633 1504 666 ἐδέξατο
1522 633 1686 669 συμϐουλὴν,
1703 634 1800 668 άνδρδς
1815 633 1860 659 ἐτι

1071 681 1104 714 τῇ
1123 681 1186 714 περὶ
1205 680 1238 706 τὰ
1254 680 1350 706 εἴδωλα
1367 679 1454 715 πλάνῃ
1471 679 1663 713 κατεχομένου.
1686 679 1723 704 υὺ
1735 679 1791 714 γὰρ
1804 679 1860 705 άπ-

1072 726 1140 752 εῐδεν
1159 727 1198 756 είς
1213 725 1262 760 τὴν
1280 725 1416 757 ἀσέϐειαν,
1432 725 1500 751 ἀλλὰ
1515 725 1563 759 τῆς
1579 725 1733 759 συμϐουλῆς
1755 725 1862 751 συνεῖδε

1072 771 1102 797 τὸ
1117 772 1261 806 χρήσιμον.
1279 771 1351 806 Πρὸς
1375 771 1403 797 δὲ
1427 771 1531 802 τούτοις
1553 771 1705 805 παρακαλῶ
1719 771 1795 805 ὑμῶν
1809 770 1862 805 τὴν

1073 817 1208 851 ὁσιότητα,
1221 817 1365 843 σπουδαίαν
1377 817 1446 852 ὑπὲρ
1456 817 1522 852 ἐμοῦ
1538 817 1576 852 τῷ
1594 817 1653 852 Θεῷ
1666 819 1864 852 προσενεγκεῖν

1074 863 1239 897 προσευχὴν,
1256 863 1299 888 ἵνα
1313 862 1362 894 τὰς
1375 862 1538 895 λειπομένας
1549 871 1593 898 μοι
1606 863 1655 898 τῆς
1667 863 1738 898 ζωῆς
1751 863 1863 898 ἡμέρας

1074 907 1144 934 κατὰ
1159 909 1222 938 τοὺς
1243 908 1325 934 αὐτοῦ
1344 908 1545 943 πολιτεύσωμαι
1568 908 1675 943 νόμους.
1700 908 1793 935 Ταῦτα
1816 908 1863 934 διὰ

1074 954 1121 980 τοῦ
1136 955 1301 988 τιμιωτάτου
1319 954 1365 980 καὶ
1385 954 1583 981 εὐλαϐεστάτου
1599 954 1655 989 (59)
1671 954 1862 989 πρεσϐυτέρου

1075 999 1211 1034 Στεφάνου
1241 1000 1378 1035 γέγραφα·
1401 1000 1431 1026 ὃν
1461 998 1529 1026 εἶδον
1555 1000 1639 1035 ἡδέως
1667 999 1711 1026 διὰ
1733 999 1782 1034 τὴν
1805 999 1863 1025 τῶν

1074 1045 1148 1080 ὴθιῖιν
1165 1046 1342 1081 κοσμιότητα.

1075 1100 1137 1127 UH’.
1154 1101 1337 1133 -Εὺσεὸίῳ
1366 1099 1521 1132 ὲπισκόπῳ
1544 1099 1599 1133 τῆς
1623 1099 1775 1133 Περσικῆς
1800 1099 1863 1133 Ἀρ-

1371 1135 1478 1169 perlue
1496 1134 1562 1170 (60).

1112 1183 1196 1208 Ὅταν
1210 1182 1224 1208 ὁ
1240 1181 1411 1216 κυϐερνήτης
1427 1190 1453 1207 τι
1469 1180 1551 1216 πάθῃ,
1568 1180 1583 1214 ῆ
1599 1181 1613 1206 ὁ
1624 1180 1760 1215 πρωρείις,
1773 1179 1789 1214 ἦ
1807 1179 1863 1206 τῶν

1074 1227 1180 1254 ναυτῶν
1195 1227 1209 1253 δ
1222 1227 1338 1262 πρῶτος,
1352 1227 1400 1261 τὴν
1413 1226 1518 1253 ἐκείνου
1531 1226 1625 1261 χρείαν
1640 1225 1746 1260 πληροῖ,
1755 1225 1805 1252 οὐκ
1817 1225 1864 1252 αὺ-

1075 1273 1294 1308 τοχειροτόνητος
1311 1272 1481 1308 κυϐερνήτης
1502 1272 1650 1306 γινόμενος,
1668 1271 1735 1297 ἀλλὰ
1753 1271 1802 1306 τῆς
1814 1270 1862 1296 τοῦ

1076 1319 1197 1353 σκάφους
1219 1317 1444 1352 προμηθούμενος
1469 1318 1615 1352 σωτηρίας.
1634 1317 1712 1343 υῦτω
1732 1317 1814 1343 πάλιν
1833 1318 1863 1343 ἐν

1075 1363 1196 1398 πολέμῳ,
1212 1364 1259 1389 τοῦ
1278 1362 1430 1398 στρατηγοῦ
1453 1364 1592 1395 πεσόντος,
1612 1363 1666 1389 τῶν
1683 1363 1831 1398 χιλιάρχων
1849 1364 1864 1389 ὁ

1076 1408 1184 1443 πρῶτος
1196 1408 1246 1444 τὴν
1259 1409 1424 1444 στρατηγίαν
1438 1410 1544 1443 κοσμεῖ,
1558 1409 1587 1435 οὐ
1604 1408 1653 1443 τὴν
1667 1409 1790 1440 ἐξουσίαν
1810 1409 1863 1443 άρ-

1076 1455 1180 1486 πὰζων,
1195 1454 1264 1480 ἀλλὰ
1282 1455 1337 1481 τῶν
1350 1455 1494 1490 ὁμοφύλων
1511 1454 1670 1489 φροντίζων.
1689 1454 1767 1480 Οὖτω
1787 1455 1835 1480 καὶ
1848 1456 1863 1481 ὁ

1075 1501 1430 1535 τρισμακάριοςτιμόθεος
1453 1500 1499 1526 τοῦ
1521 1500 1665 1527 Θεσπεσίου
1691 1500 1798 1526 Παύλου
1815 1501 1863 1526 τὸν

1074 1547 1155 1572 τόπον
1175 1546 1293 1582 ἐπλήρου
1318 1547 1382 1582 παρ’
1395 1546 1500 1573 ἐκείνου
1515 1547 1701 1582 πεμπόμενος,
1724 1547 1861 1582 Προσήκει

1072 1592 1162 1618 τοίνυν
1189 1593 1239 1628 τὴν
1267 1593 1315 1628 σὴν
1346 1593 1499 1619 θεοσέϐειαν
1527 1593 1573 1619 καὶ
1605 1592 1781 1627 κυϐερνήτου,
1814 1593 1862 1619 καὶ

1075 1638 1239 1673 στρατηγοῦ,
1256 1638 1303 1665 καὶ
1319 1638 1448 1673 ποιμένος
1463 1638 1580 1673 σπουδὴν
1600 1638 1791 1670 ἀναδέξασθαι,
1814 1639 1862 1664 καὶ

1074 1686 1163 1712 πάντα
1187 1685 1308 1711 κίνδυνον
1336 1684 1406 1719 ὑπὲρ
1430 1684 1483 1710 τῶν
1506 1684 1553 1710 τοῦ
1571 1684 1689 1719 Χριστοῦ
1713 1684 1859 1719 προϐάτιον

1076 1729 1134 1764 μεθ’
1146 1729 1241 1764 ἡδονῆς
1256 1729 1466 1762 καταδέξασθαι,
1482 1729 1528 1755 καὶ
1545 1729 1582 1764 μὴ
1599 1729 1758 1755 καταλιπεῖν
1769 1729 1861 1763 ἔρημα

1076 1776 1142 1811 μηδὲ
1166 1775 1234 1809 μόνα
1259 1775 1314 1810 (61)
1342 1776 1375 1801 τὰ
1393 1775 1547 1810 θρέμμαται
1569 1775 1638 1801 ἀλλὰ
1659 1775 1705 1801 καὶ
1722 1775 1753 1801 τὸ
1769 1783 1861 1801 συντε-

1073 1819 1223 1855 τριμμένον
1243 1819 1404 1853 καταδῆσαι,
1420 1819 1466 1845 καὶ
1482 1819 1512 1844 τδ
1529 1818 1673 1850 πεπτωκὸς
1694 1818 1859 1853 ἁνορθῶσαι.

1075 1866 1120 1892 καὶ
1136 1865 1166 1890 τὸ
1192 1864 1367 1899 πλανώμενον
1381 1863 1554 1899 ἐπιστρέψαι,
1576 1864 1622 1890 καὶ
1644 1864 1673 1890 τὺ
1688 1864 1808 1897 ὑγιαῖνον
1827 1865 1859 1899 τῇ

1075 1911 1154 1946 ὑγεία
1173 1910 1298 1944 φυλάξαι,
1313 1909 1360 1936 καὶ
1375 1910 1438 1941 τοὺς
1453 1909 1571 1943 ἀγαθοὺς
1589 1909 1720 1944 ποιμένας
1737 1909 1860 1943 μιμήσα-

1075 1956 1148 1988 σθαι,
1163 1956 1188 1982 οἳ
1203 1955 1255 1989 πρὸ
1265 1955 1318 1982 τῶν
1329 1957 1461 1990 ποιμνίων
1472 1954 1581 1985 ἑστῶσι,
1597 1954 1643 1980 καὶ
1659 1953 1704 1980 τὸν
1716 1953 1784 1988 πρὸς
1798 1954 1860 1985 τοὺς

1074 2000 1173 2032 λύκους
1188 2000 1362 2035 ἀναδέχονται
1377 1999 1504 2034 πόλεμον.
1526 1999 1758 2034 ’Λναμνησθῶμιν
1771 1999 1800 2026 δὲ
1812 1999 1860 2025 καὶ

1073 2047 1128 2073 τῶν
1139 2046 1185 2072 τοῦ
1197 2046 1366 2081 πατριάρχου
1382 2046 1478 2072 Ἰακὼϐ
1490 2046 1629 2081 ῥημάτων,
1642 2045 1660 2072 ἃ
1670 2044 1716 2072 τοῦ
1730 2046 1858 2081 κηδεστοῦ

1073 2091 1122 2127 τὴν
1138 2092 1299 2127 ἀχαριστίαν
1313 2091 1458 2126 διελέγχων
1470 2091 1666 2128 προσήνεγκεν·
1681 2101 1691 2117 ι
1707 2091 1776 2125 Ἐγὼ
1786 2092 1859 2127 ’ήμην

1076 2138 1269 2172 συγκαιόμενος
1283 2137 1322 2172 τῷ
1337 2136 1458 2172 καύματι
1469 2137 1518 2172 τῆς
1528 2137 1644 2172 ἡμέρας,
1660 2137 1707 2164 καὶ
1721 2137 1759 2172 τῷ
1773 2145 1858 2171 παγε-

1039 2183 1061 2210 Ι)
1075 2184 1114 2218 τῷ
1139 2183 1189 2218 τῆς
1212 2183 1317 2215 νυκτός·
1343 2175 1400 2209 καὶΧ
1409 2183 1540 2217 ἀφίστατο
1557 2183 1571 2208 ὁ
1591 2182 1675 2214 ὕπνος
1689 2182 1744 2209 τῶν
1759 2182 1859 2216 ὀφθαλ-

237 2228 294 2263 μῶν
308 2229 374 2263 (62).
398 2231 498 2264 Κριοὺς
511 2231 564 2256 τῶν
581 2230 725 2265 προϐάτων
748 2239 795 2257 σου
811 2232 841 2257 οὑ
872 2232 1038 2265 κατέφαγον,
1059 2229 1228 2266 οηριά).ωτον
1244 2229 1294 2256 οὐκ
1317 2229 1430 2264 ἐνήνοχα
1451 2237 1501 2255 σοι.
1521 2227 1593 2262 Ἐγὼ
1609 2228 1768 2255 ἀπετίννυον
1796 2229 1858 2264 παρ’

235 2273 346 2308 ἐμαυτῷ
364 2273 532 2308 ἁρπάγματα
557 2274 606 2309 τῆς
632 2275 738 2309 ἡμέρας
759 2275 806 2301 καὶ
824 2276 873 2310 τῆς
889 2275 995 2307 νυκτός.
1016 2285 1024 2300 ι

270 2317 315 2345 Ilze
340 2319 467 2352 pastorire
500 2324 563 2346 sunt
588 2323 660 2347 notat
684 2328 691 2346 :
715 2321 755 2347 hze
775 2321 849 2356 leges
865 2322 955 2349 ovium
973 2330 1022 2348 cu-

235 2363 482 2397 randarum.Quod
501 2365 523 2391 si
549 2365 694 2392 brutarum
712 2367 892 2394 animantium
918 2371 1019 2394 tantam

199 2430 202 2432 .
234 2416 328 2435 curam
350 2409 446 2436 habuit
460 2410 502 2436 vir
521 2410 715 2443 admirandus,
735 2417 763 2439 et
786 2412 837 2439 hac
858 2412 1019 2441 defensione

234 2461 300 2480 usus
322 2458 363 2480 est
389 2461 452 2488 erga
481 2454 569 2487 illum,
603 2455 650 2490 qui
675 2456 724 2483 has
749 2457 808 2491 ejus
838 2457 901 2484 ﬁdei
945 2466 1019 2485 corn-

233 2499 356 2531 miserat,
368 2500 434 2535 quid
455 2508 511 2527 non
535 2501 719 2536 przestandum
746 2503 827 2529 nobis
844 2507 896 2535 est,
917 2503 1019 2537 quibus

233 2544 339 2571 ratione
360 2545 479 2579 przeditze
502 2547 653 2574 commissm
665 2551 730 2574 sunt
742 2555 817 2578 oves,
841 2552 869 2574 et
889 2548 935 2582 qui
949 2548 1019 2576 hanc

233 2589 267 2616 ab
284 2589 473 2617 universorum
488 2591 543 2618 Deo
562 2591 730 2625 provinciam
743 2591 910 2626 accepimus,
927 2592 949 2619 si
964 2593 1017 2619 Do-

233 2633 339 2660 minum
356 2641 405 2669 pro
424 2635 468 2661 his
488 2635 606 2662 animam
621 2636 746 2670 posuisse
759 2637 927 2671 cogitemus?
951 2637 1018 2671 Quis

268 2709 291 2726 "
303 2709 389 2736 Exod.
403 2718 477 2743 ιιι-ιιι,
490 2710 534 2737 24.
573 2710 690 2738 "lCor.
708 2719 743 2744 Iv,
758 2713 805 2745 I7;
822 2712 830 2739 l
844 2713 940 2740 Thess.
956 2722 994 2746 ιιι,
1012 2715 1032 2742 l.

278 2765 322 2801 58)
430 2766 482 2797 Em;
496 2767 539 2794 ἂν.
554 2768 598 2800 ἀε.
612 2769 688 2803 Θρην.
710 2771 834 2798 restituta
849 2779 863 2797 e
876 2771 935 2798 cod.
955 2772 1021 2799 V'in-

233 2801 298 2827 dob.
317 2801 499 2829 exciderante
519 2803 614 2830 Graeco
630 2801 781 2832 Sirmondi.

269 2834 324 2869 (59)
341 2836 534 2864 εὐσεϐεστάτου
548 2838 629 2872 Neap.

1107 2318 1187 2348 Οὗτοι
1202 2320 1355 2356 ποιμενικοὶ
1365 2320 1550 2356 χαρακτῆρες,
1567 2316 1642 2347 οὗτοι
1657 2319 1730 2355 νόμοι
1745 2320 1795 2355 τῆς
1806 2320 1858 2347 τῶν

1071 2367 1214 2403 προϐάτων
1233 2366 1402 2401 ἐπιμελείας.
1421 2367 1450 2392 Et
1465 2366 1492 2392 δὲ
1510 2365 1614 2399 ἀλόγων
1636 2365 1780 2401 προϐάτων
1796 2374 1856 2392 τοσ-

1069 2413 1155 2446 αύτην
1180 2413 1194 2438 ὁ
1220 2411 1369 2446 θαυμάσιος
1398 2411 1467 2446 ἀνὴρ
1490 2411 1637 2445 ἐποιήσατο
1653 2411 1792 2446 πρόνοιαν,
1811 2411 1854 2437 καὶ

1069 2458 1171 2492 ταύτην
1180 2455 1218 2491 τῷ
1234 2456 1427 2482 πεπιστευκότι
1439 2456 1486 2491 τὴν
1499 2456 1646 2489 ἀπολογίαν
1660 2456 1854 2491 προσήνεγκεν·

1072 2503 1098 2528 τί
1111 2503 1142 2528 οὐ
1159 2502 1285 2537 ποιητέον
1301 2503 1376 2536 ἡμῖν,
1395 2501 1490 2536 λογικὰ
1506 2501 1554 2536 μὲν
1565 2502 1771 2537 ἐγχειρηθεῖσιν
1790 2502 1855 2537 πρό-

1072 2548 1151 2580 ϐατα,
1165 2548 1241 2583 παρὰ
1253 2548 1280 2574 δὲ
1294 2548 1341 2574 τοῦ
1351 2548 1418 2574 Θεοῦ
1436 2547 1490 2574 τῶν
1500 2548 1569 2574 ὅλων
1586 2547 1744 2582 δεξαμένοις
1756 2547 1855 2581 ταύτην

1070 2593 1120 2629 τὴν
1132 2594 1301 2628 ἐπιμέλειαν,
1314 2594 1360 2620 καὶ
1369 2593 1554 2628 λογιζομένοις
1565 2594 1605 2620 ὅτι
1616 2595 1630 2620 ὸ
1642 2594 1777 2628 Δεσπότης
1790 2594 1855 2628 ὑπὶρ

1071 2639 1173 2665 τούτων
1189 2639 1272 2666 ἔδωκε
1289 2639 1338 2674 τὴν
1350 2639 1457 2674 ψυχήν;
1473 2638 1520 2670 Τίς
1533 2638 1560 2665 δὲ
1580 2639 1610 2665 οὺ
1624 2638 1691 2665 δέδιέ
1704 2647 1734 2664 τε
1747 2638 1794 2665 καὶ
1811 2639 1855 2664 πέ-

1073 2715 1096 2730 ³⁵
1109 2715 1209 2742 Ειοοιι.
1220 2723 1310 2748 xxxrv,
1324 2717 1350 2742 ι.
1390 2716 1413 2731 ⁵³
1429 2715 1497 2743 Gen.
1514 2723 1585 2747 xxxt,
1604 2715 1647 2742 40.

1110 2773 1165 2809 (60)
1185 2773 1353 2808 πρεσϐυτέρᾳ
1381 2773 1518 2809 Περσικῆς
1534 2773 1617 2807 Ἀρμ.
1633 2773 1717 2808 Neap.

1109 2807 1164 2845 (Gl)
1181 2807 1328 2845 κηδεμόνος
1343 2807 1427 2842 Neap:
1449 2817 1474 2843 q.
1501 2809 1526 2834 (l.
1549 2808 1658 2835 orbalas
1674 2807 1854 2836 moderatore.

1110 2843 1163 2879 (6‘2)
1182 2852 1232 2879 μου
1248 2843 1323 2871 addit
1338 2845 1420 2878 Neap.
