1962 3051
127 166 194 202 1253

758 161 937 191 EPISTULA
956 161 1120 192 LXXVIII.

1681 163 1748 196 1254

122 232 220 258 φρικςν
234 221 341 249 ἁκούων
360 221 405 249 τοῦ
423 221 490 248 Θεοῦ
502 219 546 248 διὰ
562 219 608 247 τοῦ
628 219 757 254 Ἰεζεκιὴλ
773 220 907 253 λέγοντος,

970 223 1052 246 ιιιιοιιι
1068 227 1123 246 non
1145 218 1237 246 timuit
1252 223 1280 246 et
1294 219 1419 252 horruit,
1449 220 1534 248 Deum
1551 220 1666 250 audiens
1679 223 1747 249 Eze-

122 269 163 294 ὅτι
178 277 188 292 ‹
205 268 295 303 Κρινῶ
307 267 444 302 ἀναμέσον
455 267 582 302 ποιμένος
592 266 637 292 καὶ
646 265 792 301 προϐάτου,
806 266 872 292 διότι
881 265 910 291 τὸ

122 314 191 348 γάλα
204 313 322 348 ἡσθίετε,
332 314 378 339 καὶ
387 313 421 340 τὰ
431 313 491 347 ἐρια
503 322 535 339 πε
542 312 724 347 ριεϐαλλεσοε,
739 311 786 338 καὶ
796 311 831 337 τὰ
845 311 911 344 πρός

123 359 193 384 ϐατα
209 359 257 384 οὐκ
271 358 451 392 ἐϐοσκήσατε.
470 367 479 382 ι
494 358 549 383 Καὶ
564 357 654 389 πάλιν,
669 357 709 383 ὅτι
726 366 734 381 ι
749 356 852 382 Σκοπὸν
868 356 910 382 δέ·

124 405 198 430 δωκά
218 413 247 430 σε
265 404 303 438 τῷ
318 403 384 438 οἴκῳ
407 403 524 438 Ἰσραὴλ,
542 404 589 429 καὶ
602 404 650 429 ἐὰν
669 403 706 437 μὴ
717 402 854 437 διαστείλῃ
872 402 910 437 τῷ

123 451 226 484 ἀνόμῳ,
238 449 284 476 τοῦ
303 449 471 484 ἀποστρέψαι
483 449 527 474 τὸν
540 449 639 483 ἄνομον
652 449 705 476 ἀπὸ
722 449 771 483 τῆς
787 448 846 475 ὀδοῦ
860 449 910 474 αὑ-

123 496 170 521 τοῦ
187 495 235 527 τῆς
255 497 385 530 πονηρᾶς,
402 497 415 521 ὁ
428 495 527 530 ἄνομος
540 496 640 526 ἐκεῖνος
654 496 682 520 ἐν
696 496 729 530 τῇ
748 494 846 530 ἀνομία
859 495 910 521 αὖ-

123 541 171 568 τοῦ
185 540 370 572 ἀποθανεῖται,
384 541 414 567 τὸ
428 541 456 567 δὲ
470 538 539 576 αἷμα
552 541 633 567 αὐτοῦ
650 542 681 567 ὲκ
697 541 747 575 τῆς
759 540 850 575 χειρός
865 549 911 566 σου

125 586 278 622 ἐκζητήσω.
297 597 306 612 ι
324 587 435 618 Τούτοις
453 588 594 621 συμφωνεῖ
613 586 659 612 καὶ
672 587 705 611 τι
721 585 911 621 παραϐολικῶς

125 632 177 658 ὑπο
191 632 236 658 τοῦ
255 633 358 667 Κυρὶου
374 632 515 667 εἰρημένα·
534 643 542 657 ι
557 632 637 658 Δοῦλε
654 631 722 666 ἀργὲ
744 632 789 657 καὶ
803 631 910 666 ὀκνηρὲ,

125 677 178 702 ἔδει
195 685 223 702 σε
240 677 270 702 τὸ
284 676 415 711 ἀργύριόν
430 685 480 711 μου
492 675 654 702 καταϐαῖίεῖν
667 676 712 702 ἐπὶ
726 675 770 702 τὸν
784 675 912 710 τραπεζί-

125 730 184 756 την,
206 721 283 756 κάγὼ
307 722 392 747 ἐλθὼν
413 722 482 756 μετὰ
504 722 582 748 τόκου
607 721 735 756 ἀπῄτησα
757 721 790 748 ἂν
804 721 878 747 αὐτὸ.
901 730 910 746 ι

126 766 320 800 Διαναστῶμεν
333 766 432 797 τοίνυν,
446 765 606 800 παρακαλῶ,
624 765 670 790 καὶ
686 765 740 791 τῶν
754 764 802 790 τοῦ
813 764 914 790 Δεσπό-

126 821 173 839 του
199 812 342 847 προϐάτων
370 813 621 847 ὑπερμαχήσωμεν.
646 811 744 845 Ἑγγὺς
768 811 783 837 ὁ
811 811 914 837 τούτων

127 858 264 892 Δεσπότης
289 858 460 891 ὲπιιρανεῖται
475 859 592 889 πάντως,
610 857 725 888 καὶτοὺς
738 856 836 888 λύκους
847 857 913 883 ἀπο-

129 903 264 935 οκεδάσει,
280 904 325 929 καὶ
343 904 406 935 τοὺς
421 903 553 938 ποιμένας
571 903 686 935 δοξάσει.
707 912 717 928 ‹
729 903 842 937 Ἀγαθὺς
860 902 914 938 γὰρ

128 949 229 984 Κύριος
242 951 297 980 τοῖς
310 949 491 984 ὑπομένουσιν
509 949 599 981 αὑτὸν,
615 949 660 975 καὶ
672 949 756 984 ψυχῇ,
770 948 787 984 ἡ
803 949 914 984 ζητήσει

128 995 208 1022 αὐτον
226 1004 234 1020 ›
250 996 305 1022 Καὶ
318 996 354 1030 μὴ
371 995 578 1031 δυσχερὰνωμεν
593 995 638 1021 τὸν
652 995 843 1021 ἐπαναστάντα
858 1003 916 1029 χει·

131 1041 216 1076 μῶνιν
228 1039 281 1066 οἶδε
291 1041 344 1075 γὰρ
353 1041 382 1067 τὸ
393 1041 531 1075 συμφέρον
544 1041 557 1067 ὁ
567 1040 620 1067 τῶν
628 1040 756 1067 ἁπάντων
767 1041 915 1076 Δεσπότης.

129 1087 178 1114 Διὰ
185 1087 262 1113 τοῦτο
273 1087 326 1121 γὰρ
340 1087 386 1112 καὶ
397 1086 435 1121 τῷ
450 1085 601 1121 Ἀποστόλῳ
612 1086 752 1122 αἰτήσαντι
762 1086 815 1112 τῶν
826 1095 918 1122 πειρα-

131 1132 207 1167 σμῶν
222 1133 272 1168 τὴν
286 1133 456 1167 ἀπαλλαγὴν,
470 1132 518 1167 τὴν
531 1132 638 1168 αἴτησιν
653 1132 682 1158 οὺ
698 1133 846 1168 παρέσχεν,
860 1132 916 1159 ἀλλ’

130 1175 218 1204 εἶπεν·
237 1187 245 1202 ι
265 1178 357 1212 Ἀρκεῖ
372 1187 413 1204 σοι
434 1178 451 1212 ὴ
467 1178 547 1213 χάρις
563 1186 623 1213 μου·
638 1179 654 1213 ἡ
670 1178 724 1213 γὰρ
738 1177 852 1214 δύναμίς
866 1187 917 1214 μου

131 1224 160 1250 ἐν
180 1223 307 1259 ἀσθενείᾳ
327 1223 486 1250 τελειοῦται.
504 1233 513 1249 ι
537 1223 708 1258 Ἐνέγκωμεν
733 1223 822 1250 τοίνυν
855 1233 917 1258 γεν-

131 1269 213 1300 ναίως
228 1270 261 1296 τὰ
275 1270 480 1304 προσπίπτοντα
494 1269 619 1304 λυπηρά.
632 1270 675 1296 Ἐν
687 1271 742 1301 τοῖς
755 1269 883 1305 πολέμοις
895 1271 919 1297 οἱ

131 1315 324 1349 ἀριστεύοντες
340 1315 501 1342 δείκνυνται”
526 1316 554 1341 ὲν
576 1317 632 1348 τοῖς
645 1315 746 1349 ἀγῶσιν
768 1317 791 1342 οἱ
805 1316 920 1351 ἀθληταὶ

133 1360 339 1394 στεφανοῦνται·
356 1362 373 1397 ἡ
390 1362 439 1397 τῆς
452 1360 587 1396 θαλάττης
604 1360 671 1396 ζάλη
694 1361 777 1397 δήλην
793 1363 864 1388 ποιεῖ
872 1361 919 1388 τοῦ

133 1407 301 1442 κυϐερνήτου
315 1406 363 1442 τὴν
377 1406 484 1442 τέχνην·
505 1407 535 1433 τὸ
553 1407 608 1442 πῦρ
625 1407 668 1433 τὸν
686 1409 786 1443 χρυσὸν
804 1407 919 1443 δοκιμά-

134 1453 184 1485 ζει.
202 1453 247 1488 Μὴ
260 1453 339 1487 μόνον
353 1452 381 1479 δὲ
394 1452 473 1488 ἡμῶν
488 1453 587 1484 αὐτῶν,
601 1453 760 1489 παρακαλῶ,
774 1454 922 1489 φροντίσω-

136 1507 196 1533 μεν,
208 1499 276 1525 ἁλλά
290 1498 401 1525 πλείονα
415 1498 469 1525 τῶν
482 1498 569 1526 ἄλλων
582 1499 762 1534 ποιησώμεθα
778 1498 918 1534 πρόνοιαν,

961 267 1058 294 cbielis
1068 274 1116 293 ore
1127 267 1167 294 sic
1179 267 1337 301 loquentem
1351 275 1356 292 :
1368 276 1377 292 ι
1389 257 1521 294 ,Ιιιᾱὶειιιιο
1532 267 1603 295 inter
1611 272 1747 302 pastorem

960 316 989 339 et
1012 319 1088 344 oves,
1118 319 1152 338 eo
1178 311 1252 346 quod
1275 312 1319 338 lac
1344 311 1540 344 eomedebatis,
1559 317 1587 339 et
1601 312 1671 339 lanis
1683 321 1750 348 ope-

962 357 1126 389 riebamini,
1151 361 1179 384 et
1190 364 1256 384 oves
1267 365 1322 384 non
1339 357 1491 391 paseebatis
1500 358 1549 383 ³⁸.»
1577 358 1611 384 Et
1627 358 1724 386 iterum
1743 368 1749 384 :

965 412 974 428 ι
987 403 1194 438 Speculatorem
1210 403 1274 431 dedi
1289 409 1315 430 te
1330 403 1422 430 domui
1438 396 1519 430 Israel
1537 412 1542 430 :
1559 408 1586 431 et
1602 404 1624 431 si
1637 412 1690 431 non
1701 412 1751 430 au-

961 449 1134 476 nuntiaveris
1145 449 1241 484 impio,
1253 454 1284 476 ut
1294 454 1434 476 avertatur
1448 449 1549 484 impius
1561 458 1575 476 a
1588 450 1631 476 via
1644 458 1692 477 sua
1702 450 1752 476 im-

962 493 1016 528 pia,
1044 493 1102 527 ipse
1118 493 1229 528 quidem
1254 494 1282 520 in
1303 494 1447 528 iniquitate
1461 502 1509 520 sua
1526 495 1670 526 morietur,
1688 502 1751 521 san-

962 537 1073 573 guinem
1086 546 1151 565 vero
1166 539 1227 573 ejus
1253 538 1287 565 de
1302 546 1384 565 manu
1401 542 1447 565 tua
1461 538 1599 572 requiram
1610 538 1642 564 ⁵⁷.
1655 549 1662 562 ι
1683 538 1751 564 Cum

963 583 1007 609 his
1031 583 1113 609 etiam
1138 583 1314 610 consentiunt
1342 591 1402 617 quae
1425 583 1580 617 parabolice
1606 591 1620 609 a
1636 583 1752 610 Domino

963 628 1037 655 dicta
1050 633 1115 655 sunt
1131 637 1136 654 :
1156 638 1164 654 ι
1177 628 1261 655 Serve
1275 628 1351 663 piger
1366 632 1394 656 et
1408 629 1513 663 1133
1526 628 1632 663 ignave,
1644 633 1753 663 oporte-

963 674 1010 700 bat
1034 677 1058 700 te
1076 674 1220 708 pecuniam
1236 681 1325 700 meam
1337 673 1403 700 dare
1418 673 1574 708 trapezitis,
1598 678 1626 700 et
1640 681 1690 708 ego
1705 681 1752 700 ve-

963 719 1043 746 niens
1059 727 1122 746 eum
1137 719 1228 746 usuris
1242 719 1337 754 utique
1350 719 1502 754 exegissem
1517 719 1589 746 illam
1598 719 1646 746 ’⁸³η
1664 719 1753 752 Quare

964 765 1134 800 evigilemus,
1151 765 1277 797 obsecro,
1290 771 1318 792 et
1333 774 1384 800 pro
1401 765 1507 792 Domini
1522 766 1621 792 cvibus
1634 765 1755 792 decerte-

966 818 1036 837 mus.
1066 811 1155 845 Prope
1170 815 1213 838 est
1226 811 1335 838 illarum
1352 811 1500 843 Dominus,
1529 811 1671 846 aderitque
1693 819 1753 838 om-

965 856 1048 888 nino,
1077 859 1104 883 et
1129 856 1209 891 lupos
1230 856 1336 891 abiget.
1367 861 1394 883 et
1414 861 1540 891 pastores
1561 857 1725 891 gloriﬁcabit
1745 866 1752 882 :

970 912 978 927 ι
992 902 1083 929 Bonus
1104 902 1177 928 enim
1196 906 1238 928 est
1253 902 1385 929 Dominus
1402 903 1626 936 exspectantibus
1639 910 1713 935 eum,
1727 907 1755 929 et

967 948 1064 975 animo:
1078 948 1211 983 quaerenti
1227 948 1304 975 illum
1314 949 1347 974 ⁵³.
1363 958 1372 973 ι
1400 948 1455 975 Nec
1470 956 1536 975 vero
1549 953 1670 975 exortam
1686 953 1755 975 tem-

967 997 1101 1029 pestatem
1115 1002 1185 1029 :egre
1198 994 1318 1021 feramus
1333 1003 1339 1020 :
1354 996 1361 1004 ‘
1372 994 1448 1021 novit
1460 995 1533 1021 enim
1544 994 1676 1021 Dominus
1690 995 1756 1029 quid

967 1040 1103 1075 expediat.
1117 1041 1266 1075 Propterea
1278 1040 1486 1074 etApostolum,
1500 1048 1561 1067 eum
1576 1041 1756 1067 tentationum

968 1086 1163 1113 liberationem
1189 1086 1338 1120 ﬂagitaret,
1366 1086 1424 1112 voti
1445 1091 1598 1121 compotem
1614 1094 1668 1113 non
1681 1086 1757 1119 fecit,

969 1132 1064 1159 dicens
1090 1141 1095 1158 :
1126 1141 1134 1157 ι
1148 1131 1253 1159 Suliicit
1268 1131 1316 1158 tibi
1332 1132 1419 1166 gratia
1430 1140 1504 1170 mea,
1521 1132 1584 1166 quia
1598 1132 1685 1159 virtus
1698 1140 1758 1160 mea

969 1177 997 1204 in
1012 1177 1171 1204 inﬁrmitate
1187 1177 1330 1212 perﬁcitur
1338 1177 1386 1203 ⁵ο.»
1403 1177 1524 1204 Fortiter
1537 1178 1629 1212 itaque
1641 1178 1759 1205 feramus

969 1232 1049 1251 casus
1063 1224 1203 1251 adversos.
1219 1223 1249 1251 In
1264 1224 1345 1251 bellis
1357 1224 1458 1259 quippe
1474 1229 1626 1251 cernuntur
1639 1225 1691 1251 viri
1704 1225 1760 1251 l‘or-'

971 1274 1028 1301 tes,
1056 1270 1084 1296 in
1107 1270 1307 1297 certaminibus
1332 1274 1499 1297 coronantur
1522 1270 1649 1302 athletm,
1677 1270 1762 1296 maris

970 1315 1083 1350 agitatio
1107 1315 1301 1350 gubernatoris
1315 1315 1405 1350 prodit
1422 1314 1583 1342 industriam
1594 1335 1600 1347 ,
1626 1315 1698 1350 ignis
1710 1323 1760 1342 au—

971 1369 1032 1388 rum
1047 1361 1155 1396 probat.
1170 1361 1306 1388 Cmterum
1321 1361 1409 1388 nostri
1423 1365 1528 1388 tantum
1540 1369 1645 1392 curam,
1658 1368 1759 1395 quaéso,

971 1414 1006 1434 ne
1019 1414 1155 1442 geramus,
1172 1406 1219 1433 sed
1233 1407 1335 1442 majore
1347 1406 1416 1433 alios
1429 1406 1603 1442 providentia
1614 1413 1763 1440 prosequa-

971 1461 1044 1485 mur,
1059 1460 1110 1479 nec
1124 1460 1206 1479 sanos
1217 1452 1359 1484 duntaxat,
1372 1453 1419 1480 sed
1433 1452 1518 1478 multo
1530 1452 1616 1486 magis
1628 1451 1761 1478 inﬁrmos.

971 1497 1128 1532 Apostolica
1144 1497 1218 1524 enim
1235 1498 1277 1524 lex
1291 1501 1343 1530 est,
1359 1497 1470 1524 disertis
1481 1496 1574 1523 verbis
1586 1496 1761 1531 praecipiens:

133 1544 183 1570 καὶ
200 1545 237 1579 μὴ
254 1544 332 1579 μόνον
351 1544 406 1571 τῶν
422 1544 611 1579 ὑγιαινόντων,
634 1545 702 1572 ἀλλὰ
716 1545 805 1580 πολλῷ
822 1545 919 1580 μᾶλλον

977 1554 986 1569 ‹
1000 1543 1189 1571 Consolamini
1218 1543 1416 1578 pusillanimes,
1434 1543 1564 1578 suscipite
1578 1542 1738 1569 inﬁrmos“.
1753 1553 1760 1566 ι

133 1589 188 1616 τῶν
204 1589 397 1617 ἀσθενούντων.
419 1590 608 1622 ’Δποστολικὸς
621 1590 675 1626 γάρ
687 1591 744 1616 ἐστι
756 1590 837 1625 νόμος
847 1590 922 1627 διαρ-

137 1635 220 1670 ρήδην
237 1634 315 1669 βοῶν·
342 1644 351 1661 ι
368 1635 555 1671 Παρακαλείτε
576 1636 637 1667 τοὺς
654 1636 844 1671 ὀλιγοψύχους,
858 1637 922 1664 ἀντ-

137 1680 230 1716 έχεσθε
244 1679 299 1707 τῶν
315 1680 447 1707 ἀσθενῶν.
459 1690 468 1706 ι
489 1680 642 1715 Ὀρέξωμεν
661 1681 750 1707 τοίνυν
771 1683 844 1716 χεῖρε
867 1682 923 1713 τοῖς

136 1725 284 1760 κειμένοις,
301 1724 515 1760 θεραπεύσωμεν
531 1724 621 1751 αὐτῶν
637 1724 671 1751 τὰ
688 1725 844 1760 τραύματα,
859 1726 923 1761 στή-

137 1777 228 1804 σωμεν
244 1769 291 1795 καὶ
304 1769 402 1801 αὐτοὺς
421 1770 450 1796 ὲν
466 1771 499 1804 τῇ
516 1769 667 1804 παρατάξει
682 1770 751 1796 κατὰ
772 1770 819 1796 τοῦ
835 1771 924 1797 διαϐό-

136 1815 193 1840 λου·
209 1814 284 1840 οὐδὲν
300 1813 380 1840 αὑτὸν
394 1813 480 1846 οὕτως
494 1814 612 1846 ἀνιάσει,
623 1814 660 1846 ὡς
672 1814 702 1841 τὸ
713 1815 792 1841 πάλιν
811 1815 923 1846 τούτους

139 1861 202 1887 ίόεῖν
215 1859 398 1895 πολεμοῦντας
415 1860 461 1886 καὶ
474 1860 630 1895 βάλλοντας.
647 1860 838 1895 Φιλάνθρωπός
851 1862 924 1887 ἐστιν

137 1908 152 1933 ὁ
163 1906 311 1941 Δεσπότης,
329 1905 436 1940 δέχεται
455 1905 510 1932 τῶν
525 1905 757 1940 πλημμελούντων
774 1907 823 1941 τὴν
839 1915 924 1940 μετα-

95 1958 98 1959 '
139 1952 249 1987 μέλειαν
265 1951 331 1986 (65)”
350 1950 511 1986 ἀκούσωμεν
528 1950 583 1986 (64)
603 1951 684 1976 αὑτοῦ
699 1950 834 1985 λέγοντος·
855 1961 864 1976 ι
883 1952 925 1978 Ζῶ

139 1996 204 2031 ἐγὼ,
216 1997 290 2030 λέγει
301 1997 411 2031 Κύριος
428 1997 452 2022 εἰ
463 1996 570 2031 θελήσει
581 1996 686 2032 Θελήσω
697 1997 742 2022 τὸν
756 1996 868 2023 θάνατον
879 1997 925 2023 τοῦ

139 2043 314 2080 ἁμαρτωλοῦ,
330 2044 367 2074 ὠς
385 2043 415 2069 τὸ
432 2042 593 2078 ἐπιστρέψαι
607 2042 687 2069 αὑτὸν
703 2044 748 2069 καὶ
763 2042 828 2078 ζῇνς
850 2052 859 2068 ι
877 2042 926 2069 Διὰ

139 2090 218 2116 τοῦτο
233 2089 279 2116 καὶ
293 2089 372 2124 ὅρκον
387 2088 425 2124 τῷ
435 2088 507 2123 λόγῳ
524 2087 709 2123 προτέθεικεν,
724 2088 770 2114 καὶ
780 2089 794 2114 ὁ
806 2089 861 2120 τοῖς
878 2087 926 2114 ἄλ-

140 2135 196 2165 λοις
209 2133 389 2169 ἀπαγορεύων
403 2134 466 2164 τοὺς
477 2134 587 2168 ὅρκους,
605 2132 761 2168 ὀμώμοκεν,
781 2133 824 2159 ἵνα
846 2133 927 2168 πείσῃ

141 2181 178 2212 ὡς
192 2181 240 2215 τῆς
255 2180 390 2215 ἡμετέρας
408 2180 590 2215 μεταμελείας
601 2180 648 2206 καὶ
659 2180 796 2216 σωτηρίας
809 2180 924 2215 ἐφίεται.

973 1589 1149 1624 Porrigamus
1161 1596 1225 1623 ergo
1238 1597 1348 1615 manum
1358 1589 1525 1624 jacentibus,
1537 1589 1695 1615 medeamur
1706 1588 1766 1614 illo-

973 1642 1034 1661 rum
1046 1634 1216 1666 vulneribus,
1231 1634 1306 1669 ipsos
1319 1635 1402 1661 etiam
1415 1634 1441 1661 in
1453 1635 1510 1661 acie
1521 1639 1616 1661 contra
1626 1634 1764 1668 diabolum

973 1681 1150 1708 collocemus.
1165 1680 1243 1707 Nulla
1256 1688 1299 1708 res
1311 1681 1388 1708 illum
1401 1681 1515 1716 perinde
1529 1681 1673 1713 cruciabit,
1685 1688 1766 1714 quam

973 1725 997 1752 si
1019 1725 1071 1752 hos
1094 1725 1193 1752 iterum
1219 1730 1372 1761 pugnantes
1397 1726 1583 1760 ferientesque
1604 1726 1765 1760 conspiciat.

974 1771 1112 1806 Benignus
1133 1775 1176 1798 est
1198 1771 1342 1803 Dominus,
1377 1772 1550 1806 peccantium
1577 1771 1766 1806 paenitentiam

975 1815 1090 1850 suscipit
1114 1825 1120 1842 :
1143 1816 1287 1843 audiamus
1315 1824 1378 1843 eum
1407 1817 1565 1851 loquentem
1591 1817 1634 1843 his
1651 1817 1765 1843 verbis:

979 1869 988 1885 ι
1000 1860 1067 1887 Vivo
1081 1868 1141 1894 ego,
1169 1860 1236 1887 dicit
1253 1861 1396 1894 Dominus,
1414 1861 1448 1887 ‘si
1462 1861 1556 1888 volens
1570 1861 1631 1888 volo
1651 1867 1766 1888 mortem

976 1906 1128 1940 peccatoris
1143 1926 1149 1938 ,
1180 1906 1287 1941 1135
1319 1914 1351 1933 ae
1364 1914 1419 1933 non
1432 1906 1523 1940 potius
1546 1911 1576 1933 ut
1590 1910 1768 1933 convertatur

976 1956 1004 1978 et
1024 1953 1138 1979 vivat“.
1155 1962 1163 1977 ι
1185 1952 1291 1979 idcirco
1313 1954 1499 1987 juramentum
1515 1953 1609 1980 verbis
1623 1953 1765 1988 pra'misit,

976 2001 1005 2025 et
1023 1997 1071 2031 qui
1097 1998 1167 2025 alios
1192 1998 1285 2033 jurare
1313 2003 1397 2030 vetat,
1427 1998 1486 2033 ipse
1507 1999 1619 2034 juravit,
1638 2003 1668 2026 ut
1687 1999 1766 2025 [idem

976 2042 1074 2075 faciat,
1105 2050 1134 2069 se
1153 2043 1341 2077 pcenitenliam
1356 2043 1527 2078 salutemque
1541 2047 1662 2071 nostram
1683 2052 1766 2078 expe—

977 2095 1047 2116 tere.
1065 2089 1112 2117 His
1124 2089 1218 2116 referti
1233 2095 1297 2117 sunt
1310 2089 1385 2116 Libri
1397 2089 1493 2120 divini,
1508 2094 1564 2116 tum
1575 2094 1693 2119 veteres.
1711 2094 1765 2116 tum

978 2135 1042 2163 novi
1073 2144 1078 2162 :
1106 2135 1164 2162 hate
1179 2135 1237 2170 ipsa
1249 2135 1331 2162 etiam
1345 2139 1503 2163 sanctorum
1516 2135 1627 2162 Patrum
1646 2143 1767 2162 canones

978 2181 1088 2208 docent.

142 2227 249 2253 Τούτων
267 2228 294 2253 αἱ
314 2227 385 2254 θεῖαι
399 2227 489 2253 Βίϐλοι
505 2227 613 2262 μεσταὶ,
626 2228 673 2254 καὶ
693 2228 720 2253 αἱ
744 2227 867 2260 παλαιαὶ,
883 2228 930 2254 καὶ
949 2228 977 2255 αἱ
995 2227 1097 2254 καιναί.
1118 2227 1210 2254 Ταῦτα
1224 2227 1270 2254 καὶ
1283 2228 1307 2254 οἱ
1337 2227 1449 2260 κανόνες
1475 2227 1529 2254 τῶν
1544 2227 1628 2262 ἁγίων
1640 2228 1768 2263 Πατὲρων

141 2276 326 2302 διδάσκουσιν.

183 2322 254 2356 Ἐγὼ
270 2323 298 2348 δὲ
319 2322 388 2349 αὐτὰ
412 2322 461 2357 οὐχ
489 2322 527 2354 ὡς
546 2322 687 2356 ἀγνοοῦσιν
707 2322 770 2357 ὑμῖν
791 2322 918 2358 γέγραφα

1018 2323 1074 2358 Ego
1089 2331 1154 2351 vero
1171 2323 1217 2350 illa
1243 2331 1298 2350 non
1313 2327 1343 2349 ut
1357 2321 1546 2357 ignorantibus
1567 2321 1646 2348 vobis
1661 2320 1768 2355 scripsi.

142 2369 200 2396 ἀλλ’
216 2369 253 2400 ὡς
264 2368 367 2400 εἰδότας
384 2369 534 2403 ἀνέμνησα”
552 2370 599 2395 καὶ
614 2369 795 2404 ἐμιμησάμην
809 2371 873 2401 τοὺς
885 2369 931 2396 ἐπὶ

142 2416 190 2449 τῆς
206 2416 256 2449 γῆς
270 2413 400 2445 ἑστῶτας,
416 2414 462 2440 καὶ
486 2415 542 2445 τοῖς
564 2413 803 2449 κλυδωνιξομένοις
821 2416 931 2441 ὲπικουη

144 2461 268 2496 ροῦντας,
291 2461 339 2486 καὶ
365 2461 381 2495 ἢ
407 2459 538 2494 πρόϐολον
560 2460 774 2491 ἐπιδεικνύντας,
793 2461 810 2496 ἢ
832 2461 931 2496 βράχος

143 2507 336 2544 κεκρυμμένον
359 2506 522 2542 μηνύοντας,
540 2506 556 2541 ἢ
578 2508 682 2541 σχοῖνον
699 2506 859 2542 δεχομένους
886 2507 932 2533 καὶ

143 2553 282 2583 ἕλκοντας.
303 2553 332 2578 '0
349 2552 377 2578 δὲ
389 2551 454 2583 Θεὸς
468 2552 518 2586 τῆς
534 2551 647 2587 εἰρήνης
667 2552 806 2587 συντρίψει
820 2552 866 2578 τὸν
878 2553 931 2578 Σα-

143 2599 227 2625 τανᾶν
244 2597 297 2624 ὑπὸ
311 2598 374 2627 τοὺς
388 2597 472 2628 πόδας
497 2596 574 2632 ὑμῶν
595 2597 624 2623 ὲν
638 2596 726 2631 τάχει,
742 2598 789 2624 καὶ
804 2597 933 2633 εὐφρανεῖ

143 2643 192 2675 τᾶς
217 2643 356 2679 ἡμετέρας
381 2642 465 2674 ἀκοὰς
481 2643 514 2677 τῇ
531 2642 652 2678 ὑμετέρᾳ.
665 2642 779 2679 γαλήνῃ,
795 2643 879 2669 είπὼν
896 2644 930 2678 τῇ

182 2721 204 2737 ⁵⁸
216 2721 315 2748 Ezech.
327 2729 418 2753 xxxiv,
434 2721 462 2753 5,
480 2721 523 2747 l7.

564 2720 587 2737 ⁸⁷
602 2720 702 2748 Ezceh.
717 2721 812 2752 111,17,
828 2721 870 2748 18.

144 2756 164 2772 ⁶¹
184 2756 193 2782 Ι
209 2752 304 2783 Thess.
323 2765 349 2788 v,
368 2757 410 2782 14.

450 2756 471 2772 ⁸⁸
487 2756 590 2783 Εἰεοιι.
605 2763 697 2788 xxxiii,
719 2756 762 2782 ll.

183 2869 237 2904 καί)
255 2869 320 2896 ἀκού
326 2878 406 2901 σομεν
423 2869 497 2902 Neap

927 2722 949 2738 ⁵⁸
961 2721 1027 2750 Luc.
1040 2731 1095 2756 xix,
1108 2723 1152 2750 σίζ’).

801 2757 824 2773 ’⁵³
845 2757 924 2784 Rom.
941 2766 994 2790 xvi,
1012 2758 1056 2784 ΞΟ.

980 2370 1028 2397 sed
1047 2373 1076 2396 ut
1093 2369 1245 2397 scientibus
1265 2369 1399 2404 suggessi.
1429 2368 1609 2402 lmitatusque
1623 2367 1692 2394 adeo
1709 2374 1769 2393 sum

980 2416 1053 2447 illos,
1081 2416 1128 2450 qui
1154 2415 1181 2442 in
1208 2420 1280 2442 terra
1297 2415 1464 2446 consistunt,
1482 2418 1510 2441 et
1533 2421 1594 2440 cum
1610 2416 1770 2448 tempestate

980 2461 1202 2488 conliietantibus
1213 2469 1293 2495 opem
1305 2461 1406 2490 ferunt,
1416 2465 1463 2487 aut
1474 2459 1616 2494 scopulum
1626 2457 1771 2485 ostenden-

982 2510 1037 2537 tes,
1062 2510 1109 2533 aut
1131 2506 1225 2533 brevia
1239 2505 1351 2532 latentia
1375 2505 1539 2537 indicantes,
1556 2508 1602 2531 aut
1628 2507 1767 2537 arreptum

980 2551 1073 2578 funem
1094 2552 1273 2579 attrahentes.
1300 2552 1372 2579 Deus
1382 2559 1447 2579 vero
1468 2551 1543 2585 pacis
1555 2553 1679 2577 conterat
1694 2548 1770 2576 brevi

982 2597 1109 2625 Satanam
1132 2599 1184 2625 sub
1196 2598 1311 2633 pedibus
1323 2597 1469 2628 vestris“,
1496 2601 1524 2622 et
1544 2595 1677 2623 exhilarct
1692 2601 1772 2620 aures

981 2648 1090 2672 nostras
1102 2644 1300 2680 tranquillitate
1314 2648 1415 2674 vestra,
1426 2642 1529 2670 furenti
1540 2642 1679 2676 imperans
1688 2639 1770 2666 mari:

1208 2723 1230 2738 ⁸³
1255 2723 1358 2749 Thren.
1374 2730 1411 2755 ιιι,
1427 2722 1470 2749 ‘25.
1527 2721 1548 2736 ¹⁰
1563 2719 1660 2747 ιιοοτ.
1679 2726 1725 2751 xu,
1746 2718 1773 2745 9.

183 2833 237 2904 (65g
255 2833 301 2861 Sic.
313 2841 328 2861 e
341 2834 475 2868 Neapolit.
490 2835 609 2869 reposui.
624 2834 786 2861 Sirmnndus
800 2834 862 2861 hab.
879 2834 1037 2869 ἐπιμέλειαν

183 2871 227 2904 καί
255 2869 406 2901 ἀκούωμεν
423 2869 497 2902 Neap
