  <div class='ocr_page' id='page_1' title='image "/cluster/home/n/w/nwhite01/storage/ocr_20150623/83/njp.32101007877440/643.png"; bbox 0 0 1962 3051; ppageno 0'>
   <div class='ocr_carea' id='block_1_1' title="bbox 202 121 273 154">
    <p class='ocr_par' dir='ltr' id='par_1_1' title="bbox 202 121 273 154">
     <span class='ocr_line' id='line_1_1' title="bbox 202 121 273 154; baseline 0.014 -1"><span class='ocrx_word' id='word_1_1' title='bbox 202 121 273 154; x_wconf 67' lang='grc'><strong>1255</strong></span> 
     </span>
    </p>
   </div>
   <div class='ocr_carea' id='block_1_2' title="bbox 700 117 1332 150">
    <p class='ocr_par' dir='ltr' id='par_1_2' title="bbox 700 117 1332 150">
     <span class='ocr_line' id='line_1_2' title="bbox 700 117 1332 150; baseline -0.003 0"><span class='ocrx_word' id='word_1_2' title='bbox 700 118 943 150; x_wconf 82' lang='lat' dir='ltr'><strong>THEODORETI</strong></span> <span class='ocrx_word' id='word_1_3' title='bbox 962 117 1132 149; x_wconf 78' lang='lat' dir='ltr'><strong>EPISCOPI</strong></span> <span class='ocrx_word' id='word_1_4' title='bbox 1150 117 1332 148; x_wconf 83' lang='lat' dir='ltr'><strong>CYRENSIS</strong></span> 
     </span>
    </p>
   </div>
   <div class='ocr_carea' id='block_1_3' title="bbox 1764 121 1836 154">
    <p class='ocr_par' dir='ltr' id='par_1_3' title="bbox 1764 121 1836 154">
     <span class='ocr_line' id='line_1_3' title="bbox 1764 121 1836 154; baseline -0.014 0"><span class='ocrx_word' id='word_1_5' title='bbox 1764 121 1836 154; x_wconf 66' lang='lat'><strong>125‘}</strong></span> 
     </span>
    </p>
   </div>
   <div class='ocr_carea' id='block_1_4' title="bbox 205 176 998 215">
    <p class='ocr_par' dir='ltr' id='par_1_4' title="bbox 205 177 993 214">
     <span class='ocr_line' id='line_1_4' title="bbox 205 177 993 214; baseline -0.006 -6"><span class='ocrx_word' id='word_1_6' title='bbox 205 190 215 208; x_wconf 77' lang='grc' dir='ltr'><strong>ι</strong></span> <span class='ocrx_word' id='word_1_7' title='bbox 228 181 309 214; x_wconf 88' lang='lat' dir='ltr'><strong>Tace,</strong></span> <span class='ocrx_word' id='word_1_8' title='bbox 324 180 485 208; x_wconf 85' lang='lat' dir='ltr'><strong>obmutesce</strong></span> <span class='ocrx_word' id='word_1_9' title='bbox 493 178 542 205; x_wconf 67' lang='grc'><strong>⁸⁸.»</strong></span> <span class='ocrx_word' id='word_1_10' title='bbox 565 178 618 206; x_wconf 81' lang='lat' dir='ltr'><strong>Vos</strong></span> <span class='ocrx_word' id='word_1_11' title='bbox 631 185 696 205; x_wconf 90' lang='lat' dir='ltr'><strong>vero</strong></span> <span class='ocrx_word' id='word_1_12' title='bbox 713 184 809 212; x_wconf 82' lang='lat' dir='ltr'><strong>preces</strong></span> <span class='ocrx_word' id='word_1_13' title='bbox 822 177 862 204; x_wconf 83' lang='lat' dir='ltr'><strong>illi</strong></span> <span class='ocrx_word' id='word_1_14' title='bbox 879 184 931 210; x_wconf 91' lang='lat' dir='ltr'><strong>pro</strong></span> <span class='ocrx_word' id='word_1_15' title='bbox 943 184 993 204; x_wconf 90' lang='lat' dir='ltr'><strong>no-</strong></span> 
     </span>
    </p>
   </div>
   <div class='ocr_carea' id='block_1_5' title="bbox 1049 176 1836 215">
    <p class='ocr_par' dir='ltr' id='par_1_5' title="bbox 1049 176 1836 215">
     <span class='ocr_line' id='line_1_5' title="bbox 1049 176 1836 215; baseline 0.006 -13"><span class='ocrx_word' id='word_1_16' title='bbox 1049 176 1197 211; x_wconf 81' lang='grc' dir='ltr'>μαινομὲνῃ</span> <span class='ocrx_word' id='word_1_17' title='bbox 1209 176 1338 212; x_wconf 76' lang='grc' dir='ltr'><strong>θαλάττῃ·</strong></span> <span class='ocrx_word' id='word_1_18' title='bbox 1357 186 1365 202; x_wconf 87' lang='grc' dir='ltr'><strong>ι</strong></span> <span class='ocrx_word' id='word_1_19' title='bbox 1381 176 1485 209; x_wconf 81' lang='grc' dir='ltr'><strong>Σιώπα,</strong></span> <span class='ocrx_word' id='word_1_20' title='bbox 1504 177 1657 212; x_wconf 72' lang='grc' dir='ltr'><strong>πεφίμωσο.</strong></span> <span class='ocrx_word' id='word_1_21' title='bbox 1670 188 1678 204; x_wconf 77' lang='grc' dir='ltr'><strong>ι</strong></span> <span class='ocrx_word' id='word_1_22' title='bbox 1697 179 1791 215; x_wconf 79' lang='grc' dir='ltr'>Ὑμεῖς</span> <span class='ocrx_word' id='word_1_23' title='bbox 1803 181 1836 208; x_wconf 77' lang='grc' dir='ltr'>δὲ</span> 
     </span>
    </p>
   </div>
   <div class='ocr_carea' id='block_1_6' title="bbox 200 223 992 260">
    <p class='ocr_par' dir='ltr' id='par_1_6' title="bbox 200 223 992 260">
     <span class='ocr_line' id='line_1_6' title="bbox 200 223 992 260; baseline -0.008 -5"><span class='ocrx_word' id='word_1_24' title='bbox 200 227 244 255; x_wconf 81' lang='lat' dir='ltr'><strong>bis</strong></span> <span class='ocrx_word' id='word_1_25' title='bbox 263 227 370 254; x_wconf 70' lang='lat' dir='ltr'><strong>offerte.</strong></span> <span class='ocrx_word' id='word_1_26' title='bbox 399 225 528 260; x_wconf 73' lang='lat' dir='ltr'><strong>Maiorem</strong></span> <span class='ocrx_word' id='word_1_27' title='bbox 544 225 645 259; x_wconf 84' lang='lat' dir='ltr'><strong>quippe</strong></span> <span class='ocrx_word' id='word_1_28' title='bbox 661 223 791 250; x_wconf 92' lang='lat' dir='ltr'><strong>ﬁduciam</strong></span> <span class='ocrx_word' id='word_1_29' title='bbox 807 223 925 255; x_wconf 85' lang='lat' dir='ltr'><strong>habetis,</strong></span> <span class='ocrx_word' id='word_1_30' title='bbox 943 223 992 258; x_wconf 88' lang='lat' dir='ltr'><strong>qui</strong></span> 
     </span>
    </p>
   </div>
   <div class='ocr_carea' id='block_1_7' title="bbox 201 268 762 306">
    <p class='ocr_par' dir='ltr' id='par_1_7' title="bbox 201 268 762 306">
     <span class='ocr_line' id='line_1_7' title="bbox 201 268 762 306; baseline -0.007 -7"><span class='ocrx_word' id='word_1_31' title='bbox 201 272 293 299; x_wconf 86' lang='lat' dir='ltr'><strong>oblata</strong></span> <span class='ocrx_word' id='word_1_32' title='bbox 309 279 360 306; x_wconf 92' lang='lat' dir='ltr'><strong>pro</strong></span> <span class='ocrx_word' id='word_1_33' title='bbox 375 277 409 298; x_wconf 87' lang='lat' dir='ltr'><strong>eo</strong></span> <span class='ocrx_word' id='word_1_34' title='bbox 424 270 577 297; x_wconf 90' lang='lat' dir='ltr'><strong>certamina</strong></span> <span class='ocrx_word' id='word_1_35' title='bbox 592 268 762 303; x_wconf 73' lang='lat' dir='ltr'><strong>suscepistis.</strong></span> 
     </span>
    </p>
   </div>
   <div class='ocr_carea' id='block_1_8' title="bbox 376 368 816 412">
    <p class='ocr_par' dir='ltr' id='par_1_8' title="bbox 376 368 816 412">
     <span class='ocr_line' id='line_1_8' title="bbox 376 368 816 412; baseline 0 -16"><span class='ocrx_word' id='word_1_36' title='bbox 376 368 495 396; x_wconf 77' lang='lat' dir='ltr'><strong>LXXIX.</strong></span> <span class='ocrx_word' id='word_1_37' title='bbox 508 368 678 412; x_wconf 75' lang='lat' dir='ltr'><strong>—-Anatolio</strong></span> <span class='ocrx_word' id='word_1_38' title='bbox 692 370 816 404; x_wconf 74' lang='lat' dir='ltr'><strong>patricio.</strong></span> 
     </span>
    </p>
   </div>
   <div class='ocr_carea' id='block_1_9' title="bbox 236 424 993 460">
    <p class='ocr_par' dir='ltr' id='par_1_9' title="bbox 236 424 993 460">
     <span class='ocr_line' id='line_1_9' title="bbox 236 424 993 460; baseline -0.003 -8"><span class='ocrx_word' id='word_1_39' title='bbox 236 425 379 452; x_wconf 81' lang='lat' dir='ltr'><strong>Maximam</strong></span> <span class='ocrx_word' id='word_1_40' title='bbox 397 425 477 452; x_wconf 91' lang='lat' dir='ltr'><strong>nobis</strong></span> <span class='ocrx_word' id='word_1_41' title='bbox 494 425 548 452; x_wconf 89' lang='lat' dir='ltr'><strong>hoc</strong></span> <span class='ocrx_word' id='word_1_42' title='bbox 563 428 686 460; x_wconf 86' lang='lat' dir='ltr'><strong>tempore</strong></span> <span class='ocrx_word' id='word_1_43' title='bbox 706 425 921 452; x_wconf 76' lang='lat' dir='ltr'><strong>consolationem</strong></span> <span class='ocrx_word' id='word_1_44' title='bbox 938 424 993 451; x_wconf 90' lang='lat' dir='ltr'><strong>Do-</strong></span> 
     </span>
    </p>
   </div>
   <div class='ocr_carea' id='block_1_10' title="bbox 201 471 994 506">
    <p class='ocr_par' dir='ltr' id='par_1_10' title="bbox 201 471 994 506">
     <span class='ocr_line' id='line_1_10' title="bbox 201 471 994 506; baseline -0.001 -8"><span class='ocrx_word' id='word_1_45' title='bbox 201 472 292 499; x_wconf 88' lang='lat' dir='ltr'><strong>minus</strong></span> <span class='ocrx_word' id='word_1_46' title='bbox 315 472 387 498; x_wconf 85' lang='lat' dir='ltr'><strong>Deus</strong></span> <span class='ocrx_word' id='word_1_47' title='bbox 411 471 526 498; x_wconf 86' lang='lat' dir='ltr'><strong>indulsit</strong></span> <span class='ocrx_word' id='word_1_48' title='bbox 548 471 778 506; x_wconf 77' lang='lat' dir='ltr'><strong>magniﬁcentiam</strong></span> <span class='ocrx_word' id='word_1_49' title='bbox 804 476 891 503; x_wconf 86' lang='lat' dir='ltr'><strong>tuam,</strong></span> <span class='ocrx_word' id='word_1_50' title='bbox 923 475 994 498; x_wconf 93' lang='lat' dir='ltr'><strong>tem-</strong></span> 
     </span>
    </p>
   </div>
   <div class='ocr_carea' id='block_1_11' title="bbox 200 516 994 552">
    <p class='ocr_par' dir='ltr' id='par_1_11' title="bbox 200 516 994 552">
     <span class='ocr_line' id='line_1_11' title="bbox 200 516 994 552; baseline -0.003 -8"><span class='ocrx_word' id='word_1_51' title='bbox 200 517 355 552; x_wconf 86' lang='lat' dir='ltr'><strong>pestatique</strong></span> <span class='ocrx_word' id='word_1_52' title='bbox 385 521 582 551; x_wconf 79' lang='lat' dir='ltr'><strong>congruentem</strong></span> <span class='ocrx_word' id='word_1_53' title='bbox 608 520 718 550; x_wconf 92' lang='lat' dir='ltr'><strong>portum</strong></span> <span class='ocrx_word' id='word_1_54' title='bbox 742 516 828 543; x_wconf 88' lang='lat' dir='ltr'><strong>dedit.</strong></span> <span class='ocrx_word' id='word_1_55' title='bbox 862 516 939 543; x_wconf 88' lang='lat' dir='ltr'><strong>Unde</strong></span> <span class='ocrx_word' id='word_1_56' title='bbox 966 520 994 543; x_wconf 85' lang='lat' dir='ltr'><strong>et</strong></span> 
     </span>
    </p>
   </div>
   <div class='ocr_carea' id='block_1_12' title="bbox 201 561 996 598">
    <p class='ocr_par' dir='ltr' id='par_1_12' title="bbox 201 561 996 598">
     <span class='ocr_line' id='line_1_12' title="bbox 201 561 996 598; baseline 0 -9"><span class='ocrx_word' id='word_1_57' title='bbox 201 563 384 598; x_wconf 78' lang='lat' dir='ltr'><strong>magnitudini</strong></span> <span class='ocrx_word' id='word_1_58' title='bbox 405 566 458 589; x_wconf 66' lang='lat' dir='ltr'><strong>tuae</strong></span> <span class='ocrx_word' id='word_1_59' title='bbox 483 570 544 596; x_wconf 78' lang='lat' dir='ltr'><strong>qua:</strong></span> <span class='ocrx_word' id='word_1_60' title='bbox 559 562 673 589; x_wconf 88' lang='lat' dir='ltr'><strong>molesta</strong></span> <span class='ocrx_word' id='word_1_61' title='bbox 688 566 753 588; x_wconf 79' lang='lat' dir='ltr'><strong>sunt</strong></span> <span class='ocrx_word' id='word_1_62' title='bbox 769 561 885 588; x_wconf 81' lang='lat' dir='ltr'><strong>fidenter</strong></span> <span class='ocrx_word' id='word_1_63' title='bbox 899 569 996 596; x_wconf 77' lang='lat' dir='ltr'><strong>sugge-</strong></span> 
     </span>
    </p>
   </div>
   <div class='ocr_carea' id='block_1_13' title="bbox 201 606 993 642">
    <p class='ocr_par' dir='ltr' id='par_1_13' title="bbox 201 606 993 642">
     <span class='ocr_line' id='line_1_13' title="bbox 201 606 993 642; baseline -0.001 -7"><span class='ocrx_word' id='word_1_64' title='bbox 201 609 299 635; x_wconf 90' lang='lat' dir='ltr'><strong>rimus.</strong></span> <span class='ocrx_word' id='word_1_65' title='bbox 312 608 420 635; x_wconf 89' lang='lat' dir='ltr'><strong>Dudum</strong></span> <span class='ocrx_word' id='word_1_66' title='bbox 432 615 498 642; x_wconf 82' lang='lat' dir='ltr'><strong>ergo</strong></span> <span class='ocrx_word' id='word_1_67' title='bbox 509 607 680 634; x_wconf 79' lang='lat' dir='ltr'><strong>excellentiae</strong></span> <span class='ocrx_word' id='word_1_68' title='bbox 691 611 789 634; x_wconf 71' lang='lat' dir='ltr'><strong>vestrae</strong></span> <span class='ocrx_word' id='word_1_69' title='bbox 802 606 993 639; x_wconf 80' lang='lat' dir='ltr'><strong>indicavimus,</strong></span> 
     </span>
    </p>
   </div>
   <div class='ocr_carea' id='block_1_14' title="bbox 201 651 995 682">
    <p class='ocr_par' dir='ltr' id='par_1_14' title="bbox 201 651 995 682">
     <span class='ocr_line' id='line_1_14' title="bbox 201 651 995 682; baseline -0.003 -2"><span class='ocrx_word' id='word_1_70' title='bbox 201 653 442 682; x_wconf 83' lang='lat' dir='ltr'><strong>commonitorium</strong></span> <span class='ocrx_word' id='word_1_71' title='bbox 467 653 547 679; x_wconf 91' lang='lat' dir='ltr'><strong>nobis</strong></span> <span class='ocrx_word' id='word_1_72' title='bbox 570 652 723 679; x_wconf 84' lang='lat' dir='ltr'><strong>ostendisse</strong></span> <span class='ocrx_word' id='word_1_73' title='bbox 750 651 850 678; x_wconf 79' lang='lat' dir='ltr'><strong>Rufum</strong></span> <span class='ocrx_word' id='word_1_74' title='bbox 866 652 995 679; x_wconf 86' lang='lat' dir='ltr'><strong>comitem</strong></span> 
     </span>
    </p>
   </div>
   <div class='ocr_carea' id='block_1_15' title="bbox 201 697 994 733">
    <p class='ocr_par' dir='ltr' id='par_1_15' title="bbox 201 697 994 733">
     <span class='ocr_line' id='line_1_15' title="bbox 201 697 994 733; baseline -0.001 -9"><span class='ocrx_word' id='word_1_75' title='bbox 201 698 502 733; x_wconf 74' lang='lat' dir='ltr'><strong>magniﬁcentissimum</strong></span> <span class='ocrx_word' id='word_1_76' title='bbox 533 697 712 732; x_wconf 87' lang='lat' dir='ltr'><strong>imperatoria</strong></span> <span class='ocrx_word' id='word_1_77' title='bbox 736 705 818 724; x_wconf 86' lang='lat' dir='ltr'><strong>manu</strong></span> <span class='ocrx_word' id='word_1_78' title='bbox 841 701 994 729; x_wconf 83' lang='lat' dir='ltr'><strong>exaratum,</strong></span> 
     </span>
    </p>
   </div>
   <div class='ocr_carea' id='block_1_16' title="bbox 200 742 997 778">
    <p class='ocr_par' dir='ltr' id='par_1_16' title="bbox 200 742 997 778">
     <span class='ocr_line' id='line_1_16' title="bbox 200 742 997 778; baseline 0 -8"><span class='ocrx_word' id='word_1_79' title='bbox 200 744 274 778; x_wconf 90' lang='lat' dir='ltr'><strong>quod</strong></span> <span class='ocrx_word' id='word_1_80' title='bbox 299 743 449 770; x_wconf 87' lang='lat' dir='ltr'><strong>fortissimo</strong></span> <span class='ocrx_word' id='word_1_81' title='bbox 475 743 606 777; x_wconf 80' lang='lat' dir='ltr'><strong>magistro</strong></span> <span class='ocrx_word' id='word_1_82' title='bbox 623 742 742 769; x_wconf 82' lang='lat' dir='ltr'><strong>militum</strong></span> <span class='ocrx_word' id='word_1_83' title='bbox 768 743 945 777; x_wconf 76' lang='lat' dir='ltr'><strong>praecipiebat</strong></span> <span class='ocrx_word' id='word_1_84' title='bbox 966 747 997 770; x_wconf 91' lang='lat' dir='ltr'><strong>ut</strong></span> 
     </span>
    </p>
   </div>
   <div class='ocr_carea' id='block_1_17' title="bbox 201 787 997 824">
    <p class='ocr_par' dir='ltr' id='par_1_17' title="bbox 201 787 997 824">
     <span class='ocr_line' id='line_1_17' title="bbox 201 787 997 824; baseline 0 -9"><span class='ocrx_word' id='word_1_85' title='bbox 201 789 354 824; x_wconf 84' lang='lat' dir='ltr'><strong>prudenter</strong></span> <span class='ocrx_word' id='word_1_86' title='bbox 365 788 489 823; x_wconf 86' lang='lat' dir='ltr'><strong>sciteque</strong></span> <span class='ocrx_word' id='word_1_87' title='bbox 504 791 614 815; x_wconf 84' lang='lat' dir='ltr'><strong>curaret</strong></span> <span class='ocrx_word' id='word_1_88' title='bbox 627 795 677 814; x_wconf 92' lang='lat' dir='ltr'><strong>nos</strong></span> <span class='ocrx_word' id='word_1_89' title='bbox 692 787 756 823; x_wconf 87' lang='lat' dir='ltr'><strong>Cyri</strong></span> <span class='ocrx_word' id='word_1_90' title='bbox 769 788 931 820; x_wconf 84' lang='lat' dir='ltr'><strong>consistere,</strong></span> <span class='ocrx_word' id='word_1_91' title='bbox 945 795 997 816; x_wconf 88' lang='lat' dir='ltr'><strong>nec</strong></span> 
     </span>
    </p>
   </div>
   <div class='ocr_carea' id='block_1_18' title="bbox 201 832 996 869">
    <p class='ocr_par' dir='ltr' id='par_1_18' title="bbox 201 832 996 869">
     <span class='ocr_line' id='line_1_18' title="bbox 201 832 996 869; baseline -0.001 -8"><span class='ocrx_word' id='word_1_92' title='bbox 201 834 235 861; x_wconf 88' lang='lat' dir='ltr'><strong>ad</strong></span> <span class='ocrx_word' id='word_1_93' title='bbox 251 834 318 861; x_wconf 91' lang='lat' dir='ltr'><strong>alias</strong></span> <span class='ocrx_word' id='word_1_94' title='bbox 332 833 459 869; x_wconf 78' lang='lat' dir='ltr'><strong>civitates</strong></span> <span class='ocrx_word' id='word_1_95' title='bbox 472 832 622 868; x_wconf 84' lang='lat' dir='ltr'><strong>proﬁcisci,</strong></span> <span class='ocrx_word' id='word_1_96' title='bbox 642 837 672 859; x_wconf 94' lang='lat' dir='ltr'><strong>ut</strong></span> <span class='ocrx_word' id='word_1_97' title='bbox 690 833 737 867; x_wconf 92' lang='lat' dir='ltr'><strong>qui</strong></span> <span class='ocrx_word' id='word_1_98' title='bbox 752 833 871 868; x_wconf 79' lang='lat' dir='ltr'><strong>synodos</strong></span> <span class='ocrx_word' id='word_1_99' title='bbox 886 833 996 860; x_wconf 87' lang='lat' dir='ltr'><strong>assidue</strong></span> 
     </span>
    </p>
   </div>
   <div class='ocr_carea' id='block_1_19' title="bbox 201 878 997 914">
    <p class='ocr_par' dir='ltr' id='par_1_19' title="bbox 201 878 997 914">
     <span class='ocr_line' id='line_1_19' title="bbox 201 878 997 914; baseline 0 -8"><span class='ocrx_word' id='word_1_100' title='bbox 201 879 272 914; x_wconf 91' lang='lat' dir='ltr'><strong>apud</strong></span> <span class='ocrx_word' id='word_1_101' title='bbox 284 878 456 910; x_wconf 78' lang='lat' dir='ltr'><strong>Antiochiam</strong></span> <span class='ocrx_word' id='word_1_102' title='bbox 481 878 587 913; x_wconf 84' lang='lat'><strong>1135</strong></span> <span class='ocrx_word' id='word_1_103' title='bbox 608 886 779 913; x_wconf 79' lang='lat' dir='ltr'><strong>cogeremus,</strong></span> <span class='ocrx_word' id='word_1_104' title='bbox 791 883 818 906; x_wconf 88' lang='lat' dir='ltr'><strong>et</strong></span> <span class='ocrx_word' id='word_1_105' title='bbox 830 879 997 906; x_wconf 78' lang='lat' dir='ltr'><strong>ortbodoxos</strong></span> 
     </span>
    </p>
   </div>
   <div class='ocr_carea' id='block_1_20' title="bbox 201 924 998 959">
    <p class='ocr_par' dir='ltr' id='par_1_20' title="bbox 201 924 998 959">
     <span class='ocr_line' id='line_1_20' title="bbox 201 924 998 959; baseline -0.003 -7"><span class='ocrx_word' id='word_1_106' title='bbox 201 925 388 952; x_wconf 89' lang='lat' dir='ltr'><strong>turbaremus.</strong></span> <span class='ocrx_word' id='word_1_107' title='bbox 414 924 492 951; x_wconf 88' lang='lat' dir='ltr'><strong>Nunc</strong></span> <span class='ocrx_word' id='word_1_108' title='bbox 508 924 600 950; x_wconf 90' lang='lat' dir='ltr'><strong>indico</strong></span> <span class='ocrx_word' id='word_1_109' title='bbox 618 932 661 950; x_wconf 89' lang='lat' dir='ltr'><strong>me</strong></span> <span class='ocrx_word' id='word_1_110' title='bbox 679 924 762 959; x_wconf 76' lang='lat' dir='ltr'><strong>regiis</strong></span> <span class='ocrx_word' id='word_1_111' title='bbox 774 924 938 951; x_wconf 86' lang='lat' dir='ltr'><strong>obsecutum</strong></span> <span class='ocrx_word' id='word_1_112' title='bbox 951 924 998 950; x_wconf 80' lang='lat' dir='ltr'><strong>lit-</strong></span> 
     </span>
    </p>
   </div>
   <div class='ocr_carea' id='block_1_21' title="bbox 200 968 997 1004">
    <p class='ocr_par' dir='ltr' id='par_1_21' title="bbox 200 968 997 1004">
     <span class='ocr_line' id='line_1_21' title="bbox 200 968 997 1004; baseline -0.003 -8"><span class='ocrx_word' id='word_1_113' title='bbox 200 969 268 996; x_wconf 82' lang='lat' dir='ltr'><strong>teris</strong></span> <span class='ocrx_word' id='word_1_114' title='bbox 280 968 379 1004; x_wconf 88' lang='lat' dir='ltr'><strong>Cyrum</strong></span> <span class='ocrx_word' id='word_1_115' title='bbox 391 968 509 1001; x_wconf 87' lang='lat' dir='ltr'><strong>venisse,</strong></span> <span class='ocrx_word' id='word_1_116' title='bbox 528 976 569 1001; x_wconf 88' lang='lat' dir='ltr'><strong>ac,</strong></span> <span class='ocrx_word' id='word_1_117' title='bbox 584 968 684 995; x_wconf 89' lang='lat' dir='ltr'><strong>diebus</strong></span> <span class='ocrx_word' id='word_1_118' title='bbox 695 976 743 995; x_wconf 78' lang='lat' dir='ltr'><strong>sex</strong></span> <span class='ocrx_word' id='word_1_119' title='bbox 756 971 895 1002; x_wconf 83' lang='lat' dir='ltr'><strong>septemve</strong></span> <span class='ocrx_word' id='word_1_120' title='bbox 909 973 997 994; x_wconf 86' lang='lat' dir='ltr'><strong>trans-</strong></span> 
     </span>
    </p>
   </div>
   <div class='ocr_carea' id='block_1_22' title="bbox 202 1013 997 1048">
    <p class='ocr_par' dir='ltr' id='par_1_22' title="bbox 202 1013 997 1048">
     <span class='ocr_line' id='line_1_22' title="bbox 202 1013 997 1048; baseline -0.003 -6"><span class='ocrx_word' id='word_1_121' title='bbox 202 1015 290 1048; x_wconf 86' lang='lat' dir='ltr'><strong>actis,</strong></span> <span class='ocrx_word' id='word_1_122' title='bbox 315 1014 401 1042; x_wconf 92' lang='lat' dir='ltr'><strong>misso</strong></span> <span class='ocrx_word' id='word_1_123' title='bbox 417 1014 452 1041; x_wconf 87' lang='lat' dir='ltr'><strong>ad</strong></span> <span class='ocrx_word' id='word_1_124' title='bbox 468 1022 511 1041; x_wconf 91' lang='lat' dir='ltr'><strong>me</strong></span> <span class='ocrx_word' id='word_1_125' title='bbox 535 1013 714 1041; x_wconf 88' lang='lat' dir='ltr'><strong>devotissimo</strong></span> <span class='ocrx_word' id='word_1_126' title='bbox 731 1013 894 1048; x_wconf 89' lang='lat' dir='ltr'><strong>Euphronio</strong></span> <span class='ocrx_word' id='word_1_127' title='bbox 910 1014 997 1048; x_wconf 80' lang='lat' dir='ltr'><strong>magi-</strong></span> 
     </span>
    </p>
   </div>
   <div class='ocr_carea' id='block_1_23' title="bbox 201 1058 997 1094">
    <p class='ocr_par' dir='ltr' id='par_1_23' title="bbox 201 1058 997 1094">
     <span class='ocr_line' id='line_1_23' title="bbox 201 1058 997 1094; baseline 0 -8"><span class='ocrx_word' id='word_1_128' title='bbox 201 1060 306 1087; x_wconf 85' lang='lat' dir='ltr'><strong>striano</strong></span> <span class='ocrx_word' id='word_1_129' title='bbox 316 1059 461 1094; x_wconf 75' lang='lat' dir='ltr'><strong>ﬂagitasse,</strong></span> <span class='ocrx_word' id='word_1_130' title='bbox 473 1064 504 1086; x_wconf 87' lang='lat' dir='ltr'><strong>ut</strong></span> <span class='ocrx_word' id='word_1_131' title='bbox 513 1059 616 1094; x_wconf 87' lang='lat' dir='ltr'><strong>scripto</strong></span> <span class='ocrx_word' id='word_1_132' title='bbox 625 1058 773 1086; x_wconf 89' lang='lat' dir='ltr'><strong>conﬁterer</strong></span> <span class='ocrx_word' id='word_1_133' title='bbox 783 1058 920 1086; x_wconf 84' lang='lat' dir='ltr'><strong>exhibitas</strong></span> <span class='ocrx_word' id='word_1_134' title='bbox 928 1059 997 1086; x_wconf 91' lang='lat' dir='ltr'><strong>mibi</strong></span> 
     </span>
    </p>
   </div>
   <div class='ocr_carea' id='block_1_24' title="bbox 203 1103 998 1140">
    <p class='ocr_par' dir='ltr' id='par_1_24' title="bbox 203 1103 998 1140">
     <span class='ocr_line' id='line_1_24' title="bbox 203 1103 998 1140; baseline -0.001 -8"><span class='ocrx_word' id='word_1_135' title='bbox 203 1105 292 1140; x_wconf 79' lang='lat' dir='ltr'><strong>regias</strong></span> <span class='ocrx_word' id='word_1_136' title='bbox 312 1104 418 1131; x_wconf 89' lang='lat' dir='ltr'><strong>litteras</strong></span> <span class='ocrx_word' id='word_1_137' title='bbox 439 1104 533 1131; x_wconf 83' lang='lat' dir='ltr'><strong>fuisse.</strong></span> <span class='ocrx_word' id='word_1_138' title='bbox 559 1104 615 1138; x_wconf 74' lang='lat' dir='ltr'><strong>Ego</strong></span> <span class='ocrx_word' id='word_1_139' title='bbox 634 1111 701 1130; x_wconf 88' lang='lat' dir='ltr'><strong>vero</strong></span> <span class='ocrx_word' id='word_1_140' title='bbox 718 1103 771 1130; x_wconf 91' lang='lat' dir='ltr'><strong>hoc</strong></span> <span class='ocrx_word' id='word_1_141' title='bbox 789 1103 873 1130; x_wconf 87' lang='lat' dir='ltr'><strong>etiam</strong></span> <span class='ocrx_word' id='word_1_142' title='bbox 890 1103 952 1136; x_wconf 89' lang='lat' dir='ltr'><strong>feci,</strong></span> <span class='ocrx_word' id='word_1_143' title='bbox 970 1108 998 1131; x_wconf 86' lang='lat' dir='ltr'><strong>et</strong></span> 
     </span>
    </p>
   </div>
   <div class='ocr_carea' id='block_1_25' title="bbox 202 1148 998 1184">
    <p class='ocr_par' dir='ltr' id='par_1_25' title="bbox 202 1148 998 1184">
     <span class='ocr_line' id='line_1_25' title="bbox 202 1148 998 1184; baseline 0.001 -8"><span class='ocrx_word' id='word_1_144' title='bbox 202 1149 319 1184; x_wconf 87' lang='lat' dir='ltr'><strong>promisi</strong></span> <span class='ocrx_word' id='word_1_145' title='bbox 344 1157 388 1177; x_wconf 89' lang='lat' dir='ltr'><strong>me</strong></span> <span class='ocrx_word' id='word_1_146' title='bbox 413 1149 485 1184; x_wconf 87' lang='lat' dir='ltr'><strong>apud</strong></span> <span class='ocrx_word' id='word_1_147' title='bbox 510 1148 611 1184; x_wconf 78' lang='lat' dir='ltr'><strong>Cyrum</strong></span> <span class='ocrx_word' id='word_1_148' title='bbox 638 1153 666 1175; x_wconf 90' lang='lat' dir='ltr'><strong>et</strong></span> <span class='ocrx_word' id='word_1_149' title='bbox 688 1148 716 1175; x_wconf 91' lang='lat' dir='ltr'><strong>in</strong></span> <span class='ocrx_word' id='word_1_150' title='bbox 737 1148 789 1175; x_wconf 89' lang='lat' dir='ltr'><strong>hac</strong></span> <span class='ocrx_word' id='word_1_151' title='bbox 804 1149 916 1184; x_wconf 81' lang='lat' dir='ltr'><strong>regione</strong></span> <span class='ocrx_word' id='word_1_152' title='bbox 932 1157 998 1184; x_wconf 86' lang='lat' dir='ltr'><strong>per-</strong></span> 
     </span>
    </p>
   </div>
   <div class='ocr_carea' id='block_1_26' title="bbox 203 1193 997 1230">
    <p class='ocr_par' dir='ltr' id='par_1_26' title="bbox 203 1193 997 1230">
     <span class='ocr_line' id='line_1_26' title="bbox 203 1193 997 1230; baseline 0.001 -8"><span class='ocrx_word' id='word_1_153' title='bbox 203 1202 374 1227; x_wconf 84' lang='lat' dir='ltr'><strong>mansurum,</strong></span> <span class='ocrx_word' id='word_1_154' title='bbox 402 1199 430 1221; x_wconf 88' lang='lat' dir='ltr'><strong>et</strong></span> <span class='ocrx_word' id='word_1_155' title='bbox 450 1195 589 1230; x_wconf 90' lang='lat' dir='ltr'><strong>pascendo</strong></span> <span class='ocrx_word' id='word_1_156' title='bbox 607 1194 682 1229; x_wconf 79' lang='lat' dir='ltr'><strong>gregi</strong></span> <span class='ocrx_word' id='word_1_157' title='bbox 707 1193 775 1221; x_wconf 88' lang='lat' dir='ltr'><strong>mihi</strong></span> <span class='ocrx_word' id='word_1_158' title='bbox 790 1195 938 1222; x_wconf 90' lang='lat' dir='ltr'><strong>commisso</strong></span> <span class='ocrx_word' id='word_1_159' title='bbox 954 1195 997 1223; x_wconf 89' lang='lat' dir='ltr'><strong>in-</strong></span> 
     </span>
    </p>
   </div>
   <div class='ocr_carea' id='block_1_27' title="bbox 203 1239 998 1275">
    <p class='ocr_par' dir='ltr' id='par_1_27' title="bbox 203 1239 998 1275">
     <span class='ocr_line' id='line_1_27' title="bbox 203 1239 998 1275; baseline -0.001 -7"><span class='ocrx_word' id='word_1_160' title='bbox 203 1241 351 1268; x_wconf 79' lang='lat' dir='ltr'><strong>hzesurum.</strong></span> <span class='ocrx_word' id='word_1_161' title='bbox 383 1240 460 1275; x_wconf 81' lang='lat' dir='ltr'><strong>Rogo</strong></span> <span class='ocrx_word' id='word_1_162' title='bbox 482 1240 576 1275; x_wconf 88' lang='lat' dir='ltr'><strong>itaque</strong></span> <span class='ocrx_word' id='word_1_163' title='bbox 600 1239 833 1274; x_wconf 80' lang='lat' dir='ltr'><strong>magniﬁcentiam</strong></span> <span class='ocrx_word' id='word_1_164' title='bbox 845 1243 932 1273; x_wconf 86' lang='lat' dir='ltr'><strong>tuam,</strong></span> <span class='ocrx_word' id='word_1_165' title='bbox 951 1247 998 1267; x_wconf 88' lang='lat' dir='ltr'><strong>ac-</strong></span> 
     </span>
    </p>
   </div>
   <div class='ocr_carea' id='block_1_28' title="bbox 203 1285 996 1321">
    <p class='ocr_par' dir='ltr' id='par_1_28' title="bbox 203 1285 996 1321">
     <span class='ocr_line' id='line_1_28' title="bbox 203 1285 996 1321; baseline 0.001 -8"><span class='ocrx_word' id='word_1_166' title='bbox 203 1291 298 1314; x_wconf 88' lang='lat' dir='ltr'><strong>curate</strong></span> <span class='ocrx_word' id='word_1_167' title='bbox 307 1291 338 1314; x_wconf 92' lang='lat' dir='ltr'><strong>ut</strong></span> <span class='ocrx_word' id='word_1_168' title='bbox 346 1286 482 1321; x_wconf 77' lang='lat' dir='ltr'><strong>exquirat,</strong></span> <span class='ocrx_word' id='word_1_169' title='bbox 497 1291 525 1314; x_wconf 90' lang='lat' dir='ltr'><strong>et</strong></span> <span class='ocrx_word' id='word_1_170' title='bbox 539 1294 573 1313; x_wconf 91' lang='lat' dir='ltr'><strong>an</strong></span> <span class='ocrx_word' id='word_1_171' title='bbox 582 1294 647 1313; x_wconf 84' lang='lat' dir='ltr'><strong>vere</strong></span> <span class='ocrx_word' id='word_1_172' title='bbox 658 1286 715 1313; x_wconf 64' lang='lat' dir='ltr'><strong>bmc</strong></span> <span class='ocrx_word' id='word_1_173' title='bbox 724 1285 761 1313; x_wconf 87' lang='lat' dir='ltr'><strong>ita</strong></span> <span class='ocrx_word' id='word_1_174' title='bbox 782 1286 915 1321; x_wconf 88' lang='lat' dir='ltr'><strong>imperata</strong></span> <span class='ocrx_word' id='word_1_175' title='bbox 931 1286 996 1319; x_wconf 87' lang='lat' dir='ltr'><strong>sint,</strong></span> 
     </span>
    </p>
   </div>
   <div class='ocr_carea' id='block_1_29' title="bbox 202 1331 999 1368">
    <p class='ocr_par' dir='ltr' id='par_1_29' title="bbox 202 1331 999 1368">
     <span class='ocr_line' id='line_1_29' title="bbox 202 1331 999 1368; baseline -0.001 -8"><span class='ocrx_word' id='word_1_176' title='bbox 202 1337 231 1360; x_wconf 85' lang='lat' dir='ltr'><strong>et</strong></span> <span class='ocrx_word' id='word_1_177' title='bbox 239 1341 321 1368; x_wconf 88' lang='lat' dir='ltr'><strong>quam</strong></span> <span class='ocrx_word' id='word_1_178' title='bbox 334 1332 369 1360; x_wconf 92' lang='lat' dir='ltr'><strong>ob</strong></span> <span class='ocrx_word' id='word_1_179' title='bbox 383 1340 503 1360; x_wconf 89' lang='lat' dir='ltr'><strong>causam.</strong></span> <span class='ocrx_word' id='word_1_180' title='bbox 521 1332 577 1367; x_wconf 81' lang='lat' dir='ltr'><strong>Ego</strong></span> <span class='ocrx_word' id='word_1_181' title='bbox 590 1331 664 1359; x_wconf 92' lang='lat' dir='ltr'><strong>enim</strong></span> <span class='ocrx_word' id='word_1_182' title='bbox 675 1332 792 1359; x_wconf 87' lang='lat' dir='ltr'><strong>aliorum</strong></span> <span class='ocrx_word' id='word_1_183' title='bbox 804 1332 916 1366; x_wconf 86' lang='lat' dir='ltr'><strong>quidem</strong></span> <span class='ocrx_word' id='word_1_184' title='bbox 929 1333 999 1359; x_wconf 90' lang='lat' dir='ltr'><strong>mul-</strong></span> 
     </span>
    </p>
   </div>
   <div class='ocr_carea' id='block_1_30' title="bbox 203 1377 999 1406">
    <p class='ocr_par' dir='ltr' id='par_1_30' title="bbox 203 1377 999 1406">
     <span class='ocr_line' id='line_1_30' title="bbox 203 1377 999 1406; baseline -0.001 0"><span class='ocrx_word' id='word_1_185' title='bbox 203 1383 294 1406; x_wconf 86' lang='lat' dir='ltr'><strong>torum</strong></span> <span class='ocrx_word' id='word_1_186' title='bbox 312 1378 379 1405; x_wconf 91' lang='lat' dir='ltr'><strong>mihi</strong></span> <span class='ocrx_word' id='word_1_187' title='bbox 395 1378 561 1405; x_wconf 81' lang='lat' dir='ltr'><strong>delictorum</strong></span> <span class='ocrx_word' id='word_1_188' title='bbox 576 1377 703 1405; x_wconf 87' lang='lat' dir='ltr'><strong>conscius</strong></span> <span class='ocrx_word' id='word_1_189' title='bbox 719 1385 780 1404; x_wconf 89' lang='lat' dir='ltr'><strong>smn</strong></span> <span class='ocrx_word' id='word_1_190' title='bbox 799 1388 805 1405; x_wconf 95' lang='lat'>:</span> <span class='ocrx_word' id='word_1_191' title='bbox 824 1378 894 1405; x_wconf 86' lang='lat' dir='ltr'><strong>nihil</strong></span> <span class='ocrx_word' id='word_1_192' title='bbox 907 1383 999 1406; x_wconf 89' lang='lat' dir='ltr'><strong>tamen</strong></span> 
     </span>
    </p>
   </div>
   <div class='ocr_carea' id='block_1_31' title="bbox 203 1423 999 1458">
    <p class='ocr_par' dir='ltr' id='par_1_31' title="bbox 203 1423 999 1458">
     <span class='ocr_line' id='line_1_31' title="bbox 203 1423 999 1458; baseline 0 -8"><span class='ocrx_word' id='word_1_193' title='bbox 203 1424 247 1451; x_wconf 80' lang='lat' dir='ltr'><strong>vel</strong></span> <span class='ocrx_word' id='word_1_194' title='bbox 260 1423 288 1450; x_wconf 91' lang='lat' dir='ltr'><strong>in</strong></span> <span class='ocrx_word' id='word_1_195' title='bbox 301 1423 453 1451; x_wconf 88' lang='lat' dir='ltr'><strong>Ecclesiam</strong></span> <span class='ocrx_word' id='word_1_196' title='bbox 465 1423 525 1456; x_wconf 87' lang='lat' dir='ltr'><strong>Dei,</strong></span> <span class='ocrx_word' id='word_1_197' title='bbox 541 1423 584 1450; x_wconf 86' lang='lat' dir='ltr'><strong>vel</strong></span> <span class='ocrx_word' id='word_1_198' title='bbox 599 1423 627 1450; x_wconf 94' lang='lat' dir='ltr'><strong>in</strong></span> <span class='ocrx_word' id='word_1_199' title='bbox 639 1430 812 1450; x_wconf 92' lang='lat' dir='ltr'><strong>communem</strong></span> <span class='ocrx_word' id='word_1_200' title='bbox 824 1423 999 1458; x_wconf 90' lang='lat' dir='ltr'><strong>disciplinam</strong></span> 
     </span>
    </p>
   </div>
   <div class='ocr_carea' id='block_1_32' title="bbox 205 1469 998 1505">
    <p class='ocr_par' dir='ltr' id='par_1_32' title="bbox 205 1469 998 1505">
     <span class='ocr_line' id='line_1_32' title="bbox 205 1469 998 1505; baseline -0.001 -8"><span class='ocrx_word' id='word_1_201' title='bbox 205 1477 332 1505; x_wconf 85' lang='lat' dir='ltr'><strong>peccasse</strong></span> <span class='ocrx_word' id='word_1_202' title='bbox 356 1478 399 1497; x_wconf 89' lang='lat' dir='ltr'><strong>me</strong></span> <span class='ocrx_word' id='word_1_203' title='bbox 422 1470 523 1497; x_wconf 86' lang='lat' dir='ltr'><strong>sentio.</strong></span> <span class='ocrx_word' id='word_1_204' title='bbox 550 1470 640 1504; x_wconf 81' lang='lat' dir='ltr'><strong>Atque</strong></span> <span class='ocrx_word' id='word_1_205' title='bbox 656 1470 714 1496; x_wconf 60' lang='lat' dir='ltr'><strong>haec</strong></span> <span class='ocrx_word' id='word_1_206' title='bbox 728 1470 837 1502; x_wconf 89' lang='lat' dir='ltr'><strong>scribo,</strong></span> <span class='ocrx_word' id='word_1_207' title='bbox 856 1478 911 1497; x_wconf 93' lang='lat' dir='ltr'><strong>non</strong></span> <span class='ocrx_word' id='word_1_208' title='bbox 924 1469 998 1505; x_wconf 89' lang='lat' dir='ltr'><strong>quod</strong></span> 
     </span>
    </p>
   </div>
   <div class='ocr_carea' id='block_1_33' title="bbox 1042 221 1837 260">
    <p class='ocr_par' dir='ltr' id='par_1_33' title="bbox 1042 221 1837 260">
     <span class='ocr_line' id='line_1_33' title="bbox 1042 221 1837 260; baseline 0.006 -12"><span class='ocrx_word' id='word_1_209' title='bbox 1042 221 1092 253; x_wconf 82' lang='grc' dir='ltr'><strong>τὰς</strong></span> <span class='ocrx_word' id='word_1_210' title='bbox 1121 221 1192 256; x_wconf 76' lang='grc' dir='ltr'>ὑπὲρ</span> <span class='ocrx_word' id='word_1_211' title='bbox 1219 221 1298 256; x_wconf 81' lang='grc' dir='ltr'>ἡμῶν</span> <span class='ocrx_word' id='word_1_212' title='bbox 1326 222 1483 257; x_wconf 81' lang='grc' dir='ltr'>προσευχὰς</span> <span class='ocrx_word' id='word_1_213' title='bbox 1512 222 1586 258; x_wconf 83' lang='grc' dir='ltr'>αὺτῷ</span> <span class='ocrx_word' id='word_1_214' title='bbox 1619 225 1837 260; x_wconf 77' lang='grc' dir='ltr'><strong>προσενέγκατε.</strong></span> 
     </span>
    </p>
   </div>
   <div class='ocr_carea' id='block_1_34' title="bbox 1043 267 1836 306">
    <p class='ocr_par' dir='ltr' id='par_1_34' title="bbox 1043 267 1836 306">
     <span class='ocr_line' id='line_1_34' title="bbox 1043 267 1836 306; baseline 0.006 -13"><span class='ocrx_word' id='word_1_215' title='bbox 1043 267 1160 293; x_wconf 81' lang='grc' dir='ltr'>Πλείονα</span> <span class='ocrx_word' id='word_1_216' title='bbox 1176 267 1230 303; x_wconf 82' lang='grc' dir='ltr'>γὰρ</span> <span class='ocrx_word' id='word_1_217' title='bbox 1248 267 1324 302; x_wconf 78' lang='grc' dir='ltr'>ἔχετε</span> <span class='ocrx_word' id='word_1_218' title='bbox 1339 268 1507 303; x_wconf 69' lang='grc' dir='ltr'>παρρησίαν,</span> <span class='ocrx_word' id='word_1_219' title='bbox 1525 268 1562 300; x_wconf 83' lang='grc' dir='ltr'>ὡς</span> <span class='ocrx_word' id='word_1_220' title='bbox 1579 269 1642 301; x_wconf 77' lang='grc' dir='ltr'>τοὺς</span> <span class='ocrx_word' id='word_1_221' title='bbox 1660 270 1730 306; x_wconf 79' lang='grc' dir='ltr'>ὑπὲρ</span> <span class='ocrx_word' id='word_1_222' title='bbox 1749 271 1836 298; x_wconf 78' lang='grc' dir='ltr'>αὐτοῦ</span> 
     </span>
    </p>
   </div>
   <div class='ocr_carea' id='block_1_35' title="bbox 1043 313 1405 348">
    <p class='ocr_par' dir='ltr' id='par_1_35' title="bbox 1043 313 1405 348">
     <span class='ocr_line' id='line_1_35' title="bbox 1043 313 1405 348; baseline 0 -9"><span class='ocrx_word' id='word_1_223' title='bbox 1043 313 1184 344; x_wconf 81' lang='grc' dir='ltr'><strong>κινδύνους</strong></span> <span class='ocrx_word' id='word_1_224' title='bbox 1202 313 1405 348; x_wconf 79' lang='grc' dir='ltr'><strong>ἀναδεξάμενοι.</strong></span> 
     </span>
    </p>
   </div>
   <div class='ocr_carea' id='block_1_36' title="bbox 1210 367 1673 405">
    <p class='ocr_par' dir='ltr' id='par_1_36' title="bbox 1210 367 1673 405">
     <span class='ocr_line' id='line_1_36' title="bbox 1210 367 1673 405; baseline 0.004 -10"><span class='ocrx_word' id='word_1_225' title='bbox 1210 367 1270 395; x_wconf 87' lang='grc' dir='ltr'><strong>ΟΘ’.</strong></span> <span class='ocrx_word' id='word_1_226' title='bbox 1285 384 1321 389; x_wconf 91' lang='grc'><strong><em>-</em></strong></span> <span class='ocrx_word' id='word_1_227' title='bbox 1341 369 1503 403; x_wconf 76' lang='grc' dir='ltr'>Ἀνατολίῳ</span> <span class='ocrx_word' id='word_1_228' title='bbox 1517 371 1673 405; x_wconf 75' lang='grc' dir='ltr'>πατρικίῳ.</span> 
     </span>
    </p>
   </div>
   <div class='ocr_carea' id='block_1_37' title="bbox 1081 423 1838 462">
    <p class='ocr_par' dir='ltr' id='par_1_37' title="bbox 1081 423 1838 462">
     <span class='ocr_line' id='line_1_37' title="bbox 1081 423 1838 462; baseline 0.007 -13"><span class='ocrx_word' id='word_1_229' title='bbox 1081 423 1202 454; x_wconf 73' lang='grc' dir='ltr'>Δέδωκεν</span> <span class='ocrx_word' id='word_1_230' title='bbox 1219 424 1285 458; x_wconf 81' lang='grc' dir='ltr'>ἡμῖν</span> <span class='ocrx_word' id='word_1_231' title='bbox 1298 425 1312 450; x_wconf 90' lang='grc' dir='ltr'><strong>ό</strong></span> <span class='ocrx_word' id='word_1_232' title='bbox 1326 424 1465 460; x_wconf 80' lang='grc' dir='ltr'><strong>Δεσπότης</strong></span> <span class='ocrx_word' id='word_1_233' title='bbox 1481 425 1547 457; x_wconf 74' lang='grc' dir='ltr'>Θεὸς</span> <span class='ocrx_word' id='word_1_234' title='bbox 1564 426 1697 462; x_wconf 80' lang='grc' dir='ltr'><strong>μεγίστην</strong></span> <span class='ocrx_word' id='word_1_235' title='bbox 1707 427 1838 462; x_wconf 70' lang='grc' dir='ltr'>παραψυ-</span> 
     </span>
    </p>
   </div>
   <div class='ocr_carea' id='block_1_38' title="bbox 1045 470 1837 509">
    <p class='ocr_par' dir='ltr' id='par_1_38' title="bbox 1045 470 1837 509">
     <span class='ocr_line' id='line_1_38' title="bbox 1045 470 1837 509; baseline 0.006 -14"><span class='ocrx_word' id='word_1_236' title='bbox 1045 470 1095 506; x_wconf 86' lang='grc' dir='ltr'>χὴν</span> <span class='ocrx_word' id='word_1_237' title='bbox 1112 471 1142 496; x_wconf 80' lang='grc' dir='ltr'>ὲν</span> <span class='ocrx_word' id='word_1_238' title='bbox 1159 470 1199 504; x_wconf 77' lang='grc' dir='ltr'>τῷ</span> <span class='ocrx_word' id='word_1_239' title='bbox 1211 470 1326 505; x_wconf 78' lang='grc' dir='ltr'><strong>παρόντι</strong></span> <span class='ocrx_word' id='word_1_240' title='bbox 1342 470 1430 506; x_wconf 82' lang='grc' dir='ltr'>καιρῷ</span> <span class='ocrx_word' id='word_1_241' title='bbox 1446 471 1496 506; x_wconf 79' lang='grc' dir='ltr'>τὴν</span> <span class='ocrx_word' id='word_1_242' title='bbox 1511 471 1647 508; x_wconf 77' lang='grc' dir='ltr'><strong>ὑμετέραν</strong></span> <span class='ocrx_word' id='word_1_243' title='bbox 1663 473 1837 509; x_wconf 77' lang='grc' dir='ltr'>μεγαλοπρέ-</span> 
     </span>
    </p>
   </div>
   <div class='ocr_carea' id='block_1_39' title="bbox 1045 515 1839 554">
    <p class='ocr_par' dir='ltr' id='par_1_39' title="bbox 1045 515 1839 554">
     <span class='ocr_line' id='line_1_39' title="bbox 1045 515 1839 554; baseline 0.004 -12"><span class='ocrx_word' id='word_1_244' title='bbox 1045 524 1135 547; x_wconf 86' lang='grc' dir='ltr'>πειαν,</span> <span class='ocrx_word' id='word_1_245' title='bbox 1156 516 1203 542; x_wconf 77' lang='grc' dir='ltr'>καὶ</span> <span class='ocrx_word' id='word_1_246' title='bbox 1218 515 1256 549; x_wconf 83' lang='grc' dir='ltr'>τῷ</span> <span class='ocrx_word' id='word_1_247' title='bbox 1268 515 1382 542; x_wconf 80' lang='grc' dir='ltr'><strong>κλύδωνι</strong></span> <span class='ocrx_word' id='word_1_248' title='bbox 1394 516 1438 542; x_wconf 80' lang='grc' dir='ltr'>τὸν</span> <span class='ocrx_word' id='word_1_249' title='bbox 1452 516 1548 551; x_wconf 78' lang='grc' dir='ltr'>λιμένα</span> <span class='ocrx_word' id='word_1_250' title='bbox 1566 518 1688 553; x_wconf 80' lang='grc' dir='ltr'>παρέσχε</span> <span class='ocrx_word' id='word_1_251' title='bbox 1701 518 1839 554; x_wconf 81' lang='grc' dir='ltr'>κατάλλη-</span> 
     </span>
    </p>
   </div>
   <div class='ocr_carea' id='block_1_40' title="bbox 1045 558 1841 595">
    <p class='ocr_par' dir='ltr' id='par_1_40' title="bbox 1045 558 1841 595">
     <span class='ocr_line' id='line_1_40' title="bbox 1045 558 1841 595; baseline 0.01 -12"><span class='ocrx_word' id='word_1_252' title='bbox 1045 558 1099 585; x_wconf 93' lang='grc' dir='ltr'>λον.</span> <span class='ocrx_word' id='word_1_253' title='bbox 1114 558 1164 585; x_wconf 82' lang='grc' dir='ltr'>Διά</span> <span class='ocrx_word' id='word_1_254' title='bbox 1179 567 1219 585; x_wconf 82' lang='grc' dir='ltr'><strong>τοι</strong></span> <span class='ocrx_word' id='word_1_255' title='bbox 1233 558 1333 594; x_wconf 73' lang='grc' dir='ltr'>[τοῦτο]</span> <span class='ocrx_word' id='word_1_256' title='bbox 1343 559 1507 595; x_wconf 70' lang='grc' dir='ltr'>θαρροῦντες</span> <span class='ocrx_word' id='word_1_257' title='bbox 1520 561 1554 587; x_wconf 87' lang='grc' dir='ltr'><strong>τὰ</strong></span> <span class='ocrx_word' id='word_1_258' title='bbox 1563 561 1697 589; x_wconf 84' lang='grc' dir='ltr'>λυποῦντα</span> <span class='ocrx_word' id='word_1_259' title='bbox 1713 563 1841 590; x_wconf 77' lang='grc' dir='ltr'>διδάσκο-</span> 
     </span>
    </p>
   </div>
   <div class='ocr_carea' id='block_1_41' title="bbox 1047 603 1838 644">
    <p class='ocr_par' dir='ltr' id='par_1_41' title="bbox 1047 603 1838 644">
     <span class='ocr_line' id='line_1_41' title="bbox 1047 603 1838 644; baseline 0.01 -16"><span class='ocrx_word' id='word_1_260' title='bbox 1047 612 1096 638; x_wconf 88' lang='grc' dir='ltr'><strong>μεν</strong></span> <span class='ocrx_word' id='word_1_261' title='bbox 1106 604 1136 629; x_wconf 77' lang='grc' dir='ltr'>τὸ</span> <span class='ocrx_word' id='word_1_262' title='bbox 1145 603 1278 639; x_wconf 84' lang='grc' dir='ltr'>ὑμέτερον</span> <span class='ocrx_word' id='word_1_263' title='bbox 1290 604 1414 639; x_wconf 79' lang='grc' dir='ltr'>μέγεθος,</span> <span class='ocrx_word' id='word_1_264' title='bbox 1427 605 1526 640; x_wconf 87' lang='grc' dir='ltr'>Πρώην</span> <span class='ocrx_word' id='word_1_265' title='bbox 1533 606 1583 641; x_wconf 79' lang='grc' dir='ltr'>μὲν</span> <span class='ocrx_word' id='word_1_266' title='bbox 1594 606 1640 634; x_wconf 75' lang='grc' dir='ltr'>οὖν</span> <span class='ocrx_word' id='word_1_267' title='bbox 1649 609 1838 644; x_wconf 73' lang='grc' dir='ltr'><strong>ἐγνωρίσαμεν</strong></span> 
     </span>
    </p>
   </div>
   <div class='ocr_carea' id='block_1_42' title="bbox 1046 647 1838 688">
    <p class='ocr_par' dir='ltr' id='par_1_42' title="bbox 1046 647 1838 688">
     <span class='ocr_line' id='line_1_42' title="bbox 1046 647 1838 688; baseline 0.009 -15"><span class='ocrx_word' id='word_1_268' title='bbox 1046 647 1123 683; x_wconf 85' lang='grc' dir='ltr'>ὑμῶν</span> <span class='ocrx_word' id='word_1_269' title='bbox 1135 650 1166 683; x_wconf 85' lang='grc' dir='ltr'><strong>τῇ</strong></span> <span class='ocrx_word' id='word_1_270' title='bbox 1183 649 1364 684; x_wconf 81' lang='grc' dir='ltr'>μεγαλοφυῖᾳ,</span> <span class='ocrx_word' id='word_1_271' title='bbox 1379 649 1416 680; x_wconf 83' lang='grc' dir='ltr'>ὡς</span> <span class='ocrx_word' id='word_1_272' title='bbox 1432 649 1576 683; x_wconf 80' lang='grc' dir='ltr'>ὑπέδειξαν</span> <span class='ocrx_word' id='word_1_273' title='bbox 1589 652 1655 686; x_wconf 84' lang='grc' dir='ltr'>ἡμῖν</span> <span class='ocrx_word' id='word_1_274' title='bbox 1669 653 1694 678; x_wconf 75' lang='grc' dir='ltr'><strong>οι</strong></span> <span class='ocrx_word' id='word_1_275' title='bbox 1712 654 1777 688; x_wconf 79' lang='grc' dir='ltr'>περὶ</span> <span class='ocrx_word' id='word_1_276' title='bbox 1792 653 1838 680; x_wconf 81' lang='grc' dir='ltr'><strong>τὸν</strong></span> 
     </span>
    </p>
   </div>
   <div class='ocr_carea' id='block_1_43' title="bbox 1049 691 1837 733">
    <p class='ocr_par' dir='ltr' id='par_1_43' title="bbox 1049 691 1837 733">
     <span class='ocr_line' id='line_1_43' title="bbox 1049 691 1837 733; baseline 0.008 -14"><span class='ocrx_word' id='word_1_277' title='bbox 1049 694 1340 729; x_wconf 72' lang='grc' dir='ltr'><strong>μεγαλοπρεπέστατον</strong></span> <span class='ocrx_word' id='word_1_278' title='bbox 1350 695 1458 730; x_wconf 86' lang='grc' dir='ltr'>κόμητα</span> <span class='ocrx_word' id='word_1_279' title='bbox 1471 691 1583 731; x_wconf 72' lang='grc' dir='ltr'>Ῥοῦφον</span> <span class='ocrx_word' id='word_1_280' title='bbox 1593 697 1795 732; x_wconf 83' lang='grc' dir='ltr'>ὑπομνηστικὺν</span> <span class='ocrx_word' id='word_1_281' title='bbox 1802 700 1837 733; x_wconf 81' lang='grc' dir='ltr'>τῇ</span> 
     </span>
    </p>
   </div>
   <div class='ocr_carea' id='block_1_44' title="bbox 1049 739 1838 780">
    <p class='ocr_par' dir='ltr' id='par_1_44' title="bbox 1049 739 1838 780">
     <span class='ocr_line' id='line_1_44' title="bbox 1049 739 1838 780; baseline 0.005 -15"><span class='ocrx_word' id='word_1_282' title='bbox 1049 739 1175 774; x_wconf 73' lang='grc' dir='ltr'>βασιλικῇ</span> <span class='ocrx_word' id='word_1_283' title='bbox 1206 741 1398 775; x_wconf 76' lang='grc' dir='ltr'>γεγραμμένον</span> <span class='ocrx_word' id='word_1_284' title='bbox 1417 742 1501 777; x_wconf 69' lang='grc' dir='ltr'>χειρὶ,</span> <span class='ocrx_word' id='word_1_285' title='bbox 1522 743 1774 777; x_wconf 79' lang='grc' dir='ltr'>παρακελευόμενον</span> <span class='ocrx_word' id='word_1_286' title='bbox 1797 744 1838 780; x_wconf 82' lang='grc' dir='ltr'>τῷ</span> 
     </span>
    </p>
   </div>
   <div class='ocr_carea' id='block_1_45' title="bbox 1047 785 1839 824">
    <p class='ocr_par' dir='ltr' id='par_1_45' title="bbox 1047 785 1839 824">
     <span class='ocr_line' id='line_1_45' title="bbox 1047 785 1839 824; baseline 0.008 -14"><span class='ocrx_word' id='word_1_287' title='bbox 1047 785 1232 822; x_wconf 82' lang='grc' dir='ltr'>ἀνδρειοτάτῳ</span> <span class='ocrx_word' id='word_1_288' title='bbox 1253 785 1408 821; x_wconf 83' lang='grc' dir='ltr'>στρατηγῷ,</span> <span class='ocrx_word' id='word_1_289' title='bbox 1427 787 1495 821; x_wconf 78' lang='grc' dir='ltr'>μετὰ</span> <span class='ocrx_word' id='word_1_290' title='bbox 1509 788 1666 823; x_wconf 78' lang='grc' dir='ltr'>φρονήσεως</span> <span class='ocrx_word' id='word_1_291' title='bbox 1689 789 1735 815; x_wconf 71' lang='grc' dir='ltr'>καὶ</span> <span class='ocrx_word' id='word_1_292' title='bbox 1749 790 1839 824; x_wconf 75' lang='grc' dir='ltr'>ἐμμε-</span> 
     </span>
    </p>
   </div>
   <div class='ocr_carea' id='block_1_46' title="bbox 1013 829 1837 872">
    <p class='ocr_par' dir='ltr' id='par_1_46' title="bbox 1013 829 1837 872">
     <span class='ocr_line' id='line_1_46' title="bbox 1013 829 1837 872; baseline 0.006 -16"><span class='ocrx_word' id='word_1_293' title='bbox 1013 845 1035 872; x_wconf 80' lang='lat' dir='ltr'><strong>B</strong></span> <span class='ocrx_word' id='word_1_294' title='bbox 1047 829 1124 862; x_wconf 85' lang='grc' dir='ltr'>λείας</span> <span class='ocrx_word' id='word_1_295' title='bbox 1136 831 1346 866; x_wconf 79' lang='grc' dir='ltr'>παρασκευάσαι</span> <span class='ocrx_word' id='word_1_296' title='bbox 1361 833 1434 867; x_wconf 80' lang='grc' dir='ltr'>ἡμᾶς</span> <span class='ocrx_word' id='word_1_297' title='bbox 1452 832 1479 858; x_wconf 81' lang='grc' dir='ltr'>ὲν</span> <span class='ocrx_word' id='word_1_298' title='bbox 1492 834 1525 868; x_wconf 85' lang='grc' dir='ltr'><strong>τῇ</strong></span> <span class='ocrx_word' id='word_1_299' title='bbox 1544 833 1628 868; x_wconf 80' lang='grc' dir='ltr'><strong>Κύρῳ</strong></span> <span class='ocrx_word' id='word_1_300' title='bbox 1649 834 1704 869; x_wconf 85' lang='grc'><strong>(65)</strong></span> <span class='ocrx_word' id='word_1_301' title='bbox 1719 834 1837 868; x_wconf 79' lang='grc' dir='ltr'>διάγειν,</span> 
     </span>
    </p>
   </div>
   <div class='ocr_carea' id='block_1_47' title="bbox 1048 875 1839 911">
    <p class='ocr_par' dir='ltr' id='par_1_47' title="bbox 1048 875 1839 911">
     <span class='ocr_line' id='line_1_47' title="bbox 1048 875 1839 911; baseline 0.005 -9"><span class='ocrx_word' id='word_1_302' title='bbox 1048 875 1094 902; x_wconf 71' lang='grc' dir='ltr'>καὶ</span> <span class='ocrx_word' id='word_1_303' title='bbox 1109 875 1149 906; x_wconf 78' lang='grc' dir='ltr'><strong>εἰς</strong></span> <span class='ocrx_word' id='word_1_304' title='bbox 1164 875 1261 910; x_wconf 79' lang='grc' dir='ltr'>ἑτέραν</span> <span class='ocrx_word' id='word_1_305' title='bbox 1286 876 1323 910; x_wconf 83' lang='grc' dir='ltr'>μὴ</span> <span class='ocrx_word' id='word_1_306' title='bbox 1338 876 1447 902; x_wconf 80' lang='grc' dir='ltr'>ἀπιέναι</span> <span class='ocrx_word' id='word_1_307' title='bbox 1468 877 1554 908; x_wconf 82' lang='grc' dir='ltr'>πόλιν,</span> <span class='ocrx_word' id='word_1_308' title='bbox 1576 877 1612 909; x_wconf 81' lang='grc' dir='ltr'>ὡς</span> <span class='ocrx_word' id='word_1_309' title='bbox 1633 879 1756 911; x_wconf 79' lang='grc' dir='ltr'>συνόδους</span> <span class='ocrx_word' id='word_1_310' title='bbox 1774 887 1839 906; x_wconf 85' lang='grc' dir='ltr'>συν-</span> 
     </span>
    </p>
   </div>
   <div class='ocr_carea' id='block_1_48' title="bbox 1048 920 1839 959">
    <p class='ocr_par' dir='ltr' id='par_1_48' title="bbox 1048 920 1839 959">
     <span class='ocr_line' id='line_1_48' title="bbox 1048 920 1839 959; baseline 0.006 -14"><span class='ocrx_word' id='word_1_311' title='bbox 1048 920 1173 954; x_wconf 64' lang='grc' dir='ltr'>εχῶςιεὶς</span> <span class='ocrx_word' id='word_1_312' title='bbox 1186 920 1234 955; x_wconf 86' lang='grc' dir='ltr'>τὴν</span> <span class='ocrx_word' id='word_1_313' title='bbox 1250 921 1414 956; x_wconf 79' lang='grc' dir='ltr'>’Δντιόχειαν</span> <span class='ocrx_word' id='word_1_314' title='bbox 1429 922 1604 956; x_wconf 74' lang='grc' dir='ltr'>συνάγοντας,</span> <span class='ocrx_word' id='word_1_315' title='bbox 1620 923 1666 949; x_wconf 69' lang='grc' dir='ltr'>καὶ</span> <span class='ocrx_word' id='word_1_316' title='bbox 1679 932 1742 954; x_wconf 68' lang='grc' dir='ltr'>τους</span> <span class='ocrx_word' id='word_1_317' title='bbox 1758 924 1839 959; x_wconf 83' lang='grc' dir='ltr'>ὀρθο-</span> 
     </span>
    </p>
   </div>
   <div class='ocr_carea' id='block_1_49' title="bbox 1048 965 1838 1004">
    <p class='ocr_par' dir='ltr' id='par_1_49' title="bbox 1048 965 1838 1004">
     <span class='ocr_line' id='line_1_49' title="bbox 1048 965 1838 1004; baseline 0.006 -13"><span class='ocrx_word' id='word_1_318' title='bbox 1048 965 1141 998; x_wconf 76' lang='grc' dir='ltr'>ὂόξους</span> <span class='ocrx_word' id='word_1_319' title='bbox 1151 966 1345 1000; x_wconf 81' lang='grc' dir='ltr'><strong>ταράττοντας.</strong></span> <span class='ocrx_word' id='word_1_320' title='bbox 1363 966 1425 994; x_wconf 79' lang='grc' dir='ltr'><strong>Ἐπὶ</strong></span> <span class='ocrx_word' id='word_1_321' title='bbox 1438 968 1466 993; x_wconf 77' lang='grc' dir='ltr'>δὲ</span> <span class='ocrx_word' id='word_1_322' title='bbox 1482 967 1528 993; x_wconf 81' lang='grc' dir='ltr'>τοῦ</span> <span class='ocrx_word' id='word_1_323' title='bbox 1549 968 1680 1003; x_wconf 81' lang='grc' dir='ltr'>παρόντος</span> <span class='ocrx_word' id='word_1_324' title='bbox 1700 969 1838 1004; x_wconf 77' lang='grc' dir='ltr'>γνωρίζω,</span> 
     </span>
    </p>
   </div>
   <div class='ocr_carea' id='block_1_50' title="bbox 1047 1011 1839 1050">
    <p class='ocr_par' dir='ltr' id='par_1_50' title="bbox 1047 1011 1839 1050">
     <span class='ocr_line' id='line_1_50' title="bbox 1047 1011 1839 1050; baseline 0.006 -13"><span class='ocrx_word' id='word_1_325' title='bbox 1047 1012 1085 1043; x_wconf 81' lang='grc' dir='ltr'>ὡς</span> <span class='ocrx_word' id='word_1_326' title='bbox 1097 1011 1135 1047; x_wconf 83' lang='grc' dir='ltr'>τῷ</span> <span class='ocrx_word' id='word_1_327' title='bbox 1153 1011 1284 1047; x_wconf 78' lang='grc' dir='ltr'>βασιλικῷ</span> <span class='ocrx_word' id='word_1_328' title='bbox 1302 1013 1424 1045; x_wconf 73' lang='grc' dir='ltr'>πεισθεὶς</span> <span class='ocrx_word' id='word_1_329' title='bbox 1438 1014 1582 1049; x_wconf 83' lang='grc' dir='ltr'>γράμματι</span> <span class='ocrx_word' id='word_1_330' title='bbox 1597 1014 1645 1048; x_wconf 84' lang='grc' dir='ltr'>τὴν</span> <span class='ocrx_word' id='word_1_331' title='bbox 1663 1016 1754 1050; x_wconf 75' lang='grc' dir='ltr'>Κῦρον</span> <span class='ocrx_word' id='word_1_332' title='bbox 1771 1024 1839 1042; x_wconf 84' lang='grc' dir='ltr'>κατ-</span> 
     </span>
    </p>
   </div>
   <div class='ocr_carea' id='block_1_51' title="bbox 1049 1056 1841 1096">
    <p class='ocr_par' dir='ltr' id='par_1_51' title="bbox 1049 1056 1841 1096">
     <span class='ocr_line' id='line_1_51' title="bbox 1049 1056 1841 1096; baseline 0.005 -13"><span class='ocrx_word' id='word_1_333' title='bbox 1049 1056 1157 1084; x_wconf 74' lang='grc' dir='ltr'>έλαϐοψ</span> <span class='ocrx_word' id='word_1_334' title='bbox 1172 1058 1218 1084; x_wconf 77' lang='grc' dir='ltr'>καὶ</span> <span class='ocrx_word' id='word_1_335' title='bbox 1232 1057 1261 1090; x_wconf 80' lang='grc' dir='ltr'>ἒξ</span> <span class='ocrx_word' id='word_1_336' title='bbox 1276 1057 1292 1094; x_wconf 81' lang='grc' dir='ltr'>ἢ</span> <span class='ocrx_word' id='word_1_337' title='bbox 1313 1058 1382 1085; x_wconf 79' lang='grc' dir='ltr'>ἑπτὰ</span> <span class='ocrx_word' id='word_1_338' title='bbox 1401 1059 1561 1086; x_wconf 78' lang='grc' dir='ltr'>διελῡουσῶν</span> <span class='ocrx_word' id='word_1_339' title='bbox 1572 1060 1693 1096; x_wconf 78' lang='grc' dir='ltr'>ἡμερῶν,</span> <span class='ocrx_word' id='word_1_340' title='bbox 1712 1061 1841 1088; x_wconf 80' lang='grc' dir='ltr'>ἀπέστει-</span> 
     </span>
    </p>
   </div>
   <div class='ocr_carea' id='block_1_52' title="bbox 1049 1102 1840 1141">
    <p class='ocr_par' dir='ltr' id='par_1_52' title="bbox 1049 1102 1840 1141">
     <span class='ocr_line' id='line_1_52' title="bbox 1049 1102 1840 1141; baseline 0.006 -13"><span class='ocrx_word' id='word_1_341' title='bbox 1049 1102 1097 1128; x_wconf 88' lang='grc' dir='ltr'><strong>λαν</strong></span> <span class='ocrx_word' id='word_1_342' title='bbox 1109 1103 1176 1138; x_wconf 87' lang='grc' dir='ltr'>πρός</span> <span class='ocrx_word' id='word_1_343' title='bbox 1188 1112 1221 1138; x_wconf 82' lang='grc' dir='ltr'><strong>με</strong></span> <span class='ocrx_word' id='word_1_344' title='bbox 1234 1104 1280 1130; x_wconf 63' lang='grc' dir='ltr'>τὴν</span> <span class='ocrx_word' id='word_1_345' title='bbox 1292 1104 1502 1140; x_wconf 82' lang='grc' dir='ltr'>καθωσιωμένον</span> <span class='ocrx_word' id='word_1_346' title='bbox 1518 1105 1678 1140; x_wconf 77' lang='grc' dir='ltr'>Εὐφρόνιον,</span> <span class='ocrx_word' id='word_1_347' title='bbox 1691 1106 1736 1132; x_wconf 80' lang='grc' dir='ltr'>τὸν</span> <span class='ocrx_word' id='word_1_348' title='bbox 1754 1115 1840 1141; x_wconf 84' lang='grc' dir='ltr'>στρα-</span> 
     </span>
    </p>
   </div>
   <div class='ocr_carea' id='block_1_53' title="bbox 1048 1147 1840 1186">
    <p class='ocr_par' dir='ltr' id='par_1_53' title="bbox 1048 1147 1840 1186">
     <span class='ocr_line' id='line_1_53' title="bbox 1048 1147 1840 1186; baseline 0.005 -12"><span class='ocrx_word' id='word_1_349' title='bbox 1048 1147 1219 1184; x_wconf 82' lang='grc' dir='ltr'>τηλατιανὺν,</span> <span class='ocrx_word' id='word_1_350' title='bbox 1239 1149 1308 1183; x_wconf 80' lang='grc' dir='ltr'>μετὰ</span> <span class='ocrx_word' id='word_1_351' title='bbox 1323 1150 1502 1185; x_wconf 81' lang='grc' dir='ltr'>γραμμάτων,</span> <span class='ocrx_word' id='word_1_352' title='bbox 1523 1150 1699 1183; x_wconf 80' lang='grc' dir='ltr'>ἀπαιτοῦντές</span> <span class='ocrx_word' id='word_1_353' title='bbox 1722 1160 1756 1186; x_wconf 82' lang='grc' dir='ltr'><strong>με</strong></span> <span class='ocrx_word' id='word_1_354' title='bbox 1773 1151 1840 1178; x_wconf 82' lang='grc' dir='ltr'>καο-</span> 
     </span>
    </p>
   </div>
   <div class='ocr_carea' id='block_1_54' title="bbox 1049 1194 1841 1232">
    <p class='ocr_par' dir='ltr' id='par_1_54' title="bbox 1049 1194 1841 1232">
     <span class='ocr_line' id='line_1_54' title="bbox 1049 1194 1841 1232; baseline 0.005 -12"><span class='ocrx_word' id='word_1_355' title='bbox 1049 1194 1216 1230; x_wconf 82' lang='grc' dir='ltr'>ομολογῆσαι</span> <span class='ocrx_word' id='word_1_356' title='bbox 1229 1196 1385 1229; x_wconf 74' lang='grc' dir='ltr'>ἐγγράφως,</span> <span class='ocrx_word' id='word_1_357' title='bbox 1403 1196 1440 1227; x_wconf 81' lang='grc' dir='ltr'>ὡς</span> <span class='ocrx_word' id='word_1_358' title='bbox 1453 1196 1615 1232; x_wconf 70' lang='grc' dir='ltr'>ὲνεφανίσθη</span> <span class='ocrx_word' id='word_1_359' title='bbox 1634 1205 1678 1232; x_wconf 86' lang='grc' dir='ltr'><strong>μοι</strong></span> <span class='ocrx_word' id='word_1_360' title='bbox 1693 1197 1724 1223; x_wconf 81' lang='grc' dir='ltr'><strong>τὸ</strong></span> <span class='ocrx_word' id='word_1_361' title='bbox 1735 1197 1841 1232; x_wconf 81' lang='grc' dir='ltr'>βασιλι-</span> 
     </span>
    </p>
   </div>
   <div class='ocr_carea' id='block_1_55' title="bbox 1050 1241 1841 1278">
    <p class='ocr_par' dir='ltr' id='par_1_55' title="bbox 1050 1241 1841 1278">
     <span class='ocr_line' id='line_1_55' title="bbox 1050 1241 1841 1278; baseline 0.003 -12"><span class='ocrx_word' id='word_1_362' title='bbox 1050 1241 1098 1268; x_wconf 76' lang='grc' dir='ltr'><strong>κὸν</strong></span> <span class='ocrx_word' id='word_1_363' title='bbox 1111 1241 1239 1276; x_wconf 82' lang='grc' dir='ltr'>γράμμα,</span> <span class='ocrx_word' id='word_1_364' title='bbox 1251 1241 1298 1267; x_wconf 74' lang='grc' dir='ltr'><strong>καὶ</strong></span> <span class='ocrx_word' id='word_1_365' title='bbox 1313 1241 1473 1276; x_wconf 80' lang='grc' dir='ltr'>ὑπεσχόμην</span> <span class='ocrx_word' id='word_1_366' title='bbox 1487 1243 1520 1277; x_wconf 86' lang='grc' dir='ltr'><strong>τῇ</strong></span> <span class='ocrx_word' id='word_1_367' title='bbox 1536 1241 1619 1277; x_wconf 77' lang='grc' dir='ltr'>Κύρῳ</span> <span class='ocrx_word' id='word_1_368' title='bbox 1633 1243 1680 1268; x_wconf 80' lang='grc' dir='ltr'>καὶ</span> <span class='ocrx_word' id='word_1_369' title='bbox 1692 1244 1725 1278; x_wconf 84' lang='grc' dir='ltr'><strong>τῇ</strong></span> <span class='ocrx_word' id='word_1_370' title='bbox 1737 1243 1841 1278; x_wconf 79' lang='grc' dir='ltr'>ταύτης</span> 
     </span>
    </p>
   </div>
   <div class='ocr_carea' id='block_1_56' title="bbox 1051 1284 1841 1322">
    <p class='ocr_par' dir='ltr' id='par_1_56' title="bbox 1051 1284 1841 1322">
     <span class='ocr_line' id='line_1_56' title="bbox 1051 1284 1841 1322; baseline 0.004 -11"><span class='ocrx_word' id='word_1_371' title='bbox 1051 1284 1246 1320; x_wconf 81' lang='grc' dir='ltr'>προσεδρεύειν</span> <span class='ocrx_word' id='word_1_372' title='bbox 1262 1285 1350 1320; x_wconf 61' lang='grc' dir='ltr'>χώρει,</span> <span class='ocrx_word' id='word_1_373' title='bbox 1367 1285 1474 1317; x_wconf 76' lang='grc' dir='ltr'>καὶτὰς</span> <span class='ocrx_word' id='word_1_374' title='bbox 1486 1286 1702 1322; x_wconf 80' lang='grc' dir='ltr'>ὲγχειρισῡείσας</span> <span class='ocrx_word' id='word_1_375' title='bbox 1720 1295 1764 1322; x_wconf 87' lang='grc' dir='ltr'><strong>μοι</strong></span> <span class='ocrx_word' id='word_1_376' title='bbox 1780 1296 1841 1314; x_wconf 85' lang='grc' dir='ltr'>ποι-</span> 
     </span>
    </p>
   </div>
   <div class='ocr_carea' id='block_1_57' title="bbox 1051 1331 1840 1368">
    <p class='ocr_par' dir='ltr' id='par_1_57' title="bbox 1051 1331 1840 1368">
     <span class='ocr_line' id='line_1_57' title="bbox 1051 1331 1840 1368; baseline 0.003 -10"><span class='ocrx_word' id='word_1_377' title='bbox 1051 1332 1158 1367; x_wconf 85' lang='grc' dir='ltr'>μαίνειν</span> <span class='ocrx_word' id='word_1_378' title='bbox 1174 1331 1273 1366; x_wconf 77' lang='grc' dir='ltr'>ψυχάς.</span> <span class='ocrx_word' id='word_1_379' title='bbox 1296 1331 1451 1368; x_wconf 81' lang='grc' dir='ltr'>Παρακαλῶ</span> <span class='ocrx_word' id='word_1_380' title='bbox 1464 1332 1554 1358; x_wconf 80' lang='grc' dir='ltr'>τοίνυν</span> <span class='ocrx_word' id='word_1_381' title='bbox 1570 1332 1619 1368; x_wconf 83' lang='grc' dir='ltr'>τὴν</span> <span class='ocrx_word' id='word_1_382' title='bbox 1634 1332 1770 1368; x_wconf 83' lang='grc' dir='ltr'>ὑμετέραν</span> <span class='ocrx_word' id='word_1_383' title='bbox 1789 1341 1840 1368; x_wconf 70' lang='grc' dir='ltr'>με‹</span> 
     </span>
    </p>
   </div>
   <div class='ocr_carea' id='block_1_58' title="bbox 1050 1377 1841 1412">
    <p class='ocr_par' dir='ltr' id='par_1_58' title="bbox 1050 1377 1841 1412">
     <span class='ocr_line' id='line_1_58' title="bbox 1050 1377 1841 1412; baseline 0.001 -9"><span class='ocrx_word' id='word_1_384' title='bbox 1050 1377 1211 1412; x_wconf 79' lang='grc' dir='ltr'>γαλοφυῒαν,</span> <span class='ocrx_word' id='word_1_385' title='bbox 1233 1377 1329 1411; x_wconf 80' lang='grc' dir='ltr'>μαθεῖν</span> <span class='ocrx_word' id='word_1_386' title='bbox 1346 1377 1480 1411; x_wconf 75' lang='grc' dir='ltr'>ἀκριϐῶς,</span> <span class='ocrx_word' id='word_1_387' title='bbox 1494 1377 1542 1403; x_wconf 75' lang='grc' dir='ltr'>καὶ</span> <span class='ocrx_word' id='word_1_388' title='bbox 1567 1377 1591 1403; x_wconf 77' lang='grc' dir='ltr'>εἰ</span> <span class='ocrx_word' id='word_1_389' title='bbox 1619 1377 1728 1411; x_wconf 78' lang='grc' dir='ltr'>ἀληθῶς</span> <span class='ocrx_word' id='word_1_390' title='bbox 1752 1377 1841 1405; x_wconf 79' lang='grc' dir='ltr'>ταῦτα</span> 
     </span>
    </p>
   </div>
   <div class='ocr_carea' id='block_1_59' title="bbox 1050 1422 1840 1459">
    <p class='ocr_par' dir='ltr' id='par_1_59' title="bbox 1050 1422 1840 1459">
     <span class='ocr_line' id='line_1_59' title="bbox 1050 1422 1840 1459; baseline 0.003 -11"><span class='ocrx_word' id='word_1_391' title='bbox 1050 1422 1261 1458; x_wconf 77' lang='grc' dir='ltr'>προστέτακται,</span> <span class='ocrx_word' id='word_1_392' title='bbox 1274 1423 1321 1449; x_wconf 74' lang='grc' dir='ltr'>καὶ</span> <span class='ocrx_word' id='word_1_393' title='bbox 1336 1423 1379 1449; x_wconf 86' lang='grc' dir='ltr'><strong>διὰ</strong></span> <span class='ocrx_word' id='word_1_394' title='bbox 1392 1423 1470 1449; x_wconf 70' lang='grc' dir='ltr'>ποίαν</span> <span class='ocrx_word' id='word_1_395' title='bbox 1484 1422 1582 1449; x_wconf 83' lang='grc' dir='ltr'>αἰτίαν.</span> <span class='ocrx_word' id='word_1_396' title='bbox 1605 1423 1675 1457; x_wconf 83' lang='grc' dir='ltr'><strong>Ἐγὼ</strong></span> <span class='ocrx_word' id='word_1_397' title='bbox 1688 1424 1740 1459; x_wconf 78' lang='grc' dir='ltr'>γὰρ</span> <span class='ocrx_word' id='word_1_398' title='bbox 1757 1424 1840 1455; x_wconf 77' lang='grc' dir='ltr'>ἄλλας</span> 
     </span>
    </p>
   </div>
   <div class='ocr_carea' id='block_1_60' title="bbox 1052 1467 1841 1505">
    <p class='ocr_par' dir='ltr' id='par_1_60' title="bbox 1052 1467 1841 1505">
     <span class='ocr_line' id='line_1_60' title="bbox 1052 1467 1841 1505; baseline 0.003 -11"><span class='ocrx_word' id='word_1_399' title='bbox 1052 1468 1102 1504; x_wconf 81' lang='grc' dir='ltr'>μὲν</span> <span class='ocrx_word' id='word_1_400' title='bbox 1122 1467 1258 1503; x_wconf 84' lang='grc' dir='ltr'>ἁμαρτίας</span> <span class='ocrx_word' id='word_1_401' title='bbox 1272 1468 1384 1504; x_wconf 74' lang='grc' dir='ltr'>ἐμαυτῷ</span> <span class='ocrx_word' id='word_1_402' title='bbox 1398 1469 1498 1501; x_wconf 82' lang='grc' dir='ltr'>πολλὰς</span> <span class='ocrx_word' id='word_1_403' title='bbox 1515 1468 1633 1502; x_wconf 78' lang='grc' dir='ltr'>σύνοιδα,</span> <span class='ocrx_word' id='word_1_404' title='bbox 1654 1470 1684 1496; x_wconf 84' lang='grc' dir='ltr'>οὗ</span> <span class='ocrx_word' id='word_1_405' title='bbox 1702 1470 1781 1505; x_wconf 82' lang='grc' dir='ltr'><strong>μὴνῆ</strong></span> <span class='ocrx_word' id='word_1_406' title='bbox 1799 1471 1841 1502; x_wconf 80' lang='grc' dir='ltr'>εἰς</span> 
     </span>
    </p>
   </div>
   <div class='ocr_carea' id='block_1_61' title="bbox 203 1514 998 1552">
    <p class='ocr_par' dir='ltr' id='par_1_61' title="bbox 203 1515 998 1551">
     <span class='ocr_line' id='line_1_61' title="bbox 203 1515 998 1551; baseline 0 -8"><span class='ocrx_word' id='word_1_407' title='bbox 203 1515 353 1551; x_wconf 80' lang='lat' dir='ltr'><strong>Cyrenscm</strong></span> <span class='ocrx_word' id='word_1_408' title='bbox 363 1516 562 1542; x_wconf 87' lang='lat' dir='ltr'><strong>habitationem</strong></span> <span class='ocrx_word' id='word_1_409' title='bbox 574 1515 688 1542; x_wconf 87' lang='lat' dir='ltr'><strong>moleste</strong></span> <span class='ocrx_word' id='word_1_410' title='bbox 700 1515 796 1542; x_wconf 89' lang='lat' dir='ltr'><strong>feram.</strong></span> <span class='ocrx_word' id='word_1_411' title='bbox 808 1515 876 1542; x_wconf 87' lang='lat' dir='ltr'><strong>Nam</strong></span> <span class='ocrx_word' id='word_1_412' title='bbox 888 1516 998 1549; x_wconf 89' lang='lat' dir='ltr'><strong>utquod</strong></span> 
     </span>
    </p>
   </div>
   <div class='ocr_carea' id='block_1_62' title="bbox 1049 1514 1841 1552">
    <p class='ocr_par' dir='ltr' id='par_1_62' title="bbox 1049 1514 1841 1552">
     <span class='ocr_line' id='line_1_62' title="bbox 1049 1514 1841 1552; baseline 0.003 -11"><span class='ocrx_word' id='word_1_413' title='bbox 1049 1515 1099 1550; x_wconf 83' lang='grc' dir='ltr'>τὴν</span> <span class='ocrx_word' id='word_1_414' title='bbox 1121 1514 1283 1549; x_wconf 74' lang='grc' dir='ltr'>Ἐκκλησίαν</span> <span class='ocrx_word' id='word_1_415' title='bbox 1296 1515 1342 1541; x_wconf 75' lang='grc' dir='ltr'>τοῦ</span> <span class='ocrx_word' id='word_1_416' title='bbox 1356 1514 1434 1546; x_wconf 79' lang='grc' dir='ltr'>Θεοῦ,</span> <span class='ocrx_word' id='word_1_417' title='bbox 1455 1515 1470 1551; x_wconf 86' lang='grc' dir='ltr'>ἢ</span> <span class='ocrx_word' id='word_1_418' title='bbox 1488 1516 1528 1546; x_wconf 81' lang='grc' dir='ltr'><strong>εἰς</strong></span> <span class='ocrx_word' id='word_1_419' title='bbox 1545 1515 1594 1550; x_wconf 81' lang='grc' dir='ltr'>τὴν</span> <span class='ocrx_word' id='word_1_420' title='bbox 1606 1516 1698 1552; x_wconf 86' lang='grc' dir='ltr'>κοινὴν</span> <span class='ocrx_word' id='word_1_421' title='bbox 1713 1515 1841 1548; x_wconf 74' lang='grc' dir='ltr'>εὐταξίαν</span> 
     </span>
    </p>
   </div>
   <div class='ocr_carea' id='block_1_63' title="bbox 203 1560 997 1595">
    <p class='ocr_par' dir='ltr' id='par_1_63' title="bbox 203 1560 997 1595">
     <span class='ocr_line' id='line_1_63' title="bbox 203 1560 997 1595; baseline -0.001 -7"><span class='ocrx_word' id='word_1_422' title='bbox 203 1568 248 1588; x_wconf 82' lang='lat' dir='ltr'><strong>res</strong></span> <span class='ocrx_word' id='word_1_423' title='bbox 261 1564 304 1587; x_wconf 89' lang='lat' dir='ltr'><strong>est</strong></span> <span class='ocrx_word' id='word_1_424' title='bbox 316 1560 404 1587; x_wconf 88' lang='lat' dir='ltr'><strong>dicam</strong></span> <span class='ocrx_word' id='word_1_425' title='bbox 418 1580 425 1592; x_wconf 98' lang='lat'><strong>,</strong></span> <span class='ocrx_word' id='word_1_426' title='bbox 450 1560 599 1587; x_wconf 87' lang='lat' dir='ltr'><strong>clarissima</strong></span> <span class='ocrx_word' id='word_1_427' title='bbox 615 1560 712 1594; x_wconf 90' lang='lat' dir='ltr'><strong>quavis</strong></span> <span class='ocrx_word' id='word_1_428' title='bbox 724 1561 834 1588; x_wconf 88' lang='lat' dir='ltr'><strong>civitate</strong></span> <span class='ocrx_word' id='word_1_429' title='bbox 848 1561 997 1595; x_wconf 86' lang='lat' dir='ltr'><strong>optabilio-</strong></span> 
     </span>
    </p>
   </div>
   <div class='ocr_carea' id='block_1_64' title="bbox 205 1604 998 1639">
    <p class='ocr_par' dir='ltr' id='par_1_64' title="bbox 205 1604 998 1639">
     <span class='ocr_line' id='line_1_64' title="bbox 205 1604 998 1639; baseline -0.001 -5"><span class='ocrx_word' id='word_1_430' title='bbox 205 1614 260 1634; x_wconf 88' lang='lat' dir='ltr'><strong>rem</strong></span> <span class='ocrx_word' id='word_1_431' title='bbox 277 1605 348 1632; x_wconf 85' lang='lat' dir='ltr'><strong>hanc</strong></span> <span class='ocrx_word' id='word_1_432' title='bbox 361 1604 444 1637; x_wconf 88' lang='lat' dir='ltr'><strong>duco,</strong></span> <span class='ocrx_word' id='word_1_433' title='bbox 461 1612 494 1631; x_wconf 88' lang='lat' dir='ltr'><strong>eo</strong></span> <span class='ocrx_word' id='word_1_434' title='bbox 506 1604 580 1639; x_wconf 88' lang='lat' dir='ltr'><strong>quod</strong></span> <span class='ocrx_word' id='word_1_435' title='bbox 592 1605 660 1632; x_wconf 90' lang='lat' dir='ltr'><strong>mihi</strong></span> <span class='ocrx_word' id='word_1_436' title='bbox 675 1613 690 1632; x_wconf 90' lang='lat' dir='ltr'><strong>a</strong></span> <span class='ocrx_word' id='word_1_437' title='bbox 702 1606 757 1632; x_wconf 86' lang='lat' dir='ltr'><strong>Deo</strong></span> <span class='ocrx_word' id='word_1_438' title='bbox 771 1613 831 1633; x_wconf 87' lang='lat' dir='ltr'><strong>sors</strong></span> <span class='ocrx_word' id='word_1_439' title='bbox 842 1605 894 1632; x_wconf 90' lang='lat' dir='ltr'><strong>ista</strong></span> <span class='ocrx_word' id='word_1_440' title='bbox 906 1606 998 1634; x_wconf 89' lang='lat' dir='ltr'><strong>oblata</strong></span> 
     </span>
    </p>
   </div>
   <div class='ocr_carea' id='block_1_65' title="bbox 203 1650 997 1685">
    <p class='ocr_par' dir='ltr' id='par_1_65' title="bbox 203 1650 997 1685">
     <span class='ocr_line' id='line_1_65' title="bbox 203 1650 997 1685; baseline 0 -6"><span class='ocrx_word' id='word_1_441' title='bbox 203 1657 256 1680; x_wconf 88' lang='lat' dir='ltr'><strong>est.</strong></span> <span class='ocrx_word' id='word_1_442' title='bbox 273 1651 326 1678; x_wconf 87' lang='lat' dir='ltr'><strong>Sed</strong></span> <span class='ocrx_word' id='word_1_443' title='bbox 343 1650 507 1677; x_wconf 82' lang='lat' dir='ltr'><strong>necessitate</strong></span> <span class='ocrx_word' id='word_1_444' title='bbox 526 1651 669 1677; x_wconf 87' lang='lat' dir='ltr'><strong>astrictum</strong></span> <span class='ocrx_word' id='word_1_445' title='bbox 683 1658 754 1684; x_wconf 88' lang='lat' dir='ltr'><strong>esse,</strong></span> <span class='ocrx_word' id='word_1_446' title='bbox 773 1659 828 1678; x_wconf 90' lang='lat' dir='ltr'><strong>non</strong></span> <span class='ocrx_word' id='word_1_447' title='bbox 843 1651 997 1685; x_wconf 88' lang='lat' dir='ltr'><strong>voluntate,</strong></span> 
     </span>
    </p>
   </div>
   <div class='ocr_carea' id='block_1_66' title="bbox 180 1696 998 1731">
    <p class='ocr_par' dir='ltr' id='par_1_66' title="bbox 180 1696 998 1731">
     <span class='ocr_line' id='line_1_66' title="bbox 180 1696 998 1731; baseline 0.001 -7"><span class='ocrx_word' id='word_1_448' title='bbox 180 1718 183 1728; x_wconf 84' lang='lat'><strong>,</strong></span> <span class='ocrx_word' id='word_1_449' title='bbox 205 1697 351 1724; x_wconf 87' lang='lat' dir='ltr'><strong>molestum</strong></span> <span class='ocrx_word' id='word_1_450' title='bbox 369 1696 571 1731; x_wconf 87' lang='lat' dir='ltr'><strong>quodammodo</strong></span> <span class='ocrx_word' id='word_1_451' title='bbox 593 1696 714 1729; x_wconf 87' lang='lat' dir='ltr'><strong>videtur,</strong></span> <span class='ocrx_word' id='word_1_452' title='bbox 732 1700 760 1724; x_wconf 90' lang='lat' dir='ltr'><strong>et</strong></span> <span class='ocrx_word' id='word_1_453' title='bbox 776 1705 870 1724; x_wconf 88' lang='lat' dir='ltr'><strong>ansam</strong></span> <span class='ocrx_word' id='word_1_454' title='bbox 884 1697 931 1725; x_wconf 85' lang='lat' dir='ltr'><strong>dat</strong></span> <span class='ocrx_word' id='word_1_455' title='bbox 945 1698 998 1725; x_wconf 88' lang='lat' dir='ltr'><strong>im-</strong></span> 
     </span>
    </p>
   </div>
   <div class='ocr_carea' id='block_1_67' title="bbox 204 1741 999 1778">
    <p class='ocr_par' dir='ltr' id='par_1_67' title="bbox 204 1741 999 1778">
     <span class='ocr_line' id='line_1_67' title="bbox 204 1741 999 1778; baseline 0.003 -9"><span class='ocrx_word' id='word_1_456' title='bbox 204 1743 310 1778; x_wconf 88' lang='lat' dir='ltr'><strong>probis,</strong></span> <span class='ocrx_word' id='word_1_457' title='bbox 331 1747 362 1769; x_wconf 91' lang='lat' dir='ltr'><strong>ut</strong></span> <span class='ocrx_word' id='word_1_458' title='bbox 380 1741 542 1769; x_wconf 89' lang='lat' dir='ltr'><strong>audaciores</strong></span> <span class='ocrx_word' id='word_1_459' title='bbox 557 1741 633 1774; x_wconf 90' lang='lat' dir='ltr'><strong>ﬁant,</strong></span> <span class='ocrx_word' id='word_1_460' title='bbox 654 1747 681 1770; x_wconf 90' lang='lat' dir='ltr'><strong>et</strong></span> <span class='ocrx_word' id='word_1_461' title='bbox 695 1742 809 1770; x_wconf 89' lang='lat' dir='ltr'><strong>monitis</strong></span> <span class='ocrx_word' id='word_1_462' title='bbox 824 1743 927 1770; x_wconf 89' lang='lat' dir='ltr'><strong>nostris</strong></span> <span class='ocrx_word' id='word_1_463' title='bbox 942 1751 999 1771; x_wconf 90' lang='lat' dir='ltr'><strong>non</strong></span> 
     </span>
    </p>
   </div>
   <div class='ocr_carea' id='block_1_68' title="bbox 205 1787 997 1823">
    <p class='ocr_par' dir='ltr' id='par_1_68' title="bbox 205 1787 997 1823">
     <span class='ocr_line' id='line_1_68' title="bbox 205 1787 997 1823; baseline 0.001 -8"><span class='ocrx_word' id='word_1_464' title='bbox 205 1788 406 1822; x_wconf 84' lang='lat' dir='ltr'><strong>obtemperent.</strong></span> <span class='ocrx_word' id='word_1_465' title='bbox 421 1787 606 1821; x_wconf 82' lang='lat' dir='ltr'><strong>Quamobrem</strong></span> <span class='ocrx_word' id='word_1_466' title='bbox 622 1795 671 1815; x_wconf 91' lang='lat' dir='ltr'><strong>oro</strong></span> <span class='ocrx_word' id='word_1_467' title='bbox 682 1788 899 1823; x_wconf 78' lang='lat' dir='ltr'><strong>magnitudinem</strong></span> <span class='ocrx_word' id='word_1_468' title='bbox 911 1794 997 1821; x_wconf 87' lang='lat' dir='ltr'><strong>tuam,</strong></span> 
     </span>
    </p>
   </div>
   <div class='ocr_carea' id='block_1_69' title="bbox 208 1832 998 1867">
    <p class='ocr_par' dir='ltr' id='par_1_69' title="bbox 208 1832 998 1867">
     <span class='ocr_line' id='line_1_69' title="bbox 208 1832 998 1867; baseline 0 -6"><span class='ocrx_word' id='word_1_469' title='bbox 208 1839 240 1861; x_wconf 88' lang='lat' dir='ltr'><strong>ut</strong></span> <span class='ocrx_word' id='word_1_470' title='bbox 253 1834 275 1860; x_wconf 88' lang='lat' dir='ltr'><strong>si</strong></span> <span class='ocrx_word' id='word_1_471' title='bbox 289 1834 342 1860; x_wconf 89' lang='lat' dir='ltr'><strong>tale</strong></span> <span class='ocrx_word' id='word_1_472' title='bbox 358 1833 426 1860; x_wconf 90' lang='lat' dir='ltr'><strong>nihil</strong></span> <span class='ocrx_word' id='word_1_473' title='bbox 442 1833 606 1867; x_wconf 90' lang='lat' dir='ltr'><strong>imperatum</strong></span> <span class='ocrx_word' id='word_1_474' title='bbox 618 1836 672 1864; x_wconf 90' lang='lat' dir='ltr'><strong>est,</strong></span> <span class='ocrx_word' id='word_1_475' title='bbox 687 1832 832 1860; x_wconf 86' lang='lat' dir='ltr'><strong>certiorem</strong></span> <span class='ocrx_word' id='word_1_476' title='bbox 843 1841 886 1860; x_wconf 90' lang='lat' dir='ltr'><strong>me</strong></span> <span class='ocrx_word' id='word_1_477' title='bbox 896 1833 998 1861; x_wconf 83' lang='lat' dir='ltr'><strong>facias:</strong></span> 
     </span>
    </p>
   </div>
   <div class='ocr_carea' id='block_1_70' title="bbox 206 1877 999 1913">
    <p class='ocr_par' dir='ltr' id='par_1_70' title="bbox 206 1877 999 1913">
     <span class='ocr_line' id='line_1_70' title="bbox 206 1877 999 1913; baseline 0 -7"><span class='ocrx_word' id='word_1_478' title='bbox 206 1880 249 1907; x_wconf 88' lang='lat' dir='ltr'><strong>sin</strong></span> <span class='ocrx_word' id='word_1_479' title='bbox 264 1886 359 1905; x_wconf 88' lang='lat' dir='ltr'><strong>revera</strong></span> <span class='ocrx_word' id='word_1_480' title='bbox 373 1877 487 1904; x_wconf 89' lang='lat' dir='ltr'><strong>victoris</strong></span> <span class='ocrx_word' id='word_1_481' title='bbox 504 1877 620 1913; x_wconf 81' lang='lat' dir='ltr'><strong>Augusti</strong></span> <span class='ocrx_word' id='word_1_482' title='bbox 635 1878 676 1905; x_wconf 71' lang='lat' dir='ltr'><strong>hae</strong></span> <span class='ocrx_word' id='word_1_483' title='bbox 692 1881 756 1905; x_wconf 90' lang='lat' dir='ltr'><strong>sunt</strong></span> <span class='ocrx_word' id='word_1_484' title='bbox 771 1878 881 1911; x_wconf 62' lang='lat' dir='ltr'><strong>litterae,</strong></span> <span class='ocrx_word' id='word_1_485' title='bbox 900 1878 999 1906; x_wconf 87' lang='lat' dir='ltr'><strong>doceas</strong></span> 
     </span>
    </p>
   </div>
   <div class='ocr_carea' id='block_1_71' title="bbox 206 1923 998 1959">
    <p class='ocr_par' dir='ltr' id='par_1_71' title="bbox 206 1923 998 1959">
     <span class='ocr_line' id='line_1_71' title="bbox 206 1923 998 1959; baseline -0.003 -7"><span class='ocrx_word' id='word_1_486' title='bbox 206 1925 268 1959; x_wconf 88' lang='lat' dir='ltr'><strong>ejus</strong></span> <span class='ocrx_word' id='word_1_487' title='bbox 290 1924 421 1958; x_wconf 82' lang='lat' dir='ltr'><strong>pietatem</strong></span> <span class='ocrx_word' id='word_1_488' title='bbox 433 1944 440 1955; x_wconf 85' lang='lat'><strong>,</strong></span> <span class='ocrx_word' id='word_1_489' title='bbox 468 1931 523 1950; x_wconf 86' lang='lat' dir='ltr'><strong>non</strong></span> <span class='ocrx_word' id='word_1_490' title='bbox 538 1923 617 1950; x_wconf 80' lang='lat' dir='ltr'><strong>facile</strong></span> <span class='ocrx_word' id='word_1_491' title='bbox 633 1923 714 1950; x_wconf 82' lang='lat' dir='ltr'><strong>ﬁdem</strong></span> <span class='ocrx_word' id='word_1_492' title='bbox 730 1923 831 1950; x_wconf 88' lang='lat' dir='ltr'><strong>habere</strong></span> <span class='ocrx_word' id='word_1_493' title='bbox 843 1923 998 1956; x_wconf 91' lang='lat' dir='ltr'><strong>calumniis,</strong></span> 
     </span>
    </p>
   </div>
   <div class='ocr_carea' id='block_1_72' title="bbox 206 1968 999 2003">
    <p class='ocr_par' dir='ltr' id='par_1_72' title="bbox 206 1968 999 2003">
     <span class='ocr_line' id='line_1_72' title="bbox 206 1968 999 2003; baseline -0.001 -6"><span class='ocrx_word' id='word_1_494' title='bbox 206 1977 258 1998; x_wconf 85' lang='lat' dir='ltr'><strong>nec</strong></span> <span class='ocrx_word' id='word_1_495' title='bbox 269 1969 335 1996; x_wconf 89' lang='lat' dir='ltr'><strong>solis</strong></span> <span class='ocrx_word' id='word_1_496' title='bbox 347 1968 553 1996; x_wconf 86' lang='lat' dir='ltr'><strong>accusatoribus</strong></span> <span class='ocrx_word' id='word_1_497' title='bbox 568 1976 649 1995; x_wconf 89' lang='lat' dir='ltr'><strong>aures</strong></span> <span class='ocrx_word' id='word_1_498' title='bbox 659 1968 792 2003; x_wconf 65' lang='lat' dir='ltr'><strong>praebere,</strong></span> <span class='ocrx_word' id='word_1_499' title='bbox 805 1968 852 1995; x_wconf 89' lang='lat' dir='ltr'><strong>sed</strong></span> <span class='ocrx_word' id='word_1_500' title='bbox 863 1968 999 1996; x_wconf 88' lang='lat' dir='ltr'><strong>rationem</strong></span> 
     </span>
    </p>
   </div>
   <div class='ocr_carea' id='block_1_73' title="bbox 206 2013 1001 2049">
    <p class='ocr_par' dir='ltr' id='par_1_73' title="bbox 206 2013 1001 2049">
     <span class='ocr_line' id='line_1_73' title="bbox 206 2013 1001 2049; baseline -0.001 -7"><span class='ocrx_word' id='word_1_501' title='bbox 206 2023 222 2043; x_wconf 92' lang='lat' dir='ltr'><strong>a</strong></span> <span class='ocrx_word' id='word_1_502' title='bbox 233 2022 280 2042; x_wconf 90' lang='lat' dir='ltr'><strong>reo</strong></span> <span class='ocrx_word' id='word_1_503' title='bbox 291 2022 444 2049; x_wconf 85' lang='lat' dir='ltr'><strong>reposcere.</strong></span> <span class='ocrx_word' id='word_1_504' title='bbox 457 2013 617 2048; x_wconf 85' lang='lat' dir='ltr'><strong>Quanquam</strong></span> <span class='ocrx_word' id='word_1_505' title='bbox 631 2017 735 2048; x_wconf 89' lang='lat' dir='ltr'><strong>poterat</strong></span> <span class='ocrx_word' id='word_1_506' title='bbox 751 2013 809 2048; x_wconf 88' lang='lat' dir='ltr'><strong>ipsa</strong></span> <span class='ocrx_word' id='word_1_507' title='bbox 820 2021 913 2041; x_wconf 89' lang='lat' dir='ltr'><strong>rerum</strong></span> <span class='ocrx_word' id='word_1_508' title='bbox 925 2015 1001 2042; x_wconf 89' lang='lat' dir='ltr'><strong>testi-</strong></span> 
     </span>
    </p>
   </div>
   <div class='ocr_carea' id='block_1_74' title="bbox 207 2059 1000 2094">
    <p class='ocr_par' dir='ltr' id='par_1_74' title="bbox 207 2059 1000 2094">
     <span class='ocr_line' id='line_1_74' title="bbox 207 2059 1000 2094; baseline 0 -6"><span class='ocrx_word' id='word_1_509' title='bbox 207 2060 299 2088; x_wconf 86' lang='lat' dir='ltr'><strong>ﬁcatio</strong></span> <span class='ocrx_word' id='word_1_510' title='bbox 313 2060 373 2094; x_wconf 88' lang='lat' dir='ltr'><strong>ejus</strong></span> <span class='ocrx_word' id='word_1_511' title='bbox 384 2059 480 2094; x_wconf 87' lang='lat' dir='ltr'><strong>pietati</strong></span> <span class='ocrx_word' id='word_1_512' title='bbox 492 2059 659 2094; x_wconf 83' lang='lat' dir='ltr'><strong>persuadere</strong></span> <span class='ocrx_word' id='word_1_513' title='bbox 675 2059 743 2086; x_wconf 86' lang='lat' dir='ltr'><strong>falsa</strong></span> <span class='ocrx_word' id='word_1_514' title='bbox 754 2067 814 2086; x_wconf 91' lang='lat' dir='ltr'><strong>esse</strong></span> <span class='ocrx_word' id='word_1_515' title='bbox 830 2067 891 2094; x_wconf 74' lang='lat' dir='ltr'><strong>qua:</strong></span> <span class='ocrx_word' id='word_1_516' title='bbox 903 2064 1000 2088; x_wconf 84' lang='lat' dir='ltr'><strong>contra</strong></span> 
     </span>
    </p>
   </div>
   <div class='ocr_carea' id='block_1_75' title="bbox 207 2104 1000 2141">
    <p class='ocr_par' dir='ltr' id='par_1_75' title="bbox 207 2104 1000 2141">
     <span class='ocr_line' id='line_1_75' title="bbox 207 2104 1000 2141; baseline 0.003 -9"><span class='ocrx_word' id='word_1_517' title='bbox 207 2113 259 2133; x_wconf 85' lang='lat' dir='ltr'><strong>nos</strong></span> <span class='ocrx_word' id='word_1_518' title='bbox 267 2106 415 2140; x_wconf 81' lang='lat' dir='ltr'><strong>jactantur.</strong></span> <span class='ocrx_word' id='word_1_519' title='bbox 429 2104 578 2139; x_wconf 86' lang='lat' dir='ltr'><strong>Eequando</strong></span> <span class='ocrx_word' id='word_1_520' title='bbox 588 2105 662 2131; x_wconf 89' lang='lat' dir='ltr'><strong>enim</strong></span> <span class='ocrx_word' id='word_1_521' title='bbox 677 2105 785 2140; x_wconf 75' lang='lat'><strong>1136</strong></span> <span class='ocrx_word' id='word_1_522' title='bbox 792 2112 842 2132; x_wconf 91' lang='lat' dir='ltr'><strong>nos</strong></span> <span class='ocrx_word' id='word_1_523' title='bbox 855 2106 915 2141; x_wconf 87' lang='lat' dir='ltr'><strong>ejus</strong></span> <span class='ocrx_word' id='word_1_524' title='bbox 926 2113 1000 2134; x_wconf 84' lang='lat' dir='ltr'><strong>sere-</strong></span> 
     </span>
    </p>
   </div>
   <div class='ocr_carea' id='block_1_76' title="bbox 208 2150 998 2184">
    <p class='ocr_par' dir='ltr' id='par_1_76' title="bbox 208 2150 998 2184">
     <span class='ocr_line' id='line_1_76' title="bbox 208 2150 998 2184; baseline 0.001 -6"><span class='ocrx_word' id='word_1_525' title='bbox 208 2151 321 2178; x_wconf 89' lang='lat' dir='ltr'><strong>nitatem</strong></span> <span class='ocrx_word' id='word_1_526' title='bbox 337 2150 371 2177; x_wconf 89' lang='lat' dir='ltr'><strong>de</strong></span> <span class='ocrx_word' id='word_1_527' title='bbox 385 2150 495 2184; x_wconf 78' lang='lat' dir='ltr'><strong>negotio</strong></span> <span class='ocrx_word' id='word_1_528' title='bbox 508 2150 602 2184; x_wconf 89' lang='lat' dir='ltr'><strong>aliquo</strong></span> <span class='ocrx_word' id='word_1_529' title='bbox 616 2150 852 2184; x_wconf 86' lang='lat' dir='ltr'><strong>interpellavimus</strong></span> <span class='ocrx_word' id='word_1_530' title='bbox 868 2151 911 2178; x_wconf 88' lang='lat' dir='ltr'><strong>vel</strong></span> <span class='ocrx_word' id='word_1_531' title='bbox 923 2159 998 2179; x_wconf 88' lang='lat' dir='ltr'><strong>sum-</strong></span> 
     </span>
    </p>
   </div>
   <div class='ocr_carea' id='block_1_77' title="bbox 1048 1557 1840 1596">
    <p class='ocr_par' dir='ltr' id='par_1_77' title="bbox 1048 1557 1840 1596">
     <span class='ocr_line' id='line_1_77' title="bbox 1048 1557 1840 1596; baseline 0.003 -10"><span class='ocrx_word' id='word_1_532' title='bbox 1048 1557 1107 1587; x_wconf 79' lang='grc' dir='ltr'>οἷδὰ</span> <span class='ocrx_word' id='word_1_533' title='bbox 1121 1569 1146 1586; x_wconf 83' lang='grc' dir='ltr'><strong>τι</strong></span> <span class='ocrx_word' id='word_1_534' title='bbox 1158 1560 1368 1596; x_wconf 81' lang='grc' dir='ltr'>πλημμελήσας.</span> <span class='ocrx_word' id='word_1_535' title='bbox 1383 1561 1438 1587; x_wconf 74' lang='grc' dir='ltr'><strong>Καὶ</strong></span> <span class='ocrx_word' id='word_1_536' title='bbox 1447 1560 1534 1588; x_wconf 76' lang='grc' dir='ltr'>ταῦτα</span> <span class='ocrx_word' id='word_1_537' title='bbox 1545 1561 1653 1596; x_wconf 71' lang='grc' dir='ltr'>γράφω,</span> <span class='ocrx_word' id='word_1_538' title='bbox 1668 1561 1717 1596; x_wconf 80' lang='grc' dir='ltr'>οὐχ</span> <span class='ocrx_word' id='word_1_539' title='bbox 1728 1561 1765 1593; x_wconf 85' lang='grc' dir='ltr'>ὡς</span> <span class='ocrx_word' id='word_1_540' title='bbox 1776 1563 1840 1588; x_wconf 85' lang='grc' dir='ltr'>δυσ-</span> 
     </span>
    </p>
   </div>
   <div class='ocr_carea' id='block_1_78' title="bbox 1048 1605 1838 1642">
    <p class='ocr_par' dir='ltr' id='par_1_78' title="bbox 1048 1605 1838 1642">
     <span class='ocr_line' id='line_1_78' title="bbox 1048 1605 1838 1642; baseline 0.003 -10"><span class='ocrx_word' id='word_1_541' title='bbox 1048 1605 1182 1641; x_wconf 81' lang='grc' dir='ltr'>χεραίνων</span> <span class='ocrx_word' id='word_1_542' title='bbox 1206 1606 1256 1641; x_wconf 83' lang='grc' dir='ltr'>τὴν</span> <span class='ocrx_word' id='word_1_543' title='bbox 1282 1606 1310 1632; x_wconf 69' lang='grc' dir='ltr'>ἐν</span> <span class='ocrx_word' id='word_1_544' title='bbox 1334 1606 1419 1641; x_wconf 82' lang='grc' dir='ltr'><strong>Κύρῳ</strong></span> <span class='ocrx_word' id='word_1_545' title='bbox 1440 1606 1588 1642; x_wconf 83' lang='grc' dir='ltr'>διαγωγήν·</span> <span class='ocrx_word' id='word_1_546' title='bbox 1607 1606 1645 1638; x_wconf 85' lang='grc' dir='ltr'><strong>ὡς</strong></span> <span class='ocrx_word' id='word_1_547' title='bbox 1660 1607 1714 1642; x_wconf 74' lang='grc' dir='ltr'><strong>γὰρ</strong></span> <span class='ocrx_word' id='word_1_548' title='bbox 1727 1607 1774 1633; x_wconf 70' lang='grc' dir='ltr'><strong>ἐπὶ</strong></span> <span class='ocrx_word' id='word_1_549' title='bbox 1786 1608 1838 1642; x_wconf 84' lang='grc' dir='ltr'>τῆς</span> 
     </span>
    </p>
   </div>
   <div class='ocr_carea' id='block_1_79' title="bbox 1049 1644 1839 1688">
    <p class='ocr_par' dir='ltr' id='par_1_79' title="bbox 1049 1644 1839 1688">
     <span class='ocr_line' id='line_1_79' title="bbox 1049 1644 1839 1688; baseline 0.004 -11"><span class='ocrx_word' id='word_1_550' title='bbox 1049 1651 1188 1685; x_wconf 87' lang='grc' dir='ltr'>ἀληθείας,</span> <span class='ocrx_word' id='word_1_551' title='bbox 1205 1652 1295 1687; x_wconf 79' lang='grc' dir='ltr'>πάσης</span> <span class='ocrx_word' id='word_1_552' title='bbox 1317 1652 1423 1683; x_wconf 85' lang='grc' dir='ltr'>πόλεως</span> <span class='ocrx_word' id='word_1_553' title='bbox 1445 1644 1643 1687; x_wconf 73' lang='grc' dir='ltr'>λαμπροτάτης</span> <span class='ocrx_word' id='word_1_554' title='bbox 1655 1653 1839 1688; x_wconf 80' lang='grc' dir='ltr'>αἱρετωτέραν</span> 
     </span>
    </p>
   </div>
   <div class='ocr_carea' id='block_1_80' title="bbox 1047 1696 1839 1733">
    <p class='ocr_par' dir='ltr' id='par_1_80' title="bbox 1047 1696 1839 1733">
     <span class='ocr_line' id='line_1_80' title="bbox 1047 1696 1839 1733; baseline 0.004 -11"><span class='ocrx_word' id='word_1_555' title='bbox 1047 1696 1150 1731; x_wconf 82' lang='grc' dir='ltr'>ταύτην</span> <span class='ocrx_word' id='word_1_556' title='bbox 1165 1697 1296 1732; x_wconf 76' lang='grc' dir='ltr'>ἡγοῦμαι,</span> <span class='ocrx_word' id='word_1_557' title='bbox 1315 1696 1360 1723; x_wconf 85' lang='grc' dir='ltr'><strong>διὰ</strong></span> <span class='ocrx_word' id='word_1_558' title='bbox 1380 1697 1410 1723; x_wconf 82' lang='grc' dir='ltr'>τὸ</span> <span class='ocrx_word' id='word_1_559' title='bbox 1434 1697 1509 1733; x_wconf 75' lang='grc' dir='ltr'>παρὰ</span> <span class='ocrx_word' id='word_1_560' title='bbox 1525 1697 1591 1724; x_wconf 84' lang='grc' dir='ltr'><strong>Θεοῦ</strong></span> <span class='ocrx_word' id='word_1_561' title='bbox 1607 1697 1662 1731; x_wconf 84' lang='lat'><strong>(66)</strong></span> <span class='ocrx_word' id='word_1_562' title='bbox 1680 1707 1725 1733; x_wconf 88' lang='grc' dir='ltr'><strong>μοι</strong></span> <span class='ocrx_word' id='word_1_563' title='bbox 1744 1698 1839 1725; x_wconf 79' lang='grc' dir='ltr'>τοῦτον</span> 
     </span>
    </p>
   </div>
   <div class='ocr_carea' id='block_1_81' title="bbox 1049 1742 1838 1778">
    <p class='ocr_par' dir='ltr' id='par_1_81' title="bbox 1049 1742 1838 1778">
     <span class='ocr_line' id='line_1_81' title="bbox 1049 1742 1838 1778; baseline 0.003 -10"><span class='ocrx_word' id='word_1_564' title='bbox 1049 1742 1171 1769; x_wconf 81' lang='grc' dir='ltr'>δεδόσθαι</span> <span class='ocrx_word' id='word_1_565' title='bbox 1198 1742 1243 1769; x_wconf 82' lang='grc' dir='ltr'>τὸν</span> <span class='ocrx_word' id='word_1_566' title='bbox 1266 1742 1375 1777; x_wconf 79' lang='grc' dir='ltr'>κλῆρον.</span> <span class='ocrx_word' id='word_1_567' title='bbox 1402 1742 1438 1769; x_wconf 84' lang='grc' dir='ltr'>Τὸ</span> <span class='ocrx_word' id='word_1_568' title='bbox 1457 1743 1484 1769; x_wconf 86' lang='grc' dir='ltr'>δὲ</span> <span class='ocrx_word' id='word_1_569' title='bbox 1505 1742 1612 1778; x_wconf 81' lang='grc' dir='ltr'>ἀνάγκῃ</span> <span class='ocrx_word' id='word_1_570' title='bbox 1633 1743 1838 1778; x_wconf 58' lang='grc' dir='ltr'>προσᾶδέσθαι,</span> 
     </span>
    </p>
   </div>
   <div class='ocr_carea' id='block_1_82' title="bbox 1049 1786 1838 1824">
    <p class='ocr_par' dir='ltr' id='par_1_82' title="bbox 1049 1786 1838 1824">
     <span class='ocr_line' id='line_1_82' title="bbox 1049 1786 1838 1824; baseline 0 -10"><span class='ocrx_word' id='word_1_571' title='bbox 1049 1788 1097 1815; x_wconf 72' lang='grc' dir='ltr'>καὶ</span> <span class='ocrx_word' id='word_1_572' title='bbox 1120 1788 1157 1823; x_wconf 82' lang='grc' dir='ltr'>μὴ</span> <span class='ocrx_word' id='word_1_573' title='bbox 1177 1787 1285 1823; x_wconf 86' lang='grc' dir='ltr'>γνώμῃ,</span> <span class='ocrx_word' id='word_1_574' title='bbox 1304 1787 1379 1814; x_wconf 82' lang='grc' dir='ltr'>δοκεῖ</span> <span class='ocrx_word' id='word_1_575' title='bbox 1403 1796 1462 1819; x_wconf 87' lang='grc' dir='ltr'>πως</span> <span class='ocrx_word' id='word_1_576' title='bbox 1478 1786 1548 1814; x_wconf 83' lang='grc' dir='ltr'>εἶναι</span> <span class='ocrx_word' id='word_1_577' title='bbox 1565 1788 1688 1823; x_wconf 73' lang='grc' dir='ltr'>ἀνιαρὸν,</span> <span class='ocrx_word' id='word_1_578' title='bbox 1707 1789 1754 1815; x_wconf 72' lang='grc' dir='ltr'>καὶ</span> <span class='ocrx_word' id='word_1_579' title='bbox 1771 1789 1838 1824; x_wconf 76' lang='grc' dir='ltr'>πρὸς</span> 
     </span>
    </p>
   </div>
   <div class='ocr_carea' id='block_1_83' title="bbox 1049 1832 1838 1868">
    <p class='ocr_par' dir='ltr' id='par_1_83' title="bbox 1049 1832 1838 1868">
     <span class='ocr_line' id='line_1_83' title="bbox 1049 1832 1838 1868; baseline 0.001 -9"><span class='ocrx_word' id='word_1_580' title='bbox 1049 1832 1165 1864; x_wconf 79' lang='grc' dir='ltr'>τούτοις,</span> <span class='ocrx_word' id='word_1_581' title='bbox 1184 1832 1321 1868; x_wconf 85' lang='grc' dir='ltr'>πρόφασιν</span> <span class='ocrx_word' id='word_1_582' title='bbox 1334 1832 1425 1859; x_wconf 77' lang='grc' dir='ltr'>δίδωσι</span> <span class='ocrx_word' id='word_1_583' title='bbox 1439 1834 1493 1864; x_wconf 83' lang='grc' dir='ltr'>τοῖς</span> <span class='ocrx_word' id='word_1_584' title='bbox 1507 1833 1630 1859; x_wconf 81' lang='grc' dir='ltr'>ἀδικοῦσι</span> <span class='ocrx_word' id='word_1_585' title='bbox 1645 1833 1838 1868; x_wconf 80' lang='grc' dir='ltr'>Θρασὺνεσῠαι,</span> 
     </span>
    </p>
   </div>
   <div class='ocr_carea' id='block_1_84' title="bbox 1049 1878 1838 1914">
    <p class='ocr_par' dir='ltr' id='par_1_84' title="bbox 1049 1878 1838 1914">
     <span class='ocr_line' id='line_1_84' title="bbox 1049 1878 1838 1914; baseline 0 -8"><span class='ocrx_word' id='word_1_586' title='bbox 1049 1879 1097 1906; x_wconf 83' lang='grc' dir='ltr'>καὶ</span> <span class='ocrx_word' id='word_1_587' title='bbox 1107 1880 1167 1910; x_wconf 85' lang='grc' dir='ltr'>ταῖς</span> <span class='ocrx_word' id='word_1_588' title='bbox 1178 1879 1326 1914; x_wconf 79' lang='grc' dir='ltr'>ἡμετέραις</span> <span class='ocrx_word' id='word_1_589' title='bbox 1341 1879 1378 1913; x_wconf 83' lang='grc' dir='ltr'>μὴ</span> <span class='ocrx_word' id='word_1_590' title='bbox 1391 1879 1531 1906; x_wconf 75' lang='grc' dir='ltr'>πείθεσθαι</span> <span class='ocrx_word' id='word_1_591' title='bbox 1543 1879 1745 1914; x_wconf 68' lang='grc' dir='ltr'>παραινέσεων.</span> <span class='ocrx_word' id='word_1_592' title='bbox 1759 1878 1795 1907; x_wconf 74' lang='grc' dir='ltr'>Οὖ</span> <span class='ocrx_word' id='word_1_593' title='bbox 1806 1880 1838 1914; x_wconf 80' lang='grc' dir='ltr'>δὴ</span> 
     </span>
    </p>
   </div>
   <div class='ocr_carea' id='block_1_85' title="bbox 1049 1921 1838 1958">
    <p class='ocr_par' dir='ltr' id='par_1_85' title="bbox 1049 1921 1838 1958">
     <span class='ocr_line' id='line_1_85' title="bbox 1049 1921 1838 1958; baseline 0.001 -9"><span class='ocrx_word' id='word_1_594' title='bbox 1049 1923 1129 1958; x_wconf 82' lang='grc' dir='ltr'>χάριν</span> <span class='ocrx_word' id='word_1_595' title='bbox 1142 1921 1296 1957; x_wconf 71' lang='grc' dir='ltr'>παρακαλῶ</span> <span class='ocrx_word' id='word_1_596' title='bbox 1314 1922 1344 1949; x_wconf 82' lang='grc' dir='ltr'>τὸ</span> <span class='ocrx_word' id='word_1_597' title='bbox 1358 1922 1489 1957; x_wconf 81' lang='grc' dir='ltr'>ὑμέτερον</span> <span class='ocrx_word' id='word_1_598' title='bbox 1508 1922 1634 1958; x_wconf 83' lang='grc' dir='ltr'>μέγεθος,</span> <span class='ocrx_word' id='word_1_599' title='bbox 1651 1925 1675 1950; x_wconf 90' lang='grc' dir='ltr'>εἱ</span> <span class='ocrx_word' id='word_1_600' title='bbox 1696 1924 1748 1958; x_wconf 75' lang='grc' dir='ltr'>μὲν</span> <span class='ocrx_word' id='word_1_601' title='bbox 1763 1924 1838 1950; x_wconf 64' lang='grc' dir='ltr'>οὐδὲν</span> 
     </span>
    </p>
   </div>
   <div class='ocr_carea' id='block_1_86' title="bbox 1049 1967 1837 2004">
    <p class='ocr_par' dir='ltr' id='par_1_86' title="bbox 1049 1967 1837 2004">
     <span class='ocr_line' id='line_1_86' title="bbox 1049 1967 1837 2004; baseline 0 -9"><span class='ocrx_word' id='word_1_602' title='bbox 1049 1968 1154 1997; x_wconf 79' lang='grc' dir='ltr'>τοιοῦτο</span> <span class='ocrx_word' id='word_1_603' title='bbox 1167 1968 1378 2004; x_wconf 81' lang='grc' dir='ltr'>προστέτακται,</span> <span class='ocrx_word' id='word_1_604' title='bbox 1389 1967 1467 2003; x_wconf 84' lang='grc' dir='ltr'>δῆλόν</span> <span class='ocrx_word' id='word_1_605' title='bbox 1481 1977 1526 2003; x_wconf 85' lang='grc' dir='ltr'><strong>μοι</strong></span> <span class='ocrx_word' id='word_1_606' title='bbox 1537 1968 1616 1995; x_wconf 82' lang='grc' dir='ltr'>τοῦτο</span> <span class='ocrx_word' id='word_1_607' title='bbox 1629 1968 1752 2004; x_wconf 82' lang='grc' dir='ltr'>ποιῆσαι·</span> <span class='ocrx_word' id='word_1_608' title='bbox 1772 1970 1795 1995; x_wconf 87' lang='grc' dir='ltr'>εὶ</span> <span class='ocrx_word' id='word_1_609' title='bbox 1809 1970 1837 1995; x_wconf 78' lang='grc' dir='ltr'>δὲ</span> 
     </span>
    </p>
   </div>
   <div class='ocr_carea' id='block_1_87' title="bbox 1050 2012 1837 2049">
    <p class='ocr_par' dir='ltr' id='par_1_87' title="bbox 1050 2012 1837 2049">
     <span class='ocr_line' id='line_1_87' title="bbox 1050 2012 1837 2049; baseline 0.001 -10"><span class='ocrx_word' id='word_1_610' title='bbox 1050 2013 1159 2048; x_wconf 84' lang='grc' dir='ltr'>ἀληθῶς</span> <span class='ocrx_word' id='word_1_611' title='bbox 1174 2012 1221 2039; x_wconf 85' lang='grc' dir='ltr'>τοῦ</span> <span class='ocrx_word' id='word_1_612' title='bbox 1237 2012 1390 2040; x_wconf 77' lang='grc' dir='ltr'>καλλινίκου</span> <span class='ocrx_word' id='word_1_613' title='bbox 1409 2012 1540 2047; x_wconf 75' lang='grc' dir='ltr'>βασιλέως</span> <span class='ocrx_word' id='word_1_614' title='bbox 1555 2013 1613 2039; x_wconf 75' lang='grc' dir='ltr'>ἐστὶ</span> <span class='ocrx_word' id='word_1_615' title='bbox 1621 2013 1654 2040; x_wconf 76' lang='grc' dir='ltr'><strong>τὰ</strong></span> <span class='ocrx_word' id='word_1_616' title='bbox 1670 2014 1837 2049; x_wconf 79' lang='grc' dir='ltr'>γράμματα,</span> 
     </span>
    </p>
   </div>
   <div class='ocr_carea' id='block_1_88' title="bbox 1049 2058 1837 2094">
    <p class='ocr_par' dir='ltr' id='par_1_88' title="bbox 1049 2058 1837 2094">
     <span class='ocr_line' id='line_1_88' title="bbox 1049 2058 1837 2094; baseline 0 -9"><span class='ocrx_word' id='word_1_617' title='bbox 1049 2059 1153 2092; x_wconf 78' lang='grc' dir='ltr'>διδάξαι</span> <span class='ocrx_word' id='word_1_618' title='bbox 1184 2058 1266 2085; x_wconf 74' lang='grc' dir='ltr'>αὑτοῦ</span> <span class='ocrx_word' id='word_1_619' title='bbox 1297 2058 1347 2094; x_wconf 80' lang='grc' dir='ltr'>τὴν</span> <span class='ocrx_word' id='word_1_620' title='bbox 1375 2058 1525 2089; x_wconf 77' lang='grc' dir='ltr'>εὐσέϐειαν,</span> <span class='ocrx_word' id='word_1_621' title='bbox 1552 2058 1589 2093; x_wconf 83' lang='grc' dir='ltr'>μὴ</span> <span class='ocrx_word' id='word_1_622' title='bbox 1620 2058 1760 2086; x_wconf 81' lang='grc' dir='ltr'>πείθεσθαι</span> <span class='ocrx_word' id='word_1_623' title='bbox 1787 2061 1837 2094; x_wconf 75' lang='grc' dir='ltr'><strong>ῥα-</strong></span> 
     </span>
    </p>
   </div>
   <div class='ocr_carea' id='block_1_89' title="bbox 1048 2104 1838 2140">
    <p class='ocr_par' dir='ltr' id='par_1_89' title="bbox 1048 2104 1838 2140">
     <span class='ocr_line' id='line_1_89' title="bbox 1048 2104 1838 2140; baseline 0.001 -9"><span class='ocrx_word' id='word_1_624' title='bbox 1048 2105 1114 2136; x_wconf 81' lang='grc' dir='ltr'>δίως</span> <span class='ocrx_word' id='word_1_625' title='bbox 1134 2104 1282 2137; x_wconf 73' lang='grc' dir='ltr'>διαϐολαῖς,</span> <span class='ocrx_word' id='word_1_626' title='bbox 1299 2104 1366 2140; x_wconf 78' lang='grc' dir='ltr'>μηδὲ</span> <span class='ocrx_word' id='word_1_627' title='bbox 1383 2104 1474 2140; x_wconf 85' lang='grc' dir='ltr'>μόνοις</span> <span class='ocrx_word' id='word_1_628' title='bbox 1489 2105 1545 2136; x_wconf 83' lang='grc' dir='ltr'>τοῖς</span> <span class='ocrx_word' id='word_1_629' title='bbox 1562 2105 1726 2140; x_wconf 78' lang='grc' dir='ltr'>κατηγόροις</span> <span class='ocrx_word' id='word_1_630' title='bbox 1740 2105 1838 2132; x_wconf 80' lang='grc' dir='ltr'>διδόναι</span> 
     </span>
    </p>
   </div>
   <div class='ocr_carea' id='block_1_90' title="bbox 1048 2149 1840 2186">
    <p class='ocr_par' dir='ltr' id='par_1_90' title="bbox 1048 2149 1840 2186">
     <span class='ocr_line' id='line_1_90' title="bbox 1048 2149 1840 2186; baseline 0 -10"><span class='ocrx_word' id='word_1_631' title='bbox 1048 2149 1098 2181; x_wconf 79' lang='grc' dir='ltr'><strong>τὰς</strong></span> <span class='ocrx_word' id='word_1_632' title='bbox 1108 2149 1203 2182; x_wconf 76' lang='grc' dir='ltr'>ἀκοὰς,</span> <span class='ocrx_word' id='word_1_633' title='bbox 1218 2149 1275 2176; x_wconf 78' lang='grc' dir='ltr'>ἀλλ’</span> <span class='ocrx_word' id='word_1_634' title='bbox 1295 2150 1422 2176; x_wconf 84' lang='grc' dir='ltr'>ἀπαιτεῖν</span> <span class='ocrx_word' id='word_1_635' title='bbox 1442 2149 1556 2181; x_wconf 72' lang='grc' dir='ltr'>εὐθύνας</span> <span class='ocrx_word' id='word_1_636' title='bbox 1570 2150 1615 2176; x_wconf 85' lang='grc' dir='ltr'><strong>τὺν</strong></span> <span class='ocrx_word' id='word_1_637' title='bbox 1637 2150 1840 2186; x_wconf 77' lang='grc' dir='ltr'>κατηγορούμε-</span> 
     </span>
    </p>
   </div>
   <div class='ocr_carea' id='block_1_91' title="bbox 207 2191 998 2231">
    <p class='ocr_par' dir='ltr' id='par_1_91' title="bbox 207 2195 997 2231">
     <span class='ocr_line' id='line_1_91' title="bbox 207 2195 997 2231; baseline 0.001 -7"><span class='ocrx_word' id='word_1_638' title='bbox 207 2204 269 2224; x_wconf 88' lang='lat' dir='ltr'><strong>mos</strong></span> <span class='ocrx_word' id='word_1_639' title='bbox 285 2196 460 2230; x_wconf 75' lang='lat' dir='ltr'><strong>magistratus</strong></span> <span class='ocrx_word' id='word_1_640' title='bbox 472 2215 479 2226; x_wconf 91' lang='lat'><strong>,</strong></span> <span class='ocrx_word' id='word_1_641' title='bbox 509 2199 556 2222; x_wconf 89' lang='lat' dir='ltr'><strong>aut</strong></span> <span class='ocrx_word' id='word_1_642' title='bbox 572 2195 789 2230; x_wconf 82' lang='lat' dir='ltr'><strong>possessoribus,</strong></span> <span class='ocrx_word' id='word_1_643' title='bbox 808 2197 855 2231; x_wconf 86' lang='lat' dir='ltr'><strong>qui</strong></span> <span class='ocrx_word' id='word_1_644' title='bbox 871 2197 916 2224; x_wconf 88' lang='lat' dir='ltr'><strong>hic</strong></span> <span class='ocrx_word' id='word_1_645' title='bbox 932 2202 997 2225; x_wconf 87' lang='lat' dir='ltr'><strong>sunt</strong></span> 
     </span>
    </p>
   </div>
   <div class='ocr_carea' id='block_1_92' title="bbox 1049 2191 1837 2231">
    <p class='ocr_par' dir='ltr' id='par_1_92' title="bbox 1049 2193 1837 2229">
     <span class='ocr_line' id='line_1_92' title="bbox 1049 2193 1837 2229; baseline 0 -8"><span class='ocrx_word' id='word_1_646' title='bbox 1049 2203 1103 2221; x_wconf 86' lang='grc' dir='ltr'>νον.</span> <span class='ocrx_word' id='word_1_647' title='bbox 1118 2195 1216 2228; x_wconf 87' lang='grc' dir='ltr'>Ἤρκει</span> <span class='ocrx_word' id='word_1_648' title='bbox 1228 2193 1256 2220; x_wconf 76' lang='grc' dir='ltr'>δὲ</span> <span class='ocrx_word' id='word_1_649' title='bbox 1271 2193 1318 2221; x_wconf 78' lang='grc' dir='ltr'>καὶ</span> <span class='ocrx_word' id='word_1_650' title='bbox 1331 2193 1399 2228; x_wconf 81' lang='grc' dir='ltr'>αὑτὴ</span> <span class='ocrx_word' id='word_1_651' title='bbox 1414 2193 1467 2220; x_wconf 84' lang='grc' dir='ltr'><strong>τῶν</strong></span> <span class='ocrx_word' id='word_1_652' title='bbox 1479 2194 1675 2229; x_wconf 80' lang='grc' dir='ltr'>πραγμάτωνή</span> <span class='ocrx_word' id='word_1_653' title='bbox 1689 2195 1837 2229; x_wconf 77' lang='grc' dir='ltr'>μαρτυρία,</span> 
     </span>
    </p>
   </div>
   <div class='ocr_carea' id='block_1_93' title="bbox 209 2241 1001 2276">
    <p class='ocr_par' dir='ltr' id='par_1_93' title="bbox 209 2241 1001 2276">
     <span class='ocr_line' id='line_1_93' title="bbox 209 2241 1001 2276; baseline 0 -6"><span class='ocrx_word' id='word_1_654' title='bbox 209 2242 289 2270; x_wconf 91' lang='lat' dir='ltr'><strong>multi</strong></span> <span class='ocrx_word' id='word_1_655' title='bbox 306 2250 337 2269; x_wconf 89' lang='lat' dir='ltr'><strong>ac</strong></span> <span class='ocrx_word' id='word_1_656' title='bbox 351 2241 503 2276; x_wconf 88' lang='lat' dir='ltr'><strong>splendidi,</strong></span> <span class='ocrx_word' id='word_1_657' title='bbox 528 2249 624 2276; x_wconf 79' lang='lat' dir='ltr'><strong>graves</strong></span> <span class='ocrx_word' id='word_1_658' title='bbox 637 2241 811 2269; x_wconf 80' lang='lat' dir='ltr'><strong>exstitimus?</strong></span> <span class='ocrx_word' id='word_1_659' title='bbox 841 2242 919 2275; x_wconf 86' lang='lat' dir='ltr'><strong>Quod</strong></span> <span class='ocrx_word' id='word_1_660' title='bbox 934 2251 1001 2270; x_wconf 79' lang='lat' dir='ltr'><strong>vero</strong></span> 
     </span>
    </p>
   </div>
   <div class='ocr_carea' id='block_1_94' title="bbox 208 2285 1001 2321">
    <p class='ocr_par' dir='ltr' id='par_1_94' title="bbox 208 2285 1001 2321">
     <span class='ocr_line' id='line_1_94' title="bbox 208 2285 1001 2321; baseline -0.001 -6"><span class='ocrx_word' id='word_1_661' title='bbox 208 2286 459 2315; x_wconf 82' lang='lat' dir='ltr'><strong>ecclesiastieorum</strong></span> <span class='ocrx_word' id='word_1_662' title='bbox 473 2293 582 2320; x_wconf 88' lang='lat' dir='ltr'><strong>quoque</strong></span> <span class='ocrx_word' id='word_1_663' title='bbox 596 2285 735 2313; x_wconf 89' lang='lat' dir='ltr'><strong>redituum</strong></span> <span class='ocrx_word' id='word_1_664' title='bbox 749 2291 855 2321; x_wconf 89' lang='lat' dir='ltr'><strong>partem</strong></span> <span class='ocrx_word' id='word_1_665' title='bbox 872 2294 927 2314; x_wconf 90' lang='lat' dir='ltr'><strong>non</strong></span> <span class='ocrx_word' id='word_1_666' title='bbox 941 2287 1001 2314; x_wconf 79' lang='lat' dir='ltr'><strong>exi-</strong></span> 
     </span>
    </p>
   </div>
   <div class='ocr_carea' id='block_1_95' title="bbox 208 2331 1002 2369">
    <p class='ocr_par' dir='ltr' id='par_1_95' title="bbox 208 2331 1002 2369">
     <span class='ocr_line' id='line_1_95' title="bbox 208 2331 1002 2369; baseline 0.001 -9"><span class='ocrx_word' id='word_1_667' title='bbox 208 2341 289 2369; x_wconf 72' lang='lat' dir='ltr'><strong>guam</strong></span> <span class='ocrx_word' id='word_1_668' title='bbox 305 2333 332 2359; x_wconf 92' lang='lat' dir='ltr'><strong>in</strong></span> <span class='ocrx_word' id='word_1_669' title='bbox 343 2331 462 2367; x_wconf 86' lang='lat' dir='ltr'><strong>publicis</strong></span> <span class='ocrx_word' id='word_1_670' title='bbox 470 2331 592 2359; x_wconf 66' lang='lat' dir='ltr'><strong>aediﬁciis</strong></span> <span class='ocrx_word' id='word_1_671' title='bbox 602 2332 865 2367; x_wconf 88' lang='lat' dir='ltr'><strong>consumpserimus,</strong></span> <span class='ocrx_word' id='word_1_672' title='bbox 878 2333 1002 2368; x_wconf 87' lang='lat' dir='ltr'><strong>porticus</strong></span> 
     </span>
    </p>
   </div>
   <div class='ocr_carea' id='block_1_96' title="bbox 209 2378 1002 2414">
    <p class='ocr_par' dir='ltr' id='par_1_96' title="bbox 209 2378 1002 2414">
     <span class='ocr_line' id='line_1_96' title="bbox 209 2378 1002 2414; baseline -0.001 -7"><span class='ocrx_word' id='word_1_673' title='bbox 209 2379 360 2407; x_wconf 80' lang='lat' dir='ltr'><strong>excitantes</strong></span> <span class='ocrx_word' id='word_1_674' title='bbox 379 2381 407 2405; x_wconf 89' lang='lat' dir='ltr'><strong>et</strong></span> <span class='ocrx_word' id='word_1_675' title='bbox 421 2378 539 2410; x_wconf 85' lang='lat' dir='ltr'><strong>lavacra,</strong></span> <span class='ocrx_word' id='word_1_676' title='bbox 557 2382 586 2404; x_wconf 85' lang='lat' dir='ltr'><strong>et</strong></span> <span class='ocrx_word' id='word_1_677' title='bbox 596 2381 694 2412; x_wconf 86' lang='lat' dir='ltr'><strong>pontes</strong></span> <span class='ocrx_word' id='word_1_678' title='bbox 708 2382 894 2411; x_wconf 78' lang='lat' dir='ltr'><strong>exstruentes,</strong></span> <span class='ocrx_word' id='word_1_679' title='bbox 907 2383 935 2406; x_wconf 91' lang='lat' dir='ltr'><strong>et</strong></span> <span class='ocrx_word' id='word_1_680' title='bbox 949 2387 1002 2414; x_wconf 90' lang='lat' dir='ltr'><strong>pu—</strong></span> 
     </span>
    </p>
   </div>
   <div class='ocr_carea' id='block_1_97' title="bbox 209 2424 999 2459">
    <p class='ocr_par' dir='ltr' id='par_1_97' title="bbox 209 2424 999 2459">
     <span class='ocr_line' id='line_1_97' title="bbox 209 2424 999 2459; baseline 0 -7"><span class='ocrx_word' id='word_1_681' title='bbox 209 2425 277 2452; x_wconf 87' lang='lat' dir='ltr'><strong>blici</strong></span> <span class='ocrx_word' id='word_1_682' title='bbox 291 2432 357 2452; x_wconf 90' lang='lat' dir='ltr'><strong>usus</strong></span> <span class='ocrx_word' id='word_1_683' title='bbox 373 2424 426 2451; x_wconf 87' lang='lat' dir='ltr'><strong>alia</strong></span> <span class='ocrx_word' id='word_1_684' title='bbox 440 2428 637 2458; x_wconf 84' lang='lat' dir='ltr'><strong>procurantes,</strong></span> <span class='ocrx_word' id='word_1_685' title='bbox 665 2424 868 2459; x_wconf 76' lang='lat' dir='ltr'><strong>magniﬁcentia</strong></span> <span class='ocrx_word' id='word_1_686' title='bbox 880 2429 926 2453; x_wconf 88' lang='lat' dir='ltr'><strong>tua</strong></span> <span class='ocrx_word' id='word_1_687' title='bbox 944 2432 999 2452; x_wconf 93' lang='lat' dir='ltr'><strong>non</strong></span> 
     </span>
    </p>
   </div>
   <div class='ocr_carea' id='block_1_98' title="bbox 210 2470 1002 2506">
    <p class='ocr_par' dir='ltr' id='par_1_98' title="bbox 210 2470 1002 2506">
     <span class='ocr_line' id='line_1_98' title="bbox 210 2470 1002 2506; baseline -0.003 -8"><span class='ocrx_word' id='word_1_688' title='bbox 210 2471 328 2506; x_wconf 73' lang='lat' dir='ltr'><strong>ignorat.</strong></span> <span class='ocrx_word' id='word_1_689' title='bbox 359 2470 437 2503; x_wconf 87' lang='lat' dir='ltr'><strong>Quod</strong></span> <span class='ocrx_word' id='word_1_690' title='bbox 463 2470 485 2497; x_wconf 84' lang='lat' dir='ltr'><strong>si</strong></span> <span class='ocrx_word' id='word_1_691' title='bbox 509 2474 654 2504; x_wconf 87' lang='lat' dir='ltr'><strong>propterea</strong></span> <span class='ocrx_word' id='word_1_692' title='bbox 682 2470 862 2505; x_wconf 76' lang='lat' dir='ltr'><strong>indignantur</strong></span> <span class='ocrx_word' id='word_1_693' title='bbox 875 2470 1002 2497; x_wconf 88' lang='lat' dir='ltr'><strong>nonnulli</strong></span> 
     </span>
    </p>
   </div>
   <div class='ocr_carea' id='block_1_99' title="bbox 211 2514 1003 2552">
    <p class='ocr_par' dir='ltr' id='par_1_99' title="bbox 211 2514 1003 2552">
     <span class='ocr_line' id='line_1_99' title="bbox 211 2514 1003 2552; baseline 0 -10"><span class='ocrx_word' id='word_1_694' title='bbox 211 2515 284 2552; x_wconf 86' lang='lat' dir='ltr'><strong>quod</strong></span> <span class='ocrx_word' id='word_1_695' title='bbox 295 2515 439 2543; x_wconf 63' lang='lat' dir='ltr'><strong>Phoenices</strong></span> <span class='ocrx_word' id='word_1_696' title='bbox 450 2515 635 2542; x_wconf 85' lang='lat' dir='ltr'><strong>Ecclesiarum</strong></span> <span class='ocrx_word' id='word_1_697' title='bbox 645 2515 651 2524; x_wconf 80' lang='lat'><strong>’</strong></span> <span class='ocrx_word' id='word_1_698' title='bbox 667 2514 774 2542; x_wconf 86' lang='lat' dir='ltr'><strong>ruinam</strong></span> <span class='ocrx_word' id='word_1_699' title='bbox 785 2515 920 2550; x_wconf 79' lang='lat' dir='ltr'><strong>lugemus,</strong></span> <span class='ocrx_word' id='word_1_700' title='bbox 933 2515 1003 2542; x_wconf 86' lang='lat' dir='ltr'><strong>sciat</strong></span> 
     </span>
    </p>
   </div>
   <div class='ocr_carea' id='block_1_100' title="bbox 211 2560 1001 2595">
    <p class='ocr_par' dir='ltr' id='par_1_100' title="bbox 211 2560 1001 2595">
     <span class='ocr_line' id='line_1_100' title="bbox 211 2560 1001 2595; baseline -0.003 -6"><span class='ocrx_word' id='word_1_701' title='bbox 211 2560 373 2595; x_wconf 79' lang='lat' dir='ltr'><strong>magnitudo</strong></span> <span class='ocrx_word' id='word_1_702' title='bbox 387 2564 477 2587; x_wconf 84' lang='lat' dir='ltr'><strong>vestra</strong></span> <span class='ocrx_word' id='word_1_703' title='bbox 486 2581 493 2593; x_wconf 90' lang='lat'><strong>,</strong></span> <span class='ocrx_word' id='word_1_704' title='bbox 520 2568 576 2587; x_wconf 92' lang='lat' dir='ltr'><strong>non</strong></span> <span class='ocrx_word' id='word_1_705' title='bbox 589 2567 668 2595; x_wconf 87' lang='lat' dir='ltr'><strong>posse</strong></span> <span class='ocrx_word' id='word_1_706' title='bbox 680 2567 730 2587; x_wconf 91' lang='lat' dir='ltr'><strong>nos</strong></span> <span class='ocrx_word' id='word_1_707' title='bbox 745 2567 800 2588; x_wconf 91' lang='lat' dir='ltr'><strong>non</strong></span> <span class='ocrx_word' id='word_1_708' title='bbox 812 2561 905 2588; x_wconf 89' lang='lat' dir='ltr'><strong>dolere</strong></span> <span class='ocrx_word' id='word_1_709' title='bbox 914 2581 920 2593; x_wconf 82' lang='grc'><strong>,</strong></span> <span class='ocrx_word' id='word_1_710' title='bbox 939 2569 1001 2588; x_wconf 91' lang='lat' dir='ltr'><strong>cum</strong></span> 
     </span>
    </p>
   </div>
   <div class='ocr_carea' id='block_1_101' title="bbox 211 2606 1003 2639">
    <p class='ocr_par' dir='ltr' id='par_1_101' title="bbox 211 2606 1003 2639">
     <span class='ocr_line' id='line_1_101' title="bbox 211 2606 1003 2639; baseline -0.003 -4"><span class='ocrx_word' id='word_1_711' title='bbox 211 2606 367 2636; x_wconf 59' lang='lat' dir='ltr'><strong>Judaorum</strong></span> <span class='ocrx_word' id='word_1_712' title='bbox 380 2612 466 2633; x_wconf 89' lang='lat' dir='ltr'><strong>cornu</strong></span> <span class='ocrx_word' id='word_1_713' title='bbox 484 2606 511 2633; x_wconf 92' lang='lat' dir='ltr'><strong>in</strong></span> <span class='ocrx_word' id='word_1_714' title='bbox 524 2606 609 2633; x_wconf 87' lang='lat' dir='ltr'><strong>altum</strong></span> <span class='ocrx_word' id='word_1_715' title='bbox 621 2610 745 2633; x_wconf 84' lang='lat' dir='ltr'><strong>erectum</strong></span> <span class='ocrx_word' id='word_1_716' title='bbox 755 2627 762 2639; x_wconf 88' lang='lat'><strong>,</strong></span> <span class='ocrx_word' id='word_1_717' title='bbox 791 2606 963 2633; x_wconf 85' lang='lat' dir='ltr'><strong>Christianos</strong></span> <span class='ocrx_word' id='word_1_718' title='bbox 975 2606 1003 2633; x_wconf 91' lang='lat' dir='ltr'><strong>in</strong></span> 
     </span>
    </p>
   </div>
   <div class='ocr_carea' id='block_1_102' title="bbox 211 2650 1004 2687">
    <p class='ocr_par' dir='ltr' id='par_1_102' title="bbox 211 2650 1004 2687">
     <span class='ocr_line' id='line_1_102' title="bbox 211 2650 1004 2687; baseline -0.001 -9"><span class='ocrx_word' id='word_1_719' title='bbox 211 2651 340 2687; x_wconf 85' lang='lat' dir='ltr'><strong>lacrymis</strong></span> <span class='ocrx_word' id='word_1_720' title='bbox 350 2651 482 2686; x_wconf 82' lang='lat' dir='ltr'><strong>luctuque</strong></span> <span class='ocrx_word' id='word_1_721' title='bbox 491 2651 641 2683; x_wconf 86' lang='lat' dir='ltr'><strong>cernimus,</strong></span> <span class='ocrx_word' id='word_1_722' title='bbox 655 2650 762 2678; x_wconf 83' lang='lat' dir='ltr'><strong>etiamsi</strong></span> <span class='ocrx_word' id='word_1_723' title='bbox 775 2650 808 2679; x_wconf 88' lang='lat' dir='ltr'><strong>ad</strong></span> <span class='ocrx_word' id='word_1_724' title='bbox 820 2650 931 2678; x_wconf 84' lang='lat' dir='ltr'><strong>ultimas</strong></span> <span class='ocrx_word' id='word_1_725' title='bbox 941 2658 1004 2677; x_wconf 86' lang='lat' dir='ltr'><strong>oras</strong></span> 
     </span>
    </p>
   </div>
   <div class='ocr_carea' id='block_1_103' title="bbox 213 2696 1003 2733">
    <p class='ocr_par' dir='ltr' id='par_1_103' title="bbox 213 2696 1003 2733">
     <span class='ocr_line' id='line_1_103' title="bbox 213 2696 1003 2733; baseline 0 -9"><span class='ocrx_word' id='word_1_726' title='bbox 213 2697 409 2725; x_wconf 85' lang='lat' dir='ltr'><strong>transmittant.</strong></span> <span class='ocrx_word' id='word_1_727' title='bbox 438 2697 493 2724; x_wconf 86' lang='lat' dir='ltr'><strong>Nec</strong></span> <span class='ocrx_word' id='word_1_728' title='bbox 515 2705 582 2725; x_wconf 84' lang='lat' dir='ltr'><strong>vero</strong></span> <span class='ocrx_word' id='word_1_729' title='bbox 607 2705 754 2733; x_wconf 87' lang='lat' dir='ltr'><strong>possumus</strong></span> <span class='ocrx_word' id='word_1_730' title='bbox 779 2704 831 2732; x_wconf 93' lang='lat' dir='ltr'><strong>pro</strong></span> <span class='ocrx_word' id='word_1_731' title='bbox 845 2696 1003 2733; x_wconf 84' lang='lat' dir='ltr'><strong>apostolicis</strong></span> 
     </span>
    </p>
   </div>
   <div class='ocr_carea' id='block_1_104' title="bbox 248 2775 480 2809">
    <p class='ocr_par' dir='ltr' id='par_1_104' title="bbox 248 2775 480 2809">
     <span class='ocr_line' id='line_1_104' title="bbox 248 2775 480 2809; baseline -0.004 -4"><span class='ocrx_word' id='word_1_732' title='bbox 248 2775 272 2794; x_wconf 73' lang='lat'><strong>“</strong></span> <span class='ocrx_word' id='word_1_733' title='bbox 285 2777 368 2805; x_wconf 79' lang='lat' dir='ltr'><strong>Marc.</strong></span> <span class='ocrx_word' id='word_1_734' title='bbox 381 2784 416 2809; x_wconf 89' lang='lat' dir='ltr'><strong>tv,</strong></span> <span class='ocrx_word' id='word_1_735' title='bbox 433 2776 480 2804; x_wconf 77' lang='lat'><strong>59.</strong></span> 
     </span>
    </p>
   </div>
   <div class='ocr_carea' id='block_1_105' title="bbox 248 2832 877 2871">
    <p class='ocr_par' dir='ltr' id='par_1_105' title="bbox 248 2832 877 2871">
     <span class='ocr_line' id='line_1_105' title="bbox 248 2832 877 2871; baseline -0.003 -10"><span class='ocrx_word' id='word_1_736' title='bbox 248 2835 305 2871; x_wconf 80' lang='lat'><strong>(05)</strong></span> <span class='ocrx_word' id='word_1_737' title='bbox 319 2833 420 2867; x_wconf 72' lang='grc' dir='ltr'>Κυρῤῳ</span> <span class='ocrx_word' id='word_1_738' title='bbox 434 2832 518 2867; x_wconf 80' lang='lat' dir='ltr'><strong>Neap.</strong></span> <span class='ocrx_word' id='word_1_739' title='bbox 532 2833 644 2865; x_wconf 81' lang='lat' dir='ltr'><strong>rectius,</strong></span> <span class='ocrx_word' id='word_1_740' title='bbox 661 2833 700 2860; x_wconf 92' lang='lat' dir='ltr'><strong>sic</strong></span> <span class='ocrx_word' id='word_1_741' title='bbox 717 2836 744 2860; x_wconf 89' lang='lat' dir='ltr'><strong>et</strong></span> <span class='ocrx_word' id='word_1_742' title='bbox 761 2833 788 2859; x_wconf 93' lang='lat' dir='ltr'><strong>in</strong></span> <span class='ocrx_word' id='word_1_743' title='bbox 802 2839 877 2867; x_wconf 79' lang='lat' dir='ltr'><strong>seqq.</strong></span> 
     </span>
    </p>
   </div>
   <div class='ocr_carea' id='block_1_106' title="bbox 1050 2239 1839 2276">
    <p class='ocr_par' dir='ltr' id='par_1_106' title="bbox 1050 2239 1839 2276">
     <span class='ocr_line' id='line_1_106' title="bbox 1050 2239 1839 2276; baseline 0.001 -10"><span class='ocrx_word' id='word_1_744' title='bbox 1050 2242 1143 2266; x_wconf 85' lang='grc' dir='ltr'>πεῖσαι</span> <span class='ocrx_word' id='word_1_745' title='bbox 1157 2239 1239 2266; x_wconf 78' lang='grc' dir='ltr'>αὐτοῦ</span> <span class='ocrx_word' id='word_1_746' title='bbox 1253 2239 1302 2274; x_wconf 83' lang='grc' dir='ltr'>τὴν</span> <span class='ocrx_word' id='word_1_747' title='bbox 1314 2239 1466 2271; x_wconf 76' lang='grc' dir='ltr'>εὐσέϐειαν,</span> <span class='ocrx_word' id='word_1_748' title='bbox 1482 2240 1519 2272; x_wconf 70' lang='grc' dir='ltr'>ὡς</span> <span class='ocrx_word' id='word_1_749' title='bbox 1534 2240 1619 2275; x_wconf 73' lang='grc' dir='ltr'>ψευδῆ</span> <span class='ocrx_word' id='word_1_750' title='bbox 1635 2239 1669 2266; x_wconf 80' lang='grc' dir='ltr'><strong>τὰ</strong></span> <span class='ocrx_word' id='word_1_751' title='bbox 1686 2241 1745 2267; x_wconf 76' lang='grc' dir='ltr'>καθ’</span> <span class='ocrx_word' id='word_1_752' title='bbox 1760 2241 1839 2276; x_wconf 77' lang='grc' dir='ltr'>ἡμῶν</span> 
     </span>
    </p>
   </div>
   <div class='ocr_carea' id='block_1_107' title="bbox 1049 2285 1839 2321">
    <p class='ocr_par' dir='ltr' id='par_1_107' title="bbox 1049 2285 1839 2321">
     <span class='ocr_line' id='line_1_107' title="bbox 1049 2285 1839 2321; baseline 0.003 -10"><span class='ocrx_word' id='word_1_753' title='bbox 1049 2285 1194 2321; x_wconf 74' lang='grc' dir='ltr'>εἰρημένα.</span> <span class='ocrx_word' id='word_1_754' title='bbox 1224 2285 1292 2312; x_wconf 86' lang='grc' dir='ltr'>Πότε</span> <span class='ocrx_word' id='word_1_755' title='bbox 1321 2285 1375 2320; x_wconf 81' lang='grc' dir='ltr'><strong>γὰρ</strong></span> <span class='ocrx_word' id='word_1_756' title='bbox 1390 2285 1470 2320; x_wconf 75' lang='grc' dir='ltr'>ἡμεῖς</span> <span class='ocrx_word' id='word_1_757' title='bbox 1492 2285 1541 2320; x_wconf 81' lang='grc' dir='ltr'>τὴν</span> <span class='ocrx_word' id='word_1_758' title='bbox 1564 2286 1646 2312; x_wconf 81' lang='grc' dir='ltr'>αὐτοῦ</span> <span class='ocrx_word' id='word_1_759' title='bbox 1669 2286 1839 2321; x_wconf 76' lang='grc' dir='ltr'>γαληνότητα</span> 
     </span>
    </p>
   </div>
   <div class='ocr_carea' id='block_1_108' title="bbox 1051 2330 1840 2367">
    <p class='ocr_par' dir='ltr' id='par_1_108' title="bbox 1051 2330 1840 2367">
     <span class='ocr_line' id='line_1_108' title="bbox 1051 2330 1840 2367; baseline 0.001 -10"><span class='ocrx_word' id='word_1_760' title='bbox 1051 2331 1115 2367; x_wconf 82' lang='grc' dir='ltr'>περὶ</span> <span class='ocrx_word' id='word_1_761' title='bbox 1129 2331 1296 2366; x_wconf 80' lang='grc' dir='ltr'>πράγματος</span> <span class='ocrx_word' id='word_1_762' title='bbox 1313 2330 1521 2365; x_wconf 74' lang='grc' dir='ltr'>ἠνωχλήσαμεν,</span> <span class='ocrx_word' id='word_1_763' title='bbox 1534 2331 1550 2366; x_wconf 80' lang='grc' dir='ltr'>ἦ</span> <span class='ocrx_word' id='word_1_764' title='bbox 1563 2331 1625 2361; x_wconf 68' lang='grc' dir='ltr'>τοὺς</span> <span class='ocrx_word' id='word_1_765' title='bbox 1643 2332 1776 2366; x_wconf 77' lang='grc' dir='ltr'>μεγάλους</span> <span class='ocrx_word' id='word_1_766' title='bbox 1790 2331 1840 2366; x_wconf 71' lang='grc' dir='ltr'><strong>ἄρα·</strong></span> 
     </span>
    </p>
   </div>
   <div class='ocr_carea' id='block_1_109' title="bbox 1051 2375 1839 2413">
    <p class='ocr_par' dir='ltr' id='par_1_109' title="bbox 1051 2375 1839 2413">
     <span class='ocr_line' id='line_1_109' title="bbox 1051 2375 1839 2413; baseline 0 -10"><span class='ocrx_word' id='word_1_767' title='bbox 1051 2385 1158 2413; x_wconf 81' lang='grc' dir='ltr'>χοντας,</span> <span class='ocrx_word' id='word_1_768' title='bbox 1179 2377 1196 2411; x_wconf 81' lang='grc' dir='ltr'>ἢ</span> <span class='ocrx_word' id='word_1_769' title='bbox 1219 2378 1276 2408; x_wconf 81' lang='grc' dir='ltr'>τοῖς</span> <span class='ocrx_word' id='word_1_770' title='bbox 1299 2375 1416 2403; x_wconf 77' lang='grc' dir='ltr'>ὲνταῦοα</span> <span class='ocrx_word' id='word_1_771' title='bbox 1436 2376 1624 2411; x_wconf 82' lang='grc' dir='ltr'>κεκτημένοις,</span> <span class='ocrx_word' id='word_1_772' title='bbox 1642 2376 1749 2408; x_wconf 83' lang='grc' dir='ltr'>πολλοῖς</span> <span class='ocrx_word' id='word_1_773' title='bbox 1765 2375 1839 2404; x_wconf 77' lang='grc' dir='ltr'>οὖσιν</span> 
     </span>
    </p>
   </div>
   <div class='ocr_carea' id='block_1_110' title="bbox 1051 2421 1837 2457">
    <p class='ocr_par' dir='ltr' id='par_1_110' title="bbox 1051 2421 1837 2457">
     <span class='ocr_line' id='line_1_110' title="bbox 1051 2421 1837 2457; baseline -0.001 -8"><span class='ocrx_word' id='word_1_774' title='bbox 1051 2423 1098 2450; x_wconf 75' lang='grc' dir='ltr'>καὶ</span> <span class='ocrx_word' id='word_1_775' title='bbox 1116 2422 1264 2457; x_wconf 82' lang='grc' dir='ltr'>λαμπροῖς,</span> <span class='ocrx_word' id='word_1_776' title='bbox 1283 2421 1375 2457; x_wconf 87' lang='grc' dir='ltr'>βαρεῖς</span> <span class='ocrx_word' id='word_1_777' title='bbox 1391 2422 1557 2456; x_wconf 76' lang='grc' dir='ltr'>ὲγενόμεθας</span> <span class='ocrx_word' id='word_1_778' title='bbox 1573 2423 1633 2449; x_wconf 83' lang='grc' dir='ltr'>’Ὁτι</span> <span class='ocrx_word' id='word_1_779' title='bbox 1647 2422 1676 2449; x_wconf 76' lang='grc' dir='ltr'>δὲ</span> <span class='ocrx_word' id='word_1_780' title='bbox 1691 2423 1736 2448; x_wconf 73' lang='grc' dir='ltr'><strong>καὶ</strong></span> <span class='ocrx_word' id='word_1_781' title='bbox 1754 2423 1837 2452; x_wconf 69' lang='grc' dir='ltr'>πολλὰ</span> 
     </span>
    </p>
   </div>
   <div class='ocr_carea' id='block_1_111' title="bbox 1051 2466 1838 2503">
    <p class='ocr_par' dir='ltr' id='par_1_111' title="bbox 1051 2466 1838 2503">
     <span class='ocr_line' id='line_1_111' title="bbox 1051 2466 1838 2503; baseline -0.003 -9"><span class='ocrx_word' id='word_1_782' title='bbox 1051 2467 1101 2503; x_wconf 83' lang='grc' dir='ltr'>τῆς</span> <span class='ocrx_word' id='word_1_783' title='bbox 1113 2467 1343 2502; x_wconf 73' lang='grc' dir='ltr'>ὲκκλησιαστικῆς</span> <span class='ocrx_word' id='word_1_784' title='bbox 1361 2466 1491 2502; x_wconf 82' lang='grc' dir='ltr'>προσόδου</span> <span class='ocrx_word' id='word_1_785' title='bbox 1506 2467 1546 2498; x_wconf 79' lang='grc' dir='ltr'><strong>είς</strong></span> <span class='ocrx_word' id='word_1_786' title='bbox 1557 2466 1590 2492; x_wconf 78' lang='grc' dir='ltr'><strong>τὰ</strong></span> <span class='ocrx_word' id='word_1_787' title='bbox 1605 2466 1722 2503; x_wconf 77' lang='grc' dir='ltr'>δημόσια</span> <span class='ocrx_word' id='word_1_788' title='bbox 1734 2466 1838 2501; x_wconf 76' lang='grc' dir='ltr'>ἀνηλώο</span> 
     </span>
    </p>
   </div>
   <div class='ocr_carea' id='block_1_112' title="bbox 1053 2511 1839 2548">
    <p class='ocr_par' dir='ltr' id='par_1_112' title="bbox 1053 2511 1839 2548">
     <span class='ocr_line' id='line_1_112' title="bbox 1053 2511 1839 2548; baseline 0 -10"><span class='ocrx_word' id='word_1_789' title='bbox 1053 2521 1140 2548; x_wconf 85' lang='grc' dir='ltr'>σαμεν</span> <span class='ocrx_word' id='word_1_790' title='bbox 1158 2512 1373 2547; x_wconf 70' lang='grc' dir='ltr'>οἰκοδομήματα,</span> <span class='ocrx_word' id='word_1_791' title='bbox 1394 2511 1475 2543; x_wconf 79' lang='grc' dir='ltr'>στοὰς</span> <span class='ocrx_word' id='word_1_792' title='bbox 1496 2511 1648 2547; x_wconf 76' lang='grc' dir='ltr'>ἐγείροντες</span> <span class='ocrx_word' id='word_1_793' title='bbox 1666 2511 1711 2538; x_wconf 86' lang='grc' dir='ltr'><strong>καί</strong></span> <span class='ocrx_word' id='word_1_794' title='bbox 1729 2512 1839 2547; x_wconf 79' lang='grc' dir='ltr'>λουτρὰ,</span> 
     </span>
    </p>
   </div>
   <div class='ocr_carea' id='block_1_113' title="bbox 1053 2557 1839 2592">
    <p class='ocr_par' dir='ltr' id='par_1_113' title="bbox 1053 2557 1839 2592">
     <span class='ocr_line' id='line_1_113' title="bbox 1053 2557 1839 2592; baseline -0.001 -7"><span class='ocrx_word' id='word_1_795' title='bbox 1053 2558 1100 2585; x_wconf 81' lang='grc' dir='ltr'>καὶ</span> <span class='ocrx_word' id='word_1_796' title='bbox 1122 2557 1244 2592; x_wconf 82' lang='grc' dir='ltr'>γεφύρας</span> <span class='ocrx_word' id='word_1_797' title='bbox 1259 2557 1518 2589; x_wconf 77' lang='grc' dir='ltr'>κατασκευάζοντες,</span> <span class='ocrx_word' id='word_1_798' title='bbox 1535 2557 1583 2584; x_wconf 83' lang='grc' dir='ltr'><strong>καὶ</strong></span> <span class='ocrx_word' id='word_1_799' title='bbox 1606 2557 1660 2584; x_wconf 85' lang='grc' dir='ltr'>τῶν</span> <span class='ocrx_word' id='word_1_800' title='bbox 1677 2558 1774 2584; x_wconf 79' lang='grc' dir='ltr'>κοινῶν</span> <span class='ocrx_word' id='word_1_801' title='bbox 1787 2557 1839 2584; x_wconf 81' lang='grc' dir='ltr'>τῶν</span> 
     </span>
    </p>
   </div>
   <div class='ocr_carea' id='block_1_114' title="bbox 1053 2602 1837 2639">
    <p class='ocr_par' dir='ltr' id='par_1_114' title="bbox 1053 2602 1837 2639">
     <span class='ocr_line' id='line_1_114' title="bbox 1053 2602 1837 2639; baseline -0.001 -8"><span class='ocrx_word' id='word_1_802' title='bbox 1053 2604 1141 2631; x_wconf 73' lang='grc' dir='ltr'>ἄλλων</span> <span class='ocrx_word' id='word_1_803' title='bbox 1157 2602 1378 2639; x_wconf 70' lang='grc' dir='ltr'>ἐπιμελούμενοι,</span> <span class='ocrx_word' id='word_1_804' title='bbox 1395 2602 1464 2629; x_wconf 78' lang='grc' dir='ltr'>οἶδεν</span> <span class='ocrx_word' id='word_1_805' title='bbox 1482 2603 1498 2638; x_wconf 82' lang='grc' dir='ltr'>ὴ</span> <span class='ocrx_word' id='word_1_806' title='bbox 1518 2603 1640 2638; x_wconf 79' lang='grc' dir='ltr'>ὑμετέρα</span> <span class='ocrx_word' id='word_1_807' title='bbox 1658 2603 1837 2637; x_wconf 68' lang='grc' dir='ltr'>μεγαλοψυῖα.</span> 
     </span>
    </p>
   </div>
   <div class='ocr_carea' id='block_1_115' title="bbox 1053 2649 1839 2684">
    <p class='ocr_par' dir='ltr' id='par_1_115' title="bbox 1053 2649 1839 2684">
     <span class='ocr_line' id='line_1_115' title="bbox 1053 2649 1839 2684; baseline -0.003 -7"><span class='ocrx_word' id='word_1_808' title='bbox 1053 2651 1084 2677; x_wconf 84' lang='grc' dir='ltr'><strong>Ει</strong></span> <span class='ocrx_word' id='word_1_809' title='bbox 1108 2650 1137 2677; x_wconf 78' lang='grc' dir='ltr'>δὲ</span> <span class='ocrx_word' id='word_1_810' title='bbox 1163 2650 1206 2677; x_wconf 82' lang='grc' dir='ltr'><strong>διὰ</strong></span> <span class='ocrx_word' id='word_1_811' title='bbox 1230 2649 1309 2676; x_wconf 72' lang='grc' dir='ltr'>τοῦτό</span> <span class='ocrx_word' id='word_1_812' title='bbox 1329 2657 1400 2681; x_wconf 82' lang='grc' dir='ltr'>τινες</span> <span class='ocrx_word' id='word_1_813' title='bbox 1420 2649 1655 2684; x_wconf 82' lang='grc' dir='ltr'>δυσχεραίνουσιν,</span> <span class='ocrx_word' id='word_1_814' title='bbox 1673 2649 1714 2675; x_wconf 79' lang='grc' dir='ltr'>ὅτι</span> <span class='ocrx_word' id='word_1_815' title='bbox 1726 2649 1781 2675; x_wconf 75' lang='grc' dir='ltr'>τῶν</span> <span class='ocrx_word' id='word_1_816' title='bbox 1792 2649 1839 2684; x_wconf 76' lang='grc' dir='ltr'><strong>τῆς</strong></span> 
     </span>
    </p>
   </div>
   <div class='ocr_carea' id='block_1_116' title="bbox 1052 2693 1840 2730">
    <p class='ocr_par' dir='ltr' id='par_1_116' title="bbox 1052 2693 1840 2730">
     <span class='ocr_line' id='line_1_116' title="bbox 1052 2693 1840 2730; baseline -0.001 -7"><span class='ocrx_word' id='word_1_817' title='bbox 1052 2695 1177 2730; x_wconf 81' lang='grc' dir='ltr'>Φοινίκης</span> <span class='ocrx_word' id='word_1_818' title='bbox 1198 2693 1365 2729; x_wconf 70' lang='grc' dir='ltr'>Ἐκκλησιῶν</span> <span class='ocrx_word' id='word_1_819' title='bbox 1383 2693 1534 2729; x_wconf 83' lang='grc' dir='ltr'>θρηνοῦμεν</span> <span class='ocrx_word' id='word_1_820' title='bbox 1552 2694 1602 2729; x_wconf 76' lang='grc' dir='ltr'>τὴν</span> <span class='ocrx_word' id='word_1_821' title='bbox 1619 2694 1776 2726; x_wconf 75' lang='grc' dir='ltr'>κατάλυσιν,</span> <span class='ocrx_word' id='word_1_822' title='bbox 1791 2703 1840 2723; x_wconf 73' lang='grc' dir='ltr'>πε-</span> 
     </span>
    </p>
   </div>
   <div class='ocr_carea' id='block_1_117' title="bbox 1092 2828 1395 2866">
    <p class='ocr_par' dir='ltr' id='par_1_117' title="bbox 1092 2828 1395 2866">
     <span class='ocr_line' id='line_1_117' title="bbox 1092 2828 1395 2866; baseline -0.007 -8"><span class='ocrx_word' id='word_1_823' title='bbox 1092 2829 1147 2866; x_wconf 78' lang='lat'><strong>(66)</strong></span> <span class='ocrx_word' id='word_1_824' title='bbox 1162 2830 1209 2856; x_wconf 83' lang='grc' dir='ltr'><strong>τοῦ</strong></span> <span class='ocrx_word' id='word_1_825' title='bbox 1227 2829 1294 2856; x_wconf 77' lang='grc' dir='ltr'>Θεοῦ</span> <span class='ocrx_word' id='word_1_826' title='bbox 1308 2828 1395 2864; x_wconf 74' lang='lat' dir='ltr'><strong>Neap.</strong></span> 
     </span>
    </p>
   </div>
  </div>
