1962 3051
147 167 216 202 1257

789 171 970 201 EPISTOLA
991 173 1106 203 LXXX.

1703 175 1771 208 1258

141 224 246 252 πείσθω
259 223 336 259 ὑμῶν
350 224 379 251 τδ
398 224 521 260 μέγεθος,
536 224 575 256 ὡς
600 225 649 261 οὐχ
672 224 727 252 οἶόν
750 235 778 252 τε
798 228 872 262 ἡμᾶς
891 229 928 264 μὴ

981 228 1156 263 dogmatibus
1170 235 1224 255 non
1241 237 1372 264 pugnare,
1388 238 1525 258 memores
1539 231 1695 266 apostolicte
1708 241 1771 260 seu-
1795 234 1798 236 ⁷

141 272 244 306 ἀλγεῖν,
260 270 382 306 ὁρῶντας
392 271 445 297 τῶν
459 270 592 298 Ἰουδαίων
608 271 639 298 τὸ
651 271 736 307 κέρας
752 273 792 305 εἰς
807 273 873 309 ὕψος
888 275 930 301 αἰ-

143 317 267 353 ρόμενον,
289 315 335 342 καὶ
349 315 411 347 τοὺς
425 315 604 350 Χριστιανοὺς
618 316 646 342 ἐν
659 315 786 352 ὀδυρμοῖς
803 317 848 344 καὶ
862 317 929 353 θρή-

142 371 208 394 νοις.
220 361 270 388 κᾶν
282 363 322 393 είς
332 361 417 393 αὑτὰς
427 361 554 396 πέμψωσι
565 361 612 393 τὰς
622 362 671 397 τῆς
682 363 844 399 οἰκουμένης
852 364 930 399 ἐσχα-

141 407 201 438 τιᾶς
226 407 280 434 Καὶ
294 407 348 433 τῶν
358 406 544 433 ἀποστολικῶν
553 407 581 433 δὲ
592 408 735 443 δογμάτων
749 408 786 444 μὴ
802 409 929 444 ὑπερμα-

140 454 198 487 χεῖν
219 453 249 479 οὐ
268 452 415 488 δυνάμεθα·
432 453 597 488 μεμνήμεθα
611 453 664 489 γὰρ
684 454 734 489 τῆς
749 455 931 489 ἀποστολικῆς

140 498 274 534 λεγούσης
286 499 387 534 φωνῆς·
407 509 416 525 ι
429 499 590 535 Πειθαρχεῖν
604 499 644 526 δεῖ
657 499 714 536 Θεῷ
733 500 835 535 μᾶλλον
848 501 864 536 ἢ
882 501 929 528 ἀν-

141 544 271 580 θρώποις.
291 555 300 571 ι
319 546 374 572 Καὶ
386 545 441 573 τῶν
460 546 578 573 ἐνταῦθα
590 547 620 573 δὲ
634 546 764 582 λυπηρῶν
779 547 809 573 τὺ
825 547 872 574 τοῦ
886 548 931 574 Δε-

143 591 241 617 σπότου
254 591 373 628 Χριστοῦ
386 591 559 627 δικαστήριον
572 593 637 628 ἡμῖν
648 591 845 628 φοῦερὼτερον·
862 593 930 620 ἐκεί-

141 644 179 670 νῳ
191 636 246 672 γὰρ
266 636 367 667 πάντες
383 637 626 672 παραστησόμεθα,
640 637 693 663 τῶν
716 637 868 672 εἰρημένων
883 637 929 664 καὶ

980 274 1073 301 tentia:
1091 283 1098 300 :
1121 284 1129 299 ι
1141 273 1260 301 Obedire
1280 279 1389 309 oportet
1410 276 1465 303 Deo
1481 277 1567 311 magis
1584 284 1665 311 quam
1680 278 1770 305 homi—

979 320 1102 347 nibus“.
1118 330 1127 345 ›
1156 320 1209 347 Sed
1224 324 1251 347 et
1267 321 1300 348 iis
1312 321 1440 349 omnibus
1458 330 1518 357 quae
1533 323 1578 349 hic
1590 324 1688 351 acerba
1706 330 1772 352 sunt

980 364 1182 392 formidabilius
1196 365 1276 393 nobis
1288 370 1329 393 est
1347 366 1454 393 Domini
1468 367 1603 400 tribunal,
1629 368 1673 394 cui
1688 368 1769 396 siste-

980 417 1043 437 mur
1056 418 1161 443 omnes,
1180 410 1314 439 rationem
1330 411 1465 439 reddituri
1477 420 1574 440 eorum
1590 421 1651 448 qua:
1664 414 1770 448 egimus

979 457 1023 483 vel
1036 456 1121 484 locuti
1134 456 1268 484 sumus".
1299 456 1457 485 Tribunalis
1472 458 1546 486 illius
1565 459 1650 494 gratia
1669 460 1765 488 tolera-

980 502 1050 530 biles
1067 503 1148 530 nobis
1161 507 1226 531 sunt
1242 503 1305 531 vitae
1317 505 1460 539 prmsentis
1475 505 1650 533 acerbitates.
1669 506 1770 534 Idonea

979 548 1052 575 enim
1063 547 1226 576 aﬂlictorum
1233 549 1383 576 consolatio
1392 557 1454 584 spes
1462 549 1679 577 cst-futurorum.
1687 550 1772 578 Nobis

979 601 1045 620 vero
1058 593 1171 621 alteram
1183 594 1283 629 adjecit
1295 594 1429 629 benignus
1440 595 1584 628 Dominus,
1596 596 1764 631 magnificen-

980 639 1045 666 tiam
1062 643 1136 666 tuam
1153 639 1205 667 fide
1222 647 1254 667 ac
1267 640 1370 675 pietate
1382 641 1574 668 collucentcm.

140 684 343 720 πεπραγμένων
356 683 471 715 εὐθύνας
487 683 639 717 ὑφέξοντες.
655 684 693 710 Δι’
708 684 795 710 ἐκεῖνο
808 684 837 710 τὸ
850 684 1024 720 δικαστήριον
1042 686 1146 721 φορητὰ
1179 687 1244 721 ἡμῖν
1276 686 1322 713 τοῦ
1340 687 1471 722 παρόντος
1504 687 1562 722 βίου
1595 688 1628 713 τὰ
1648 687 1771 722 σκυθρω-

141 730 191 756 πά.
209 729 345 765 Ἀρκοῦσα
366 729 419 765 γὰρ
442 729 605 764 ψυχαγωγία
630 731 684 761 τοῖς
705 730 893 766 ἀδικουμένοις
912 731 929 765 ἡ
949 730 1003 758 τῶν
1034 732 1184 767 μελλόντων
1199 732 1286 764 ἐλπίς.
1306 732 1387 768 Ἡμῖν
1404 733 1432 759 δὲ
1466 733 1658 768 προστέθεικεν
1680 733 1693 759 6
1714 733 1773 767 φιλ-

140 776 284 812 άνθρωπος
295 775 434 810 Δεσπότης
450 776 496 801 καὶ
512 775 569 810 τῆν’
577 775 714 812 ὑμετέραν
735 776 931 811 μεγαλοφυῖαν,
951 777 1042 804 πίστει
1055 778 1101 804 καὶ
1114 777 1238 814 φιλοθεῖᾳ
1255 778 1498 814 λαμπρυνομένην,

333 832 374 858 Πν.
387 846 421 851 —
433 832 583 865 Ebrpexlqi
598 831 731 866 ὑπάρχῳ.

1149 833 1256 861 LXXX.
1269 849 1304 853 ——-
1318 833 1458 862 Eutreclu'o
1474 835 1602 870 pra-feda.

180 887 341 924 Ἐθαύμασα
354 887 414 914 λίαν
434 887 476 913 ὅτι
491 887 538 919 τὰς
557 887 618 914 καθ’
632 887 712 922 ἡμῶν
732 887 878 919 ἐπιϐουλὰς
897 887 927 914 οὐ

1018 890 1102 917 Valde
1121 890 1237 918 miratus
1255 899 1326 924 sum,
1341 891 1375 919 de
1390 892 1504 920 structis
1525 897 1621 920 contra
1638 901 1689 921 nos
1703 893 1772 921 insi-

140 935 298 971 μεμήνυκεν
315 934 380 969 ἡμῖν
397 933 428 959 τὸ
451 933 583 969 ὑμέτερον
604 933 728 968 μέγεθος,
747 933 783 960 T6
806 933 855 968 μὲν
874 933 930 968 γὰρ

137 981 264 1008 διαλῦσαι
281 979 383 1012 ταύτας
398 978 471 1014 εἶχεν
490 980 553 1011 ἴσως
572 979 715 1006 δυσκολίαν
730 978 801 1012 τινὰ,
816 978 847 1006 τὺ
860 978 929 1013 ψεῦ-

138 1031 184 1063 δος
200 1030 352 1065 ἐξελέγχειν
366 1029 397 1055 οὑ
414 1028 583 1062 δυναμένοις·
599 1027 631 1053 τὺ
647 1027 675 1053 δὲ
691 1026 822 1061 γνωρίσαι
836 1026 869 1052 τὰ
882 1034 929 1052 τυ-

140 1076 285 1112 ρευύμενα,
298 1076 328 1101 οὐ
341 1075 499 1104 δυναστείας
514 1073 641 1109 ἔχρῃζεν,
658 1073 715 1099 ἀλλ’
733 1072 858 1107 εὐνοῖκῆς
871 1072 929 1099 δια-

139 1122 252 1154 θέσεως.
269 1122 324 1149 Καὶ
347 1122 427 1157 ἡμεῖς
461 1120 510 1155 μὲν
530 1120 696 1154 ἠλπίσαμεν,
717 1119 769 1154 τῆς
794 1119 930 1154 ὑμετέρας

133 1163 379 1204 ’μεγαλοπρεπείας
401 1168 441 1198 είς
464 1166 512 1201 τὴν
532 1165 654 1200 βασιλίδα
676 1165 821 1200 κληθείσης
842 1165 928 1194 πόλιν,

141 1215 189 1242 καὶ
204 1214 250 1241 τὸν
271 1213 374 1249 ὑψηλὸν
390 1213 445 1240 τῶν
459 1213 589 1247 ὑπάρχων
613 1211 706 1248 θρόνον
721 1210 856 1246 λαχούσης
870 1210 929 1237 δια-

141 1261 265 1295 κοσμεῖν,
291 1260 381 1286 πᾶσαν
401 1257 631 1294 ὲκκλησιαστικὴν
660 1256 929 1292 κατευνασθήσεσθαι

140 1306 237 1341 ζάλην.
260 1304 460 1340 Ἑπειράθημεν
478 1304 507 1330 δὲ
528 1303 660 1339 θορύόων,
678 1302 725 1335 οὓς
742 1302 803 1329 οὐδὲ
818 1303 846 1328 ὲν
857 1302 929 1338 ἀρχῇ

138 1353 188 1388 τῆς
204 1351 372 1382 διαστάσεως
389 1350 561 1385 ἑωράκαμεν.
579 1350 623 1376 Ἐν
640 1349 748 1385 θρήνοις
763 1347 815 1383 γὰρ
836 1348 864 1374 αί
879 1347 930 1383 τῆς

137 1398 265 1434 Φοινίκης
281 1397 449 1431 Ἐκκλησίαν
462 1397 490 1423 ἐν
504 1395 612 1431 θρήνοις
625 1395 653 1422 δὲ
665 1395 710 1422 καὶ
725 1395 752 1421 αι
766 1393 817 1429 τῆς
830 1393 931 1421 Παλαι-

140 1444 243 1479 στίνης,
259 1443 297 1475 ὡς
316 1443 435 1474 ἅπαντες
452 1441 665 1480 ἀπαγγέλλουσι·
680 1440 754 1475 δηλοῖ
773 1441 801 1468 δὲ
820 1441 850 1467 τὸ
867 1439 931 1466 πέν-

139 1490 185 1521 θος
196 1489 243 1516 καὶ
254 1488 306 1515 τῶν
319 1487 532 1522 Θεοφιλεστάτων
548 1486 704 1513 ἐπισκόπων
715 1486 750 1512 τὰ
763 1485 927 1521 γράμματα.

139 1536 265 1562 Στένουσι
281 1534 308 1561 δὲ
325 1535 350 1561 oi.
365 1533 430 1569 παρ’
447 1534 513 1568 ἡμῖν
526 1533 597 1567 ἆγιοι
612 1532 741 1564 ἅπαντες,
757 1532 803 1558 καὶ
823 1532 877 1563 πᾶς
890 1533 931 1558 εὑ-

139 1581 221 1617 σεόὴς
239 1580 401 1616 ὀλοφύρεται
422 1579 561 1613 σύλλογος·
577 1580 624 1605 καὶ
640 1578 745 1605 παῦλαν
758 1578 813 1604 τῶν
829 1577 928 1613 προτέ-

981 1580 1157 1614 congregatio

140 1636 194 1663 ρων
221 1627 348 1663 ταραχῶν
366 1626 579 1662 προσδοκῶντες,
605 1626 701 1661 ἐτέρας
734 1625 813 1652 πάλιν
837 1625 928 1658 ἐδεξά-

140 1673 219 1708 μεθα.
239 1673 294 1700 Καὶ
308 1672 363 1708 γὰρ
376 1673 456 1707 ἡμεῖς
469 1672 509 1703 είς
520 1671 570 1706 τὴν
582 1671 672 1706 Κύρον
695 1671 928 1706 περιωρίσθημεν,

138 1720 217 1754 εἰπερ
232 1718 330 1753 ἀληθὲς
340 1718 371 1744 τὸ
385 1716 489 1752 δειχθὲν
499 1717 555 1748 (67)
570 1718 636 1752 ἡμῖν
650 1715 702 1752 [τὸ]
715 1716 928 1752 ὐπομνηστικδν,

138 1765 152 1791 ὅ
168 1773 249 1799 φασιν
265 1764 312 1791 ὑπ’
327 1764 410 1791 αὑτοῦ
437 1762 592 1799 γεγράφθαι
608 1763 654 1789 τοῦ
671 1762 826 1789 καλλινίκου
851 1762 929 1798 ἡμῶν

140 1810 280 1846 βασιλέως·
298 1810 353 1845 ἔχει
377 1809 404 1836 δὲ
429 1809 525 1841 οὕτως’
545 1818 554 1836 ι
571 1809 679 1845 Ἐπειδὴ
700 1810 713 1835 6
734 1809 808 1835 δεῖνα
830 1810 844 1835 6
865 1809 930 1844 τῆσ-

139 1857 167 1883 δε
177 1854 227 1890 τῆς
241 1856 344 1888 πόλεως
355 1856 505 1887 ἐπίσκοπος
523 1855 642 1890 συνεχῶς
654 1855 775 1890 ἀθροίζει
793 1855 928 1886 συνόδους,

139 1902 186 1928 καὶ
213 1902 340 1937 ταράττει
373 1901 452 1928 τοῦτο
481 1901 545 1932 τοὺς
582 1900 755 1936 ὀρθοδόξους,
783 1900 852 1935 μετὰ
880 1900 930 1935 τῆς

139 1947 329 1983 προσηκούσης
342 1946 491 1982 ἐμμελείας
510 1946 556 1972 καὶ
576 1946 734 1981 φρονήσεως
751 1945 929 1980 παρασκεύα-

140 2002 186 2020 σον
210 1993 291 2019 αὐτὴν
318 1994 347 2019 έν
370 1994 403 2028 τῇ
432 1993 517 2027 Κύρῳ
546 1991 661 2025 διάγειν,
684 1991 732 2018 καὶ
762 1992 802 2022 είς
831 1991 929 2026 ἑτέραν

141 2039 178 2074 μὴ
195 2039 304 2065 ἀπιέναι
325 2038 412 2066 πόλιν.
432 2048 440 2064 ι
467 2037 538 2072 Ἐγὼ
560 2038 609 2073 μὲν
624 2035 670 2064 οὖν
681 2037 794 2073 ἔστερξα
810 2037 860 2072 τὴν
876 2036 928 2072 ψῆ-

139 2094 199 2119 φον,
217 2085 264 2112 καὶ
279 2084 328 2120 τὴν
343 2084 458 2120 ἡσυχίαν
470 2083 640 2118 ἀσπάζομαι.
657 2083 712 2109 Καὶ
725 2083 860 2118 μαρτυρεῖ
876 2091 927 2117 μου

138 2133 171 2167 τῇ
193 2130 289 2166 γνώμῃ
312 2131 342 2157 τὸ
356 2130 488 2166 ὑμέτερον
515 2129 639 2165 μέγεθος.
653 2127 714 2156 Οίδε
733 2130 787 2164 γὰρ
802 2129 875 2160 ὅπως
889 2129 929 2160 είς

138 2177 187 2212 τὴν
209 2177 373 2212 Ἀντιόχειαν
386 2176 490 2208 εἰσιὼν,
507 2176 682 2207 ἀσυντάκτως
694 2175 794 2211 ἐξῄειν,
808 2175 851 2202 διὰ
866 2175 928 2205 τοὺς

139 2223 261 2257 ἐπισχεῖν
275 2221 368 2248 αὐτόοι
388 2230 421 2257 με
442 2221 629 2256 βουλομένους.
653 2219 800 2255 Ἦδίκησαν
815 2219 844 2245 δὲ
860 2226 928 2254 προ-

133 2263 230 2306 ξφανῶς
246 2269 270 2294 οἱ
286 2269 334 2299 τὰς
350 2268 435 2299 ἀκοὰς
459 2268 591 2303 ἑκατέρας
612 2266 757 2297 δεδωκότες
775 2267 830 2296 τοῖς
845 2273 926 2291 συκο-
946 2255 966 2281 D

133 2313 265 2356 PUNIMC,
283 2314 329 2341 καὶ
348 2313 465 2349 θατέραν
480 2315 545 2349 ἡμῖν
561 2314 592 2340 οὐ
609 2313 785 2348 φυλάξαντες.
804 2312 858 2339 Καὶ
874 2312 928 2347 γὰρ

143 2363 195 2394 τοῖς
207 2360 391 2395 ἀνδροφόνοις,
404 2359 450 2386 καὶ
467 2360 523 2390 τοῖς
534 2359 582 2390 τὰς
597 2359 740 2394 ἀλλοτρίας
754 2358 928 2385 ἀποσυλῶσιν

141 2408 231 2439 εὐνὰς,
248 2406 397 2441 ἀπολογίας
411 2405 515 2432 δέδοται
526 2405 614 2440 χώρα,
631 2405 678 2430 καὶ
694 2404 724 2431 οὐ
739 2404 870 2438 πρότερον
883 2403 927 2429 δέ-

140 2463 230 2491 χονται
247 2453 297 2488 τῆς
316 2452 452 2488 τιμωρίας
473 2451 523 2486 τὴν
546 2451 646 2486 ψῆφον,
660 2450 712 2482 ἓως
729 2449 762 2476 ἂν
777 2449 928 2484 ἐλεγχθῶσι

140 2499 284 2535 παρόντες,
301 2498 318 2534 ἦ
337 2497 599 2532 συνομολογήσωσιν,
613 2496 650 2528 ὠς
667 2496 769 2532 ἀληθὴς
789 2496 805 2531 ἡ
825 2495 928 2531 γραφή.

139 2545 297 2580 Ἀρχιερεὺς
307 2544 336 2570 δὲ
346 2543 429 2570 πέντε
441 2543 489 2570 καὶ
504 2543 590 2569 εἴκοσι
605 2542 794 2578 ὲπισκοπήσας
809 2541 866 2576 ἔτη,
883 2540 930 2566 καὶ

139 2591 184 2618 τδν
209 2591 262 2627 πρὸ
279 2590 374 2618 τούτου
402 2589 498 2625 χρόνον
522 2589 551 2615 ἐν
573 2588 731 2624 ἁσκητηρίῳ
753 2587 864 2622 βιώσας,
879 2587 929 2613 οὐκ

139 2636 286 2672 ἐνοχλήσας
299 2636 364 2663 ποτὲ
376 2635 559 2671 δικαστήριον,
573 2633 634 2661 οὐδὲ
650 2633 727 2668 παρὰ
749 2642 797 2660 του
821 2633 929 2659 πώποτε

139 2681 248 2717 γραφὴν
271 2681 431 2717 ὑπομείνας.
452 2680 635 2715 συκοφαντίας
660 2679 805 2714 γεγένηται
826 2687 931 2714 παραν-

139 2728 247 2763 άλωμα,
260 2728 321 2754 οὐδὲ
340 2729 396 2760 τοῖς
419 2726 610 2763 τυμϐωρύχοις
633 2725 831 2762 παραπλησίως
850 2725 930 2758 ἀξιω-

177 2819 200 2836 "
216 2819 274 2846 Act.
287 2827 313 2850 v,
323 2818 368 2846 ἓξ).
407 2819 429 2834 ⁶⁶
442 2819 521 2846 Rom.
534 2826 587 2850 xtv,
606 2817 646 2845 lO.

179 2898 233 2933 (07)
250 2897 278 2923 τὸ
289 2896 393 2931 δειχθέν
407 2896 498 2928 addidi
512 2903 527 2922 e
542 2896 626 2930 Neap.

263 2944 399 2975 Pn‘nOL.
422 2943 480 2973 Gn.
505 2941 662 2972 LXXXIII.

981 935 1035 963 diis
1048 936 1118 963 nihil
1131 944 1191 964 esse
1205 936 1286 964 nobis
1298 945 1314 964 a
1327 937 1515 972 magnitudine
1530 942 1620 966 vestra
1633 939 1771 974 signiﬁca-

982 986 1049 1009 tum.
1063 982 1172 1010 Etenim
1189 982 1239 1010 has
1253 987 1378 1010 evertere
1395 983 1511 1019 alicujus
1526 984 1640 1012 fortasse
1653 985 1771 1013 ditlieul-

981 1028 1045 1055 tatis
1061 1032 1122 1055 erat
1135 1028 1178 1060 iis,
1192 1028 1239 1063 qui
1252 1027 1360 1055 illarum
1375 1028 1521 1057 falsitatem
1535 1030 1701 1066 redarguere
1716 1040 1772 1060 non

981 1079 1116 1109 possunt:
1135 1074 1169 1101 ad
1186 1083 1217 1102 ea
1234 1082 1299 1102 vero
1319 1075 1424 1110 1137
1439 1076 1584 1104 indicanda
1601 1086 1662 1112 quae
1680 1083 1772 1106 struc-

981 1120 1092 1152 bantur,
1104 1128 1159 1147 non
1172 1120 1293 1155 potentia
1306 1129 1375 1155 opus
1386 1121 1447 1153 fuit,
1456 1122 1504 1149 sed
1517 1122 1650 1151 benevolo
1660 1124 1771 1152 aﬂ‘cctu.

980 1166 1014 1193 Et
1031 1174 1080 1193 nos
1093 1166 1204 1200 quidem
1222 1166 1412 1201 sperabamus,
1430 1175 1493 1194 cum
1513 1167 1540 1194 in
1560 1168 1656 1196 urbem
1670 1170 1771 1204 regiam

981 1213 1085 1240 accitus
1102 1220 1188 1245 esses,
1205 1217 1287 1248 atque
1305 1213 1440 1241 excelsam
1462 1213 1655 1249 prafectorum
1679 1216 1772 1243 sedem
1798 1239 1805 1247 ,

983 1258 1130 1293 regendam
1153 1266 1322 1292 capesseres,
1340 1259 1543 1287 ecelesiasticos
1568 1264 1659 1287 motus
1677 1269 1774 1289 omnes

982 1305 1188 1339 conquieturos.
1198 1304 1305 1332 Atvero
1318 1305 1414 1332 turbas
1425 1305 1528 1339 experti
1543 1313 1648 1338 sumus,
1658 1312 1774 1341 quantas

981 1359 1032 1378 nec
1051 1351 1078 1378 in
1090 1350 1198 1378 diseidii
1213 1350 1327 1378 exordio
1341 1351 1471 1378 vidimus.
1491 1351 1519 1378 ln
1536 1351 1611 1379 luctu
1628 1353 1700 1379 enim
1713 1361 1775 1380 ver-

981 1400 1078 1423 santur
1091 1395 1221 1423 Ecclesiae
1233 1395 1388 1428 Pbmnices,
1400 1397 1558 1431 pariterque
1579 1397 1606 1424 iu
1622 1398 1698 1425 luctu
1714 1406 1775 1433 qua:

981 1441 1009 1468 in
1028 1441 1170 1468 Palaestina
1185 1445 1260 1473 sunt,
1272 1446 1303 1468 ut
1321 1441 1442 1469 referunt
1455 1449 1561 1475 omnes,
1575 1448 1604 1470 et
1618 1444 1664 1471 Dei
1679 1452 1775 1472 aman-

982 1488 1151 1514 tissimorum
1164 1487 1357 1522 episcoporum
1371 1488 1471 1516 littera:
1481 1489 1589 1516 docent.
1599 1489 1718 1517 Gemunt
1726 1491 1775 1525 qui

982 1533 1054 1567 apud
1073 1541 1123 1560 nos
1139 1537 1204 1560 sunt
1222 1533 1310 1560 sancti
1327 1540 1433 1565 omnes,
1446 1534 1602 1569 plangitque
1625 1535 1668 1570 pia
1685 1537 1776 1563 omnis

1187 1589 1193 1606 :
1221 1583 1249 1607 et
1277 1587 1339 1607 cum
1374 1580 1554 1615 pristinarum
1588 1581 1775 1609 molestiarum

985 1625 1065 1653 finem
1088 1630 1322 1661 exspectaremus.
1341 1626 1368 1653 in
1388 1627 1455 1653 alias
1476 1634 1573 1654 rursus
1590 1627 1706 1662 conjecti
1727 1636 1775 1655 su-

984 1680 1054 1699 mus.
1071 1672 1192 1707 Relcgati
1207 1672 1280 1699 enim
1303 1680 1334 1699 ac
1356 1672 1558 1707 circumscripti
1580 1673 1651 1709 Cyro
1668 1681 1776 1707 sumus,

983 1719 1006 1745 si
1032 1726 1128 1745 verum
1153 1722 1195 1745 est
1216 1718 1476 1749 commonitorium,
1502 1718 1575 1752 quod
1601 1719 1775 1754 accepimus.

983 1764 1055 1799 quod
1070 1763 1182 1791 victoris
1198 1763 1284 1798 ipsius
1299 1762 1413 1798 Augusti
1426 1771 1508 1790 manu
1525 1764 1656 1799 scripturn
1674 1764 1775 1797 ferunt,

983 1814 1011 1836 et
1040 1810 1077 1836 ita
1102 1817 1130 1836 se
1158 1808 1267 1836 habet:
1293 1817 1302 1833 ‹
1322 1808 1456 1841 Quoniam
1484 1808 1529 1835 ille
1556 1809 1676 1836 civitatis
1703 1810 1777 1837 illivs

983 1855 1129 1890 episcopus
1158 1854 1268 1881 assidue
1295 1857 1443 1889 congregat
1467 1854 1602 1889 synodos,
1629 1855 1776 1890 turbatque

983 1909 1015 1928 ea
1039 1909 1084 1927 res
1107 1899 1287 1930 orthodoxos,
1306 1898 1340 1926 da
1359 1906 1470 1934 operam
1491 1901 1653 1934 congruenti
1680 1901 1775 1927 mode-

984 1945 1090 1971 ratione
1107 1952 1139 1970 ac
1154 1943 1310 1978 prudentia,
1330 1947 1360 1970 ut
1381 1943 1404 1970 is
1419 1943 1490 1979 Cyro
1509 1952 1538 1971 se
1558 1945 1708 1978 contineat,
1724 1953 1776 1973 nec

983 1989 1016 2016 ad
1028 1988 1108 2015 aliam
1117 1987 1257 2015 civitatem
1275 1988 1491 2023 proticiscaluru
1503 1989 1560 2023 Ego
1571 1989 1654 2025 igitur
1667 1991 1692 2017 in
1711 1999 1776 2018 scn-

984 2033 1068 2061 tentia
1086 2033 1222 2067 acquievi,
1238 2037 1266 2060 et
1284 2033 1405 2067 quietem
1428 2034 1568 2068 amplexus
1585 2042 1656 2062 sum.
1671 2036 1775 2064 Testis-

983 2088 1036 2115 quc
1051 2079 1134 2106 animi
1153 2079 1206 2106 mei
1223 2083 1265 2106 est
1281 2079 1442 2114 magnitudo
1456 2081 1464 2089 '
1480 2084 1535 2107 tua.
1551 2079 1607 2108 Scit
1620 2081 1704 2114 enim,
1721 2090 1775 2116 quo

982 2130 1076 2161 pacto,
1099 2125 1273 2153 Antiochiam
1299 2133 1361 2152 cum
1386 2125 1538 2158 venissem,
1559 2134 1614 2153 non
1640 2127 1775 2154 valedicto

982 2172 1107 2204 exierim,
1128 2176 1241 2206 propter
1257 2173 1308 2198 eos
1328 2171 1375 2205 qui
1391 2179 1434 2199 me
1453 2171 1521 2198 inibi
1542 2172 1664 2199 detinere
1679 2174 1775 2208 cupie-

983 2219 1058 2246 baut.
1076 2218 1130 2246 Sed
1147 2217 1240 2253 injurii
1257 2218 1353 2252 procul
1370 2217 1455 2245 dubio
1471 2218 1592 2251 fuerunt,
1613 2219 1660 2253 qui
1681 2219 1776 2246 ambas

981 2274 1060 2293 aures
1082 2264 1327 2292 calumniatoribus
1342 2263 1489 2296 dederunt,
1502 2272 1554 2292 nec
1567 2265 1679 2292 alteram
1695 2265 1775 2292 nobis

982 2315 1168 2339 reservarunt.
1193 2311 1260 2338 Nam
1286 2314 1314 2337 et
1339 2310 1496 2342 homicidis,
1519 2313 1547 2337 et
1570 2310 1675 2338 alienos
1699 2315 1775 2338 toros

981 2357 1191 2389 invadentibus,
1219 2356 1389 2383 defensionis
1416 2356 1493 2383 locus
1521 2356 1698 2389 conceditur;
1723 2364 1775 2384 nec

981 2405 1059 2440 prius
1085 2402 1270 2430 damnationis
1295 2402 1402 2436 1138
1430 2402 1592 2428 sententiam
1622 2402 1773 2437 excipiunt.

981 2458 1062 2486 quam
1084 2453 1232 2485 praesentes
1253 2447 1372 2475 convicti
1392 2446 1505 2478 fuerint,
1525 2446 1566 2473 vel
1583 2447 1712 2478 confessi,
1728 2455 1775 2474 ve-

984 2504 1042 2524 ram
1054 2503 1114 2523 essc
1129 2494 1360 2522 criminationem.
1375 2492 1409 2520 At
1421 2492 1553 2527 pontifex,
1567 2493 1614 2527 qui
1631 2492 1774 2528 episcopa-

980 2551 1038 2572 tum
1066 2540 1163 2576 viginti
1186 2540 1309 2574 quinque
1334 2537 1414 2565 annis
1437 2537 1535 2572 gessit,
1564 2542 1591 2564 ct
1618 2537 1775 2572 prazcedcus

982 2596 1091 2625 tempus
1113 2588 1140 2614 in
1164 2586 1332 2614 monasterio
1355 2585 1443 2615 duxit,
1460 2583 1506 2619 qui
1521 2592 1573 2611 nec
1593 2583 1681 2610 forum
1698 2584 1775 2619 judi-

981 2635 1051 2663 ciale
1081 2631 1266 2667 interpellavit
1292 2637 1422 2664 unquam,
1438 2637 1489 2656 nec
1515 2629 1549 2655 ab
1571 2628 1628 2654 ullo
1653 2635 1774 2662 unquam

983 2689 1047 2708 rcus
1064 2684 1106 2707 est
1121 2683 1258 2714 peractus,
1278 2676 1422 2704 calumnia:
1442 2675 1530 2702 factus
1549 2677 1591 2701 est
1610 2673 1772 2704 ludibrium,

982 2734 1017 2754 ne
1037 2725 1062 2753 id
1082 2725 1192 2760 quidem
1207 2723 1280 2759 quod
1298 2722 1489 2757 sepulcrorum
1511 2719 1670 2747 eli‘i'actorcs
1686 2719 1775 2747 solent

1588 2933 1627 2963 ιι)
