1962 3051
167 196 233 230 1261

811 192 989 223 EPISTOLA
1009 192 1138 222 LXXXI.

1722 187 1789 218 1262

165 252 327 290 φρονοῦμεν,
346 253 502 279 εἰπάτωσαν
520 252 544 278 ot
557 251 707 287 κρίνοντες.
729 250 804 275 ποῖον
823 248 949 283 φρόνημα

1012 254 1062 273 nus
1074 245 1179 281 1140
1192 253 1240 272 nos
1251 253 1311 279 qua:
1323 244 1467 275 sentimus,
1482 243 1661 283 pronqntient
1670 241 1788 277 judires,

167 298 310 333 συμϐαίνει
324 299 357 333 τῇ
373 297 426 324 τῶν
440 296 596 324 ἀποστόλων
609 295 777 329 διδασκαλία.

207 396 288 423 Ἀλλά
306 404 338 430 γε
353 396 440 423 ταῦτα
456 395 593 431 γέγραφα,
610 395 672 421 οὗτε
692 395 740 429 τὴν
757 394 888 429 μεγίστην
904 394 948 420 πό-

166 442 207 469 λιν
223 442 285 469 ἰδεῖν
300 441 453 476 ἐφιέμενος,
468 441 529 468 οὒτε
548 442 588 473 εις
602 441 684 475 ἄλλην
703 441 808 475 ἀπᾶραι
827 440 953 474 γλιχόμε-

167 496 222 519 νος.
245 487 290 522 Τῷ
315 486 372 514 δντι
396 487 451 522 γὰρ
469 487 569 522 μᾶλλον
586 485 744 520 ἀσπάζομαι
771 485 819 520 τὴν
836 486 952 520 ἡσυχίαν

166 533 221 559 τῶν
237 533 265 558 ἐν
278 532 417 567 μοναχικῴ
433 533 608 567 προσχήματι
628 532 678 564 τὰς
699 531 862 566 Ἑκκλησίας
881 533 953 558 οεκο-

168 580 259 614 νομεῑν
276 578 455 613 βουλομένων.
475 579 554 604 Ἰστω
569 577 622 613 γὰρ
637 577 712 613 ὐμῶδ
730 578 760 604 τὺ
776 577 900 612 μέγεθος,
915 577 952 609 ὡς

167 623 229 650 οὔτε
241 624 287 650 ἐπὶ
302 623 348 650 τοῦ
376 623 588 658 μακαριωτάτου
608 624 653 650 καί
667 624 695 649 ἐν
709 623 796 656 ἁγίοις
814 623 951 655 Θεοδότου,

167 668 229 696 οὔτε
251 669 298 694 ἐπὶ
323 668 369 694 τοῦ
390 668 439 703 τῆς
456 668 594 704 μακαρίας
610 668 721 703 μνήμης
740 668 872 700 Ἰωάννου,
892 667 954 694 οὗτε

169 714 215 741 ἐπὶ
225 714 271 741 τοῦ
290 714 441 748 ἁγιωτάτου
464 713 616 740 ἐπισκόπου
641 714 736 749 κυρίου
752 713 866 748 Δὸμνου,
883 712 954 739 ἑκὼν

169 762 209 792 εἰς
220 760 270 795 τὴν
290 759 456 794 Ἀντιόχειαν
473 759 576 794 εἰσῄειν
590 768 597 774 ’
615 759 682 785 ἀλλὰ
703 759 750 785 καὶ
765 758 896 792 πεντάκις
908 758 954 785 καὶ

169 806 262 838 ἑξάκις
285 804 453 840 καλούμενος
478 805 554 839 μόλις
577 805 728 839 ὑπήκουον·
753 804 800 831 καὶ
819 804 954 840 ὑπήκουον

167 851 208 886 τῷ
222 850 442 886 ἐκκλησιαστικῷ
456 850 548 877 κανόνι
561 850 732 885 πειθόμενος,
747 849 777 881 ὃς
791 849 954 876 κινδυνεύειν

169 896 387 933 παρακελεύεται
405 896 449 922 τὸν
466 896 633 931 καλούμενον
650 897 690 928 εἰς
706 895 825 926 σύνοδον,
841 896 887 922 καὶ
902 903 955 921 πα-

171 931 328 977 ραγῑνεσθαι
344 942 380 977 μὴ
395 941 567 976 βουλόμενον.
582 941 721 973 Εξσιὸντες
745 941 774 967 δὲ
790 941 815 967 τί
831 941 885 967 τῶν
902 941 954 966 ἁπ-
971 931 993 958 Β

169 987 340 1023 αρεσκὸντων
354 986 412 1021 Θεῷ
427 986 635 1021 πεποιήκαμεν;
651 986 691 1012 ὅτι
706 986 751 1012 τὸν
765 986 837 1013 δεῖνα
850 987 896 1012 καὶ
911 986 956 1011 τὸν

168 1033 244 1060 δεῖνα
265 1032 344 1066 σιγῆς
372 1032 448 1065 ἀξίας
474 1032 648 1067 παρανομίας
675 1031 878 1067 τετολμηκότας
902 1031 957 1057 τῶν

169 1078 251 1114 ιερῶν
265 1077 439 1113 ὲχωρίσαμεν
456 1077 634 1112 καταλόγωνς
651 1077 692 1104 ὃτι
715 1077 778 1109 τοὺς
792 1077 957 1112 ἐπαινουμέ-

170 1133 232 1156 νους
247 1125 294 1150 καὶ
310 1123 360 1158 βίῳ
373 1123 578 1159 κοσμουμένους
593 1124 626 1158 τῇ
638 1123 688 1158 τῆς
704 1123 854 1159 ἱερωσύνης
868 1131 959 1158 χειρο-

170 1170 245 1205 τονίᾳ
263 1170 453 1206 προσάγομεν;
472 1170 513 1196 ὃτι
533 1171 590 1201 τοῖς
605 1169 680 1201 λαοῖς
704 1169 752 1205 τὴν
779 1170 959 1205 εὖαγγελικὴν

171 1215 346 1242 διδασκαλίαν
367 1217 577 1252 προσφέρομεν;
603 1216 634 1242 Εἰ
661 1216 747 1242 ταῦτα
766 1217 875 1251 γραφῆς
896 1216 960 1248 ἄξια

172 1261 221 1287 καὶ
235 1261 381 1296 τιμωρίας,
399 1262 446 1287 καὶ
463 1261 511 1292 τὰς
534 1260 643 1296 μείζους
659 1261 728 1296 ὑπὲρ
745 1260 848 1287 τούτων
863 1261 959 1296 ἥδιστα

171 1306 306 1342 τιμωρίας
329 1306 472 1342 δεχόμεθα.
503 1307 583 1333 Ἀλλὰ
601 1307 654 1342 γὰρ
678 1306 862 1341 ἀναγκάζουσι
877 1315 910 1343 με
935 1307 959 1334 οἱ

172 1351 348 1386 συκοφάνται.
373 1351 427 1378 Καὶ
453 1351 505 1387 πρὸ
533 1351 618 1386 αὐτῆς
648 1352 697 1386 τῆς
724 1351 881 1386 συλλήψεως
909 1352 960 1377 ὑπ-

172 1397 281 1432 έσχοντὸ
299 1405 333 1433 με
346 1396 384 1432 τῷ
400 1397 460 1432 θεῷ
478 1398 644 1433 προσφέρειν
660 1398 684 1424 ot
708 1398 853 1432 φύσαντες,
868 1399 914 1424 καὶ
929 1399 960 1425 ἐκ

173 1443 340 1479 σπαργάνων
356 1443 427 1470 κατὰ
444 1444 493 1475 τὰς
509 1443 676 1478 ἐπαγγελίας
694 1443 841 1479 ἀνέθηκαν,
857 1444 960 1479 τροφῆς

171 1488 300 1524 τοιαύτης
315 1488 446 1524 ἠξίωσαν.
463 1489 506 1515 Ἐν
522 1489 696 1524 μοναστηριῳ
709 1489 755 1515 τὸν
773 1489 825 1524 πρὸ
841 1489 891 1524 τῆς
902 1490 961 1515 ἐπι-

175 1534 276 1569 σκοπῆς
289 1534 447 1566 διατελέσας
465 1535 571 1569 χρόνον,
588 1534 662 1561 ἄκων
677 1535 726 1570 τὴν
742 1535 791 1569 τῆς
807 1535 960 1570 ἐπισκοπῆς

173 1578 306 1613 ἐδεξάμην
323 1580 501 1615 χειροτονίαν.
528 1580 613 1606 Πέντε
638 1581 685 1606 καῖ
710 1580 797 1606 εἴκοσι
822 1580 960 1607 διετέλεσα

174 1624 232 1659 ἔτη,
244 1623 306 1650 οὔτε
317 1625 523 1659 κατεντευχθεὶς
535 1625 587 1651 ὑπὸ
598 1633 679 1657 τινος,
691 1625 753 1652 οὔτε
767 1626 960 1661 αἰτιασάμενος

173 1670 276 1705 ἕτερον.
291 1670 328 1697 Οὖ
345 1670 532 1706 προσήδρευσὲ
549 1680 591 1702 τις
605 1671 772 1707 δικαστηρίῳ
785 1671 838 1698 τῶν
853 1672 899 1699 ὑπ’
911 1672 961 1708 ἐμὲ

173 1714 382 1741 εὖλαὸεστάτων
408 1714 546 1750 κληρικῶν
571 1715 600 1740 ὲν
623 1715 762 1747 τοσούτοις
787 1715 886 1743 ἐτεσιν.
905 1716 962 1743 Οὐκ

174 1760 276 1791 ὀϐολὸν,
291 1759 339 1795 οὐχ
355 1761 462 1795 ἱμάτιον
479 1761 553 1795 παρά
563 1768 636 1791 τινος
648 1759 793 1795 ἐδεξάμην.
802 1760 869 1786 Ἐνα
881 1760 962 1795 ἄρτον

174 1804 192 1840 ἢ
208 1804 260 1831 ὠὸν
273 1805 361 1836 οὐδεὶς
375 1804 431 1831 τῶν
458 1805 533 1840 ἐμῶν
553 1805 686 1831 συνοίκων
708 1804 817 1837 ἐδέξατο
840 1804 961 1831 πώποτε.

176 1849 250 1885 Πλὴν
260 1849 315 1876 τῶν
331 1850 434 1886 ῥακίων
446 1847 484 1876 ὧν
495 1849 708 1884 περιϐέϐλημαι,
719 1850 796 1876 οὐδὲν
809 1849 963 1884 κτήσασθαι

175 1895 341 1930 ἠνεσχόμην.
359 1894 497 1930 Δημοσίας
513 1894 593 1925 στοὰς
607 1895 640 1920 ὲκ
657 1895 711 1920 τῶν
728 1894 963 1930 ὲκκλησιαστικῶν

176 1941 315 1976 προσόδων
337 1941 491 1975 ἀνέστησαθ
510 1939 635 1974 γεφύρας
654 1939 700 1966 δύο
717 1940 846 1974 μεγίστας
863 1940 964 1976 ᾠκοδό-

179 1995 265 2022 μησα,
280 1986 401 2019 λουτρῶν
416 1985 589 2020 ἐπεμελήθην
605 1985 706 2012 κοινῶν
719 1993 725 2000 ·
741 1987 772 2012 ἐκ
789 1985 837 2012 τοῦ
856 1987 965 2022 παραρ-

178 2032 286 2068 ρἐντος
305 2030 428 2066 ποταμοῦ
454 2031 504 2066 τὴν
533 2030 610 2057 πόλιν
638 2031 676 2066 μὴ
701 2031 884 2066 ὑδρευομένην
907 2031 963 2068 (72)

178 2077 276 2113 εὑρὼν,
301 2077 347 2103 τὸν
365 2076 474 2111 ἀγωγὸν
498 2076 698 2108 κατεσκεύασα,
713 2077 761 2103 καὶ
779 2077 827 2112 τὴν
850 2077 964 2112 ἄνυδρον

179 2124 255 2151 πόλιν
273 2124 376 2151 ὑδάτων
390 2123 546 2159 ἑπλήρωσα.
567 2123 620 2149 Καὶ
644 2123 688 2149 ἵνα
707 2123 793 2150 ταῦτα
811 2124 963 2154 καταλίπω.

178 2171 275 2206 κώμας
289 2170 362 2196 ὀκτὼ
377 2169 425 2204 τῆς
440 2169 612 2204 Μαρκῖωνος,
630 2169 676 2195 καὶ
696 2168 744 2200 τὰς
769 2169 849 2204 πέριξ
869 2169 965 2204 κειμέ-

178 2216 372 2250 νας,ἀσμένα;
384 2215 440 2249 (75)
470 2215 536 2250 πρὸς
554 2215 604 2250 τὴν
631 2215 762 2249 ἀλήθειαν
788 2215 963 2250 ὲποδήγησα⁹

975 1608 996 1637 ο

1003 299 1127 326 quamam
1144 290 1281 318 sententia
1295 290 1427 317 doctrinae
1446 288 1601 325 apostolica:
1621 288 1656 315 sit
1676 295 1790 314 consen-

1002 340 1092 362 tuneo.

1038 391 1231 418 Verumtamen
1257 389 1314 417 lucc
1339 390 1374 417 ita
1397 391 1505 425 scripsi,
1527 398 1581 418 non
1602 390 1675 425 quod
1697 390 1791 418 videre

1001 436 1110 470 cupiam
1125 436 1271 464 maximam
1291 436 1440 467 civitatem,
1455 437 1497 463 vel
1514 437 1540 463 in
1555 436 1635 463 aliam
1655 436 1791 470 proﬁcisci

1002 481 1167 510 desiderem.
1182 483 1286 510 Revera
1302 483 1375 510 enim
1392 483 1484 517 quiete
1502 482 1592 516 potius
1607 482 1730 509 delector
1744 490 1792 509 eo-

1004 535 1065 554 rum
1077 528 1123 562 qui
1139 528 1166 555 in
1183 532 1254 555 statu
1273 527 1433 555 monachico
1451 527 1586 554 Ecclesias
1599 527 1792 554 administrare

1003 573 1110 600 volunt.
1124 573 1235 601 Noverit
1252 573 1326 600 enim
1346 573 1504 608 magnitudo
1519 577 1576 605 tua,
1594 580 1636 599 me
1651 580 1703 599 nec
1723 576 1793 599 tem-

1004 626 1070 652 pore
1086 619 1237 646 beatissimi
1261 618 1403 652 sanctique
1419 617 1564 650 Theodoti,
1578 625 1628 644 nec
1644 617 1694 644 sub
1708 618 1794 644 beatae

1005 665 1145 692 memoria:
1157 665 1271 697 Joanne,
1286 673 1335 691 nec
1351 665 1402 692 sub
1419 665 1590 692 sanctissimo
1603 665 1732 699 episcopo
1744 664 1794 691 do-

1006 710 1081 737 mino
1110 711 1225 742 Domno,
1253 715 1350 746 sponte
1378 718 1439 738 utea
1463 710 1581 738 intrasse
1604 710 1793 742 Antiochiam,

1005 755 1053 783 sed
1067 757 1214 791 quinquies
1234 764 1265 784 ac
1283 757 1372 784 sexies
1390 761 1514 784 iocatum
1529 757 1573 784 vix
1590 757 1723 792 paruisse.
1743 757 1795 784 Pa-

1006 801 1099 828 rebam
1122 806 1213 828 autem
1238 807 1267 829 ut
1286 802 1474 830 ecclesiastico
1496 803 1594 830 eanoni
1617 803 1794 837 obsequerer,

1006 848 1054 882 qui
1066 855 1143 874 reum
1157 848 1252 876 haberi
1262 848 1341 883 jubet
1353 857 1414 876 eum
1429 849 1476 884 qui
1491 849 1524 877 ad
1537 850 1669 885 synodum
1683 855 1796 878 vocatus

1007 892 1103 920 adesse
1117 894 1248 920 noluerit.
1262 894 1377 929 lngressi
1389 898 1480 922 autem
1499 895 1565 930 quid
1581 896 1686 931 egimus
1700 903 1795 923 eorum

1007 950 1068 977 qua:
1081 943 1137 970 Deo
1151 952 1205 970 non
1223 943 1333 978 placent
1343 945 1353 963 ν
1368 951 1403 970 an
1420 944 1493 978 quod
1507 943 1581 970 hunc
1595 942 1638 969 vel
1652 942 1738 974 illum,
1750 941 1796 976 qui

1009 988 1089 1024 digna
1114 989 1224 1016 silentio
1253 989 1353 1024 ﬂagitia
1382 992 1514 1024 patrarat,
1537 997 1570 1015 ex
1591 988 1676 1015 sacris
1698 987 1798 1014 tabulis

1008 1035 1208 1069 expunximus?
1235 1035 1308 1069 quod
1336 1035 1461 1062 laudatos
1485 1036 1596 1070 vitaque
1621 1034 1741 1061 illustres
1763 1033 1798 1059 ad

1009 1080 1154 1107 sacerdotii
1189 1080 1314 1107 ordinem
1350 1080 1562 1116 promovemus?
1587 1079 1659 1114 quod
1691 1078 1799 1113 populis

1009 1127 1193 1162 evangelicam
1212 1126 1364 1154 doctrinam
1390 1126 1589 1162 proponimus?
1610 1127 1618 1136 '
1640 1125 1667 1152 Si
1688 1132 1801 1152 accusa-

1012 1171 1085 1199 tione
1101 1173 1159 1199 haec
1179 1173 1260 1208 digna
1274 1178 1338 1200 sunt
1354 1177 1381 1200 et
1395 1173 1540 1207 supplicio,
1562 1173 1664 1207 majora
1686 1179 1736 1206 pro
1757 1171 1800 1197 his

1010 1218 1143 1252 supplicia
1159 1218 1277 1245 libenter
1290 1218 1470 1245 admittimus.
1492 1217 1638 1244 Enimvero
1653 1216 1745 1243 dicere
1757 1224 1800 1243 me

1011 1267 1112 1296 cogunt
1139 1263 1322 1298 sycophantae.
1346 1263 1510 1297 Priusquam
1537 1269 1580 1289 me
1611 1261 1799 1296 conciperent,

1011 1307 1152 1335 oblaturos
1169 1316 1197 1335 se
1215 1308 1270 1335 Deo
1288 1308 1401 1343 polliciti
1424 1312 1487 1335 sunt
1502 1311 1640 1342 parentes,
1662 1311 1744 1342 atque
1767 1307 1801 1333 ab

1013 1354 1187 1381 incunabulis
1215 1358 1246 1380 ut
1273 1354 1456 1389 promiserant
1482 1352 1671 1384 dcvoverunt,
1700 1356 1727 1380 et
1751 1353 1801 1380 hoc

1012 1400 1093 1426 modo
1110 1399 1272 1426 educarunt.
1292 1399 1321 1426 ln
1342 1398 1509 1426 monasterio
1529 1402 1636 1433 tempus
1651 1399 1724 1432 quod
1743 1399 1802 1433 epi-

1012 1450 1154 1480 scopatum
1178 1445 1317 1480 praecessit
1344 1452 1406 1472 cum
1434 1444 1595 1479 exegissem,
1614 1442 1717 1471 invitus
1742 1444 1802 1478 epi-

1013 1498 1112 1525 scopus
1129 1491 1273 1518 ordinatus
1295 1498 1366 1518 sum.
1392 1490 1486 1517 Annos
1507 1489 1602 1524 viginti
1623 1489 1746 1524 quinque
1767 1490 1803 1517 ita

1013 1535 1079 1568 vixi,
1091 1541 1121 1562 ut
1137 1543 1225 1571 neque
1238 1536 1265 1562 in
1275 1536 1321 1570 jus
1332 1539 1447 1562 vocatus
1461 1534 1512 1561 sim
1524 1542 1538 1561 a
1552 1541 1701 1569 quoquam,
1714 1541 1804 1569 neque

1015 1583 1073 1616 ipse
1093 1589 1257 1616 quemquam
1280 1581 1442 1608 accusarim.
1462 1580 1559 1607 Nullus
1582 1579 1803 1615 religiosissimo-

1015 1635 1074 1654 rum
1094 1627 1259 1654 clericorum
1273 1626 1320 1662 qui
1335 1625 1388 1653 sub
1404 1633 1447 1652 me
1463 1625 1576 1652 fuerunt
1597 1625 1744 1652 tribunalia
1765 1629 1804 1652 tot

1013 1673 1092 1700 annis
1105 1672 1300 1708 frequentavit.
1315 1671 1375 1699 Non
1387 1671 1510 1704 obolum,
1523 1679 1576 1697 non
1591 1674 1694 1698 vestem
1706 1679 1721 1698 a
1734 1678 1805 1705 quo-

1013 1726 1094 1752 quam
1111 1717 1221 1752 accepi;
1242 1717 1345 1753 1141
1359 1724 1456 1752 panem
1470 1723 1566 1747 unum,
1581 1716 1623 1742 vel
1636 1723 1729 1748 ovum,
1744 1716 1806 1743 nul-

1014 1760 1056 1787 lus
1071 1760 1285 1788 domesticorum
1300 1768 1424 1787 meorum
1440 1760 1547 1794 accepit
1563 1767 1692 1794 unquam.
1705 1760 1806 1787 Przeter

1014 1806 1186 1840 panuiculos,
1203 1807 1304 1841 quibus
1315 1806 1433 1833 amictus
1451 1814 1521 1836 sum,
1540 1806 1608 1832 nihil
1627 1807 1699 1833 volui
1717 1807 1805 1841 possi-

1015 1850 1090 1877 dere.
1111 1850 1239 1878 Publicas
1260 1851 1383 1886 porticus
1403 1858 1437 1877 ex
1457 1851 1593 1878 reditibus
1613 1851 1808 1880 ecclesiasticis

1014 1895 1101 1927 erexi,
1120 1900 1219 1930 pontes
1243 1896 1314 1923 duos
1335 1896 1469 1923 maximos
1491 1896 1624 1927 exstruxi,
1644 1896 1805 1924 balneorum

1015 1940 1188 1974 publicorum
1207 1948 1301 1967 curam
1319 1941 1407 1976 gessi;
1429 1948 1491 1967 cum
1508 1948 1541 1967 ex
1556 1941 1676 1968 alluente
1693 1941 1805 1969 ﬂumine

1015 1994 1100 2021 aquas
1126 1994 1180 2014 non
1207 1987 1381 2015 haurientem
1412 1987 1550 2015 civitatem
1576 1991 1673 2014 nactus
1699 1995 1805 2021 essem,

1015 2031 1208 2066 aquaeductum
1229 2032 1351 2063 condidi,
1368 2037 1397 2059 et
1417 2036 1556 2059 carentem
1576 2032 1655 2066 aquis
1668 2033 1806 2060 civitatem

1016 2077 1094 2112 aquis
1117 2078 1231 2112 replevi.
1256 2078 1345 2112 Atque
1367 2082 1398 2105 ut
1422 2078 1473 2104 ista
1497 2077 1715 2112 praetermittam,
1733 2079 1808 2105 vicos

1016 2127 1078 2150 octo
1094 2118 1246 2150 Marcionis
1263 2123 1360 2150 haeresi
1381 2128 1538 2158 corruptos,
1556 2132 1609 2150 una
1628 2131 1690 2150 cum
1710 2124 1808 2152 vicinis

1017 2169 1101 2200 locis,
1138 2169 1171 2196 ad
1206 2169 1350 2196 veritatem
1381 2169 1505 2196 volentes
1539 2168 1652 2203 perduxi
1680 2177 1686 2195 :
1716 2169 1807 2196 vicum
1838 2190 1839 2193 η

1017 2215 1101 2242 alium
1126 2215 1304 2242 Eunomianis
1321 2215 1464 2246 refertum,
1483 2219 1510 2243 et
1535 2215 1617 2241 alium
1635 2215 1752 2246 Arionis,
1768 2215 1810 2241 di—

179 2262 261 2296 ἄλλην
277 2261 373 2295 κώμην
383 2261 558 2296 Εὑνομιανῶν
574 2261 804 2296 πεπληρωμένην,
819 2261 866 2287 καὶ
881 2261 960 2296 ἄλλην

1018 2260 1088 2288 vina:
1114 2260 1279 2295 cognitionis
1302 2261 1363 2288 luce
1389 2261 1535 2292 illustravi,
1551 2261 1713 2295 nullumque
1737 2262 1808 2295 apud

185 2306 344 2340 Ἀρειανῶν,
364 2305 402 2340 τῷ
427 2307 496 2339 φωτὶ
513 2306 563 2340 τῆς
579 2306 747 2340 θεογνωσίας
777 2307 964 2341 προσήγαγον,

180 2351 228 2378 καὶ
242 2351 286 2377 διὰ
300 2351 350 2385 τὴν
365 2350 440 2376 θείαν
456 2351 535 2386 χάριν
546 2351 607 2377 οὐδὲ
619 2351 648 2377 ἓν
659 2352 722 2386 παρ’
737 2352 804 2387 ἡμῖν
817 2351 966 2386 αἰρετικῶν

182 2396 329 2431 ὑπελείφθη
348 2396 476 2428 ζιζάνιον.
493 2397 548 2422 Καὶ
568 2396 656 2423 ταῦτα
673 2397 723 2423 οὑκ
746 2397 895 2428 ἀκινδύνως
916 2406 965 2424 πε-

181 2443 293 2478 ποίηκα.
306 2442 373 2468 ἀλλὰ
387 2443 417 2468 τὸ
429 2439 499 2476 αἷμά
513 2450 563 2476 μου
580 2442 709 2473 πολλάκις
726 2442 854 2476 ὲκχύσας,
868 2443 967 2469 πολλά-

180 2496 224 2518 κις
240 2486 436 2517 καταλευσθεὶς
452 2487 497 2512 ὑπ’
517 2486 617 2516 αὐτῶν,
631 2487 678 2512 καὶ
701 2487 739 2517 εὶς
759 2487 845 2518 αὑτὰς
860 2488 967 2522 φθάσας

181 2532 227 2559 τού
245 2531 309 2567 ᾅδου
332 2532 382 2563 τὰς
409 2531 506 2563 πύλας.
533 2531 612 2558 Ἀλλὰ
636 2531 691 2566 γὰρ
716 2532 810 2567 ἄφρων
833 2534 968 2569 ἐγενόμην

181 2577 358 2613 καυχώμενος
370 2585 377 2592 ·
392 2577 443 2612 τῆς
457 2577 484 2603 δὲ
513 2577 655 2612 ἀνάγκης,
678 2577 707 2604 ού
734 2578 782 2612 τῆς
802 2577 915 2613 γνώμης
933 2579 968 2606 τὰ

181 2623 325 2658 εἲρημένα.
355 2622 440 2648 Τοῦτο
471 2621 498 2648 δὲ
523 2622 570 2648 καὶ
595 2623 609 2648 ὁ
632 2621 833 2657 τρισμακάριος
863 2622 968 2654 Παῦλος

181 2667 340 2703 ἡιαγκέισθη
357 2667 455 2703 δρᾶσαί
483 2675 564 2698 ποτε,
591 2667 645 2693 τῶν
672 2665 896 2702 κατηγορούντων
917 2667 967 2702 ἐμ-

183 2713 310 2747 φράττων
339 2714 369 2740 τὸ
394 2714 490 2748 στόμα.
509 2713 601 2746 Στέγω
614 2713 642 2738 ὂὲ
672 2712 746 2747 ὅμως
761 2713 811 2747 τὴν
834 2712 966 2739 δοκοῦσαν

183 2758 304 2793 ἀτιμίαν,
317 2759 364 2784 καὶ
377 2759 459 2794 τιμὴν
474 2758 562 2793 ἄκραν
583 2757 767 2792 ὑπολαμεάνω
781 2766 786 2772 ·
805 2758 895 2784 ἀκούω
911 2759 965 2794 γὰρ

222 2859 277 2890 (Ν)
294 2866 330 2892 μη
345 2858 500 2894 addendum
517 2865 586 2894 esse
602 2857 644 2894 vel
671 2866 702 2885 ea
744 2867 804 2892 quae
833 2864 984 2894 sequuntur

185 2892 295 2925 docent,
310 2897 337 2919 et
355 2893 483 2920 habuisse
498 2893 607 2920 videtur
626 2893 780 2920 Vaticanus.

1018 2314 1078 2338 nos,
1104 2307 1152 2333 Dei
1177 2306 1321 2338 beneflcio,
1343 2306 1455 2334 hrcresis
1482 2306 1576 2333 lolium
1604 2306 1730 2333 relictum
1754 2311 1806 2334 est.

1018 2353 1113 2387 Neque
1135 2360 1200 2379 vero
1223 2353 1274 2379 ista
1299 2353 1358 2380 sine
1382 2352 1512 2387 periculis
1540 2352 1664 2386 prmstiti,
1685 2351 1731 2379 sed
1749 2351 1810 2379 fuso

1019 2403 1091 2430 szepe
1115 2403 1176 2422 meo
1198 2395 1341 2430 sanguine,
1358 2395 1494 2430 lapidatus
1517 2395 1552 2422 ab
1573 2395 1614 2422 eis
1632 2399 1764 2429 ρει-ωερε»,
1782 2399 1810 2423 et
1845 2429 1847 2432 γ

1020 2441 1053 2468 ad
1081 2441 1153 2475 ipsas
1178 2440 1236 2467 orci
1261 2446 1354 2475 portas
1379 2440 1522 2474 impulsus.
1549 2440 1650 2467 Verum
1678 2439 1810 2474 insipiens

1020 2487 1108 2514 factus
1124 2494 1195 2518 sum,
1211 2486 1276 2513 dum
1293 2486 1395 2521 glorior
1411 2495 1417 2512 :
1432 2491 1460 2513 at
1472 2486 1637 2513 necessitate
1660 2486 1716 2512 haec
1736 2485 1809 2512 dicta

1019 2536 1093 2562 sunt,
1127 2540 1181 2558 non
1210 2532 1359 2559 voluntate.
1391 2531 1480 2566 Atque
1513 2531 1565 2557 hoc
1598 2531 1690 2565 ipsum
1719 2530 1810 2557 lacere

1019 2577 1166 2612 aliquando
1181 2582 1293 2604 coactus
1305 2581 1346 2604 est
1364 2576 1538 2603 beatissimus
1556 2576 1667 2605 Paulus.
1685 2580 1714 2602 ut
1727 2583 1810 2603 accn-

1019 2623 1138 2650 santium
1151 2631 1182 2650 os
1195 2624 1362 2659 obstrueret.
1378 2622 1447 2650 Fero
1461 2627 1552 2649 tamen
1571 2622 1641 2648 hanc
1658 2629 1719 2656 qum
1732 2621 1810 2656 igno-
1831 2652 1835 2658 '

1021 2667 1105 2695 minia
1117 2668 1238 2699 videtur,
1250 2672 1277 2695 et
1292 2675 1430 2695 summum
1447 2667 1578 2694 honorem
1595 2667 1675 2694 duco.
1693 2666 1810 2700 Aposto-
1829 2659 1836 2677 ⁸

1020 2713 1102 2740 licam
1114 2713 1188 2740 enim
1205 2721 1300 2740 vocem
1319 2713 1401 2740 audio
1416 2713 1578 2740 clan'anlem
1595 2720 1601 2737 :
1624 2721 1631 2736 ι
1651 2711 1751 2738 Omnes
1763 2709 1810 2744 qui

1018 2760 1062 2795 pie
1078 2761 1174 2787 volunt
1194 2760 1286 2787 vivere
1311 2760 1339 2787 in
1367 2759 1476 2787 Christo
1501 2758 1564 2786 Jesu
1589 2757 1810 2793 persecutionem

1078 2860 1133 2894 (73)
1153 2860 1277 2896 ἀσμένως
1295 2860 1379 2894 Neap.
1398 2864 1425 2886 et
1444 2860 1527 2886 \‘atic.

1449 2980 1474 2992 J
