1962 3051
160 194 229 225 1263

654 194 896 224 THEODORETI
917 194 1085 224 EPISCOI‘I
1105 195 1287 225 CYRENSIS

1727 189 1797 222 12⁵64

159 255 300 285 patientur
317 251 348 276 “.
365 259 373 275 ι
395 250 480 276 Tuam
498 254 588 276 autent
605 250 835 285 magniﬁcentiam
849 258 908 282 oro,
923 254 946 276 ut

1004 250 1055 284 τῆς
1078 251 1261 286 ἁποστολικῆς
1286 251 1390 286 βοώσης
1413 250 1521 284 φωνῆς·
1543 259 1551 274 ι
1572 247 1676 279 Πάντες
1699 248 1724 273 o7.
1753 247 1801 273 θέ-⁴

159 294 408 322 ecclesiasticarum
433 301 525 320 rerum
545 301 638 321 curam
661 293 802 328 suscipiat,
823 298 849 320 et
864 299 952 321 ortam

160 341 237 368 sedet
247 344 439 374 tempestatem
455 348 461 366 τ
478 347 571 366 revcra
584 339 658 366 enim
679 348 730 367 nec
748 341 776 367 in
795 340 854 374 ipso
869 339 952 366 disci-

158 386 196 413 dii
213 385 326 413 exordio
341 389 413 412 tanta
431 384 581 411 Eeclesiam
604 385 693 412 tenuit
710 386 845 412 confusio.
867 385 953 412 Nemo

159 432 236 458 vobis
253 431 439 466 periculorum
463 431 568 466 1142
590 432 807 467 magnitudinem
829 432 952 466 exponit,

157 476 378 503 Christianorum
395 475 442 510 qui
459 476 485 502 in
501 476 630 503 l‘hmnice
643 481 707 504 sunt
721 477 820 508 luctus,
837 477 952 504 sanctis-

159 522 293 548 simorum
315 521 387 556 apud
411 529 460 548 nos
482 522 681 549 monachorum
695 523 844 549 “lamenta.
866 521 951 555 Quam

159 568 195 594 ob
212 575 322 595 causam
340 568 464 603 longiore
482 575 548 595 usus
563 576 622 595 sum
641 569 776 601 oratione,
795 572 825 595 ut
846 567 954 602 cognita

160 613 347 641 Ecclesiarum
373 613 509 648 procella,
532 613 602 640 hanc
632 614 835 649 magniﬁcentia
863 616 955 640 vestra

158 663 315 693 componat,
330 662 358 686 et
373 659 555 693 prodeuntem
574 659 637 686 inde
651 660 798 687 utilitatem
817 659 918 694 capiat.

1005 296 1097 328 λοντες
1114 295 1164 332 ζῇν
1192 296 1310 328 εὐσεϐῶς
1328 296 1357 323 ὲν
1389 295 1500 332 Χριστῷ
1518 293 1617 330 Ἰησοῦ,
1633 288 1807 326 διωχθήσονιι

1003 350 1058 368 ται.
1072 351 1081 368 ι
1097 341 1152 377 Τὴν
1168 342 1352 378 δὲμὺμετέραν
1372 341 1614 377 μεγαλοπρέπειαν
1629 337 1795 372 παρακαλῶ,

1005 386 1150 421 φροντίσαι
1161 387 1215 413 τῶν
1231 386 1466 422 ὲκκλησιαστικῶν
1485 384 1669 421 πραγμάτων,
1687 383 1734 409 καὶ
1748 381 1797 417 τὴν

1004 433 1199 459 ὲπαναστᾶσαν
1220 432 1388 460 κατευνάσαι
1404 432 1503 467 ζάλην·
1523 431 1562 466 τῷ
1583 431 1639 457 Eri-rt
1659 431 1715 464 γὰρ
1736 427 1798 454 οὐδὲ

1003 479 1033 505 ἐν
1054 478 1197 515 ἀρχῇ,τῆς
1224 479 1392 511 διαστάσεως
1416 478 1528 512 τοιαύτη
1554 478 1603 512 τὴν
1631 473 1798 509 Ἐκκλησίαν

1005 525 1138 551 κατέλαϐε
1155 525 1298 560 σύγχυσις.
1323 524 1418 556 οὐδεὶς
1439 524 1512 558 ὑμᾶς
1533 523 1654 549 διδάσκει
1669 521 1723 548 τῶν
1740 529 1797 547 κιν-

1004 569 1090 597 δύνων
1107 571 1138 596 τὸ
1157 571 1281 606 μέγεθος,
1303 571 1358 597 τῶν
1383 571 1411 598 ὲν
1427 569 1539 604 Φοινίκῃ
1552 567 1725 604 Χριστιανῶν
1739 565 1797 602 (ἹᾹ)

1005 615 1068 646 τοῦς
1084 615 1212 651 θρὴνους,
1224 617 1278 644 τῶν
1295 616 1360 652 παρ’
1370 617 1438 652 ἡμῖν
1448 615 1608 650 ἁγιωτάτων
1624 613 1798 649 μοναζόντων

1005 661 1067 692 τοὺς
1083 661 1229 697 ὀδυρμούς.
1245 659 1282 689 Οὗ
1293 662 1325 696 δὴ
1338 662 1418 698 χάριν
1436 661 1484 688 καὶ
1497 660 1619 687 πλείοσιν
1634 658 1799 695 ἐχρησάμην

159 706 260 740 λόγοις,
281 707 325 733 ἵνα
355 706 480 742 μαθοῦσα
506 707 583 742 ὑμῶν
607 708 624 743 ἡ
652 708 822 742 μεγαλ.οφυῖα
854 707 909 733 τῶν
935 707 1104 743 Ἐκκλησιῶν
1137 710 1183 737 τὸν
1207 710 1341 743 κλύδωνα,
1366 709 1534 745 καταπαύσῃ
1559 708 1663 740 τοῦτον,
1679 707 1726 734 καὶ
1749 705 1798 740 τὴν

159 751 282 778 ἐντεῦθεν
297 751 430 786 ὠφέλειαν
448 752 640 788 καρπὼσηται.

274 807 405 834 LXXXII.
415 823 450 827 —
464 808 573 835 Eusebio
587 809 705 844 episcopo
719 809 841 844 Ancyra.

194 876 343 911 Sperabam
370 884 414 904 me
436 877 550 904 crebras
575 877 627 904 hoc
655 881 777 912 tempore
797 877 950 904 sanctitatis

159 926 212 949 tua:
237 922 343 949 litteras
367 927 555 956 accepturum.
583 922 831 950 Manifestissimam
848 923 950 957 quippe

1053 810 1118 838 HB’.
1133 827 1168 831 -—
1186 811 1322 844 Εὐσεϐἷῳ
1337 811 1493 844 ἐπισκόπῳ
1513 810 1660 844 ’Λγκύρας
1675 809 1742 844 (75).

1044 866 1168 892 Ἤλπισα
1186 866 1290 902 συχνὰς
1313 867 1342 893 έν
1369 866 1408 902 τῷ
1425 866 1540 901 παρόντι
1567 865 1655 900 καιρῷ
1669 864 1797 898 δέξασθαι

1004 911 1054 946 τῆς
1072 912 1121 947 σῆς
1145 912 1302 947 ἁγιωσύνης
1327 911 1481 943 ἐπιστολάς.
1514 910 1720 946 Προδηλοτάτην
1742 910 1797 944 γὰρ

158 968 323 995 calumniam
337 968 410 1002 passi
425 976 487 995 cum
510 975 633 995 essemus
643 989 649 1000 ,
671 968 790 995 fraterna
806 968 946 1003 egebant":

1006 957 1246 993 ὑπομεμενη-κότες
1259 957 1454 992 συκοφαντίαν,
1467 956 1632 991 παραψυχῆς
1649 955 1797 990 ἀδελφικῆς

158 1013 357 1040 consolatione.
382 1013 490 1040 Etenim
507 1014 554 1048 qui
577 1013 733 1044 Marcionis,
755 1017 782 1040 et
803 1012 951 1044 Valentini,

156 1062 185 1085 et
193 1058 494 1094 Manetis,aliorumque
503 1059 659 1086 Doeitarum
669 1059 786 1086 haeresin
798 1059 848 1086 hac
859 1063 952 1086 nostra

158 1103 320 1138 tempestate
338 1109 481 1136 renovant,
497 1112 568 1138 aegre
592 1104 712 1131 ferentes
732 1104 847 1131 haeresin
870 1112 885 1131 a
908 1112 951 1131 me

157 1155 235 1175 suam
251 1151 345 1182 aperte
356 1148 503 1179 confutari,
514 1149 688 1182 imperatoris
702 1156 782 1175 aures
796 1148 950 1175 circumve—

158 1193 217 1219 nire
227 1192 317 1219 conati
333 1195 407 1224 sunt,
417 1191 561 1218 haereticos
572 1199 623 1218 nos
633 1191 812 1226 appellantes,
823 1195 850 1217 et
864 1196 948 1217 unum

156 1237 303 1264 Dominum
328 1241 452 1264 nostrum
476 1237 569 1264 Jcsum
597 1236 748 1267 Christum,
778 1236 950 1263 incarnatunt

157 1283 243 1310 Deum
255 1283 387 1316 Verbum,
399 1283 427 1309 in
437 1283 507 1310 duos
521 1282 592 1310 ﬁlios
602 1283 725 1310 dividere
738 1283 947 1310 calumniantes.

157 1328 211 1355 Sed
219 1329 310 1356 verbis
318 1329 386 1360 suis,
394 1333 424 1356 ut
431 1329 589 1364 sperabant,
598 1336 652 1356 non
662 1333 867 1363 persuaserunt.
875 1329 949 1362 Qua-

159 1382 187 1401 re
198 1375 330 1409 scriptum
343 1378 385 1402 est
392 1374 632 1402 commonitorium
639 1374 910 1409 magniﬁcentissimo
922 1379 950 1402 et

157 1420 355 1455 gloriosissimo
370 1420 501 1456 magistro
515 1420 631 1447 militum
645 1420 763 1453 consuli,
778 1420 889 1447 lnercsis
905 1429 950 1448 ac-

152 1465 328 1492 cusationem
353 1466 457 1492 nullam
479 1465 634 1497 continens,
658 1466 706 1493 sed
729 1466 797 1493 alias
817 1467 948 1500 quasdam

157 1518 271 1542 causas,
295 1518 397 1546 easque
423 1511 514 1538 falsas.
538 1511 664 1546 Synodos
683 1512 755 1538 enim
775 1511 884 1539 aiebant
906 1519 949 1538 me

157 1554 315 1589 frequentes
337 1555 408 1590 apud
433 1555 607 1583 Antiochiam
631 1564 796 1589 convoearc,
817 1561 845 1584 et
865 1565 895 1584 ea
920 1565 948 1585 re

157 1600 259 1628 offendi
278 1601 438 1632 nonnullos;
459 1601 571 1635 proinde
589 1602 732 1636 quiescere
751 1610 794 1629 me
810 1607 947 1637 oportere,

156 1652 185 1674 et
200 1647 360 1674 commissas
373 1647 441 1674 mihi
461 1647 597 1674 Ecdcsias
613 1647 775 1681 gubernare.
792 1648 849 1675 Hoc
866 1648 948 1683 igitur

157 1696 268 1719 ostenso
290 1691 356 1718 mihi
378 1691 599 1723 commonitorio,
614 1691 754 1719 decretum
770 1693 846 1719 velut
861 1692 948 1719 bono-

158 1744 218 1763 rum
240 1735 342 1762 l‘ontcm
366 1736 481 1770 arripui.
506 1736 627 1762 Primum
649 1737 721 1763 enim
749 1737 948 1772 optatissimam

158 1781 265 1817 1143
284 1781 404 1815 quietem
426 1781 515 1815 recepi
534 1790 540 1808 :
555 1781 654 1809 deinde
669 1783 769 1810 multas
785 1791 866 1818 spero
882 1792 949 1818 pec-

153 1831 280 1854 catorum
296 1833 421 1853 meorum
435 1826 523 1853 elutas
538 1835 597 1854 esse
612 1828 733 1855 maculas
751 1834 863 1863 propter
881 1837 948 1856 con-

155 1869 294 1896 cinnatam
315 1870 342 1896 in
361 1877 404 1897 me
419 1878 435 1897 a
449 1870 574 1898 veritatis
595 1871 721 1898 hostibus
735 1873 946 1907 improbitatem.

154 1914 282 1942 Ostendit
302 1919 394 1942 autem
416 1922 471 1942 non
496 1915 613 1943 obscure
633 1918 756 1945 omnium
779 1919 947 1952 moderator,

151 1965 285 1995 quantam
301 1968 496 1996 oppressorum
513 1962 596 1989 etiam
613 1962 640 1989 in
657 1963 707 1990 hac
723 1964 776 1991 vita
789 1972 883 1992 curam
900 1974 947 2000 ge—

155 2009 207 2032 rat.
227 2005 295 2032 Nam
313 2013 375 2033 cum
396 2006 482 2040 quieti
502 2014 656 2041 ageremus,
676 2009 826 2044 patriaeque
846 2010 948 2038 ﬁnibus

152 2051 372 2086 circumscripti,
395 2057 478 2087 atque
497 2052 650 2081 Orientales
666 2062 763 2082 omnes
787 2061 945 2089 manerent,

153 2101 182 2124 ct
202 2097 302 2125 acerbo
324 2097 351 2124 in
372 2097 448 2125 luctu
468 2104 569 2131 essent,
587 2100 634 2127 scd
659 2100 741 2128 silere
759 2101 794 2128 ob
816 2102 946 2137 injectum

154 2147 256 2171 metum
272 2148 436 2179 cogerentur
448 2144 519 2179 (qua:
535 2146 608 2173 enim
623 2151 698 2181 gesta
716 2147 742 2174 in
761 2155 810 2174 nos
826 2148 945 2181 fuerant,

154 2193 287 2215 terrorem
309 2189 438 2216 omnibus
461 2194 619 2225 luctumque
638 2191 835 2226 incusserunt),
853 2193 945 2224 Domi-

151 2242 206 2262 nus
222 2234 279 2269 ipse
295 2235 328 2262 de
346 2235 416 2262 ccelo
439 2236 589 2270 prospexit,
601 2240 629 2263 et
640 2237 785 2264 calumnia:
800 2245 943 2267 auctorum

1005 1003 1146 1038 ἐδεόμεθα.
1170 1004 1201 1030 Οἱ
1222 1003 1277 1039 γὰρ
1302 1003 1351 1039 τὴν
1367 1002 1542 1039 Μαρκίωνος,
1560 1002 1608 1029 καὶ
1624 1002 1796 1033 Βαλεντίνου,

1006 1050 1052 1076 καὶ
1067 1050 1205 1085 Μὰνητος,
1221 1050 1270 1077 καὶ
1286 1049 1341 1077 τῶν
1365 1049 1453 1076 ἄλλων
1482 1048 1603 1076 Δοκιτῶν
1627 1049 1734 1084 αἰρεσιν
1751 1048 1798 1074 ἐπὶ

1005 1094 1051 1120 τοῦ
1071 1095 1206 1129 παρόντος
1225 1094 1432 1129 ἀνανεούμενοι,
1449 1093 1671 1129 δυσχεραίνοντες
1691 1092 1732 1119 ὅτι
1748 1092 1798 1128 τὴν

1005 1140 1112 1175 αἵρεσιν
1138 1140 1228 1167 αὐτῶν
1248 1140 1378 1176 ἄντικρυς
1399 1139 1606 1175 στηλιτεύομεν,
1625 1139 1797 1173 ἐξαπατῆσαι

1003 1187 1052 1216 τὰς
1071 1185 1213 1221 βασιλικὰς
1232 1186 1420 1222 ἐπειράθησαν
1440 1186 1537 1218 ἀκοὰς,
1553 1185 1797 1221 αἱρετικοὺςημᾶς

1004 1233 1216 1265 ἀποκαλοῦντες,
1229 1233 1277 1260 καὶ
1294 1233 1333 1264 είς
1350 1232 1397 1258 δύο
1420 1232 1542 1267 μερίζειν
1567 1231 1643 1262 υἱοὺς
1662 1238 1795 1264 συκοφαν-

1002 1278 1113 1310 τοῦντες
1131 1278 1176 1305 τδν
1193 1278 1242 1304 ἕνα
1259 1277 1363 1312 Κύριον
1383 1276 1462 1312 ἡμῶν
1486 1275 1591 1311 Ἰησοῦν
1606 1275 1735 1311 Χριστὸν,
1750 1275 1796 1301 τὸν

1003 1325 1255 1360 ἐνανθρωπήσαντα
1283 1323 1350 1350 Θεὸν
1379 1323 1476 1356 Λόγον.
1510 1321 1581 1348 Ἀλλ’
1605 1321 1656 1348 οὑκ
1683 1322 1796 1348 ἔπεισαν

1003 1370 1098 1404 ὥσπερ
1115 1370 1231 1405 ῆλπισαν
1245 1364 1429 1402 λέγοντες.()ὒ
1446 1368 1479 1403 δὴ
1496 1367 1576 1403 χάριν
1593 1367 1796 1402 ὑπομνηστικδν

1002 1416 1111 1451 ἐγράφη
1123 1415 1161 1450 τῷ
1176 1415 1464 1450 μεγαλοπρεπεστάτῳ
1479 1414 1525 1440 καὶ
1537 1413 1701 1447 ἐνδοξοτάτῳ
1714 1421 1796 1448 στρα-

1001 1462 1078 1497 τηγῷ
1096 1461 1143 1488 καὶ
1166 1461 1222 1497 (76)
1252 1461 1360 1496 ὑπάτῳ,
1384 1460 1519 1496 αἱρέσεως
1550 1460 1600 1495 μὲν
1626 1458 1795 1494 κατηγορίαν

1000 1507 1129 1541 οὐδεμίαν
1156 1506 1226 1542 ἕχον,
1242 1507 1324 1538 ἄλλας
1337 1506 1366 1533 δέ
1391 1515 1468 1538 τινας
1498 1506 1598 1538 αἰτίας,
1616 1505 1664 1532 καὶ
1692 1503 1796 1535 ταύτας

999 1553 1117 1587 ψευδεῖς.
1135 1552 1266 1584 Συνόδους
1298 1552 1352 1587 γὰρ
1379 1551 1472 1587 ἔλεγόν
1491 1560 1524 1587 με
1553 1551 1653 1586 συχνὰς
1678 1550 1719 1582 είς
1745 1550 1794 1585 τὴν

1007 1598 1176 1633 Ἀντιόχειαν
1197 1597 1379 1633 συναγείρειν,
1405 1597 1451 1624 καὶ
1481 1597 1560 1623 τοῦτό
1585 1604 1663 1628 τινας
1687 1596 1794 1628 λυπεῖν,

1001 1645 1049 1670 καὶ
1064 1643 1109 1670 διὰ
1134 1643 1214 1670 τοῦτο
1238 1643 1336 1679 χρῆναί
1363 1651 1397 1678 με
1424 1642 1538 1678 ἡσυχίαν
1563 1642 1651 1676 ἄγειν,
1669 1641 1717 1668 καὶ
1745 1641 1795 1672 τὰς

1000 1689 1246 1724 ἐγκεχειρισμένας
1261 1689 1415 1723 οἰκονομεῖν
1436 1687 1613 1723 Ἐκκλησίας.
1630 1687 1732 1714 Τούτου
1750 1694 1795 1721 μοι

999 1737 1089 1762 τοίνυν
1115 1735 1162 1762 τοῦ
1189 1735 1394 1770 ὑπομνηστικοῦ
1421 1733 1585 1769 δειχθέντος,
1609 1733 1723 1768 ἥρπασα
1744 1733 1794 1768 τὴν

999 1781 1100 1816 ψῆφον,
1114 1780 1152 1812 ὡς
1175 1779 1306 1816 πρόξενον
1331 1779 1453 1814 ἀγαθῶν.
1468 1779 1580 1814 Πρῶτον
1609 1778 1658 1813 μὲν
1676 1778 1731 1814 γὰρ
1745 1777 1794 1812 τὴν

998 1827 1162 1862 τριπόθητον
1175 1826 1312 1853 ἀπέλαϐον
1332 1825 1458 1860 ἡσυχίαν.
1478 1822 1545 1851 Εἶτα
1560 1825 1588 1851 δὲ
1603 1824 1701 1856 πολλὰς
1717 1824 1792 1851 ἐλπί-

999 1873 1039 1905 ζω
1065 1872 1120 1899 τῶν
1147 1873 1193 1899 ὑπ’
1225 1871 1291 1908 ἐμοῦ
1324 1870 1578 1907 πλημμεληθέντων
1599 1869 1792 1905 ἐξαλειφθῆναι

999 1919 1112 1953 κηλῖδας
1129 1918 1172 1945 διὰ
1187 1918 1237 1953 τὴν
1250 1917 1428 1952 τυρευθεῖσαν
1442 1916 1503 1943 καθ’
1522 1917 1601 1951 ἡμῶν
1617 1915 1724 1942 ἀδικίαν
1740 1915 1792 1942 ὑπὸ

998 1964 1052 1991 τῶν
1068 1965 1118 2000 τῆς
1135 1964 1264 1998 ἀληθείας
1276 1963 1391 1999 ἐχθρῶν,
1406 1962 1511 1994 Ἐδειξε
1528 1962 1556 1988 δὲ
1570 1963 1617 1989 καὶ
1634 1962 1693 1989 λίαν
1711 1963 1791 1998 ὲναρ-

998 2011 1055 2045 τῶς
1071 2011 1121 2037 κάν
1132 2010 1171 2045 τῷ
1184 2009 1299 2046 παρόντι
1319 2009 1369 2044 βίῳ
1383 2008 1437 2035 τῶν
1450 2008 1519 2034 ὅλων
1530 2009 1544 2035 ὀ
1563 2007 1709 2043 Πρύτανις,
1726 2008 1792 2042 ὅσην

998 2057 1053 2084 τῶν
1068 2056 1254 2091 ἀδικουμένων
1278 2056 1397 2082 ποιεῖται
1423 2053 1600 2088 ηδεμονίαν.
1624 2052 1718 2087 Ἦμῶν
1737 2052 1790 2088 γὰρ

997 2103 1114 2138 ἡσυχίαν
1128 2102 1260 2136 ἀγόντων,
1277 2101 1324 2128 καὶ¹
1348 2100 1413 2127 εἵσω
1437 2099 1491 2126 τῶν
1512 2099 1562 2133 τῆς
1575 2098 1706 2133 πατρίδος
1721 2098 1791 2133 ὅρων

997 2149 1183 2185 εἰργομένων,
1205 2149 1252 2175 καὶ
1274 2148 1326 2174 τῶν
1347 2146 1416 2173 κατὰ
1447 2145 1498 2180 τὴν
1520 2143 1667 2180 ’Λνατολὴν
1681 2143 1791 2171 πάντων

997 2195 1156 2230 ἀνιωμὲνων
1181 2195 1240 2230 μὲν,
1263 2195 1310 2221 καὶ⁸
1325 2192 1432 2229 πικρῶς
1453 2191 1644 2227 ὀδυρομένων,
1663 2190 1743 2224 σιγᾷν
1763 2189 1791 2216 δὲ

997 2241 1041 2267 διὰ
1055 2241 1085 2267 τὸ
1105 2239 1260 2276 προσπεσὸν
1285 2239 1343 2270 δέος
1357 2237 1575 2273 ἠναγκασμένων
1596 2235 1640 2270 (τὰ
1658 2235 1714 2269 γὰρ
1729 2233 1791 2261 καθ’

152 2280 317 2308 calumniam
341 2281 490 2316 redarguit,
504 2285 585 2316 atque
606 2282 716 2317 impiam
738 2284 846 2311 illorum
869 2294 944 2314 men-

1001 2286 1076 2322 ἡμῶν
1099 2285 1281 2320 γεγενημένα,
1311 2285 1341 2311 τὸ
1366 2284 1415 2318 τῆς
1441 2283 1542 2314 δειλίας
1567 2283 1651 2309 πᾶσιν
1678 2281 1790 2315 ἐνέθηκε

152 2331 207 2354 tem
227 2327 366 2361 patefecit.
386 2327 432 2354 Isti
448 2331 476 2354 et
488 2328 681 2356 Alexandriam
694 2335 791 2358 contra
813 2339 862 2359 nos
877 2340 944 2360 con-

152 2372 283 2405 citarunt,
295 2373 417 2400 omnium
433 2373 547 2401 auribus
560 2382 607 2408 per
618 2374 715 2410 dignos
727 2375 793 2411 ipsis
805 2377 944 2406 ministros

150 2417 319 2453 ingerentes,
335 2426 386 2446 nos
398 2426 449 2453 pro
465 2427 521 2446 uno
536 2419 605 2447 duos
624 2420 695 2448 ﬁlios
712 2422 871 2456 przedicare.
888 2424 944 2459 Ego

152 2471 216 2490 vero
227 2463 262 2490 ab
277 2463 444 2491 exsecranda
458 2465 508 2492 hac
520 2466 656 2493 sententia
671 2471 775 2494 tantum
791 2467 899 2501 absum,
914 2474 943 2496 ut

150 2517 213 2536 cum
231 2509 340 2544 aliquos
353 2517 368 2536 e
385 2510 487 2537 sanctis
499 2511 506 2520 ‘
521 2511 659 2543 Patribus,
673 2512 719 2546 qui
736 2513 807 2546 apud
823 2513 939 2542 Niczeatn

150 2558 348 2586 convenerant,
367 2555 502 2583 adversus
517 2556 575 2583 Arii
592 2557 731 2584 vesaniam
749 2558 776 2585 in
792 2558 871 2587 libris
884 2560 943 2588 suis

150 2598 334 2633 disputantes,
350 2600 386 2627 ob
407 2606 564 2636 susceptum
592 2606 687 2629 contra
712 2603 773 2630 illos
801 2609 941 2633 certamen

149 2647 270 2675 coactos,
283 2644 367 2671 nimia
390 2652 454 2671 usos
473 2645 609 2673 divisione
628 2647 854 2681 animadvertam,
871 2657 942 2684 aegre

151 2689 247 2722 ieram,
262 2694 288 2716 et
303 2689 465 2717 divisionem
480 2691 614 2727 ejusmodi
631 2701 686 2719 non
701 2693 844 2720 admittam
858 2703 864 2720 :
876 2695 941 2722 novi

186 2766 208 2781 η
221 2766 282 2793 Act.
298 2774 361 2799 xxv,
379 2767 423 2794 16.

255 2844 286 2882 l_n
302 2844 397 2882 Vatica
408 2844 477 2882 forte
490 2845 672 2882 {uerita-36752;
685 2847 867 2882 Χριστιανῶν.

187 2878 242 2913 (75)
257 2880 350 2906 Exstat
363 2880 446 2906 etiam
461 2880 519 2907 hzec
541 2881 656 2914 cpistola
675 2882 702 2908 in
712 2878 826 2910 'Baronii
848 2883 941 2911 Amm-

157 2913 220 2941 'ibus
235 2913 267 2940 ad
279 2921 343 2940 ann.
361 2914 424 2946 “'5,
439 2919 504 2941 tom.
521 2913 564 2946 Vl,
582 2923 609 2950 ρ.
630 2917 672 2949 15,
690 2917 785 2945 Latine
802 2918 908 2946 reddita
926 2927 941 2946 e

997 2332 1078 2367 δέος),
1097 2331 1178 2363 αὐτὸς
1193 2332 1207 2357 ὁ
1231 2330 1333 2366 Κύριος
1352 2330 1383 2356 ὲκ
1396 2329 1444 2355 τοῦ
1467 2328 1584 2364 οὐρανοῦ
1605 2327 1728 2361 διέκυψε,
1744 2326 1791 2353 καὶ

996 2376 1050 2403 τῶν
1065 2377 1114 2411 τὴν
1134 2375 1318 2409 συκοφαντίαν
1347 2373 1508 2408 ὑψηνάντων
1527 2373 1577 2408 τὴν
1603 2371 1790 2406 συκοφαντίαν

995 2421 1130 2456 διήλεγξε,
1146 2421 1194 2447 καὶ
1208 2420 1238 2446 τὸ
1249 2418 1378 2450 δυσσεϐὲς
1389 2419 1479 2445 αὐτῶν
1491 2418 1633 2453 ἐγύμνωσε
1647 2417 1787 2452 φρόνημα.

996 2464 1077 2494 Οὗτοι
1095 2466 1141 2493 καὶ
1166 2466 1216 2502 τὴν
1239 2465 1444 2500 Ἀλεξάνδρειαν
1457 2463 1611 2497 ὲξώπλισαν
1625 2462 1687 2488 καθ’
1699 2461 1788 2496 ἡμῶν,

995 2514 1042 2540 καὶ
1057 2513 1106 2544 τὰς
1125 2512 1234 2539 πάντων
1250 2511 1334 2542 ἀκοὰς
1355 2509 1554 2545 περιδομϐοὖσι
1569 2508 1614 2535 διὰ
1632 2508 1686 2534 τῶν
1706 2507 1790 2539 ἀξίων

996 2558 1086 2585 αὐτῶν
1102 2557 1258 2591 ὑπουργῶν,
1270 2556 1308 2587 ὡς
1325 2556 1405 2590 ἡμεῖς
1418 2555 1475 2582 ἀνθ’
1488 2555 1546 2586 ἑνὸς
1556 2554 1605 2581 δύο
1617 2553 1789 2589 κηρύττομεν

995 2603 1081 2633 υἱούς.
1099 2601 1170 2636 Ἐγὼ
1184 2601 1212 2628 δὲ
1225 2600 1354 2627 τοσοῦτον
1371 2599 1467 2634 ἀπέχω
1483 2599 1530 2626 τοῦ
1551 2598 1676 2634 μυσαροῦ
1692 2597 1787 2624 τούτου

997 2647 1180 2683 φρονήματος,
1202 2647 1242 2673 ὅτι
1258 2646 1302 2672 καί
1318 2654 1393 2676 τινας
1416 2644 1470 2672 τῶν
1488 2645 1575 2679 ἁγίων
1591 2644 1720 2679 Πατέρων
1733 2642 1788 2669 τῶν

996 2696 1024 2722 ἐν
1039 2695 1141 2730 Nimia
1156 2693 1376 2729 συνεληλυθότων
1391 2692 1516 2728 εὑρηκὼς
1531 2691 1600 2727 πρδς
1613 2691 1663 2726 τὴν
1681 2689 1787 2726 ’Δρείου

995 2850 1090 2877 codice
1103 2850 1244 2878 Vaticano.

1031 2886 1087 2925 (76)
1105 2886 1150 2912 καί
1170 2885 1244 2912 addit
1263 2884 1344 2920 Neap.
