1962 3051
153 149 221 181 1273

152 259 187 277 κα
200 249 276 276 Θείαν
290 250 340 285 μὲν
354 249 546 279 ἀποκαλοῦσιν,
562 248 600 279 ὼς
614 248 661 274 τοῦ
683 247 750 274 Θεοῦ
762 247 857 281 λΛόγου
881 246 937 282 (δι)

149 297 239 331 σάρκα
255 295 453 330 γεγενημένην·
479 295 510 321 τὸ
533 294 562 320 δὲ
581 294 621 325 εἰς
646 293 772 328 οεότητος
791 292 876 328 αὐτὴν
891 301 939 327 με·

147 330 329 376 ταϐεὸλῆσθαι
349 340 439 375 φύσιν,
451 340 489 371 ὠς
509 339 607 369 ἀσεϐὲς
620 339 856 374 ἀποκηρύττουσιν
870 338 938 373 (55).
972 330 975 333 I

185 387 245 412 ’Ότι
259 386 286 412 δὲ
301 386 347 412 καὶ
360 387 374 412 ό
385 386 435 420 τῆς
452 384 590 420 μακαρίας
604 384 659 420 (56)
679 385 790 419 μνήμης
804 383 939 419 Κύριλλος

147 434 277 464 πολλάκις
293 434 359 468 ἡμῖν
381 431 552 463 ἐπέστειλεν,
578 429 654 466 οἶμαι
684 430 731 457 καὶ
753 431 802 465 τὴν
819 429 868 465 σὴν
890 438 939 456 σα-

150 479 209 513 φῶς
223 474 322 504 εἰδέναι
345 477 502 512 τελειότητα
522 476 590 511 (57).
608 477 663 502 Καὶ
674 476 755 511 ἡνίκα
770 475 798 502 δὲ
820 475 854 502 τὰ
868 474 940 501 κατὰ

154 523 300 550 Ἶουλιανοῦ
321 522 526 557 συγγράμματα
540 522 580 552 εἰς
601 521 650 555 τὴν
672 520 838 555 Ἀντιόχειαν
858 519 941 546 ἐκπέ-

149 578 259 604 πομφεν
279 568 354 602 (58),
373 567 504 599 ὡσαύτως
526 567 555 593 δὲ
577 567 626 594 καὶ
650 566 685 593 τὰ
700 567 739 598 εἰς
754 565 800 593 τὸν
816 566 940 599 ἀποπομ-

149 617 228 642 παῖον
249 614 400 651 γραφέντα,
417 613 462 640 τὸν
479 613 614 648 μακάριον
628 611 729 648 ᾔτησεν
750 611 877 645 Ἰωάννην
895 610 941 637 τὸν

148 660 199 696 τῆς
214 660 374 695 Ἀντιοχέων
390 659 447 695 (59)
463 659 623 689 ἐπίσκοπον,
640 657 771 690 ἐπιδεῖξαι
786 656 871 683 ταῦτα
885 654 940 690 (40)

149 709 205 739 τοῖς
227 707 300 734 κατὰ
324 707 372 742 τὴν
388 705 459 741 ἑῴαν
484 705 666 741 διαπρέπουσι
693 703 873 735 διδασκάλοις,
895 702 942 730 καὶ

153 753 185 789 δὴ
199 754 256 785 τοῖς
277 753 438 788 γράμμασιν
458 751 533 783 εἴξας
558 752 572 777 ὁ
598 751 732 786 μακάριος
753 749 878 785 Ἰωάννης
892 749 940 775 πέ-

152 806 259 833 πομφεν
274 799 341 833 ἡμῖν
362 796 411 828 τὰς
436 796 555 831 βίϐλους,
577 796 623 822 καὶ
642 795 803 829 ἀναγνόντες
821 793 942 828 ὲοαυμά-

154 852 251 878 σαμεν,
284 842 331 869 καὶ
351 841 547 876 ἐπεστείλαμεν
576 840 632 876 (41)
655 840 693 875 τῷ
722 840 770 875 τῆς
786 858 788 861 .
803 839 941 874 μακαρίας

154 889 264 924 μνήμης
287 887 423 924 Κυρίλλῳ·
443 887 491 913 καὶ
507 886 661 922 ἀντέγραψε
680 886 735 921 (42)
760 885 841 912 πάλιν
864 885 940 920 ἡμῖν,

153 934 200 961 καὶ
211 934 354 970 ἁκρίὃειαν
366 935 432 969 ἡμῖν
448 933 496 960 καὶ
511 932 629 960 διάθεσιν
646 931 803 968 μαρτυρῶν·
821 931 869 958 καὶ
888 930 942 956 σὼ-

152 980 230 1012 ζεται
248 979 335 1006 ταῦτα
347 979 381 1006 τὰ
397 979 549 1014 γράμματα
564 978 628 1013 παρ’
644 978 719 1012 ἡμῖν.

191 1025 252 1052 ’Ότι
275 1024 303 1052 δὲ
321 1024 378 1060 (45)
401 1024 449 1051 καὶ
471 1025 528 1055 τοῖς
544 1023 606 1058 περῖ
621 1021 770 1057 Νεστορίου
785 1021 941 1056 ὕπαγορευ-

154 1071 223 1098 θεῖσι
237 1070 332 1106 τόμοις
347 1070 399 1097 ὑπὸ
412 1069 460 1096 τοῦ
473 1070 522 1105 τῆς
533 1068 672 1104 μακαρίας
687 1068 799 1103 μνήμης
818 1067 942 1094 Ἰωάννου

153 1117 194 1149 δὶς
210 1116 420 1152 ὑπεγράψαμεν,
439 1114 624 1151 μαρτυροῦσιν
641 1114 706 1149 ἡμῖν
719 1113 855 1148 αἱχεῖρες.
873 1111 942 1138 Ἀλλ’

153 1161 226 1191 οὗτοι
241 1163 329 1191 ταῦτα
348 1163 412 1198 περὶ
425 1162 504 1198 ἡμῶν
517 1160 673 1197 θρυλλοῦσι,
692 1160 741 1196 τὴν
752 1159 856 1187 οἰκείαν
866 1159 943 1185 νόσον

154 1210 186 1245 τῇ
205 1208 267 1236 καθ’
283 1208 362 1244 ἡμῶν
375 1206 545 1242 συκοφαντίᾳ
559 1204 715 1238 συσκιάζειν
729 1204 906 1240 πειρώμενοι.

214 1254 423 1289 Αποατραφήτω
456 1253 512 1288 (44)
538 1252 629 1278 τοίνυν
653 1252 670 1287 ἦ
699 1251 733 1286 σὴ
758 1250 867 1285 ὁσιότης
887 1249 943 1285 (45)

153 1300 217 1332 τοὺς
234 1298 292 1335 (ιθ)
305 1299 452 1330 λαλοῦντας
465 1297 495 1325 τὸ
507 1297 616 1332 ψεῦδος,
631 1297 678 1323 καὶ
692 1297 741 1332 τῆς
753 1296 944 1331 ἐκκλησιαστι-

154 1345 207 1380 κῆς
218 1344 385 1380 φροντιζέτω
398 1343 532 1379 γαλήνης,
547 1343 594 1370 καὶ
610 1342 674 1373 τοὺς
694 1340 866 1376 διαφθείρειν
885 1340 945 1366 ἐπι-

156 1390 314 1426 χειροῦντας
341 1389 396 1425 (47)
421 1389 471 1424 τῆς
499 1388 628 1424 ἀληθείας
655 1387 688 1414 τὰ
706 1387 839 1422 δόγματα,
857 1386 873 1421 ἢ
889 1387 946 1417 τοῖς

158 1436 329 1469 ἀλεξικάκοις
340 1436 516 1472 θεραπευέτω
527 1434 694 1469 φαρμάκοις,
705 1433 722 1468 ἢ
733 1433 783 1468 τὴν
796 1432 945 1468 Βεραπείαν

157 1482 194 1518 μὴ
214 1481 387 1517 δεχομένους,
415 1481 453 1513 ὡς
478 1480 638 1515 ἀνηκέστως
663 1478 864 1514 διακειμένους,
891 1478 945 1505 τῶν

775 149 957 179 EPISTOLA
977 150 1140 180 LXXXIII.

150 204 224 234 θείας
241 203 404 239 κηρύττουσι
422 203 539 237 φύσεως,
557 202 603 228 καὶ
618 201 666 237 τὴν
682 201 850 237 Δεοποτικὴν
867 201 934 234 σάρ-

1002 206 1100 234 actam;
1132 201 1206 228 illam
1233 204 1324 228 autem

1711 148 1778 180 127ιὶ

1354 201 1364 210 ‘
1385 199 1413 226 in
1438 199 1590 227 divinitatis
1615 208 1777 229 universam

989 247 1075 274 fuisse
1088 251 1227 279 naturam,
1239 247 1315 274 velut
1326 245 1440 280 impium
1454 246 1597 281 rejiciunt.

1025 379 1115 406 Beata:
1130 385 1213 412 porro
1225 377 1362 404 memoriae
1381 376 1513 412 Cyrillum
1537 383 1608 410 δεῖρε
1622 376 1655 403 ad
1670 384 1720 403 nos
1735 376 1779 403 ἰὴν

991 429 1064 451 teras
1079 424 1188 451 dedisse
1205 427 1379 458 perspectum
1402 426 1453 454 est,
1472 422 1582 457 opinor,
1609 422 1780 449 excellentiae

993 473 1056 496 tuae.
1071 468 1124 495 Sed
1138 472 1165 495 et
1180 467 1291 502 quando
1304 474 1368 494 suos
1383 467 1516 494 adversus
1529 466 1670 494 Julianum
1693 466 1782 493 libros

991 514 1066 541 misit
1077 513 1260 544 Antiochiam,
1277 512 1462 546 similiterque
1487 512 1589 539 librum
1604 512 1638 539 de
1664 512 1781 539 emissa—

992 561 1045 592 rio,
1067 559 1170 594 1151
1198 559 1309 586 beatum
1334 558 1467 586 Joannem
1490 559 1598 592 rogavit
1619 559 1781 593 episcopum

992 605 1206 637 Antiochenam,
1224 609 1255 632 ut
1269 605 1332 632 illos
1347 604 1476 639 spectatis
1488 611 1537 639 per
1559 603 1701 632 Orientem
1719 612 1779 631 ma-

992 651 1085 687 gistris
1109 649 1279 681 ostenderet,
1316 649 1473 683 litterisque
1497 648 1653 683 obscqucns
1683 649 1782 676 beatus

993 697 1113 724 Joannes
1133 695 1213 723 nobis
1230 695 1316 722 libros
1339 694 1426 725 misit,
1446 701 1515 728 quos
1543 694 1668 728 legentes
1684 701 1784 728 suspe-

994 743 1093 773 ximus,
1108 746 1136 768 et
1163 741 1249 768 beatae
1275 740 1415 767 memoriae
1439 739 1541 774 Cyrillo
1562 739 1739 774 scripsimus:
1753 744 1783 766 et

993 788 1039 815 ille
1057 787 1091 814 ad
1108 795 1159 814 nos
1176 786 1329 820 rescripsit,
1360 785 1587 820 diligentiamque
1607 793 1638 812 ac
1661 785 1781 812 benevo—

995 834 1111 860 lentiam
1124 837 1247 860 nostram
1260 831 1482 859 commendavit:
1503 839 1564 866 qua:
1588 831 1687 858 littera:
1709 830 1783 865 apud

960 876 978 902 Β
993 887 1043 906 nos
1059 882 1216 906 servantur.

1029 1031 1107 1064 Quod
1119 1037 1184 1057 vcro
1198 1028 1300 1056 libellis
1312 1027 1346 1055 de
1356 1027 1483 1055 Nestorio
1501 1025 1649 1062 publicatis
1661 1033 1676 1052 a
1693 1025 1782 1051 beata:

993 1076 1134 1104 memoria:
1149 1076 1265 1105 Joanne.
1283 1074 1327 1101 bis
1349 1072 1576 1107 subscripsimus,
1593 1078 1691 1098 manus
1716 1070 1785 1104 ipsa:

994 1126 1097 1150 nostra:
1114 1124 1261 1148 testantur.
1273 1119 1325 1146 Sed
1339 1119 1391 1154 ipsi
1403 1119 1468 1145 talia
1482 1117 1515 1145 de
1526 1117 1607 1144 nobis
1622 1119 1780 1145 susurrant,

995 1168 1042 1203 qui
1058 1168 1125 1194 vitia
1141 1174 1190 1194 sua
1205 1160 1419 1199 calumnia,'qua
1447 1171 1498 1191 nos
1522 1166 1630 1198 petunt,
1653 1161 1785 1196 obtegere

994 1215 1147 1242 enituntur.

1030 1260 1121 1293 Quare
1138 1263 1280 1287 aversetur
1293 1256 1424 1284 sanctitas
1442 1259 1487 1282 tua
1508 1255 1655 1289 loquentes
1672 1251 1786 1279 menda-

996 1306 1080 1338 cium,
1098 1309 1126 1332 et
1143 1303 1338 1332 ecclesiasticae
1356 1300 1565 1336 tranquillitatis
1584 1306 1677 1326 curam
1696 1296 1785 1324 susci-

997 1352 1063 1387 piat,
1080 1358 1183 1385 cosque
1198 1349 1246 1385 qui
1265 1348 1416 1375 instituunt
1431 1346 1558 1374 veritatis
1584 1345 1711 1380 dogmata
1726 1350 1787 1370 cor—

997 1404 1136 1432 rumpere,
1150 1399 1198 1422 aut
1211 1394 1380 1422 salutaribus
1399 1397 1478 1420 curet
1500 1389 1721 1421 medicamentis,
1739 1392 1787 1415 aut

997 1443 1169 1471 curationem
1178 1444 1337 1467 recusantes
1351 1442 1480 1473 tanquam
1494 1435 1660 1464 insanabiles
1673 1443 1688 1461 a
1701 1433 1787 1461 caulis

998 1489 1103 1524 ejiciat,
1117 1495 1152 1514 ne
1165 1486 1232 1522 quid
1247 1494 1280 1514 ex
1294 1486 1327 1512 iis
1341 1482 1513 1519 contagionis
1533 1482 1641 1510 trahant
1653 1488 1728 1512 oves,
1738 1487 1788 1506 nos

156 1527 288 1562 ποιμνίων
301 1526 465 1560 ἐξελασάτω,
481 1526 525 1553 ἵνα
541 1525 577 1561 μὴ
592 1525 642 1559 τῆς
657 1524 768 1551 ἐκείνων
783 1524 876 1559 λώϐης
894 1533 944 1559 με-

1002 1543 1065 1563 vero
1088 1537 1221 1560 consueto
1244 1530 1365 1565 alloquio
1379 1537 1414 1557 ne
1432 1529 1594 1555 frustretur.
1619 1526 1696 1559 Quod
1713 1525 1788 1553 enim

155 1573 259 1609 ταλάχῃ
288 1572 343 1608 (43)
367 1572 402 1599 τὰ
427 1572 562 1608 πρόϐατα,
583 1572 657 1606 ἡμᾶς
682 1571 710 1598 δὲ
737 1571 787 1605 τῆς
815 1571 947 1605 συνήθους

155 1616 272 1650 ἀξιούτω
287 1616 476 1652 προσρήσεως.
497 1616 557 1642 ’Ότι
571 1615 627 1650 γὰρ
643 1615 660 1642 ἃ
675 1615 830 1652 φρονοῦμεν
843 1614 946 1650 γεγρά-

157 1671 248 1698 φαμεν
265 1662 332 1698 (49),
360 1662 496 1697 μαρτυρεί
511 1661 558 1688 καὶ
573 1661 608 1688 τὰ
632 1662 696 1697 παρ’
719 1661 798 1696 ἡμῶν
824 1669 946 1696 συγγρα-

157 1708 242 1743 φέντα
255 1709 294 1739 εἰς
309 1707 358 1738 τὰς
379 1707 455 1738 θείας
477 1706 604 1742 Γραφὰς,
625 1708 674 1733 καὶ
689 1706 759 1733 κατὰ
783 1706 837 1733 τῶν
851 1705 885 1732 τὰ
901 1705 948 1732 τοῦ

164 1754 268 1790 Ἀρείου
286 1754 335 1780 καὶ
347 1753 480 1788 Εὑνομίου
497 1753 680 1788 φρονούντων.

194 1810 266 1846 Πρὸς
289 1809 317 1836 δὲ
333 1808 438 1841 τούτοις
460 1809 507 1836 καὶ
530 1809 663 1845 σύντομον
680 1809 886 1844 ἁκροτελεὺτιον
909 1810 950 1836 τί·

158 1856 237 1892 Θημι⁸
255 1855 289 1882 Et"
302 1864 344 1887 τις
367 1855 415 1890 οὐχ
436 1854 564 1890 ὁμολογεῖ
577 1854 632 1890 (50)
646 1854 696 1889 τὴν
715 1855 795 1888 ἁγίαν
813 1854 950 1889 Παρθένον

159 1901 300 1933 Θεοτόκον,
326 1901 345 1936 ἢ
365 1900 442 1934 ψιλὸν
459 1899 603 1935 ἄνθρωπον
620 1899 754 1926 ἀποκαλεῖ
775 1899 820 1926 τὸν
847 1899 950 1935 Κύριον

159 1947 239 1982 ἡμῶν
257 1945 362 1981 Ἰησοῦν
386 1945 515 1980 Χριστὸν,
529 1945 545 1980 ἢ
561 1945 601 1976 εἰς
627 1944 674 1971 δύο
690 1945 764 1976 υἱοὺς
782 1944 889 1980 μερίζει
905 1945 950 1972 τὸν

158 1992 208 2019 ἕνα
228 1991 380 2025 Μονογενῆ,
397 1991 443 2018 κα)⁵
459 1991 632 2026 πρωτότοκον
649 1990 740 2024 πάσης
756 1990 807 2025 τῆς
823 1991 949 2022 κτίσεως.

162 2037 274 2064 ὲκπέσοι
291 2037 341 2072 τῆς
360 2037 400 2067 εἰς
415 2035 533 2072 Χριστὸν
553 2035 672 2069 ἐλπίδος,
688 2036 735 2063 καὶ
749 2036 855 2063 εἰπάτω
871 2036 925 2068 πᾶς
938 2037 952 2063 ὁ

160 2082 235 2115 λαός·
252 2082 369 2114 Γένοιτο,
384 2081 490 2116 γένοιτο
501 2082 508 2108 l

198 2128 254 2165 (51)
272 2128 381 2156 Τούτων
396 2128 424 2155 δὲ
439 2127 504 2164 παρ’
518 2127 597 2163 ἡμῶν
611 2127 698 2159 οὕτως
721 2127 887 2163 εἰρημένων,
903 2127 952 2158 τὰς

162 2175 238 2211 ἱεράς
252 2183 300 2202 σου
325 2173 407 2210 εὐχάς
428 2174 579 2209 παρασχεῖν
597 2182 653 2208 μοι,
673 2172 801 2205 δέσποτα,
818 2172 953 2204 καταξίω-

998 1589 1030 1608 ea
1046 1579 1199 1607 sentiamus
1216 1585 1276 1612 quae
1309 1575 1483 1610 scripsimus,
1498 1573 1563 1600 libri
1582 1572 1633 1607 ipsi
1653 1575 1789 1598 testantur

999 1634 1067 1662 quos
1089 1624 1238 1654 edidimus,
1263 1627 1321 1649 tum
1354 1622 1382 1648 in
1412 1628 1518 1647 sacram
1540 1617 1645 1653 1152
1660 1616 1787 1650 Scriptu-

999 1679 1069 1703 ram,
1089 1673 1147 1697 tum
1163 1668 1296 1696 adversus
1308 1666 1427 1694 Arianos
1449 1670 1477 1692 et
1493 1662 1691 1692 Ennomianos.

1035 1811 1076 1838 Ad
1089 1810 1148 1837 haec
1171 1813 1262 1836 autem
1282 1807 1450 1834 succinctam
1474 1805 1545 1832 addo
1571 1804 1743 1836 coronidcm,
1765 1803 1788 1830 si

1000 1857 1063 1893 quis
1089 1859 1212 1883 sanctam
1229 1852 1369 1888 Virginem
1397 1851 1541 1885 Dciparam
1563 1858 1618 1877 non
1645 1850 1723 1881 dicit,
1742 1853 1791 1876 aut

1000 1909 1101 1938 purum
1118 1899 1260 1927 hominem
1277 1900 1357 1924 vocat
1383 1895 1530 1923 Dominum
1548 1900 1673 1922 nostrum
1696 1893 1789 1921 Jesum

1000 1947 1150 1977 Christum,
1168 1945 1212 1971 vel
1229 1943 1255 1971 in
1273 1942 1343 1969 duos
1361 1940 1431 1967 filios
1449 1940 1547 1967 dividit
1562 1947 1646 1966 unum
1660 1938 1791 1973 Unigeni-

1002 1993 1059 2015 tum
1067 1995 1098 2014 ac
1107 1986 1317 2022 primogenitum
1331 1983 1421 2011 omnis
1430 1987 1573 2015 ereaturaa,
1584 1991 1599 2010 a
1614 1991 1661 2017 spe
1671 1983 1696 2010 in
1705 1982 1744 2009 Ch
1750 1982 1788 2009 ri-

1003 2038 1074 2061 stum
1090 2032 1207 2063 excidat,
1221 2035 1248 2058 et
1265 2030 1338 2057 dicet
1352 2029 1441 2056 omnis
1454 2029 1586 2064 populus:
1600 2028 1670 2059 Fiat,
1686 2027 1732 2054 fiat
1744 2028 1751 2054 l

1038 2128 1085 2155 His
1101 2127 1138 2154 ita
1148 2125 1230 2153 dictis
1242 2132 1258 2152 a
1268 2123 1358 2155 nobis,
1372 2126 1482 2149 sanctas
1496 2128 1593 2156 preces
1608 2125 1669 2147 tuas
1690 2120 1792 2154 imper-

1005 2174 1049 2201 tiri
1059 2172 1140 2200 nobis
1150 2171 1273 2206 dignare,
1290 2173 1318 2196 et
1335 2168 1440 2195 mutuis
1467 2167 1586 2194 hilarare
1602 2165 1713 2197 litteris,
1731 2165 1791 2198 qui-

163 2208 218 2252 σον,
236 2220 284 2247 καὶ
309 2208 488 2255 ἀντιγράφοις
506 2219 662 2254 εὐφρᾶναι,
689 2218 816 2253 δηλοῦσιν
839 2218 876 2251 ὡς
899 2219 945 2246 ὰπ-

1004 2219 1056 2245 bus
1084 2216 1194 2252 patefiat
1225 2213 1399 2241 sanctitatem
1433 2216 1509 2240 tuam
1538 2210 1659 2238 aversari
1688 2209 1792 2237 calum-

163 2266 288 2302 εστράφη
299 2273 345 2291 σου
359 2266 375 2300 ἡ
394 2264 533 2300 ἀγιωσύνη
547 2265 609 2296 τοὺς
626 2264 807 2299 συκοφάντας.

199 2351 256 2386 (54)
272 2351 358 2385 Λόγου
373 2351 468 2378 aberat
479 2359 493 2377 a
507 2351 590 2378 Gam.

200 2387 256 2422 (55)
279 2387 337 2414 Hoc
364 2387 488 2422 rectius,
503 2393 566 2422 curm
587 2389 668 2413 antea
695 2386 731 2414 sit
757 2385 951 2414 ἀποκαλοῦσιν.

164 2421 193 2451 Si
199 2421 248 2450 rm.
267 2421 386 2448 habebat
404 2421 590 2455 άπεκήρυξαν.

211 2456 257 2487 56)
272 2465 299 2483 κ.
314 2456 389 2487 ὁσίας
401 2455 478 2483 addit
495 2455 579 2482 Garn.

213 2489 258 2526 57)
274 2491 372 2517 εἰδέναι
389 2499 453 2523 σαιρ.
471 2491 603 2526 ἁγιότητα
615 2489 697 2518 Sirm.

213 2526 257 2561 58)
273 2527 397 2561 πέπομφ.
414 2526 499 2553 Idem.

212 2559 257 2596 59)
273 2563 323 2596 τῆς
342 2559 506 2596 ’Ἀντιοχείας
524 2559 607 2588 Sirm.

214 2596 259 2624 40)
276 2596 356 2623 αὑτά.
376 2596 460 2623 Idem.

213 2631 258 2659 41)
274 2632 371 2658 ἀπεστ.
387 2631 470 2658 Garn.

214 2666 257 2701 4‘2)
273 2666 375 2701 ἔγραψε
389 2666 472 2693 Garn.

215 2699 260 2736 45)
275 2699 359 2728 Aheth
376 2701 421 2728 hic
434 2701 511 2728 locus
524 2699 584 2726 ’Ὁτι
605 2701 674 2727 δὲ-
687 2701 855 2736 πειρώμενοι
869 2708 884 2728 a
901 2700 958 2728 Sir-

167 2736 263 2764 mondi
284 2736 462 2771 recensione;
483 2743 572 2770 neque
593 2736 682 2764 audeo
708 2737 800 2763 dicere
817 2743 898 2771 quam
922 2736 958 2762 sit

168 2778 266 2802 verus;
283 2771 335 2797 nisi
356 2770 522 2805 intelligatur
542 2778 593 2805 pax
612 2771 817 2798 Theodoretum
843 2772 915 2798 inter
930 2774 959 2796 ct

166 2807 299 2834 Joannem
316 2805 516 2832 Antiochcnum
541 2805 648 2833 tandem
666 2806 814 2840 aliquando
836 2810 897 2840 post
918 2805 958 2831 in-

168 2840 470 2880 _stitut_um_colloquium
488 2841 569 2880 facta,
588 2841 622 2868 de
633 2849 686 2880 qua
704 2850 733 2868 re
755 2847 845 2867 noslcr
866 2844 958 2867 narrat

169 2877 196 2904 in
208 2875 334 2912 cpistola,
355 2883 415 2910 qua:
436 2880 477 2902 est
501 2875 548 2902 162
564 2876 695 2910 synodici,
720 2884 838 2911 quocum
852 2876 958 2903 confert

1006 2263 1136 2292 niatores.

1005 2350 1076 2378 inira
1091 2349 1171 2384 epist.
1193 2348 1244 2379 86;
1260 2353 1416 2384 quanquam
1442 2345 1492 2384 ista
1515 2351 1567 2384 pax
1584 2350 1637 2384 non
1653 2342 1680 2368 in
1693 2341 1790 2368 Nesto-

1006 2377 1077 2412 rium
1090 2377 1177 2419 ipsum
1193 2377 1287 2419 iniqua
1297 2377 1367 2419 erat,
1381 2381 1410 2407 in
1426 2380 1505 2419 cujus
1518 2377 1721 2419 damnationem
1736 2383 1790 2415 non

1006 2411 1183 2447 consenserat
1214 2411 1415 2447 Theodoretus,
1438 2411 1486 2442 sed
1515 2413 1662 2450 admiserat
1679 2411 1792 2450 Joapnis

1005 2446 1138 2489 scriptum
1152 2453 1186 2480 de
1195 2451 1373 2489 dogmatibus
1387 2451 1420 2489 in.
1430 2447 1616 2489 controversia
1630 2446 1793 2489 Nestoriana

1006 2481 1139 2517 trac'tatis.
1152 2488 1219 2515 Vide
1231 2481 1450 2522 cvpisttsynodici
1466 2484 1528 2516 159,
1546 2482 1595 2509 too
1606 2486 1634 2509 et
1649 2481 1710 2508 161.

1056 2524 1097 2558 44)
1113 2521 1298 2558 ἀπογραφῆτέο
1312 2521 1394 2548 Garn.

1113 2560 1129 2594 ὴ
1138 2556 1193 2594 νὸσξ
1205 2556 1258 2594 eou_'
1270 2556 1352 2583 Sirm.

1113 2592 1210 2623 αὐτούς
1238 2592 1323 2621 Garn,

1113 2627 1269 2662 τολμῶντας
1285 2626 1367 2662 δίιξῐηἐ

1114 2655 1202 2690 Sic-et
1217 2655 1299 2696 cpi-st.
1319 2660 1369 2687 l05
1392 2664 1464 2687 extr.
1477 2659 1559 2687 barn.
1575 2655 1694 2684 habebat
1711 2663 1793 2690 μετα-

1054 2560 1088 2586 45

1054 2595 1088 2621 46

1055 2629 1088 2656 47

1007 2663 1087 2733 ei“:

1054 2729 1098 2770 1'9)
1112 2741 1190 2767 γεγρ.
1209 2731 1349 2758 est-iderat
1361 2738 1375 2757 c
1386 2729 1469 2757 Garn.

1044 2737 1100 2804 (50)
1115 2769 1144 2804 οὐ
1159 2767 1231 2804 λέγει
1247 2766 1328 2793 Sirm.

1055 2766 1100 2802 50)
1115 2766 1144 2794 οὐ
1159 2766 1231 2800 λέγει
1247 2766 1328 2793 Sirm.

1009 2840 1023 2866 ό
1044 2795 1099 2839 (Eii)
1116 2803 1181 2836 Qua:
1196 2795 1241 2829 hic
1262 2803 1425 2836 s-quuntur,
1451 2807 1504 2826 non
1527 2797 1650 2824 ediderat
1670 2795 1795 2824 Sirmon—

1028 2848 1071 2866 us.

1089 2524 1099 2699 ἒ
