1962 3051
116 140 182 172 1277

775 149 955 180 EPISTOLA
981 152 1134 182 LXXXVI.

1677 149 1744 182 1278

113 197 171 226 ταῖς
191 195 240 230 τῆς
257 196 306 230 σῆς
327 197 465 232 ὁσιότητος
491 199 652 234 γράμμασιν
670 201 837 236 ἐντυχόντες,
857 204 904 229 καὶ

957 206 1059 233 uitatis
1088 211 1140 233 tua:
1159 206 1267 238 litteris,
1287 214 1321 233 ex
1343 206 1445 240 quibus
1470 206 1649 240 cognovimus
1666 205 1744 232 illum

118 239 308 275 μεμαθηκότες
330 242 368 273 ὡς
391 242 536 277 ἀκεραίους
556 245 686 278 φυλάττει
708 247 756 278 τὰς
777 247 831 273 τῶν
857 248 903 282 φύ-

117 293 185 318 σεων
207 284 349 320 ἰδιότητας,
365 287 411 314 καὶ
428 288 489 315 οὔτε
508 289 553 316 τὸν
575 289 641 316 Θεὸν
660 291 746 324 Λόγον
759 293 798 323 εὶς
814 293 902 328 σάρκα

118 330 267 365 τετράφθαι
284 333 375 366 φησὶν,
399 332 461 359 οὕτε
480 334 531 369 τὴν
554 335 643 370 σάρκα
659 337 698 367 είς
714 337 839 372 θεότητος
856 347 903 372 με-

115 376 299 413 ταῦεδλῆσοαι
320 379 415 413 φύσιν·
433 380 490 406 ἀλλ’
509 382 538 407 ὲν
562 381 600 416 τῷ
614 382 654 408 ἑνὶ
673 382 740 417 Υξῴ,
755 383 792 418 τῷ
808 384 902 419 Κυρίῳ

115 422 194 456 ὴμῶν
216 423 302 458 Ἰησοῦ
312 425 430 460 Χριστῷ,
442 426 480 461 τῷ
494 427 732 463 ἐνανθρωπήσαντι
743 428 801 463 Θεῷ
813 429 901 464 Λόγῳ,

115 468 286 504 ἀσυγχύτους
298 472 481 506 μεμενηκέναι
495 473 575 507 φησὶν
589 472 638 512 τὰς
648 474 782 509 ἑκατέρας
796 474 903 508 φύσεως

117 514 260 549 ἰδιότητας·
285 517 330 542 καὶ
347 517 392 543 τὸν
405 518 458 544 τῶν
479 518 548 544 ὅλων
562 518 628 545 Θεὸν
648 520 843 554 ἁνυμυήσαμεν
857 520 904 546 ἐπὶ

115 562 149 596 τῇ
162 561 211 596 τῆς
228 561 302 594 θείας
328 563 445 595 πίστεως
473 565 626 601 συμφωνίᾳ.
647 566 693 598 Εἰς
717 569 807 600 μέντοι
827 567 904 594 Κιλι-

117 606 180 632 κίαν
194 607 327 642 ἑκατέραν
346 608 536 643 γεγράψαμεν,
563 609 652 636 καίτοι
682 610 776 644 σαφῶς
791 611 841 637 οὐκ
863 612 902 637 εἰ·

115 652 200 683 δότες,
215 653 294 688 εἴπερ
307 654 378 685 τινές
394 655 462 680 εἰσιν
475 655 583 682 ἐναντία
597 657 630 691 τῇ
641 656 756 692 ἀληθείᾳ
772 656 903 691 φρονοῦν-

115 708 172 731 τες,
197 700 244 726 καὶ
269 701 509 736 παρηγγυήσαμεν
530 703 587 734 τοῖς
605 702 823 736 θεοφιλεστάτοις
841 703 904 729 ἐπι-

117 745 229 777 σκόποις
242 745 363 780 ἰχνεῦσαι
373 748 421 773 καὶ
436 747 562 782 ζητῆσαι,
581 749 659 784 εἴπερ
680 749 734 784 ἄρα
749 750 821 780 τινές
835 751 905 776 εἰσιν

117 792 157 823 εἰς
182 791 228 818 δύο
254 792 328 824 υἱοὺς
352 792 519 829 διαιροῦντες
538 793 583 820 τὸν
608 794 656 820 ἕνα
675 794 776 830 Κύριον
801 795 906 830 Ἰησοῦν

117 838 249 873 Χριστόν·
268 838 316 865 καὶ
341 839 358 874 ἢ
379 839 581 873 παραινετικῶς
606 841 787 875 σωφρονίσαι,
815 841 831 877 ἦ
857 842 903 867 τοῦ

117 885 269 919 καταλόγου
279 885 394 921 χωρίσαι
407 886 461 912 τῶν
473 885 606 920 ἀδελφῶν.
618 886 663 922 Τῷ
672 886 729 912 ὖντι
739 887 793 922 γὰρ
803 887 905 921 ὁμοίως
921 905 941 932 Β

117 930 346 966 ἀποστρεφόμεθα
357 931 403 957 καὶ
416 931 478 961 τοὺς
493 931 558 966 μίαν
572 931 653 966 φύσιν
668 931 770 967 σαρκὸς
783 933 830 958 καί¹
846 932 904 958 θεό-

116 983 196 1010 τητος
213 973 283 1001 εἶναι
291 974 380 1009 λέγειν
392 975 561 1009 τολμῶντας,
576 975 624 1001 καὶ
638 976 701 1007 τοὺς
716 976 755 1007 εἰς
770 975 816 1002 δύο
831 976 905 1007 υἱοὺς

119 1020 279 1056 μερίζοντας
299 1020 345 1046 τὸν
357 1020 405 1048 ἕνα
428 1019 530 1055 Κύριον
552 1020 630 1055 ἡμῶν
656 1019 759 1056 Ἰησοῦν
776 1020 904 1056 Χριστὸν,

116 1066 163 1093 καὶ
183 1066 237 1093 τῶν
253 1065 440 1093 ἀποστολικιῖνι
462 1066 532 1101 ὅρων
547 1066 599 1098 ἔξω
613 1066 714 1101 βαίνειν
730 1066 903 1101 ἐπιχειροῦν-

115 1119 175 1143 τας.
201 1112 262 1138 Ὅτι
288 1111 316 1137 δὲ
343 1111 474 1148 καὶπρὸς
501 1112 612 1147 εἰρήνην
636 1111 720 1146 ἐσμὲν
747 1112 902 1147 εὐτρεπεῖς,

117 1157 253 1194 θαρρείτω
269 1166 316 1184 σου
332 1158 475 1193 ήὸσιᾶτης.
493 1158 524 1184 Et
535 1157 590 1193 γὰρ
605 1158 619 1184 ὁ
638 1158 785 1194 Προφήτης
811 1158 902 1192 φησίν·

120 1204 212 1231 σΜετὰ
223 1204 277 1230 τῶν
290 1204 440 1240 μισούντων
459 1204 508 1240 τὴν
521 1205 635 1240 εἰρήνην
646 1204 720 1239 ήμην
736 1203 901 1239 εἰρηνικόςοι

116 1248 206 1284 πολλῷ
228 1249 328 1284 μᾶλλον
346 1249 427 1283 ἡμεῖς
442 1249 491 1285 τὴν
506 1250 577 1276 κατὰ
593 1249 660 1276 Θεὸν
675 1250 789 1285 εἰρήνην
813 1250 904 1276 ἀσπα-

116 1295 186 1327 στῶς
211 1295 426 1330 προσδεχόμεθα.
448 1295 557 1330 Ἐπειδὴ
576 1295 604 1322 δὲ
620 1295 668 1322 καὶ
684 1296 723 1327 εἰς
747 1295 797 1330 τὴν
827 1295 905 1322 Ἀλεο

115 1340 257 1376 Εάνδρειάν
270 1349 342 1372 τινες
360 1341 478 1376 ἔδραμον
501 1341 557 1367 τῶν
573 1341 612 1375 τῷ
625 1340 718 1375 ψεύδει
734 1340 904 1376 συντεθραμ-

117 1386 215 1421 μένων,
234 1386 282 1412 καὶ
309 1386 492 1420 συκοφαντίας
517 1385 639 1422 ἔρραψαν
662 1386 723 1412 καθ’
748 1385 839 1421 ήμῶν.
857 1387 905 1412 καὶ

115 1433 170 1463 τοῖς
185 1431 314 1463 τοιούτοις
331 1431 420 1465 λόγοις
444 1432 576 1467 ὑπαχθεὶς
592 1433 606 1458 ὁ
624 1431 832 1465 θεοφιλέστατος
855 1432 905 1462 τῆς

115 1478 219 1509 πόλεως
242 1477 350 1511 ἐκείνης
375 1477 538 1509 ἐπίσκοπος,
560 1477 607 1503 καί
628 1485 668 1503 τοι
686 1476 903 1513 πληροφορηθεὶς

114 1523 148 1551 δι’
170 1523 312 1559 ἡμετέρων
326 1523 510 1559 γραμμάτων,
529 1522 592 1549 τινὰ
609 1522 662 1549 τῶν
687 1522 904 1549 θεοσεὸεστάτων

954 251 1075 287 integras
1099 259 1209 278 servare
1224 254 1229 260 '
1243 256 1405 278 naturarum
1430 251 1624 286 proprietates,
1642 255 1671 278 et
1694 258 1743 277 ηερ

953 304 1006 330 que
1039 297 1123 323 Deum
1152 297 1274 324 Verbum
1308 297 1334 323 in
1362 304 1473 323 carnem
1502 296 1596 323 dicere
1630 303 1745 323 conver-

953 350 1012 367 sum
1027 362 1034 373 ,
1055 350 1144 377 neque
1168 351 1277 369 carnem
1294 342 1322 369 in
1362 341 1474 369 deitatis
1505 347 1632 369 naturam
1656 345 1745 368 trans-

955 387 1033 414 iisse:
1050 387 1096 414 sed
1112 387 1138 414 in
1170 396 1223 414 uno
1239 387 1309 414 Filio
1331 388 1448 414 Domino
1469 391 1566 414 nostro
1579 387 1643 414 Jesu
1665 386 1745 414 Chri-

954 437 1008 464 sto,
1039 433 1149 460 homine
1169 433 1240 460 facto
1268 433 1324 460 Deo
1350 433 1450 464 Verbo,
1476 433 1634 459 ineonl‘usas
1666 440 1744 458 man-

953 478 1021 504 sisse
1045 479 1191 513 utrittsque
1218 483 1324 506 natura:
1351 479 1547 514 proprietates.
1576 479 1609 505 Et
1627 478 1744 504 univer-

953 530 1047 549 sorum
1078 523 1164 550 Deum
1194 523 1322 550 laudibus
1351 523 1500 550 extulimus
1515 523 1551 549 ob
1570 522 1744 550 divinceﬁdei

955 568 1176 595 consensionem.
1190 568 1357 602 Scripsimus
1381 573 1473 595 autent
1489 568 1517 594 in
1535 572 1682 602 utramque
1695 567 1741 595 Ci-

955 613 1056 645 liciam,
1076 614 1183 641 tametsi
1202 622 1255 641 non
1277 615 1344 641 satis
1369 619 1542 649 compertum
1568 614 1744 644 haberemus.

955 668 988 686 an
1001 659 1087 694 aliqui
1116 661 1170 687 sint
1193 660 1241 695 qui
1269 660 1381 688 veritati
1407 660 1546 687 contraria
1563 661 1694 691 sentiant,
1715 663 1743 686 et

956 704 1003 731 Dei
1020 705 1224 732 amantissimos
1248 706 1394 740 episcopos
1416 705 1516 732 hortati
1539 713 1645 737 sumus,
1669 705 1747 731 inve-

955 750 1058 785 stigare
1071 754 1100 777 et
1123 758 1259 785 quaerere,
1280 759 1314 778 an
1329 751 1415 786 aliqui
1439 751 1495 778 sint
1510 759 1635 786 prorsus,
1653 751 1701 785 qui
1716 752 1745 777 in

955 793 1028 821 duos
1038 793 1110 821 tilios
1125 794 1251 822 dividant
1274 803 1360 822 unum
1379 795 1527 823 Dominum
1544 795 1638 823 Jesum
1664 795 1746 822 Chri-

956 843 1040 871 stum,
1055 846 1158 874 eosque
1175 840 1218 866 vel
1235 839 1411 867 admonendo
1430 841 1581 875 corrigere,
1599 841 1641 867 vel
1662 848 1677 867 a
1690 840 1746 868 fra-

956 888 1028 911 trum
1042 889 1114 912 emtu
1135 892 1289 920 segregare.
1315 886 1422 914 Revera
1435 887 1510 914 enim
1524 887 1651 915 similiter
1666 895 1747 914 aver—

958 936 1053 955 santur
1075 937 1123 956 eos
1138 930 1185 964 qui
1214 938 1296 957 unam
1323 931 1416 958 carnis
1437 931 1605 966 deitatisque
1620 936 1747 959 naturam

956 974 1050 1002 dicere
1065 975 1178 1008 audent,
1196 979 1224 1002 et
1241 983 1290 1003 eos
1313 977 1361 1011 qui
1388 976 1417 1004 in
1439 977 1510 1004 duos
1525 977 1597 1004 ﬁlios
1619 977 1747 1005 dividunt

957 1028 1042 1047 unum
1058 1020 1206 1047 Dominum
1224 1026 1350 1049 nostrum
1368 1022 1462 1050 Jesum
1475 1023 1627 1057 Christum,
1647 1028 1674 1050 et
1682 1031 1748 1058 apo—

955 1066 1069 1094 stolicos
1081 1067 1184 1094 limites
1197 1067 1291 1102 egredi
1302 1073 1453 1096 conantur.
1465 1069 1544 1102 Quod
1563 1077 1630 1097 vero
1649 1069 1683 1097 ad
1697 1077 1746 1104 pa-

955 1119 1014 1139 cem
1047 1113 1130 1139 etiam
1156 1114 1243 1147 parati
1261 1114 1358 1147 simus,
1376 1122 1540 1149 persuasum
1565 1115 1665 1142 habeat
1679 1123 1746 1142 sau-

955 1158 1036 1184 etitas
1049 1161 1105 1184 tua.
1121 1157 1189 1184 Nam
1214 1159 1236 1185 si
1261 1159 1398 1194 Propheta
1424 1160 1507 1187 dicit:
1529 1160 1617 1187 «Cum
1635 1160 1678 1188 his
1698 1161 1746 1195 qui

955 1203 1075 1231 oderunt
1085 1211 1180 1239 pacem
1188 1212 1264 1231 eram
1277 1205 1448 1239 paciﬁcus",
1456 1215 1464 1231 ι
1473 1206 1578 1241 1155
1592 1207 1680 1233 multo
1691 1214 1749 1233 ma-

954 1250 995 1284 gis
1008 1257 1059 1276 nos
1071 1258 1178 1284 pacem.
1202 1258 1263 1285 qua:
1273 1251 1430 1278 secundum
1454 1252 1541 1279 Deum
1557 1258 1611 1284 est,
1627 1251 1748 1279 libenter

955 1295 1159 1330 amplectimur.
1177 1295 1246 1329 Quia
1264 1304 1332 1323 vero
1350 1297 1546 1324 Alexandriam
1568 1305 1679 1332 quoque
1694 1297 1747 1325 ad-

955 1341 1118 1369 volaverunt
1133 1342 1259 1369 nonnulli
1272 1350 1305 1369 ex
1319 1343 1352 1369 iis
1368 1343 1415 1377 qui
1431 1351 1494 1370 cum
1508 1343 1660 1370 mendaciis
1679 1347 1746 1370 sunt

956 1386 1078 1418 educati,
1097 1390 1125 1413 et
1148 1386 1302 1413 calumnias
1326 1391 1424 1414 contra
1450 1395 1502 1414 nos
1527 1387 1748 1421 concinuarunt,

956 1435 1039 1466 atque
1055 1432 1213 1466 huiusmodi
1230 1433 1323 1460 verbis
1339 1433 1469 1460 inductus
1495 1433 1551 1460 Deo
1569 1433 1750 1460 charissimus

955 1477 1076 1504 civitatis
1089 1478 1164 1505 illius
1176 1477 1335 1512 episcopus,
1353 1479 1480 1513 quamvis
1495 1479 1603 1513 plenam
1625 1479 1651 1506 ei
1665 1479 1747 1506 iidem

956 1523 1105 1550 fecerimus
1117 1523 1221 1550 litteris
1232 1523 1345 1555 nostris,
1356 1524 1595 1559 religiosissimum
1603 1525 1749 1559 quemdam

115 1570 272 1605 ὲπισκρπων
292 1570 332 1600 είς
357 1569 406 1604 τὴν
431 1568 627 1604 βασιλεύουσαν
648 1568 794 1595 ἀπέστειλε
814 1567 903 1594 πόλιν·

957 1569 1118 1604 episcopum
1136 1569 1170 1596 ad
1184 1569 1281 1596 urbem
1299 1570 1402 1605 regiam
1416 1571 1500 1603 misit,
1519 1571 1648 1606 dignetur
1660 1572 1749 1605 pietas

116 1615 311 1648 καταξιωσάτω
335 1624 381 1641 σου
405 1617 421 1650 ἡ
446 1615 586 1641 θεοσέϐεια
601 1615 650 1649 τὴν
670 1615 774 1641 οἰκείαν
792 1614 901 1640 εὖνοιαν

114 1660 199 1689 δεῖξαι
207 1660 329 1696 συνήθως
349 1661 395 1686 καὶ
403 1660 542 1692 ἀντιτάξαι
551 1660 590 1695 τῷ
601 1660 692 1694 ψεύδει
705 1662 754 1696 τὴν
764 1661 902 1696 ἀλήθειαν.

116 1731 190 1766 ΠΨ.
213 1729 416 1763 -Φλιιϐιανῷ
440 1730 596 1764 ἑπισκόπῳ
621 1732 906 1758 Κωνονταντινοιιπύ-

466 1768 553 1798 λεως.
829 1773 832 1776 '

151 1833 256 1865 Πολλὰς
273 1833 321 1868 μὲν
341 1833 367 1859 ἐν
382 1831 421 1868 τῷ
438 1833 554 1868 παρόντι
573 1832 673 1868 καιρῷ,
689 1833 723 1859 τὰ
746 1833 835 1859 πάντα
848 1832 907 1858 θεο-

117 1879 271 1914 φιλέστατε,
285 1877 438 1913 τρικυμιῶν
454 1877 604 1912 ἐδεξάμεθα
617 1878 779 1914 προσϐολὰς,
796 1879 843 1904 καὶ
860 1877 907 1904 τὸν

117 1923 165 1950 τοῦ
183 1923 282 1954 παντὸς
308 1921 538 1956 ἐπικαλεσάμενοι
562 1923 751 1957 Κύόερνήτην,
769 1923 906 1957 ἀντισχεῖν

119 1968 290 2003 ἠδυνήθημεν
309 1967 378 2002 πρὸς
392 1967 438 1993 τὸν
452 1966 585 1993 κλύδωνα·
600 1967 634 1994 τὰ
647 1968 674 1993 δὲ
688 1968 734 1993 νῦν
755 1967 816 1994 καθ’
831 1968 908 2003 ἡμῶν

118 2013 326 2049 ἐπιχειρηθέντα
340 2013 430 2039 πᾶσαν
446 2013 580 2049 τραγικὴν
593 2013 751 2048 ὑπερϐαίνει
765 2014 904 2049 διήγησιν.

118 2060 287 2095 Νομίσαντες
302 2059 355 2094 γὰρ
369 2059 515 2094 σύμμαχον
529 2059 639 2093 σχήσειν
656 2060 703 2086 καὶ
724 2059 853 2094 συνεργὸν
868 2060 908 2091 εἰς

118 2106 153 2133 τὰ
168 2106 238 2133 κατὰ
257 2106 306 2140 τῆς
323 2105 506 2140 ἀποστολικῆς
530 2106 648 2137 πίστεως
662 2106 843 2141 τυρευόμενα,
863 2106 908 2132 τὸν

119 2151 327 2186 θεοφιλέστατον
338 2152 388 2186 τῆς
406 2150 610 2186 Ἀλεξανδρείας
621 2151 781 2184 ἐπίσκοπον,
795 2152 841 2178 τὸν
860 2151 903 2178 κύ-

121 2206 177 2233 ριον
189 2198 345 2233 Διόσκορον,
362 2197 561 2232 ἀπεστείλαμεν
575 2197 623 2223 ἕνα
635 2197 688 2223 τῶν
703 2198 768 2232 παρ’
783 2199 848 2232 ἡμῖν
861 2197 907 2224 εὖ·

119 2241 292 2269 λαὸεστέιτων
308 2243 510 2278 πρεσϐυτέρων,
526 2242 631 2269 συνέσει
652 2242 848 2278 κοσμούμενον,
859 2251 907 2278 p.3-

119 2288 153 2315 τὰ
171 2287 316 2314 συνοδικῶν
332 2289 513 2323 γραμμάτων,
528 2288 680 2321 διδάξαντες
696 2289 777 2315 αὐτοῦ
790 2289 839 2325 τὴν
851 2288 908 2315 θεο-

960 1619 1006 1642 tua
1021 1622 1099 1642 suam
1118 1615 1199 1642 nobis
1211 1615 1245 1642 de
1263 1623 1340 1643 more
1369 1617 1590 1644 benevolentiam
1605 1617 1748 1649 exhibere,

958 1665 987 1687 et
1002 1661 1147 1687 mendacio
1162 1661 1307 1688 veritatem
1320 1670 1471 1697 opponere.

959 1731 1100 1758 LXXXVI.
1114 1747 1149 1751 —
1161 1731 1290 1759 Flaviano
1308 1734 1426 1768 episcopo
1444 1732 1748 1768 Constantinopolitano.

993 1831 1093 1858 Multos
1104 1831 1217 1865 quidem
1233 1831 1259 1857 in
1272 1830 1324 1858 hac
1345 1831 1411 1863 vita,
1425 1831 1482 1857 Deo
1505 1839 1554 1866 per
1565 1832 1657 1858 omnia
1684 1831 1750 1858 cha-

958 1876 1084 1908 rissime,
1107 1877 1262 1911 ingentium
1281 1876 1467 1910 procellarum
1498 1877 1619 1911 impetus
1642 1877 1752 1911 excepi-

957 1930 1029 1954 mus,
1047 1926 1076 1949 et
1088 1922 1214 1948 invocato
1227 1921 1349 1948 universi
1365 1922 1562 1956 gubernatore,
1585 1929 1641 1948 non
1660 1922 1748 1956 impa-

959 1976 1004 1995 res
1021 1968 1178 2002 tempestati
1190 1967 1309 1994 fuimus:
1328 1976 1390 2002 qu:e
1408 1975 1473 1995 vero
1492 1976 1566 1995 nunc
1580 1972 1678 1995 contra
1701 1975 1752 1995 nos

958 2014 1112 2049 excogitata
1124 2017 1198 2044 sunt,
1215 2013 1346 2047 tragicam
1365 2021 1474 2040 omnem
1498 2014 1685 2040 narrationem
1702 2022 1751 2041 ex-

959 2062 1100 2094 superant.
1114 2058 1176 2085 Rati
1190 2058 1264 2085 enim
1274 2066 1326 2085 nos
1337 2058 1490 2093 adiutorem
1506 2066 1538 2086 ac
1550 2059 1656 2085 socium
1667 2059 1702 2086 ad
1718 2066 1750 2086 ea

960 2113 1022 2140 qua:
1038 2108 1135 2131 contra
1154 2103 1236 2131 [idem
1252 2104 1430 2138 apostolicam
1448 2107 1596 2131 moventur
1608 2103 1752 2131 habituros

959 2151 1016 2178 Deo
1031 2150 1224 2178 charissimam
1236 2149 1409 2177 Alexandrim
1427 2149 1588 2185 episcopum
1603 2149 1747 2176 dominum

961 2198 1132 2229 Dioseorum,
1156 2197 1282 2224 misimus
1296 2205 1380 2223 unmn
1411 2205 1444 2224 ex
1456 2196 1674 2232 religiosissimis
1690 2205 1752 2231 pre-

959 2244 1095 2278 sbyteris,
1112 2244 1118 2252 '
1138 2243 1284 2277 prudentia
1310 2242 1456 2277 insignem,
1478 2251 1540 2269 cum
1564 2243 1665 2270 litteris
1689 2250 1751 2278 syn-

960 2289 1057 2321 odieis,
1081 2289 1176 2323 pietati
1201 2289 1262 2324 eius
1280 2293 1467 2324 suggerentes.
1487 2297 1536 2315 nos
1558 2289 1586 2316 in
1599 2297 1632 2316 co
1647 2289 1750 2315 [ardere

120 2334 237 2364 ηέῦιιαν,
249 2333 286 2364 ὡς
301 2334 359 2364 ταῖς
373 2335 570 2368 γεγενημέναις
581 2335 627 2360 ἐπὶ
640 2334 686 2360 τοῦ
704 2334 754 2369 τῆς
770 2334 904 2369 μακαρίας

960 2336 1034 2371 quod
1049 2335 1101 2363 sub
1111 2335 1197 2362 beatte
1214 2335 1354 2362 memoria:
1376 2334 1479 2370 Cyrillo
1504 2335 1604 2362 initum
1628 2339 1669 2361 est
1690 2343 1752 2369 per-

122 2379 233 2414 μνήμης
251 2379 386 2413 Κυρίλλου
399 2379 546 2414 συνθήκαις
571 2380 737 2415 ἐμμένομεν,
752 2380 799 2406 καὶ
813 2381 862 2416 τήν
879 2389 908 2406 τε

120 2426 184 2460 παρ’
191 2424 273 2451 αὑτοῦ
284 2426 435 2459 γραφεῖσαν
446 2425 595 2460 στέργομεν
604 2426 759 2462 ἐπιστολὴν,
766 2427 816 2462 τήν
825 2435 854 2452 τε
863 2426 908 2453 τοῦ

121 2471 329 2505 μακαριωτάτου
348 2471 394 2496 καὶ
407 2471 435 2496 ἐν
449 2471 537 2504 ἁγίοις
555 2471 725 2504 Ἀθανασίου,
736 2473 768 2508 ἣν
782 2474 849 2508 πρὸς
864 2473 909 2499 τὸν

121 2517 254 2551 μακάριον
275 2516 436 2551 Ἑπίκτητον
457 2516 575 2551 ἔγραψεν
585 2537 593 2549 ,
607 2517 748 2549 ἀσπασίως
763 2518 907 2553 δεχόμεθα·

121 2562 168 2589 καὶ
190 2562 242 2597 πρό
267 2570 298 2594 γε
318 2562 436 2593 τούτων,
467 2562 516 2597 τὴν
539 2563 568 2589 ὲν
588 2563 690 2599 Νικαίᾳ
714 2565 763 2599 τῆς
783 2564 908 2596 Βιθυνίας

120 2606 276 2633 ἑκτεθεῖσαν
293 2607 384 2634 πίστιν
398 2607 450 2634 ὑπὸ
460 2608 515 2635 τῶν
530 2608 615 2642 ἁγίων
629 2609 676 2636 καὶ
697 2610 838 2644 μακαρίων
850 2611 906 2636 Πα-

120 2651 217 2687 τέρων.
232 2653 286 2678 Καὶ
298 2653 525 2688 παρεκαλέσαμεν
541 2654 602 2685 τοὺς
610 2653 763 2690 τ[οι]ούτοις
779 2655 908 2690 ἐμμένειν

122 2698 153 2725 οὐ
178 2697 353 2733 βουλομένους
379 2700 507 2734 ἐμμεῖναι
522 2701 742 2736 παρασκευάσαι.
770 2701 849 2728 Ἀλλά
867 2709 908 2732 τις

123 2742 246 2771 ἐντεῦθεν
259 2742 370 2778 δραμὼν
384 2745 438 2774 τῶν
453 2745 581 2772 τάναντία
592 2745 771 2780 φρονούντων,
787 2746 832 2774 καὶ
847 2747 908 2778 τοὺς

163 2843 186 2859 ⁸⁸
203 2843 272 2872 Psal,
295 2852 366 2877 exn,
384 2844 409 2872 6.

961 2390 1082 2413 manere,
1097 2381 1282 2415 scriptamque
1295 2381 1330 2407 ab
1348 2389 1382 2407 eo
1400 2381 1544 2416 epistolam
1569 2381 1708 2415 amplecti.
1723 2386 1750 2408 rt

962 2426 1112 2454 beatissimi
1126 2426 1269 2460 sanctique
1283 2425 1423 2453 Athanasii
1439 2426 1594 2460 epistolam,
1614 2433 1694 2460 quam
1715 2426 1749 2453 ad

961 2473 1072 2500 beatum
1086 2471 1240 2506 Epictetum
1265 2471 1386 2506 scripsit,
1411 2470 1530 2498 libenter
1554 2471 1687 2506 recipere,
1710 2475 1752 2498 at-

962 2527 1016 2553 que
1035 2523 1098 2545 ante
1115 2517 1173 2544 hac
1190 2516 1270 2543 [idem
1289 2517 1317 2543 in
1335 2516 1425 2543 Nicaea
1451 2516 1586 2552 Bithynize
1601 2524 1616 2543 a
1647 2517 1752 2543 sanctis

960 2564 1103 2598 beatisque
1126 2563 1256 2590 Patribus
1278 2562 1441 2596 expositam.
1462 2562 1496 2589 Et
1513 2562 1614 2589 hortati
1642 2569 1745 2589 sumus.

965 2608 1071 2644 1156
1084 2613 1113 2636 ut
1130 2616 1177 2636 eos
1191 2609 1239 2643 qui
1251 2608 1278 2635 in
1296 2608 1340 2635 his
1357 2615 1525 2642 pertimuere
1545 2608 1656 2639 nolunt,
1684 2614 1748 2634 sua-

962 2655 1027 2682 deat
1040 2662 1212 2689 permanere.
1231 2654 1331 2682 Verum
1344 2653 1442 2680 abiens
1455 2653 1521 2679 hinc
1529 2652 1642 2687 quidam
1659 2659 1692 2679 ex
1715 2653 1750 2679 iis

962 2701 1009 2736 qui
1021 2700 1160 2728 contraria
1169 2699 1302 2732 sentiunt,
1315 2704 1342 2727 et
1359 2700 1495 2726 tumultus
1508 2699 1576 2726 istos
1589 2698 1674 2729 cient,
1683 2706 1748 2725 cum

964 2746 1072 2781 aliquos
1085 2746 1142 2774 illic
1157 2745 1359 2781 deecpisset,et
1374 2751 1515 2773 sexcenlas
1528 2748 1623 2772 contra
1637 2752 1688 2772 nos
1702 2752 1749 2772 ca-
