1962 3051
199 127 270 160 1255

202 196 212 213 ι
225 187 306 219 Tace,
321 185 482 214 obmutesce
490 184 539 211 “.r
562 184 615 212 Vos
628 191 693 211 vero
710 190 806 218 preces
819 183 860 210 illi
876 190 928 216 pro
940 190 989 210 no-
1004 185 1025 213 Α

198 233 242 260 bis
260 232 367 260 oﬁ‘erte.
396 231 525 266 Majorem
541 230 642 265 quippe
659 229 789 256 ﬁduciam
804 229 923 261 habetis,
940 229 989 264 qui

198 277 290 305 oblata
307 284 357 312 pro
372 283 405 303 eo
421 275 574 303 certamina
588 274 760 309 suscepistis.

372 374 492 402 LXXIX.
505 375 676 418 -Αηαιοίὶο
689 375 812 410 patricio.

233 431 376 458 Maximam
394 431 475 458 nobis
491 431 544 458 hoc
560 434 683 465 tempore
704 430 918 458 consolationem
935 431 990 457 Do—

198 477 289 504 minus
312 477 385 504 Deus
408 477 522 504 indulsit
545 477 775 512 magniﬁcentiam
802 481 888 509 tuam,
920 481 991 504 tem-

197 523 352 558 pestatique
382 527 579 557 congruentem
604 527 716 557 portum
739 522 824 549 dedit.
859 522 936 550 Unde
964 526 991 549 et

198 568 381 603 magnitudini
402 572 455 595 tua:
481 575 541 602 qua:
556 568 670 594 molesta
685 572 750 594 sunt
766 567 882 594 ﬁdenter
897 575 993 603 sugge-

199 614 297 641 rimus.
309 614 418 641 Dudum
429 621 495 648 ergo
506 613 678 640 excellentia:
689 617 786 640 vestrm
799 612 990 645 indicavimus,

198 659 439 688 commonitorium
463 659 544 685 nobis
567 658 721 685 ostendisse
746 658 848 685 Rufum
864 659 992 686 comitem

199 704 500 739 niagniﬁccntissimum
530 703 709 738 imperatoria
734 711 816 730 manu
838 708 991 736 exaratum,

198 750 272 784 quod
296 749 446 776 fortissimo
473 749 603 783 magistro
621 749 739 776 militum
764 749 942 784 prmcipicbat
963 753 993 776 ut

198 795 352 830 prudenter
362 794 486 829 sciteque
501 797 611 821 curaret
623 801 674 820 nos
689 793 753 830 Cyri
766 795 928 826 consistere,
941 802 993 822 nec

198 840 232 867 ad
248 840 315 867 alias
329 839 456 875 civitates
469 839 619 874 proﬁcisci,
637 843 668 865 ut
687 840 734 874 qui
749 840 868 874 synodos
883 840 992 867 assidue
1010 851 1031 879 Β

198 885 269 920 apud
281 884 453 917 Antiochiam
478 885 584 920 1135
605 892 775 920 cogeremus,
787 890 815 912 et
826 885 994 912 orthodoxos

198 932 385 958 turbaremus.
410 931 489 958 Nunc
506 930 597 957 indico
614 938 658 957 me
676 930 758 965 regiis
771 930 934 957 obsecutum
948 929 995 956 lit-

197 975 265 1003 teris
277 975 376 1011 Cyrum
388 974 506 1007 venisse,
524 982 566 1006 ac,
581 974 680 1002 diebus
691 982 739 1001 sex
753 978 892 1009 septemve
905 979 994 1001 trans-

199 1022 268 1049 actis
280 1042 287 1054 ,
312 1021 398 1048 misso
414 1020 448 1048 ad
465 1028 507 1047 me
531 1020 710 1047 devotissimo
728 1020 890 1054 Euphronio
907 1020 993 1055 magi-

198 1066 303 1094 striano
312 1066 458 1101 ﬂagitasse,
470 1070 501 1093 ut
510 1066 612 1100 scripto
622 1065 769 1092 conﬁterer
780 1065 916 1092 exhibitas
925 1066 994 1093 mihi

199 1111 289 1146 regias
309 1111 414 1138 litteras
435 1111 530 1137 fuisse.
555 1110 612 1145 Ego
630 1117 697 1137 vcro
714 1110 768 1137 hoc
785 1109 869 1136 etiam
887 1110 949 1143 feci,
966 1114 994 1138 et

199 1156 315 1191 promisi
341 1163 384 1183 me
410 1156 481 1190 apud
506 1155 607 1191 Cyrum
634 1159 662 1182 et
685 1155 713 1181 in
734 1155 785 1182 hac
801 1155 912 1191 regione
929 1164 994 1191 per-

200 1209 371 1234 mansurum,
399 1205 427 1228 et
446 1201 585 1236 pascendo
603 1201 678 1236 gregi
704 1200 771 1227 mihi
787 1201 934 1228 commisso
950 1201 994 1230 in-

199 1247 348 1274 htesurum.
380 1247 456 1281 Rogo
479 1247 572 1281 itaque
596 1246 829 1281 magniﬁcentiam
842 1249 928 1279 tuam,
947 1254 994 1274 ac-

200 1297 295 1320 curate
304 1293 479 1327 utexquirat,
494 1297 522 1320 et
536 1301 569 1319 an
579 1300 644 1319 vere
655 1292 711 1320 haec
720 1292 757 1319 ita
779 1292 911 1327 imperata
927 1293 993 1326 sint,

199 1343 317 1374 etquam
331 1339 366 1366 ob
379 1346 500 1366 causam.
517 1338 574 1374 Ego
586 1338 660 1365 enim
672 1339 789 1365 aliorum
800 1339 913 1373 quidem
925 1339 995 1366 mul-

200 1389 291 1412 torum
308 1384 375 1411 mihi
391 1384 557 1412 delictorum
572 1384 699 1411 conscius
715 1392 776 1411 sum
795 1394 802 1412 :
820 1385 890 1411 nihil
903 1389 995 1412 tamen

199 1430 243 1457 vel
256 1429 285 1456 in
298 1430 449 1457 Ecclesiam
462 1429 522 1462 Dei,
539 1430 581 1457 vel
596 1430 624 1456 in
635 1437 809 1456 communem
820 1429 994 1464 disciplinam

201 1484 328 1511 peccasse
353 1484 396 1503 me
419 1477 520 1504 sentio.
547 1476 636 1510 Atque
651 1476 710 1503 haec
725 1476 834 1509 scribo,
853 1484 907 1504 non
921 1476 994 1511 quod

199 1521 349 1557 Cyrensem
360 1522 558 1549 habitationem
570 1521 685 1549 moleste
696 1521 792 1549 feram.
804 1521 872 1549 Nam
884 1522 994 1556 utquod
1008 1524 1029 1553 c

200 1574 244 1594 res
257 1571 300 1594 est
312 1566 401 1594 dicam
414 1587 422 1599 ,
447 1566 596 1594 clarissima
611 1567 708 1601 quavis
720 1567 831 1594 civitate
845 1567 993 1602 optabilio-

201 1620 256 1640 rem
273 1612 345 1638 hanc
357 1611 440 1643 duco,
457 1619 490 1638 eo
503 1611 576 1645 quod
589 1611 656 1638 mihi
671 1620 686 1639 a
698 1612 754 1639 Deo
767 1620 827 1640 sors
838 1612 890 1639 ista
902 1613 994 1640 oblata

199 1663 252 1686 est.
269 1657 323 1684 Sed
339 1657 503 1684 necessitate
522 1657 665 1684 astrictum
679 1665 750 1691 esse,
769 1666 824 1685 non
839 1659 993 1691 voluntate,

177 1723 179 1732 .
201 1704 347 1730 molestum
366 1702 568 1738 quodammodo
589 1703 711 1735 videtur,
729 1707 756 1730 et
772 1711 866 1731 ansam
880 1704 927 1732 dat
942 1705 994 1732 im-

200 1749 306 1784 probis,
329 1753 359 1775 ut
377 1748 539 1775 audaciores
553 1747 629 1780 ﬁant,
650 1753 678 1776 et
692 1749 805 1776 monitis
821 1749 923 1777 nostris
939 1758 995 1777 non

202 1795 402 1829 obtemperent.
418 1794 603 1827 Quamobrem
618 1801 667 1821 oro
679 1794 895 1829 magnitudinem
908 1800 993 1828 tuam,

204 1845 236 1867 ut
249 1840 271 1866 si
286 1840 339 1866 tale
354 1839 423 1866 nihil
439 1839 602 1873 imperatum
614 1842 668 1871 est,
683 1839 829 1866 certiorem
840 1847 883 1866 me
893 1839 994 1867 facias:

202 1885 245 1913 sin
260 1892 356 1912 revera
370 1883 484 1911 victoris
501 1883 616 1919 Augusti
631 1884 673 1912 hae
688 1888 753 1911 sunt
768 1884 878 1917 litterae,
896 1884 996 1912 doceas

202 1931 264 1966 ejus
287 1930 417 1964 pietatem
430 1950 437 1962 ,
464 1937 520 1956 non
534 1929 614 1956 facile
630 1929 710 1957 ﬁdem
725 1929 828 1957 habere
840 1930 994 1963 calumniis,

202 1984 255 2004 nec
265 1976 332 2002 Solis
343 1975 549 2002 accusatoribus
564 1982 645 2002 aures
655 1974 789 2009 praebere,
801 1974 849 2002 sed
860 1975 995 2002 rationem

203 2029 218 2049 a
230 2029 277 2049 reo
288 2028 441 2055 reposcere.
453 2019 614 2054 Quanquam
627 2023 731 2054 poterat
748 2020 805 2054 ipsa
817 2027 910 2047 rerum
921 2020 997 2048 testi-

203 2066 295 2094 ﬁcatio
310 2067 370 2101 ejus
381 2065 476 2100 pietati
489 2065 656 2100 persuadere
671 2065 739 2092 falsa
750 2073 810 2092 esse
827 2073 887 2100 quae
900 2071 997 2094 contra

203 2119 255 2139 nos
263 2112 411 2147 jactantur.
425 2110 574 2145 Ecquando
585 2111 658 2137 enim
673 2111 780 2146 1136
788 2118 838 2138 nos
851 2112 911 2147 ejus
922 2120 997 2140 sere-

204 2157 318 2184 nitatem
334 2157 367 2183 de
381 2156 491 2191 negotio
504 2156 599 2190 aliquo
612 2156 848 2190 interpellavimus
864 2157 907 2184 vel
919 2165 995 2185 sum-

204 2211 265 2230 mos
281 2202 456 2237 magistratus
468 2222 475 2233 ,
505 2205 553 2229 aut
569 2201 785 2236 possessoribus,
804 2203 851 2237 qui
867 2203 913 2230 hic
929 2208 993 2231 sunt
1008 2197 1032 2225 ι)

205 2249 286 2277 multi
302 2256 334 2276 ac
347 2247 500 2283 splendidi,
524 2256 621 2283 graves
633 2247 807 2275 exstitimus?
837 2247 915 2281 Quod
930 2256 998 2276 vero

204 2293 456 2321 ecclesiasticorum
469 2299 579 2327 quoque
592 2292 731 2319 redituum
745 2296 851 2327 partem
868 2300 924 2320 non
938 2293 997 2320 exi—

204 2347 286 2375 guam
300 2340 328 2366 in
340 2338 458 2373 publicis
465 2337 589 2365 aediﬁciis
599 2338 861 2373 consumpserimus,
874 2339 999 2374 porticus

205 2386 357 2414 excitantes
375 2388 403 2412 et
417 2384 535 2416 lavacra,
553 2389 582 2411 et
592 2387 690 2419 pontes
705 2388 890 2417 exstruentes,
902 2389 931 2412 et
946 2393 999 2420 pu-

206 2431 273 2459 blici
287 2438 354 2458 usus
370 2430 422 2457 alia
435 2434 633 2465 procurantes,
661 2430 863 2465 magniﬁcentia
876 2435 922 2459 tua
940 2439 996 2458 non

207 2477 325 2512 ignorat.
356 2476 434 2510 Quod
459 2476 482 2504 si
505 2481 651 2511 propterea
679 2476 858 2511 indignantur
872 2476 999 2504 nonnulli

207 2521 280 2558 quod
291 2522 436 2549 thnices
446 2521 632 2549 Ecclesiarum
641 2522 648 2530 ’
664 2521 770 2548 ruinam
781 2521 916 2556 lugemus,
929 2521 1000 2549 sciat

207 2566 370 2602 magnitudo
383 2571 473 2594 vestra
482 2587 489 2600 ,
517 2575 572 2594 non
585 2574 665 2602 posse
677 2574 727 2593 nos
741 2574 796 2594 non
808 2567 901 2594 dolere
910 2587 917 2599 ,
935 2575 998 2594 cum

207 2612 364 2642 Juda‘orum
377 2619 463 2640 cornu
480 2613 507 2639 in
520 2613 605 2640 altum
617 2617 741 2639 erectum
751 2633 758 2644 ,
787 2612 960 2640 Christianos
971 2613 1000 2639 in

207 2657 337 2694 lacrymis
348 2657 478 2693 luctuque
488 2657 637 2689 cernimus,
651 2656 758 2684 etiamsi
771 2657 805 2684 ad
816 2657 928 2684 ultimas
938 2664 1000 2684 oras

210 2704 405 2732 transmittant.
434 2703 490 2731 Nec
511 2711 578 2733 vero
603 2711 750 2739 possumus
775 2711 828 2738 pro
841 2702 999 2739 apostolicis

245 2783 268 2801 “
281 2784 364 2812 Marc.
377 2790 413 2816 iv,
430 2783 476 2811 59.

244 2842 301 2877 ((35)
315 2839 416 2874 Κυῤῥῳ
430 2838 514 2873 Neap.
528 2839 641 2871 rectius,
658 2840 697 2867 sic
713 2843 740 2866 et
758 2839 785 2866 in
798 2846 873 2874 seqq.

697 124 940 156 THEODORETI
959 123 1129 154 EPISCOPI
1147 123 1329 154 CYRENSIS

1762 127 1837 160 125'}

1041 182 1194 217 μαινομένῃ
1206 182 1334 218 θαλάττῃ·
1353 192 1362 209 ι
1377 182 1481 215 Σιώπα,
1501 184 1655 218 πεφίμωσο.
1667 194 1675 210 ι
1695 185 1790 222 Ὑμεῖς
1802 187 1838 214 δὲ

1038 227 1089 259 τὰς
1117 227 1189 262 ὑπὲρ
1216 227 1294 262 ἡμῶν
1323 228 1480 264 προσευχὰς
1509 229 1583 264 αὐτῷ
1616 231 1838 267 προσενέγκατε.

1040 273 1156 299 Πλείονα
1173 274 1227 308 γὰρ
1245 273 1320 308 ἔχετε
1335 275 1503 309 παρῤησὰιν,
1521 275 1559 306 ὡς
1576 276 1639 308 τοὺς
1658 276 1728 312 ὑπὲρ
1747 277 1838 305 αὐτοῦ

1040 319 1181 350 κινδύνους
1198 319 1401 354 ἀναδεξάμενοι.

1207 373 1267 401 ΟΘ’.
1282 390 1317 395 —
1337 375 1499 409 Ἀνατολίῳ
1513 378 1670 411 πατρικΙῳ.

1077 429 1199 461 Δέδωηεν
1216 430 1281 465 ἡμῖν
1295 430 1308 456 ὁ
1323 430 1461 466 Δεσπότης
1477 431 1543 463 Θεὸς
1560 432 1693 468 μεγίστην
1705 434 1839 469 παραψυ-

1042 476 1092 512 χὴν
1109 477 1139 502 ὲν
1157 476 1196 511 τῷ
1208 476 1323 511 παρόντι
1339 477 1427 512 καιρῷ
1443 477 1493 512 τὴν
1507 478 1644 514 ὑμετέραν
1660 479 1837 515 μεγαλοπρέ-

1042 530 1132 554 πειαν,
1153 522 1200 548 καλ¹
1215 521 1253 556 τῷ
1265 521 1379 548 κλύδωνι
1391 523 1435 548 τὸν
1449 522 1546 558 λιμένα
1563 524 1684 559 παρέσχε
1697 525 1839 560 κατάλλη-

1042 565 1096 591 λον.
1112 564 1161 591 Διόι
1176 573 1216 592 τοι
1230 565 1330 601 [τοῦτο]
1340 566 1504 601 θαρροῦντες
1517 568 1551 594 τὰ
1560 568 1694 596 λυποῦντα
1710 569 1841 597 διδάσκοι

1044 619 1093 645 μεν
1103 610 1133 636 τὸ
1142 610 1274 645 ὑμέτερον
1287 611 1411 646 μέγεθος.
1424 612 1581 648 Πρώηνμὲν
1591 612 1637 641 οὖν
1646 615 1837 650 ὲγνωρίσαμεν

1043 654 1120 689 ὑμῶν
1131 656 1163 690 τῇ
1179 656 1361 691 μεγαλοφυὴ,
1376 656 1413 687 ὡς
1429 656 1573 690 ὑπέδειξαν
1587 658 1653 693 ἡμῖν
1666 660 1691 686 οε
1710 660 1774 695 περὶ
1788 660 1837 686 τὸν

1045 701 1337 736 μεγαλοπρεπέστατον
1347 702 1454 737 κόμητα
1467 699 1580 738 Ῥοῦφον
1590 704 1791 739 ὑπομνηστικὸν
1799 707 1836 740 τῇ

1045 745 1171 781 βασιλικῇ
1202 748 1395 782 γεγραμμένον
1413 749 1497 783 χειρὶ,
1519 750 1771 784 παρακελευόμενον
1794 751 1837 786 τῷ

1044 791 1228 828 ἀνδρειοτάτῳ
1249 793 1405 828 στρατηγῷ,
1424 795 1491 828 μετὰ
1506 795 1663 830 φρονήσεως
1685 796 1732 822 καὶ
1746 796 1838 831 ἐμμε-

1044 836 1120 868 λείας
1132 838 1343 872 παρασκευάσαι
1357 839 1430 874 ήμᾶς
1449 839 1476 865 ὲν
1489 840 1521 874 τῇ
1541 840 1624 875 Κύρῳ
1645 840 1700 875 (65)
1716 841 1835 875 διάγειν¹

1044 881 1090 908 καὶ
1105 882 1144 913 εἰς
1160 881 1257 916 ἑτέραν
1282 883 1319 917 μὴ
1335 883 1444 910 ἀπιέναι
1465 883 1551 915 πόλιν,
1571 884 1608 916 ὡς
1629 885 1752 918 συνόδους
1771 895 1838 913 συν-

1044 926 1169 961 εχῶς-εἰς
1182 927 1230 962 τὴν
1246 928 1411 963 Ἀντιόχειαν
1426 929 1600 963 συνάγοντας,
1616 930 1662 957 καὶ
1675 939 1738 962 τους
1755 931 1838 966 ὀρθο-

1044 971 1136 1005 ’δόξους
1147 972 1342 1007 ταράττοντας.
1360 974 1422 1001 Ἐπὶ
1435 975 1462 1000 δὲ
1478 974 1525 1001 τοῦ
1545 975 1677 1010 παρόντος
1697 976 1836 1011 γνωρίζω,

1043 1018 1081 1049 ὡς
1093 1018 1131 1053 τῷ
1149 1018 1281 1054 βασιλικῷ
1298 1020 1420 1052 πεισθεὶς
1435 1021 1579 1056 γράμματι
1594 1022 1642 1056 τὴν
1661 1023 1750 1058 Κῦρον
1767 1031 1837 1050 κατ-

1046 1063 1152 1090 έλασοψ
1168 1065 1214 1091 καὶ
1228 1064 1257 1097 ἒξ
1273 1065 1288 1100 ἢ
1309 1065 1379 1092 ἑπτὰ
1397 1066 1557 1093 διελθουσῶν
1568 1067 1691 1102 ἡμερῶν,
1709 1069 1839 1095 ἀπέστεια

1045 1109 1094 1135 λαν
1105 1110 1171 1145 πρός
1184 1119 1217 1145 με
1231 1111 1276 1136 τὸν
1288 1111 1498 1146 καθωσιωμένον
1514 1112 1675 1148 Εὐφρόνιον,
1688 1113 1733 1140 τὸν
1750 1122 1837 1148 στρα-

1045 1154 1215 1190 τηλατιανὸν,
1236 1156 1304 1190 μετὰ
1319 1157 1498 1192 γραμμάτων,
1519 1157 1696 1190 ἀπαιτοῦντες
1719 1167 1752 1193 με
1770 1158 1838 1185 καθ‹

1045 1200 1212 1237 ομολογῆσαι
1224 1203 1381 1236 ἐγγράφως,
1399 1203 1436 1233 ὡς
1449 1203 1611 1238 ἐνεφανίσθη
1630 1212 1675 1238 μοι
1690 1204 1721 1230 τὸ
1732 1204 1838 1238 βασιλι-

1046 1247 1094 1274 κδν
1108 1247 1235 1282 γράμμα,
1248 1247 1294 1274 καὶ
1309 1248 1469 1283 ὑπεσχόμην
1484 1249 1516 1283 τῇ
1532 1248 1616 1283 Κύρῳ
1629 1249 1677 1275 καὶ
1688 1251 1721 1285 τῇ
1734 1249 1838 1285 ταύτης

1047 1291 1242 1327 προσεδρεύειν
1258 1292 1346 1327 χώρᾳ,
1364 1293 1410 1318 καὶ
1422 1292 1471 1323 τὰς
1482 1293 1699 1329 ὲγχειρισθείσας
1716 1302 1761 1328 μοι
1777 1303 1838 1320 ποι-

1048 1339 1154 1374 μαίνειν
1170 1338 1270 1373 ψυχάς.
1293 1338 1448 1374 Παρακαλῶ
1460 1339 1551 1364 τοίνυν
1566 1339 1616 1374 τὴν
1631 1339 1767 1374 ὑμετέραν
1785 1348 1837 1374 με‹

1046 1383 1207 1418 γαλοφυῒαν,
1230 1383 1325 1417 μαθεῖν
1342 1384 1476 1418 ἀκριὸῶς,
1491 1384 1538 1410 καὶ
1564 1384 1587 1409 εί
1615 1383 1724 1418 ἀληθῶς
1748 1384 1837 1412 ταῦτα

1047 1428 1258 1464 προστέτακται,
1271 1429 1318 1456 καὶ
1332 1429 1376 1456 διὰ
1388 1429 1466 1456 ποίῆιν
1480 1429 1578 1456 αἰτίαν.
1601 1429 1671 1463 Ἐγὼ
1684 1430 1737 1465 γὰρ
1753 1430 1836 1462 ἄλλας

1049 1475 1098 1510 μὲν
1119 1474 1255 1510 ἁμαρτίας
1268 1475 1380 1510 ἐμαυτῷ
1395 1475 1495 1508 πολλὰς
1512 1475 1629 1508 σύνοιδα,
1650 1477 1680 1503 οὐ
1698 1476 1777 1512 μὴνῆ
1795 1477 1837 1509 εἰς

1045 1522 1095 1556 τὴν
1117 1520 1279 1556 Ἐκκλησίαν
1292 1521 1338 1547 τοῦ
1353 1521 1430 1553 Θεοῦ,
1450 1522 1467 1557 ἦ
1484 1522 1524 1553 είς
1541 1522 1591 1557 τὴν
1602 1522 1694 1558 κοινὴν
1709 1522 1837 1554 εὐταξίαν

1044 1563 1103 1594 οἶδά
1117 1575 1142 1593 τι
1154 1567 1364 1603 πλημμελήσας.
1379 1568 1434 1594 Καὶ
1443 1567 1530 1594 ταῦτα
1540 1568 1649 1602 γράφω,
1664 1568 1713 1603 οὐχ
1724 1568 1761 1600 ὡς
1772 1569 1835 1595 δυσ-

1044 1611 1178 1647 χεραίνων
1202 1613 1252 1647 τὴν
1278 1613 1307 1638 ὲν
1330 1612 1415 1648 Κύρῳ
1436 1613 1585 1649 διαγωγήν-
1603 1613 1641 1645 ὡς
1656 1613 1710 1649 γὰρ
1723 1614 1770 1640 ἐπὶ
1782 1614 1833 1649 τῆς

1045 1657 1185 1692 ἀληθείας,
1201 1659 1292 1694 πάσης
1314 1658 1419 1690 πόλεως
1442 1651 1639 1694 λαμπροτάτης
1651 1660 1835 1695 αἱρετωτέραν

1044 1702 1146 1738 ταύτην
1161 1703 1293 1739 ἡγοῦμαι,
1312 1702 1356 1730 διὰ
1377 1704 1407 1730 τὸ
1430 1704 1505 1739 παρὰ
1520 1704 1587 1730 Θεοῦ
1604 1704 1658 1738 (66)
1676 1713 1720 1740 μοι
1740 1705 1834 1732 τοῦτον

1044 1748 1167 1775 δεδόσθαι
1193 1748 1239 1775 τὸν
1262 1748 1372 1784 κλῆρον.
1398 1749 1435 1775 Τὸ
1453 1749 1481 1775 δὲ
1501 1749 1608 1785 ἀνάγκῃ
1630 1750 1833 1785 προσδεδὰςθαι,

1045 1795 1093 1821 καὶ
1116 1794 1153 1829 μὴ
1173 1793 1281 1829 γνώμῃ,
1301 1793 1375 1820 δοκεῖ
1400 1802 1458 1825 πως
1474 1793 1544 1821 εἶναι
1561 1795 1684 1830 ἀνιαρὸν,
1704 1796 1750 1822 καὶ
1767 1795 1834 1831 πρὸς

1045 1839 1161 1870 τούτοις,
1180 1839 1317 1874 πρόφασιν
1330 1838 1421 1865 δίδωσι
1435 1841 1490 1870 τοῖς
1504 1839 1626 1866 ἀδικοῦσι
1641 1840 1833 1875 θρασύνεσθαι,

1045 1885 1094 1912 καὶ
1103 1886 1164 1916 ταῖς
1174 1885 1322 1920 ἡμετέραις
1337 1885 1374 1920 μὴ
1387 1885 1527 1912 πείθεσθαι
1540 1886 1741 1920 παραινέσεσιν.
1755 1884 1790 1914 Οἷα
1802 1887 1832 1921 δὴ

1046 1929 1126 1964 χάριν
1137 1926 1292 1964 ταραχαλῶ
1310 1928 1340 1955 τὸ
1354 1929 1485 1963 ὑμέτερον
1504 1929 1630 1963 μέγεθος,
1648 1931 1672 1956 εἰ
1692 1930 1744 1964 μὲν
1759 1931 1833 1957 οὐδὲν

1045 1975 1151 2003 τοιοῦτο
1163 1974 1374 2010 προστέτακται,
1386 1974 1463 2009 δῆλόν
1477 1983 1522 2009 μοι
1534 1974 1612 2001 τοῦτο
1626 1975 1749 2011 ποιῆσαι*
1768 1977 1791 2001 εἰ
1804 1976 1832 2002 δὲ

1046 2019 1155 2055 ἀληθῶς
1170 2018 1217 2045 τοῦ
1233 2018 1386 2045 καλλινίκου
1405 2018 1537 2053 βασιλέως
1551 2020 1610 2046 ἐπὶ
1617 2019 1650 2046 τὰ
1666 2020 1831 2056 γράμματα,

1045 2065 1148 2098 διδάξαι
1180 2064 1262 2091 αὑτοῦ
1293 2064 1343 2100 τὴν
1371 2064 1522 2095 εὐσέόειαν,
1549 2065 1585 2100 μὴ
1616 2065 1756 2092 πείθεσθαι
1783 2067 1832 2101 ρᾳ-

1045 2111 1110 2142 δίως
1130 2110 1278 2142 διαόολαῖς,
1294 2110 1361 2146 μηδὲ
1379 2110 1470 2146 μόνοις
1485 2112 1541 2142 τοῖς
1558 2112 1721 2147 κατηγόροις
1736 2112 1833 2138 διδόναι

1044 2155 1094 2187 τὰς
1104 2156 1198 2188 ἀκοὰς,
1214 2155 1272 2182 ἀλλ’
1291 2156 1419 2182 ἀπαιτεῖν
1438 2155 1553 2187 εὐθύνας
1566 2156 1612 2182 τὸν
1633 2157 1834 2192 κατηγορούμε-

1045 2208 1099 2227 νον.
1114 2200 1212 2234 Ἤρκει
1224 2199 1252 2226 δὲ
1267 2199 1314 2227 καὶ
1327 2199 1396 2234 αὑτὴ
1410 2200 1463 2226 τῶν
1476 2201 1671 2235 πραγμάτωνὴ
1685 2201 1831 2236 μαρτυρία,

1047 2247 1139 2272 πεῖσαι
1153 2245 1234 2272 αὑτοῦ
1249 2245 1298 2280 τὴν
1311 2246 1462 2278 εὐσέὸειαν,
1478 2247 1516 2278 ὡς
1530 2247 1615 2282 ψευδῆ
1631 2246 1665 2273 τὰ
1682 2247 1741 2273 καθ’
1756 2248 1833 2283 ἡμῶν

1046 2291 1191 2327 εἰρημένα.
1220 2291 1288 2319 Πότε
1317 2291 1372 2326 γὰρ
1386 2292 1466 2326 ἡμεῖς
1488 2292 1537 2327 τὴν
1561 2292 1642 2319 αὐτοῦ
1665 2292 1833 2328 γαληνότητα

1047 2337 1112 2373 περὶ
1126 2337 1292 2372 πράγματος
1310 2336 1517 2372 ἡνωχλήσαμεν,
1530 2337 1546 2373 ἢ
1559 2338 1621 2369 τοὺς
1639 2338 1771 2372 μεγάλους
1786 2338 1834 2372 ἄρ-

1047 2391 1155 2419 χοντας,
1176 2383 1192 2418 ἢ
1215 2384 1272 2414 τοῖς
1295 2382 1412 2410 ἐνταῦθα
1432 2383 1620 2418 κεκτημένοις,
1638 2383 1744 2414 πολλοῖς
1761 2381 1834 2410 οὖσιν

1047 2429 1095 2455 καὶ
1114 2428 1260 2463 λαμπροῖς,
1278 2427 1371 2463 βαρεῖς
1387 2428 1553 2463 ἐγενόμεθα;
1570 2429 1629 2455 Ὂτι
1643 2428 1672 2457 δὲ
1687 2429 1733 2455 καὶ
1750 2429 1832 2459 πολλὰ

1047 2474 1098 2509 τῆς
1110 2473 1338 2507 ὲκκλησιαστικῆς
1357 2473 1487 2508 προσόδου
1502 2473 1542 2505 είς
1554 2473 1586 2499 τὰ
1601 2473 1718 2510 δημόσια
1729 2473 1832 2508 ἀνηλώ-

1050 2526 1137 2553 σαμεν
1155 2518 1369 2553 οἰκοδομήματα,
1390 2517 1471 2550 στοὰς
1491 2518 1644 2553 ἐγείροντες
1661 2518 1707 2545 καὶ
1725 2518 1833 2554 λουτρὰ,

1050 2564 1097 2591 καὶ
1118 2563 1241 2598 γεφύρας
1255 2563 1514 2595 κατασκευάζοντες,
1531 2563 1579 2590 καὶ
1602 2563 1656 2590 τῶν
1673 2565 1770 2591 κοινῶν
1783 2564 1833 2591 τῶν

1050 2610 1137 2638 ἄλλων
1153 2609 1374 2645 ἐπιμελούμενοι,
1391 2608 1461 2635 οἶδεν
1478 2610 1494 2644 ἡ
1515 2609 1636 2644 ὑμετέρα
1653 2609 1831 2644 μεγαλοφυῒα.

1049 2657 1080 2684 Et
1105 2656 1133 2683 δὲ
1159 2656 1202 2682 διὰ
1226 2655 1305 2682 τοῦτὸ
1325 2663 1397 2687 τινες
1416 2655 1650 2690 δυσχεραίνουσιν,
1669 2656 1709 2682 ὅτι
1722 2656 1777 2682 τῶν
1787 2656 1833 2691 τῆς

1048 2701 1173 2736 Φοινίκης
1194 2699 1362 2735 Ἑκκλησιῶν
1379 2699 1531 2736 θρηνοῦμεν
1549 2700 1598 2736 τὴν
1615 2700 1772 2733 κατάλυσιν,
1787 2710 1834 2729 th

1088 2836 1143 2873 (66)
1158 2836 1205 2863 τοῦ
1223 2835 1290 2863 Θεοῦ
1304 2835 1391 2871 Neap.
