1962 3051
149 132 217 166 1257

790 134 971 165 EPISTOLA
991 137 1041 166 LX
1046 137 1108 166 XX.

1704 137 1771 170 1258

142 188 247 216 πείσθω
260 188 337 224 ὑμῶν
351 188 381 215 τὸ
399 187 522 223 μέγεθος,
536 187 576 220 ὡς
601 189 649 224 οὐχ
673 188 728 216 οἶόν
751 198 779 216 τε
799 192 873 225 ἡμᾶς
891 193 928 227 μὴ

985 192 1156 226 dogmatibus
1171 199 1225 218 non
1242 200 1372 228 pugnare,
1389 200 1525 220 memores
1540 193 1696 228 apostolicae
1709 203 1772 222 seu-

142 236 246 270 ἀλγεῖν,
262 234 383 270 ὁρῶντας
393 235 446 261 τῶν
461 235 594 262 Ἰουδαίων
609 235 640 262 τὸ
653 236 737 270 κέρας
753 237 793 268 είς
808 237 874 272 ὕψος
889 239 931 265 αξ-

145 282 268 317 ρόμενον,
290 279 336 306 καὶ
349 279 412 311 τοὺς
426 279 605 314 Χριστιανοὺς
619 280 647 306 ὲν
660 279 788 315 ὀδυρμοῖς
804 281 849 307 καὶ
863 280 930 316 θρή-

143 335 210 358 νοις,
221 325 271 352 κᾶν
283 326 323 357 είς
333 325 418 356 αὑτὰς
428 324 556 360 πέμψωσι
566 325 613 357 τὰς
623 326 672 361 τῆς
683 326 931 362 οἰκουμένηςὲσχα⁴

142 371 203 402 τιάς
227 371 281 398 Καὶ
296 371 350 398 τῶν
359 370 545 397 άποστολικῶν
555 370 582 397 δὲ
594 371 736 406 δογμάτων
750 371 788 407 μὴ
804 372 930 408 ὑπερμα-

142 418 199 452 χεῖν
221 417 251 443 οὐ
269 416 417 452 δυνάμεθα·
433 416 598 452 μεμνήμεθα
612 417 665 452 γὰρ
685 418 735 452 τῆς
750 418 932 452 ἁποστολικῆς

142 463 276 498 λεγούσης
288 463 389 498 φωνῆς·
409 473 418 489 ι
431 463 591 499 Πειθαρχεῖν
605 463 645 490 δεῖ
658 463 716 499 Θεῷ
735 463 836 499 μᾶλλον
850 464 866 499 ἦ
883 465 931 491 ἀν-

143 509 273 544 θρώποις.
292 519 302 535 ι
320 510 376 536 Καὶ
388 509 443 537 τῶν
463 510 579 537 ἐνταῦθα
591 510 621 537 δὲ
635 510 766 545 λυπηρῶν
781 511 811 537 τὸ
827 510 873 537 τοῦ
887 512 932 537 Δε-

144 555 243 582 σπότου
256 555 374 591 Χριστοῦ
388 555 561 592 δικαστήριον
574 557 638 591 ἡμῖν
649 555 846 592 φοϐερώτερον·
863 556 932 583 ὲκεί-

143 609 181 635 νῳ
193 600 248 636 γὰρ
268 600 369 631 πάντες
385 600 628 636 παραστησόμεθα,
642 600 695 627 τῶν
718 600 870 636 εἰρημένων
884 601 931 627 καὶ

981 238 1074 264 tentia:
1092 247 1099 264 ε
1122 247 1130 262 ι
1142 236 1260 264 Obedire
1280 242 1389 272 oportet
1410 239 1466 266 Deo
1482 239 1568 274 magis
1584 247 1666 273 quam
1681 240 1770 267 homi—

981 283 1103 310 nibus“.
1119 293 1128 308 ι
1157 283 1210 310 Sed
1224 287 1252 310 et
1268 284 1300 311 iis
1313 284 1441 312 omnibus
1458 292 1519 319 quae
1535 285 1579 312 hic
1590 286 1689 313 acerba
1707 291 1773 314 sunt

981 327 1182 355 formidabilins
1196 329 1276 356 nobis
1289 333 1330 356 est
1347 329 1455 356 Domini
1469 329 1604 362 tribunal,
1630 330 1674 356 cui
1689 330 1770 358 siste-

981 381 1044 400 tnur
1057 381 1162 406 omnes,
1181 373 1315 402 rationem
1331 374 1466 402 reddituri
1478 382 1575 402 eorum
1591 383 1652 410 qua:
1665 375 1771 410 egimus

981 420 1024 446 vel
1038 419 1123 446 locuti
1135 419 1270 446 sumus".
1300 419 1458 448 Tribunalis
1474 420 1548 448 illius
1566 422 1651 456 gratia
1670 422 1766 449 tolera-

982 465 1051 493 biles
1069 466 1149 493 nobis
1163 470 1227 494 sunt
1243 467 1306 494 vita:
1318 467 1461 502 praesentis
1476 468 1651 495 acerbitates.
1670 468 1771 496 Idonea

980 511 1054 538 enim
1064 511 1227 538 atllictorum
1234 512 1384 538 consolatio
1393 519 1455 546 spes
1463 511 1680 539 est-futurorum.
1688 512 1773 539 Nobis

980 564 1047 584 vero
1060 557 1172 584 alteram
1184 557 1284 592 adjecit
1296 557 1430 592 benignus
1442 557 1585 589 Dominus,
1597 558 1765 593 magnificen.

981 602 1046 629 tiam
1064 606 1138 629 luam
1155 602 1207 630 lide
1224 610 1256 630 ac
1269 603 1372 637 pietate
1384 603 1576 630 collucentem.

142 648 345 684 πεπραγμένων
358 647 473 678 εὐθύνας
489 647 641 681 ὑφέξοντες.
656 647 695 673 Δι’
710 647 797 674 ἐκεῖνο
809 647 839 674 τὸ
852 647 1026 683 δικαστήριον
1043 649 1149 683 φορητὰ
1181 649 1246 684 ἡμῖν
1278 648 1324 676 τοῦ
1341 649 1473 685 παρόντος
1506 649 1564 684 βίου
1598 649 1630 675 τὰ
1650 649 1772 683 σκυθρω-

143 694 193 721 πά.
211 693 347 729 Ἀρκοῦσα
368 693 421 729 γὰρ
444 693 607 728 ψυχαγωγία
632 695 686 725 τοῖς
707 693 895 729 ἀδικουμένοις
914 694 931 729 ἡ
950 694 1005 721 τῶν
1036 695 1186 730 μελλόντων
1201 694 1288 727 ἐλπίς.
1308 695 1389 730 Ἡμῖν
1406 695 1434 721 δὲ
1468 695 1660 730 προστέθεικεν
1682 695 1695 721 ὁ
1716 694 1774 729 φιλ-

142 741 286 776 άνθρωπος
297 739 436 774 Δεσπότης
452 740 498 765 καὶ
513 739 571 774 τὴν·
579 739 715 775 ὑμετέραν
736 739 932 775 μεγαλοφυῖαν,
953 740 1044 767 πίστει
1057 741 1103 767 καὶ
1116 740 1240 776 φιλοθεῖᾳ
1257 741 1501 776 λαμπρυνομένην,

335 796 376 822 Π’.
389 810 423 815 -
435 796 585 829 Εὑφεχίῳ
600 795 732 830 ὑπάρχῳ.

1151 795 1258 823 LXXX.
1271 811 1306 816 —
1320 795 1461 824 Eutrec/u'o
1476 797 1604 832 prwfecto.

182 852 344 888 Ἐθαύμασα
356 851 416 878 λίαν
437 851 478 877 ὅτι
493 851 540 883 τὰς
560 851 620 878 καθ’
635 851 713 886 ἡμῶν
733 850 879 882 ἐπιϐουλὰς
899 850 929 878 οὺ

1021 852 1104 880 Valde
1123 853 1239 880 miratus
1257 861 1329 886 sum,
1343 853 1377 881 de
1392 854 1506 881 structis
1527 859 1623 881 contra
1641 862 1691 882 nos
1705 855 1774 882 insi-

142 900 300 936 μεμήνυκεν
317 898 383 934 ἡμῖν
399 897 430 923 τὸ
453 897 586 933 ὑμέτερον
606 897 730 932 μέγεθος.
748 897 785 923 Τὸ
808 897 857 932 μὲν
877 895 932 931 γὰρ

139 945 267 973 διαλῦσαι
283 944 385 977 ταύτας
401 942 474 979 εἶχεν
492 943 556 975 ἴσως
575 943 717 970 δυσκολίαν
732 942 803 975 τινὰ,
818 942 849 969 τὺ
863 941 932 976 ψεῦ-

140 996 186 1027 δος
202 995 354 1028 ἐξελέγχειν
369 993 400 1019 οὐ
417 992 585 1026 δυναμένοις·
602 991 633 1017 τὸ
649 991 677 1017 δὲ
693 990 824 1024 γνωρίσαι
838 989 871 1016 τὰ
883 997 931 1016 τυ-

143 1041 287 1076 ρευόμενα,
300 1041 331 1065 οὺ
343 1039 502 1068 δυναστείας
516 1037 643 1073 ἔχρῃζεν,
661 1037 717 1063 ἀλλ’
736 1036 860 1071 εὐνοῖκῆς
873 1036 931 1062 δια-

142 1087 254 1119 θέσεως.
271 1087 327 1113 Καὶ
350 1086 430 1122 ἡμεῖς
464 1084 513 1120 μὲν
532 1084 699 1118 ἠλπίσαμεν,
720 1082 771 1117 τῆς
797 1083 932 1117 ὑμετέρας

136 1129 382 1169 ’μεγαλοπρεπείας
403 1132 443 1162 είς
466 1130 514 1166 τὴν
534 1129 657 1164 βασιλίδα
678 1128 824 1163 κληθείσης
844 1128 931 1157 πόλιν.

144 1180 192 1207 καὶ
207 1179 254 1206 τὸν
274 1178 376 1214 ὑψηλὸν
393 1177 448 1204 τῶν
461 1177 592 1211 ὑπάρχων
615 1175 709 1211 θρόνον
723 1174 859 1210 λαχούσης
873 1174 932 1200 δια-

144 1226 268 1260 κοσμεῖν,
294 1225 384 1251 πᾶσαν
403 1221 634 1258 ὲκκλησιαστικὴν
662 1219 932 1256 κατευνασθήσεσθαι

143 1271 240 1306 ζάλην.
263 1268 463 1304 Ἐπειρὰθημεν
481 1268 509 1295 δὲ
531 1267 663 1303 θορύϐων,
680 1266 728 1298 οὓς
745 1266 806 1292 οὐδὲ
821 1266 849 1292 ὲν
860 1266 932 1301 ἀρχῇ

141 1318 191 1353 τῆς
208 1316 374 1347 διαστάσεως
393 1314 564 1349 ἑωράκαμεν.
581 1315 626 1340 Ἐν
643 1313 751 1348 θρήνοις
765 1311 818 1347 γὰρ
839 1311 867 1337 αἱ
883 1311 933 1346 τῆς

140 1363 268 1399 Φοινίκης
284 1361 452 1396 Ἐκκλησίαι·
465 1361 493 1387 ὲν
507 1360 614 1395 θρήνοις
628 1359 657 1386 δὲ
667 1359 713 1386 καὶ
728 1359 756 1384 αἱ
769 1357 820 1393 τῆς
833 1357 934 1384 Παλαι-

143 1410 247 1444 στίνης,
263 1408 300 1440 ὡς
319 1408 438 1438 ἅπαντες
455 1405 668 1443 ἀπαγγέλλουσι’
683 1404 757 1439 δηλοῖ
776 1404 804 1431 δὲ
824 1404 853 1431 τὸ
870 1403 934 1430 πέν-

143 1455 189 1486 θος
200 1453 309 1481 καὶτῶν
322 1452 536 1486 θεοφιλεστάτων
551 1450 707 1477 ἐπισκόπων
719 1450 753 1476 τὰ
767 1449 930 1485 γράμματα.

142 1501 268 1527 Στένουσι
284 1499 311 1526 δὲ
329 1499 353 1526 οι
368 1498 433 1534 παρ’
450 1499 516 1533 ἡμῖν
529 1497 601 1531 ᾶγιοι
615 1496 744 1527 ἅπαντες,
761 1496 807 1522 καὶ
827 1496 881 1526 πᾶς
893 1495 934 1522 εύ-

142 1546 224 1581 σεόὴς
242 1545 404 1580 ὀλοφύρεται
424 1543 564 1577 σύλλογος·
580 1544 628 1570 καὶ
643 1542 749 1569 παῦλαν
762 1542 816 1568 τῶν
832 1541 932 1576 προτέ-

985 1542 1160 1577 congregatio

144 1601 198 1628 ρων
225 1591 352 1628 ταραχῶν
369 1590 582 1627 προσδοκῶντες,
608 1590 704 1625 ἑτέρας
737 1589 817 1616 πάλιν
840 1588 933 1622 ἐδεξά-

143 1637 222 1674 μεθα.
242 1638 297 1664 Καὶ
311 1637 366 1673 γὰρ
379 1637 459 1672 ἡμεῖς
473 1637 512 1668 είς
524 1636 574 1671 τὴν
586 1635 676 1670 Κύρου
699 1634 932 1670 περιωρίσοημεν,

142 1685 221 1719 εἴπερ
235 1683 334 1718 ἀληθὲς
344 1683 374 1709 τὺ
388 1681 492 1717 δειχθὲν
503 1681 559 1713 (67)
574 1682 639 1716 ἡμῖν
655 1680 707 1716 [τὸ]
718 1680 932 1716 ὑπομνηστικὸν,

142 1730 156 1756 ὃ
172 1738 253 1764 φασιν
269 1729 315 1756 ὑπ’
331 1728 413 1756 αὐτοῦ
440 1727 595 1763 γεγράφθαι
612 1727 659 1753 τοῦ
675 1726 830 1753 καλλινίκου
855 1726 934 1761 ἡμῶν

143 1775 284 1810 βασιλέως⁶
302 1774 356 1810 ἔχει
380 1774 408 1801 δὲ
433 1773 529 1806 οὕτως’
549 1783 558 1800 ι
575 1773 683 1809 Ἐπειδὴ
704 1774 717 1799 δ
739 1772 812 1799 δεῖνα
834 1773 848 1799 ὁ
869 1773 934 1807 τῆσ-

143 1822 171 1849 δε
181 1819 231 1855 τῆς
245 1821 348 1853 πόλεως
359 1821 509 1852 ἐπίσκοπος
527 1819 646 1854 συνεχῶς
658 1818 780 1853 ἁθροίζει
797 1818 933 1849 συνόδους,

143 1868 190 1894 καὶ
216 1867 344 1902 ταράττει
377 1865 456 1892 τοῦτο
485 1865 549 1896 τοὺς
586 1864 760 1899 ὸρθοδόξους,
788 1864 857 1898 μετὰ
885 1864 934 1898 τῆς

143 1912 333 1948 προσηκούσης
347 1910 495 1946 ἐμμελείας
514 1909 560 1936 καὶ
581 1910 739 1945 φρονήσεως
755 1909 934 1944 παρασκεύα-

144 1967 190 1984 σον
214 1958 296 1984 αὐτὴν
323 1958 351 1983 ὲν
374 1958 408 1992 τῇ
437 1956 522 1991 Κύρῳ
550 1955 666 1989 διάγειν,
689 1954 737 1981 καὶ
766 1955 807 1986 εἰς
836 1954 933 1989 ἑτέραν

145 2004 182 2038 μὴ
199 2003 308 2030 ἀπιέναι
330 2002 417 2030 πόλιν.
437 2011 445 2028 ι
472 2001 544 2036 Ἐγὼ
565 2001 614 2037 μὲν
629 1999 675 2028 οὖν
686 2000 798 2037 ἔστερξα
815 2001 865 2035 τὴν
881 2000 933 2035 ψῆ-

143 2058 203 2084 φον,
221 2049 268 2076 καὶ
284 2048 333 2085 τὴν
347 2048 462 2084 ἡσυχίαν
475 2047 645 2082 ἀσπάζομαι.
662 2047 716 2073 Καὶ
730 2047 865 2082 μαρτυρεῖ
881 2054 932 2080 μου

143 2097 176 2131 τῇ
197 2095 294 2131 γνώμῃ
316 2095 347 2121 τὸ
361 2094 493 2130 ὑμέτερον
519 2093 644 2128 μέγεθος.
658 2090 719 2119 Οἵδε
738 2093 792 2127 γὰρ
806 2093 880 2123 ὅπως
895 2093 934 2123 εἰς

143 2142 191 2177 τὴν
213 2142 378 2176 Ἀντιόχειαν
390 2140 494 2172 εἰσιὼν,
512 2139 687 2170 ἀσυντάκτως
699 2138 798 2174 ἐξῄειν,
813 2138 857 2164 διὰ
871 2138 933 2168 τοὺς

144 2187 266 2222 ἐπισχεῖν
280 2186 373 2213 αὐτόθι
392 2194 425 2221 με
446 2184 634 2220 βουλομένους.
658 2182 806 2218 ἸΙδίκησ-αν
820 2181 849 2208 δὲ
865 2189 933 2217 προ-

139 2228 236 2271 ςφανῶς
251 2233 276 2259 οἱ
291 2233 339 2264 τὰς
355 2232 440 2263 ἀκοὰς
463 2231 596 2266 ἑκατέρας
617 2229 763 2260 δεδωκότες
780 2230 835 2260 τοῖς
850 2236 932 2254 συκοο

138 2277 270 2321 ράντοις,
288 2279 335 2305 καὶ
353 2278 470 2314 θατέραν
485 2279 550 2313 ἡμῖν
566 2277 596 2303 οὐ
614 2276 790 2311 φυλάξαντες.
809 2275 864 2302 Καὶ
879 2275 934 2310 γὰρ

148 2328 201 2359 τοῖς
213 2325 396 2360 ἀνδροφόνοις,
409 2323 456 2350 καὶ
472 2324 527 2354 τοῖς
539 2323 588 2354 τὰς
602 2318 746 2358 ἀλλοτρίας
760 2321 934 2348 ἀποσυλῶσιν

147 2373 237 2404 εὐνὰς,
254 2370 402 2405 ἀπολογίας
417 2369 520 2396 δέδοται
532 2369 619 2404 χώρα,
637 2368 683 2394 καὶ
699 2367 729 2394 οὐ
745 2367 876 2402 πρότερον
888 2365 932 2392 δέ-

146 2427 236 2456 χοντσι
253 2417 303 2452 τῆς
322 2415 457 2452 τιμωρίας
478 2414 528 2450 τὴν
551 2414 651 2450 ψῆφον,
665 2414 717 2445 ἓως
734 2413 767 2440 av
782 2412 933 2447 ἐλεγχθῶσι

146 2464 290 2499 παρόντες,
307 2462 324 2497 ἢ
343 2461 604 2497 συνομολογήσωσιν,
618 2460 655 2491 ὼς
672 2459 774 2495 ἀληθὴς
794 2460 810 2494 ἡ
830 2458 934 2494 γραφή.

145 2509 304 2545 Ἀρχιερεὺς
313 2508 341 2535 δὲ
352 2507 435 2535 πέντε
447 2507 495 2534 καὶ
510 2507 596 2533 εἴκοσι
611 2506 799 2541 ὲπισκοπήσας
814 2504 871 2540 ἔτη,
889 2504 936 2529 καὶ

145 2556 190 2583 τὸν
215 2555 268 2592 πρὸ
285 2554 380 2582 τούτου
408 2553 503 2589 χρόνον
528 2553 556 2579 ἐν
578 2551 737 2588 ἁσκητηρίῳ
759 2550 869 2586 βιώσας,
885 2550 934 2576 οὐκ

145 2601 292 2637 ἐνοχλήσας
304 2600 370 2627 ποτὲ
381 2599 565 2634 δικαστήριον,
579 2597 640 2624 οὐδὲ
656 2596 733 2632 παρὰ
755 2605 802 2623 του
827 2596 935 2622 πώποτε

145 2647 254 2682 γραφὴν
277 2645 436 2681 ὑπομείνας.
458 2643 641 2678 συκοφαντίας
666 2642 811 2677 γεγένηται
832 2650 936 2677 παραν-

145 2694 254 2728 άλωμα,
266 2693 327 2719 οὐδὲ
346 2693 402 2724 τοῖς
425 2690 616 2727 τυμϐωρύχοις
639 2689 837 2725 παραπλησίως
856 2688 936 2722 ἀξιω-

183 2784 206 2800 ⁶³
222 2784 281 2811 Act.
293 2792 320 2815 v,
330 2782 374 2810 ‘29.
413 2783 435 2798 ⁵⁸
448 2783 526 2810 Rom.
540 2790 593 2814 xtv,
612 2780 652 2808 l0.

185 2863 239 2898 (ῦῖ)
256 2862 284 2888 τὸ
296 2861 399 2895 δειχθὲν
413 2860 504 2892 ιιάᾶὶάί
518 2867 533 2886 e
549 2859 632 2894 Neap.

269 2909 405 2940 PAruOL.
428 2907 486 2937 Gn.
510 2906 560 2936 LX
569 2905 669 2935 XXIll.

983 898 1037 925 diis
1051 899 1120 926 nihil
1133 906 1194 927 esse
1207 898 1288 926 nobis
1300 907 1316 926 a
1329 899 1518 934 magnitudine
1533 904 1623 927 vestra
1635 901 1773 936 signiﬁca-

984 949 1052 972 tum.
1065 945 1174 972 Etenim
1192 945 1241 972 has
1256 949 1381 972 evertere
1398 945 1514 981 alicujus
1529 945 1643 973 fortasse
1655 947 1773 975 ditlicul-

984 991 1048 1018 tatis
1063 995 1124 1017 erat
1137 990 1180 1022 iis,
1194 990 1242 1025 qui
1255 990 1363 1017 illarum
1377 991 1523 1018 falsitatem
1539 992 1703 1027 redarguere
1719 1001 1774 1021 non

983 1042 1119 1072 possunt:
1138 1037 1171 1064 ad
1189 1045 1220 1064 ea
1236 1044 1302 1063 vero
1322 1037 1427 1072 1137
1442 1037 1587 1065 indicanda
1604 1047 1664 1073 quae
1683 1044 1774 1067 struc-

983 1083 1095 1115 bantur,
1107 1090 1162 1110 non
1174 1083 1296 1117 potentia
1309 1091 1378 1118 opus
1389 1083 1449 1115 fuit,
1458 1084 1507 1111 sed
1519 1084 1653 1112 benevolo
1663 1085 1774 1113 all‘ectu.

983 1129 1017 1156 Et
1033 1137 1083 1155 nos
1096 1128 1207 1163 quidem
1225 1129 1416 1163 sperabamus,
1433 1137 1496 1156 cum
1516 1129 1543 1156 in
1563 1130 1659 1157 urbem
1672 1132 1774 1166 regiam

984 1176 1087 1202 accitus
1105 1183 1191 1208 esses,
1208 1179 1290 1210 atque
1308 1175 1443 1203 excelsam
1465 1175 1658 1210 praefectorum
1682 1177 1775 1204 sedem
1801 1187 1821 1205 ,ί

985 1221 1132 1256 regendam
1156 1228 1325 1255 capesseres,
1344 1221 1546 1248 ecclesiasticos
1571 1226 1662 1249 motus
1680 1230 1776 1251 omnes

985 1267 1191 1302 conquieturos.
1201 1267 1235 1294 At
1243 1274 1308 1294 vero
1322 1267 1417 1294 turbas
1428 1267 1531 1301 experti
1546 1275 1651 1300 sumus,
1661 1273 1777 1303 quantas

984 1321 1035 1341 nec
1054 1314 1081 1340 in
1093 1313 1201 1340 discidii
1216 1312 1330 1340 exordio
1344 1313 1474 1340 vidimus.
1494 1313 1522 1340 ln
1539 1313 1614 1340 luctu
1631 1314 1703 1341 enim
1716 1322 1777 1342 ver-

984 1363 1081 1386 santur
1094 1358 1224 1386 Ecclesiae
1235 1358 1391 1390 Phomices,
1404 1359 1561 1393 pariterque
1583 1359 1610 1386 in
1626 1359 1701 1387 luctu
1717 1367 1778 1395 quat

985 1404 1012 1431 in
1031 1404 1174 1431 Palaestina
1188 1407 1263 1435 sunt,
1275 1408 1306 1430 ut
1324 1404 1445 1431 referunt
1459 1412 1565 1437 omnes,
1579 1410 1607 1432 et
1621 1406 1667 1433 Dei
1682 1413 1778 1433 aman-

985 1450 1154 1477 tissimorum
1168 1450 1360 1485 episcoporum
1374 1450 1475 1477 littera:
1484 1451 1592 1478 docent.
1603 1451 1721 1479 Gelnunt
1730 1452 1778 1486 qui

985 1496 1057 1530 apud
1076 1503 1127 1523 nos
1143 1499 1208 1522 sunt
1226 1495 1313 1523 sancti
1331 1502 1437 1527 omnes,
1450 1496 1606 1530 plangitque
1628 1497 1671 1531 pia
1689 1498 1779 1524 omnis

1191 1552 1197 1568 :
1225 1546 1253 1569 et
1280 1550 1342 1570 cum
1377 1542 1558 1577 pristinarum
1591 1543 1778 1570 molestiarum

989 1588 1068 1616 finem
1092 1593 1326 1624 exspectaremus,
1345 1589 1371 1615 in
1391 1589 1459 1615 alias
1479 1596 1577 1616 rursus
1593 1589 1710 1623 conjecti
1730 1597 1778 1616 su-

988 1643 1058 1663 mus.
1075 1635 1196 1670 Relegali
1211 1635 1284 1661 enim
1306 1643 1338 1662 ac
1359 1634 1562 1669 circumscripti
1584 1634 1655 1670 Cyro
1672 1643 1779 1668 sumus,

988 1682 1009 1708 si
1037 1689 1132 1708 verum
1157 1685 1199 1708 est
1220 1680 1480 1710 commonitorium.
1506 1679 1579 1715 quod
1605 1681 1778 1715 accepimus,

987 1727 1059 1762 quod
1074 1726 1186 1754 victoris
1203 1726 1288 1761 ipsius
1302 1725 1417 1761 Augusti
1431 1733 1512 1752 manu
1528 1726 1660 1760 scriptum
1678 1726 1779 1758 ferunt,

987 1777 1015 1799 ct
1044 1772 1081 1799 ita
1106 1779 1135 1798 se
1162 1771 1271 1798 habet:
1297 1780 1306 1795 ι
1326 1770 1460 1803 Quoniam
1488 1770 1533 1797 ille
1560 1771 1680 1798 civitatis
1707 1771 1781 1798 illirs

987 1818 1134 1852 episcopus
1163 1817 1272 1843 assidue
1299 1819 1448 1851 congregat
1471 1816 1607 1851 synodos,
1633 1817 1780 1851 turbatque

987 1872 1019 1891 ea
1044 1871 1088 1890 res
1112 1861 1291 1892 ortltodoxos,
1310 1861 1344 1888 da
1363 1869 1474 1895 operam
1495 1862 1658 1896 congruenti
1684 1862 1780 1889 mode-

989 1907 1095 1933 ratione
1112 1914 1144 1933 ac
1159 1905 1315 1940 prudentia,
1334 1909 1364 1932 ut
1385 1905 1409 1932 is
1423 1905 1494 1941 Cyro
1513 1913 1542 1933 se
1563 1906 1712 1939 contineat,
1729 1915 1780 1934 nec

988 1951 1021 1978 ad
1032 1951 1113 1978 aliam
1122 1950 1262 1977 civitatem
1280 1950 1496 1985 proficiscatur.»
1508 1950 1565 1985 Ego
1576 1951 1659 1986 igitur
1672 1953 1698 1978 in
1716 1960 1781 1979 sen-

988 1996 1073 2024 tentia
1090 1995 1226 2030 acquievi,
1243 2000 1271 2022 et
1289 1995 1410 2029 quietem
1433 1995 1572 2030 amplexus
1590 2004 1661 2023 sum.
1676 1997 1780 2025 Testis-

987 2051 1040 2078 que
1056 2041 1139 2069 animi
1158 2041 1211 2068 mei
1228 2046 1270 2068 est
1286 2041 1446 2076 magnitudo
1462 2042 1470 2051 '
1485 2046 1540 2068 tua.
1556 2041 1612 2069 Scit
1625 2043 1710 2075 enim,
1726 2051 1780 2078 quo

987 2093 1082 2123 pacto,
1105 2087 1278 2115 Antiochiam
1303 2095 1366 2114 cum
1391 2087 1543 2119 venissem,
1564 2095 1619 2114 non
1645 2088 1780 2116 valedicto

987 2135 1112 2166 exierim,
1133 2138 1246 2169 propter
1262 2135 1313 2161 eos
1333 2133 1380 2167 qui
1396 2141 1440 2161 me
1458 2133 1526 2160 inibi
1547 2133 1670 2160 detinere
1684 2135 1780 2169 cupies

988 2182 1063 2209 bant.
1081 2181 1135 2209 Sed
1152 2179 1245 2215 injurii
1263 2180 1359 2215 procul
1376 2179 1461 2207 dubio
1476 2179 1597 2212 fuerunt,
1618 2180 1665 2214 qui
1687 2180 1781 2207 ambas

986 2236 1066 2255 aures
1087 2226 1332 2254 calumniatoribus
1347 2225 1494 2258 dederunt,
1507 2233 1559 2253 nec
1573 2226 1685 2253 alteram
1701 2225 1780 2253 nobis

987 2277 1174 2302 reservarunt.
1199 2273 1265 2300 Nam
1291 2276 1320 2300 et
1344 2271 1502 2303 ltomicidis,
1525 2275 1553 2299 et
1576 2272 1680 2299 alienos
1705 2276 1780 2299 toros

987 2320 1196 2351 invadentibus,
1224 2318 1394 2345 defensiOnis
1421 2318 1498 2345 locus
1526 2317 1703 2350 conceditur;
1729 2325 1781 2344 nec

986 2368 1064 2402 prius
1090 2364 1275 2393 damnationis
1300 2363 1408 2398 1138
1436 2364 1598 2390 sententiam
1627 2363 1778 2398 excipiunt.

986 2421 1068 2449 quam
1090 2415 1237 2448 praesentes
1258 2409 1377 2438 convicti
1398 2408 1510 2440 fuerint,
1530 2408 1572 2435 vel
1589 2408 1717 2439 confessi,
1734 2415 1780 2435 ve-

990 2467 1047 2487 ram
1059 2465 1120 2485 essc
1135 2456 1366 2484 criminationem.
1381 2453 1414 2481 At
1427 2454 1559 2489 pontifex,
1573 2454 1619 2488 qui
1636 2453 1780 2488 episcopa-

986 2513 1044 2535 tum
1071 2503 1169 2538 viginti
1192 2502 1315 2537 quinque
1339 2499 1420 2527 annis
1442 2499 1541 2533 gessit.
1569 2503 1597 2525 et
1623 2498 1781 2533 praecedens

988 2559 1097 2588 tempus
1119 2551 1146 2577 in
1170 2548 1338 2576 monasterio
1360 2547 1448 2575 duxit.
1465 2545 1512 2580 qui
1527 2553 1579 2572 nec
1599 2544 1687 2571 forum
1703 2545 1780 2580 judi-

987 2598 1056 2626 ciale
1087 2593 1272 2630 interpellavit
1297 2599 1428 2626 unquam,
1444 2598 1495 2617 nec
1521 2589 1555 2616 ab
1577 2589 1634 2616 ullo
1659 2596 1780 2623 unquam

989 2652 1052 2671 reus
1069 2647 1112 2670 est
1127 2645 1265 2677 peractus,
1284 2637 1429 2666 calumnia:
1448 2636 1536 2664 factus
1555 2639 1597 2662 est
1615 2634 1778 2665 ludibrium,

988 2697 1023 2717 ne
1043 2688 1068 2716 id
1088 2687 1198 2723 quidem
1213 2685 1286 2721 quod
1304 2683 1496 2719 sepulcrorqu
1517 2681 1676 2709 eth-actores
1692 2680 1781 2709 solent

1595 2894 1634 2925 40
