1962 3051
157 192 223 225 1261

801 188 982 218 EPISTULA
1000 188 1129 217 LXXXI.

1712 183 1779 214 1262

155 247 318 285 φρονοῦμεν,
337 248 492 275 εἰπάτωσαν
510 248 534 273 οἱ
548 247 698 282 κρίνοντες.
720 246 795 271 ποῖον
813 244 940 279 φρόνημα

1003 249 1052 269 nus
1065 241 1170 277 1140
1182 249 1231 268 nos
1242 249 1301 275 qua:
1314 240 1457 271 sentimus,
1472 237 1778 279 primuntientjudices,

157 294 300 328 συμϐαίνει
315 295 348 328 τῇ
363 293 417 320 τῶν
431 292 587 319 ἀποστόλων
600 290 768 324 διδασκαλίᾳ.

198 391 278 418 Ἀλλά
297 399 329 426 γε
344 391 430 418 ταῦτα
447 391 584 426 γέγραφα,
600 390 663 417 οὔτε
682 390 731 425 τὴν
748 389 878 424 μεγίστην
895 389 938 415 πό·

157 437 198 464 λιν
213 437 276 464 ἰδεῖν
291 436 444 472 ἐφιέμενος,
458 436 520 462 οὔτε
539 437 578 468 εἰς
592 436 675 470 ἄλλην
693 436 799 470 ἀπᾶραι
818 435 943 469 γλιχόμε-

158 492 212 514 νος.
236 482 281 518 Τῷ
306 481 362 509 tm
387 482 441 518 γὰρ
460 482 559 517 μᾶλλον
577 480 734 515 ἀσπάζομαι
762 480 810 516 τὴν
827 481 942 515 ἡσυχίαν

157 528 212 555 τῶν
227 529 255 554 ὲν
269 527 408 563 μοναχικῷ
424 528 599 562 προσχήματι
618 527 668 559 τὰς
689 520 853 562 Ἐκκλησὶας
872 529 943 553 οῑκο-

159 575 250 609 νομιίν
266 573 446 609 βουλομένων.
465 574 545 600 Ἲστω
560 573 613 608 γὰρ
627 572 703 608 ὑμῶδ
721 574 750 599 τὸ
766 573 891 608 μέγεθος,
906 573 943 604 ὡς

158 619 220 646 οὗτε
232 620 278 646 ἐπὶ
293 619 339 645 τοῦ
367 619 579 654 μακαριωτάτου
598 619 644 645 καὶ
657 619 685 644 ὲν
700 619 794 652 ἁγίοις»
804 618 942 650 Θεοδότου,

158 664 220 691 οὔτε
241 665 288 690 ἐπὶ
314 663 360 690 τοῦ
380 664 429 699 τῆς
447 663 585 699 μακαρίας
601 664 712 698 μνήμης
731 663 863 695 Ἰωάννου,
883 662 945 689 οὔτε

160 709 205 737 ἐπὶ
216 710 262 736 τοῦ
280 709 431 743 ἀγιωτάτου
455 709 607 735 ἐπισκόπου
632 709 726 744 κυρίου
742 709 857 743 Δόμνου,
874 708 945 735 ἑκὼν

160 758 200 787 εἰς
211 755 261 790 τὴν
281 755 446 790 Ἀντιόχειαν
463 754 567 789 εἰσῄειν
581 763 588 769 ·
606 754 673 781 ἀλλὰ
693 754 741 780 καὶ
757 754 886 787 πεντάκις
898 753 945 780 καὶ

160 801 253 833 ἑξάκις
276 800 444 835 καλούμενος
469 800 544 835 μόλις
568 800 719 834 ὑπήκουον·
744 800 791 826 καὶ
810 799 945 835 ὑπήκουον

158 847 198 882 τῷ
213 845 432 882 ἐκκλησιαστικῷ
447 846 539 872 κανόνι
552 845 722 881 πειθόμενος,
738 845 767 876 ὃς
782 844 945 871 κινδυνεύειν

160 891 378 928 παρακελεύεται
396 891 439 918 τὸν
457 891 623 926 καλούμενον
641 892 681 923 εἰς
697 891 816 921 σύνοδον,
832 890 878 916 καὶ
893 898 946 916 πα-

162 926 319 972 ραγίνεσθαι
335 937 371 972 μὴ
387 937 558 972 βουλόμενον.
573 937 711 968 Είσιόντες
735 936 764 962 δὲ
781 936 806 962 τί
822 935 876 962 τῶν
892 936 945 961 ἀπ·
962 926 983 954 Β

160 982 331 1018 αρεσκὸντων
345 981 403 1016 Θεῷ
418 981 626 1016 πεποιήκαμεν;
642 982 682 1008 ὅτι
697 981 742 1007 τὸν
756 982 828 1008 δεῖνα
841 982 887 1008 καὶ
903 981 947 1006 τον

159 1028 234 1055 δεῖνα
256 1027 336 1062 σιγῆς
363 1027 439 1060 ἀξίας
465 1027 639 1062 παρανομίας
666 1027 869 1062 τετολμηκότας
893 1026 948 1052 τῶν

160 1073 242 1110 ἱερῶν
257 1073 429 1109 ὲχωρίσαμεν
447 1073 624 1107 καταλόγων;
642 1073 682 1099 ὅτι
706 1072 768 1104 τοὺς
783 1072 948 1107 ἐπαινουμέ-

161 1128 222 1151 νους
237 1120 285 1146 καὶ
302 1119 351 1154 βίῳ
364 1118 569 1154 κοσμουμένους
584 1119 617 1154 τῇ
628 1119 678 1153 τῆς
695 1118 845 1155 ἱερωσύνης
858 1127 949 1154 χειρο-

161 1165 236 1201 τονίᾳ
254 1166 444 1201 προσάγομεν;
462 1166 504 1192 ὃτι
524 1167 581 1197 τοῖς
596 1165 671 1197 λαοῖς
695 1165 744 1201 τὴν
769 1165 950 1200 εὐαγγελικὴν

162 1211 337 1238 διδασκαλίαν
359 1212 568 1247 προσφέρομεν;
594 1212 624 1238 Et
652 1211 738 1238 ταῦτα
757 1212 866 1246 γραφῆς
887 1211 950 1243 ἄξια

163 1256 212 1282 καὶ
226 1256 372 1292 τιμωρίας,
391 1256 437 1283 καὶ
454 1257 502 1288 τὰς
525 1256 633 1291 μείζους
649 1257 719 1292 ὑπὲρ
736 1256 839 1283 τούτων
854 1257 950 1291 ἥδιστα

162 1301 297 1337 τιμωρίας
320 1301 463 1337 δεχόμεθα.
494 1302 574 1328 Ἀλλὰ
592 1302 645 1338 γὰρ
669 1302 853 1336 ἀναγκάζουσι
868 1311 901 1338 με
925 1303 950 1329 ot

164 1347 339 1381 συκοφάνται.
364 1347 419 1374 Καὶ
444 1347 497 1383 πρὸ
524 1347 609 1381 αὐτῆς
638 1347 688 1382 τῆς
715 1347 871 1382 συλλήψεως
900 1347 951 1373 ὐπ-

163 1392 273 1428 έσχοντό
290 1401 324 1428 με
337 1392 375 1428 τῷ
391 1392 451 1428 Θεῷ
469 1393 634 1428 προσφέρειν
651 1394 676 1419 οἱ
699 1393 844 1427 φύσαντες,
859 1394 905 1420 καὶ
919 1395 950 1420 ἐκ

164 1439 332 1474 σπαργάνων
347 1439 418 1465 κατὰ
435 1439 484 1471 τὰς
500 1438 667 1473 ἐπαγγελίας
685 1439 833 1474 ἀνέθηκαν,
848 1439 951 1474 τροφῆς

162 1483 291 1520 τοιαύτης
306 1484 437 1519 ἠξίωσαν.
454 1484 497 1510 Ἐν
513 1485 687 1520 μοναστηρίῳ
700 1484 746 1510 τὴν
764 1484 816 1519 πρὸ
832 1484 882 1519 τῆς
893 1485 952 1510 ἐπι-

166 1529 268 1564 σκοπῆς
281 1529 438 1561 διατελέσας
456 1530 563 1565 χρόνον,
579 1529 653 1556 ἄκων
669 1529 717 1565 τὴν
733 1530 782 1564 τῆς
798 1530 952 1565 ἐπισκοπῆς

164 1574 298 1609 ἐδεξάμην
315 1575 492 1610 χειροτονίαν.
519 1575 604 1602 Πέντε
629 1576 676 1602 καὶ
701 1575 788 1601 εἴκοσι
813 1575 951 1602 διετέλεσα

165 1619 223 1654 ἔτη,
236 1619 297 1646 οὔτε
309 1620 514 1655 κατεντευχθεὶς
527 1620 578 1646 ὑπό
589 1629 670 1652 τινος,
682 1620 744 1647 οὔτε
758 1621 952 1656 αἰτιασάμενος

164 1666 268 1701 ἕτερον.
282 1666 319 1692 οὗ
335 1665 524 1701 προσήδρευσέ
540 1675 581 1696 τις
595 1666 763 1701 δικαστηρίῳ
776 1667 829 1693 τῶν
844 1668 890 1694 ὑπ’
902 1667 952 1703 ἐμὲ

165 1710 373 1737 εὑλαϐεστάτων
399 1709 537 1745 κληρικῶν
562 1710 591 1736 ὲν
615 1710 753 1742 τοσούτοις
778 1710 877 1737 ἔτεσιν.
896 1711 953 1738 Οὐκ

165 1755 267 1786 ὀόολὺν,
282 1755 330 1790 οὐχ
346 1755 453 1790 ἱμάτιον
470 1756 544 1790 παρά
555 1763 627 1786 τινος
640 1755 784 1789 ἐδεξάμην.
793 1755 861 1782 Ἕνα
872 1754 953 1790 ἄρτον

166 1799 183 1834 ἢ
199 1799 252 1826 ὠὸν
265 1800 352 1831 οὐδεὶς
367 1799 422 1826 τῶν
450 1800 525 1835 ἐμῶν
545 1799 677 1825 συνοίκων
699 1799 808 1832 ἐδέξατο
831 1799 952 1826 πώποτε.

168 1845 241 1880 Πλὴν
252 1844 306 1871 τῶν
323 1844 425 1880 ῥακίων
438 1841 475 1871 ὧν
487 1844 699 1879 περιῦέϐλημαι,
711 1845 787 1870 οὐδὲν
801 1844 954 1879 κτήσασθαι

167 1890 332 1925 ἠνεσχόμην.
351 1890 489 1925 Δημοσίας
504 1889 585 1921 στοὰς
599 1890 631 1915 ὲκ
649 1889 703 1915 τῶν
719 1889 955 1925 ἐκκλησιαπικῶν

167 1936 307 1971 προσόδων
328 1935 482 1969 ἁνέστησα”
501 1935 626 1969 γεφύρας
645 1935 691 1961 δύο
709 1935 838 1969 μεγίστας
855 1935 955 1971 ᾠκοδὸ-

171 1990 257 2018 μησα,
271 1981 393 2014 λουτρῶν
408 1980 581 2016 ἐπεμελήθην
597 1980 697 2007 κοινῶν
710 1988 716 1995 ·
732 1982 763 2007 ἐκ
781 1980 828 2007 τοῦ
847 1981 956 2017 παραρ-

170 2028 278 2064 ρέοντος
297 2025 420 2061 ποταμοῦ
445 2027 496 2061 τὴν
525 2025 602 2052 πόλιν
630 2027 667 2061 μὴ
693 2026 875 2061 ὑδρευομένην
898 2026 954 2062 (7‘2)

170 2073 268 2108 εὑρὼν,
293 2072 339 2098 τὸν
357 2071 466 2106 ἀγωγὸν
490 2071 690 2103 κατεσκεύασα,
704 2072 752 2098 καὶ
770 2071 819 2107 τὴν
842 2071 955 2107 ἄνυδρον

171 2119 247 2146 πόλιν
265 2119 368 2146 ὑδάτων
382 2118 538 2154 ὲπλήρωσα.
558 2119 611 2144 Καὶ
636 2119 680 2144 ἵνα
698 2118 785 2145 ταῦτα
802 2119 954 2148 καταλίπω.

171 2166 266 2201 κώμας
281 2165 353 2191 ὀκτὼ
368 2165 416 2199 τῆς
431 2164 604 2199 Μαρκίωνος,
622 2164 667 2189 καὶ
688 2163 736 2195 τὰς
760 2163 840 2199 πέριξ
860 2163 956 2199 κειμέ-

170 2220 228 2242 νας,
244 2211 363 2246 ἁσμένας
376 2211 431 2245 (73)
461 2210 528 2245 πρὸς
546 2210 596 2245 τὴν
622 2210 753 2244 ἀλήθειαν
779 2209 954 2245 ὲποδήγησα·

993 295 1117 322 quaenam
1135 286 1271 314 sententia
1286 286 1417 313 doctrinae
1436 284 1592 320 apostolica:
1611 284 1646 311 sit
1666 290 1780 310 consen—

993 335 1083 358 lanea.

1029 386 1221 413 Verumtamen
1247 386 1304 412 haec
1329 386 1364 412 ita
1388 387 1495 421 scripsi,
1517 394 1571 413 non
1592 386 1665 421 quod
1687 386 1781 414 videre

991 432 1100 466 cupiam
1116 432 1261 459 maximam
1282 433 1430 463 civitatem,
1445 433 1487 459 vel
1504 433 1530 459 in
1545 432 1625 459 aliam
1645 432 1782 467 proﬁcisci

992 477 1157 505 desiderem.
1172 479 1277 505 Revera
1293 479 1366 505 enim
1382 479 1474 512 quiete
1492 478 1582 512 potius
1597 478 1720 505 delector
1734 486 1782 505 eo-

994 531 1055 550 rum
1068 524 1113 558 qui
1129 524 1157 550 in
1174 528 1245 550 statu
1263 523 1424 550 monachico
1441 523 1575 550 Ecclesias
1590 523 1783 550 administrare

994 569 1100 596 volunt.
1114 569 1225 596 Noverit
1242 569 1315 597 enim
1336 568 1494 603 magnitudo
1509 573 1566 601 tua,
1584 576 1626 596 me
1642 576 1693 595 nec
1713 572 1783 595 tem—

995 621 1061 647 pore
1076 614 1227 640 beatissimi
1251 614 1393 648 sanctique
1410 613 1554 645 Theodoti,
1568 621 1618 640 nec
1634 614 1684 640 sub
1698 613 1785 640 beatae

995 660 1136 687 memorim
1147 660 1262 692 Joanne,
1276 668 1326 687 nec
1341 660 1392 687 sub
1409 660 1581 687 sanctissimo
1593 660 1722 694 episeopo
1734 660 1784 686 do—

996 705 1071 732 mino
1100 706 1216 738 Domno,
1243 711 1340 741 sponte
1370 714 1429 733 mea
1454 706 1572 733 intrasse
1595 706 1784 737 Antiochiam,

996 751 1043 778 sed
1058 752 1205 786 quinquies
1225 759 1255 779 ac
1273 752 1362 780 sexies
1380 756 1504 779 vocatum
1520 753 1565 780 vix
1581 752 1714 787 paruisse.
1734 752 1785 779 Pa-

997 797 1089 823 rebam
1113 801 1204 824 autem
1228 801 1258 824 ut
1277 797 1465 825 ecclesiastico
1486 798 1585 826 eanoni
1608 798 1784 832 obsequerer,

997 843 1044 877 qui
1057 850 1134 870 reum
1148 844 1243 871 haberi
1253 844 1332 878 jubet
1344 851 1405 871 eum
1419 845 1466 879 qui
1481 845 1514 872 ad
1527 845 1660 880 synodum
1674 850 1787 873 vocatus

997 887 1093 915 adesse
1107 889 1239 915 noluerit.
1252 889 1368 924 lngressi
1380 893 1471 917 autem
1490 891 1555 925 quid
1572 890 1677 926 egimus
1691 898 1786 918 eorum

998 945 1059 972 qua:
1071 938 1128 965 Deo
1141 947 1196 966 non
1214 939 1323 973 placent
1333 940 1344 958 9
1359 947 1394 966 an
1410 939 1484 974 quod
1497 939 1571 965 hunc
1586 937 1628 964 vel
1642 937 1729 969 illum,
1740 936 1787 971 qui

1000 983 1080 1019 digna
1104 984 1214 1011 silentio
1244 983 1344 1019 ﬂagitia
1373 987 1504 1019 patrarat,
1527 991 1561 1010 ex
1582 982 1666 1010 sacris
1688 982 1789 1009 tabulis

999 1030 1198 1065 expunximus?
1225 1030 1300 1065 quod
1327 1030 1452 1057 laudatos
1476 1031 1586 1064 vitaque
1611 1029 1731 1056 illustres
1754 1027 1789 1054 ad

1000 1075 1146 1102 sacerdotii
1180 1075 1305 1103 ordinem
1340 1075 1553 1111 promovemus?
1577 1074 1650 1109 quod
1681 1073 1790 1108 populis

1000 1122 1183 1157 evangelieam
1203 1122 1355 1150 doctrinam
1381 1121 1579 1157 proponimus?
1601 1122 1609 1131 '
1630 1120 1658 1147 Si
1679 1127 1791 1147 accusa-

1002 1167 1075 1194 tione
1091 1168 1149 1195 haec
1169 1168 1250 1203 (ligna
1265 1173 1328 1195 sunt
1345 1171 1372 1194 et
1386 1167 1531 1202 supplicio,
1552 1168 1655 1202 majora
1677 1173 1727 1201 pro
1747 1165 1790 1192 bis

1001 1213 1133 1247 supplicia
1149 1213 1267 1241 libenter
1281 1213 1461 1240 admittimus.
1483 1212 1629 1238 Enimvero
1644 1211 1736 1238 dicere
1748 1218 1791 1238 me

1001 1262 1102 1292 cogunt
1130 1259 1313 1293 sycophantae.
1337 1258 1500 1292 Priusquam
1527 1265 1571 1284 me
1602 1256 1790 1291 conciperent,

1001 1303 1142 1330 oblaturos
1159 1311 1188 1331 se
1205 1303 1261 1330 Deo
1279 1303 1392 1338 polliciti
1415 1306 1478 1330 sunt
1492 1305 1631 1337 parentes,
1653 1306 1735 1336 atque
1758 1301 1792 1328 ab

1003 1349 1177 1376 incunabulis
1205 1353 1237 1376 ut
1263 1349 1446 1383 promiserant
1473 1347 1662 1379 devoverunt,
1690 1351 1718 1374 et
1741 1348 1793 1375 hoc

1003 1395 1083 1421 modo
1100 1394 1263 1422 educarunt.
1282 1394 1313 1421 In
1332 1393 1500 1421 monasterio
1519 1397 1627 1428 tempus
1643 1393 1715 1427 quod
1734 1393 1793 1428 epi-

1003 1445 1144 1474 scopatum
1169 1439 1308 1475 praecessit
1335 1447 1398 1466 cum
1425 1438 1586 1474 exegissem,
1604 1436 1708 1465 invitus
1733 1439 1793 1473 epi-

1003 1493 1103 1520 scopus
1120 1486 1264 1513 ordinatus
1286 1493 1357 1512 sum.
1383 1485 1477 1512 Annos
1497 1484 1594 1519 viginti
1615 1484 1737 1519 quinque
1758 1484 1794 1512 ita

1003 1530 1070 1562 vixi.
1081 1535 1112 1557 ut
1127 1538 1216 1565 neque
1229 1530 1256 1557 in
1267 1531 1312 1565 jus
1325 1534 1437 1557 vocatus
1452 1529 1503 1556 sim
1515 1536 1529 1556 a
1543 1536 1692 1563 quoquam,
1706 1536 1794 1563 neque

1006 1577 1064 1611 ipse
1083 1584 1248 1611 quemquam
1271 1575 1433 1603 accusarim.
1454 1574 1550 1602 Nullus
1574 1574 1794 1609 religiosissimo-

1005 1630 1064 1648 rum
1085 1622 1250 1649 clericorurn
1264 1621 1311 1656 qui
1327 1620 1378 1648 sub
1395 1627 1438 1647 me
1454 1619 1567 1646 fuerunt
1588 1619 1735 1647 tribunalia
1756 1624 1795 1646 tot

1004 1668 1083 1694 annis
1096 1667 1291 1702 frequentavit.
1306 1666 1366 1694 Non
1378 1665 1501 1698 obolum,
1514 1673 1567 1692 non
1581 1669 1685 1692 vestem
1697 1673 1712 1692 a
1725 1672 1796 1700 quo-

1004 1720 1085 1747 quam
1102 1712 1211 1747 accepi;
1233 1711 1336 1747 1141
1350 1718 1448 1746 panem
1461 1718 1557 1741 unum,
1572 1710 1614 1737 vel
1627 1718 1719 1742 ovum,
1735 1711 1797 1737 nul—-

1005 1755 1047 1782 lus
1062 1755 1276 1782 domesticorum
1291 1762 1415 1781 meorum
1431 1754 1538 1788 accepit
1554 1762 1683 1789 unquam.
1696 1755 1798 1782 Prmter

1005 1801 1178 1835 panuiculos,
1194 1801 1295 1835 quibus
1306 1801 1424 1828 amictus
1442 1808 1513 1831 sum,
1531 1800 1599 1826 nihil
1617 1801 1690 1827 volui
1708 1801 1797 1835 possi-

1006 1845 1080 1872 dere.
1101 1845 1230 1872 Publicas
1251 1845 1373 1880 porticus
1395 1853 1428 1872 ex
1448 1845 1584 1872 reditibus
1604 1846 1798 1874 ecclesiasticis

1005 1890 1091 1922 erexi.
1111 1895 1210 1924 pontes
1234 1891 1305 1918 duos
1326 1891 1460 1918 maximos
1482 1891 1616 1922 exstruxi,
1635 1891 1797 1918 balneorum

1006 1935 1178 1969 publicorum
1199 1943 1292 1962 curam
1310 1936 1398 1971 gessi;
1420 1943 1482 1962 cum
1499 1943 1532 1962 ex
1547 1935 1667 1963 alluente
1684 1936 1796 1963 ﬂumine

1006 1989 1091 2016 aquas
1117 1989 1171 2009 non
1199 1982 1373 2009 haurientem
1403 1982 1541 2009 civitatem
1567 1986 1664 2009 nactus
1691 1990 1796 2016 essem,

1007 2026 1199 2061 aquzeductum
1220 2027 1342 2059 condidi,
1359 2031 1388 2054 et
1408 2031 1547 2054 carentem
1568 2027 1646 2061 aquis
1659 2027 1797 2055 civitatem

1007 2072 1085 2106 aquis
1108 2072 1222 2107 replevi.
1247 2073 1336 2107 Atque
1359 2077 1389 2100 ut
1413 2073 1464 2099 ista
1489 2072 1707 2106 prtetermittam,
1724 2073 1799 2100 vicos

1007 2122 1069 2144 octo
1084 2112 1237 2145 Marcionis
1255 2118 1351 2145 hieresi
1372 2123 1529 2152 corruptos,
1547 2126 1600 2145 una
1620 2126 1681 2145 cum
1702 2119 1799 2147 vicinis

1008 2164 1093 2195 locis,
1129 2163 1162 2191 ad
1197 2164 1341 2191 veritatem
1373 2164 1496 2190 volentes
1530 2163 1644 2198 perduxi
1672 2172 1678 2190 ε
1707 2164 1798 2191 \‘it'llm
1830 2182 1831 2185 η

1009 2210 1092 2236 alium
1116 2209 1296 2237 Eunomianis
1312 2210 1456 2241 refertum,
1475 2214 1502 2237 et
1526 2209 1608 2236 alium
1626 2209 1744 2241 Amnis,
1760 2210 1801 2236 di-

171 2257 252 2291 ἇλλην
268 2256 364 2290 κώμην
374 2257 550 2291 Εὖνομιανῶν
566 2255 796 2291 πεπληρωμένην,
810 2255 858 2282 καὶ
872 2256 951 2291 ἄλλην

1010 2255 1079 2282 vina:
1106 2255 1270 2290 cognitionis
1293 2256 1355 2282 luce
1381 2255 1526 2287 illustravi,
1543 2256 1704 2289 nullumque
1728 2257 1800 2290 apud
1832 2283 1833 2286 η

177 2301 336 2336 Ἀρειανῶν,
355 2300 394 2336 τῷ
418 2302 488 2334 φωτὶ
504 2301 554 2335 τῆς
571 2301 738 2335 θεογνωσίας
768 2302 955 2336 προσήγαγον,

172 2346 220 2372 καὶ
234 2346 278 2373 διὰ
292 2347 341 2381 τὴν
357 2346 431 2372 θείαν
447 2346 526 2381 χάριν
538 2347 598 2373 οὐδὲ
611 2347 640 2373 ἓν
650 2347 714 2381 παρ’
728 2347 795 2382 ἡμῖν
809 2346 958 2381 αἱρετικῶν

174 2392 321 2427 ὑπελείφθη
339 2391 466 2424 ζιζάνιον.
484 2392 539 2418 Καὶ
560 2391 647 2418 ταῦτα
664 2393 715 2418 οὐκ
737 2392 887 2424 ἀκινδύνως
907 2401 956 2419 πε-

173 2438 284 2473 ποίηκα,
298 2437 365 2463 ἀλλὰ
378 2438 409 2463 τὸ
421 2435 490 2472 αἷμά
504 2446 554 2471 μου
571 2437 701 2469 πολλάκις
717 2437 845 2472 ὲκχύσας,
860 2437 958 2464 πολλά-

172 2491 216 2514 κις
232 2481 428 2512 καταλευσθεὶς
444 2481 488 2508 ὑπ’
509 2481 608 2512 αὐτῶν,
623 2483 670 2508 καὶ
692 2483 731 2513 είς
751 2483 836 2514 αὑτὰς
852 2483 958 2517 φθάσας

173 2527 219 2554 τοῦ
237 2527 301 2562 ᾆδου
324 2526 374 2558 τὰς
401 2526 498 2558 τύλος.
524 2526 604 2553 Ἀλλὰ
628 2527 683 2562 γὰρ
707 2527 801 2563 ἄφρων
825 2529 959 2564 ἐγενόμην

173 2572 350 2608 καυχώμενος
362 2581 369 2587 ·
384 2572 435 2607 τῆς
449 2572 476 2598 δὲ
505 2572 646 2607 ἀνάγκης,
669 2573 700 2599 οὐ
725 2573 774 2608 τῆς
793 2573 906 2609 γνώμης
925 2574 960 2601 τὰ

173 2618 317 2653 εἰρημένα.
346 2617 432 2644 Τοῦτο
463 2617 490 2643 δὲ
515 2617 562 2643 καὶ
587 2618 601 2643 ό
624 2617 824 2652 τρισμακάριος
854 2617 960 2649 Παῦλος

173 2663 331 2698 ὴιοαγκάσϐη
349 2662 447 2698 δρᾶσαί
475 2670 555 2692 ποτε,
582 2662 636 2688 τῶν
664 2661 887 2697 κατηγορούντων
909 2663 959 2698 έμ-

175 2709 301 2742 φράττων
330 2709 361 2735 τὸ
385 2709 481 2743 στόμα.
500 2708 592 2742 Στέγω
606 2707 633 2733 δὲ
663 2707 738 2742 ὅμως
753 2707 802 2742 τὴν
825 2708 957 2734 δοκοῦσαν

175 2753 296 2788 ἀτιμίαν,
308 2754 356 2780 καὶ
369 2754 450 2788 τιμὴν
465 2753 553 2788 ἄκραν
575 2752 758 2787 ὑπολαμϐάνω
772 2761 777 2767 ·
796 2753 886 2780 ἀκούω
903 2754 957 2789 γὰρ

214 2854 268 2885 ne)
286 2861 321 2887 μη
337 2852 491 2889 addendum
509 2860 578 2889 esse
593 2853 636 2889 vel
663 2861 693 2889 ea
736 2862 796 2887 quae
825 2859 976 2889 sequuntur

177 2887 287 2920 decent,
301 2891 328 2914 et
347 2887 475 2915 habuisse
489 2887 598 2914 videtur
618 2888 772 2916 Vaticanus.

1010 2309 1070 2333 nos,
1095 2301 1143 2328 llci
1168 2301 1312 2332 beneflcio,
1335 2301 1447 2328 ιιιιιγοεὶε
1473 2301 1568 2328 lolium
1595 2301 1722 2328 relictum
1746 2306 1797 2328 est.

1010 2348 1105 2382 Neque
1127 2355 1192 2374 vero
1215 2348 1265 2374 ista
1290 2347 1350 2374 sine
1373 2347 1504 2382 periculis
1531 2346 1656 2381 praestiti,
1676 2346 1723 2373 sed
1741 2346 1801 2373 fuso

1011 2398 1082 2425 διεῖπε
1106 2398 1168 2417 meo
1190 2390 1332 2425 sanguine,
1349 2390 1486 2424 lapidatus
1509 2390 1544 2416 ab
1565 2390 1605 2416 eis
1624 2394 1755 2424 persaepe,
1773 2394 1802 2417 et
1836 2402 1837 2406 η

1011 2435 1044 2462 ad
1072 2435 1145 2470 ipsas
1169 2435 1228 2462 orci
1253 2440 1345 2470 portas
1370 2435 1513 2469 impulsus.
1540 2434 1642 2461 Verum
1670 2434 1802 2468 insipiens

1011 2481 1100 2508 factus
1116 2489 1186 2513 sum,
1202 2481 1268 2508 dum
1284 2481 1387 2516 glorior
1402 2490 1408 2507 :
1423 2485 1451 2508 at
1464 2481 1628 2507 necessitate
1651 2480 1708 2507 haec
1728 2479 1800 2507 dicta

1010 2531 1084 2557 sunt,
1118 2535 1172 2553 non
1201 2527 1351 2554 voluntate.
1382 2526 1472 2561 Atque
1505 2525 1556 2552 hoc
1590 2525 1682 2560 ipsum
1710 2525 1802 2551 lacere

1010 2571 1158 2606 aliquando
1172 2577 1284 2600 coactus
1297 2576 1338 2600 est
1355 2571 1529 2599 beatissimus
1547 2571 1658 2600 Paulus.
1676 2574 1706 2597 ut
1719 2577 1802 2597 accu~

1011 2619 1129 2645 santium
1143 2626 1173 2646 os
1187 2619 1354 2654 Obstrueret.
1370 2618 1438 2645 Fero
1453 2622 1543 2645 tamen
1563 2618 1633 2644 hanc
1650 2625 1710 2652 qua:
1723 2616 1801 2651 igno-
1823 2647 1827 2652 ι

1012 2663 1097 2690 minia
1109 2663 1229 2695 videtur,
1242 2668 1269 2691 et
1284 2671 1421 2690 summum
1439 2663 1570 2690 honorem
1587 2662 1667 2689 (luco.
1685 2661 1802 2696 Aposto-
1821 2654 1827 2671 ³

1011 2709 1094 2735 licam
1106 2709 1180 2735 enim
1197 2716 1291 2735 vocem
1311 2709 1392 2735 audio
1408 2708 1569 2735 elau‘antem
1587 2716 1593 2733 :
1615 2717 1623 2732 ι
1642 2706 1743 2734 Omnes
1755 2704 1801 2739 qui

1010 2755 1054 2791 pie
1070 2756 1166 2782 volunt
1186 2756 1278 2782 vivere
1303 2755 1331 2782 in
1358 2754 1468 2782 Christo
1492 2753 1555 2781 Iesu
1581 2753 1802 2788 persecutionem

1070 2855 1126 2890 (75)
1145 2855 1269 2890 ἀσμένως
1287 2855 1371 2889 Neap.
1390 2859 1416 2880 et
1435 2855 1518 2881 Vatic.

1443 2975 1466 2989 ,ἴ
