1962 3051
159 195 228 225 12m

654 195 895 224 THEODOHETI
918 194 1085 224 EPISCOI‘I
1105 195 1287 226 CYRENSIS

1727 190 1796 222 12ῦᾶ

159 255 299 286 patientur
317 251 348 276 ⁸³.
365 260 372 275 ι
395 250 479 277 Tuam
497 254 588 277 autem
604 251 834 286 magniﬁcentiam
849 258 907 283 oro,
922 255 946 277 ul

1003 251 1054 284 τῆς
1077 251 1260 287 ἁποστολικῆς
1285 251 1388 287 βοώςης
1412 251 1520 285 φωνῆς·
1542 259 1550 274 α
1571 248 1676 279 Πάντες
1699 249 1723 274 οἱ
1753 247 1801 274 θέε

159 294 408 323 ecclesiasticarum
433 301 524 321 rerum
544 302 638 321 curam
661 294 801 329 suscipiat,
823 299 848 321 ct
863 299 952 321 ortam

159 349 184 368 se
192 341 237 368 det
247 344 438 374 tempestatem
455 349 461 366 :
477 348 571 367 revera
583 340 657 367 enim
678 348 729 367 nec
747 341 776 367 in
795 341 853 375 ipso
868 339 951 366 disci-

157 386 196 413 dii
213 385 325 413 exordio
340 389 413 412 tanta
430 385 581 412 Ecclesiam
603 386 692 413 tenuit
709 386 844 413 confusio.
867 385 952 412 Nemo

158 432 236 458 vobis
253 431 439 466 periculorum
462 431 566 467 1142
590 432 806 467 magnitudinem
828 432 952 467 exponit,

157 476 377 504 Christianorum
395 476 441 510 qui
458 476 485 502 in
501 476 629 503 Phoenice
643 481 707 504 sunt
720 477 819 508 luctus,
835 478 951 504 sanctis-

159 523 292 548 simorum
314 521 387 556 apud
411 529 460 548 nos
481 522 680 549 monachorum
694 523 843 550 ‘lamenta.
865 522 951 556 Quam

158 568 194 594 ob
211 575 322 595 causam
339 568 463 603 longiore
482 576 547 595 usus
563 576 621 595 sum
640 569 776 601 oratione,
794 573 824 595 ut
845 569 953 603 cognita

160 614 346 641 Ecclesiarum
372 613 510 648 procella,
531 614 601 640 hanc
632 614 835 649 magniﬁcentia
863 617 954 641 vestra

158 663 315 694 componat,
329 662 357 686 et
373 659 555 693 prodeuntem
574 659 636 687 inde
651 660 798 688 utilitatem
816 660 917 695 capiat.

1004 297 1096 328 λοντες
1114 296 1163 332 ζῇν
1191 297 1309 328 εὐσεϐῶς
1327 297 1356 323 ὲν
1387 295 1499 332 Χριστῷ
1516 294 1617 330 Ἰησοῦ,
1632 288 1807 327 διωχθήσοιμῖ

1002 351 1057 368 ται.
1072 352 1080 368 ι
1096 342 1152 377 Τὴν
1167 343 1351 378 δὲύμετέραν
1371 341 1612 377 μεγαλοπρέπειαν
1628 338 1794 373 παρακαλῶ,

1004 387 1149 421 φροντίσαι
1160 387 1214 414 τῶν
1229 387 1466 422 ὲκκλησιαστικῶν
1484 385 1668 422 πραγμάτων,
1687 383 1734 409 καὶ
1748 382 1797 417 τὴν

1004 433 1198 460 ὲπαναστᾶσαν
1219 433 1387 460 κατευνάσαι
1403 432 1502 467 ζάλην·
1522 431 1561 466 τῷ
1582 431 1638 457 Em
1658 432 1714 464 γὰρ
1735 428 1798 455 οῦδὲ

1003 479 1032 505 ἐν
1053 479 1196 516 ἁρχῇ,τῆς
1223 480 1391 512 διαστάσεως
1415 478 1527 513 τοιαύτη
1554 478 1603 513 τὴν
1631 473 1798 509 ’Ἐκκλησίαν

1004 525 1137 552 κατέλαϐε
1155 526 1297 562 σύγχυσις.
1323 525 1418 557 Οὐδεὶς
1438 525 1511 559 ὑμᾶς
1533 523 1653 550 διδάσκει
1668 521 1722 548 τῶν
1739 529 1796 547 κιν-

1003 570 1090 598 δύνων
1107 572 1138 597 τὸ
1156 571 1281 606 μέγεθος,
1303 571 1357 599 τῶν
1382 572 1411 598 ὲν
1427 570 1539 606 Φοινίκῃ
1551 568 1724 605 Χριστιανῶν
1738 566 1796 602 (Η)

1004 616 1067 647 τοὺς
1083 616 1211 652 Θρήνους,
1223 618 1277 644 τῶν
1294 617 1359 653 παρ’
1370 618 1437 652 ἡμῖν
1447 615 1608 651 ἁγιωτάτων
1624 613 1796 651 μοναξόντων

1004 662 1066 692 τοὺς
1083 661 1228 698 ὀδυρμούς.
1244 660 1281 690 Οὖ
1292 663 1324 698 δὴ
1338 663 1418 698 χάριν
1435 663 1484 689 καὶ
1497 661 1618 688 πλείοσιν
1634 659 1796 696 ἐχρησάμην

159 707 259 740 λόγοις,
281 707 324 734 ἵνα
355 706 479 742 μαθοῦσα
505 708 583 743 ὑμῶν
607 709 623 743 ἡ
652 708 822 743 μεγαλοφυῖα
853 708 908 734 τῶν
934 707 1103 744 Ἐκκλησιῶν
1136 711 1182 737 τὸν
1206 711 1340 744 κλύδωνα,
1365 710 1533 746 καταπαύσῃ
1558 709 1662 741 τοῦτον,
1679 708 1725 735 καὶ
1748 707 1797 740 τὴν

158 752 282 779 ἐντεῦθεν
297 752 430 787 ὠφέλειαν
448 753 640 788 καρπώσηται.

273 807 404 835 LXXXII.
415 824 450 828 —
463 808 572 835 Eusebio
586 810 704 844 episcopo
718 810 840 845 Ancyrw.

194 877 342 912 Sperabam
369 885 413 905 me
436 877 549 905 crebras
574 877 626 904 hoc
654 882 776 912 tempore
796 878 949 905 sanctitatis

159 927 212 950 ture
237 923 342 950 litteras
366 927 554 958 accepturum.
582 923 831 951 Manifestissimam
848 923 949 958 quippe

1053 811 1117 839 ΠΒ’.
1132 827 1167 832 —-
1185 812 1321 844 Εὑσεϐίῳ
1336 812 1492 844 ἐπισκὸπῳ
1513 811 1659 846 Ἀγκύρας
1673 810 1741 845 (75).

1043 867 1166 893 Ἤλπισα
1185 867 1289 902 συχνὰς
1313 867 1342 894 ὲν
1368 866 1408 902 τῷ
1425 867 1539 902 παρόντι
1566 865 1654 901 καιρῷ
1668 865 1796 899 δέξασθαι

1003 912 1053 947 τῆς
1071 913 1120 947 σῆς
1144 913 1302 948 ἁγιωσύνης
1327 911 1480 944 ἐπιστολάς.
1513 911 1719 947 Προδηλοτάτην
1741 911 1796 945 γὰρ

158 969 322 996 calumniam
336 969 409 1003 passi
424 976 486 996 cum
510 976 648 1001 essemus,
670 969 789 996 fraterna
805 969 946 1003 egebamus

1005 958 1245 993 ὺπομεμενηκότες
1259 958 1454 993 συκοφαντίαν,
1466 957 1630 992 παραψυχῆς
1648 956 1796 991 ἀδελφικῆς

157 1013 356 1040 consolatione.
381 1013 489 1040 Etenim
506 1015 553 1048 qui
576 1013 733 1046 Marcionis,
754 1018 781 1040 et
802 1013 950 1044 Valentini,

156 1063 184 1086 et
192 1059 493 1094 Manetis,aliorumque
502 1059 658 1087 Docitarum
668 1059 785 1086 bmresin
797 1059 848 1086 hac
858 1064 951 1087 nostra

157 1104 319 1139 tempestate
337 1109 480 1137 renovant,
496 1113 566 1139 {egre
590 1105 711 1132 ferentes
731 1105 847 1132 ἥξοι-θείη
869 1113 884 1131 a
907 1113 950 1132 me

157 1156 234 1176 suam
250 1152 345 1183 aperte
355 1148 502 1178 confutari.
513 1149 687 1183 imperatoris
701 1157 781 1176 aures
796 1149 949 1176 circumve-

157 1193 216 1220 nire
226 1192 316 1219 conati
332 1196 406 1224 sunt,
417 1192 560 1219 hiereticos
571 1200 622 1219 nos
633 1192 811 1227 appellantes,
822 1195 850 1217 el
863 1198 948 1218 unum

155 1237 302 1264 Dominum
327 1242 451 1265 nostrum
475 1238 568 1264 Jesum
597 1237 748 1268 Christum,
778 1237 948 1264 incarnatum

157 1284 243 1310 Deum
255 1283 386 1316 Verbum,
398 1284 426 1310 in
436 1283 506 1310 duos
520 1283 592 1310 ﬁlios
601 1283 725 1311 dividere
737 1283 946 1310 calumniantes.

156 1329 210 1356 Sed
218 1329 310 1356 verbis
318 1329 385 1361 suis,
393 1334 423 1356 ut
431 1329 588 1364 sperabant,
598 1337 651 1356 non
661 1334 866 1364 persuaserunt.
874 1330 948 1362 Qua-

157 1383 186 1401 re
197 1375 329 1409 scriptum
342 1378 384 1402 est
391 1374 631 1402 comtnonitorium
639 1375 909 1410 magniﬁcentissimo
921 1380 949 1402 ct

155 1420 354 1456 gloriosissimo
370 1420 500 1456 magistro
513 1421 631 1447 militum
644 1421 762 1453 consuli,
777 1421 889 1448 haeresis
904 1429 950 1448 ac-

151 1466 328 1493 cusationem
353 1466 456 1493 nullam
477 1466 633 1497 continens,
658 1467 705 1494 sed
729 1467 796 1494 alias
816 1467 947 1501 quemdam

156 1519 270 1543 causas,
294 1519 396 1546 easque
423 1511 513 1539 falsas.
538 1511 663 1547 Synodos
682 1513 754 1539 enim
774 1512 883 1539 aiebant
904 1520 948 1539 me

156 1555 314 1590 frequentes
335 1555 407 1590 apud
433 1555 606 1583 Antiochiam
630 1565 795 1589 convocare,
816 1561 844 1584 et
864 1566 895 1584 ea
919 1566 948 1586 re

156 1601 258 1628 on‘endi
276 1602 437 1632 nonnullos;
458 1602 570 1636 proinde
588 1603 731 1637 quiescere
750 1611 793 1630 me
809 1607 947 1638 oportere,

155 1653 183 1675 et
199 1648 359 1675 commissas
372 1647 439 1674 mihi
460 1648 597 1675 Ecclesias
613 1648 774 1682 gubernare.
791 1649 847 1675 lloc
865 1649 947 1684 igitur

155 1697 267 1720 ostenso
288 1691 355 1718 mibi
377 1692 598 1724 commonitorio,
613 1692 754 1719 decreturi)
769 1693 845 1720 velut
860 1693 947 1720 bono-

156 1745 217 1764 rum
238 1736 340 1763 fontem
365 1736 480 1770 arripui.
504 1736 626 1763 Primum
647 1738 720 1764 enim
748 1738 947 1773 optatissimam

157 1782 263 1818 1143
282 1782 403 1816 quietem
425 1781 515 1816 recepi
533 1791 539 1808 :
554 1782 653 1810 deinde
669 1783 768 1811 multas
784 1791 865 1818 spero
882 1793 947 1819 pec-

154 1831 278 1855 catorum
295 1834 420 1854 meorum
434 1827 523 1854 eiulas
537 1835 597 1854 esse
612 1829 732 1856 maculas
750 1835 861 1864 propter
880 1837 948 1857 con-

154 1870 293 1897 cinnatam
314 1870 341 1897 in
360 1878 403 1898 me
418 1879 433 1898 a
447 1871 573 1898 veritatis
594 1872 720 1900 hostibus
734 1873 945 1908 improbitatem.

153 1915 281 1943 Ostendit
301 1920 393 1942 autem
415 1923 471 1943 non
495 1916 613 1944 obscure
633 1919 755 1945 omnium
777 1919 946 1952 moderator,

150 1965 284 1996 quantam
300 1969 495 1996 oppressorum
513 1963 596 1990 etiam
612 1963 639 1990 in
656 1964 707 1990 hac
722 1964 776 1992 vita
788 1972 882 1992 curam
899 1974 946 2000 ge-

154 2009 206 2032 rat.
226 2006 294 2032 Nam
312 2014 374 2033 cum
394 2006 481 2041 quieti
502 2015 655 2042 ageremus,
675 2010 825 2044 patriaeque
845 2010 946 2038 ﬁnibus

149 2051 371 2087 circumscripti,
395 2058 477 2088 atque
496 2053 649 2082 Orientales
666 2062 762 2082 omnes
786 2061 944 2090 numerent,

152 2101 181 2124 et
202 2098 301 2125 acerbo
323 2098 350 2125 in
372 2098 447 2125 luctu
467 2104 568 2131 essent,
586 2100 634 2127 sed
659 2101 740 2128 silere
758 2101 793 2129 ob
815 2102 945 2137 injectum

153 2147 256 2171 metum
272 2149 435 2179 cogerentur
447 2145 517 2180 (qua:
534 2147 607 2173 enim
622 2151 697 2181 gesta
715 2147 741 2174 in
760 2155 809 2175 nos
825 2148 944 2181 fuerant,

153 2193 287 2216 terrorem
309 2190 437 2216 omnibus
460 2194 618 2225 metumque
637 2191 834 2227 incusserunt),
851 2193 944 2224 Domi-

150 2243 206 2262 nus
221 2235 279 2270 ipsc
295 2235 328 2262 de
345 2236 416 2263 cwlo
438 2237 588 2270 prospexit,
600 2241 628 2264 et
640 2237 784 2264 calumnia:
799 2245 942 2267 auctorum

1004 1003 1145 1039 ἐδεόμεθα.
1169 1005 1200 1031 Ol
1222 1004 1276 1040 γὰρ
1301 1004 1350 1040 τὴν
1367 1003 1541 1040 Μαρκίωνος,
1559 1003 1607 1030 καὶ
1623 1003 1795 1034 Βαλεντίνου,

1005 1051 1051 1076 καὶ
1066 1051 1204 1086 Μάνητος,
1221 1051 1270 1078 καὶ
1286 1051 1340 1078 τῶν
1364 1050 1452 1077 ἄλλων
1481 1049 1602 1076 Δοκιτῶν
1627 1049 1733 1085 αἵρεσιν
1750 1049 1797 1075 ἐπὶ

1004 1094 1050 1121 τοῦ
1070 1095 1205 1130 παρόντος
1224 1095 1431 1130 ἀνανεούμενοι,
1448 1093 1670 1130 δυσχεραίνοντες
1690 1093 1731 1120 ὄτι
1747 1093 1796 1128 τὴν

1004 1141 1112 1176 αἰρεσιν
1137 1141 1227 1168 αὐτῶν
1247 1141 1377 1177 ἄντικρυς
1398 1140 1605 1176 στηλιτεύομεν,
1624 1139 1796 1174 ἐξαπατῆσαι

1002 1187 1051 1217 τὰς
1070 1186 1212 1221 βασιλικὰς
1231 1187 1419 1223 ἐπειράθησαν
1439 1187 1535 1219 ἀκοὰς,
1552 1186 1796 1222 αίρετικοὺςλήμᾶς

1003 1233 1214 1266 ἀποκαλοῦντες,
1229 1234 1276 1260 καὶ
1293 1234 1332 1265 είς
1349 1233 1396 1259 δύο
1419 1233 1540 1268 μερίζειν
1566 1232 1642 1263 υίοὺς
1660 1239 1794 1265 συκοφαν-

1001 1279 1113 1311 τοῦντες
1130 1279 1176 1305 τὸν
1192 1278 1241 1306 ἕνα
1258 1278 1362 1313 Κύριον
1383 1277 1461 1313 ἡμῶν
1485 1277 1589 1312 Ἰησοῦν
1605 1276 1733 1312 Χριστὸν,
1749 1276 1795 1302 τὸν

1002 1325 1254 1360 ὲνανθρωπήσαντα
1282 1324 1349 1351 Θεὸν
1378 1323 1476 1357 Λόγον.
1509 1322 1580 1349 Ἀλλ’
1604 1322 1654 1349 οὐκ
1682 1323 1794 1349 ἔπεισαν

1002 1370 1097 1405 ὥσπερ
1113 1371 1230 1406 ῆλπιταν
1245 1365 1428 1403 λέγοντες.υῦ
1446 1369 1478 1404 δὴ
1494 1368 1575 1404 χάριν
1591 1367 1795 1403 ύπομνηστικδν

1002 1417 1110 1451 ἐγράφη
1122 1415 1160 1451 τῷ
1175 1415 1463 1450 μεγαλοπρεπεστάτῳ
1477 1415 1524 1440 καὶ
1536 1414 1700 1448 ἐνδοξοτάτῳ
1713 1421 1795 1448 στρα-

1000 1462 1077 1498 τηγῷ
1096 1463 1142 1489 καὶ
1166 1462 1221 1497 (76)
1252 1462 1359 1497 ὑπάτῳ,
1384 1461 1518 1496 αἱρέσεως
1549 1460 1598 1495 μὲν
1625 1458 1794 1494 κατηγορίαν

999 1507 1128 1541 οὐδεμίαν
1155 1507 1225 1543 ἔχον,
1241 1507 1324 1538 ἄλλας
1336 1506 1365 1533 δέ
1390 1515 1467 1538 τινας
1497 1506 1597 1538 αίτίας,
1615 1505 1662 1532 καὶ
1691 1504 1794 1536 ταύτας

998 1554 1117 1589 ψευδεῖς.
1134 1553 1265 1584 Συνόδους
1297 1552 1351 1587 γὰρ
1378 1551 1471 1586 ἔλεγόν
1490 1561 1523 1587 με
1551 1551 1652 1586 συχνὰς
1677 1551 1717 1582 είς
1744 1550 1794 1586 τὴν

1006 1598 1175 1633 Ἀντιόχειαν
1196 1597 1378 1633 συναγείρειν,
1403 1597 1450 1624 καὶ
1480 1597 1560 1623 τοῦτο
1584 1604 1663 1628 τινας
1686 1596 1793 1628 λυπεῖν,

1000 1645 1048 1671 καὶ
1064 1644 1108 1670 διὰ
1133 1643 1213 1670 τοῦτο
1236 1643 1335 1679 χρῆναί
1362 1651 1396 1678 με
1423 1642 1537 1678 ἡσυχίαν
1562 1642 1650 1676 ἄγειν,
1668 1641 1716 1668 καὶ
1744 1641 1795 1672 τὰς

999 1689 1245 1725 ἐγκεχειρισμένας
1259 1689 1414 1724 οἰκονομεῖν
1435 1687 1612 1723 Ἐκκλησίας.
1629 1687 1732 1714 Τούτου
1749 1695 1794 1722 μοι

998 1737 1088 1763 τοίνυν
1113 1735 1160 1762 τοῦ
1187 1735 1393 1770 ὑπομνηστικοῦ
1420 1734 1584 1769 δειχθέντος,
1608 1733 1723 1769 ἤρπασα
1743 1734 1793 1768 τὴν

998 1782 1099 1817 ψῆφον,
1113 1781 1150 1812 ὡς
1174 1779 1305 1816 πρόξενον
1330 1779 1452 1814 ἀγαθῶν.
1467 1779 1579 1815 Πρῶτον
1608 1778 1656 1814 μὲν
1675 1779 1730 1814 γὰρ
1744 1778 1794 1813 τὴν

998 1827 1161 1862 τριπόθητον
1174 1827 1311 1853 ἀπέλαϐον
1331 1826 1457 1861 ἡσυχίαν.
1477 1823 1544 1852 Εἶτα
1559 1825 1588 1851 δὲ
1602 1825 1701 1856 πολλὰς
1716 1825 1792 1851 ὲλπί-

998 1873 1038 1905 ξω
1064 1873 1119 1900 τῶν
1146 1873 1192 1899 ὑπ’
1223 1871 1290 1908 ἐμοῦ
1323 1871 1577 1907 πλημμεληθέντων
1598 1870 1792 1906 ἐξαλειφθῆναι

998 1919 1111 1953 κηλῖδας
1127 1918 1171 1945 διὰ
1185 1919 1236 1954 τὴν
1249 1917 1428 1953 τυρευθεῖσαν
1441 1917 1502 1944 καθ’
1521 1917 1600 1951 ἡμῶν
1616 1916 1723 1943 ἀδικίαν
1739 1916 1792 1943 ὑπὸ

997 1964 1051 1991 τῶν
1067 1965 1116 2000 τῆς
1133 1964 1262 1999 ἀληθείας
1275 1963 1390 1999 ἐχθρῶν.
1405 1962 1511 1995 Ἔδειξε
1528 1963 1554 1989 δὲ
1569 1964 1616 1990 καὶ
1633 1963 1692 1990 λίαν
1710 1964 1790 1998 ἐναρ-

997 2011 1054 2045 γῶς
1069 2011 1120 2037 κάν
1130 2010 1170 2046 τῷ
1183 2010 1298 2046 παρόντι
1318 2009 1368 2045 βίῳ
1382 2009 1436 2036 τῶν
1449 2008 1518 2035 ὅλων
1529 2010 1544 2036 ὁ
1562 2008 1708 2044 Πρύτανις,
1725 2009 1791 2043 ὅσην

997 2057 1052 2084 τῶν
1067 2057 1253 2091 ἀδικουμένων
1277 2056 1397 2082 ποιεῖται
1423 2054 1599 2089 κηδεμονίαν.
1623 2053 1717 2088 Ἡμῶν
1736 2053 1790 2088 γὰρ

996 2103 1113 2139 ἡσυχίαν
1127 2102 1259 2136 ἀγόντων,
1276 2101 1323 2128 καὶ
1346 2101 1413 2127 είσω
1437 2099 1491 2126 τῶν
1512 2100 1561 2134 τῆς
1574 2099 1705 2134 πατρίδος
1719 2099 1790 2134 ὅρων

997 2150 1182 2185 είργομένων,
1204 2149 1251 2175 καὶ
1272 2148 1325 2175 τῶν
1346 2147 1416 2174 κατὰ
1446 2146 1497 2181 τὴν
1520 2145 1665 2181 ’Λνατολὴν
1680 2145 1790 2172 πάντων

995 2195 1154 2230 ἀνιωμὲνων
1179 2195 1239 2230 μὲν,
1261 2196 1309 2221 καὶ
1324 2193 1432 2229 πικρῶς
1453 2192 1642 2228 ὀδυρομένων,
1661 2191 1742 2226 σιγᾷν
1761 2190 1790 2217 δὲ

996 2241 1040 2267 διὰ
1053 2241 1084 2267 τὸ
1103 2240 1259 2276 προσπεσὸν
1284 2239 1342 2270 δέος
1356 2238 1574 2274 ἠναγκασμένων
1595 2236 1639 2271 (τὰ
1658 2236 1712 2270 γὰρ
1728 2235 1790 2262 καθ’

151 2280 316 2308 calumniam
341 2281 489 2316 redarguit,
503 2286 584 2317 atque
604 2283 716 2318 impiam
737 2284 845 2312 illorum
869 2294 943 2314 men-

1000 2286 1075 2322 ἡμῶν
1098 2285 1281 2320 γεγενημένα,
1310 2285 1340 2311 τὸ
1366 2285 1414 2319 τῆς
1441 2283 1541 2315 δειλίας
1567 2284 1650 2310 πᾶσιν
1677 2282 1789 2316 ἐνέθηκε

152 2332 206 2354 tem
227 2327 365 2362 patefecit.
386 2327 431 2354 lsti
447 2332 475 2354 et
488 2329 680 2357 Alexandriam
693 2335 790 2358 contra
811 2340 862 2359 nos
876 2341 943 2361 con-

151 2373 282 2405 citarunt,
294 2373 417 2400 omnium
432 2373 546 2401 auribus
559 2382 606 2408 per
617 2375 715 2410 dignos
726 2376 792 2411 ipsis
803 2378 944 2407 ministros

149 2417 318 2454 ingerentes,
335 2426 385 2446 nos
397 2426 448 2453 pro
464 2427 520 2446 uno
535 2419 604 2448 duos
623 2421 694 2448 ﬁlios
711 2422 870 2456 prredicare.
886 2425 943 2459 Ego

151 2471 216 2491 vero
227 2463 261 2490 ab
276 2464 444 2492 exsecranda
457 2465 508 2492 hac
519 2466 655 2493 sententia
671 2471 774 2494 tantum
790 2468 898 2502 absum,
912 2473 942 2496 ut

149 2517 213 2536 eum
230 2509 339 2544 aliquos
352 2517 367 2536 e
384 2510 487 2538 sanctis
498 2512 506 2520 ‘
521 2511 658 2544 Patribus,
672 2512 718 2547 qui
734 2513 806 2547 apud
822 2514 938 2542 Nicmam

150 2559 347 2587 convenerant,
367 2555 501 2584 adversus
517 2556 574 2584 Arii
592 2557 730 2584 vesaniam
748 2559 775 2585 in
791 2558 870 2587 libris
883 2560 941 2587 suis

150 2598 333 2633 disputantes,
350 2600 385 2628 ob
407 2606 564 2636 susceptum
591 2606 686 2629 contra
711 2603 771 2631 illos
799 2609 940 2633 certamen

148 2647 269 2675 coactos,
282 2644 366 2672 nimia
389 2653 454 2672 usos
472 2646 608 2673 divisione
627 2647 852 2680 animadvertam,
869 2657 941 2684 aegre

151 2689 247 2723 feram,
262 2694 288 2717 et
302 2690 464 2718 divisionem
479 2692 613 2727 ejusmodi
631 2701 685 2720 non
700 2693 843 2720 admittam
856 2702 862 2720 :
875 2695 940 2722 novi

186 2767 208 2782 "'
221 2766 281 2794 Act.
298 2775 360 2800 xxv,
378 2768 422 2795 16.

186 2844 240 2883 (ᾗ)
254 2845 285 2883 l_n
301 2845 397 2883 Vatie._
407 2845 477 2883 forte
489 2845 671 2883 ίυοι-ἱιλούδεὶς
685 2848 866 2883 Χριστιανῶν.

187 2878 242 2913 (πί)
257 2880 349 2915 Exstat
362 2881 445 2915 etiam
461 2881 519 2908 hzcc
540 2881 655 2915 epistola
674 2883 701 2909 in
711 2878 826 2910 'Baronii
847 2884 940 2912 Anna-

154 2914 219 2943 libus
234 2914 267 2941 ad
279 2922 343 2941 ann.
361 2914 423 2947 “5,
438 2919 503 2942 tom.
521 2914 563 2947 Vl,
581 2924 608 2950 p.
630 2918 671 2950 15,
689 2918 784 2945 Latine
801 2919 907 2946 reddita
926 2928 940 2947 e

995 2332 1077 2367 δέος),
1095 2332 1177 2363 αὐτὸς
1192 2332 1206 2357 ὁ
1230 2331 1333 2366 Κύριος
1351 2331 1382 2356 ἐκ
1395 2329 1443 2356 τοῦ
1467 2328 1584 2365 οὐρανοῦ
1605 2327 1726 2363 διέκυψε,
1743 2327 1790 2354 καὶ

995 2376 1048 2403 τῶν
1063 2378 1113 2412 τὴν
1133 2375 1317 2410 συκοφαντίαν
1346 2374 1507 2409 ὑφηνάντων
1527 2374 1576 2408 τὴν
1603 2372 1788 2407 συκοιραντίαν

993 2421 1128 2456 διήλεγξε,
1145 2421 1193 2447 καὶ
1207 2420 1238 2447 τὸ
1248 2419 1378 2451 δυσσεϐὲς
1389 2420 1479 2446 αὐτῶν
1490 2419 1632 2454 ἐγύμνωσε
1646 2417 1785 2452 φρόνημα.

995 2464 1076 2494 Οὗτοι
1093 2466 1140 2493 καὶ
1165 2467 1215 2502 τὴν
1238 2465 1443 2500 Ἀλεξάνδρειαν
1456 2464 1610 2497 ἐξώπλισαν
1624 2463 1685 2489 καθ’
1697 2462 1786 2497 ἡμῶν,

993 2514 1040 2540 καὶ
1055 2513 1105 2544 τὰς
1124 2512 1233 2539 πάντων
1249 2511 1334 2542 ἀκοὰς
1355 2509 1553 2545 περιϐομὸοὖσι
1568 2509 1613 2536 διὰ
1631 2509 1686 2534 τῶν
1705 2507 1789 2540 ἀξίων

995 2558 1084 2585 αὐτῶν
1101 2557 1257 2592 ὑπουργῶν,
1270 2556 1308 2588 ὡς
1325 2557 1404 2591 ἡμεῖς
1417 2555 1475 2582 ἀνθ’
1488 2556 1546 2587 ett;
1556 2554 1604 2582 δύο
1616 2554 1788 2589 κηρύττομεν

994 2602 1080 2633 υἱούς.
1098 2601 1169 2636 Ἐγὼ
1183 2602 1211 2628 δὲ
1225 2600 1353 2628 τοσοῦτον
1370 2599 1466 2635 ἀπέχω
1481 2599 1530 2626 τοῦ
1551 2599 1676 2634 μυσαροῦ
1691 2598 1786 2625 τούτου

996 2648 1179 2683 φρονήματος,
1201 2647 1242 2673 ὅτι
1258 2646 1301 2673 καί
1317 2654 1392 2677 τινας
1415 2645 1469 2672 τῶν
1488 2645 1573 2679 ἁγίων
1591 2645 1719 2680 Πατέρων
1732 2643 1786 2670 τῶν

995 2695 1024 2722 ὲν
1038 2695 1140 2730 Νικαίᾳ⁵
1155 2694 1375 2729 συνεληλυθότων
1389 2692 1515 2728 εὑρηκὼς
1530 2691 1599 2727 πρὸς
1612 2691 1662 2727 τὴν
1680 2690 1786 2727 Ἀρείου

995 2851 1089 2878 codice
1102 2851 1243 2878 Vaticano.

1030 2887 1086 2925 (76)
1105 2886 1149 2912 καί
1169 2885 1242 2912 addit
1263 2884 1344 2919 Neap,
