1962 3051
112 134 177 167 1:277

770 142 949 172 EPISTOLA
976 144 1129 174 LXXXVI.

1671 140 1739 173 1278

109 191 166 220 τοῖς
186 190 235 224 τῆς
252 190 300 224 σῆς
321 191 460 226 ὁσιότητος
486 192 647 228 γράμμασιν
665 194 832 229 ἐντυχόντες,
851 197 899 222 καὶ

954 199 1054 226 rtitatis
1082 204 1135 226 tuae
1153 198 1262 229 litteris,
1281 206 1316 225 es
1337 197 1440 232 quibus
1465 197 1643 232 cognovimus
1661 197 1738 224 illqu

114 234 304 269 μεμαθηκότες
325 236 362 267 ὡς
385 236 531 271 ἀκεραίους
551 238 680 272 φυλάττει
702 240 750 272 τὰς
771 240 826 266 τῶν
851 241 897 275 φύ-

113 287 181 312 σεων
202 279 344 314 ἰδιότητας,
360 282 406 307 καὶ
423 281 484 308 οὔτε
503 283 548 309 τὸν
570 283 636 309 Θεὸν
655 284 741 317 Λόγον
754 286 793 316 εἱς
808 286 896 320 σάρκα

115 325 262 359 τετράφθαι
279 327 370 360 φησὶν,
394 326 456 354 οὔτε
475 328 525 362 τὴν
549 329 638 364 σάρκα
653 330 693 360 εἰς
709 330 834 365 θεότητος
851 339 897 366 με·

111 371 294 407 ταῦεὸλῆσθαι
316 373 411 407 φύσιν·
429 374 485 400 ἀλλ’
504 376 533 400 ἐν
556 375 595 409 τῷ
609 375 649 401 ἐνὶ
668 376 734 410 mp,
749 376 787 411 τῷ
802 377 897 412 Κυρίῳ

111 416 190 451 ἡμῶν
211 417 298 452 Ἰησοῦ
307 419 425 454 Χριστῷ,
437 419 476 455 τῷ
489 421 647 456 ὲνανθρωπή
653 430 726 448 σαντι
738 422 796 456 Θεῷ
808 422 896 457 Λόγῳ,

111 463 281 498 ἀσυγχύτους
293 465 476 500 μεμενηκέναι
490 467 571 501 φησὶν
584 466 633 506 τὰς
643 467 776 502 ἑκατέρας
791 467 898 502 φύσεως

113 508 255 543 ἰδιότητας·
280 511 326 536 καὶ
342 511 387 537 τὸν
400 511 453 537 τῶν
474 511 543 538 ὅλων
558 511 624 538 Θεὸν
643 513 838 548 ἁνυμνήσαμεν
851 513 898 539 ἐπὶ

111 555 145 589 τῇ
157 555 206 590 τῆς
223 555 298 588 θείας
324 557 441 589 πίστεως
468 559 622 594 συμφωνίᾳ.
642 559 688 591 Ei;
712 562 802 594 μέντοι
822 561 899 588 Κιλι-

113 600 175 626 κίαν
189 601 323 636 ἑκατέραν
341 602 532 637 γεγράφαμεν,
559 603 647 630 καίτοι
677 604 771 637 σαφῶς
787 604 836 630 οὐκ
858 605 898 630 εί-

111 645 196 678 δότες,
211 647 290 682 εἴπερ
302 647 374 678 τινές
389 649 457 674 εἰσιν
470 649 578 675 ἐναντία
593 650 625 685 τῇ
636 649 751 685 ἀληθεία
767 649 898 684 φρονοῦν-

111 702 167 725 τες,
193 694 240 720 καὶ
265 695 504 730 παρηγγυήσαμεν
525 697 582 727 τοῖς
600 695 819 730 θεοφιλεστάτοις
836 696 899 722 ἐπι-

113 739 224 771 σκόποις
237 739 358 774 ἰχνεῦσαι
368 742 416 766 καὶ
431 740 558 776 ζητῆσαι,
577 742 655 778 εἴπερ
676 743 729 778 ἄρα
744 743 817 774 τινές
831 744 900 770 εἰσιν

113 785 152 817 εἰς
178 785 224 812 δύο
249 786 324 818 υιοὺς
348 786 514 822 διαιροῦντες
534 787 579 814 τὸν
603 787 651 814 ἕνα
670 788 771 823 Κύριον
797 788 901 823 Ἰησοῦν

113 832 245 868 Χριστόν·
264 833 311 859 καὶ
337 832 353 868 ἢ
375 833 577 867 παραινετικῶς
601 834 783 869 σωφρονίσαι.
811 834 827 870 ἦ
853 835 899 861 τοῦ

113 879 264 913 καταλόγου
274 879 390 914 χωρίσαι
403 879 457 906 τῶν
469 879 602 914 ἀδελφῶν.
614 879 658 915 Τῷ
667 880 725 906 ὄντι
735 880 789 915 γὰρ
799 880 900 914 ὁμοίως

113 925 342 960 ἀποστρεφόμεθα
352 925 399 951 καὶ
412 925 473 954 τοὺς
488 925 553 959 μίαν
568 924 648 959 φύσιν
664 925 765 960 σαρκὸς
778 926 826 951 καὶ
842 925 900 952 οεδ-

112 977 191 1004 τητος
208 967 279 996 εἶναι
287 969 375 1002 λέγειν
387 969 556 1003 τολμῶντας,
571 969 619 995 καὶ
634 969 697 1001 τοὺς
712 970 751 1000 εἰς
766 968 812 994 δύο
827 969 900 1000 υἱοὺς

115 1014 275 1049 μερίζοντας
294 1013 340 1040 τὸν
353 1014 400 1041 ἕνα
424 1013 526 1048 Κύριον
547 1013 626 1048 ήμῶν
652 1013 755 1049 Ἰησοῦν
772 1013 899 1049 Χριστὸν,

113 1060 159 1087 καὶ
179 1060 233 1087 τῶν
249 1059 436 1086 ἀπστολικῶν
458 1060 528 1094 ὅρων
543 1059 595 1092 ἔξω
609 1060 710 1094 βαίνειν
726 1058 899 1094 ἐπιχειροῦν-

111 1114 170 1137 τας.
197 1106 258 1132 ’Ὁτι
284 1105 312 1132 δὲ
339 1106 385 1131 καὶ
403 1105 470 1141 πρὸς
497 1106 608 1141 εἰρήνην
632 1105 716 1140 ἐσμὲν
743 1105 898 1140 εὐτρεπεῖς,

114 1151 250 1188 θαρρείτω
266 1160 312 1178 σου
328 1151 471 1186 ήὸσιὸτης.
489 1152 520 1178 El
531 1151 586 1187 γὰρ
602 1152 616 1178 ὁ
635 1151 781 1187 Προφήτης
807 1151 899 1185 φησίν·

116 1198 208 1225 «Marsi
219 1198 274 1224 τῶν
287 1198 436 1233 μισούντων
455 1197 504 1233 τὴν
518 1198 631 1233 εἰρήνην
643 1197 716 1233 ήμην
732 1196 897 1232 είρηνικὸςοι

113 1242 202 1278 πολλῴ
225 1243 324 1278 μᾶλλον
342 1243 423 1277 ἡμεῖς
438 1242 487 1278 τὴν
502 1243 574 1269 κατὰ
589 1242 657 1269 Θεὸν
672 1242 785 1278 εἰρήνην
809 1243 900 1269 ἀσπα-

112 1288 183 1321 στῶς
207 1288 422 1324 προσδεχόμεθα.
444 1289 554 1324 Ἐπειδὴ
573 1288 600 1315 δὲ
617 1289 664 1315 καὶ
680 1289 719 1320 εις
744 1289 794 1324 τὴν
823 1288 901 1315 Ἀλε-

112 1334 253 1369 ξάνδρειάν
267 1343 338 1365 τινες
356 1334 474 1369 ἔδραμον
497 1334 553 1360 τῶν
569 1333 608 1369 τῷ
622 1333 714 1368 ψεύδει
731 1333 901 1369 συντεθραμ-

113 1380 212 1415 μένων,
231 1380 278 1406 καὶ
306 1380 488 1413 συκοφαντίας
513 1379 636 1415 ἔρραψαν
659 1379 720 1405 καθ’
745 1378 836 1414 ήμῶν.
854 1380 902 1405 καὶ

111 1427 166 1457 τοῖς
181 1425 311 1457 τοιούτοις
327 1425 416 1459 λόγοις
440 1425 572 1460 ὑπαχθεὶς
589 1426 602 1451 ὁ
621 1424 828 1458 θεοφιλέστατος
852 1425 902 1456 τῆς

111 1472 215 1503 πόλεως
239 1471 346 1505 ἐκείνης
372 1471 534 1503 ἐπίσκοπος,
556 1470 604 1497 καί
624 1479 665 1497 τοι
682 1469 899 1506 πληροφορηθεὶς

111 1517 145 1544 δι’
166 1517 309 1553 ἡμετέρων
323 1517 507 1552 γραμμάτων,
526 1515 589 1542 τινὰ
605 1515 659 1542 τῶν
684 1515 900 1542 θεοσεόεστάτων

949 244 1069 279 integras
1094 251 1204 271 servare
1219 246 1224 252 '
1238 248 1400 270 naturarum
1425 243 1619 278 proprietates,
1636 246 1666 269 et
1688 249 1738 269 ne-

948 297 1001 323 que
1033 289 1118 316 Deum
1147 289 1268 316 Verbum
1302 289 1329 315 in
1357 296 1469 316 carnem
1497 287 1590 314 dicere
1625 295 1739 315 conver-

948 342 1028 366 sum,
1050 343 1138 369 neque
1162 342 1272 362 carnem
1289 334 1317 361 in
1357 334 1468 361 deitatis
1500 338 1627 361 naturam
1651 336 1741 360 trans-

949 380 1027 406 iisse:
1045 380 1091 406 sed
1107 380 1133 406 iu
1164 388 1218 407 uno
1235 379 1303 406 Filio
1326 379 1443 406 Domino
1464 383 1561 406 nostro
1574 378 1638 406 Jesu
1660 378 1740 405 Chri-

949 430 1002 457 sto,
1034 425 1144 452 homine
1164 425 1235 452 facto
1263 425 1319 452 Deo
1344 425 1446 456 Verbo.
1471 423 1630 451 inconfusus
1661 431 1739 450 mau-

948 470 1016 497 sisse
1040 471 1186 505 utriusque
1213 475 1319 498 naturas
1345 471 1542 505 proprietates.
1571 469 1604 496 Et
1623 469 1739 495 univer-

948 523 1042 541 sorum
1074 515 1159 542 Deum
1188 515 1317 542 laudibus
1346 515 1496 542 extulimus
1511 514 1546 541 ob
1565 513 1739 541 divinaaﬁdei

949 560 1171 587 consensionem.
1185 561 1352 595 Scripsimus
1376 565 1468 587 autem
1484 560 1512 586 in
1531 564 1677 593 utramque
1691 559 1736 586 Ci-

950 606 1051 638 liciam,
1072 607 1178 634 tametsi
1197 614 1251 633 non
1272 607 1339 634 satis
1365 611 1537 641 compertum
1564 605 1740 635 haberemus.

949 660 983 680 an
997 652 1082 687 aliqui
1110 653 1166 680 sint
1188 653 1236 687 qui
1265 653 1376 680 veritati
1402 652 1541 679 contraria
1558 652 1690 683 sentiant,
1711 655 1739 678 et

951 697 998 724 Dei
1015 698 1220 725 amantissimos
1243 698 1389 732 episcopos
1411 697 1512 724 hortati
1535 704 1640 728 sumus,
1664 697 1742 723 inve-

950 743 1053 778 stigare
1067 747 1096 770 et
1118 751 1254 778 quaerere,
1275 751 1310 770 an
1324 743 1410 778 aliqui
1434 744 1490 770 sint
1505 750 1630 778 prorsus,
1649 743 1696 777 qui
1712 743 1741 769 in

951 786 1022 814 duos
1034 786 1105 814 ﬁlios
1120 786 1246 814 dividant
1269 795 1355 814 unum
1374 787 1522 815 Dominum
1539 787 1634 815 Jesum
1659 787 1742 814 Chri-

951 836 1036 864 stum,
1050 839 1153 866 cosque
1171 833 1213 859 vel
1230 832 1407 859 admonendo
1426 833 1577 868 corrigere,
1594 833 1637 859 vel
1657 840 1672 859 a
1685 832 1742 859 fra-

952 881 1024 904 trum
1038 882 1110 905 ccetu
1130 885 1284 913 segregare.
1311 878 1418 906 Revera
1431 879 1506 906 enim
1520 879 1647 906 similiter
1662 886 1742 906 aver-

953 929 1049 948 samur
1070 929 1119 949 eos
1133 923 1180 957 qui
1209 930 1291 949 unam
1319 923 1412 950 carnis
1433 923 1601 958 deitatisque
1616 928 1745 951 naturam

951 967 1046 995 dicere
1061 967 1174 1001 audent,
1192 972 1220 995 et
1237 976 1286 995 eos
1309 969 1357 1004 qui
1384 969 1413 996 in
1435 969 1506 996 duos
1522 969 1593 996 ﬁlios
1615 969 1744 996 dividunt

953 1020 1037 1039 unum
1054 1013 1202 1040 Dominum
1220 1018 1346 1041 nostrum
1364 1015 1458 1046 Jesum
1471 1015 1623 1049 Christum,
1643 1019 1744 1050 etape-

951 1059 1065 1086 stolicos
1077 1059 1180 1087 limites
1193 1060 1287 1095 egredi
1298 1065 1449 1088 conantur.
1461 1061 1540 1094 Quod
1559 1069 1626 1089 vero
1645 1061 1679 1089 ad
1693 1069 1742 1096 pa-

951 1112 1010 1132 cem
1042 1105 1126 1132 etiam
1151 1106 1239 1140 parati
1257 1107 1354 1139 simus,
1372 1115 1536 1141 persuasum
1561 1107 1661 1135 habeat
1675 1115 1742 1134 sau-

950 1150 1032 1177 ctitas
1045 1154 1101 1177 tua.
1117 1150 1185 1177 Nam
1210 1151 1233 1177 si
1257 1151 1394 1186 Propheta
1420 1152 1503 1179 dicit:
1525 1152 1613 1180 «Cum
1631 1152 1674 1180 his
1694 1152 1742 1187 qui

951 1196 1071 1223 oderunt
1081 1204 1176 1232 pacem
1184 1205 1260 1224 eram
1273 1197 1574 1233 pacificus“,11155
1589 1199 1676 1225 multo
1687 1205 1745 1225 ma-

950 1243 991 1277 gis
1005 1249 1055 1269 nos
1068 1250 1174 1277 pacem.
1198 1251 1259 1278 qua:
1269 1243 1426 1270 secundum
1450 1244 1537 1271 Deum
1554 1249 1606 1276 est,
1624 1243 1745 1271 libenter

952 1288 1156 1322 amplectimur.
1173 1288 1242 1321 Quia
1261 1297 1328 1316 vero
1346 1289 1542 1317 Alexandriam
1564 1297 1675 1324 quoque
1691 1289 1743 1317 ad-

952 1334 1114 1361 volaverunt
1130 1334 1255 1361 nonnulli
1268 1342 1301 1361 ex
1315 1335 1348 1362 iis
1365 1335 1412 1369 qui
1427 1343 1490 1362 cum
1505 1335 1657 1362 mendaciis
1675 1339 1742 1362 sunt

953 1379 1075 1411 educati,
1093 1383 1122 1406 et
1145 1379 1298 1406 calumnias
1323 1383 1420 1406 contra
1446 1387 1499 1407 nos
1523 1379 1744 1412 eonciuuarunt,

952 1428 1036 1459 atque
1052 1425 1210 1459 hujusmodi
1227 1425 1320 1452 verbis
1336 1425 1466 1452 inductus
1491 1425 1548 1452 Deo
1566 1425 1746 1452 charissimus

952 1470 1073 1497 civitatis
1087 1470 1160 1497 illius
1173 1470 1331 1505 episcopus,
1350 1471 1476 1505 quamvis
1492 1471 1600 1505 plenam
1622 1471 1648 1498 ei
1662 1471 1744 1498 (idem

953 1516 1102 1543 fecerimus
1114 1516 1217 1543 litteris
1229 1516 1342 1547 nostris,
1352 1516 1592 1551 religiosissimum
1600 1517 1746 1551 quemdam

112 1564 269 1598 ὲπισκρπων
289 1564 329 1595 είς
354 1563 403 1598 τὴν
427 1562 624 1598 βασιλεύουσαν
645 1561 790 1588 ἀπέστειλε
812 1560 900 1587 πόλιν⁸

954 1562 1115 1597 episcopum
1133 1561 1167 1589 ad
1181 1561 1278 1589 urbem
1296 1563 1399 1597 regiam
1412 1563 1497 1596 misit,
1515 1563 1644 1598 dignetur
1657 1563 1746 1597 pietas

113 1609 308 1642 καταξιωσάτω
332 1617 378 1635 σου
402 1610 418 1644 ἡ
442 1609 582 1635 θεοσέὃεια
598 1608 647 1642 τὴν
667 1607 771 1634 οἰκείαν
789 1607 898 1634 εὔνοιαν

111 1654 196 1683 δεῖξαι
205 1654 326 1690 συνήθως
346 1655 392 1680 καὶ
400 1653 539 1686 ἀντιτάξαι
548 1653 587 1689 τῷ
598 1654 690 1687 ψεύδει
702 1655 750 1689 τὴν
761 1654 899 1689 ἀλήθειαν.

113 1725 186 1760 Πὶτ.
210 1723 413 1757 -φλιιϐιανῷ
437 1724 593 1757 ἐπισκόπῳ
618 1725 903 1752 Κωνσταντινοιιπύ-

463 1761 551 1786 λεωε.
826 1766 829 1769 ‘

463 1766 551 1791 .tewc.
826 1766 829 1769 ί

149 1827 253 1859 Πολλὰς
270 1827 319 1863 μὲν
338 1827 364 1853 ἓν
379 1825 418 1861 τῷ
435 1826 550 1861 παρόντι
570 1826 670 1862 καιρῷ,
687 1826 721 1852 τὰ
743 1826 832 1852 πάντα
845 1825 904 1852 οεο-

114 1873 268 1908 φιλέστατε,
282 1871 435 1907 τρικυμιῶν
451 1871 601 1906 ἐδεξάμεθα
614 1871 776 1907 προσῦολὰς,
793 1872 840 1897 καὶ
857 1871 904 1897 τὴν

114 1917 162 1944 τοῦ
180 1916 278 1948 παντὸς
305 1915 536 1950 ἐπικαλεσάμενοι
559 1916 748 1951 Κύὸερνήτην,
766 1916 903 1950 ἀντισχεῖν

116 1962 287 1998 ἠδυνήθημεν
306 1961 376 1996 πρὸς
389 1960 435 1987 τὸν
449 1960 582 1987 κλύδωνα·
597 1961 631 1988 τὰ
645 1961 671 1987 δὲ
685 1961 731 1987 νῦν
753 1961 814 1987 καθ’
828 1960 905 1996 ήμῶν

115 2007 323 2044 ἐπιχειρηθέντα
337 2007 428 2033 πᾶσαν
444 2007 578 2043 τραγικὴν
590 2006 749 2042 ὑπερϐαίνει
762 2007 901 2042 διήγησιν.

116 2054 284 2089 Νομίσαντες
299 2052 353 2088 γὰρ
367 2053 512 2088 σύμμαχον
527 2053 637 2087 σχήσειν
653 2053 700 2079 καὶ
721 2052 850 2087 συνεργὸν
866 2053 906 2084 εἰς

115 2100 150 2128 τὰ
165 2100 236 2127 κατὰ
255 2100 304 2134 τῆς
321 2099 503 2134 ἀποστολικῆς
527 2099 645 2130 πίστεως
660 2099 841 2134 τυρευόμενα,
860 2099 906 2125 τὸν

116 2145 324 2180 θεοφιλέστατον
335 2145 386 2180 τῆς
404 2144 608 2179 Ἀλεξανδρείας
618 2145 779 2177 ἐπίσκοπον,
793 2145 839 2171 τὸν
857 2145 901 2171 κύ·

118 2200 175 2228 ριον
187 2192 342 2226 Διόσκορον,
360 2190 558 2225 ἀπεστείλαμεν
573 2190 621 2217 ἕνα
633 2190 686 2216 τῶν
701 2191 766 2225 παρ’
780 2192 845 2226 ἡμῖν
859 2191 904 2217 εὖ-

116 2235 290 2263 λαϐεστάιτων
306 2236 508 2272 πρεσϐυτέρων,
524 2235 628 2262 συνέσει
650 2236 846 2272 κοσμούμενον,
856 2245 905 2270 με-

117 2282 151 2309 τὰ
169 2281 314 2308 συναδικῶν
330 2283 511 2316 γραμμάτων,
526 2281 678 2314 διδάξαντες
693 2282 775 2309 αὐτοῦ
788 2283 837 2318 τὴν
849 2282 906 2308 οεο-

118 2328 235 2358 σέϐπαν,
247 2327 284 2358 ὡς
299 2328 357 2358 ταῖς
371 2328 569 2362 γεγενημέναις
579 2328 625 2353 ἐπὶ
638 2327 684 2353 τοῦ
702 2327 751 2362 τῆς
768 2327 906 2362 μακαρίας

120 2373 231 2408 μνήμης
249 2373 384 2408 Κυρίλλου
397 2372 544 2407 συνθήκαις
569 2373 735 2408 ἐμμένομεν,
750 2374 797 2399 καὶ
811 2374 861 2408 τήν
877 2381 906 2400 τε

118 2420 183 2454 παρ’
190 2418 271 2445 αὐτοῦ
282 2419 434 2453 γραφεῖσαν
444 2418 593 2454 στέργομεν
602 2419 758 2454 ἐπιστολὴν,
765 2420 814 2455 τήν
823 2428 852 2445 τε
861 2419 907 2445 τοῦ

119 2464 327 2499 μακαριωτάτου
347 2464 393 2490 καὶ
405 2465 433 2490 ἐν
448 2464 535 2497 ἁγίοις
553 2465 723 2497 ’Δοανασίου,
734 2466 767 2501 ἢν
781 2466 847 2501 πρὸς
863 2465 907 2492 τὸν

119 2511 252 2545 μακάριον
274 2509 434 2545 Ἐπίκτητον
455 2509 573 2544 ἔγραψεν
583 2531 591 2542 ,
605 2511 746 2542 ἀσπασίως
761 2511 905 2546 δεχόμεθα·

119 2556 166 2582 καὶ
188 2556 240 2591 πρὸ
265 2563 297 2588 γε
316 2555 435 2587 τούτων,
466 2555 515 2590 ἰὴν
538 2557 566 2582 ἐν
586 2556 689 2592 Naxan
712 2558 761 2592 τῆς
781 2557 907 2589 Βιθυνίας

119 2600 274 2627 ἑκτιϐεῖσαν
291 2601 382 2627 πίστιν
396 2601 448 2627 ὑπὸ
459 2601 514 2629 τῶν
528 2601 613 2636 ἁγίων
628 2602 675 2629 καὶ
695 2603 836 2638 μακαρίων
848 2604 905 2630 Πα-

119 2645 216 2681 τέρων.
231 2647 285 2672 Καὶ
297 2646 524 2682 παρεκαλέσαμεν
539 2648 601 2678 τοὺς
608 2646 762 2683 τ[οι]ούτοις
778 2648 907 2683 ἐμμένειν

120 2692 151 2719 οὐ
176 2691 352 2726 βουλομένους
377 2693 506 2728 ἐμμεῖναι
521 2694 741 2729 παρασκευάσαι.
768 2693 848 2720 Ἀλλά
865 2702 907 2725 τις

121 2736 244 2766 ἐντεῦθεν
258 2737 368 2771 δραμὼν
383 2738 437 2764 τῶν
452 2738 580 2766 τάναντία
591 2739 770 2774 φρονούντων,
786 2739 831 2766 καὶ
846 2739 907 2771 τοὺς

162 2837 185 2853 ¹⁴
202 2837 271 2865 Psal.
294 2845 364 2871 cm,
383 2838 407 2865 6.

956 1613 1003 1635 tua
1018 1615 1096 1634 suam
1115 1607 1196 1635 nobis
1208 1607 1241 1635 de
1260 1615 1337 1635 more
1365 1609 1586 1636 benevolentiam
1602 1609 1746 1641 exhibere,

954 1659 983 1680 et
999 1653 1144 1680 mendacio
1159 1653 1304 1680 veritatem
1317 1662 1468 1689 opponere.

956 1723 1097 1751 LXXXVI.
1112 1740 1146 1744 —
1158 1724 1287 1752 Flaviano
1305 1726 1423 1760 episcopo
1441 1724 1745 1760 Constantinopolitano.

990 1823 1090 1850 Multos
1101 1823 1215 1858 quidem
1230 1823 1257 1849 in
1269 1822 1322 1850 hac
1343 1824 1409 1856 vita,
1422 1823 1479 1850 Deo
1502 1831 1551 1858 per
1562 1823 1654 1850 omnia
1681 1823 1747 1850 cha-

955 1869 1081 1901 rissime,
1104 1869 1259 1904 ingentium
1278 1868 1464 1903 procellarum
1495 1869 1616 1903 impetus
1639 1869 1749 1902 excopi-

954 1923 1026 1947 mus,
1044 1919 1073 1941 et
1085 1914 1212 1941 invocato
1225 1913 1346 1940 universi
1362 1913 1559 1948 gubernatore,
1583 1921 1639 1940 non
1657 1913 1745 1947 impa—

956 1968 1001 1988 res
1018 1960 1175 1994 tempestati
1187 1959 1307 1987 l‘uimus:
1326 1967 1387 1994 qius
1405 1967 1471 1987 vero
1490 1967 1563 1986 nunc
1577 1963 1675 1986 contra
1698 1967 1749 1986 nos

955 2006 1110 2042 excogitata
1122 2009 1195 2037 sunt,
1213 2005 1343 2039 tragicam
1362 2012 1472 2032 omnem
1496 2005 1682 2032 narrationem
1699 2013 1748 2032 cx-

956 2055 1098 2087 superant.
1112 2051 1173 2078 Rati
1187 2051 1261 2077 enim
1272 2058 1323 2077 nos
1335 2050 1488 2085 adjutorem
1503 2058 1535 2077 ac
1547 2050 1653 2077 socium
1665 2050 1699 2077 ad
1715 2057 1748 2077 ea

957 2106 1020 2132 quze
1036 2101 1132 2124 contra
1151 2095 1234 2123 {idem
1250 2096 1428 2130 apostolicam
1446 2099 1593 2122 moventur
1606 2095 1750 2122 habituros

981 2151 1014 2171 eo
1029 2143 1221 2171 charissimum
1234 2141 1406 2169 Alexandria:
1424 2142 1585 2177 episcopum
1600 2141 1744 2168 dominum

958 2191 1129 2222 Dioscorum,
1153 2190 1280 2216 misimus
1294 2197 1378 2216 unum
1408 2197 1442 2216 ex
1453 2188 1671 2224 religiosissimis
1687 2196 1750 2223 pre-

957 2237 1093 2272 sbyteris.
1109 2237 1116 2245 '
1136 2235 1282 2270 prudentia
1308 2235 1453 2270 insignem,
1476 2243 1538 2262 cum
1561 2235 1662 2262 litteris
1687 2242 1750 2270 syn-

957 2282 1055 2314 odicis,
1079 2281 1174 2316 pietati
1199 2281 1260 2316 eius
1278 2285 1465 2316 suggerentes,
1484 2289 1534 2308 nos
1556 2281 1584 2308 in
1597 2289 1629 2308 co
1645 2281 1748 2307 {uadere

924 2348 943 2375 ο
957 2329 1032 2364 quod
1047 2329 1098 2356 sub
1109 2329 1196 2355 beatze
1212 2327 1353 2354 memoria:
1373 2327 1476 2363 Cyrillo
1502 2328 1601 2354 initum
1626 2331 1667 2354 est
1688 2335 1750 2361 pcr-

959 2382 1080 2406 manere,
1096 2374 1281 2407 scriptumque
1294 2373 1328 2399 ab
1346 2381 1380 2399 eo
1397 2373 1542 2408 epistolam
1566 2373 1706 2407 amplecti.
1720 2378 1749 2400 ct

960 2419 1110 2446 beatissimi
1125 2418 1267 2453 sanctique
1281 2418 1421 2444 Athanasii
1436 2418 1591 2452 epistolam,
1612 2425 1692 2452 quam
1713 2418 1747 2445 ad

959 2465 1070 2492 beatum
1083 2464 1238 2499 Epictetum
1263 2463 1384 2497 scripsit,
1409 2462 1527 2490 libenter
1551 2463 1685 2497 recipere,
1708 2467 1750 2490 at-

960 2519 1014 2546 que
1033 2515 1097 2538 ante
1113 2509 1172 2537 haec
1188 2508 1268 2535 [idem
1287 2508 1315 2535 in
1333 2508 1423 2535 Nicaea
1449 2508 1584 2543 Bithyniae
1599 2516 1613 2534 a
1646 2508 1749 2535 sanctis

958 2557 1100 2591 beatisque
1125 2555 1254 2583 Patribus
1276 2553 1439 2589 expositam.
1460 2554 1494 2581 Et
1510 2554 1612 2580 hortati
1641 2560 1743 2581 sumus.

963 2601 1070 2637 1156
1082 2606 1111 2628 ut
1128 2609 1176 2629 eos
1190 2601 1237 2636 qui
1249 2600 1276 2627 in
1294 2600 1339 2627 his
1354 2607 1522 2634 permanere
1543 2599 1655 2630 nolunt,
1683 2606 1747 2626 sua-

961 2647 1025 2675 deat
1038 2654 1210 2682 permanere.
1229 2646 1330 2674 Verum
1343 2645 1440 2672 abiens
1453 2645 1519 2672 hinc
1528 2645 1640 2680 quidam
1657 2652 1691 2671 ex
1713 2645 1748 2671 iis

961 2694 1008 2728 qui
1020 2693 1158 2721 contraria
1167 2692 1301 2724 sentiunt,
1313 2696 1341 2719 et
1357 2692 1493 2719 tumultus
1506 2691 1574 2718 istos
1588 2691 1673 2721 cient.
1682 2698 1746 2717 cum

963 2739 1071 2774 aliquos
1084 2739 1141 2766 illic
1155 2738 1320 2773 deccpissct,
1330 2742 1358 2765 ct
1372 2743 1513 2765 Sexcentas
1527 2741 1622 2765 contra
1636 2744 1686 2764 nos
1700 2744 1748 2764 ca-
