1962 3051
243 131 311 165 1979

719 133 964 163 THEODORETI
977 134 1144 164 EPISCOPI
1163 135 1343 165 CYREN'SIS

1804 133 1876 166 1280

240 186 359 213 lumnias
375 187 516 218 texuisset,
536 187 668 215 nefandas
693 193 790 215 contra
814 196 864 216 uos
889 187 1024 215 vocifera~

1081 188 1209 223 θορύϐους
1224 188 1335 220 τούτους
1352 188 1552 224 ἐργαζομένων,
1570 188 1741 222 ἐξαπατήσας
1757 189 1810 216 τῶν
1825 191 1875 217 αύ-

241 232 330 259 tiones
342 233 496 260 suscitavit.

276 370 332 398 Deo
347 375 438 398 autem
451 371 632 398 charissimus
645 371 791 406 episcopus
806 371 956 398 Dioscorus
969 370 1031 405 epi—

240 417 337 444 stolam
351 417 384 444 ad
399 425 450 444 nos
460 417 579 452 scripsit,
597 425 679 452 quam
698 417 732 444 ab
759 425 793 444 eo
814 417 946 451 scriptam
973 424 1029 443 non

239 462 342 494 decuit,
361 464 409 498 qui
425 463 460 490 ab
476 464 670 490 universorum
694 464 750 490 Deo
766 462 911 494 didicerat,
933 470 1027 489 vocem

240 509 376 536 mendacii
391 517 445 536 non
468 510 619 543 suscipere.
648 509 742 536 Fidem
773 510 847 536 enim
874 509 908 536 iis
924 509 1029 536 habens

238 562 300 588 quae
315 559 411 581 contra
428 562 478 581 nos
493 554 566 582 dicta
579 554 698 586 fuerant,
712 555 790 589 quasi
815 559 943 581 accurate
970 555 1027 581 sin-

238 600 301 634 gula
314 600 507 632 examinasset,
523 608 555 627 ac
577 600 721 627 veritatem
739 608 789 635 per
817 605 955 627 tormenta
975 609 1025 628 ex-

239 645 397 680 pressisset,
429 646 466 672 ita
494 653 544 672 nos
567 646 769 672 condemnavit.
799 645 852 672 Sed
865 653 914 672 uos
926 645 1029 672 calum-

239 690 313 717 niam
329 690 393 717 l‘orti
406 690 499 717 animo
511 690 688 725 pertulimus,
708 692 790 725 eique
803 690 914 717 blandis
924 691 1028 718 litteris

239 735 443 770 rescripsimus,
461 740 489 763 et
506 737 602 771 pietati
618 737 678 772 ejus
691 737 864 764 ostendimus
887 737 954 763 falsa
966 744 1028 764 esse

238 780 297 808 haec
313 781 415 813 omnia,
431 781 593 816 nullumque
608 782 664 809 Deo
682 782 908 809 charissimorum
927 781 1026 809 Orien—

239 826 275 852 tis
284 826 475 860 episeoporum
496 826 532 853 ab
546 827 707 861 apostolicis
727 827 902 862 dogmatibus
917 827 1026 854 dissen-

238 872 299 899 tire.
316 871 394 904 Quod
405 876 432 899 et
445 873 661 908 religiosissimis
674 861 796 906 clericis,
812 873 862 908 qui
875 873 910 900 ab
932 881 965 900 eo
982 881 1028 900 ve-
1045 861 1066 889 Β

237 921 348 950 nerant,
360 917 420 952 ipsa
433 925 526 944 rerum
542 918 713 953 experientia
736 927 900 954 persuasum
923 922 975 946 est.
993 919 1028 946 At

239 962 285 989 ille
300 963 429 990 omnibus
445 964 537 992 valere
549 964 643 999 jussis,
661 969 689 992 et
701 965 936 992 calumniantibus
946 974 1029 993 aures

241 1008 362 1042 tradens,
382 1017 440 1036 rem
460 1017 605 1045 aggressus
626 1014 678 1042 est,
698 1018 761 1045 quae
776 1011 853 1038 credi
869 1012 1029 1039 nullatenus

236 1059 334 1088 queat,
352 1055 406 1082 nisi
424 1059 522 1083 testem
544 1056 661 1084 haberet
679 1057 841 1084 Eeelesiam.
855 1057 932 1084 Tulit
951 1058 1026 1085 enim

237 1100 304 1127 illos
313 1101 360 1136 qui
374 1102 455 1129 nobis
469 1102 615 1129 anathema
641 1102 781 1135 dicebant,
815 1111 985 1138 surgeusque
1002 1108 1030 1131 et

238 1146 393 1173 aeclamans
421 1147 533 1174 illorum
556 1155 635 1175 voces
658 1148 838 1175 continuavit.
858 1149 960 1176 Adhme
979 1150 1029 1176 ali-

238 1198 308 1225 quos
318 1199 352 1218 ex
365 1191 423 1219 Deo
432 1191 604 1219 charissimis
619 1193 758 1228 episcopis
771 1194 798 1220 iu
815 1194 912 1221 urbem
925 1195 1028 1230 regiam

236 1237 322 1270 misit,
343 1241 373 1264 ut
384 1238 552 1273 accepimus,
581 1240 701 1274 majores
719 1247 834 1274 sperans
861 1246 956 1268 contra
977 1249 1027 1269 nos

239 1283 376 1310 tumultus
387 1283 558 1311 excitandos.
573 1284 629 1312 Nos
641 1293 707 1312 vero
716 1285 837 1320 primum
854 1286 1030 1315 defensorem

237 1328 499 1356 liabemusomnium
508 1329 689 1364 inspectorem
703 1331 799 1358 Deum.
812 1332 865 1359 Pro
883 1332 985 1360 divinis
996 1334 1032 1360 si-

235 1375 346 1410 quidem
354 1375 414 1411 ejus
421 1376 595 1410 dogmatibus
602 1375 879 1405 dimicamus.Deiude
885 1386 949 1406 vero
958 1382 1031 1406 tuam

235 1427 345 1454 quoque
358 1420 531 1448 sanctitatem
545 1420 725 1452 obtestamur,
748 1425 777 1447 ut
801 1426 984 1456 oppugnatam
1001 1423 1032 1449 ti-

235 1464 298 1493 dem
314 1469 434 1498 tueatur,
452 1471 480 1493 et
495 1473 545 1500 pro
561 1466 726 1493 conculcatis
748 1466 853 1501 1157
880 1468 1034 1496 canouibus

237 1510 372 1559 decertet.
390 1511 473 1559 lui-lla
487 1512 591 1559 quippe
600 1512 684 1559 regis
703 1512 771 1539 urbe
785 1514 940 1548 congregati
959 1514 1030 1542 beati
1045 1530 1066 1559 α

237 1555 405 1588 Patres,cum
419 1555 453 1582 iis
465 1556 512 1590 qui
521 1555 593 1590 apud
600 1555 715 1582 Nicaeam
724 1563 911 1584 convenerant
920 1560 1030 1594 conspi-

236 1604 337 1633 rantes,
350 1600 484 1628 dimceses
494 1601 689 1632 distinxerunt.
702 1605 730 1628 et
738 1610 789 1629 sua
799 1603 948 1638 unicuique
962 1604 1031 1632 dia:—

235 1646 292 1673 cesi
314 1647 499 1681 assignarunt,
526 1651 621 1681 apertc
645 1647 845 1675 inter-dicentes
872 1657 905 1675 ex
938 1649 1025 1677 altera

235 1698 390 1725 quosquam
407 1690 520 1718 dioecesi
548 1691 663 1718 alteram
684 1693 693 1701 ‘
721 1691 852 1719 invadere
869 1702 876 1720 :
894 1693 942 1720 sed
967 1694 1031 1722 Ale-

236 1737 356 1764 xandriae
370 1737 530 1772 episcopqu
545 1737 653 1773 (Egypti
667 1739 857 1766 tantummodo
880 1748 924 1767 res
940 1741 1029 1768 admi-

237 1782 401 1814 nistrare,et
411 1791 459 1810 sua
477 1783 600 1818 singulas
614 1783 759 1811 dimceses.
777 1784 827 1812 llic
840 1787 1025 1822 verolegibus

237 1828 297 1855 istis‘
313 1828 487 1862 acquiescere
499 1837 553 1855 non
565 1829 634 1862 vult,
655 1830 702 1857 sed
723 1838 834 1858 sursum
853 1839 885 1859 ac
899 1832 1030 1860 deorsum

237 1875 310 1901 beati
322 1874 403 1901 Marci
413 1875 506 1902 sedem
517 1875 660 1902 obtendit:
672 1876 754 1911 idque
763 1885 825 1904 cum
835 1877 940 1912 liquido
949 1878 1029 1905 intel-

236 1921 312 1956 ligat,
319 1921 497 1957 Mcgalopoliu
504 1921 741 1949 Antioebcnorum
751 1924 841 1958 magni
851 1924 925 1951 Petri
934 1924 1027 1952 sedem

236 1966 350 1999 habere,
365 1967 412 2002 qui
440 1966 514 1994 beati
539 1967 623 1994 Marci
651 1968 784 2003 magister
804 1973 875 2001 erat,
891 1968 1027 2004 chorique

236 2012 424 2046 apostolorqu
448 2012 577 2047 princeps
601 2017 629 2040 et
655 2013 826 2049 coryplizeus.
851 2014 953 2041 Verum
977 2023 1028 2043 nos

235 2057 309 2085 sedis
324 2058 521 2085 sublimitatem
540 2058 681 2085 novimus:
695 2067 745 2086 uos
762 2059 836 2093 ipsos
852 2067 918 2087 vero
927 2068 1028 2096 cogno-

235 2104 337 2131 scimus
350 2108 378 2131 et
391 2103 534 2132 metimur.
551 2103 741 2132 Humilitatem
758 2106 834 2133 enim
847 2106 1026 2141 apostolicam

235 2157 251 2175 a
270 2149 405 2184 principio
415 2149 574 2179 didicimus.
591 2150 771 2179 Sanctitatem
789 2160 874 2186 porro
890 2157 964 2180 tuam
977 2153 1026 2181 ob-

1080 233 1137 260 τόθι
1155 233 1241 266 τινὰς,
1260 234 1306 259 καὶ
1323 233 1422 268 μυρίας
1436 233 1498 260 καθ⁴
1512 234 1590 270 ὴμῶν
1607 235 1789 268 συκοφαντίας
1805 236 1877 270 ὑφή-

1079 288 1138 311 νας,
1165 279 1374 314 παρεσκεύασεν
1389 279 1527 315 ἀθέσμους
1553 279 1614 306 καθ’
1631 279 1710 315 ἡμῶν
1730 280 1876 316 ὲκΰοήτεις

1079 324 1217 358 γενέσθαι.

1121 370 1150 396 '0
1165 370 1193 396 δὲ
1217 369 1424 404 θεοφιλέστατος
1448 370 1597 402 ἐπίσκοπος
1610 371 1754 406 Διόσκορος
1767 373 1874 406 γέγρα-

1081 424 1129 450 φεν
1144 417 1209 450 ἡμῖν
1235 415 1391 450 ἐπιστολὴν,
1411 415 1444 451 ἣν
1468 416 1517 443 οὐκ
1535 415 1588 442 ἔδει
1604 416 1713 451 γράψαι
1731 417 1776 442 τὸν
1796 418 1876 452 παρὰ

1079 460 1125 487 τοῦ
1152 461 1207 487 τῶν
1230 461 1300 488 ὅλων
1314 461 1382 488 Θεοῦ
1399 461 1578 497 μεμαθηκότα
1596 461 1680 497 ἀκοὴν
1703 462 1822 497 ματαίαν
1841 463 1881 489 οὔ

1079 507 1291 543 παραδέχεσθαι.
1309 507 1463 539 Πιστεύσας
1481 508 1535 543 γὰρ
1549 509 1605 539 τοῖς
1625 507 1686 534 καθ’
1702 509 1780 543 ἡμῶν
1794 509 1873 544 εἰρη-

1081 552 1183 587 μένοις,
1207 552 1244 584 ὼς
1265 552 1387 587 ἀκριϐῶς
1412 552 1514 579 τούτων
1537 553 1653 580 ἕκαστον
1668 552 1807 585 ἐξετάσας,
1823 555 1876 580 καὶ

1079 599 1111 624 ὲκ
1121 600 1170 633 τῆς
1184 598 1300 633 βασάνου
1329 598 1496 633 μεμαθηκὼς
1518 598 1668 634 [τ]’ἑιληοὲς,
1684 599 1770 630 οὕτως
1792 599 1881 634 ἡμῶν·

1079 644 1294 679 κατεψηφίσατο.
1314 644 1384 671 Ἀλλ’
1409 645 1489 679 ἡμεῖς
1513 643 1642 678 γενναίως
1662 643 1712 679 τὴν
1735 653 1872 678 συκοφαν-

1078 689 1139 716 τίαν
1164 690 1329 725 ἠνέγκαμεν,
1357 690 1404 716 καὶ
1425 691 1552 725 χρηστοῖς
1568 690 1727 724 γράμμασιν
1749 690 1872 725 ἠμειψά-

1081 735 1162 770 μεθα,
1190 736 1237 762 καὶ
1264 736 1434 771 πεπείκαμεν
1459 735 1542 762 αὑτοῦ
1569 736 1620 771 τὴν
1644 735 1871 767 θεοσέϐειαν,ὠς

1079 782 1167 808 πάντα
1179 781 1264 808 ταῦτα
1279 781 1376 816 ψευδῆ,
1390 782 1436 807 καὶ¹
1449 781 1486 813 ὡς
1496 782 1582 813 οὐδεὶς
1592 782 1646 808 τῶν
1659 782 1709 816 τῆς
1727 781 1871 816 Ἀνατολῆς

1080 827 1296 862 θεοφιλεστάτων
1311 827 1470 854 ἐπισκόπων
1486 827 1594 853 ἐναντία
1609 829 1663 859 τοῖς
1683 827 1874 858 ἀποστολικοῖς

1082 874 1177 908 φρονεῖ
1189 873 1335 908 δόγμασιν.
1356 873 1539 908 Ἐπείσθησαν
1555 873 1583 899 δὲ
1598 873 1644 899 καὶ
1658 873 1691 898 δι’
1707 873 1794 908 αὐτῆς
1819 873 1875 899 τῶν

1082 919 1253 953 πραγμάτων
1281 919 1332 953 τῆς
1354 918 1452 954 πείρας
1478 919 1525 945 καὶ
1549 919 1573 945 οἱ
1595 917 1791 949 ἀποσταλέντες
1806 918 1880 952 παρ”

1081 963 1164 991 αὐτοῦ
1180 964 1373 991 εὐλαϐέστατοι
1391 964 1527 999 κληρικοί.
1551 965 1580 990 ὐ
1592 964 1620 990 δὲ
1636 965 1718 990 πᾶσιν
1733 963 1879 998 ἐῤῥῶσθαιέ

1082 1011 1200 1046 φράσας,
1225 1011 1272 1037 καὶ
1295 1011 1352 1041 τοῖς
1379 1010 1576 1044 συκοφαντοῦσι
1595 1010 1645 1041 τὰς
1668 1009 1751 1041 ἀκοὰς
1767 1009 1874 1040 ἐκδοὺς,

1082 1058 1198 1092 πρᾶγμα
1216 1057 1367 1092 πεποίηκεν
1381 1056 1507 1090 οὐδαμῶς
1523 1055 1701 1090 πιστευθῆναι
1712 1055 1881 1089 δυνάμενον,

1082 1103 1107 1129 εί
1134 1103 1172 1138 μὴ
1198 1103 1287 1129 πᾶσαν
1309 1100 1366 1138 εἶχε
1397 1101 1587 1138 μαρτυροῦσαν
1614 1101 1664 1136 τὴν
1698 1101 1879 1136 Ἐκκλησίανι

1088 1148 1232 1184 Ἢνέσχετο
1243 1146 1292 1183 μὲν
1306 1148 1359 1183 γὰρ
1374 1147 1427 1174 τῶν
1442 1147 1696 1181 ἀναθεματιζόντων
1711 1147 1793 1181 ἡμᾶς·
1807 1147 1879 1172 ἀνα-

1084 1194 1149 1225 στὰς
1169 1193 1197 1220 δὲ
1223 1194 1270 1220 καὶ
1296 1192 1498 1228 προσφωνήσας
1521 1191 1633 1218 ἐκείνων
1660 1191 1752 1226 φωνὰς
1775 1191 1875 1217 ἐπεσε-

1085 1239 1197 1266 ὃαίωσε.
1213 1238 1286 1274 Πρὸς
1300 1238 1329 1265 δὲ
1345 1238 1459 1270 τούτοις,
1476 1238 1524 1264 καί
1536 1246 1613 1269 τινας
1629 1237 1683 1263 τῶν
1698 1237 1802 1271 θεοφιλε
1810 1237 1871 1263 ετα-

1083 1294 1137 1312 των
1150 1284 1307 1312 ἐπισκόπων
1322 1284 1362 1316 εἰς
1377 1283 1425 1319 τὴν
1442 1281 1638 1319 βασιλεύουσαν
1653 1282 1821 1311 ἀπέστειλεν,
1835 1281 1881 1313 ὡς

1083 1331 1217 1366 ἔγνωμεν,
1233 1330 1319 1361 πόλιν,
1342 1329 1458 1365 αὐξῆσαι
1479 1329 1541 1360 τοὺς
1564 1328 1625 1355 καθ’
1649 1327 1728 1363 ἡμῶν
1743 1327 1875 1363 θορύϐους

1084 1375 1210 1407 ἐλπίζων.
1234 1375 1330 1410 Ἡμεῖς
1351 1375 1379 1401 δὲ
1404 1375 1510 1410 πρῶτον
1528 1374 1577 1409 μὲν
1592 1373 1637 1400 τὸν
1653 1373 1708 1399 τῶν
1724 1373 1793 1400 ὅλων
1811 1373 1877 1399 Ἐπ-

1083 1422 1169 1457 όπτην
1181 1421 1323 1458 πρόμαχον
1339 1421 1448 1455 ἔχομεν·
1466 1419 1537 1454 ὑπὲρ
1548 1419 1601 1454 γὰρ
1621 1419 1676 1445 τῶν
1693 1417 1772 1445 Θείων
1790 1418 1880 1445 αὐτοῦ

1083 1467 1226 1502 δογμάτων
1254 1467 1455 1501 ἀγωνιζόμεθα.
1483 1467 1599 1493 Ἔπειτα
1621 1468 1650 1492 δὲ
1676 1465 1721 1491 καὶ
1746 1464 1795 1499 τὴν
1825 1465 1876 1499 σὴν

1084 1513 1237 1548 ἁγιωσύνην
1250 1512 1462 1548 παρακαλοῦμεν
1475 1513 1523 1547 τῆς
1535 1511 1739 1546 πολεμουμένης
1756 1511 1878 1542 uictam;

1083 1561 1288 1596 ὑπερμαχῆσαι.
1303 1559 1349 1585 καὶ
1362 1558 1415 1585 τῶν
1428 1558 1603 1594 πατηθέντων
1617 1556 1876 1591 ὑπεραγωνίσασθαι

1083 1606 1212 1633 κανόνων.
1233 1606 1276 1632 Ἐν
1290 1605 1381 1640 ἐκείνῃ
1394 1603 1449 1639 γὰρ
1468 1605 1500 1639 τῇ
1526 1603 1705 1639 βασιλευούσῃ
1720 1602 1796 1629 πόλει
1813 1611 1876 1628 συν.

1081 1651 1204 1683 ελθόντες
1227 1652 1251 1677 οἱ
1281 1651 1411 1685 μακάριοι
1433 1649 1565 1683 Πατέρες,
1585 1647 1739 1683 συμφώνως
1759 1648 1816 1678 τοῖς
1845 1648 1875 1672 ἐν

1081 1698 1183 1733 Νικαίᾳ
1212 1696 1428 1731 συναθροισθεῖσι
1465 1695 1515 1728 τὰς
1545 1695 1693 1729 διοικήσεις
1722 1693 1874 1727 διέκριναν,

1081 1744 1127 1770 καὶ
1156 1744 1257 1778 ἑκάστῃ
1282 1744 1419 1778 διοικήσει
1443 1742 1478 1768 τὰ
1495 1742 1596 1776 ἑαυτῆς
1615 1741 1778 1774 ἀπένειμαν,
1796 1739 1872 1765 ἅντι-

1081 1799 1148 1825 κρυς
1177 1789 1434 1825 ἀπαγορεύσαντες,
1467 1789 1495 1821 ἐξ
1524 1789 1657 1822 ἑκατέρας
1695 1787 1759 1821 (54)
1795 1785 1872 1816 τινὰς

1079 1836 1238 1871 διοικήσεως
1265 1835 1347 1870 ἑτέρα
1375 1835 1412 1870 μὴ
1440 1834 1555 1861 ἐπιέναι·
1586 1832 1653 1859 ἀλλὰ
1680 1832 1725 1858 τὸν
1744 1831 1871 1863 Ἀλεξαν-

1080 1882 1172 1917 δρείας
1193 1881 1341 1908 ἐπίσκοπον
1366 1881 1402 1907 τὰ
1430 1881 1478 1915 τῆς
1508 1879 1648 1913 Αἰγύπτου
1664 1878 1731 1913 μόνα
1748 1877 1871 1908 διοικεῖν,

1079 1928 1127 1955 καὶ
1151 1927 1270 1961 ἑκάστην
1293 1927 1427 1962 διοίκησιν
1446 1927 1479 1952 τὰ
1495 1926 1592 1952 οἰκεῖα.
1614 1925 1644 1951 '0
1658 1924 1686 1950 δὲ
1700 1923 1805 1954 τούτοις
1821 1924 1872 1957 ἐμ-

1081 1972 1171 2008 μένειν
1186 1974 1240 2004 τοῖς
1257 1972 1330 2007 ὅροις
1353 1972 1383 1998 οὐ
1413 1971 1547 2006 βούλεται,
1563 1970 1620 1996 ἀλλ’
1645 1969 1701 1996 ἄνω
1727 1969 1772 1995 καὶ
1795 1968 1873 1994 κάτω

1077 2018 1124 2045 τοῦ
1147 2017 1282 2053 μακαρίου
1298 2017 1411 2052 Μάρκου
1431 2017 1476 2043 τὸν
1500 2016 1593 2051 θρόνον
1611 2015 1803 2050 προϐάλλεται·
1821 2015 1871 2041 καὶ

1077 2064 1163 2091 ταῦτα
1180 2063 1272 2098 σαφῶς
1288 2063 1374 2096 εἰδὼς,
1385 2063 1422 2094 ὡς
1437 2062 1483 2089 τοῦ
1499 2061 1616 2097 μεγάλου
1628 2061 1733 2096 Πέτρου
1749 2060 1792 2086 τὸν
1807 2059 1871 2094 θρό-

1077 2119 1122 2138 νον
1146 2112 1164 2145 ἡ
1184 2110 1344 2145 Ἀντιοχέων
1368 2109 1548 2145 μεγαλόπολις
1562 2108 1628 2143 ἔχει,
1642 2108 1671 2139 ὃς
1686 2107 1734 2133 καὶ
1752 2106 1798 2132 τοῦ
1816 2115 1870 2140 μα-

1077 2156 1173 2192 κιρίου
1199 2156 1314 2191 Μάρκου
1338 2154 1497 2186 διδάσκαλος
1519 2152 1563 2189 ἦν,
1589 2154 1636 2180 καὶ
1657 2152 1703 2179 τοῦ
1719 2151 1799 2187 χοροῦ
1816 2151 1872 2176 τῶν

235 2202 385 2230 secramus,
406 2201 437 2223 ut
449 2204 539 2232 neque
567 2202 677 2225 sanctos
706 2206 827 2227 canones
848 2200 1025 2234 proculcatos

1081 2202 1236 2229 ἀποστόλων
1260 2201 1368 2237 πρῶτος
1391 2201 1439 2227 καὶ
1460 2200 1618 2235 κορυφαῖος.
1640 2198 1709 2225 Ἀλλ’
1725 2198 1806 2232 ἡμεῖς
1822 2196 1870 2222 τοῦ

235 2243 380 2278 despiciat,
390 2248 417 2271 ct
425 2248 525 2271 sanctae
545 2244 608 2272 ﬁdei
624 2245 810 2273 defensionem
829 2245 911 2273 alacri
929 2246 1023 2274 animo

236 2288 379 2323 suscipiat.
397 2289 426 2316 lu
441 2289 493 2316 hac
507 2296 626 2324 namque
643 2290 761 2324 positam
791 2289 927 2317 habemus
949 2297 1026 2324 spem

235 2334 395 2369 salutis,per
402 2342 517 2370 eamque
524 2343 574 2363 nos
582 2336 690 2363 veniam
696 2335 845 2371 adepturos
851 2336 1028 2363 confidimus.

1080 2249 1130 2284 μὲν
1147 2248 1201 2282 (55)
1217 2247 1312 2283 θρόνου
1326 2247 1355 2274 τὸ
1373 2246 1440 2281 ὕψος
1455 2245 1635 2280 ἐπιστάμεθα,
1649 2244 1763 2274 ἑαυτοὺς
1777 2243 1805 2269 δὲ
1822 2244 1871 2269 καὶ

1075 2293 1244 2328 γινώσκομεν
1269 2293 1316 2319 καὶ
1339 2291 1504 2327 μετροῦμεν.
1531 2291 1586 2326 Τὴν
1606 2290 1659 2325 γὰρ
1686 2287 1871 2322 ἁποστολικὴν

1076 2336 1327 2372 ταπεινοφροσύνην
1351 2335 1453 2363 ἄνωθεν
1478 2335 1689 2371 μεμαθήκαμεν.
1706 2334 1762 2369 Τὴν
1775 2333 1804 2359 δὲ
1820 2333 1871 2368 σὴν

234 2380 362 2415 ὁσιότητα
373 2381 596 2417 παρακαλοῦμεν,
614 2383 683 2418 μήτε
697 2383 760 2414 τοὺς
776 2383 870 2416 ἁγίους
879 2382 993 2414 κανόνας
1006 2383 1194 2418 πατουμένους
1210 2383 1395 2418 παριδεῖν,καὶ
1406 2382 1452 2416 τῆς
1461 2382 1534 2413 θείας
1547 2381 1663 2412 πίστεως
1675 2380 1870 2416 ὑπερμαχῆσαι

235 2427 393 2464 προθύμως.
404 2429 450 2461 El;
461 2429 562 2465 ταύτην
573 2429 625 2466 γὰρ
640 2430 737 2466 ἔχομεν
755 2430 848 2457 ἐλπίδα
863 2431 912 2466 τῆς
929 2431 1077 2466 σωτηρίας,
1089 2431 1188 2458 καὶδιὰ
1205 2431 1306 2465 ταύτην
1332 2431 1422 2466 τυχεῖν
1439 2429 1633 2464 προσδοκῶμεν
1653 2428 1867 2463 φιλανθρωπίας.

270 2485 305 2514 Ut
321 2490 414 2514 autem
427 2487 480 2515 hoc
493 2495 603 2523 quoque
619 2487 750 2515 sanctitas
765 2492 809 2515 tua
823 2496 878 2515 nou
905 2488 1022 2523 ignaret,

235 2531 316 2564 scito,
335 2532 458 2565 domine,
475 2533 545 2561 hanc
560 2533 639 2561 illum
653 2533 800 2561 adversum
816 2541 865 2560 uos
882 2534 1025 2568 pusillani-

236 2578 359 2606 mitatem
369 2587 478 2615 gerere,
491 2588 526 2608 ex
537 2589 592 2616 quo
605 2580 745 2616 synodicis
759 2581 860 2608 vestris
873 2580 925 2608 sub
938 2580 1025 2608 beata:

236 2625 377 2653 memoria:
394 2625 492 2653 Proclo
506 2626 586 2653 factis
608 2631 764 2654 sanctorum
784 2626 896 2653 Patrum
925 2626 1026 2661 regulis

238 2672 407 2700 iuhmreutes
423 2674 606 2704 assensimus;
621 2681 652 2701 ac
668 2673 702 2701 de
713 2673 766 2700 hoc
780 2680 831 2700 nos
845 2673 929 2700 semel
941 2677 1024 2707 atque

238 2718 338 2744 iterum
356 2718 524 2753 increpasse,
534 2719 613 2754 quasi
628 2723 655 2746 et
666 2718 915 2750 Antiochenorum,
932 2723 961 2745 ut
975 2718 1024 2750 ait,

237 2763 522 2792 ctAlexaudrinorum
537 2766 599 2800 jura
614 2765 829 2801 prodiderimus.
849 2764 951 2792 llorum
967 2772 1024 2793 me—

276 2842 330 2878 (54)
349 2845 444 2879 ἑτέρας
465 2844 549 2879 Neap.

1112 2489 1171 2515 Ἷνα
1182 2489 1210 2515 δὲ
1226 2489 1293 2523 μηδὲ
1313 2488 1393 2514 τοῦτο
1414 2487 1535 2520 ἀγνοήσῃ
1562 2493 1609 2511 σου
1626 2486 1643 2520 ἡ
1660 2483 1778 2518 ὁσιότης,
1800 2484 1868 2515 ἴσθι,

1076 2535 1204 2565 δέσποτα,
1218 2535 1255 2565 ὡς
1277 2534 1326 2568 τὴν
1344 2534 1412 2568 πρὸς
1432 2533 1506 2568 ἡμᾶς
1533 2531 1596 2566 ἔσχε
1621 2529 1817 2566 μικροψυχίαν,
1837 2529 1868 2562 ἑξ

1076 2578 1105 2606 οὗ
1121 2581 1177 2611 τοῖς
1196 2580 1259 2614 παρ’
1277 2580 1342 2614 ὑμῖν
1365 2577 1561 2613 γεγενημένοις
1586 2576 1735 2606 συνοδικοῖς
1752 2575 1798 2602 ἐπὶ
1821 2575 1867 2602 =03

1075 2627 1126 2660 τῆς
1140 2625 1278 2660 μακαρίας
1294 2625 1403 2659 μνήμης
1420 2622 1542 2658 Πρόκλου
1559 2621 1736 2656 συνεθέμεθα,
1747 2622 1802 2652 τοῖς
1813 2621 1868 2647 τῶν

1077 2671 1163 2705 ἁγίων
1186 2670 1315 2705 Πατέρων
1333 2669 1442 2696 κανόσιν
1468 2667 1715 2702 ἀκολουθήσαντες·
1734 2667 1782 2693 καὶ
1802 2666 1868 2701 περὶ

1077 2716 1174 2743 τούτου
1197 2717 1244 2742 καὶ
1265 2715 1338 2748 ἅπαξ
1355 2716 1420 2750 ἡμῖν
1440 2715 1487 2740 καὶ
1506 2713 1546 2745 ἃς
1564 2712 1734 2744 ἐνεκάλεσεν,
1746 2712 1784 2743 ὡς
1797 2719 1868 2745 προ·-

1078 2763 1204 2791 δεὸωκὸσι
1220 2763 1266 2789 καὶ
1281 2763 1327 2798 τῆς
1342 2762 1510 2796 Ἀντιοχέων,
1521 2761 1556 2792 ὡς
1565 2759 1649 2794 λέγει,
1667 2759 1711 2787 καὶ
1724 2759 1770 2793 τῆς
1792 2758 1862 2784 Ἀλε-

1114 2841 1169 2877 (Ξ)5)
1187 2841 1234 2876 μέν
1248 2840 1388 2867 addiderat
1410 2839 1492 2873 Neap.
