1962 3051
91 183 158 218 11281

708 178 888 211 EPISTOLA
907 176 1095 208 LXXXVIII.

1653 170 1721 203 1982

90 241 226 278 ξανδρέων
248 239 411 275 Ἐκκλησίας
435 238 469 265 τὰ
492 238 595 264 δίκαια.
615 234 723 263 Τούτων
736 233 895 271 μεμνημέ-.

949 239 1000 264 lor,
1017 237 1192 266 tempusque,
1209 235 1240 259 ut
1259 230 1285 259 ei
1299 230 1390 258 visum
1404 233 1456 260 est,
1470 232 1577 258 nactus,
1599 226 1720 255 inimici-

89 296 146 320 νος,
161 286 209 313 καὶ
231 284 327 319 καιρὸν
339 283 438 320 εὑρὼν,
453 283 492 315 ὡς
511 282 641 313 ὒπέλαόε,
657 281 706 317 τὴν
717 280 879 315 δυσμένειαν

90 333 201 365 ἔδειξεν.
223 331 304 358 Ἀλλὰ
320 330 370 365 τῆς
384 329 514 365 ἀληθείας
528 328 605 355 οὐδὲν
620 327 805 363 ἰσχυρότερον.
818 322 880 351 Οἵδε

90 379 146 415 γὰρ
168 378 240 413 αὕτη
261 377 310 404 καὶ
329 376 363 403 δι’
383 376 483 410 ὀλίγων
503 375 594 410 νικᾷν.
612 372 768 409 Παρακαλῶ
788 371 816 397 δέ
834 379 880 397 σου

90 425 141 461 τὴν
157 425 298 459 ἀγιότητα,
312 423 360 450 καὶ
380 421 562 457 μνημονεύειν
580 419 659 455 ἡμῶν
685 420 713 445 ὲν
735 419 794 449 ταῖς
812 415 882 451 πρὸς

90 471 137 498 τὸν
160 470 263 506 Κύριον
295 469 472 505 προσευχαῖς,
498 467 543 494 ἵνα
566 466 704 500 ἀντισχεῖν
722 463 881 499 δυνηθῶμεν

93 517 162 553 πρὸς
175 516 210 543 τὰ
223 516 339 551 διάφορα
350 514 471 550 κύματα.

196 573 258 600 Μ’.
273 587 308 593 —-
322 572 424 606 Δόμνῳ
437 570 593 602 ὲπισκόπῳ
611 568 776 603 Ἀπαμείας.

137 628 166 654 '0
188 627 238 663 μὲν
257 627 307 663 τῆς
332 625 509 662 φιλαδελφίας
544 625 644 660 ἀπῄτει
666 624 759 659 νόμος,
784 622 884 654 πολλάς

94 675 170 710 ἡμᾶς
186 674 216 701 ἑν
236 672 275 708 τῷ
295 671 410 708 παρόντι
427 671 515 707 καιρῷ
533 670 661 703 δέξασθαι
677 669 752 704 παρὰ
766 668 816 704 τῆς
835 668 885 702 σῆς

96 718 234 754 φιλοθετας
260 718 417 748 ἐπιστολάς.
436 717 587 752 Παρεγγυᾷ
606 716 661 751 γὰρ
683 717 697 742 ὁ
713 715 785 746 θεῖος
805 713 886 741 Ἀπό-

98 764 201 798 στολος,
220 773 230 790 ‹
242 763 346 790 κλαίειν
373 762 444 798 μετά
460 762 618 794 κλαιόντων,
635 760 682 788 καὶ
696 760 802 796 χαίρειν
817 759 887 795 μετά

97 810 258 846 χαιρόντων.
271 819 280 835 ι
304 808 455 844 Ἑδεξάμην
469 808 498 835 δὲ
515 807 655 843 οὐδεμίαν,
683 806 773 834 καίτοι
798 814 887 842 παρα-

97 855 252 891 γενομένων
263 855 377 890 ἔναγχος
390 854 458 890 πρὸς
472 855 546 889 ἡμᾶς
557 853 612 880 τῶν
624 861 653 879 τε
668 852 886 879 θεοσεὸεστάτων

932 278 984 306 tias
996 277 1138 313 patefecit.
1159 277 1214 305 Sed
1230 276 1347 304 veritate
1362 275 1431 302 nihil
1448 278 1490 302 est
1500 273 1650 308 potentius.
1669 273 1722 300 Po-

931 328 986 351 test
1002 323 1076 351 enim
1095 323 1141 350 illa
1177 322 1287 357 1158
1304 321 1389 350 etiam
1405 327 1468 347 cum
1486 318 1581 354 paucis
1599 317 1722 345 vincere.

931 368 987 396 Oro
1002 372 1095 396 autem
1108 367 1283 395 sanctitatem
1313 370 1400 400 tuam,
1421 369 1452 392 ut
1467 362 1555 390 nostri
1588 361 1671 388 etiam
1696 371 1723 388 Ill

933 414 990 442 suis
1001 414 1035 441 ad
1053 413 1201 441 Dominum
1215 411 1346 447 precibus
1368 408 1541 440 recordetur,
1557 413 1612 441 quo
1636 407 1724 442 possi~

932 468 995 488 mus
1009 459 1127 488 diversis
1144 458 1275 486 fluctibus
1291 456 1431 484 resistere.

1040 566 1195 594 LXXXVII.
1215 565 1320 592 Damno
1341 564 1460 600 episcopo
1474 562 1608 597 Apameae.

970 623 1130 652 Postulabat
1141 621 1258 649 fraterni
1282 620 1328 648 lex
1345 619 1458 652 amoris,
1486 623 1517 646 ut
1540 618 1654 645 crebras
1673 616 1726 643 hoc

936 673 1061 704 tempore
1080 676 1096 696 a
1109 668 1212 704 pietate
1229 671 1275 694 tua
1286 665 1393 694 litteras
1408 664 1573 699 acciperem.
1598 662 1728 696 Praecipit

936 715 1011 744 enim
1027 715 1138 743 divinus
1152 713 1310 749 Apostolus,
1331 721 1341 738 ‹
1363 711 1430 740 ﬂere
1454 717 1518 738 cum
1539 708 1680 740 flentibus,
1699 711 1728 734 et

938 762 1057 798 gaudere
1086 768 1148 788 cum
1164 758 1349 795 gaudentibus
1362 756 1397 784 ⁸⁸.
1429 765 1439 782 ι
1459 756 1516 791 Ego
1539 763 1607 783 vero
1639 754 1729 781 nullas

938 815 1052 843 prorsus
1066 806 1172 842 accepi,
1188 805 1298 833 tametsi
1314 812 1405 839 nuper
1422 804 1457 831 ad
1475 810 1527 830 nos
1538 801 1666 830 venerint
1686 807 1729 826 re-

939 853 1107 889 ligiosissimi
1120 852 1248 880 monachi
1256 850 1418 879 monasterii
1431 849 1528 882 vestri,
1539 852 1569 875 et
1581 846 1731 882 religiosis-

99 902 271 938 μοναζόντων
291 901 342 936 τῆς
360 901 499 937 ὑμετέρας
517 900 613 936 μονῆς,
631 899 680 926 καὶ
700 899 748 926 τοῦ
763 898 888 926 θεοσεϐε-

949 900 1025 927 ιὶῐῑιιιε
1052 899 1126 926 Elias
1146 899 1304 934 presbyter.
1329 899 1457 924 Attamen
1471 895 1574 927 scribo,
1596 896 1622 920 et
1641 892 1731 919 saluto

99 948 198 974 στάτου
215 947 307 974 Ἠλίου
327 947 373 973 τοῦ
395 945 594 982 πρεσϐυτέρου.
615 945 686 979 Ἐγὼ
701 944 729 971 δὲ
749 944 887 979 γέγραφα,

98 993 146 1020 καὶ
165 992 393 1029 προσφθέγγομαί
407 1001 454 1019 σου
478 992 528 1027 τὴν
544 991 683 1026 ὁσιότητα,
699 991 746 1017 καὶ
762 989 889 1025 γνωρίζω

98 1040 136 1072 ὡς
153 1040 270 1075 ἧρκεσεν
285 1040 351 1074 ἡμῖν
368 1039 429 1066 ἀντὶ
451 1039 560 1066 πάντων
576 1040 593 1074 ἡ
610 1038 657 1064 τοῦ
670 1037 806 1064 Δεσπότου
820 1036 890 1072 ψυχ-

99 1087 218 1121 αγωγία.
238 1085 282 1120 Τῷ
300 1086 357 1112 ὁντι
373 1085 438 1121 γὰρ,
457 1084 511 1112 οὐδ’
529 1085 554 1111 εἰ
571 1083 706 1119 ἰσάριθμα
717 1082 772 1109 τῶν
791 1082 891 1118 ἡμετέ-

102 1141 157 1168 ρων
171 1132 272 1168 τριχῶν
290 1132 366 1167 σχοίη
371 1141 420 1167 μεν
436 1131 569 1166 στόματα,
579 1130 699 1165 ὑμνῆσαι
713 1128 794 1155 αὑτὸν
808 1127 891 1159 ἀξίως

99 1179 244 1213 ισχὺομεν,
259 1177 302 1204 διά
315 1177 366 1212 τὴν
387 1177 427 1209 εἰς
441 1176 522 1203 αὐτὸν
534 1174 681 1211 ὁμολογίαν
692 1174 742 1208 τῆς
758 1172 891 1208 δοκούσης

101 1225 217 1260 ἀτιμίας
226 1223 400 1256 ἀξιωθέντες,
415 1223 450 1258 ἢν
467 1223 557 1257 πάσης
570 1221 655 1256 τιμῆς
665 1218 892 1254 σεϐασμιωτέραν

102 1270 253 1306 ἡγούμεθα.
273 1270 305 1296 Et
321 1269 350 1296 δὲ
370 1269 417 1296 καὶ
437 1268 486 1299 τὰς
510 1267 640 1303 ἐσχατιὰς
663 1266 713 1301 τῆς
729 1266 892 1300 οἰκουμένης

104 1317 215 1352 οἰκῆσαι
237 1315 461 1350 κατακριθῶμεν,
482 1314 563 1340 πλέον
580 1313 662 1340 αὑτὸν
686 1311 892 1346 ἀνυμνήσομεν,

103 1364 158 1397 ὅσῳ
178 1361 312 1396 μειζόνων
339 1360 449 1395 ἀγαθῶν
467 1359 627 1394 ἀξιούμεθα.
645 1357 778 1389 Εὑξάσθω
794 1356 851 1392 (56)
870 1355 893 1382 δ’

99 1408 179 1444 ὅμως
193 1408 209 1442 ἡ
224 1407 334 1442 ὁσιότης
351 1415 410 1438 σου,
426 1406 473 1431 καὶ
489 1405 630 1441 αἰτησάτω
646 1404 707 1435 ταῖς
721 1403 815 1437 ἁγίαις
832 1403 894 1429 Ἐκ-

103 1453 230 1489 κλησίαις
245 1452 376 1488 γαλήνην.
390 1451 445 1486 Τῆς
462 1450 517 1486 γὰρ
531 1450 634 1477 τούτων
652 1450 734 1476 ἕνεκα
749 1448 833 1483 ζάλης
847 1448 895 1475 καὶ

104 1499 186 1534 ἡμεῖς
214 1497 380 1533 θρηνοῦμεν,
396 1496 442 1522 καὶ
466 1496 607 1530 στένομεν,
628 1495 676 1521 καὶ
694 1493 894 1529 ὀλοφυρόμεθα.

105 1544 161 1571 Καὶ
174 1543 230 1578 γὰρ
245 1542 374 1576 ἐξέωσαν,
392 1541 430 1573 ὡς
451 1541 585 1575 ἔγνωμεν,
602 1540 704 1575 ταύτην
719 1540 744 1566 οἱ
760 1539 814 1566 ἀπὸ
833 1540 894 1565 Ὀσ-

104 1576 206 1625 ροηνῆς
216 1576 356 1623 κληρικοὶ,
375 1586 461 1622 μυρία
478 1586 586 1612 πάντων
607 1584 686 1619 ἡμῶν
701 1583 894 1617 καταχέοντες,
910 1576 930 1604 C

105 1635 195 1663 καίτοι
211 1634 279 1670 ἐμοῦ
292 1633 353 1660 οὐδὲ
375 1632 598 1662 συνδικάσαντος.
614 1630 674 1656 οὐδὲ
685 1631 735 1665 τῆς
750 1629 793 1655 ἐπ’
806 1629 897 1660 αὐτοῖς

105 1681 324 1716 κοινωνήσαντος
340 1679 443 1714 ψήφου,
460 1677 530 1709 ἀλλ“,
544 1676 582 1708 ὡς
593 1674 647 1702 οἶδέ
671 1684 717 1702 σου
742 1676 758 1711 ὴ
777 1675 896 1709 ὁσιότης,

106 1728 154 1755 καὶ
168 1726 218 1761 τὴν
237 1724 380 1752 κοινωνίαν
400 1724 494 1755 αὐτοῖς
517 1723 627 1757 δοθῆναι
642 1721 672 1748 τὸ
689 1721 784 1756 Πάσχα
807 1729 897 1756 παραυ

107 1771 286 1802 καλέσαντος.
316 1769 398 1796 Ἀλλὰ
421 1769 511 1805 ῥᾴδιον
535 1770 590 1800 τοῖς
611 1767 794 1801 συκοψάνταις
809 1767 898 1800 λέγειν

107 1818 127 1846 ἃ
140 1818 291 1854 βούλονται.
314 1816 402 1851 Ἡμᾶς
414 1816 441 1842 δὲ
458 1816 472 1842 ὁ
483 1815 530 1841 τοῦ
543 1814 680 1840 Asan/nou
694 1813 899 1848 παραμυθεῖται

109 1864 295 1900 μακαρισμός.
319 1872 329 1888 ι
339 1862 478 1896 Μακάριοι
492 1861 547 1895 γάρ
560 1861 632 1892 ἐστε,
652 1859 746 1893 φησὶν,
758 1858 822 1884 ὅταν
832 1858 901 1884 (ivst-

108 1910 220 1937 δίσωσιν
234 1909 318 1943 ὑμᾶς,
334 1908 382 1934 καὶ
396 1906 522 1938 διώξωσι,
538 1905 584 1931 καὶ
599 1904 697 1930 εἴπωσι
713 1904 767 1930 πᾶν
783 1903 900 1938 πονηρὸν

109 1955 188 1991 ῥῆμα
202 1953 263 1980 καθ’
283 1952 359 1987 ὑμῶν
374 1952 468 1977 ἕνεκεν
483 1949 562 1984 ἐμοῦ,
583 1948 753 1983 ψευδόμενοι.
783 1948 900 1982 Χαίρετε

109 2001 157 2029 καὶ¹
176 1997 355 2034 ἀγαλλιᾶσθε,
370 1997 412 2024 ὅτι
436 1996 451 2022 ὁ
478 1995 574 2031 μισθὸς
599 1994 676 2030 ὑμῶν
698 1994 783 2025 πολὺς
803 1994 902 2026 ἐντοῖς

109 2048 244 2084 οὐρανοῖς.
257 2055 267 2072 ι

305 2102 371 2129 HH'.
388 2116 417 2121 -
436 2101 536 2134 Ταύρῳ
553 2100 706 2133 πατρικίῳ.

151 2160 342 2197 Ὑπερϐαῐνειν
367 2167 401 2195 με
426 2159 489 2191 τοὺς
507 2159 587 2193 ὅρους
603 2158 626 2184 οἱ
654 2156 821 2191 συκοφάνται
844 2155 903 2191 βιά-

112 2207 214 2240 ζονται,
224 2206 271 2233 καὶ
279 2206 395 2242 γράφειν
408 2206 481 2240 ὑμῖν,
491 2205 540 2236 τὰς
557 2204 686 2238 μεγίστας
702 2202 904 2237 κεκοσμηκόσιν

114 2253 211 2288 ἀρχὰς,
224 2254 273 2280 καὶ
295 2240 345 2284 τὰς
366 2252 523 2287 ὑπερτάτας
538 2250 659 2285 εἰληχόσι
673 2249 766 2284 τιμὰς,
779 2248 902 2283 ἁναγκά-
920 2240 941 2267 D

112 2299 216 2331 ζουσιν.
233 2294 271 2324 Οὗ
284 2297 316 2333 δὴ
334 2297 415 2332 χάριν
429 2295 584 2330 παρακαλῶ
600 2295 767 2330 συγγνώμης
785 2293 905 2329 μεταλαη

115 2346 181 2381 χεῖν.
198 2344 300 2380 Γράφω
322 2342 387 2378 γὰρ,
401 2342 451 2368 οὐκ
465 2341 595 2376 αὐθαδείᾳ
606 2340 760 2376 χρώμενος,
777 2339 835 2367 ἀλλ’
852 2340 905 2366 ὑπὸ

113 2391 162 2426 τῆς
183 2390 280 2425 χρείας
305 2386 554 2423 ὠθούμενοςόὺδὲ
579 2387 609 2412 τὺ
634 2386 806 2421 σκυθρωποῖς
833 2394 905 2412 τισιν

114 2438 215 2467 ἀδίκως
230 2435 390 2471 περιπεσεῖν
414 2433 590 2469 ὑφορώμενος
614 2432 705 2468 (τοῦτο
724 2432 779 2467 γὰρ
792 2432 830 2463 ὡς
845 2431 906 2457 ὲπίσ·

115 2491 168 2509 παν
185 2480 352 2508 πεπόνθασιν
367 2479 486 2510 ἅπαντες
507 2478 531 2504 οἱ
547 2477 585 2512 τῷ
604 2477 663 2512 Θεῷ
680 2477 800 2511 γνησίως
816 2477 906 2503 δεδου-

114 2528 264 2563 λευκότες),
287 2526 356 2554 ἀλλά
376 2525 426 2560 τὴν
443 2524 580 2559 ὑμετέραν
603 2523 791 2558 μεγαλοφυῒαν
814 2523 907 2549 πεῖσαι

117 2575 289 2610 βουλόμενος,
312 2572 350 2604 ὡς
371 2571 480 2605 ψευδεῖς
498 2570 558 2596 καθ’
573 2569 653 2605 ἡμῶν
671 2569 796 2595 ὠδίνουσι
810 2568 907 2602 λόγους

116 2622 142 2646 0'.
159 2620 213 2647 τῶν
227 2619 370 2656 ἡμετέρων
395 2617 614 2654 κατηγοροῦντες
632 2617 786 2651 δογμάτων.
809 2616 907 2652 Ἡμεῖς

119 2666 169 2701 μὲν
183 2665 246 2700 γὰρ,
265 2665 333 2701 μετά
353 2665 404 2701 τὴν
428 2664 557 2700 μητρῴαν
574 2663 669 2698 θηλὴν,
684 2663 737 2698 τὴν
758 2663 907 2690 ἀποστολι-

119 2711 170 2747 κὴν
183 2712 285 2747 τροφὴν
296 2711 457 2746 ἐδεξάμεθα,
470 2711 515 2738 καὶ
531 2709 580 2745 τὴν
593 2709 751 2736 ὲκτεθεῖσαν
764 2710 792 2737 ἐν
806 2710 908 2745 Νικαίᾳ

120 2758 213 2784 πίστιν
228 2757 280 2783 ὑπὸ
300 2758 354 2783 τῶν
368 2757 453 2791 ἁγίων
471 2757 515 2784 καὶ
531 2755 676 2791 μακαρίων
697 2755 829 2792 Πατάρων
858 2756 905 2783 καὶ

157 2835 180 2852 ⁸⁸
197 2836 274 2862 Rom.
290 2843 336 2867 xu,
353 2835 396 2861 15.
435 2834 458 2849 ⁸⁴⁸
476 2834 570 2861 Matth.
587 2843 614 2867 ν,
630 2834 675 2867 Η,
696 2834 741 2862 12.
763 2830 767 2835 ’

941 945 1117 972 sanctitatem
1128 948 1213 977 tuam,
1223 942 1360 978 nobisque
1372 949 1422 977 pro
1437 940 1565 969 omnibus
1574 937 1731 966 satistuisse

939 990 1049 1017 Domini
1065 990 1281 1017 consolationem
1298 987 1433 1023 significo.
1452 987 1558 1014 Revera
1574 984 1659 1016 enim,
1680 989 1733 1009 nec

941 1037 964 1064 si
977 1043 1027 1063 ora
1044 1035 1125 1063 nobis
1142 1039 1184 1062 tot
1197 1039 1291 1062 essent
1305 1037 1373 1069 quot
1387 1032 1491 1067 capilli,
1516 1030 1629 1058 laudare
1655 1028 1732 1055 illum

941 1089 992 1117 pro
1007 1081 1141 1116 dignitate
1151 1088 1207 1107 non
1222 1086 1380 1115 possumus,
1396 1078 1449 1104 ista
1464 1077 1500 1104 ob
1513 1076 1574 1111 ejus
1582 1073 1734 1102 confessio-

941 1136 1004 1155 nem
1020 1127 1171 1162 ignominia
1186 1125 1313 1161 putatitia
1325 1124 1427 1157 affecti,
1437 1131 1519 1158 quam
1534 1121 1610 1149 omni
1627 1121 1733 1147 honore

942 1173 1129 1208 augustiorem
1143 1171 1280 1199 ducimus.
1289 1169 1368 1203 Quod
1380 1169 1403 1196 si
1414 1169 1458 1196 vel
1473 1168 1507 1195 ad
1530 1167 1641 1194 ultimas
1654 1169 1735 1192 terra:

942 1222 952 1231 ‘
972 1228 1035 1246 oras
1063 1217 1176 1253 relegati
1196 1216 1342 1248 fuerimus,
1374 1217 1450 1241 tanto
1482 1213 1559 1240 illum
1583 1209 1736 1246 impensius

942 1264 1128 1296 laudabimus,
1142 1266 1246 1297 quanto
1264 1259 1417 1295 majoribus
1435 1258 1517 1285 bonis
1540 1257 1732 1284 honestamur.

943 1311 1009 1339 Oret
1026 1309 1207 1336 nihilominus
1220 1307 1353 1335 sanctitas
1365 1309 1421 1337 tua,
1438 1308 1466 1331 et
1481 1302 1584 1331 sanctis
1606 1300 1737 1328 Ecclesiis

945 1355 1174 1390 tranquillitatem
1183 1355 1326 1387 exposcat.
1347 1350 1461 1386 (Harum
1477 1348 1551 1375 enim
1567 1347 1738 1380 tempestatis

945 1409 1028 1429 causa
1045 1401 1173 1435 lugemus
1183 1402 1211 1426 et
1226 1405 1287 1428 nos,
1300 1401 1329 1424 et
1342 1395 1479 1431 angimur,
1493 1398 1522 1420 et
1531 1390 1736 1426 lamentamur.)

945 1447 1118 1482 Expulerunt
1146 1445 1218 1472 hanc
1245 1444 1357 1478 quippe,
1388 1446 1420 1468 ut
1435 1439 1625 1475 cognovimus,
1644 1436 1738 1464 clerici

945 1493 1092 1525 Osroenes,
1110 1491 1158 1526 qui
1172 1490 1291 1526 plurima
1311 1492 1407 1516 contra
1433 1493 1485 1514 nos
1514 1491 1610 1512 omnes
1635 1482 1741 1509 effude-

948 1542 1031 1571 runt;
1047 1538 1174 1572 quamvis
1186 1544 1237 1571 ego
1253 1542 1304 1562 nec
1317 1541 1372 1560 una
1380 1530 1541 1568 judicarim.
1557 1536 1609 1556 nec
1632 1528 1694 1555 lata:
1711 1527 1740 1553 in

949 1584 1011 1612 illos
1022 1583 1167 1611 sentcntiae
1178 1581 1318 1617 particeps
1330 1579 1430 1607 fuerim
1445 1586 1452 1604 :
1462 1575 1511 1604 sed
1518 1572 1741 1603 communionem

950 1631 1001 1664 eis,
1016 1630 1089 1665 quod
1103 1629 1234 1657 sanctitas
1249 1632 1296 1655 tua
1320 1624 1408 1657 novit,
1429 1621 1537 1658 1159
1558 1627 1608 1655 per
1635 1618 1742 1646 Pascha

949 1676 1009 1704 dari
1023 1675 1152 1711 rogarim.
1166 1674 1268 1701 Verum
1284 1671 1365 1699 facile
1392 1674 1434 1697 est
1447 1665 1695 1696 calumniatoribus
1709 1671 1742 1691 ea

950 1722 1043 1749 dicere
1056 1710 1117 1755 qua:
1133 1720 1240 1746 volunt.
1256 1718 1312 1745 Nos
1337 1719 1429 1742 autem
1454 1712 1564 1741 Domini
1585 1710 1744 1738 consolatur

950 1766 1133 1795 beatificatio:
1159 1775 1167 1790 ι
1182 1764 1257 1791 Beati
1276 1763 1351 1790 enim
1367 1761 1444 1792 estis,
1457 1758 1557 1794 inquit,
1573 1765 1636 1784 curn
1653 1755 1739 1783 male-

951 1813 1071 1841 dixerint
1084 1811 1175 1843 vobis,
1191 1814 1219 1837 et
1237 1807 1375 1844 persecuti
1394 1813 1443 1832 vos
1453 1805 1567 1836 fuerint,
1586 1807 1615 1830 et
1624 1801 1744 1829 dixerint

951 1865 1034 1887 omne
1053 1856 1157 1884 malum
1191 1854 1337 1882 adversum
1369 1858 1418 1878 vos
1441 1849 1608 1878 mentientes
1631 1850 1745 1882 propter

953 1911 1007 1930 me.
1026 1901 1149 1929 Gaudete
1159 1904 1188 1927 et
1202 1899 1351 1931 exsultate,
1365 1895 1496 1932 quoniam
1523 1900 1630 1922 merces
1653 1896 1745 1919 vestra

952 1947 1063 1982 copiosa
1072 1952 1114 1974 est
1127 1946 1154 1972 in
1168 1945 1245 1972 cmlis
1256 1943 1290 1971 ⁸⁸.
1313 1953 1323 1970 ι

1135 2099 1341 2128 ιΧΧΧνιιι.-
1350 2098 1436 2126 Tauro
1449 2097 1569 2133 putrida.

990 2158 1156 2194 Transgredi
1169 2165 1212 2185 me
1225 2156 1360 2184 terminos
1380 2160 1483 2190 cogunt
1510 2153 1695 2190 sycophantas,
1722 2157 1750 2181 et

956 2207 1046 2240 vobis,
1059 2206 1106 2241 qui
1123 2205 1256 2232 maximas
1269 2203 1418 2238 dignitates
1434 2206 1564 2233 ornastis,
1592 2206 1749 2235 supremos-

959 2261 1012 2288 que
1025 2253 1144 2279 honores
1159 2249 1250 2284 adepti
1259 2249 1336 2281 estis,
1349 2247 1470 2275 scribere
1485 2246 1665 2281 compellunt.
1676 2245 1749 2278 Quo-

959 2299 1032 2326 circa
1049 2302 1079 2325 ut
1091 2296 1201 2324 veniam
1210 2301 1366 2328 consequar
1377 2300 1436 2320 oro.
1452 2291 1550 2319 Scribo
1578 2291 1662 2323 enim,
1695 2298 1750 2317 non

960 2343 1116 2379 arrogantia
1125 2342 1235 2374 ductus,
1257 2339 1303 2367 sed
1315 2339 1451 2374 impulsus
1460 2337 1625 2365 necessitate
1641 2345 1647 2363 :
1660 2343 1751 2370 neque

959 2390 1034 2426 quod
1052 2390 1153 2425 injuste
1166 2387 1233 2414 mihi
1249 2386 1339 2413 tristia
1352 2384 1476 2420 quaedam
1492 2382 1653 2418 impendere
1671 2381 1752 2408 intel—

959 2436 1042 2471 ligam
1057 2435 1121 2471 (hoc
1137 2434 1212 2461 enim
1231 2432 1265 2460 iis
1283 2432 1341 2459 fere
1353 2431 1399 2465 qui
1412 2431 1519 2457 sincere
1534 2429 1590 2455 Deo
1604 2427 1754 2455 servierint

960 2478 1090 2509 omnibus
1103 2489 1154 2507 usu
1167 2478 1265 2514 venit),
1279 2478 1326 2505 sed
1340 2481 1370 2504 ut
1384 2475 1596 2511 magnificentia?
1606 2478 1660 2500 tum
1671 2472 1753 2499 ﬁdem

962 2528 1071 2559 faciam,
1090 2527 1156 2554 falsa
1170 2525 1197 2552 in
1217 2532 1268 2551 nos
1283 2524 1318 2551 ab
1332 2523 1386 2550 illis
1416 2520 1526 2556 jactari,
1557 2519 1605 2554 qui
1627 2518 1754 2553 dogmata

961 2578 1056 2601 nostra
1070 2570 1287 2606 reprehendunt.
1307 2569 1363 2596 Nos
1384 2568 1486 2603 quippe
1506 2570 1569 2601 post
1583 2566 1670 2593 ubera
1697 2572 1756 2592 ma-

963 2619 1013 2646 tris
1028 2617 1207 2653 apostolicam
1224 2622 1316 2643 escam
1341 2613 1525 2647 suscepimus,
1547 2610 1755 2646 expositamque

961 2673 977 2693 a
989 2664 1078 2692 beatis
1095 2668 1122 2690 et
1136 2661 1238 2690 sanctis
1251 2660 1379 2689 Patribus
1392 2659 1490 2686 Nicena:
1503 2657 1585 2684 fidem
1605 2661 1633 2683 et
1658 2654 1754 2682 didici-

962 2719 1034 2743 mus,
1049 2714 1078 2737 et
1096 2709 1237 2740 docemus,
1249 2711 1277 2734 et
1289 2713 1337 2733 eos
1362 2704 1409 2740 qui
1428 2704 1510 2731 aliter
1537 2710 1619 2738 quam
1643 2701 1689 2728 illa
1712 2708 1756 2727 sa-

961 2757 1043 2792 piunt
1060 2754 1210 2791 impietatis
1235 2753 1409 2782 damnamus.
1433 2749 1511 2784 Quod
1525 2749 1550 2791 si
1561 2749 1624 2785 quis
1650 2747 1684 2776 ab
1704 2747 1755 2774 hac

158 2893 215 2929 (56)
230 2892 318 2920 Locus
333 2897 373 2920 cst
391 2891 471 2920 etiam
485 2891 580 2919 Latine
599 2891 670 2927 apud
692 2891 792 2919 Baron.
821 2895 840 2918 t.
864 2890 908 2924 Vl,
928 2897 956 2926 p.
970 2889 1015 2923 71,
1033 2888 1066 2916 ad
1078 2896 1092 2916 a
1107 2887 1137 2915 C.
1151 2887 1213 2931 64.8.
