1962 3051
144 172 214 205 1285

797 171 977 201 EPISTOLA
998 173 1088 203 XCII.

1700 180 1708 209 l
1714 180 1767 210 281‘)

143 226 267 261 ὀρ’)ὁτητι
282 225 484 261 μαρτυρούσας.
499 225 561 256 Τοῖς
576 224 630 259 γὰρ
647 224 835 256 ἀποστολικοῖς
852 224 920 259 ὅροις

977 226 1122 260 quamdam
1141 234 1173 254 ac
1188 235 1312 255 normam
1338 228 1431 256 verbis
1450 229 1554 257 nostris
1583 232 1764 267 applicantes,

143 275 189 302 καὶ
217 273 308 308 νόμοις
331 271 542 308 ἀκολουθῶμεν,
568 271 616 299 καὶ
644 272 694 307 τὴν
718 271 874 298 ἐκτεοείσαν
898 271 926 297 ὲν

141 321 241 356 Nunt;
258 320 349 346 πίστιν
368 319 420 346 ὑπὸ
434 319 488 345 τῶν
505 318 590 352 ἁγίων
609 318 656 344 καὶ
680 318 823 353 μακαρίων
842 317 926 344 Πατέ-

142 375 207 401 ρων,
237 364 294 393 οἶόν
313 374 374 392 τινα
403 365 503 392 κανόνα
530 364 577 391 καὶ
599 363 726 398 γνώμονα
753 365 809 395 τοῖς
837 363 927 396 λόγοις

140 411 354 446 προσφέροντες,
369 410 417 446 τὴν
430 409 604 437 διδασκαλίαν
617 409 774 444 εὐθύνομεν.
785 409 815 435 Εἰ
827 409 854 434 δέ
870 409 926 444 (59)

139 465 181 487 τις
195 456 277 491 ἕτερά
289 464 349 483 τινα
371 455 447 491 παρά
461 455 546 482 ταῦτα
574 455 682 490 φρονεῖν
702 455 773 490 ἡμᾶς
791 454 927 490 ἰσχυρίζε-

139 510 195 534 ται,
209 502 352 537 παρόντων
369 501 566 536 κατηγορείτω,
585 501 631 536 μὴ,
649 500 768 531 ἀπόντας
795 508 927 534 συκοφαν-

138 547 229 573 τείτω.
247 547 356 572 Δίκαιον
371 545 425 581 γὰρ
441 545 528 579 λόγων
546 545 710 581 μεταλαχεῖν
731 544 778 571 καὶ
794 544 839 571 τὸν
862 544 927 578 φεύ-

138 600 232 626 γοντα.
246 591 377 626 καὶπρὸς
401 591 450 626 τὴν
474 590 660 625 γεγενημένην
690 589 857 626 κατηγορίαν
876 589 926 623 τὴν

139 637 285 670 ἀπολογίαν
299 636 475 671 ποιήσασθαι,
495 636 542 662 καὶ
558 635 711 671 τηνικαῦτα
725 635 787 667 τοὺς
801 634 924 666 δικάζον-

137 690 187 714 τας
216 682 286 709 κατὰ
312 683 410 717 νόμους
435 682 485 716 τὴν
506 681 597 717 ψῆφον
625 681 788 715 ἐξενεγκεῖν.
817 680 925 707 Τούτων

139 727 291 754 ἀπολαῦσαι
306 726 384 761 κάγὼ
397 727 440 753 διὰ
458 727 507 761 τῆς
527 726 662 761 ὑμετέρας
683 725 923 761 μεγαλοπρεπείας

138 773 300 808 παρακαλῶ.
322 774 352 799 Et
374 773 395 799 δ’
411 773 517 808 ἐρήμην
539 772 610 804 τινὲς
633 771 711 806 ἡμῶν
737 770 927 805 καταψηφίσα-

133 819 201 846 σθαι
217 819 366 854 βούλονται,
382 817 529 849 ἀσπαστῶς
544 818 592 844 καὶ
613 817 662 852 τὴν
677 817 770 843 ἄδικον
791 814 927 850 δεχόμεοα

979 271 1133 298 doctrinam
1150 272 1302 307 dirigimus.
1320 273 1398 306 Quod
1411 274 1433 301 si
1454 275 1599 310 quisquam
1617 277 1651 304 ab
1667 278 1710 305 his
1725 279 1767 307 tli-

980 324 1058 344 versa
1069 325 1120 344 nos
1131 319 1234 345 sentire
1249 319 1400 352 contendit,
1419 326 1569 355 prmscnles
1580 327 1701 355 aecuset,
1715 333 1766 352 nec

979 362 1106 390 absentes
1118 363 1310 391 calumnietur.
1324 365 1431 392 Justum
1444 367 1515 393 enim
1528 372 1580 400 est,
1594 373 1623 394 ut
1635 369 1764 403 loquendi

979 411 1071 441 partes
1084 407 1209 436 obtineat
1225 410 1307 436 etiam
1324 419 1398 444 reus,
1412 416 1493 446 atque
1510 412 1625 448 objectis
1653 422 1766 443 aecusa-

981 453 1102 481 tionibus
1120 455 1293 489 respondeat,
1310 460 1339 483 et
1356 455 1393 483 ita
1417 457 1527 485 denmm
1545 459 1710 486 sententiam
1721 461 1766 495 ju—

977 497 1053 525 dices
1064 506 1097 525 ex
1109 499 1214 534 legibus
1226 501 1418 535 pronuntient.
1438 502 1492 530 llas
1504 511 1554 538 ego
1567 508 1659 538 partes
1672 513 1765 539 qumso

978 547 1008 569 ut
1023 543 1089 570 milii
1107 552 1215 580 quoque
1236 554 1284 580 per
1312 547 1417 582 1162
1443 548 1672 583 magnificentiam
1691 554 1764 578 tuam

977 589 1108 624 consequi
1135 590 1225 618 liceat.
1253 591 1307 619 Sed
1344 593 1394 619 etsi
1421 601 1473 621 nos
1503 594 1632 629 cuiquam
1660 595 1764 624 indicta

976 641 1057 661 causa
1074 635 1205 663 damnare
1232 637 1320 665 visum
1356 639 1402 671 sit,
1424 639 1539 667 ferimus
1566 641 1609 668 vel
1636 642 1764 677 injustam

974 687 1052 713 aequo
1063 681 1155 707 animo
1169 683 1331 710 sententiam
1347 692 1352 711 :
1367 685 1431 719 quia
1451 685 1559 713 Domini
1580 687 1698 714 tribunal
1716 696 1764 715 ex-

976 728 1142 758 spectamus.
1162 727 1207 753 ubi
1228 735 1278 754 nec
1301 729 1427 761 testibus,
1457 738 1506 757 nec
1535 731 1675 759 advocatis
1694 733 1765 759 indi~

975 776 1080 804 genius,
1093 778 1155 797 cum
1168 773 1255 799 oculis
1273 774 1343 809 ejus,
1354 779 1383 801 ut
1396 775 1434 802 ait
1445 776 1591 810 Apostolus
1603 777 1636 809 ⁸⁷,
1652 778 1723 805 nuda
1736 783 1764 806 et

977 821 1071 849 aperta
1087 817 1142 843 sint
1158 819 1260 845 omnia.

135 867 237 902 ψῆφον.
262 867 446 902 Ἀναμὲνομεν
471 865 526 901 γὰρ
564 865 595 892 τὸ
621 865 669 892 τοῦ
709 863 848 890 Δεσπότου
875 863 1028 898 κριτήριον,
1065 865 1127 891 ἔνθα
1155 865 1216 892 οὔτε
1248 869 1405 904 μαρτύρων,
1431 869 1491 897 οὔτε
1521 873 1680 909 κατηγόρων
1708 873 1764 900 δεά-

139 915 218 951 μεθα.
236 915 328 942 Πάντα
355 914 409 950 γὰρ
425 914 518 949 γυμνά
537 914 584 940 καὶ
604 912 841 948 τετραχηλισμένα
856 910 971 937 ὲνώπιον
984 911 1064 938 αὑτοῦ
1095 913 1165 940 κατὰ
1180 914 1224 940 τὸν
1239 916 1311 942 θεῖον
1333 916 1504 944 Ἀπόστολον.

316 973 375 1007 L_A'.
395 989 430 993 —-
441 973 590 1007 Εὑτρεχίφ
603 971 738 1006 ὑπάρχῳ.

171 1032 226 1067 Τὴν
252 1032 314 1067 περὶ
338 1032 412 1066 ἡμᾶς
439 1030 558 1057 διάθεσιν
580 1030 630 1064 τῆς
650 1029 787 1065 ὑμετέρας
809 1028 924 1064 μεγαλο-

136 1079 269 1115 πρεπείας
301 1076 360 1105 οῖδα
377 1078 480 1112 σαφῶς,
495 1078 542 1104 καὶ
557 1077 643 1110 λόγων
662 1076 691 1102 οὑ
707 1076 801 1111 δέομαι
820 1075 923 1110 ταύτην

138 1132 171 1159 με
187 1122 377 1150 διδασκόντων.
394 1122 563 1158 Σαφὲστερον
579 1121 634 1156 γὰρ
657 1120 777 1147 διδάσκει
802 1120 856 1146 τῶν
881 1119 924 1146 λό-

135 1179 191 1204 γων
206 1170 240 1196 τὰ
255 1169 414 1205 πράγματα.
431 1168 488 1202 Τῆς
513 1168 541 1194 δὲ
565 1166 754 1201 γεγενημένης
782 1166 822 1196 εἰς
845 1165 922 1200 ἡμᾶς

80 1240 83 1242 .
135 1216 242 1247 ἀδικίας
269 1215 421 1249 ἐϐουλόμην
443 1214 493 1248 τὴν
518 1213 609 1239 αἰτίαν
636 1212 741 1247 μαθεῖν.
759 1211 923 1238 Καινότατον

135 1260 189 1296 γὰρ
215 1260 388 1294 ὑπομένομεν
406 1259 531 1293 πρᾶγμα.
550 1257 620 1284 κατὰ
637 1257 735 1284 ταυτὸν
760 1257 861 1291 ἄγαμοι
876 1256 922 1282 καὶ

134 1297 243 1340 δίγαμοι
265 1304 473 1340 πολεμούμενοι.
489 1304 522 1330 Et
537 1303 565 1330 δὲ
583 1304 607 1330 οἱ
629 1302 677 1329 νῦν
699 1302 748 1334 τὰς
767 1302 828 1328 καθ’
843 1301 922 1337 ¹ἡμῶν

135 1350 315 1385 συκοφαντίας
341 1350 492 1384 ὑφήναντες
523 1347 745 1384 παραχαράττειν
776 1348 849 1382 ἡμᾶς
872 1346 921 1382 τὴν

132 1395 314 1431 εὖαγγελικὴν
330 1394 504 1422 διδασκαλίαν
528 1394 622 1428 φασὶν,
639 1394 666 1420 τί
687 1394 786 1428 δήποτε
801 1392 838 1428 μὴ
851 1401 921 1427 παρ-

132 1441 213 1473 όντας
237 1442 405 1476 ἐλέγχουσιν,
427 1440 484 1468 ἀλλ’
499 1440 624 1467 ἀπόντων
637 1438 837 1474 κατηγοροῦσι;
854 1437 921 1464 Τοῦ-

133 1496 163 1514 το
180 1489 234 1523 γὰρ
251 1487 341 1514 αὑτῶν
362 1487 479 1518 μάλιστα
493 1485 628 1520 διελέγχει
646 1485 677 1512 τὸ
690 1485 798 1519 ψεῦδος.
812 1483 921 1514 Ειδότες

133 1534 187 1569 γὰρ
201 1534 239 1565 ὡς
252 1533 352 1564 πολλὰς
368 1533 466 1567 ἕξομεν
485 1531 630 1567 μυριάδας,
652 1531 709 1562 τοῖς
729 1528 920 1560 ἀποστολικοῖς

133 1579 211 1614 ἡμῶν
222 1579 339 1614 δόγμασι
356 1577 559 1614 μαρτυρούσας,
571 1578 678 1612 ἐρήμην
696 1576 857 1610 ἐποιήσαντο
871 1574 920 1610 τὴν

1155 972 1223 1000 XCI.
1238 989 1272 993 —
1289 973 1432 1002 Eutrechio
1447 976 1579 1010 prmfeato.

1010 1028 1076 1062 Quze
1085 1030 1121 1056 sit
1130 1037 1192 1064 erga
1206 1038 1256 1057 nos
1268 1030 1479 1066 magnificentia:
1489 1035 1541 1059 tua:
1560 1032 1761 1065 benevolentia.

975 1075 1041 1101 satis
1058 1081 1233 1110 perspectum
1250 1075 1347 1108 habeo,
1366 1084 1416 1104 nec
1430 1077 1521 1104 verbis
1543 1085 1613 1113 opus
1633 1084 1686 1111 est,
1702 1088 1763 1114 qua:

975 1120 1046 1148 hanc
1064 1120 1143 1147 nobis
1154 1121 1302 1148 declarent.
1325 1121 1432 1149 Clarius
1440 1123 1542 1158 quippe
1557 1124 1650 1151 verbis
1674 1126 1763 1152 omni-

974 1166 1027 1193 bus
1041 1174 1086 1193 res
1099 1167 1209 1194 d'ocent.
1226 1167 1309 1194 lllatae
1327 1172 1418 1195 autem
1435 1169 1516 1196 nobis
1531 1170 1639 1205 injuria:
1650 1179 1760 1199 causam

973 1212 1087 1239 avebam
1099 1220 1276 1247 cognoscere.
1293 1213 1359 1239 Rem
1378 1214 1451 1240 enim
1465 1215 1585 1248 patimur
1598 1216 1761 1247 inauditam,

973 1258 1020 1292 qui
1034 1266 1089 1285 uno
1105 1262 1227 1292 tempore
1240 1259 1314 1286 velut
1336 1259 1442 1294 innupti
1456 1265 1483 1287 et
1495 1260 1595 1296 digami
1623 1270 1763 1298 oppugna-

973 1311 1044 1330 mur.
1064 1304 1141 1337 Quod
1155 1304 1238 1339 siqui
1256 1312 1330 1331 nunc
1347 1310 1442 1332 contra
1462 1314 1513 1333 nos
1537 1307 1688 1334 calumnias
1707 1310 1761 1336 orsi

972 1354 1047 1382 sunt,
1058 1350 1240 1385 evangelicam
1257 1350 1410 1378 doctrinam
1423 1351 1578 1379 adulterare
1592 1360 1642 1380 nos
1654 1353 1761 1387 dicunt,

972 1402 1022 1421 cur
1038 1395 1147 1422 tandem
1167 1403 1222 1422 non
1242 1400 1391 1430 pncsentes
1406 1401 1535 1432 arguunt,
1558 1397 1605 1424 sed
1632 1398 1762 1425 absentes

971 1441 1120 1468 accusant?
1137 1441 1193 1468 Hoc
1205 1442 1278 1468 enim
1299 1449 1395 1469 revera
1411 1442 1532 1477 ipsorum
1551 1444 1643 1478 potius
1668 1444 1764 1471 redar-

971 1486 1031 1522 guit
1049 1487 1235 1514 mendacium.
1247 1487 1314 1514 Nam
1337 1495 1400 1515 eum
1415 1488 1571 1523 intelligant
1585 1489 1685 1516 multas
1710 1498 1760 1517 nos

971 1529 1072 1558 habere
1098 1531 1246 1567 myriades,
1274 1539 1335 1566 quae
1371 1533 1521 1567 apostolica
1547 1541 1609 1560 esse
1633 1533 1760 1569 dogmata

970 1580 1064 1603 nostra
1081 1580 1227 1608 testentur,
1240 1577 1303 1604 ideo
1313 1577 1451 1605 actionem
1468 1578 1529 1605 sine
1541 1578 1699 1606 vadimonio
1716 1580 1760 1606 in-

133 1624 251 1660 γραφήν.
272 1624 353 1651 Ἀλλά
382 1624 436 1659 χρὴ
462 1624 524 1656 τοὺς
552 1623 674 1658 ἐννόμως
693 1621 855 1653 δικάζοντας
881 1620 920 1656 τῷ

972 1620 1130 1648 stituerunt.
1144 1620 1198 1648 Sed
1210 1625 1320 1656 oportet
1338 1629 1433 1656 aequos
1443 1622 1552 1657 judiccs
1578 1630 1625 1650 reo
1646 1623 1760 1651 alteram

132 1669 362 1705 κατηγορουμένῳ
382 1669 500 1703 θατέραν
524 1669 585 1695 ταῖν
612 1668 708 1694 ἀκοαίν
726 1667 858 1703 ἀκεραίαν
871 1675 922 1702 φυ-

132 1713 222 1747 λάξαι.
242 1714 274 1740 Et
297 1714 324 1740 δὲ
354 1715 410 1745 τοῖς
431 1713 485 1740 τῶν
510 1713 652 1740 ἀντιδίκων
674 1712 763 1746 λόγοις
788 1711 920 1747 ἑκατέραν

131 1760 325 1796 προσφέρουσι,
349 1760 396 1787 καὶ
416 1759 465 1794 τὴν
487 1759 602 1791 ἐκείνοις
622 1758 752 1786 δοκοῦσαν
773 1758 920 1794 ἐκφέρουσι

131 1804 232 1839 ψῆφον,
252 1804 400 1841 στέρξομεν
410 1804 459 1840 τὴν
476 1803 594 1835 ἀδικίαν,
608 1803 646 1834 ὡς
662 1802 713 1837 τῆς
730 1802 784 1829 τῶν
796 1802 919 1838 οὐρανῶν

132 1851 261 1886 πρόξενον
281 1851 436 1887 βασιλείας·
454 1851 500 1878 καὶ
513 1851 544 1877 τὸ
559 1849 668 1879 ἀκλινὶς
691 1849 779 1875 ἐκεῖνο
792 1848 920 1884 δικαστή-

133 1905 188 1931 ριον
203 1896 422 1932 προσμενοῦμεν,
438 1895 502 1922 ἔνθα
521 1894 582 1921 οὔτε
598 1895 761 1929 κατήγορος,
777 1892 839 1919 οὔτε
857 1901 919 1918 συν-

131 1942 241 1976 ήγορος,
259 1940 321 1967 οὔτε
335 1941 449 1976 μάρτυς,
469 1940 531 1966 οὔτε
549 1939 711 1974 ἀξιωμάτων
720 1937 847 1973 διαφορὰ,
860 1936 917 1963 ἀλλ’

130 1987 220 2022 ἔργων
235 1986 282 2013 καὶ
293 1986 381 2019 λόγων
396 1986 497 2020 κρίσις,
514 1985 562 2012 καὶ
572 1986 588 2020 ἡ
600 1984 659 2011 κατ’
674 1983 753 2016 ἀξίαν
768 1982 915 2014 ἀντίδοσις.

135 2040 144 2056 ι
156 2032 257 2062 Πάντες
276 2032 340 2066 γὰρ,
357 2031 436 2066 φησὶ,
450 2029 683 2066 παραστησόμεθα
701 2028 740 2064 τῷ
753 2029 855 2063 βήματι
867 2027 916 2054 τοῦ

131 2076 260 2112 Χριστοῦ,
275 2077 318 2103 ἴνα
341 2077 489 2112 κομίσηται
507 2076 621 2108 ἕκαστος
636 2075 671 2102 τὰ
689 2075 742 2102 ἴδια
756 2074 802 2101 τοῦ
821 2074 914 2110 σώμα-

129 2131 174 2154 τος
187 2123 254 2158 πρὸς
266 2122 285 2149 ἃ
300 2122 426 2158 ἔπραξεν,
437 2123 492 2148 εἴτε
504 2121 619 2156 ἀγαθὸν,
634 2121 689 2148 εἴτε
702 2120 798 2148 κακόν.
814 2129 822 2145 ι

298 2179 353 2213 118'.
369 2194 404 2199 —
423 2178 580 2210 Ἀνατολίῳ
595 2178 748 2212 πατρικίῳ.

163 2237 233 2268 Τοὺς
250 2237 298 2271 μὲν
312 2235 538 2266 Οωσεϐεστάτους
556 2233 724 2265 ἐπισκόπους
739 2233 779 2264 είς
798 2233 848 2269 τὴν
868 2233 915 2267 βα-

971 1673 1065 1693 aurem
1079 1673 1200 1693 servare.
1216 1666 1294 1700 Quod
1309 1667 1333 1694 si
1351 1667 1574 1696 adversariorum
1586 1669 1761 1697 sermonibus

971 1715 1115 1746 utramque
1134 1711 1267 1746 praebent,
1286 1716 1315 1739 et
1332 1721 1367 1740 ex
1394 1720 1491 1740 eorum
1505 1713 1624 1741 arbitrio
1646 1719 1759 1742 senten-

971 1757 1036 1785 tiam
1048 1762 1188 1792 promunt,
1203 1758 1401 1792 amplectamur
1428 1758 1557 1794 injuriam
1574 1760 1651 1795 regni
1674 1761 1759 1788 coelo-

970 1809 1030 1829 rum
1044 1802 1269 1835 conciliatricem,
1291 1807 1320 1829 et
1330 1802 1420 1829 forum
1442 1803 1511 1829 illud
1539 1804 1757 1838 expcctabimus,

970 1847 997 1874 in
1012 1854 1068 1881 quo
1087 1854 1143 1874 non
1157 1852 1305 1874 accusator
1334 1847 1454 1880 futurus,
1470 1855 1523 1875 nec
1536 1853 1679 1883 patronus,
1707 1858 1759 1878 nec

970 1891 1058 1924 testis,
1071 1899 1123 1919 nec
1136 1892 1283 1921 discrimen
1309 1893 1484 1928 dignitatum,
1495 1894 1543 1921 sed
1555 1895 1691 1923 dictorum
1716 1896 1758 1923 fa-

968 1941 1130 1972 ctorumque
1141 1937 1286 1972 judicium,
1300 1943 1329 1965 et
1342 1946 1462 1973 congrua
1479 1939 1584 1966 meritis
1601 1940 1756 1973 retributio,

972 1989 982 2005 ‹
1001 1980 1103 2008 Omnes
1114 1982 1188 2009 enim
1203 1982 1347 2015 stabimus,
1363 1982 1463 2017 inquit,
1476 1984 1580 2019 1163
1596 1989 1659 2012 ante
1672 1985 1759 2012 tribu-

968 2027 1012 2053 nal
1028 2026 1142 2060 Christi,
1153 2032 1184 2054 ut
1197 2027 1299 2055 referat
1315 2029 1508 2064 unusquisque
1529 2031 1640 2065 propria
1657 2039 1756 2066 corpo-

968 2072 1006 2099 ris
1017 2075 1100 2106 prout
1112 2073 1205 2107 gessit,
1219 2073 1277 2100 sive
1291 2073 1402 2106 bonum.
1423 2074 1481 2102 sive
1500 2075 1602 2102 malum
1620 2076 1652 2102 ’⁸.
1673 2086 1682 2102 ι

1153 2178 1232 2205 XCII.
1257 2193 1292 2198 ——
1308 2178 1432 2206 Anatolio
1444 2180 1564 2214 patricio.

1001 2231 1118 2259 Profecti
1134 2232 1245 2267 quidem
1261 2239 1326 2260 sunt
1340 2233 1368 2260 in
1384 2234 1479 2261 urbem
1502 2236 1603 2270 regiam
1635 2238 1753 2265 sanctis-

129 2281 288 2308 σιλεὺουσαν
308 2281 429 2307 ἀνελθεῖν
450 2279 642 2316 παρεσκεύασε
661 2279 916 2310 πόλινὸὀσιώτατος

972 2273 1035 2305 ςὶηιῖ
1062 2277 1262 2313 archiepiscopi
1297 2279 1394 2306 Domni
1433 2288 1515 2315 opera
1555 2281 1753 2316 religiosissimi

127 2328 342 2364 ἀρχιεπίσκοπος
355 2329 368 2354 ὁ
381 2326 475 2361 κύριος
490 2327 601 2361 Δόμνος,
616 2326 687 2352 ὥστε
702 2326 751 2360 τὴν
766 2325 835 2352 κατά
847 2326 915 2352 πάν-

99 2383 102 2388 ·
127 2383 180 2402 των
196 2374 274 2410 ήμῶν
293 2373 480 2408 γεγενημένην
495 2372 630 2406 διελέγξαι
655 2371 848 2406 συκοφαντίαν.
861 2372 916 2406 Τῆς

126 2421 155 2447 δὲ
174 2420 310 2455 ὑμετέρας
339 2418 522 2454 μεγα).οφυῖας
546 2417 728 2452 διαφερόντως
739 2417 784 2443 ἐπὶ
803 2415 850 2442 τοῦ
864 2425 916 2442 πα-

127 2467 219 2502 ρόντος
233 2464 358 2500 δεόμεθα,
372 2463 464 2498 ἐπειδὴ
477 2463 531 2489 τῶν
543 2462 612 2489 ὅλων
625 2463 637 2488 ό
651 2462 753 2496 Κύριος
763 2462 810 2488 καὶ
823 2462 915 2488 πίστιν

127 2513 193 2546 ὑμῖν
208 2509 343 2545 εἰλικρινῆ
353 2508 463 2538 δέδωκε,
479 2508 526 2534 καὶ
541 2507 620 2542 ζῆλον
645 2507 714 2542 ὑπὲρ
733 2507 833 2541 ταύτης
849 2506 911 2541 θερ-

127 2555 186 2589 μίν,
210 2554 257 2580 καὶ
276 2553 377 2588 φρένας
400 2553 505 2578 συνέσει
531 2551 749 2586 κεκοσμημένας,
774 2552 821 2578 καὶ
841 2551 909 2586 πρδς

124 2600 238 2632 τούτοις,
265 2599 381 2634 δύναμιν
404 2600 459 2630 τοῖς
485 2597 597 2632 ἀγαθοῖς
619 2597 696 2632 ὑμῶν
722 2596 913 2632 ὑπουργοῦσαν

125 2645 314 2680 βουλεύμασιν.
338 2644 512 2679 Ἐπαμύνατε
530 2642 675 2678 τοιγαροῦν
692 2643 747 2672 τοῖς
765 2642 913 2677 ἀδικουμέ-

124 2699 192 2722 νοις,
205 2691 253 2717 καὶ
266 2691 296 2718 τὺ
307 2691 404 2726 ψεῦδος
417 2689 654 2724 καταγωνίσασθε,
668 2689 715 2715 καὶ
730 2689 779 2723 τῆς
794 2689 911 2714 ἀποστο-

124 2737 202 2773 λικῆς
237 2736 410 2767 διδασκαλίας
439 2735 645 2770 πολεμουμένης
681 2734 909 2769 ὑπερμαχῆσατε.

156 2817 177 2832 ⁵⁷
190 2815 273 2843 Ilebr.
287 2824 323 2848 IV,
346 2816 387 2843 l5.
426 2816 448 2832 ⁸⁸
460 2816 481 2843 ll
491 2815 554 2844 Cor.
567 2823 593 2847 γ,
606 2813 648 2841 10.

964 2323 1096 2358 episcopi,
1119 2328 1149 2350 ut
1164 2324 1327 2352 calumniam
1347 2325 1473 2353 refellant
1492 2335 1552 2361 quae
1566 2328 1647 2355 nobis
1663 2330 1753 2356 omni-

964 2369 1017 2396 bus
1029 2374 1071 2396 est
1088 2369 1214 2404 imposita
1231 2379 1237 2396 :
1255 2371 1303 2398 sed
1320 2375 1365 2398 tua
1385 2372 1558 2406 potissimum
1574 2374 1752 2407 magniﬁcen-

964 2415 1001 2441 tia
1014 2415 1094 2441 nobis
1117 2423 1186 2450 opus
1204 2419 1245 2442 est
1261 2417 1313 2444 hoc
1328 2421 1462 2452 tempore,
1490 2419 1534 2446 cui
1558 2420 1752 2448 universorum

963 2461 1096 2488 Dominus
1112 2465 1139 2488 et
1157 2461 1238 2488 fidem
1251 2463 1386 2490 sinceram
1404 2463 1545 2498 impertiit,
1560 2469 1588 2491 et
1604 2466 1750 2494 incensum

963 2514 1013 2540 pro
1026 2514 1057 2533 ea
1078 2507 1178 2540 zelum,
1198 2513 1226 2535 et
1247 2513 1369 2536 ornatam
1386 2510 1531 2544 prudentia
1562 2515 1692 2545 mentem,
1719 2517 1748 2539 et

963 2551 1043 2579 bonis
1068 2556 1200 2587 prteterea
1226 2553 1349 2580 consiliis
1374 2554 1609 2583 obsecundantem
1637 2556 1751 2584 faculta-

963 2601 1026 2624 tem.
1045 2597 1222 2632 Opitulamini
1234 2606 1300 2633 ergo
1312 2599 1411 2634 injuste
1427 2601 1548 2632 vexatis,
1563 2605 1591 2628 ct
1602 2601 1750 2629 falsitatem

962 2642 1115 2678 proﬂigate,
1132 2647 1159 2669 et
1174 2649 1357 2679 oppugnatam
1390 2645 1545 2673 doctrinam
1571 2647 1750 2680 apostolicam

963 2687 1114 2715 defendite.
1138 2688 1236 2716 Aderit
1264 2689 1338 2716 enim
1355 2691 1450 2725 procul
1465 2691 1549 2718 dubio
1564 2691 1749 2719 Ecclesiarnm

961 2733 1094 2760 Dominus
1110 2738 1138 2760 et
1152 2733 1319 2768 gubernator
1331 2736 1440 2764 conatui
1461 2736 1668 2772 magniﬁcentia:
1683 2740 1751 2770 ωω,

159 2871 214 2909 (59)
231 2874 292 2902 llaec
307 2879 369 2907 pars
383 2876 463 2907 epist.
478 2873 573 2899 Latine
588 2874 630 2898 est
650 2878 690 2905 ap.
710 2869 810 2896 Baron.
827 2874 846 2896 t.
862 2869 906 2901 Vl,
927 2876 954 2904 p.
972 2869 1015 2901 l6,
1029 2867 1062 2894 ad
1078 2876 1092 2894 a
1104 2867 1135 2895 C.
1151 2868 1212 2895 “5.
