1962 3051
219 163 287 197 1237

730 166 976 197 THEODORETI
990 166 1160 196 EPISCOPI
1177 167 1360 198 CYRENSIS

1779 170 1849 204 1288

215 221 379 256 tristemque
397 219 497 248 nubem
513 220 666 249 discutiens
680 222 815 256 liquidam
827 223 1001 250 serenitatem

1057 225 1223 260 Συνεργήσει
1249 225 1303 259 γὰρ
1328 225 1462 261 δήπουθεν
1487 227 1541 253 τῶν
1562 226 1732 262 Ἑκκλησιῶν
1759 228 1773 254 ὁ
1799 229 1847 255 Δε-

214 265 281 294 ﬁdei
292 266 410 293 alumnis
421 267 630 302 gratificabitur.
642 267 721 300 Quod
737 271 760 296 si
773 269 919 304 procellam
933 278 1005 304 pra:—

216 312 307 339 valere
323 312 489 347 permiserit,
516 313 677 349 magnitudo
704 314 817 349 quidem
840 319 885 341 tua
896 322 1003 341 merce-

214 358 278 384 dem
287 357 421 392 integram
432 358 557 393 recipiet,
571 367 623 386 nos
636 367 702 387 vero
722 361 878 395 tempestati
893 361 1005 395 acquie—

211 408 332 433 scemus,
350 407 378 429 et
392 409 560 438 quocunque
571 411 623 430 nos
637 404 760 439 ejecerit,
779 412 841 432 cum
857 405 951 432 hetitia
962 405 1003 432 vi-

211 454 321 480 vemus,
337 447 459 474 divinum
478 448 614 483 judicium
631 451 832 484 praestolantes.
846 456 1003 485 rectamque

211 492 288 520 illam
297 493 432 528 ctjustam
446 495 612 522 sententiam
623 500 824 530 exspectantes.

1060 269 1162 304 σπότης
1179 270 1226 296 καὶ
1242 270 1413 306 κυϐερνήτης
1436 272 1470 306 τῇ
1492 271 1542 306 τῆς
1570 272 1706 307 ὑμετέρας
1730 274 1848 308 μεγαλο-

1059 316 1195 350 πρεπείας
1210 316 1325 352 σπουδῇ.
1337 317 1385 343 καὶ
1412 317 1533 347 διαλύσει
1549 318 1579 344 τδ
1598 318 1678 353 νέφος
1699 318 1730 345 τὺ
1749 320 1848 354 σκυθρ-

1056 361 1142 393 ωπὸν,
1157 361 1205 388 καὶ
1215 362 1339 397 καθαρὰν
1353 362 1463 398 αἰθρίαν
1482 364 1619 398 χαριεῖται
1634 365 1690 395 τοῖς
1704 364 1848 400 τροφίμοις

1057 405 1107 437 τῆς
1121 406 1250 439 πίστεως.
1269 408 1300 434 Et
1315 407 1344 434 δὲ
1374 409 1422 435 καὶ
1448 410 1621 444 συγχωρήσοι
1650 409 1696 436 τὸν
1724 411 1848 445 χειμῶνα

1058 452 1179 486 νικῆσαι,
1197 452 1227 479 τὸ
1242 453 1291 488 μὲν
1307 453 1439 488 ὑμέτερον
1462 454 1578 489 μέγεθος
1594 454 1698 482 τέλειον
1710 455 1849 491 ἀπολήψε-

1058 506 1099 523 ται
1115 498 1161 524 τὸν
1175 499 1283 533 μισθὸν,
1311 500 1391 534 ἡμεῖς
1409 499 1438 526 δὲ
1466 499 1511 526 τὸν
1535 499 1658 527 κλύδωνα
1687 500 1848 536 στέρξομεν,

211 540 261 566 *καὶ
274 540 339 566 ἔνθα
354 540 386 566 ἂν
406 541 480 576 ἡμᾶς
500 541 600 577 ἐξώσῃ,
618 543 688 577 μετὰ
710 542 892 578 ψυχαγωγίας
914 543 1052 578 διάξομεν,
1069 544 1100 570 τὺ
1134 544 1205 571 θεῖον
1223 546 1366 582 κριτήριον
1399 547 1594 582 ἀναμένοντες,
1617 548 1666 575 καὶ
1697 548 1747 584 τὴν
1763 547 1848 584 ὀρθὴν

212 585 320 620 ἐκείνην
338 586 384 612 καὶ
403 587 512 613 δικαίαν
527 588 727 623 προσμένοντες
744 589 845 624 ψῆφον.

400 642 492 670 XCIII.
506 659 542 664 —-
555 643 678 672 Senatori
693 646 818 681 patricio.

248 687 475 722 Magnificentiam
486 694 570 720 tuam,
578 691 657 725 cujus
667 696 830 726 perpetuam
844 692 1004 720 memoriam

211 732 389 766 circumfero,
403 734 485 761 etiam
505 743 554 770 per
567 736 623 763 Deo
639 737 815 764 charissimos
825 741 852 764 et
864 738 1004 772 sanctissi;

213 785 273 804 mos
297 778 443 812 episcopos
461 779 562 806 saluto.
586 780 644 807 Illis
675 780 780 816 1164
803 785 894 809 autem
929 786 960 809 ut
977 783 1005 809 in

1219 649 1275 683 Lj".
1292 666 1327 670 --
1338 651 1507 685 Σενατωρίῳ
1522 651 1673 685 πατρικίῳ.

1087 696 1143 722 Καὶ
1162 695 1206 723 διὰ
1221 696 1275 723 τῶν
1295 697 1509 731 θεοφιλεστάτων
1535 698 1582 724 καὶ
1603 698 1760 725 ὁσιωτάτων
1783 700 1843 727 lm-

1055 742 1164 768 σκόπων
1186 742 1414 778 προσφθέγγομαι
1433 744 1483 778 τὴν
1512 743 1651 779 ὑμετέραν
1679 743 1846 780 μεγαλοπρέ-

1054 796 1143 818 πειαν,
1161 785 1194 824 ἧς
1211 789 1262 824 τὴν
1280 790 1391 824 μνήμην
1404 789 1460 825 (60)
1470 790 1604 817 ἇσῦεστον
1620 790 1770 826 περιφέρω.
1789 791 1847 817 Κα-

211 823 310 850 urbem
325 823 428 858 regiam
450 829 597 860 pergerent
620 830 716 853 auctor
739 827 791 854 fuit
817 827 1001 855 sanctissimus

1057 834 1184 861 ταλαδεῖν
1199 834 1226 861 δὲ
1243 835 1342 867 αὐτοὺς
1357 835 1406 871 τὴν
1421 835 1544 871 βασιλίδα
1561 835 1752 872 παρεσκεύασε
1769 836 1847 863 πόλιν

210 868 360 903 episcopus
375 869 504 897 dominus
519 870 653 904 Domnus,
674 875 815 898 utcontra
845 880 895 899 nos
926 881 1002 899 com-

211 915 333 950 positum
345 915 452 942 diluant
460 916 643 944 mendacium.
657 918 787 952 Apertam
802 918 875 945 enim
890 919 1001 953 quidam

209 965 307 988 contra
316 969 366 989 nos
376 962 541 989 calumniam
553 967 709 996 texuerunt,
722 964 897 999 tumultuque
909 965 1003 992 Eccle-

212 1007 268 1034 sias
276 1007 466 1042 repleverunt,
482 1017 533 1043 pro
544 1009 645 1044 quibus
654 1009 781 1037 Christus
790 1011 925 1038 Dominus
938 1019 1003 1038 cru-

208 1060 273 1081 cem
284 1053 371 1081 subiit
380 1053 532 1089 ignominia
548 1059 725 1090 contempta;
749 1063 800 1090 pro
812 1057 916 1091 quibus
934 1057 1004 1084 divi-

210 1107 266 1126 nus
295 1100 483 1133 apostolorum
511 1100 622 1133 chorus,
651 1104 679 1128 et
691 1101 827 1128 victorum
850 1106 1002 1136 martyrum

210 1152 308 1179 greges
317 1145 409 1172 omnia
422 1145 521 1172 mortis
536 1153 634 1180 genera
648 1146 771 1180 perpessi
783 1150 857 1173 sunt.
874 1147 925 1173 Pro
936 1155 1002 1181 pace

212 1193 244 1216 ut
261 1189 395 1221 deeertes.
420 1198 468 1217 oro
496 1190 726 1225 magniﬁcentiam
742 1196 827 1220 tuam.
839 1193 907 1219 Nam
923 1193 1002 1219 facile

208 1235 300 1262 fuerat
315 1236 507 1263 universorum
526 1237 591 1269 Deo,
610 1238 700 1265 tristia
718 1238 776 1265 haec
789 1239 847 1266 solo
864 1243 932 1265 nutu
951 1238 1000 1266 de-

209 1281 313 1316 pellere
332 1281 446 1309 :diiIert
469 1286 573 1315 tamen,
600 1288 659 1310 tum
674 1288 704 1311 ut
721 1292 818 1312 eorum
837 1284 884 1319 qui
911 1284 1001 1318 impu-

208 1331 331 1362 gnantur
354 1327 476 1355 declaret
502 1328 706 1363 fortitudinem,
729 1334 785 1358 tum
811 1334 842 1358 ut
855 1329 935 1357 nobis
957 1337 1003 1357 ca-

207 1372 318 1407 pienda
333 1372 460 1400 utilitatis
470 1373 630 1402 occasiones
644 1374 775 1409 praebeat.

385 1477 475 1505 XCIV.
487 1493 522 1498 —
538 1478 680 1514 Protogeni
691 1479 824 1514 prwfecto.

243 1524 302 1552 Jam
319 1524 384 1551 olim
399 1524 511 1559 quidem
524 1524 660 1560 benignus
674 1525 806 1553 Dominus
826 1526 951 1554 idoneam
964 1527 998 1554 ad
1012 1514 1034 1542 ϐ

206 1569 416 1604 exsequendum
430 1570 531 1597 mentis
544 1570 691 1597 consilium
706 1571 785 1597 vobis
801 1571 899 1598 tribuit
911 1571 999 1599 facul-

208 1619 293 1642 tatem
308 1623 315 1640 :
328 1614 376 1642 sed
389 1614 513 1641 eamdem
537 1614 613 1641 auxit
634 1614 687 1641 hoc
712 1619 848 1649 tempore,
869 1616 877 1624 ‘
895 1620 925 1642 ut
941 1623 1000 1642 ma-

208 1660 325 1695 gnitudo
341 1663 432 1686 vestra
447 1659 556 1686 facilius
568 1663 595 1686 et
607 1659 793 1694 impugnatam
807 1661 938 1688 defendat
951 1669 1000 1688 ve-

209 1706 318 1733 ritatem
335 1709 363 1731 et
373 1704 548 1731 mendacium
560 1708 677 1737 evertat,
700 1709 877 1740 aptatamque
902 1706 1000 1733 Eccle-

208 1750 258 1777 siis
297 1749 524 1784 tranquillitatem
551 1749 689 1776 restituat.
713 1749 799 1782 Quam
822 1751 896 1785 gravi
925 1750 1000 1777 enim

209 1795 327 1829 procella
345 1794 461 1829 oppleta:
472 1794 527 1821 sint
549 1793 670 1822 Orientis
689 1794 829 1828 Ecclesiae,
849 1799 876 1822 et
891 1796 926 1822 ab
938 1796 1000 1824 aliis

209 1829 303 1866 multis
317 1838 518 1874 magnificentia
544 1843 638 1866 vestra
664 1839 772 1872 didicit,
798 1844 826 1867 et
842 1841 1000 1868 accuratius

207 1893 242 1912 ex
252 1885 308 1912 Deo
320 1885 489 1912 cbarissimis
502 1884 639 1920 episcopis
649 1885 793 1920 cognitura
805 1889 857 1918 est,
870 1886 917 1920 qui
929 1886 1000 1913 hanc

208 1931 316 1966 longam
328 1930 581 1965 peregrinationem
594 1931 695 1958 hiemis
709 1935 832 1965 tempore
854 1936 1000 1966 propterea

208 1979 401 2011 susceperunt,
413 1979 511 2003 vestrm
524 1976 660 2011 imprimis
674 1981 736 2012 post
750 1977 870 2004 divinam
884 1978 998 2012 gratiam

208 2021 382 2048 auctoritatis
398 2020 574 2055 providentia
591 2021 666 2048 freti.
683 2021 783 2049 Sedate
809 2022 893 2057 igitur
908 2023 997 2056 nobis,

207 2067 311 2095 Christi
333 2070 468 2100 amantes,
491 2070 694 2101 tempestatem,
718 2068 920 2103 obscuramque
947 2077 1000 2096 no-

208 2118 280 2141 ctem
292 2113 320 2140 in
333 2112 467 2147 liquidam
482 2113 660 2140 serenitatem
672 2114 839 2146 convertite,
856 2118 884 2141 et
899 2115 1001 2141 incita-

207 2163 250 2186 tas
266 2161 362 2185 contra
377 2165 427 2185 nos
439 2158 547 2193 linguas
566 2157 672 2193 1165
686 2158 835 2185 refrenate.
852 2159 907 2186 Nos
923 2160 998 2187 enim

208 2204 302 2231 divina
322 2204 432 2231 favente
454 2204 553 2238 gratia,
569 2211 620 2238 pro
645 2203 808 2238 apostolicis
823 2204 999 2240 dogmatibus

207 2249 317 2277 assidue
334 2257 503 2284 pugnamus,
533 2249 670 2284 fidemque
686 2250 783 2277 Nicaea
799 2251 951 2285 expositam
968 2252 1000 2278 il-

206 2294 319 2322 libatam
331 2302 483 2327 servamus,
502 2298 530 2321 et
548 2302 597 2321 eos
614 2294 662 2328 qui
677 2294 736 2321 haec
748 2295 853 2322 violare
871 2295 997 2331 dogmata

205 2346 262 2366 non
276 2338 413 2370 dubitant,
443 2338 543 2374 impios
570 2339 750 2374 appellamus.
778 2339 867 2374 Atque
897 2341 998 2368 horum

206 2388 291 2413 testes
303 2384 384 2411 nobis
397 2388 461 2411 sunt
478 2384 525 2418 qui
540 2384 612 2419 apud
624 2391 675 2412 nos
699 2388 764 2412 sunt
796 2385 999 2419 catechumeni,

205 2429 253 2465 qui
281 2429 388 2456 anobis
409 2428 596 2463 baptizantur,
611 2429 659 2464 qui
691 2435 801 2457 nostros
828 2431 855 2458 in
873 2431 1000 2460 ecclesiis

206 2483 348 2504 sermones
363 2475 490 2502 audiunt.
511 2475 589 2508 Quod
604 2477 626 2503 si
651 2484 784 2504 accusare
808 2476 930 2512 legitime
948 2485 998 2505 vo-

206 2522 277 2554 lunt,
293 2525 444 2556 praesentes
456 2521 624 2556 redarguere
634 2526 755 2557 oportet,
784 2530 839 2549 non
870 2524 1000 2552 absentes

206 2566 379 2593 calumniari.
395 2566 442 2594 Sic
456 2567 530 2594 enim
545 2571 573 2594 et
596 2567 624 2594 in
645 2568 706 2594 aliis
720 2568 847 2602 negotiis,
863 2567 930 2595 dum
955 2569 1000 2604 ju-

206 2611 281 2638 dicat
299 2612 502 2646 magnificentia
517 2616 619 2645 vestra,
647 2613 813 2640 sententiam
828 2615 940 2648 promit,
966 2623 1000 2642 ex

205 2657 390 2684 accusationis
401 2657 625 2694 defensionisque
648 2658 741 2685 verbis
758 2658 824 2692 quid
853 2666 947 2686 verum
965 2660 1001 2687 sit

205 2703 428 2739 deprehendens.

241 2808 301 2848 (60).
312 2808 357 2850 Sic
375 2809 458 2850 Neap:
475 2816 502 2837 et
517 2812 644 2850 Vatican._
655 2821 740 2850 equo
756 2815 924 2850 principium
941 2816 993 2843 hii-

200 2844 248 2879 jus
260 2844 382 2879 epistola:
397 2844 491 2872 Latine
512 2855 621 2874 versum
638 2844 720 2877 habet
735 2844 871 2878 Baronius
886 2851 918 2878 ad
933 2859 946 2878 a
960 2851 991 2879 C.

202 2878 267 2912 ΜΞ),
284 2883 303 2904 ι.
322 2878 364 2910 γι,
381 2886 407 2912 p.
424 2886 460 2908 rn.
477 2881 519 2907 79..
535 2881 616 2909 Sirm.
630 2884 723 2919 τιμήν.

1056 881 1070 907 ὁ
1082 881 1230 913 ὁσιώτατος
1243 881 1392 913 ἐπίσκοπος
1411 883 1425 908 ὁ
1445 881 1540 918 κύριος
1555 883 1668 918 Δόμνος,
1681 883 1724 909 ’ίνα
1738 883 1769 909 τὸ
1783 883 1848 910 καθ’

1056 926 1135 962 ήμῶν
1155 927 1282 953 συντεθὲν
1292 927 1442 954 διαλύσωσι
1459 928 1566 962 ψεῦδος.
1586 928 1716 965 Προφανῆ
1733 929 1788 964 γάρ
1804 937 1847 955 τι-

1056 982 1100 1005 νες
1116 974 1178 1001 καθ’
1196 974 1276 1010 ὴμῶν
1302 975 1486 1009 συκοφαντίαν
1516 975 1663 1011 ἐξύφηναν,
1691 976 1738 1003 καὶ
1762 976 1847 1011 ζάλης

1055 1020 1106 1052 τὰς
1133 1021 1298 1056 Ἔκκλησίας
1330 1020 1493 1057 ἐνέπλησαν,
1521 1021 1590 1057 ὑπὲρ
1613 1018 1652 1048 ὧν
1672 1022 1688 1048 ὁ
1709 1022 1848 1055 Δεσπότης

1056 1065 1174 1100 Χριστὸς
1203 1065 1319 1101 σταυρὸν
1349 1066 1496 1101 ὑπέμεινεν
1519 1066 1651 1102 αίσχύνης
1674 1069 1848 1103 καταφρονή-

1057 1119 1117 1142 σας.
1134 1110 1209 1146 ὑπὲρ
1219 1107 1256 1137 ὦν
1272 1112 1286 1138 ό
1302 1111 1356 1138 τῶν
1372 1111 1452 1138 θείων
1461 1112 1619 1139 ἀποστόλων
1634 1112 1724 1147 χορὸς,
1734 1112 1781 1139 καὶ
1791 1113 1846 1139 τῶν

1055 1156 1211 1190 νικηφόρων
1230 1157 1377 1191 μαρτύρων
1404 1157 1428 1182 οἱ
1453 1157 1548 1192 δῆμοι,
1573 1160 1634 1189 ταῖς
1660 1159 1847 1189 παντοδαπαῖς

1055 1201 1102 1228 τοῦ
1117 1201 1236 1228 θανάτου
1258 1202 1448 1237 παρεδόθησαν
1465 1203 1558 1234 ἰδέαις,
1579 1203 1666 1239 ’Υπὲρ
1680 1204 1727 1238 τῆς
1742 1203 1846 1230 τούτων

1056 1248 1167 1282 εἰρήνης
1195 1248 1245 1282 τὴν
1275 1248 1413 1283 ὑμετέραν
1442 1249 1627 1282 ἀγωνίσασθαι
1661 1250 1846 1287 μεγαλοφυ1αν

1055 1294 1219 1329 παρακαλῶ-
1244 1293 1350 1328 Ῥᾴδιον
1368 1294 1418 1329 μὲν
1435 1294 1489 1330 γὰρ
1514 1292 1549 1329 ἦν
1567 1294 1606 1330 τῷ
1623 1294 1677 1322 τῶν
1692 1296 1760 1322 ὅλων
1785 1295 1846 1331 Θεῷ

1055 1339 1159 1370 νεῦσαι,
1176 1339 1223 1370 κα).
1238 1338 1318 1365 λῦσαι
1335 1339 1369 1366 τὰ
1388 1339 1556 1375 σκυθρωπά·
1575 1339 1634 1367 ἀλλ’
1651 1340 1843 1373 ἀναόάλλεται,

1055 1385 1103 1412 καὶ
1117 1385 1171 1410 τῶν
1192 1384 1406 1419 πολεμουμένων
1418 1385 1466 1420 τὴν
1481 1386 1594 1421 ἀνδρίαν
1611 1386 1777 1420 ἐπιδεικνὺς,
1796 1388 1845 1414 καὶ

1055 1431 1120 1466 ἡμῖν
1141 1430 1268 1466 ἀφορμὰς
1280 1431 1320 1462 είς
1336 1430 1470 1465 ὠφέλειαν
1485 1432 1621 1467 παρέχων.

1188 1485 1244 1517 ιιιν.
1263 1499 1298 1504 —-—
1312 1486 1496 1520 Πρωτογενεῖ
1507 1486 1631 1522 ὑπάρχῳ
1650 1488 1718 1524 (6f).

1089 1529 1176 1556 Πάλαι
1203 1529 1252 1563 μὲν
1278 1530 1395 1556 δέδωκεν
1418 1531 1482 1566 ὑμῖν
1502 1532 1517 1558 ό
1534 1532 1724 1567 φιλάνθρωπος
1745 1534 1849 1562 Δεσπό-

1052 1584 1102 1611 της
1138 1575 1252 1610 δύναμιν
1291 1577 1429 1612 ἀρκοῦσαν
1459 1579 1630 1615 ὑπουργῆσαι
1671 1582 1704 1616 τῇ
1736 1582 1845 1617 γνώμῃ.

1054 1620 1163 1656 Ηῦξησε
1178 1621 1206 1647 δὲ
1221 1620 1322 1657 ταύτην
1351 1623 1398 1648 ἐπὶ
1422 1622 1468 1650 τοῦ
1484 1624 1631 1659 παρόντος,
1658 1625 1700 1652 ῐνα
1717 1627 1783 1661 ῥᾷον
1798 1627 1848 1653 καὶ

1052 1667 1102 1702 τῆς
1117 1667 1245 1702 ἀληθείας
1262 1667 1470 1704 πολεμουμένης
1484 1670 1670 1707 ὑπερμαχήσῃ
1695 1671 1727 1698 τὺ
1744 1673 1845 1708 ὑμέτε-

1056 1721 1101 1748 ρον
1118 1713 1245 1748 μέγεθος,
1261 1715 1310 1741 καὶ
1324 1715 1466 1752 καταλύσῃ
1481 1715 1510 1742 τὸ
1521 1715 1630 1750 ψεῦδος,
1647 1717 1694 1744 καὶ
1706 1719 1766 1750 ταῖς
1783 1718 1847 1745 Ἐκ-

1054 1759 1179 1794 κλησίαις
1207 1760 1256 1795 τὴν
1291 1760 1462 1797 ποθουμένην
1495 1762 1672 1798 πρυτανεύσῃ
1711 1763 1846 1800 γαλήνην.

1059 1804 1177 1840 Ὀπόσης
1185 1805 1239 1841 γὰρ
1256 1806 1462 1841 ἐνεπλήσθησαν
1485 1807 1569 1842 ζάλης
1589 1808 1638 1843 τῆς
1651 1809 1722 1843 ἑῴας
1738 1810 1767 1836 αἱ
1785 1809 1845 1836 Έκ-

1054 1847 1175 1883 κλησίαι,
1192 1849 1268 1885 παρὰ
1286 1850 1391 1876 πολλῶν
1413 1850 1463 1886 μὲν
1488 1852 1536 1878 καὶ
1559 1852 1649 1879 ἄλλων
1679 1855 1696 1889 ἡ
1722 1854 1846 1890 ὑμετέρα

1055 1893 1226 1928 μεγαλοφυῖα
1249 1895 1420 1931 μεμάθηκεν,
1434 1896 1631 1933 ἀκριϐέστερον
1644 1899 1672 1925 δὲ
1691 1900 1768 1934 παρὰ
1790 1901 1847 1926 τῶν

1055 1939 1273 1974 θεοφιλεστάτων
1293 1942 1452 1970 ἐπισκόπων
1476 1944 1596 1980 μαθήσῃ,
1620 1945 1645 1972 οἳ
1670 1945 1719 1980 τῆς
1737 1947 1846 1982 μακρᾶς

1054 1986 1156 2020 ταύτης
1180 1986 1333 2021 ἀποδημίας
1353 1988 1382 2014 ὲν
1410 1988 1470 2024 ὥρα
1493 1989 1628 2024 χειμῶνος
1646 1989 1741 2016 τούτου
1765 1991 1846 2026 χάριν

1054 2030 1212 2065 ἠνέσχοντο,
1232 2033 1301 2067 μετὰ
1321 2034 1371 2067 τὴν
1387 2033 1462 2061 θείαν
1486 2035 1566 2070 χάριν
1580 2036 1613 2070 τῇ
1638 2035 1687 2070 τῆς
1710 2036 1845 2071 ὑμετέρας

1054 2077 1179 2109 ἐξουσίας
1191 2079 1346 2114 προμηθείᾳ
1361 2079 1536 2115 θαρροῦντες.
1546 2081 1650 2107 Λύσατε
1662 2081 1751 2108 τοίνυν
1767 2083 1844 2116 ἡμῖν,

1056 2119 1079 2149 ὦ
1096 2123 1273 2158 φιλόχριστοι,
1303 2125 1348 2151 τὸν
1377 2126 1510 2160 χειμῶνα,
1528 2127 1576 2153 καὶ
1594 2127 1643 2162 τὴν
1672 2129 1845 2164 σκοτομήνην

1053 2169 1092 2200 είς
1110 2168 1220 2204 αἰθρίαν
1233 2170 1356 2205 καθαρὰν
1371 2171 1548 2206 μεταϐάλετε,
1567 2173 1674 2204 καὶτὰς
1690 2173 1752 2200 καθ’
1763 2174 1845 2208 ἡμῶν

1052 2214 1211 2249 κινηθείσας
1223 2215 1389 2250 χαλινώσατε
1405 2217 1526 2251 γλώττας
1561 2219 1656 2254 Ἡμεῖς
1670 2220 1724 2255 γὰρ
1738 2220 1781 2246 διὰ
1795 2220 1845 2254 τὴν

1053 2259 1128 2286 θείαν
1142 2260 1236 2295 χάριν,
1250 2261 1304 2287 τῦιν
1319 2262 1505 2289 ἁποστολικῶν
1519 2263 1650 2298 διηνεκῶς
1667 2264 1844 2300 ὑπερμαχοῦ-

1053 2314 1103 2340 μεν
1121 2306 1272 2341 δογμάτων,
1288 2307 1334 2333 καὶ
1350 2308 1399 2342 τὴν
1419 2309 1576 2335 ὲκτεθείσαν
1592 2310 1621 2336 ὲν
1635 2311 1736 2346 Νικαίᾳ
1751 2312 1845 2338 πίστιν

1053 2351 1224 2387 φυλάττομεν
1239 2352 1347 2383 ἄσυλον,
1367 2353 1415 2380 καὶ
1435 2355 1498 2385 τοὺς
1514 2354 1600 2381 ταῦτα
1618 2357 1844 2392 παραχαράττειν

1050 2398 1211 2432 τολμῶντας
1238 2398 1273 2425 τὰ
1300 2398 1425 2432 δόγματα
1444 2400 1553 2432 ἀσεϐεῖς
1575 2401 1754 2436 ὀνομάζομεν.
1787 2404 1844 2430 Καὶ

1051 2443 1153 2470 τούτων
1179 2443 1317 2479 μάρτυρες
1342 2446 1366 2471 οἱ
1392 2446 1456 2481 παρ’
1485 2446 1565 2481 ήμῶν
1591 2448 1800 2482 κατηχούμενοι,
1819 2450 1843 2475 οι

1052 2489 1118 2524 παρ’
1135 2490 1213 2524 ἡμῶν
1227 2489 1434 2525 βαπτιζόμενοι,
1449 2492 1474 2518 οἱ
1490 2491 1544 2518 τῶν
1560 2492 1589 2518 ὲν
1602 2494 1665 2523 ταῖς
1681 2493 1843 2528 ἐκκλησίαις

1051 2535 1196 2568 διαλέξεων
1222 2537 1375 2568 ἐπαΐοντες.
1408 2537 1440 2563 El
1464 2537 1492 2564 δὲ
1522 2540 1686 2574 κατηγορεῖν
1720 2539 1843 2574 ὲννόμω;

1051 2579 1184 2613 ἐθέλουσι,
1201 2581 1252 2616 χρὴ
1267 2582 1404 2617 παρόντας
1419 2582 1550 2617 ἐλέγχειν,
1564 2584 1615 2610 οὐκ
1626 2584 1746 2616 ἀπόντας
1760 2593 1844 2612 συκο-

1050 2627 1172 2660 φαντεῖν.
1193 2626 1271 2653 Οὕτω
1285 2627 1339 2663 γὰρ
1355 2628 1404 2654 καὶ
1422 2629 1478 2660 τοῖς
1494 2629 1584 2661 ἄλλοις
1606 2630 1623 2665 ή
1644 2630 1764 2665 ὑμετέρα
1794 2640 1843 2666 μευ

1049 2671 1186 2706 γαλοφυῖα
1201 2672 1348 2704 δικάζουσα
1363 2674 1522 2709 πράγμασιν
1536 2675 1708 2711 ἑκφέρειτὰς
1722 2676 1842 2711 ψήφους,

1049 2717 1082 2743 ἑκ
1098 2716 1153 2742 τῶν
1173 2718 1223 2752 τῆς
1250 2717 1417 2753 κατηγορίας
1434 2719 1483 2745 καὶ
1496 2719 1646 2754 ἀπολογίας
1666 2720 1754 2755 λόγων
1780 2729 1842 2747 συν-

1049 2762 1141 2798 ορῶσα
1153 2763 1183 2789 τὸ
1194 2763 1308 2791 δίκαιον.

1085 2820 1256 2866 Patina
1269 2822 1459 2858 interpretatio
1473 2825 1556 2862 hujus
1571 2829 1692 2864 epistola!
1710 2833 1752 2858 est
1768 2829 1841 2866 apud

1049 2854 1195 2883 Barciiilim
1212 2858 1228 2883 Ι.
1246 2865 1270 2884 c.
