1962 3051
124 177 189 211 1289

303 232 360 265 L,E'.
378 246 413 251 —
435 231 570 265 Ἀντιόχῳ
586 229 718 263 ὑπάρχῳ.
802 262 805 264 ,

154 289 211 324 Τῆς
228 288 359 324 μεγίστης
374 287 463 323 ἀρχῆς
477 287 525 318 τὰς
539 286 588 322 μὲν
601 286 743 321 φροντίδας
759 285 903 315 ἁπέθεσθε,

117 335 150 361 τδ
165 335 193 361 δὲ
218 334 296 365 κλέος
320 333 397 368 ὑμῶν
426 332 502 368 παρὰ
524 333 607 358 πᾶσιν
623 331 709 358 ἀνθεῖ.
722 332 754 358 Οί
781 331 835 366 γὰρ
855 331 905 362 τὰς

120 380 256 415 ὑμετέρας
267 379 427 415 εὐεργεσίας
440 378 626 413 τρυγήσαντες
642 377 733 412 ᾅδουσι
748 376 848 407 ταύτας
862 377 904 402 ὲν-

117 425 255 460 δελεχῶς),
280 424 400 451 πλεῖστοι
428 423 456 449 δὲ
485 420 579 455 οὗτοι,
606 423 662 456 καὶ,
681 421 819 457 πανταχοῦ
846 421 904 456 (καὶ

117 471 226 502 πολλοῖς
237 470 285 501 τὰς
295 470 432 504 εὐφημίας
444 469 654 505 προσφέροντες,
670 467 718 495 καὶ
729 468 779 499 τὰς
792 469 904 494 ἐκείνων

117 515 240 550 γλώττας
264 514 346 541 πάλιν
371 515 411 545 εἰς
437 513 564 544 ἐπαίνους
595 512 743 544 κινοῦντες.
776 511 846 546 Ἐγὼ
875 512 904 538 δὲ

116 561 264 596 γὰννυμαι.
284 559 396 595 θεωρῶν
417 559 462 586 τὸν
480 558 639 593 ἀξιέραστον
655 557 772 593 καρπὸν,
788 557 839 593 τὴν
852 565 901 584 πο-

115 605 296 641 λυθρύλλητον
312 604 464 639 ὼραῖζοντα
489 604 576 639 ῥίζαν,
598 599 635 630 Οὗ
652 602 683 636 δὴ
700 603 780 638 χάριν
798 603 845 629 ἐπὶ
868 602 903 629 τὰ

117 651 203 685 μείζω
226 651 273 676 καὶ
296 649 452 685 τελειότερα
475 650 524 683 τὴν
552 648 688 683 ὑμετέραν
715 647 901 684 μεγαλοφυῖαν

117 696 279 732 παρακαλῶ,
295 696 342 722 καὶ
359 695 407 731 τῆς
419 695 475 722 τῶν
495 694 664 729 Ἐκκλησιῶν
679 694 746 728 ἀξιῶ
760 694 901 729 φροντίσαι

117 742 250 777 γαλήνης.
271 741 372 768 Πολλοῦ
383 741 436 775 γὰρ
450 741 549 772 ταύτας
564 740 697 775 χειμῶνος
711 740 860 775 ἐνέπλησαν
877 740 901 766 οἱ

117 788 167 818 τὰς
179 786 239 812 καθ’
251 786 328 821 ἡμῶν
346 785 527 820 συκοφαντίας
540 786 701 820 ὖςρήναντες.
710 785 759 811 Διά.
773 793 813 811 τοι
823 784 901 811 τοῦτο

113 833 160 858 καὶ
167 833 191 858 οἱ
198 831 397 866 Θεοφιλὲστατοι
404 831 556 862 ἐπίσκοποι,
564 831 610 857 καὶ
621 831 729 866 μακρᾶς
736 830 899 865 ὁδοιπορίας,

777 175 955 204 EPISTOLA
975 175 1072 206 XCVI.

1676 189 1716 222 ιρι

1676 192 1716 222 1‘2.

1150 233 1217 260 XCV
1223 254 1229 260 .
1239 249 1272 254 —
1278 235 1298 262 Α
1304 237 1405 264 vilior/io
1419 239 1550 274 ρνωίεςιο.
1709 192 1743 223 Ὃ

992 285 1099 313 Maximi
1119 289 1294 323 magistratus
1316 299 1398 320 curas
1423 295 1534 329 quidem
1566 298 1742 334 deposuistis,

955 330 1002 357 sed
1014 331 1099 366 gloria
1115 338 1204 361 vestra
1217 336 1289 370 apud
1304 345 1400 366 omnes
1411 339 1500 367 ﬂoret.
1524 342 1575 375 Qui
1597 330 1672 373 enim
1692 330 1742 375 be;

955 377 1060 405 neticiis
1070 379 1169 407 vestris
1180 381 1270 408 ornati
1286 382 1408 417 fuerunt,
1424 386 1536 414 assidue
1553 389 1598 416 illa
1622 398 1742 420 comme-

954 427 1062 449 morant
1082 425 1202 458 (plurimi
1221 432 1314 454 autem
1326 428 1346 455 ii
1363 435 1436 463 sunt,
1450 435 1478 458 et
1493 433 1617 470 ubique),
1633 436 1743 464 Iaudes-

954 475 1007 502 que
1023 473 1129 497 vestras
1145 471 1215 505 apud
1232 472 1300 500 alios
1316 475 1476 510 praedicant,
1492 482 1520 505 et
1545 479 1578 506 ad
1606 483 1741 515 praeconia

953 517 1044 540 vestra
1071 514 1180 543 illorum
1206 518 1288 545 etiam
1312 519 1419 555 linguas
1445 528 1567 551 movent.
1592 514 1649 561 Ego
1674 535 1741 555 vero

953 565 1116 594 magnopere
1136 561 1223 595 laetor,
1243 564 1389 593 amabilem
1413 566 1532 596 fructum
1549 567 1675 605 cernens,
1692 574 1740 609 qui

953 603 1103 631 multorum
1137 613 1185 634 ore
1214 607 1379 637 celebratam
1412 612 1532 640 radicem
1562 603 1739 646 condecorat.

952 647 1136 681 Quamobrem
1152 651 1185 678 ad
1201 654 1303 688 majora
1325 659 1353 682 et
1372 656 1537 690 perfectiora
1561 662 1739 696 magniﬁcen-

955 693 1018 721 tiam
1044 700 1163 724 vestram
1190 698 1286 731 invito,
1314 705 1398 736 atque
1421 707 1452 730 ut
1467 693 1651 734 Ecclesiarum
1667 712 1740 736 tran-

952 740 1096 774 quillitatis
1121 751 1213 770 curam
1239 753 1317 780 geras
1339 747 1473 776 obtestor.
1496 750 1694 786 Magnosenim
1710 755 1739 782 in

952 785 995 812 his
1025 785 1124 814 ﬂuctus
1151 789 1307 818 excitarunt
1334 792 1381 826 qui
1401 799 1495 821 contra
1518 785 1569 824 nos
1587 798 1739 827 calumnias

951 832 1099 858 commenti
1128 838 1202 861 sunt.
1230 835 1287 868 Qua
1313 836 1347 865 de
1366 846 1447 866 causa
1472 844 1500 867 et
1514 841 1569 869 Deo
1585 843 1738 872 charissimi

113 878 161 904 καὶ
180 877 332 909 ἀσθενείας,
348 877 396 903 καὶ
414 877 508 912 γήρως
522 877 789 912 καταφρονήσαντες,
806 876 852 901 καὶ
866 875 895 901 τὰ

951 875 1083 911 episcopi,
1098 883 1126 905 et
1142 879 1270 908 itinerum
1287 882 1467 918 longitudine,
1483 891 1511 913 et
1538 888 1638 915 virium
1658 890 1738 917 inﬁr~

115 923 234 959 σφέτερα
248 922 361 957 ποίμνια
383 919 588 953 καταλιπόντες
601 922 768 957 ἁποίμαντα,
780 920 829 973 την
846 929 895 973 μαῖ

951 921 1056 953 mitate,
1085 927 1113 950 et
1143 925 1222 951 senili
1245 930 1326 954 aetate
1355 934 1526 973 contempta,
1555 934 1738 970 gregibusque

113 969 182 1004 κρὰν
198 968 299 1004 ταύτην
317 969 429 1003 πορείαν
446 969 610 999 ἐστείλαντο,
630 967 763 1001 διελέγξαι
779 967 810 993 τὸ
828 967 899 994 κατὰ

113 1015 221 1042 πάντων
236 1014 313 1049 ἡμῶν
328 1015 452 1041 συντεθὲν
465 1016 636 1050 ἐπειγόμενοι
651 1015 758 1049 ψεῦδος.
778 1015 899 1048 Ἐπαμυ-

110 1058 184 1085 vim
198 1059 287 1086 τοίνυν
305 1059 395 1091 αὐτοῖς
418 1060 449 1086 τὸ
469 1060 602 1095 ὑμέτερον
627 1060 752 1094 μέγεθος,
779 1060 826 1086 καὶ
847 1060 898 1095 τῆς

112 1104 366 1139 συκοφαντουμένης
388 1104 457 1139 ἑῴας
473 1105 630 1140 κηδόμενον,
651 1105 698 1131 καὶ
714 1105 763 1140 τῆς
779 1106 896 1131 ἀποστο-

110 1149 190 1185 λικῆς
222 1150 449 1186 προμηθούμενον
476 1151 605 1182 πίστεως.
627 1151 731 1186 Πρέπει
757 1150 812 1186 γὰρ
834 1150 898 1185 ὑμῖν

109 1197 167 1227 τοῖς
187 1196 277 1228 ἄλλοις
305 1196 502 1232 κατορθώμασι
530 1197 578 1223 καὶ
601 1197 660 1223 τόδε
685 1196 843 1231 προσθεῖναι
868 1196 898 1222 τὸ

111 1241 200 1272 κλέος.

310 1300 376 1332 ιιςι.
389 1314 425 1319 -
439 1300 526 1334 Νόμῳ
544 1299 695 1333 πατρικίῳ.

144 1354 191 1384 Δὶς
205 1355 254 1389 μὲν
273 1354 324 1390 ήδη
341 1355 460 1389 γράψας,
479 1353 555 1390 οἶμαι
569 1356 592 1382 δ’
610 1356 650 1382 ὅτι
670 1356 717 1382 καὶ
733 1357 806 1392 τρὶς,
821 1357 895 1384 ἀντι-

109 1400 224 1435 γράφων
244 1401 294 1426 οὐχ
308 1401 413 1435 ἔτυχον·
436 1401 483 1428 καὶ
501 1402 611 1436 σιγῆσαι
627 1402 719 1428 λοιπὸν
741 1402 894 1438 βουληθεὶς,

109 1445 156 1471 καὶ
173 1445 221 1471 νῦν
238 1445 301 1479 γοῦν
320 1447 439 1482 ἐμαυτόν
451 1456 481 1473 τε
501 1448 612 1481 γνῶναι,
629 1449 676 1475 καὶ
694 1448 748 1475 τῶν
767 1449 895 1480 ἐξουσιῶν

108 1492 140 1518 τὸ
162 1492 277 1527 μέγεθος
299 1493 458 1526 ἐπιγνῶναι,
484 1494 595 1528 ἄμεινον
615 1494 708 1529 ᾠήθην
727 1492 804 1526 αὖθις
827 1495 895 1530 γρά-

107 1537 226 1572 ψαι,κα“ι
249 1539 442 1573 παρακαλέσαι
464 1539 558 1574 μαθεῖν
580 1540 630 1574 τὴν
652 1540 742 1566 αἰτίαν
765 1540 814 1574 τῆς
830 1549 894 1566 σιω-

951 966 1011 993 sine
1034 973 1144 1002 pastore
1166 970 1279 1004 relictis,
1303 972 1411 1009 longam
1439 968 1519 1003 istam
1539 966 1739 1013 peregrinatio-

951 1019 1013 1038 nem
1040 1020 1231 1048 susceperum,
1256 1017 1402 1046 conﬂatum
1427 1020 1455 1048 in
1476 1029 1527 1048 nos
1540 1023 1713 1052 mendacium
1729 1027 1738 1036 ”

951 1055 1075 1084 refellere
1086 1064 1272 1093 properantes.
1286 1057 1402 1097 Adjuvet
1421 1071 1487 1099 ergo
1506 1065 1568 1093 illos
1581 1068 1738 1102 amplitudo

952 1101 1060 1138 1166
1087 1109 1187 1138 vestra,
1211 1110 1239 1134 et
1266 1108 1400 1136 calumnia
1425 1118 1556 1146 oppresso
1585 1101 1732 1143 consulens

949 1146 1068 1181 Orienti,
1086 1153 1113 1177 et
1131 1150 1194 1178 fidei
1219 1155 1374 1187 apostolica:
1396 1157 1577 1191 prospiciens.
1603 1159 1737 1188 Convenit

948 1193 1021 1220 enim
1046 1202 1095 1222 vos
1107 1196 1140 1223 ad
1153 1201 1251 1225 caetera
1264 1200 1394 1234 praeclara
1406 1201 1527 1230 facinora
1541 1203 1612 1232 hanc
1627 1213 1736 1242 quoque

948 1238 1061 1272 gloriam
1077 1241 1194 1277 adjicere
1203 1264 1211 1272 .

1158 1299 1249 1328 XCVI.
1257 1316 1290 1320 —-
1299 1301 1382 1329 Nemo
1401 1305 1521 1338 patricio.

981 1352 1026 1379 Bis
1049 1354 1103 1388 jam
1128 1363 1190 1382 cum
1219 1358 1387 1392 scripserim,
1403 1368 1435 1387 ac
1454 1364 1495 1389 ter
1511 1362 1605 1396 etiam,
1623 1365 1732 1399 opinor,

947 1406 1108 1433 responsum
1132 1409 1187 1428 non
1214 1404 1327 1438 accepi:
1354 1409 1382 1432 et
1408 1414 1470 1433 cum
1496 1407 1577 1435 silere
1605 1409 1735 1446 deinceps

946 1448 1105 1476 statuerem,
1127 1454 1158 1472 ac
1173 1455 1246 1474 nunc
1265 1449 1373 1476 tandem
1391 1459 1433 1478 me
1446 1459 1537 1484 nosse,
1551 1458 1733 1488 potestatum-

946 1495 998 1522 que
1033 1490 1249 1525 magnitudinem
1275 1501 1436 1528 agnoscere,
1463 1497 1549 1525 satius
1578 1500 1733 1529 existimavi

946 1535 1066 1562 scribere
1087 1537 1198 1570 iterum,
1217 1539 1375 1575 silentiique
1398 1549 1507 1570 causam
1526 1548 1557 1570 ut
1573 1545 1672 1573 doceas
1690 1555 1734 1574 ro-

110 1583 175 1618 πῆς.
193 1583 237 1618 Τῷ
252 1584 310 1610 Evn
325 1585 379 1619 γὰρ
395 1584 444 1611 οὐκ
458 1573 516 1612 οἶδά
530 1594 557 1611 τι
576 1573 776 1620 πλημμελήσας
791 1587 830 1617 είς
846 1586 894 1621 τὴν

948 1588 1020 1615 gare.
1045 1581 1150 1610 Revera
1173 1584 1246 1611 enim
1274 1585 1404 1614 adversus
1430 1589 1660 1624 magniﬁcentiam
1686 1600 1733 1619 ve-

111 1628 246 1663 ὗμετὲραν
257 1629 504 1664 μεγαλοπρέπειαν.
519 1629 627 1664 Ἐπειδὴ
641 1630 670 1656 δὲ
681 1631 711 1656 οὐ
728 1630 807 1665 μόνον
818 1630 894 1656 ἑκόν-

108 1682 164 1706 τες,
178 1674 247 1700 ἀλλὰ
260 1675 305 1700 καὶ
320 1674 431 1706 ἄκοντες
446 1674 590 1709 πταίομεν,
602 1676 648 1702 καὶ
661 1675 810 1710 ἀγνοοῦμεν
821 1675 894 1702 ἔστιν

108 1718 152 1745 ὅτε
178 1718 195 1745 ἃ
212 1718 437 1754 πλημμελοῦμεν,
463 1721 479 1755 ὴ
497 1720 618 1755 ὑμετέρα
639 1721 817 1756 μεγαλοφυΐα,
839 1721 893 1748 τῶν

108 1763 189 1790 θείων
205 1764 295 1798 νόμιον
324 1765 545 1799 ἀναμνησθεῖσα,
568 1765 592 1793 οἳ
615 1766 765 1802 διαρρήδην
790 1775 894 1801 παρεγ-

107 1808 220 1842 γυῶσιν,
240 1817 249 1834 ι
262 1808 323 1835 Ἐὰν
334 1810 443 1845 ἁμάρτῃ
462 1810 476 1835 ὁ
489 1809 600 1843 ἀδελφός
615 1819 661 1836 σου
678 1811 716 1841 εἰς
733 1810 774 1842 σὲ,
786 1809 893 1844 ἔλεγξον

108 1853 189 1880 αὑτὸν
207 1855 309 1888 μεταξὺ
329 1855 375 1882 σοῦ
394 1855 472 1890 μόνον
486 1857 533 1882 καὶ
548 1856 641 1887 αὑτοῦ,
655 1866 664 1881 ι
682 1856 764 1890 δήλην
783 1864 828 1889 μοι
842 1855 894 1890 τῆς

108 1898 196 1932 λύπης
221 1899 333 1934 ποιῆσαι
363 1900 560 1932 καταξιωσάτω
582 1901 631 1935 τὴν
657 1900 793 1934 ἀφορμὴν,
812 1900 854 1926 ἵνα
875 1900 891 1935 ἢ

107 1944 194 1971 ἀθῶον
215 1945 331 1979 ἐμαυτὸν
347 1945 515 1980 amang
540 1946 620 1979 γνοὺς
644 1946 674 1972 τὸ
702 1945 892 1980 πλημμέλημα

109 1989 273 2024 συγγνώμην
298 1991 413 2024 αἰτήσω.
438 1991 557 2023 Ἐλπίζω
573 1991 602 2017 δὲ
631 1991 660 2017 τὸ
678 1991 810 2026 πρότερον
834 1991 893 2016 ἔσε-

108 2034 181 2067 σθαι,
199 2037 231 2070 τῇ
248 2036 294 2062 τοῦ
319 2036 470 2068 συνειδότος
500 2037 636 2072 μαρτυρίᾳ
651 2036 769 2072 οαρρῶν.
786 2037 892 2068 Πάντας

109 2081 158 2115 μὲν
183 2078 230 2108 οὖν
254 2081 414 2117 ἀνθρώπους
439 2083 455 2118 ή
489 2082 674 2119 μεγαλοψυχία
701 2085 817 2119 κοσμεῖ,
843 2083 892 2118 οὐχ

106 2126 207 2161 ἥκιστα
232 2127 261 2153 δὲ
288 2128 350 2159 τοὺς
379 2128 449 2155 κατὰ
467 2129 516 2164 τὴν
543 2129 679 2164 ὑμετέραν
708 2129 892 2164 μεγαλοφυῖαν

106 2172 153 2198 καὶ
169 2172 214 2198 διά
233 2173 283 2206 τῆς
302 2173 420 2209 θύραθεν
439 2175 563 2206 παιδείας
580 2175 758 2210 ἡγουμένους,
783 2175 830 2202 καὶ
856 2175 891 2202 τὰ

106 2217 165 2244 θεῖα
190 2219 433 2253 πεπαιδευμένους,
450 2221 498 2247 καὶ
518 2220 573 2247 τῶν
585 2220 770 2247 ἁποστολικῶν
779 2221 888 2247 ἐπαΐον-

105 2271 154 2294 τας
167 2262 268 2297 νόμων,
279 2263 408 2300 ἄντικρυς
419 2265 552 2300 βοώντων·
565 2276 574 2292 ‹
587 2266 633 2300 Μὴ
647 2266 778 2292 ἐπιδυέτω
787 2268 801 2292 ό
813 2266 889 2300 ἦλιος

105 2308 152 2334 ἐπὶ
174 2307 213 2342 τῷ
237 2310 419 2344 παροργισμῷ
446 2310 540 2345 ὑμῶν·
561 2321 570 2337 ι
594 2311 642 2338 καὶ¹
662 2310 716 2337 τῶν
733 2311 888 2347 Ὁμηρικῶν

106 2354 296 2389 μεμνημένους
313 2355 393 2383 ἐπῶν.

105 2428 117 2448 ._
125 2428 143 2448 _.
166 2429 173 2436 .
194 2428 214 2448 ._
224 2429 244 2448 .‘
255 2429 262 2436 .
285 2429 291 2437 .
312 2410 354 2448 ζίὺ
369 2410 403 2437 δὲ
414 2412 603 2446 μεγαλήτορα
619 2414 715 2448 θυμὸν

106 2444 191 2478 Ἰσχε
201 2444 246 2470 ἐνὶ
262 2444 421 2478 στήθεσσιι
436 2444 645 2481 φὶλοφροὶγύνη
655 2444 713 2483 γὰρ
729 2449 867 2484 ἀμείνων.

138 2498 230 2525 Ταῦτα
242 2498 270 2524 δὲ
284 2499 315 2525 οὐ
327 2499 458 2526 διδάσκων
470 2499 549 2535 έφην,
559 2501 617 2528 ἀλλ’
629 2503 844 2539 ἀναμιμνήσκων
857 2506 888 2531 ὲν

103 2543 209 2576 πολλοῖς
230 2543 313 2571 οὖσαν
332 2545 382 2580 τὴν
401 2546 538 2581 ὑμετέραν
565 2547 802 2582 μεγαλοπρέπειαν
814 2557 821 2565 ·
840 2550 888 2577 καὶ

104 2588 195 2624 μέντοι
216 2591 263 2617 καὶ
280 2590 333 2617 τῶν
348 2590 396 2617 τοῦ
424 2592 527 2627 Κυρίου
542 2593 715 2628 μεμνημένος
734 2595 835 2630 νόμων,
860 2595 885 2622 οἳ

101 2633 187 2661 ταῦτα
209 2633 430 2672 διαγορεύουσιν·
458 2647 469 2664 ‹
495 2639 557 2666 Ἐὰν
572 2640 729 2676 προσφέρῃς
749 2641 780 2667 τὺ
798 2641 885 2677 δῶρόν

102 2686 148 2704 σου
166 2679 213 2706 ἐπὶ
229 2680 259 2706 τδ
274 2681 474 2718 θυσιαστήριον,
491 2683 572 2710 κάκεῖ
587 2683 709 2719 μνησθῇς
724 2684 765 2711 ὅτι
782 2685 838 2720 ἔχει
855 2695 882 2713 τι

100 2725 115 2750 ὸ
132 2723 243 2758 ἀδελφός
263 2733 308 2752 σου
335 2727 406 2753 κατὰ
428 2727 486 2759 σοῦ,
499 2727 567 2762 ἄφες
594 2729 652 2755 ἐκεῖ
674 2730 704 2756 τὺ
726 2729 811 2766 δῶρόν
836 2740 883 2758 σου

101 2767 254 2803 ἔμπροσθεν
278 2769 325 2795 τοῦ
343 2769 546 2807 θυσιαστηρίου,
572 2773 620 2799 καὶ
640 2773 747 2808 ὕπαγε,
774 2775 883 2810 πρῶτον

946 1630 1030 1652 stram
1052 1634 1180 1661 peccasse
1192 1636 1235 1655 me
1247 1630 1396 1665 quidquam
1409 1633 1513 1659 nescio.
1530 1633 1584 1660 Sed
1596 1635 1660 1669 quia
1676 1643 1731 1663 non

945 1671 1068 1698 volentes
1083 1673 1175 1704 modo,
1188 1674 1236 1701 sed
1251 1670 1376 1703 nolentes
1386 1684 1495 1712 quoque
1507 1678 1635 1712 labimur,
1653 1681 1732 1715 igno-

944 1723 1090 1751 ramusque
1107 1717 1245 1745 interdum
1261 1719 1289 1746 in
1299 1720 1399 1754 quibus
1412 1721 1609 1757 delinquimus,
1626 1726 1732 1760 magni-

943 1760 1052 1788 ficentia
1075 1767 1166 1790 vestra
1193 1764 1348 1792 divinarum
1370 1774 1477 1794 metnor
1501 1769 1603 1804 legum,
1626 1771 1672 1806 qui
1687 1773 1731 1799 di-

944 1812 1016 1834 serte
1032 1809 1212 1843 praecipiunt:
1233 1819 1242 1835 ι
1258 1810 1287 1837 Si
1303 1813 1457 1845 peccaverit
1472 1813 1498 1840 in
1512 1819 1538 1841 te
1555 1815 1641 1842 frater
1655 1820 1728 1849 tuus,

942 1853 1050 1887 corripe
1062 1860 1125 1879 eum
1143 1854 1215 1880 inter
1230 1859 1256 1881 te
1271 1860 1298 1882 et
1311 1856 1400 1890 ipsum
1412 1858 1499 1885 solum
1519 1859 1553 1891 ⁸⁵,
1567 1869 1576 1885 ι
1598 1861 1730 1889 molestiae

943 1904 1052 1924 causam
1065 1898 1133 1924 mihi
1148 1906 1284 1933 exponere
1300 1908 1335 1928 ne
1361 1906 1499 1935 gravetur,
1523 1908 1554 1930 ut
1579 1905 1622 1931 vel
1649 1905 1729 1933 iuno-

943 1947 1050 1969 centem
1067 1950 1128 1971 esse
1139 1951 1182 1971 me
1197 1946 1349 1978 ostendam,
1361 1947 1404 1973 vel
1419 1948 1508 1981 agnita
1525 1949 1605 1984 culpa
1621 1951 1727 1978 veniam

943 1993 1029 2014 orem.
1044 1987 1205 2023 Quanquam
1217 1990 1295 2024 prius
1310 1990 1376 2018 illud
1394 1992 1517 2020 futurum
1534 1994 1652 2027 confido,
1674 1995 1730 2024 fre-

944 2036 987 2059 tus
1006 2034 1182 2061 conseientiaa
1194 2035 1360 2063 testimonio.
1375 2037 1460 2064 Porro
1475 2042 1590 2066 cunctos
1604 2039 1729 2068 homines

943 2084 1005 2104 cum
1029 2082 1109 2105 ornet
1134 2079 1353 2114 magnanimitas,
1377 2084 1435 2108 tum
1450 2082 1512 2109 illos
1527 2084 1654 2116 maxime,
1681 2086 1728 2120 qui

942 2130 1048 2158 magna;
1058 2127 1112 2150 tuae
1129 2123 1230 2151 indolis
1242 2126 1377 2160 exemplo,
1394 2131 1422 2153 et
1435 2128 1556 2155 externis
1573 2129 1729 2164 disciplinis

941 2169 1054 2201 exculti,
1066 2174 1094 2196 et
1105 2169 1207 2197 divinis
1217 2170 1330 2203 eruditi,
1339 2171 1505 2205 apostolicas
1518 2172 1592 2207 leges
1602 2174 1727 2204 audiant.

943 2216 1017 2243 clara
1032 2223 1099 2242 voce
1114 2216 1347 2250 pronuntiantes:
1368 2225 1377 2242 α
1388 2216 1434 2244 Sol
1446 2225 1500 2244 non
1520 2218 1628 2246 occidat
1645 2227 1728 2255 super

943 2261 1114 2288 iracundiam
1133 2265 1252 2288 vestram
1260 2262 1282 2277 ⁹⁰
1293 2270 1300 2295 ;
1313 2271 1321 2288 ι
1338 2266 1366 2289 et
1382 2262 1533 2291 Homericae
1546 2265 1691 2293 sententiae
1702 2266 1724 2281 "

942 2307 1129 2334 meminerint.

997 2429 1028 2446 ι.
1047 2431 1052 2436 .
1073 2429 1080 2436 .
1099 2429 1106 2436 .
1131 2430 1136 2436 .
1156 2430 1162 2436 .
1180 2410 1216 2437 Tu
1230 2411 1438 2446 mqgnipectoris
1454 2412 1523 2439 iram

995 2444 1153 2480 Comprime,
1168 2453 1231 2472 nam
1243 2444 1354 2481 placida!
1364 2447 1457 2474 melior
1468 2447 1606 2475 clementia
1619 2449 1722 2477 mentis.

938 2500 1044 2535 1167
1071 2500 1135 2529 Haec
1145 2504 1236 2528 autem
1266 2509 1322 2529 non
1339 2501 1455 2529 docendi
1472 2503 1563 2530 studio
1579 2503 1647 2537 dixi,
1674 2505 1722 2532 sed

936 2551 967 2573 ut
993 2547 1201 2582 magniﬁcentiae
1225 2551 1279 2574 tuae
1295 2547 1323 2574 in
1340 2548 1433 2575 multis
1445 2552 1583 2583 occupatae
1597 2556 1722 2576 revocent

936 2591 964 2618 in
978 2592 1149 2624 memoriam,
1164 2601 1226 2620 cum
1240 2593 1347 2620 Domini
1359 2601 1468 2628 quoque
1482 2593 1573 2628 legum
1586 2595 1679 2621 veniat
1694 2595 1723 2621 in

937 2642 1069 2670 mentem.
1092 2645 1152 2673 quae
1178 2638 1230 2665 ista
1254 2638 1437 2673 praecipiunt:
1456 2647 1465 2664 α
1479 2638 1507 2665 Si
1528 2639 1612 2666 otl‘ers
1623 2646 1724 2666 munus

939 2689 1016 2711 tuum
1029 2683 1062 2711 ad
1079 2684 1173 2715 altare,
1189 2688 1218 2711 et
1231 2684 1268 2711 ibi
1282 2683 1442 2711 recordatus
1452 2683 1547 2717 fueris,
1556 2684 1628 2719 quod
1638 2683 1723 2711 frater

937 2735 1001 2757 tuus
1016 2730 1116 2757 habeat
1133 2729 1236 2764 aliquid
1254 2730 1400 2757 adversum
1419 2733 1455 2762 te,
1468 2730 1593 2764 relinque
1607 2729 1646 2756 ibi
1661 2737 1723 2756 mu-

937 2784 989 2803 nus
1016 2779 1094 2802 tuum
1121 2779 1184 2803 ante
1207 2775 1303 2808 altare,
1325 2781 1352 2803 et
1373 2775 1441 2803 vade
1458 2775 1536 2810 prius
1550 2774 1722 2802 reconciliari

132 2856 257 2884 "Matth.
270 2866 342 2889 ιιι-ιιι,
355 2859 395 2886 l5.
434 2859 456 2875 ’θ
467 2860 566 2894 Ephes.
581 2869 616 2893 tv,
631 2861 676 2891 26.
715 2863 736 2879 ⁹¹
752 2863 828 2892 Iliad.
848 2872 865 2892 ι.
881 2863 943 2891 956.

281 2917 415 2946 I‘nnOL.
436 2917 494 2947 Gn.
516 2919 676 2949 LXXXIII.

1503 2923 1537 2951 ιι
