1962 3051
147 82 214 114 1295

639 76 882 108 THEODORETI
903 75 1072 106 EPISCOPI
1092 75 1275 106 CYRENSIS

1711 71 1779 104 1296

144 135 293 171 asperitate
319 136 487 168 contempta,
511 130 618 159 itineris
630 131 739 158 labores
751 129 935 164 pertulerunt,

997 137 1081 157 ττατοι
1100 129 1256 161 ἐπίσκοποι,
1269 128 1317 155 καὶ
1332 127 1380 159 τὰς
1394 127 1440 154 ὑπ’
1454 126 1542 154 αὐτῶν
1564 128 1780 163 ποιμαινομὲνας

144 185 175 208 ut
197 185 319 208 exortam
336 178 464 206 sedarent
490 180 690 212 tempestatem.
705 176 779 209 Quos
795 179 934 210 agnoscet,

146 230 187 253 sat
215 225 284 257 scio,
312 224 416 259 1171
446 227 491 250 tua
520 222 614 249 divina
638 220 801 248 excellentia
825 219 936 255 pietatis

146 272 305 299 defensores
316 269 558 303 Ecclesiarumque
571 267 782 303 gubernatores.

995 176 1160 211 Ἐκκλησίας
1182 175 1339 207 κατέλιπον,
1356 175 1403 201 καὶ
1423 174 1473 209 τῆς
1487 173 1534 200 τοῦ
1557 174 1692 209 χειμῶνος
1711 183 1778 201 κατ-

991 222 1143 257 εφρόνησαν
1158 221 1243 257 ὥρας,
1264 221 1312 248 καὶ
1328 221 1382 247 τῶν
1399 222 1449 256 τῆς
1467 220 1620 255 ὁδοιπορίας
1635 220 1781 255 ἠνέσχοντο

991 267 1091 298 πόνων,
1106 268 1149 294 ἵνα
1164 268 1209 294 τὸν
1225 268 1416 294 ἐπαναστάντα
1432 267 1630 294 καταπαύσωσι
1645 265 1778 302 χειμῶνα,

146 318 199 350 Οὓς
217 315 246 345 εὖ
261 316 318 344 οἶδα
337 317 378 343 ὃτι
398 314 494 350 δψεταί
519 323 566 342 σου
584 315 601 350 ἠ
631 313 702 341 κατὰ
714 313 780 341 Θεὸν
799 312 947 349 τελειότης,
968 314 1107 348 εὐσεϐείας
1136 315 1304 351 προμάχους,
1337 315 1383 342 καὶ
1408 315 1462 342 τῶν
1487 315 1655 351 Ἐκκλησιιῖιν
1679 317 1779 352 κυϐερ-

145 364 238 400 νήτας.

359 408 414 437 Cll.
424 407 567 436 -Βαεὶιίο
592 409 711 444 episcopo

179 466 258 501 Quod
270 467 343 502 jacta
355 466 382 493 in
395 473 446 493 nos
460 465 583 493 convicia
601 465 677 493 taciti
695 464 808 492 audiant
822 464 869 499 qui
886 471 938 491 nos

145 521 200 541 non
220 517 332 544 norunt,
346 511 544 539 absurdinihil
555 515 596 538 est
614 520 620 537 :
635 511 708 546 quod
723 518 790 538 vero
805 510 939 538 sanctitas

146 564 191 586 tua
215 559 430 586 conviciantium
450 565 506 584 non
533 557 678 593 redarguat
690 557 873 588 mendacium,
890 560 940 583 aut

145 605 323 633 mediocriter
348 608 375 632 et
402 612 458 631 non
483 605 590 631 intento
607 604 699 631 studio
717 603 743 630 id
759 603 851 636 faciat,
867 611 940 638 aegre

145 651 197 679 sibi
210 651 355 686 quisquam
370 649 560 685 persuadebit,
581 648 626 676 cui
647 648 821 676 consuetudo
848 652 939 675 vestra

144 703 288 734 perspecta
313 698 358 725 sit.
376 697 435 725 Non
460 696 533 732 quod
560 696 671 723 veritati
694 696 842 723 amicitiam
869 703 940 730 pra:-

145 750 249 774 ponere
266 746 401 777 oporteat,
417 741 465 768 sed
481 741 555 776 quod
573 740 700 768 amicitia
713 742 795 768 etiam
810 740 880 768 adsit
898 746 939 768 te-

146 788 306 816 stimonium
324 787 461 814 veritatis.
477 787 587 814 Etenim
600 786 666 814 etin
683 787 800 815 ecclesia
814 787 939 814 dicentes

145 843 201 861 non
212 841 284 868 saepe
302 832 408 860 audivit
418 832 505 868 pietas
518 837 573 864 tua,
586 837 614 860 et
628 832 655 860 in
672 833 852 860 conventibus
867 833 937 865 aliis,

146 889 209 909 cum
229 880 377 916 dogmatici
405 887 420 907 a
443 879 523 906 nobis
537 878 656 906 instituti
679 880 822 907 sermones
836 883 938 911 essent,

146 935 207 962 qua:
230 934 245 953 a
268 926 350 953 nobis
375 924 539 952 dicebantur
555 925 672 959 excepit,
692 933 743 952 nec
765 925 940 952 sanctitatem

146 979 222 1000 tuam
238 971 349 1000 memini
363 977 485 1005 unquam
498 977 552 1003 me,
569 969 641 1004 quod
663 978 716 997 non
729 975 803 997 recta
814 970 939 1004 dogmata

147 1025 289 1053 sequerer,
306 1014 526 1051 reprehendisse.
544 1014 615 1047 Quid
632 1022 698 1050 ergo
715 1015 816 1041 factum
832 1018 874 1042 est
888 1015 941 1042 hoc

148 1063 293 1098 tempore?
309 1070 359 1090 cur
375 1061 508 1097 linguam,
523 1068 539 1088 ο
555 1061 670 1087 charum
694 1064 786 1094 caput,
809 1059 941 1087 adversus

148 1109 322 1138 mendacium
349 1116 404 1136 non
435 1115 546 1139 moves,
577 1107 625 1134 sed
651 1107 769 1134 amicum
796 1106 942 1134 calumniis

148 1162 320 1191 oppressum,
338 1158 366 1180 et
385 1157 571 1189 oppugnatam
585 1152 729 1180 veritatem
752 1151 889 1186 despicis?
913 1150 941 1177 Si

148 1201 259 1236 quidem
282 1199 349 1228 facis
375 1204 405 1226 ut
428 1199 525 1234 inopes
551 1198 721 1233 pusillosque
748 1201 940 1228 contemnens,

148 1246 322 1274 Dominicum
347 1248 513 1281 praeceptum
541 1243 672 1271 exaudire
700 1242 839 1274 convenit,
867 1242 941 1277 quod

149 1293 253 1320 diserte
279 1291 449 1327 proclamat:
469 1299 478 1315 ‹
496 1290 591 1318 Videte
608 1297 642 1316 ne
664 1288 845 1316 contemnatis
857 1295 941 1315 unum

149 1349 183 1368 ex
210 1339 319 1375 pusillis
339 1337 400 1365 istis
416 1337 539 1364 minimis
551 1336 596 1371 qui
619 1336 646 1362 in
660 1343 703 1363 me
714 1335 840 1362 credunt.
854 1333 941 1361 Amen

149 1386 225 1414 cnim
247 1385 310 1412 dico
332 1383 422 1415 vobis,
439 1382 528 1417 angeli
545 1390 641 1408 eorum
658 1381 782 1415 quotidie
795 1380 887 1408 vident
903 1380 942 1406 fa—

150 1433 223 1460 ciem
246 1431 336 1459 Patris
355 1431 364 1440 '
386 1430 438 1457 mei
461 1429 508 1464 qui
533 1434 574 1455 est
590 1428 616 1455 in
632 1428 708 1455 cmlis
723 1428 755 1453 ⁵³.
778 1437 785 1453 ι
807 1428 842 1454 At
858 1427 879 1454 si
897 1434 943 1454 ac-

151 1477 307 1506 cusantium
319 1484 369 1504 nos
382 1475 504 1511 potentia
515 1474 609 1509 pietati
622 1478 673 1501 tua:
686 1473 826 1501 silentium
835 1473 942 1505 indicit,

151 1526 240 1560 legem
269 1523 385 1550 alteram
411 1521 507 1548 audire
535 1524 654 1555 oportet,
679 1527 740 1554 qua:
768 1519 830 1547 ait:
859 1519 944 1546 «Non

151 1571 271 1607 accipias
284 1577 430 1606 personam
446 1567 567 1603 potentis
590 1567 634 1600 ’7;
652 1576 661 1592 ι
677 1571 706 1593 et
720 1575 726 1593 :
747 1576 756 1592 ι
773 1566 883 1593 Justum
898 1566 944 1601 ju-

151 1617 256 1644 dicium
268 1615 388 1650 iudicate
407 1614 429 1629 ³⁸
443 1621 450 1646 ;
471 1622 479 1638 ι
496 1617 524 1640 et
538 1621 544 1638 :
561 1622 569 1637 ι
588 1612 647 1639 Non
660 1612 716 1639 eris
734 1619 796 1638 eum
812 1611 905 1638 multis
916 1611 943 1638 in

153 1662 258 1689 malitia
277 1661 317 1693 9";
335 1670 343 1685 ι
369 1664 416 1686 et:
449 1668 456 1683 ι
473 1657 612 1685 Claudens
637 1657 743 1692 1172
766 1657 861 1684 oculos
880 1664 945 1683 suos

151 1716 186 1736 ne
201 1708 292 1735 videat
310 1707 423 1738 maltun,
447 1709 474 1732 et
486 1704 618 1731 obturans
634 1710 715 1729 aures
726 1710 789 1729 suas
802 1710 835 1729 ne
852 1702 945 1729 audiat

150 1754 287 1790 judicium
311 1751 452 1787 sanguinis
477 1749 604 1786 injusti‘.
628 1758 636 1773 ι
667 1749 702 1775 Et
728 1748 781 1775 alia
809 1755 892 1782 porro
918 1747 945 1774 id

153 1808 241 1837 genus
264 1804 393 1827 sexcenta
421 1796 543 1832 reperire
567 1799 609 1823 est
631 1795 658 1822 in
679 1794 773 1821 divina
792 1794 944 1828 Scriptura.

153 1847 220 1881 Qum
243 1846 355 1881 quidem
383 1844 513 1878 colligere
540 1848 774 1876 supervacaneum
793 1839 869 1871 duxi,
882 1846 944 1866 cum

155 1893 189 1921 ad
202 1893 293 1920 virum
309 1890 441 1922 scribam,
456 1888 504 1923 qui
527 1887 554 1914 in
576 1887 678 1914 divinis
701 1886 818 1921 eloquiis
837 1890 945 1913 aetatem

154 1938 296 1969 contrivit,
316 1935 418 1971 quique
438 1933 571 1962 doctrina:
583 1932 694 1960 ﬂuentis
706 1932 880 1960 Christianos
896 1940 946 1967 po-

154 1985 235 2020 pulos
251 1982 356 2018 irrigat.
374 1982 432 2009 Hoc
448 1981 533 2016 igitur
548 1979 636 2006 solum
655 1978 754 2010 dicam,
773 1979 947 2014 apparituros

102 2056 104 2058 τ
155 2039 206 2059 nos
221 2037 318 2057 omnes
331 2033 395 2057 ante
413 2027 533 2055 tribunal
549 2027 664 2058 Christi,
689 2026 894 2060 verborumque
919 2030 947 2053 et

154 2083 269 2112 operum
281 2074 414 2104 rationem
428 2072 597 2103 reddituros,
609 2080 652 2098 me
663 2078 740 2103 vero,
751 2078 814 2097 cum
829 2070 946 2097 aliorum

155 2122 279 2150 omnium
296 2128 379 2148 causa
401 2118 538 2155 judicium
564 2118 617 2145 hoc
642 2116 832 2148 reformident,
858 2116 886 2142 in
913 2115 947 2143 iis

1156 407 1217 433 PB’.
1231 421 1266 425 ——
1281 406 1429 439 Βιισιλείῳ
1446 406 1612 440 ὲπισκὸπφ.

1026 464 1062 490 Τὺ
1079 463 1128 499 μὲν
1141 463 1204 495 τοὺς
1219 463 1384 497 ἀγνοοῦντας
1399 463 1472 498 ἡμᾶς
1484 465 1546 499 σιγῇ
1563 464 1616 490 τῶν
1629 464 1691 492 καθ’
1702 465 1781 501 ἡμῶν

991 509 1103 536 ἀκούειν
1121 509 1270 544 λοιδοριῶν,
1299 509 1375 535 οὐδὲν
1401 509 1531 541 ἀπεικός·
1553 510 1583 536 τὸ
1601 510 1629 537 δὲ
1656 511 1704 546 τὴν
1732 512 1781 547 σὴν

991 556 1120 590 ὁσιότητα
1137 556 1192 582 τῶν
1214 556 1428 591 λοιδορουμένων
1445 555 1482 590 μὴ
1503 555 1650 591 διελέγχειν
1664 558 1694 583 τὸ
1714 557 1781 592 ψεῦ-

991 601 1045 634 δος,
1064 602 1080 637 ἢ
1099 602 1216 637 μετρίως
1229 602 1309 628 τοῦτο
1325 603 1424 633 ποιεῖν,
1439 602 1486 628 καὶ
1503 601 1540 637 μὴ
1559 601 1619 639 λίαν
1642 603 1780 639 ἐκθύμως,

990 648 1040 674 οὐκ
1055 648 1089 675 ἄν
1105 656 1148 679 τις
1172 648 1325 680 πιστεύσοι,
1341 647 1390 683 τὴν
1408 648 1545 684 ὑμετέραν
1561 648 1704 684 συνήθειαν
1723 650 1782 675 ἐπι-

992 694 1137 729 στάμενος.
1154 695 1210 720 Οὐκ
1236 694 1330 729 ἐπειδὴ
1345 694 1396 729 τῆς
1415 694 1545 729 ἀληθείας
1560 694 1600 720 δεῖ
1618 695 1668 730 τὴν
1692 694 1782 728 φιλίαν

993 740 1162 776 προκρίνειν,
1176 740 1234 766 ἀλλ’
1249 740 1291 767 ὅτι
1316 741 1349 775 τῇ
1363 740 1439 775 φιλίᾳ
1464 741 1511 767 καὶ
1537 741 1553 775 ἡ
1578 740 1628 775 τῆς
1655 741 1784 776 ἀληθείας

992 787 1122 822 πρόσεστι
1135 786 1283 822 μαρτυρία.
1296 787 1350 813 Καὶ
1365 786 1422 822 γὰρ
1435 787 1478 813 ἐπ’
1492 787 1638 822 ἐκκλησίας
1652 787 1786 821 λεγόντων

993 832 1072 868 ἡμῶν
1099 832 1227 863 πολλάκις
1248 833 1367 868 ἀκήκοεν
1395 833 1413 868 ἡ
1437 832 1471 866 σὴ
1501 832 1649 865 θεοσέϐεια,
1677 833 1724 860 καὶ
1754 834 1785 860 ἐν

995 878 1136 913 συλλόγοις
1160 879 1264 914 ἑτέροις
1286 878 1458 915 δογματικῶν
1470 879 1539 914 ’ἡμῖν
1557 879 1719 914 κινηθέντων
1738 879 1783 906 λό-

994 933 1061 959 γων,
1086 925 1150 958 τοὺς
1175 925 1242 960 παρ’
1261 925 1339 960 ἡμῶν
1365 924 1527 960 εἰρημένους
1554 925 1709 960 ἐπήκουσε·
1737 926 1784 952 καὶ

994 972 1044 997 οὐκ
1060 969 1117 997 οἶδα
1133 971 1243 997 πώποτε
1268 970 1453 1006 μεμψαμένην
1468 971 1544 1005 ἡμῖν,
1567 971 1603 1002 ὡς
1621 971 1671 997 οὐκ
1694 971 1784 1006 ὀρθοῖς

994 1018 1110 1052 δόγμασι
1136 1017 1285 1053 κέχρημαι,
1308 1017 1358 1053 τὴν
1385 1017 1434 1053 σὴν
1454 1018 1621 1046 θεοσέϐειαν.
1639 1018 1672 1046 Τί
1695 1019 1787 1045 τοίνυν

995 1064 1041 1090 ἐπὶ
1056 1063 1102 1089 τοῦ
1127 1063 1260 1099 παρόντος
1279 1063 1424 1099 γεγένηται
1440 1072 1447 1096 ;
1463 1063 1496 1090 Τί
1518 1064 1618 1100 δήποτε
1635 1065 1672 1099 μὴ
1689 1067 1783 1096 κινεῖς.

994 1105 1017 1136 ὦ
1032 1109 1095 1144 φίλη
1111 1109 1226 1145 κεφαλὴ,
1237 1110 1309 1137 κατὰ
1321 1109 1368 1136 τοῦ
1381 1110 1495 1145 ψεύδους
1508 1107 1556 1145 τὴν
1569 1111 1702 1145 γλῶτταν,
1717 1111 1784 1138 ἀλλὰ

995 1155 1041 1181 καὶ
1055 1155 1132 1189 φίλον
1150 1156 1414 1191 συκοφαντούμενον,
1433 1157 1479 1183 καὶ
1498 1157 1547 1193 τὴν
1565 1157 1693 1192 ἀλήθειαν
1707 1158 1785 1184 πολε·

997 1200 1136 1234 μουμένην
1163 1201 1319 1236 ὑπερορᾷς;
1338 1202 1369 1227 Εἰ
1386 1201 1436 1236 μὲν
1459 1201 1497 1234 ὡς
1518 1202 1633 1237 ⁴έιττόρων
1657 1203 1703 1229 καὶ
1726 1203 1786 1229 λίαν

996 1246 1121 1280 σμικρῶν
1135 1246 1256 1281 ἀμελῶν,
1273 1247 1322 1282 τῆς
1332 1247 1500 1283 Δεσποτικῆς
1515 1248 1623 1283 ἐντολῆς
1635 1249 1785 1275 ἐπακοῦσαι

996 1292 1129 1326 προσήκει
1157 1291 1304 1328 διαρρήδην
1333 1292 1458 1328 βοώσης·
1484 1303 1492 1319 ι
1509 1294 1605 1329 Ὁρᾶτε
1633 1295 1670 1330 μὴ
1701 1303 1789 1321 κατα-

996 1338 1150 1373 φρονήσητε
1181 1339 1240 1370 ἑνὸς
1265 1339 1318 1366 τῶν
1351 1339 1458 1375 μικρῶν
1487 1341 1589 1367 τούτων
1617 1342 1672 1368 τῶν
1695 1342 1785 1377 ἐλαχίρ

997 1392 1067 1410 στων
1097 1383 1151 1410 τῶν
1171 1385 1353 1412 πιστευόντων
1378 1386 1418 1417 είς
1441 1386 1503 1420 ἐμέ.
1530 1386 1614 1422 Ἀμὴν
1641 1387 1695 1423 γὰρ
1714 1388 1787 1422 λέγω

997 1428 1070 1462 ὑμῖν,
1087 1428 1111 1454 οἱ
1125 1429 1237 1470 ἄγγελοι
1254 1429 1343 1455 αὐτῶν
1359 1429 1421 1456 καθ’
1437 1430 1542 1465 ἡμέραν
1558 1431 1641 1466 ὁρῶσι
1656 1432 1687 1458 τὸ
1703 1433 1785 1468 πρόϐα

996 1483 1070 1501 ωπον
1081 1474 1129 1501 τοῦ
1152 1475 1259 1511 Πατρός
1277 1484 1328 1510 μου
1345 1475 1392 1502 τοῦ
1410 1477 1439 1502 ἐν
1457 1477 1590 1513 οὐρανοῖς.
1609 1488 1617 1504 t
1635 1479 1666 1504 Ei
1686 1479 1714 1505 δὲ
1730 1479 1785 1506 τῶν

997 1520 1223 1556 κατηγορούντων
1239 1523 1314 1556 ἡμᾶς
1333 1522 1478 1558 ήδύναμις
1496 1525 1528 1559 τῇ
1546 1525 1578 1559 σῇ
1594 1524 1715 1560 φιλοθεΐᾳ
1736 1524 1785 1559 τὴν

997 1567 1102 1602 σιωπὴν
1132 1567 1376 1602 πραγματεύεται,
1403 1569 1456 1604 χρὴ
1479 1569 1529 1604 τῆς
1555 1570 1651 1605 ἑτέρας
1671 1570 1786 1598 ἀκοῦσαι

995 1614 1158 1647 νομοθεσίας
1179 1613 1311 1648 λεγούσης
1324 1623 1331 1629 ·
1360 1624 1368 1640 ι
1387 1615 1423 1641 Οὐ
1447 1615 1518 1651 λήψῃ
1537 1617 1683 1652 πρόσωπον
1707 1617 1786 1645 δυνά-

997 1667 1069 1686 στου.
1087 1668 1096 1684 ι
1115 1659 1187 1685 Καί·
1203 1668 1211 1684 ι
1225 1660 1338 1686 Δικαίαν
1349 1660 1440 1695 κρίσιν
1456 1661 1575 1695 κρίνατε.
1592 1672 1603 1687 ι
1619 1662 1690 1688 Καί·
1706 1672 1715 1688 ι
1729 1664 1785 1689 Οὐκ

997 1705 1046 1740 ἕπῃ
1062 1704 1131 1739 μετὰ
1146 1704 1251 1730 πολλῶν
1266 1705 1312 1731 ἐπὶ
1328 1705 1422 1741 κακίᾳ.
1436 1715 1444 1732 ν
1462 1706 1516 1733 Καί
1526 1714 1532 1720 ”
1548 1717 1556 1732 ‹
1568 1708 1711 1742 Καί-’.μύων
1724 1709 1787 1740 τοὺς

997 1749 1154 1783 ὀφθαλμοὺς
1172 1749 1265 1781 αὑτοῦ,
1279 1750 1322 1776 ἵνα
1349 1751 1385 1785 μὴ
1403 1751 1446 1787 ἴδῃ
1471 1751 1595 1778 ἀδικίαν·
1616 1754 1663 1780 καὶ
1689 1754 1786 1780 κλείων

996 1796 1031 1822 τὰ
1047 1793 1103 1822 ὦτα
1127 1796 1220 1828 αὑτοῦ,
1237 1796 1280 1822 ἵνα
1301 1797 1337 1831 μὴ
1363 1798 1468 1833 ἀκούσῃ
1491 1798 1581 1833 κρίσιν
1602 1799 1716 1835 αἵματος
1732 1801 1787 1827 ἀδί-

998 1850 1056 1868 κου.
1071 1851 1080 1867 ι
1095 1841 1149 1868 Καὶ
1166 1842 1285 1877 ἕτεραδὲ
1300 1843 1384 1877 μυρία
1398 1843 1509 1870 τοιαῦτα
1525 1844 1598 1871 ἔστιν
1610 1846 1699 1881 εὑρεῖν
1711 1847 1786 1882 παρᾶ

997 1889 1030 1921 τῇ
1044 1887 1103 1922 θείᾳ
1115 1887 1220 1922 Γραφῇ.
1237 1888 1269 1913 "A
1283 1888 1408 1922 1:59:1er
1422 1889 1554 1916 ὑπέλαϐον
1572 1890 1705 1923 συλλέξαι,
1719 1893 1786 1927 πρῖις

998 1933 1083 1968 ἄνδρα
1105 1933 1218 1968 γράφων
1243 1935 1300 1965 τοῖς
1327 1934 1410 1966 θείοις
1435 1935 1652 1971 ὲντεθραμμὲνον
1667 1938 1786 1972 Λογίοις,

998 1979 1044 2005 καὶ
1058 1979 1107 2012 τὴν
1122 1979 1314 2015 διδασκαλικὴν
1323 1980 1434 2016 ἀρδειῖιν
1447 1982 1635 2017 προσφέροντα
1647 1984 1702 2015 τοῖς
1714 1984 1788 2018 φιλο-

999 2025 1118 2060 χρίστοις
1132 2024 1216 2057 λαοῖς.
1234 2025 1319 2053 Τοῦτο
1341 2027 1430 2053 τοίνυν
1451 2028 1530 2062 Γ..όνον
1548 2029 1612 2063 ἐρῶ,
1626 2030 1666 2057 ὅτι
1688 2031 1787 2062 πάντες

998 2071 1231 2106 παραστησόμεθα
1255 2071 1294 2106 τῷ
1321 2072 1425 2108 βήματι
1450 2074 1497 2101 τοῦ
1521 2075 1650 2110 Χριστοῦ,
1667 2077 1714 2103 καὶ
1733 2077 1789 2103 τῶν

997 2115 1085 2150 λόγων
1101 2117 1146 2143 καὶ
1163 2117 1218 2143 τῶν
1232 2117 1321 2153 ἔργων
1344 2119 1393 2150 τὰς
1411 2119 1526 2152 εὐθύνας
1548 2121 1690 2157 ὑφέξομεν.
1716 2122 1787 2156 Ὲ-,πὼ

153 2176 216 2204 qua:
227 2171 323 2195 contra
335 2173 378 2193 me
397 2165 528 2192 dicuntur
552 2171 586 2191 ex
612 2163 727 2198 hujusce
755 2160 942 2201 recordatione

997 2160 1027 2187 δὲ
1042 2161 1096 2188 τῶν
1112 2161 1199 2189 ἄλλων
1209 2163 1290 2189 ἕνεκα
1313 2163 1423 2192 πάντων
1437 2165 1516 2192 τοῦτο
1529 2166 1621 2198 δεδιὼς
1640 2167 1670 2193 τὸ
1693 2169 1787 2203 aput,

153 2212 245 2242 solatii
256 2219 353 2240 causas
368 2210 501 2245 reperire.

366 2312 432 2340 Clll.
441 2311 622 2346 ——Apollom'o
638 2310 737 2337 comiti.

190 2372 248 2400 Deo
264 2370 377 2406 quidem
393 2368 570 2396 charissimos
583 2367 727 2402 episcopos
744 2365 771 2392 in
783 2365 885 2400 regiam
898 2357 946 2391 ιιι-ἒ

155 2418 217 2445 bem
239 2417 321 2444 traxit
335 2414 474 2443 calumnia
492 2413 572 2441 nobis
589 2412 719 2440 omnibus
733 2411 860 2446 imposita
875 2419 881 2437 :
896 2417 946 2445 ego

148 2471 221 2508 |vero
246 2471 296 2498 per
322 2462 431 2489 illorum
456 2459 630 2488 sanctitatem
655 2456 866 2493 magniﬁcentia:
894 2461 946 2483 tua;

155 2509 274 2537 salutem
289 2508 362 2540 dico,
374 2512 402 2535 et
422 2506 549 2534 amicitiae
572 2504 697 2532 debitum
721 2503 817 2535 reddo,
835 2510 890 2529 non
916 2507 947 2529 ut

155 2553 419 2582 desideratissimum
432 2551 556 2580 debitum
570 2557 735 2586 expungam,
751 2549 799 2577 sed
815 2553 846 2577 ut
859 2549 948 2584 majus

154 2600 283 2628 eﬂiciam.
307 2599 442 2627 Amicitiae
461 2605 580 2633 namque
604 2596 697 2624 debita
717 2595 783 2622 dum
803 2594 947 2621 solvuntur

155 2649 302 2681 augentur.
316 2645 395 2678 Quod
411 2644 503 2679 itaque
515 2642 661 2671 calumniae
673 2641 779 2668 fructus
800 2647 852 2667 nos
876 2647 947 2675 quo~

155 2701 210 2728 que
225 2692 473 2728 degustaverimus,
494 2690 564 2718 nihil
588 2694 632 2716 est
657 2687 782 2715 absurdi.
809 2687 876 2714 Nam
899 2686 946 2721 qui

156 2740 239 2767 homo
253 2737 300 2770 sit,
314 2745 378 2765 eum
392 2745 442 2771 par
456 2741 498 2764 est
510 2735 601 2763 omnia
612 2737 781 2770 exspectare.
793 2732 946 2767 Eapropter

999 2214 1067 2241 ριον,
1088 2208 1117 2234 ἐν
1140 2209 1197 2239 τοῖς
1221 2208 1282 2235 καθ’
1297 2209 1377 2244 ἡμῶν
1397 2210 1552 2246 λεγομένοις
1576 2212 1608 2238 ἐκ
1629 2214 1677 2248 τῆς
1692 2213 1786 2240 τούτου

1001 2251 1110 2286 μνήμης
1126 2251 1258 2287 λαμσάνω
1273 2253 1321 2288 τῆς
1336 2253 1516 2290 ψυχαγωγίας
1531 2257 1579 2289 τὰς
1596 2257 1733 2293 ἀφορμάς.
1778 2272 1781 2276 -

1167 2307 1226 2334 Pl".
1242 2323 1277 2328 —
1303 2309 1489 2343 Ἀπολλωνίῳ
1501 2312 1616 2346 κόμητι.

1035 2363 1104 2394 Τοὺς
1117 2363 1168 2397 μὲν
1183 2363 1406 2398 θεοφιλεστάτους
1418 2367 1584 2400 ἐπισκόπους
1596 2369 1637 2401 εἰς
1651 2369 1700 2405 τὴν
1713 2370 1789 2404 βασι-

1000 2407 1132 2435 λεύουσαν
1142 2409 1250 2436 εἵλκυσε
1266 2410 1343 2437 πόλιν
1363 2412 1379 2446 ἡ
1393 2412 1463 2439 κατὰ
1483 2413 1593 2440 πάντων
1608 2415 1624 2449 ὴ
1630 2415 1688 2449 μῶν
1709 2424 1786 2450 γεγε-

1001 2453 1104 2488 νημένη
1116 2455 1296 2489 συκοφαντία·
1314 2456 1369 2490 ἐγὼ
1383 2457 1410 2483 δὲ
1426 2457 1469 2484 διὰ
1484 2457 1533 2492 τῆς
1548 2459 1638 2485 αὐτῶν
1650 2460 1789 2495 ὁσιότητος

1000 2500 1033 2534 τῇ
1050 2499 1083 2534 σῇ
1101 2499 1325 2536 μεγαλοπρεπείᾳ
1338 2503 1484 2537 προσφέρω
1501 2503 1549 2539 τὴν
1566 2505 1728 2541 πρόσρησιν,
1742 2508 1789 2533 καὶ

999 2546 1050 2580 τῆς
1068 2545 1159 2579 φιλίας
1175 2545 1273 2572 ἐκτίνω
1288 2546 1319 2572 τὸ
1332 2547 1429 2582 χρέοςσ
1447 2549 1496 2584 οὐχ
1520 2550 1564 2577 Eva.
1579 2550 1609 2577 τὺ
1626 2551 1790 2588 τριπόθητον

998 2591 1110 2626 ὄφλημα
1121 2591 1249 2623 διαλύσω,
1264 2591 1320 2619 ἀλλ’
1335 2593 1377 2619 ἵνα
1392 2593 1473 2620 πλέον
1489 2596 1661 2631 ὲργάσωμαι.
1680 2587 1720 2624 ’ἱζὰ
1735 2598 1790 2634 γὰρ

999 2638 1048 2673 τῆς
1064 2637 1156 2671 φιλίας
1172 2638 1317 2673 ὀφλήματα
1332 2639 1377 2667 διὰ
1390 2640 1440 2674 τῆς
1463 2641 1593 2673 ὲκτίσεως
1614 2642 1735 2676 αὔξεται.
1753 2644 1790 2670 Τὸ

1001 2684 1093 2719 μέντοι
1110 2683 1157 2710 καὶ
1181 2684 1256 2719 ἡμᾶς
1283 2684 1339 2711 τῶν
1353 2685 1402 2721 τῆς
1426 2688 1609 2721 συκοφαντίας
1636 2689 1789 2716 ἀπολαῦσαι

999 2730 1124 2766 καρπῶν,
1139 2730 1214 2756 οὐδὲν
1226 2730 1349 2763 ἀπεικός.
1369 2732 1528 2768 Ἄνθρωπον
1544 2734 1598 2769 γὰρ
1611 2735 1686 2768 ὂντα,
1701 2744 1790 2763 παντα

191 2806 214 2823 ⁶⁶
229 2803 324 2834 llattb.
336 2804 411 2837 xviii,
428 2802 470 2830 10.
509 2802 531 2817 ’⁷
548 2801 633 2829 Levit.
647 2807 702 2833 xix,
719 2800 762 2827 15.
799 2798 910 2826 "toan.
928 2804 941 2824 ι

997 2796 1034 2824 ιι.
1072 2796 1095 2813 ⁸³
1109 2796 1195 2824 Exod.
1210 2805 1285 2831 χχιιι,
1299 2798 1334 2834 2.-
1375 2801 1382 2814 ¹
1400 2799 1452 2826 lsa.
1475 2807 1567 2832 3mm,
1588 2799 1628 2827 15.
