1962 3051
115 234 123 265 l
130 234 180 266 29"!

797 231 977 263 EPISTULA
996 233 1065 263 CIV.

1673 237 1741 270 1298

109 289 151 316 δεῖ
166 289 328 324 προσδοκᾷν.
343 288 443 315 Τούτου
457 288 489 324 δὴ
502 289 581 324 χάριν
594 289 649 320 τοῖς
663 287 817 322 φιλοσοφεῖν
831 288 899 321 δεδι-

963 289 994 321 is,
1009 290 1056 324 qui
1072 289 1261 325 philosophari
1273 290 1431 323 didicerint,
1447 291 1561 319 ferenda
1580 291 1738 328 hujusmodi

109 335 256 370 δαγμένοις
280 335 314 362 τὰ
340 335 453 362 τοιαῦτα
470 335 560 362 πάντα
585 334 644 361 ἐστὶ
669 333 792 370 φορητά·
819 333 848 359 ἓν
870 333 898 359 δὲ

111 380 190 415 μόνον
203 381 323 415 ἀνιαρὸν,
335 381 366 406 τὸ
376 380 466 416 λώϐης
476 379 547 411 τινὸς
560 379 721 415 μεταλαχεῐν
732 378 781 414 τὴν
796 378 896 413 ψυχήν.

110 447 179 476 ΡΧ.»
194 463 229 468 —-
251 448 408 481 Φλαϐιανῷ
430 447 587 509 ἐπῖἓγκόπῳ
613 447 899 473 Κωνσταντινουπό-

463 502 471 509 .
500 491 548 509 ως.

463 491 548 514 .ιεως.

145 540 201 567 Καὶ
225 540 276 575 ἤδη
302 548 349 566 σου
375 539 423 574 τὴν
455 538 587 573 ἁγιότητα
611 538 644 564 δι’
671 537 771 573 ἑτέρων
793 536 899 569 ἐδίδαξα

109 586 293 621 γραμμάτων,
317 585 356 617 ὡς
382 585 513 619 ἄντικρυς
536 585 611 619 ἡμᾶς
631 582 845 618 συκοῳαντοῦσιν
875 583 900 609 οι

110 632 160 667 τῆς
173 631 310 666 ἡμετέρας
335 630 551 666 κατηγοροῦντες
574 629 765 661 διδασκαλίας·
789 629 836 656 καὶ
853 629 900 655 νῦν

110 678 137 703 δὲ
151 676 282 708 ὡσαύτως
293 677 337 703 διὰ
352 676 406 703 τῶν
423 676 636 710 Θεοφιλεστάτων
652 676 809 702 ἐπισκόπων
822 673 901 701 τοῦτο

112 722 192 753 ποιῶ,
204 721 252 748 καὶ
269 721 366 752 αὐτοὺς
380 721 523 756 μάρτυρας
539 720 608 755 ἔχων
627 721 675 756 τῆς
690 720 745 747 τῶν
757 720 901 755 δογμάτων

111 767 265 803 ὀρθότητος,
283 768 330 794 καὶ
353 767 450 803 ἑτέρας
466 767 568 799 πολλὰς
585 766 720 802 μυριάδας
736 765 899 801 ἀνθρώπων,

110 813 135 840 οἳ
156 813 210 840 τῶν
235 813 377 848 ἡμετέρων
403 814 431 839 ὲν
454 814 515 844 ταῖς
541 813 611 839 κατὰ
632 811 681 847 τὴν
707 811 777 847 ἑῴαν
803 811 901 846 sum

111 858 183 888 σίαις
209 858 334 884 ἐπαΐουσι
357 858 461 891 λόγων·
491 858 538 885 καὶ
564 859 617 893 πρὸ
643 858 764 890 τούτων,
788 857 818 883 τὸ
840 865 900 883 συν-

110 903 190 936 ειδὸς,
205 904 252 930 καὶ
267 904 312 930 τὸν
329 903 375 930 τοῦ
394 904 544 936 συνειδότος
562 904 712 939 Ἐπόπτην.
730 902 796 930 Οἶδα
812 903 840 930 δὲ
854 904 901 930 καὶ

950 339 1016 362 sunt
1029 336 1131 362 omnia.
1146 336 1237 364 Unum
1254 336 1388 365 duntaxat
1401 341 1443 365 est
1455 338 1611 371 molestum,
1629 338 1652 365 si
1673 338 1739 374 quid

949 380 1043 408 damni
1056 381 1090 409 ad
1104 382 1222 409 animam
1235 383 1403 417 pervenerit.

1019 448 1085 476 CIV.
1097 464 1131 468 -—
1140 449 1269 476 Flaviano
1283 450 1403 485 episcopo
1417 449 1668 486 Constantinopolis.

986 537 1019 564 Et
1038 537 1099 565 aliis
1117 538 1172 573 jam
1195 538 1295 565 litteris
1310 539 1484 566 sanctitatem
1501 543 1576 566 tuam
1593 539 1740 567 certiorem

950 581 1014 613 feci,
1027 587 1119 617 aperte
1139 583 1167 609 in
1187 591 1239 610 nos
1252 583 1415 611 calumniari
1435 591 1484 611 eos
1507 584 1554 619 qui
1583 583 1740 611 doctrinam

950 631 1072 655 nostram
1092 628 1273 655 insimulant:
1291 632 1319 655 et
1336 637 1409 655 nunc
1424 637 1520 656 rursus
1540 637 1589 663 per
1603 629 1659 657 Deo
1674 629 1741 656 cha-

951 672 1075 700 rissimos
1089 673 1232 708 episcopos
1249 673 1354 709 1173
1369 673 1441 701 idem
1455 673 1535 706 facio,
1564 681 1627 701 cum
1655 678 1742 701 recto-

951 727 1011 746 rum
1023 719 1181 755 dogmatum
1192 724 1221 747 et
1235 720 1311 754 ipsos
1322 724 1407 748 testes
1424 720 1553 752 habeam,
1576 724 1604 748 et
1623 720 1740 747 aliorum

951 765 1094 792 hominum
1119 773 1266 793 numerum
1289 765 1439 798 infinitum,
1453 766 1501 801 qui
1518 766 1545 793 in
1558 765 1680 793 Orientis
1696 773 1742 792 ec-

951 812 1041 840 clesiis
1053 819 1196 840 sermones
1221 817 1332 839 nostros
1352 812 1482 844 audiunt,
1501 816 1584 846 atque
1607 816 1671 839 ante
1691 811 1742 839 hos

950 865 1047 885 omnes
1069 857 1277 890 conscientiam,
1300 862 1328 885 et
1351 858 1537 892 Inspectorcm
1554 857 1741 884 conscientiae.

951 903 1015 930 Scio
1036 903 1110 930 enim
1128 903 1252 930 divinum
1273 911 1384 938 quoque
1406 903 1566 937 Apostolum
1584 903 1743 930 testimonio

110 949 156 975 τὸν
181 949 252 975 θεῖον
271 950 430 976 Ἀπόστολον
456 947 597 981 πολλάκις¹
612 951 644 985 τῇ
674 950 723 977 τοῦ
752 949 901 981 συνειδότος

959 957 1075 985 persaepe
1088 957 1168 976 usum
1193 957 1255 976 esse
1278 949 1472 978 conscientiae:
1501 958 1509 974 ε
1529 948 1623 976 Gloria
1647 952 1743 975 nostra

114 995 252 1030 μαρτυρίᾳ
266 996 448 1031 χρησάμενον.
461 996 513 1022 «Ἢ
527 996 580 1031 γὰρ
592 996 725 1031 καύχησις
739 995 816 1030 ἡμῶν
831 995 901 1027 αὕτη

112 1040 182 1071 ἐστὶ,
202 1039 232 1066 τὸ
259 1041 408 1075 μαρτύριον
433 1040 483 1075 τῆς
510 1039 687 1075 συνειδήσεως
711 1039 799 1075 ἡμῶν.
815 1049 824 1064 ι
847 1040 902 1066 Καὶ

113 1084 193 1110 πάλιν
206 1093 212 1099 ·
226 1095 235 1111 ι
255 1085 394 1120 Ἀλήθειαν
420 1085 491 1119 λέγω
508 1086 537 1111 ὲν
559 1084 680 1119 Χριστῷ,
700 1085 730 1111 οὑ
758 1084 900 1119 ψεύδομαι,

113 1130 364 1166 συμμαρτυρούσης
380 1139 425 1166 μοι
440 1130 490 1165 τῆς
509 1129 687 1166 συνειδήσεώς
704 1138 754 1165 μου
771 1131 799 1157 ὲν
818 1129 902 1156 Ilvati-

114 1184 180 1211 ματι
190 1176 271 1211 ἁγίῳ.
286 1186 295 1202 ι

150 1233 230 1260 Ἴστω
245 1233 335 1260 τοίνυν
351 1235 367 1269 ἡ
386 1234 444 1269 ιερά
462 1242 508 1260 σου
526 1234 572 1261 καὶ
588 1233 713 1269 θεοφιλὴς
727 1234 844 1270 κεφαλὴ,
863 1235 901 1266 ὡς

111 1278 198 1309 οὐδεὶς
209 1279 224 1313 ἡ
230 1276 287 1312 μῶν
302 1279 402 1314 ἀκήκοε
419 1278 529 1305 πώποτε
545 1279 592 1305 δύο
609 1279 799 1315 κηρυττόντων
814 1279 900 1312 υἱούς.

112 1324 158 1358 Τῷ
170 1323 225 1350 ὄντι
238 1324 291 1360 γάρ
305 1333 349 1359 μοι
362 1325 484 1360 μυσαρὸν
498 1326 543 1351 καὶ
557 1325 688 1357 δυσσεὸὲς
701 1326 759 1352 τόδε
773 1325 802 1352 τὸ
815 1326 903 1361 δόγμα

110 1369 195 1395 δοκεῖ.
221 1366 268 1401 Εἷς
293 1370 347 1404 γὰρ
367 1369 470 1404 Κύριος
496 1370 600 1405 Ἰησοῦς
621 1371 748 1405 Χριστὸς,
769 1371 804 1398 δι’
818 1368 848 1398 οὗ
869 1371 904 1398 τὰ

113 1415 213 1441 πάντα.
231 1414 333 1441 Τοῦτον
351 1415 406 1449 ἐγὼ
426 1416 475 1442 καὶ
489 1415 556 1442 Θεὸν
582 1416 747 1452 προαιώνιον
766 1415 835 1448 οἶδα,
856 1418 905 1444 καὶ

113 1460 257 1496 ἄνθρωπον
280 1461 323 1487 ἐπ’
345 1461 460 1496 ἐσχάτου
479 1461 534 1488 τῶν
564 1462 685 1498 ἡμερῶν,
713 1463 759 1489 καὶ
784 1463 849 1498 μίαν
867 1463 906 1495 ὡς

113 1505 263 1539 Μονογενεῑ
284 1507 432 1541 προσφέρω
455 1506 651 1542 προσκύνησιν.
680 1508 785 1541 Σαρκδς
813 1509 905 1543 μέντοι

116 1551 163 1578 καὶ
178 1551 305 1586 θεότητος
319 1552 349 1578 τὸ
362 1552 491 1588 διάφορον
512 1553 654 1588 ἐδιδάχθην
664 1561 670 1568 ·
685 1554 838 1589 ἀσύγχυτος
851 1556 906 1591 γὰρ

116 1597 133 1630 ἡ
166 1597 271 1629 ἓνωσις.
292 1597 370 1624 Οὕτω
400 1599 470 1626 κατὰ
493 1599 544 1633 τῆς
572 1599 675 1634 Ἀρείου
698 1600 745 1626 καὶ
772 1601 904 1636 Εὑνομξου

953 996 1012 1023 haec
1034 999 1086 1027 est,
1111 994 1299 1022 testimonium
1322 994 1499 1022 conscientiae
1523 994 1663 1026 nostraz';
1688 1003 1698 1019 ι
1715 999 1744 1020 et

953 1048 1062 1068 rursum
1080 1049 1087 1067 :
1111 1050 1120 1066 ί
1135 1040 1285 1068 Veritatem
1313 1042 1322 1052 ‘
1346 1040 1408 1067 dico
1423 1040 1450 1067 in
1465 1039 1587 1072 Christo,
1598 1047 1653 1066 non
1666 1047 1743 1066 men-

953 1087 1018 1118 tior,
1035 1086 1224 1114 testimonium
1234 1086 1304 1114 mihi
1318 1086 1482 1122 perhibente
1500 1085 1670 1114 conscientia
1683 1092 1743 1113 mea

954 1132 982 1159 in
996 1132 1102 1168 Spiritu
1117 1137 1212 1160 sancto
1226 1132 1246 1158 ³.
1264 1141 1274 1158 ι

990 1235 1065 1263 Sciat
1083 1243 1149 1271 ergo
1163 1243 1272 1263 sacrum
1289 1235 1400 1271 Deoque
1421 1235 1536 1263 charum
1557 1238 1640 1270 caput
1654 1238 1743 1267 tuum,

955 1281 1093 1308 neminem
1120 1287 1172 1307 nos
1189 1288 1308 1315 unquam
1330 1280 1401 1308 duos
1413 1280 1484 1308 filios
1500 1280 1682 1315 prtedicantes
1694 1287 1744 1307 au-

955 1325 1050 1354 diisse.
1066 1325 1169 1353 Revera
1189 1326 1263 1353 enim
1275 1326 1472 1353 exsecrandum
1493 1325 1562 1352 mihi
1576 1326 1629 1353 hoc
1645 1326 1744 1361 dogma

955 1376 984 1399 et
1007 1371 1122 1406 impium
1149 1371 1269 1399 videtur.
1298 1371 1375 1399 Unus
1399 1372 1536 1406 siquidem
1557 1376 1600 1398 est
1613 1371 1747 1398 Dominus

955 1417 1035 1445 Jesus
1049 1417 1187 1449 Christus.
1203 1424 1253 1452 per
1264 1424 1345 1452 quem
1356 1416 1457 1444 omnia.
1470 1417 1549 1444 Hunc
1559 1424 1610 1452 ego
1620 1421 1648 1444 et
1658 1417 1747 1443 Deum

956 1467 1019 1490 ante
1042 1463 1141 1490 saecula
1163 1464 1238 1496 novi,
1267 1467 1296 1490 et
1319 1463 1459 1490 hominem
1485 1463 1514 1490 in
1545 1463 1598 1490 line
1624 1462 1745 1493 dierum,

956 1516 1094 1544 unamque
1109 1514 1238 1544 tanquam
1252 1508 1399 1544 Unigenito
1410 1509 1600 1536 adorationem
1615 1508 1745 1536 exhibeo.

956 1554 1054 1582 Carnis
1067 1560 1158 1582 tamen
1169 1559 1198 1582 et
1209 1555 1362 1582 divinitatis
1375 1554 1526 1582 discrimen
1543 1554 1659 1581 edoctus
1674 1561 1744 1581 sum:

958 1599 1102 1627 inconfusa
1131 1600 1232 1635 quippe
1253 1604 1295 1627 est
1321 1599 1396 1626 unio.
1419 1598 1476 1627 Hoc
1502 1599 1585 1626 modo
1614 1599 1748 1626 adversus

115 1643 351 1678 παραταττόμενοι
365 1643 473 1679 λύττης.
489 1645 575 1680 ῥᾷστα
599 1645 649 1680 τὴν
668 1646 739 1673 κατὰ
754 1647 801 1673 τοῦ
817 1648 904 1674 Μονο-

959 1646 1014 1673 Arii
1037 1651 1064 1673 et
1088 1646 1216 1673 Eunomii
1241 1646 1345 1673 rabiem
1368 1646 1506 1676 instructi,
1523 1649 1627 1672 temere
1641 1644 1675 1672 ab
1692 1643 1748 1671 illis

114 1688 210 1721 γενοῦς
237 1689 303 1723 παρ’
320 1689 411 1716 αὐτῶν
431 1690 609 1726 τολμωμένην
628 1691 804 1727 διελέγχομεν
821 1693 906 1728 βλασ-

116 1734 233 1769 φημίαν,
249 1734 283 1761 τὰ
302 1734 436 1767 ταπεινῶς
458 1736 591 1771 εἰρημένα
615 1738 678 1772 περὶ
694 1737 741 1764 τοῦ
758 1739 904 1773 Δεσπότου,

118 1780 165 1806 καὶ
190 1781 223 1815 τῇ
250 1779 381 1816 ληφθείσῃ
405 1781 485 1816 φύσει
507 1783 680 1818 προσφόρως,
703 1784 741 1815 ὡς
766 1785 905 1820 ἀνθρώπῳ

117 1826 332 1860 προσάπτοντες,
348 1827 395 1853 καὶ
413 1825 446 1854 αὖ
465 1828 597 1860 πάλινὼς
619 1828 678 1863 Θεῷ
699 1829 732 1855 τὰ
749 1829 905 1865 θεοπρεπῆ,

115 1873 164 1899 καὶ
176 1873 226 1907 τῆς
240 1873 346 1907 φύσεως
362 1875 469 1909 ἐκείνης
479 1875 617 1909 summa
629 1884 636 1891 ⁸
650 1875 700 1902 οὐκ
712 1877 752 1906 εἰς
765 1876 811 1902 δύο
822 1877 907 1912 πρόσ-

114 1927 178 1944 ωπα
192 1918 370 1954 διαιροῦντες,
386 1919 454 1946 ἀλλὰ
472 1919 568 1954 ’τῷ-ἐνὶ
584 1920 732 1954 Μονογενεῐ
756 1921 802 1948 καὶ
820 1921 907 1948 ταῦτα

117 1965 230 1990 κάκεῖνα
243 1965 392 2000 προσήκειν
409 1964 595 1997 διδάσκοντες·
611 1966 644 1993 τὰ
659 1966 708 2001 μὲν
721 1967 758 1999 ὡς
775 1967 845 2002 Θεῷ,
860 1968 907 1994 καὶ

117 2010 230 2044 Ποιητῇ,
242 2009 289 2035 καὶ
300 2010 421 2044 Δεσπότῃ
441 2010 495 2036 τῶν
515 2010 594 2044 ὅλων,
612 2011 647 2038 τὰ
665 2012 693 2038 δὲ
714 2012 751 2043 ὡς
770 2012 908 2047 ἀνθρώπῳ

116 2054 151 2080 δι’
162 2055 235 2089 ἡμᾶς
249 2055 397 2090 γενομένῳ.
414 2056 575 2091 ¹Ἄνθρωπον
588 2057 616 2086 δὲ
631 2057 712 2083 αὑτὸν
725 2057 741 2092 ἡ
759 2057 819 2084 θεία
833 2057 907 2092 λέγει

116 2100 282 2135 γεγενῆσθαι
294 2102 401 2137 Γραφὴ,
416 2102 446 2129 οὐ
460 2103 509 2138 τῆς
522 2102 649 2138 θεότητος
664 2104 826 2139 τραπείσης,
840 2104 908 2131 ἀλλὰ

117 2147 167 2182 τῆς
183 2147 357 2183 ἀνθρωπίνης
377 2147 484 2182 φύσεως
501 2148 533 2175 ὲκ
546 2149 704 2184 σπέρματος
718 2149 845 2185 ’Δὸραεὶιμ
860 2149 908 2185 λη-

118 2192 243 2228 φθείσης.
270 2193 355 2220 Τοῦτο
384 2194 437 2229 γὰρ
458 2196 472 2221 ὁ
494 2194 565 2226 θεῖος
591 2195 753 2227 Ἀπόστολος
779 2196 908 2230 ἄντικρυς

120 2235 180 2270 βοᾷ,
205 2236 309 2270 λέγων·
327 2247 337 2263 ί
358 2239 396 2264 Οὐ
419 2238 472 2273 γὰρ
497 2238 583 2274 δήπου
611 2240 735 2273 ἀγγέλων
754 2240 908 2276 ἐπιλαμῆἀ-

957 1692 1091 1727 prolatam
1110 1696 1206 1719 contra
1215 1691 1394 1727 Unigenitum
1405 1691 1605 1726 blasphemiam
1617 1690 1746 1717 facillime

957 1739 1157 1770 convincimus,
1182 1746 1214 1764 ea
1244 1745 1304 1772 quae
1331 1737 1475 1764 humiliter
1499 1736 1532 1764 de
1549 1736 1666 1763 Domino
1680 1743 1744 1762 cono

957 1789 1141 1820 grucnterquc
1153 1788 1301 1818 assumpta:
1313 1787 1418 1810 natura:
1439 1782 1512 1809 dicta
1540 1785 1614 1813 sunt,
1643 1785 1673 1808 ut
1696 1781 1747 1808 ho-

957 1830 1024 1857 mini
1040 1829 1211 1863 adaptantes,
1227 1832 1256 1855 et
1273 1832 1304 1855 ut
1325 1828 1381 1855 Deo
1393 1827 1439 1855 illa
1463 1826 1583 1854 vicissim
1608 1833 1669 1861 qua:
1692 1825 1748 1852 Deo

958 1876 1039 1910 digna
1063 1880 1136 1906 sunt,
1152 1879 1181 1902 et
1202 1881 1329 1902 naturam
1351 1874 1427 1901 illam
1452 1873 1664 1900 demonstrant:
1692 1879 1747 1898 non

958 1920 986 1946 in
1013 1919 1081 1946 duas
1108 1927 1240 1954 personas
1264 1918 1430 1950 dividentes,
1448 1917 1496 1945 sed
1522 1917 1670 1952 Unigenito
1687 1921 1746 1943 tum

959 1965 1026 1997 haec,
1058 1968 1115 1991 tum
1147 1964 1193 1991 illa
1221 1963 1368 1992 convenire
1391 1963 1544 1990 docentes:
1569 1962 1621 1988 alia
1635 1961 1748 1996 quidem

958 2015 1087 2045 tanquam
1103 2010 1160 2037 Deo
1183 2014 1211 2037 et
1230 2009 1327 2036 factori
1353 2012 1382 2036 et
1409 2008 1525 2035 Domino
1545 2008 1747 2039 universorum,

958 2057 1012 2084 alia
1036 2060 1165 2091 tanquam
1193 2055 1299 2082 homini
1328 2058 1440 2090 propter
1466 2061 1518 2081 nos
1534 2054 1616 2081 facto.
1635 2053 1748 2081 Factum

959 2107 1050 2131 autem
1071 2102 1212 2130 hominem
1230 2102 1307 2129 illum
1326 2101 1420 2128 divina
1432 2101 1574 2135 Scriptura
1586 2100 1679 2132 tradit,
1693 2107 1749 2126 non

959 2149 1102 2176 divinitate
1118 2152 1232 2180 mutata,
1250 2147 1299 2175 sed
1313 2152 1452 2182 assumpta
1463 2147 1498 2174 de
1512 2146 1617 2174 semine
1631 2145 1748 2173 Abrahae

959 2195 1078 2222 humana
1090 2198 1199 2221 natura.
1217 2193 1274 2220 lloc
1297 2192 1405 2228 1174
1427 2191 1501 2219 enim
1526 2195 1621 2226 aperte
1647 2191 1752 2220 clamat

960 2241 1070 2268 divinus
1085 2239 1244 2274 Apostolus,
1268 2238 1363 2265 dicens
1380 2246 1387 2264 :
1417 2247 1426 2263 ι
1440 2237 1582 2272 Nusquam
1603 2237 1677 2264 enim
1698 2245 1750 2264 an-

119 2289 205 2314 νεται,
229 2282 296 2309 ἀλλὰ
333 2283 488 2318 σπέρματος
523 2284 648 2320 Ἀϐραὰμ
675 2285 904 2321 ἐπιλαμϐάνεται¹

961 2286 1035 2320 gelos
1061 2284 1186 2316 assumit,
1209 2283 1258 2311 sed
1282 2289 1375 2311 semen
1387 2282 1504 2310 Abrahae
1520 2282 1658 2315 assumit;
1676 2282 1755 2310 unde-

119 2327 181 2353 ὅθεν
191 2327 306 2361 ὤφειλεν
319 2329 389 2355 κατὰ
404 2329 492 2356 πάντα
502 2331 557 2361 τοῖς
569 2331 693 2365 ἀδελφοῖς
704 2331 880 2366 ὁμοιωθῆναι.
897 2341 905 2357 ι

119 2373 175 2399 Καὶ
192 2373 271 2399 πάλιν
285 2382 291 2388 ·
312 2374 375 2408 «Τῴ
387 2374 415 2400 δὲ
434 2374 559 2411 Ἀϐραὰμ
579 2376 733 2412 ἐρρέθησαν
745 2378 772 2403 αἱ
788 2377 910 2411 ἐπαγγε-

119 2417 187 2449 λίαι,
205 2419 251 2444 καὶ
275 2418 315 2454 τῷ
332 2420 470 2455 σπέρματι
493 2420 587 2446 αὑτοῦ.
608 2421 645 2447 Οὐ
668 2421 754 2456 λέγει,
778 2423 833 2450 Καὶ
854 2423 911 2454 τοῖς

121 2463 288 2499 σπέρμασιν,
302 2464 339 2497 ὡς
364 2466 410 2492 ὲπὶ
427 2466 541 2498 πολλῶν,
566 2466 623 2493 ἀλλ’
639 2466 678 2499 ὡς
696 2467 738 2503 ἐφ’
763 2468 832 2500 ἐνὸς,
853 2467 910 2495 Καὶ

119 2509 159 2544 τῷ
176 2509 313 2545 σπέρματί
327 2519 386 2544 σου,
402 2511 431 2543 ὃς
444 2512 502 2538 ἐστι
517 2512 644 2548 Χριστός.
667 2522 675 2538 ι

156 2553 249 2580 Ταῦτα
263 2555 310 2581 καὶ
329 2555 364 2582 τὰ
380 2555 492 2582 τοιαῦτα
507 2556 557 2592 τῆς
573 2556 648 2589 θείας
669 2558 779 2594 Γραφῆς
797 2559 910 2594 περικό-

121 2599 221 2632 ψαντες
236 2601 336 2636 Σίμων,
355 2601 401 2628 καὶ
419 2602 587 2637 Βασιλείδης,
607 2603 653 2630 καὶ
669 2604 838 2637 Βαλεντῖνος,
860 2607 908 2633 καὶ

122 2644 308 2681 Βαρδησάνης,
326 2647 372 2673 καὶ
387 2648 528 2683 Μαρκίων,
545 2649 614 2676 καὶὸ
624 2649 675 2684 τῆς
692 2650 791 2685 μανίας
803 2651 909 2677 ἐπώνυ-

125 2697 183 2723 μος,
200 2689 278 2724 μόνον
294 2691 359 2718 Θεὸν
379 2693 546 2721 ἀποκαλοῦσι
560 2695 605 2721 τὸν
624 2695 762 2730 Δεσπότην
777 2697 909 2732 Χριστὸν,

123 2734 199 2759 οὐδὲν
210 2734 377 2769 ἀνθρώπειον
390 2738 497 2773 ἔχοντα,
515 2740 583 2766 ἀλλὰ
599 2741 735 2777 φαντασίᾳ
745 2743 791 2767 καὶ
801 2741 910 2778 δοκήσει

115 2779 243 2813 ¹φανέντα
263 2783 317 2812 τοῖς
343 2782 496 2818 ἀνθρώποις
519 2785 557 2817 ὡς
584 2785 737 2821 ἄνθρωπον.
767 2788 797 2814 οι
826 2788 853 2814 δὲ
878 2787 911 2814 τὰ

130 2824 234 2860 Ἀρείου
252 2827 298 2852 καὶ
320 2827 450 2863 Εὖνομίου
471 2831 646 2866 φρονοῦντες,
662 2833 742 2868 σῶμα
763 2834 842 2868 μόνον
865 2835 911 2860 ἀν’

167 2924 175 2939 ¹
193 2924 213 2951 ll
225 2925 286 2952 (lor.
302 2934 320 2959 ι,
343 2927 380 2953 12.

421 2929 430 2943 ³
444 2929 521 2956 [toil].
538 2939 572 2963 ix,
591 2932 613 2958 Ι.
655 2932 757 2960 ‘Ilrhr.
777 2942 802 2966 ll,
821 2934 859 2961 l6.

961 2331 1057 2358 debuit
1069 2338 1120 2365 per
1130 2329 1222 2357 omnia
1233 2328 1366 2356 fratribus
1377 2327 1491 2355 similari
1504 2327 1525 2354 ⁵.
1544 2337 1553 2353 ι
1572 2327 1606 2354 Ει
1618 2334 1752 2354 rursum:

962 2387 971 2402 ι
989 2376 1107 2404 Abrahae
1117 2376 1197 2403 dictae
1209 2379 1273 2402 sunt
1284 2373 1523 2411 repromissiones,
1534 2377 1562 2401 et
1572 2373 1669 2401 semini
1679 2374 1748 2408 ejus.

958 2423 1018 2450 Non
1029 2422 1097 2449 dicit
1109 2430 1116 2448 :
1129 2421 1163 2448 Et
1176 2420 1339 2452 seminibus,
1355 2419 1434 2455 quasi
1447 2419 1476 2446 in
1488 2419 1593 2451 multis,
1607 2419 1655 2446 sed
1668 2419 1750 2454 quasi

959 2467 988 2495 in
1001 2475 1057 2495 uno
1071 2475 1078 2494 :
1092 2467 1127 2494 Et
1141 2466 1239 2494 semini
1252 2470 1309 2500 tuo,
1322 2465 1370 2501 qui
1384 2470 1426 2493 est
1439 2465 1567 2493 Christus
1577 2464 1600 2491 '.
1616 2474 1625 2490 ι

998 2558 1062 2586 "me
1083 2561 1111 2585 et
1138 2556 1192 2584 alia
1220 2555 1377 2592 huiusmodi
1398 2562 1414 2582 e
1428 2554 1521 2582 divina
1535 2553 1677 2588 Scriptura
1692 2560 1748 2580 am-

963 2607 1092 2640 putantes
1107 2603 1212 2635 Simon.
1228 2607 1256 2630 et
1267 2601 1409 2633 Basilides,
1428 2604 1456 2627 et
1466 2599 1638 2630 Valentinus,
1648 2602 1676 2626 et
1687 2598 1754 2625 Bar-

964 2650 1090 2682 desanes,
1101 2653 1128 2676 et
1138 2648 1269 2681 Marcion,
1280 2652 1308 2675 et
1320 2647 1368 2682 qui
1382 2646 1417 2674 ab
1435 2645 1540 2673 insania
1556 2651 1655 2672 nomen
1670 2643 1752 2670 habet

964 2695 1092 2732 (Manes),
1119 2695 1205 2722 Deum
1232 2692 1421 2721 tantummodo
1447 2691 1586 2726 appellant
1611 2689 1752 2717 Christum

965 2743 1121 2774 Dominum,
1138 2741 1184 2776 qui
1200 2739 1313 2767 humani
1330 2739 1431 2766 habeat
1442 2736 1522 2769 nihil,
1539 2735 1588 2763 sed
1609 2735 1752 2771 phantasia

965 2791 992 2815 et
1019 2787 1111 2822 specie
1134 2786 1210 2813 velut
1234 2785 1317 2812 homo
1342 2782 1501 2819 apparuerit
1514 2780 1683 2809 hominibus.
1700 2779 1749 2813 Qui

966 2841 1031 2860 vero
1060 2833 1153 2860 Arium
1183 2836 1324 2860 sectantur
1338 2835 1366 2858 et
1384 2828 1559 2857 Eunomium.
1576 2827 1664 2855 Deum
1681 2825 1749 2854 Vor—

898 2935 907 2948 ³
924 2934 1011 2962 Galat.
1026 2942 1063 2967 ιιι,
1082 2934 1121 2960 16.
