1962 3051
224 199 235 229 1
242 198 294 230 9.09

717 203 960 234 THEODORET'I
980 204 1148 234 EPISCOPI
1169 206 1350 236 CYRENSIS

1780 205 1842 236 1300

224 253 289 279 bum
305 252 385 280 aiunt
394 260 506 280 carnem
531 254 663 282 duntaxat
686 257 876 291 assumpsisse,
896 258 1004 285 anima:-

1063 258 1203 293 ειληφέναι
1217 259 1263 286 τὸν
1275 260 1341 286 Θεὸν
1355 260 1440 293 Λόγον
1454 260 1546 294 φασιν,
1559 260 1639 287 αὑτὸν
1653 260 1680 286 δὲ
1694 261 1745 295 τῆς
1758 261 1842 296 ψυχῆς

223 305 277 333 que
293 299 366 326 vices
383 299 529 333 ipsummct
545 301 571 326 in
587 308 702 336 corpore
716 303 897 337 supplevisse.
908 303 1011 339 Apolli-

223 344 300 372 naris
317 349 409 371 autem
424 345 574 373 animatum
594 347 706 382 quidem
720 356 822 384 corpus
835 350 1009 379 Dominieum

223 394 313 422 vocat,
338 390 387 417 sed
409 395 528 418 mentem
546 397 663 426 peracta:
675 394 770 421 salutis
783 399 918 422 exsortem
935 396 1008 429 facit,

222 436 316 462 nescio
330 436 402 464 unde
418 437 516 465 animae
534 439 689 473 mentisque
705 439 867 468 divisionem
884 441 1008 469 edoctus.

223 481 258 507 At
277 480 434 509 divinorum
447 483 634 516 apostolorum
649 486 657 493 ‘
673 485 817 519 disciplina
831 486 949 513 animam
967 495 1011 514 ra-

223 526 298 553 tione
324 531 352 553 et
379 527 560 563 intelligentia
572 529 713 564 pneditam
728 538 790 558 cum
806 539 888 559 carne
901 540 1008 560 assura—

220 571 309 605 psissc
337 572 427 606 docet,
458 575 663 610 perfectamque
690 577 805 604 salutem
833 578 1008 605 credentibus

221 616 377 650 pollicetur.

255 662 304 689 Est
324 671 407 698 porro
430 669 458 692 et
481 665 598 693 alterum
625 674 722 702 agmen
747 668 941 696 hzereticorum
964 669 1008 696 his

221 709 357 736 contraria
372 711 568 744 proﬁtentium.
582 713 715 741 Photinus
735 715 819 747 cnim,
843 721 871 743 ct
894 716 1007 743 Marcel-

220 753 274 785 lus,
298 757 325 781 et
346 755 447 782 Paulus
472 755 676 791 Samosatcnus,
692 759 831 786 hominem
846 760 934 786 solum
947 767 1007 787 esse

219 799 297 826 aiunt
321 800 467 828 Dominum
496 809 528 829 ac
554 803 640 830 Deum
665 807 800 830 nostrum.
826 804 900 837 Quos
910 808 1007 831 contra

219 852 282 871 cum
305 844 477 878 disserimus,
493 854 606 875 necesse
621 852 662 875 est
679 856 729 875 nos
743 848 913 876 divinitatem
931 857 1006 876 asse-

219 889 307 916 rcntia
337 891 493 918 testimonia
521 891 653 926 proferre,
680 897 708 920 et
738 893 837 920 docere
866 893 1005 921 Christum

218 935 365 963 Dominum
380 936 462 963 etiam
479 942 541 964 ante
554 939 652 965 saecula
666 939 751 965 Deum
771 939 867 966 fuisse.
886 940 1005 966 Alteram

217 988 284 1008 vero
297 985 414 1009 turmam
429 990 491 1009 eum
508 983 711 1018 impugnamus,
726 993 786 1019 qua:
801 986 886 1012 Deum
901 990 1007 1012 tantum

218 1026 336 1060 appellat
359 1028 451 1055 Jesum
479 1029 618 1056 Christum
642 1031 788 1058 Dominum
812 1035 947 1063 nostrum,
965 1031 1007 1058 di-

217 1071 308 1098 vinam
323 1072 378 1099 illis
391 1073 562 1108 Scripturam
583 1083 733 1110 opponere,
749 1085 782 1103 ex
795 1085 881 1112 eaque
902 1077 1007 1112 1175

217 1122 366 1152 assumpta:
392 1119 570 1148 humanitatis
596 1122 752 1148 testimonia
767 1122 937 1156 depromere.
953 1123 1008 1149 Mc-

218 1161 312 1188 dicum
334 1162 408 1189 enim
433 1169 543 1198 oportet
565 1166 782 1200 congruentibus
794 1166 826 1193 ad
841 1167 951 1194 morbos
967 1167 1006 1193 uti

217 1207 359 1241 remediis,
381 1213 410 1236 et
435 1210 508 1244 quod
532 1211 681 1246 unicuique
693 1212 839 1239 conveniat
849 1212 1005 1239 admovere.

216 1252 272 1280 Oro
300 1253 384 1288 igitur
414 1256 587 1284 sanctitatem
611 1260 695 1290 tuam,
713 1261 744 1284 ut
758 1257 901 1284 conﬂatam
916 1257 944 1284 in
957 1265 1007 1285 nos

217 1299 383 1327 calumniam
397 1301 531 1336 destruat,
545 1307 573 1329 et
590 1303 728 1331 incassum
743 1303 824 1330 nobis
848 1303 1002 1330 obtrectan-

216 1350 258 1372 tes
268 1344 376 1379 linguas
385 1351 550 1381 compescat.
566 1347 621 1374 Nos
633 1348 735 1382 quippe
749 1355 834 1374 unum
848 1348 931 1375 etiam
944 1351 1006 1382 post

215 1391 433 1420 incarnationem
460 1393 509 1420 Dei
534 1393 635 1420 Filium
657 1393 813 1426 adoramus,
833 1397 862 1420 et
883 1400 940 1426 eos,
958 1393 1005 1428 qui

215 1436 297 1464 aliter
324 1438 444 1472 sapiant,
470 1438 570 1473 impios
599 1446 739 1466 vocamus.
767 1438 880 1466 Sanctas
896 1446 1005 1473 quoque

215 1491 314 1518 preces
336 1488 396 1513 tuas
418 1484 509 1517 nobis,
532 1485 653 1518 domine,
674 1484 812 1519 impertiri
824 1484 955 1519 digneris,
974 1489 1005 1512 ut

215 1529 308 1557 divina
330 1530 523 1558 benevolentia
546 1531 667 1562 subnixi,
685 1529 816 1565 periculis
832 1530 943 1565 plenum
954 1538 1003 1565 pc-

214 1574 292 1610 iagus
317 1576 546 1608 transmittamus,
570 1580 652 1611 atque
673 1575 706 1603 ad
723 1575 888 1610 tranquillos
907 1575 1002 1603 Salva-

214 1619 284 1647 toris
293 1624 389 1655 portus
400 1621 571 1656 appellamus
579 1641 587 1650 .

416 1761 471 1789 CV.
484 1776 519 1781 -—
532 1761 642 1797 Eulogio
657 1771 799 1789 wconomo.

247 1816 314 1850 Qua:
339 1817 490 1845 certamina
511 1826 562 1853 pro
583 1819 685 1853 pietate
708 1819 834 1854 religiosa
857 1827 935 1847 mens
958 1824 1002 1847 tua

213 1863 357 1896 sustineat,
376 1871 390 1890 a
410 1863 504 1891 multis
521 1864 678 1899 accepimus
696 1874 703 1892 :
720 1873 829 1900 aequum
849 1871 940 1893 autem
962 1871 1004 1894 est

215 1913 241 1935 te
260 1908 344 1935 ctiam
367 1909 393 1936 ei
419 1909 466 1944 qui
495 1909 660 1937 calumniam
685 1911 758 1938 illius
780 1919 863 1939 causa
883 1911 1004 1946 patiatur

213 1958 340 1989 prompto
356 1955 448 1983 animo
464 1955 622 1988 subvenire,
641 1957 907 1992 obtrectantiumque
930 1957 1003 1985 falsi-

214 2003 296 2026 tatem
311 2000 487 2035 redarguere.
504 2001 612 2029 Etenim
629 2001 752 2036 apprime
765 2003 848 2035 nosti,
865 2003 921 2030 Deo
936 2003 1002 2030 cha-

213 2044 331 2076 rissime,
349 2045 415 2079 quid
433 2046 594 2083 sentiamus,
611 2051 638 2074 et
655 2047 721 2081 quid
739 2047 897 2080 doceamus,
913 2049 1002 2084 quod-

212 2098 266 2124 que
280 2091 350 2118 duos
365 2091 436 2119 ﬁlios
449 2092 542 2119 nullus
557 2100 676 2127 unquam
695 2094 875 2128 przedicantcs
890 2103 941 2122 nos
955 2103 1003 2122 au-

212 2136 304 2164 dierit.
326 2137 440 2166 Exserat
465 2145 531 2173 ergo
556 2139 602 2166 hic
622 2140 706 2166 etiam
732 2141 819 2175 pietas
841 2145 886 2168 tua
912 2141 1001 2168 zelum

212 2182 353 2214 divinum,
376 2186 405 2210 et
425 2183 552 2210 obstruat
575 2191 624 2211 ora
647 2185 818 2220 loquentium
845 2185 948 2221 iniqua.
971 2187 1001 2214 In

212 2228 369 2262 huiusmodi
385 2229 459 2256 enim
476 2230 674 2257 certaminibus
692 2231 830 2263 convenit,
844 2240 898 2259 non
913 2233 1000 2260 solum

212 2281 261 2308 pro
278 2274 384 2306 amicis,
401 2275 448 2303 sed
470 2275 554 2303 etiam
575 2283 627 2310 pro
649 2277 682 2304 iis
701 2277 748 2312 qui
769 2278 888 2305 laeserint
904 2278 1000 2306 decer-

214 2326 279 2348 tare.

402 2376 468 2404 CVI.
481 2392 517 2397 —
531 2378 643 2406 Abraha?
656 2387 798 2407 wconomo.

247 2429 281 2458 Et
303 2431 399 2465 pietati
427 2436 480 2460 tute
503 2441 553 2469 per
576 2435 632 2462 Deo
654 2436 829 2464 charissimos
856 2437 1000 2472 episcopos

212 2475 327 2503 salutem
349 2477 421 2508 dico.
438 2483 467 2506 et
484 2479 617 2511 obtestor.
636 2485 666 2507 ut
683 2481 889 2516 tranquillitatis
904 2482 1000 2510 Eccle-

211 2520 314 2548 siarum
332 2529 428 2550 curam
449 2531 538 2559 geras,
559 2525 756 2560 calumniaeque
777 2527 884 2562 1176
902 2527 1001 2555 ﬂuetus

212 2566 220 2574 ‘
235 2564 354 2600 frangas.
381 2576 390 2592 ι
407 2567 485 2600 Quod
505 2569 579 2596 enim
600 2569 779 2597 seminaverit
798 2571 890 2603 homo,
907 2572 958 2599 hoc
974 2577 1001 2599 ct

212 2614 307 2642 metet,
323 2620 332 2636 ι
355 2616 385 2638 ut
401 2612 510 2640 divinus
527 2614 565 2641 ait
584 2614 731 2649 Apostolus
744 2616 763 2641 ⁸.
786 2615 874 2649 Quare
888 2617 934 2651 qui
951 2625 1001 2652 pro

211 2655 386 2692 dogmatibus
396 2659 553 2692 apostolicis
564 2660 723 2693 decertarit,
735 2662 912 2696 apostolicam
923 2671 1002 2698 pror-

211 2707 259 2728 sus
276 2700 497 2732 benedictionem
510 2705 631 2740 recipiet,
644 2710 671 2733 ct
686 2706 793 2734 illorum
808 2709 1001 2737 communione

211 2745 380 2780 perfruetur.

247 2820 257 2834 '
270 2823 358 2850 Galat.
377 2833 412 2858 vr,
434 2826 460 2852 7.

249 2899 303 2935 (65)
321 2901 425 2927 συντιθ.
442 2901 515 2929 addit
531 2903 612 2938 Μαι).

1062 304 1089 330 ὲν
1105 304 1144 338 τῷ
1165 303 1271 340 σώματι
1291 305 1434 340 πληρῶσαι
1458 305 1507 340 τὴν
1525 306 1629 341 χρείαν.
1661 306 1841 342 Ἀπολινάριος

1060 348 1087 374 δὲ
1104 349 1224 384 ἔμψυχον
1242 350 1290 385 μὲν
1313 350 1343 376 τι.
1358 351 1526 379 Δεσποτικὺν
1549 351 1627 386 σῶμα
1647 351 1735 385 καλεῖ,
1758 351 1802 378 τὸν
1816 352 1842 378 δὲ

1061 395 1122 421 νοῦν
1136 395 1184 430 τῆς
1197 397 1382 432 γεγενημένης
1395 398 1532 433 σωτηρίας
1551 398 1712 432 ἀποστερεῖ,
1726 398 1775 424 οὐκ
1785 395 1841 423 οἶδα

1061 439 1142 465 πόθεν
1159 439 1254 474 μαθὼν
1267 441 1355 476 ψυχῆς
1369 442 1415 468 καὶ
1428 442 1473 469 νοῦ
1483 443 1532 478 τὴν
1542 443 1683 477 διαίρεσιν.
1707 443 1738 469 'H
1751 443 1780 469 δὲ
1792 443 1842 468 τῶν

1061 483 1140 510 θείων
1159 485 1327 511 Ἀποστὸλων
1347 486 1506 513 διδασκαλία
1524 487 1612 522 ψυχὴν
1628 487 1740 522 λογικήν
1756 496 1785 513 τε
1800 489 1843 514 καὶ

1060 530 1155 564 νοερὰν
1173 531 1242 565 μετὰ
1261 532 1361 566 σαρκὸς
1375 532 1572 567 προσειλῆςςθαι
1591 533 1721 564 διδάσκει,
1739 533 1786 559 καὶ
1803 541 1843 559 τε-

1059 572 1133 600 λείαν
1146 576 1202 606 τοῖς
1214 574 1386 601 πιστεύουσιν
1403 576 1573 610 ὑπισχνεῖται
1585 576 1634 611 τὴν
1646 576 1793 611 σωτηρίαν.

1096 661 1173 686 Ἔστι
1195 661 1224 687 δὲ
1253 661 1299 687 καὶ
1321 661 1413 696 ἕτερον
1437 663 1530 696 στῖφος
1552 662 1698 697 αἱρετικῶν
1718 663 1842 689 τάναντία

1058 705 1161 737 τούτοις
1186 706 1349 742 θρησκεῦον.
1365 708 1496 739 Φωτεινδς
1517 708 1582 743 γὰρ.
1606 708 1653 734 καὶ
1675 709 1842 743 Μάρκελλος,

1059 751 1105 777 καὶ
1120 752 1134 777 ὁ
1150 752 1182 778 ἐκ
1196 753 1360 787 Σαμοσάτων
1381 753 1498 785 Παῦλος,
1515 753 1658 788 ἄνθρωπον
1674 754 1754 789 μόνον
1777 752 1844 780 εἶναι

1058 796 1166 830 λέγουσι
1184 798 1230 824 τὸν
1251 798 1353 833 Κύριον
1363 799 1441 833 ἡμῶν
1451 800 1498 826 καὶ
1511 800 1587 826 Θεὸν.
1606 800 1724 835 Ἀνάγκη
1738 800 1766 826 δὲ
1779 800 1845 835 προς

1057 844 1167 875 τούτους
1188 844 1236 879 μὲν
1257 845 1464 880 διαλεγομένους
1480 846 1552 880 ἡμᾶς
1567 845 1614 876 τὰς
1634 846 1698 880 περὶ
1721 845 1845 880 θεότητος

1059 889 1210 924 μαρτυρίας
1237 891 1411 926 προσφέρειν,
1437 891 1483 917 καὶ
1498 890 1633 917 δεικνύναι
1656 890 1694 922 ὼς
1709 891 1756 917 καὶ
1780 891 1845 921 Θεὸς

1024 929 1043 955 Β
1058 933 1220 967 προαιώνιος
1231 935 1245 960 ὁ
1260 935 1399 970 Δεσπότης
1414 935 1530 970 Χριστός
1541 943 1547 949 ·
1563 935 1630 970 πρὸς
1643 934 1672 961 δὲ
1687 935 1737 968 τὴν
1750 934 1846 968 ἑτέραν

1060 977 1276 1013 ἀγωνιζομένους
1302 980 1466 1015 συμμορίαν,
1490 979 1507 1014 ἢ
1529 979 1593 1004 Θεὸν
1615 979 1694 1013 μόνον
1714 978 1846 1004 ἀποκαλεῖ

1059 1024 1104 1049 τὸν
1118 1024 1218 1059 Κύριον
1236 1024 1313 1060 ἡμῶν
1334 1025 1437 1060 Ἰησοῦν
1454 1025 1580 1060 Χριστὸν,
1599 1025 1648 1059 τὴν
1665 1024 1740 1050 θείαν
1755 1025 1844 1056 αὐτοῖς

1059 1068 1227 1095 ἀντιτάττειν
1247 1069 1368 1105 Γραφὴν,
1391 1070 1438 1095 καὶ
1463 1069 1513 1100 τὰς
1533 1069 1598 1103 περὶ
1621 1069 1671 1103 τῆς
1695 1068 1845 1103 ληφθείσης

1059 1114 1265 1149 ὰνθρωπότητος
1275 1115 1377 1142 ἐκεῖθεν
1388 1115 1540 1151 μαρτυρίας
1555 1115 1704 1148 συλλέγειν.
1716 1115 1776 1149 Χρὴ
1791 1115 1845 1149 γὰρ

1058 1158 1103 1185 τὸν
1118 1159 1209 1194 ἰατρὸν
1224 1159 1363 1194 ἀρμοδίοις
1377 1159 1445 1194 πρὸς
1458 1160 1491 1186 τὰ
1506 1159 1578 1194 πάθη
1603 1159 1754 1194 κεχρῆσθαι
1773 1167 1845 1193 φαρ-

1060 1204 1167 1239 μάκοις,
1191 1205 1239 1231 καὶ
1257 1205 1365 1239 ἑκάστῳ
1382 1205 1547 1241 προσφέρειν
1561 1205 1590 1231 τὸ
1605 1205 1769 1240 πρέσφορον.
1788 1205 1845 1230 Πα-

1060 1249 1170 1285 ρακαλῶ
1190 1250 1281 1276 τοίνυν
1304 1250 1355 1285 τὴν
1375 1249 1424 1286 σὴν
1447 1250 1602 1285 ἁγιωσύνην
1624 1250 1674 1285 τὴν
1690 1249 1750 1276 καθ’
1766 1248 1845 1284 ἡμῶν

1059 1294 1233 1321 συντεθεῖσαν
1242 1295 1298 1330 (65)
1306 1295 1428 1322 διαλῦσαι
1439 1295 1631 1330 συκοφαντίαν.
1643 1295 1688 1321 καὶ
1700 1293 1746 1325 τὰς
1757 1295 1845 1328 μάτην

1057 1340 1122 1375 ἡμῖν
1138 1340 1345 1376 λοιδορουμένας
1365 1340 1512 1375 χαλινῶσαι
1525 1339 1657 1374 γλώττας.
1682 1339 1776 1373 Ἡμεῖς
1790 1337 1846 1373 γὰρ

1058 1386 1105 1414 καὶ
1120 1386 1187 1421 μετὰ
1199 1386 1248 1421 τὴν
1265 1385 1469 1421 ὲνανθρώπησιν
1493 1385 1540 1412 ἕνα
1557 1383 1762 1420 προσκυνοῦμεν
1780 1383 1846 1410 Υἰὸν

1057 1432 1102 1460 τοῦ
1112 1432 1179 1459 Θεοῦ
1191 1432 1236 1459 τὸν
1251 1431 1351 1467 Κύριον
1364 1431 1441 1467 ἡμῶν
1462 1431 1566 1465 Ἰησοῦν
1582 1430 1708 1465 Χριστὸν,
1722 1429 1769 1456 καὶ
1782 1429 1846 1460 τοὺς

1056 1478 1120 1504 ἄλλο
1132 1487 1156 1504 τι
1168 1477 1333 1514 φρονοῦντας
1344 1476 1484 1508 δυσσεϐεῖς
1496 1476 1676 1511 ὀνομάζομεν.
1686 1476 1844 1510 Παρασχεῖν

1055 1524 1083 1550 δὲ
1094 1524 1158 1559 ἡμῖν
1173 1524 1220 1550 καὶ
1235 1524 1283 1555 τὰς
1294 1524 1375 1558 ἁγίας
1389 1532 1435 1550 σου
1451 1522 1616 1558 προσευχὰς,
1628 1522 1756 1553 δέσποτα,
1773 1529 1845 1547 κστ-

1055 1569 1180 1601 αξιωσον,
1199 1569 1242 1596 ἴνα
1262 1570 1311 1604 τῆς
1337 1569 1412 1600 θείας
1434 1568 1616 1599 ἀπολαύοντες
1639 1566 1792 1602 εὐμενείας.
1813 1566 1846 1591 τὺ

1055 1615 1184 1642 κινδύνων
1203 1616 1300 1651 μεστὸν
1318 1615 1585 1651 διαπεραι[ὠ]σωμεν
1599 1614 1726 1647 πέλαγος,
1740 1612 1788 1639 καὶ
1803 1613 1845 1643 εις

1053 1662 1116 1692 τοὺς
1139 1662 1297 1697 ἁπηνέμους
1322 1661 1370 1688 τοῦ
1399 1661 1524 1697 Σωτῆρος
1550 1658 1777 1695 μεθορμισθῶμεν
1801 1657 1845 1683 λι-

1055 1705 1148 1740 μένας.

1229 1762 1290 1789 ΡΕ’.
1309 1777 1343 1781 --
1357 1761 1492 1796 Εὑλογίῳ
1510 1762 1663 1794 οἰκονόμῳ.

1089 1819 1157 1849 Τοὺς
1182 1818 1230 1854 μὲν
1254 1818 1324 1853 ὑπὲρ
1352 1818 1402 1852 τῆς
1431 1817 1572 1848 εὐσεϐείας
1590 1815 1699 1850 ἀγῶνας
1717 1815 1769 1849 τῆς
1792 1815 1845 1849 σῆς

1055 1862 1193 1897 φιλοθεΐας
1212 1862 1289 1898 παρὰ
1306 1861 1411 1888 πολλῶν
1442 1860 1652 1897 μεμαθήκαμεν.
1686 1859 1794 1885 Δίκαιον
1813 1858 1844 1885 δὲ

1053 1910 1100 1935 καὶ
1113 1908 1152 1943 τῷ
1166 1908 1210 1934 διὰ
1224 1907 1326 1943 ταύτην
1341 1906 1584 1941 συκοφαντουμένῳ
1605 1904 1752 1940 προθύμως
1776 1912 1841 1930 συν-

1052 1954 1172 1988 ηγορεῖν,
1190 1953 1238 1979 καὶ¹
1262 1951 1409 1987 διελέγχειν
1425 1951 1480 1978 τῶν
1499 1949 1711 1985 λοιδορουμένων
1726 1948 1757 1975 τὸ
1773 1947 1843 1983 ψεῦ-

1052 1998 1106 2029 δος.
1133 1997 1267 2032 Ἀκριϐὦς
1287 1997 1342 2032 γὰρ
1367 1995 1456 2027 οἶσθα,
1482 1995 1682 2029 θεοφιλέστατε,
1708 1993 1755 2019 καὶ
1779 1992 1843 2019 τίνα

1053 2043 1215 2079 φρονοῦμεν,
1233 2043 1280 2070 καὶ
1293 2043 1354 2069 τίνα
1366 2042 1537 2076 διδάσκομεν,
1552 2041 1599 2067 καὶ
1612 2041 1652 2066 ὅτι
1669 2039 1715 2066 δύο
1737 2047 1843 2073 κηρυτο

1053 2091 1150 2116 τουτων
1168 2090 1243 2121 υἱοὺς
1257 2088 1344 2120 οὐδεὶς
1361 2088 1440 2123 ἡμῶν
1459 2087 1562 2122 ἀκήκοε
1586 2085 1705 2112 πώποτε.
1727 2084 1844 2120 Χρησά-

1054 2134 1109 2161 σθω
1124 2134 1240 2169 τοίνυνὴ
1255 2133 1287 2169 σὴ
1310 2133 1448 2160 θεοσέϐεια
1462 2130 1603 2158 κάνταῦθα
1620 2130 1659 2164 τῷ
1678 2129 1742 2164 θείῳ
1755 2129 1843 2163 ζήλῳ,

1053 2181 1099 2208 καὶ
1112 2179 1278 2215 ὲμφραξάτω
1293 2179 1416 2214 στόματα
1432 2177 1601 2212 λαλουμένων
1619 2176 1708 2203 ἄδικα.
1731 2175 1775 2200 Ἐν
1787 2175 1845 2208 γὰρ

1052 2227 1108 2257 τοῖς
1118 2225 1248 2255 τοιούτοις
1265 2224 1377 2258 ἀγῶσιν,
1390 2224 1420 2250 οὐ
1435 2223 1515 2258 μόνον
1531 2222 1662 2257 προσήκει
1673 2221 1728 2246 τῶν
1744 2220 1844 2254 φίλων,

1017 2260 1039 2287 D
1054 2271 1121 2298 ἀλλὰ
1141 2270 1187 2297 καὶ
1207 2270 1261 2297 τῶν
1275 2269 1465 2304 λελυπηκότων
1485 2268 1663 2303 ὑπερμαχεῖν.

1210 2377 1278 2409 Ρςι.
1291 2390 1326 2395 ——
1353 2373 1505 2408 Ἀϐραάμῳ
1524 2373 1680 2406 οἰκονόμῳ.

1088 2435 1140 2461 Καὶ
1153 2434 1197 2460 διὰ
1209 2433 1262 2459 τῶν
1279 2431 1492 2466 θεοφιλεστάτων
1506 2429 1665 2456 ἐπισκόπων
1681 2427 1844 2463 προσφθέγ-

1051 2479 1134 2514 γομαί
1150 2487 1195 2505 σου
1220 2479 1269 2513 τὴν
1285 2476 1451 2508 θεοσέϐειαν,
1473 2475 1520 2502 καὶ
1540 2473 1692 2508 παρακαλῶ
1716 2473 1764 2507 τῆς
1785 2472 1844 2498 τῶν

1057 2524 1225 2561 Ἐκκλησιῶν
1239 2524 1378 2559 φροντίσαι
1392 2523 1527 2557 γαλήνης,
1539 2521 1646 2555 καὶτῆς
1659 2518 1845 2551 συκοφαντίας

1053 2571 1176 2598 διαλῦσαι
1193 2570 1227 2596 τὰ
1246 2569 1364 2604 κύματα.
1375 2578 1383 2593 ι
1400 2569 1432 2594 Ὃ
1451 2568 1504 2602 γὰρ
1524 2566 1556 2593 ἂν
1570 2565 1669 2601 σπείρῃ
1685 2563 1844 2597 ἅνθρωπος,

1051 2617 1129 2644 τοῦτο
1141 2617 1188 2643 καὶ
1203 2616 1315 2651 θερίσει,
1333 2624 1341 2640 ι
1361 2613 1430 2639 κατὰ
1451 2613 1496 2639 τὸν
1514 2613 1585 2639 θεῖον
1613 2608 1784 2636 Ἀπόστολον.
1813 2608 1845 2634 '0

1050 2663 1138 2689 τοίνυν
1151 2662 1204 2688 τῶν
1214 2660 1400 2688 ἀποστολικιῖΝ
1413 2659 1580 2695 ὑπερμαχῶν
1593 2657 1747 2692 δογμάτων,
1759 2653 1845 2688 δῆλον

1050 2709 1090 2734 ὅτι
1105 2707 1154 2742 τὴν
1162 2707 1341 2742 ἀποστολικὴν
1351 2705 1478 2739 εὐλογίαν
1493 2705 1636 2741 τρυγήσει,
1648 2703 1696 2730 καὶ⁸
1709 2701 1757 2735 τῆς
1768 2699 1845 2726 ὲκεί-

1050 2761 1102 2779 νων
1119 2752 1301 2779 ἀπολαύσεται
1316 2752 1465 2783 κοινωνίας.
