1962 3051
180 108 248 141 1303

672 110 925 149 ΤΗΕΟΒΟΗΕἸἹ.
936 109 1104 141 EPJSCOPI
1125 111 1246 141 CYREN
1249 112 1307 141 $15

1741 107 1808 141 1304

178 171 253 194 ntsse
270 166 422 194 calumnias
441 166 543 201 quibus
560 173 700 199 vexamur,
720 175 769 194 oro
788 171 869 202 atque
887 167 963 194 obte-

1021 167 1145 203 ὁσιότητα
1167 168 1228 203 μηδ*
1244 167 1312 198 ὅλως
1329 166 1457 201 ὑποσχεῖν
1479 166 1538 197 ταῖς
1558 165 1612 192 τῶν
1632 165 1808 200 συκοφαντῶν

178 220 237 242 stor
255 222 291 242 ne
311 214 539 241 calumniatorum
561 214 712 242 mendaciis
733 215 869 242 ullatenus
887 222 968 242 aures

178 260 321 287 adhibeas.
337 260 393 295 Ego
411 260 485 287 enim
508 267 553 287 me
572 259 600 287 in
622 260 692 288 duos
712 258 879 288 credendum
898 261 970 288 ﬁlios

179 305 312 332 hactenus
322 305 450 332 docuisse
462 306 591 333 conscius
601 314 655 333 non
667 314 738 334 sum.
752 307 782 334 In
795 315 880 334 unum
893 307 967 333 enim

178 350 292 378 credere
302 350 386 378 didici
397 350 572 386 Unigenitum
584 351 730 379 Dominum
741 356 864 379 nostrum
874 352 968 379 Jesum

178 396 330 428 Christum,
344 395 484 423 hominem
499 396 601 423 factum
619 397 704 424 Deum
722 397 854 424 Verbum.
871 397 969 425 Carnis

178 449 243 469 sane
261 441 468 476 divinitatisque
486 441 635 470 discrimen
658 443 732 475 novi,
751 447 780 470 et
799 443 882 478 impie
900 443 968 470 mihi

178 494 260 522 agere
286 487 427 519 videntur,
447 492 506 515 tum
529 488 577 523 qui
601 488 629 515 in
654 489 725 516 duos
750 489 820 516 ﬁlios
841 489 969 516 dividunt

180 540 265 561 unum
280 534 427 561 Dominum
441 539 567 562 nostrum
581 535 674 563 Jesum
687 536 838 570 Christum,
851 541 908 564 tum
921 537 967 572 qui

178 579 346 606 contrariam
363 580 407 607 his
429 580 500 607 viam
527 581 654 616 ingressi,
676 590 758 610 unam
778 588 902 610 naturam
919 591 968 610 vo-

179 628 242 651 cant
263 624 437 652 divinitatem
456 625 558 653 Christi
580 627 688 654 Domini
708 631 736 654 et
758 627 967 654 humanitatem.

177 668 310 704 Opposita
331 670 405 697 enim
427 670 479 698 sibi
504 676 600 698 mutuo
626 676 690 699 sunt
710 672 767 699 haec
789 672 938 707 prmcipitia
959 682 966 699 :

178 714 270 741 media
293 720 386 742 autem
410 716 632 751 evangelicorum
657 717 813 751 dogmatum
833 718 888 750 via,
905 726 968 745 san-

178 763 287 787 ctorum
307 761 493 795 apostolorum
507 762 758 797 prophetarumque
775 768 869 790 ornata
883 764 968 791 vesti-

178 804 240 840 giis,
258 810 286 832 et
307 813 404 833 eorum
424 807 472 841 qui
498 812 560 842 post
585 808 647 835 illos
665 808 782 835 docendi
805 809 891 844 gratia
911 810 967 836 cla—

179 856 306 879 ruerunt.
322 852 472 887 Cupiebam
494 858 585 880 autem
608 854 681 888 ipsas
701 854 798 880 horum
818 856 968 882 sententias

179 896 208 923 in
230 897 350 924 medium
376 897 485 930 all'erre,
503 902 531 924 et
555 899 647 926 sensui
672 904 766 926 nostro
789 899 969 934 suﬁ’ragantes

179 942 334 970 ostendere.
360 943 413 970 Sed
433 943 560 978 pluribus
581 943 673 971 verbis
695 952 764 979 opus
788 949 868 976 esset,
887 953 968 979 quam

179 988 277 1015 modus
308 988 379 1015 ferat
403 988 535 1023 epistolte.
564 988 737 1024 Quapropter
758 990 913 1017 sunnnatim
937 998 969 1016 ea

179 1034 348 1068 complexus,
365 1042 425 1069 quae
447 1034 482 1061 de
506 1034 645 1070 Unigeniti
664 1035 851 1062 incarnatione
873 1035 970 1062 didici-

179 1086 251 1110 mus,
274 1079 308 1106 ad
332 1083 406 1106 tuatu
425 1080 544 1107 divinam
563 1080 752 1107 excellentiam
774 1080 845 1107 misi.
867 1081 969 1116 Scripsi

178 1126 281 1155 autem,
298 1131 354 1151 non
375 1127 406 1150 ut
426 1124 496 1151 alios
514 1124 637 1154 doceam.
655 1124 701 1152 sed
720 1130 747 1151 ul
766 1125 900 1159 imposita:
923 1134 969 1153 ca-

178 1168 290 1196 lumniae
313 1169 504 1204 respondeam.
523 1175 551 1197 et
575 1178 684 1197 sensum
708 1179 799 1198 meum
826 1171 858 1198 iis
881 1172 969 1206 expli-

179 1221 238 1240 cem
259 1214 306 1248 qui
328 1214 464 1249 ignorant.
481 1215 543 1242 llaec
560 1215 642 1250 igitur
661 1216 707 1242 ubi
725 1216 821 1251 legerit
839 1216 969 1244 sanctitas

178 1263 280 1291 vestra,
301 1259 323 1286 si
347 1259 458 1294 quidem
481 1261 582 1295 scripta
605 1265 698 1288 nostra
725 1269 787 1288 cum
813 1263 970 1296 apostolicis

178 1302 353 1338 dogmatibus
378 1304 535 1331 consentire
559 1305 708 1338 invenerit,
726 1314 776 1332 suo
796 1306 829 1332 ad
852 1314 902 1334 nos
924 1316 968 1334 re-

178 1357 279 1384 sponso
297 1357 408 1377 sensum
432 1356 557 1377 nostrum
579 1351 732 1378 conﬁrmet.
748 1352 783 1378 At
801 1353 823 1379 si
841 1353 907 1387 quid
926 1353 969 1380 in-

178 1395 266 1422 ditum
278 1399 320 1422 cst
330 1396 403 1430 quod
416 1403 477 1423 cum
490 1396 582 1423 divina
593 1398 601 1406 '
612 1397 737 1424 doctrina
753 1406 806 1424 non
823 1399 968 1431 cohaereat,

178 1440 233 1468 hoc
246 1441 329 1468 etiam
351 1450 366 1468 a
386 1442 531 1469 sanctitate
549 1447 594 1469 tua
610 1443 702 1469 doceri
718 1444 809 1478 cupio.
824 1445 880 1471 Etsi
895 1445 968 1472 enim

177 1485 289 1521 longum
304 1487 331 1513 in
346 1487 471 1514 docendo
489 1492 596 1522 tempus
615 1489 721 1523 1179
736 1491 966 1524 consumpsimus,
982 1507 1005 1536 ο

178 1532 268 1560 adhuc
286 1537 376 1560 tamen
395 1533 508 1561 doctore
525 1534 689 1568 indigemus.
711 1545 720 1560 ι
740 1535 777 1561 Ex
796 1540 872 1570 parte
889 1544 967 1563 nam-

178 1586 243 1613 que,
265 1584 295 1606 ut
315 1580 353 1606 ait
376 1579 487 1607 divinus
512 1581 669 1615 Apostolus,
691 1582 881 1616 cognoscimus
896 1583 928 1610 ¹⁵.
955 1593 964 1609 ›

178 1623 251 1657 Quin
278 1629 307 1652 et
332 1625 433 1652 iterum
460 1625 598 1653 dicentem
621 1626 801 1654 audivimus:
826 1637 834 1652 ι
855 1627 883 1655 Si
906 1629 969 1662 quis

179 1674 271 1696 autem
287 1677 316 1697 se
331 1670 470 1697 existimat
484 1671 555 1697 scire
572 1671 685 1705 aliquid,
702 1672 822 1698 nomium
841 1674 969 1708 cognovit

178 1713 412 1748 quemadmodum
434 1717 560 1748 oporteat
582 1721 645 1740 eum
666 1713 737 1740 scire
752 1714 784 1739 ¹⁶.
802 1725 810 1739 ι
836 1714 922 1742 Simul
941 1720 969 1743 et

179 1765 275 1784 verum
293 1765 309 1784 a
327 1758 470 1785 sanctitate
485 1762 531 1785 tua
545 1763 574 1785 ut
592 1758 695 1785 discam
715 1766 773 1789 oro,
790 1763 816 1786 et
835 1764 862 1786 ut
879 1760 968 1787 eccle-

179 1803 295 1830 siastica:
314 1803 521 1838 tranquillitatis
542 1812 634 1831 curam
654 1812 744 1840 geras,
759 1809 787 1832 et
801 1813 852 1840 pro
868 1805 969 1833 divinis

179 1849 353 1884 dogmatibus
383 1848 507 1876 dimices.
539 1849 644 1876 Horum
672 1850 772 1884 quippe
800 1851 888 1885 gratia
914 1851 969 1879 Deo

179 1894 262 1921 etiam
286 1894 441 1922 cliarissimi
464 1895 597 1930 episcopi,
622 1899 649 1922 et
672 1895 779 1923 itineris
803 1896 922 1929 labores,
942 1902 970 1924 et

179 1939 279 1967 hiemis
304 1941 479 1975 asperitatem
502 1945 720 1973 contemnentes,
743 1941 777 1968 ad
799 1942 900 1976 regiam
920 1951 969 1969 ur-

179 1986 242 2012 bem
262 1985 378 2020 pro'fecti
396 1991 471 2018 sunt,
492 1990 523 2013 ut
541 1987 645 2014 exitum
662 1987 780 2021 aliquem
800 1988 970 2022 tempestatis

178 2033 335 2068 exquirant.
358 2033 392 2060 Et
414 2033 475 2060 illos
499 2033 583 2069 igitur
607 2041 719 2068 precum
741 2039 850 2062 tuarum
870 2035 970 2062 viatico

179 2077 328 2112 instruere,
350 2084 377 2107 et
399 2087 450 2106 nos
475 2079 572 2106 iisdem
596 2079 704 2106 ﬁrmare
731 2087 762 2107 ac
787 2080 912 2107 stabilire
935 2088 970 2107 ne

179 2124 309 2159 graveris.

303 2179 361 2207 CX.
375 2195 411 2200 -—
429 2180 531 2207 Domno
549 2181 668 2216 episcopo
684 2182 837 2210 Antiochiam.

213 2234 307 2262 Lectis
330 2234 431 2262 litteris
454 2235 509 2263 tuis
535 2236 695 2264 recordatus
719 2244 780 2264 sum
806 2237 970 2266 beatissima:

182 2282 323 2313 Susanna,
339 2288 401 2315 qua:
416 2280 536 2309 nefarios
551 2281 613 2308 illos
627 2289 753 2314 cernens,
764 2287 793 2310 et
806 2283 892 2311 Deum
910 2285 972 2311 uni-

180 2333 326 2353 versorum
341 2330 505 2361 praesentem
522 2326 648 2359 credens,
666 2328 823 2362 praeclaram
836 2329 910 2356 illam
924 2338 970 2357 vo-

181 2379 240 2398 cem
265 2372 381 2399 emisit:
403 2381 412 2398 ι
430 2372 570 2408 Δηευεῑίαι
591 2377 656 2400 sunt
676 2374 743 2400 mihi
769 2374 890 2410 undique
906 2377 938 2402 ¹⁷.
957 2386 966 2402 ι

180 2418 215 2444 At
238 2422 330 2446 tamen
353 2418 380 2445 in
405 2418 550 2446 calumniae
578 2419 690 2454 laqueos
716 2420 836 2448 incidere
862 2421 968 2454 maluit,

180 2470 264 2497 quam
284 2464 389 2498 justum
410 2463 531 2500 judicem
554 2469 740 2492 contemnere.
761 2466 795 2493 Et
816 2474 899 2499 nunc,
918 2467 969 2494 do-

182 2507 268 2539 mine,
284 2509 358 2543 quod
379 2516 449 2544 saepe
465 2509 593 2542 diximus,
606 2510 661 2537 duo
679 2515 742 2537 sunt
759 2511 906 2546 proposita,
923 2517 969 2540 aut

181 2552 267 2580 Deum
279 2553 418 2581 oil'endere
430 2558 458 2581 et
471 2554 666 2582 conscientiam
676 2555 785 2587 laedere,
798 2562 845 2583 aut
855 2557 970 2592 injustas

181 2597 209 2624 in
233 2598 375 2625 hominum
396 2599 545 2626 sententias
568 2599 718 2626 incurrere.
741 2599 805 2626 Mihi
822 2608 888 2627 vero
902 2601 971 2628 nihil

181 2641 279 2668 borum
300 2641 410 2676 penitus
429 2642 501 2669 scire
521 2643 630 2670 videtur
648 2643 791 2678 piissimus
811 2644 970 2680 imperator.

179 2685 251 2719 Quid
270 2687 345 2713 enim
365 2687 553 2721 prohibuisset
576 2688 653 2715 illum
675 2689 797 2717 scribere
819 2690 972 2718 ordinatio-

218 2754 238 2769 "
255 2755 342 2783 lCor.
354 2763 411 2788 xm,
426 2755 452 2782 9.
488 2756 532 2783 l‘l
549 2757 612 2784 Cor.
625 2765 680 2790 vizl,
696 2759 722 2785 L2.

217 2813 272 2849 (66)
291 2813 467 2849 βεϐαιωεὰτω
485 2815 566 2850 Neap.

763 2759 783 2774 ’τ
802 2759 869 2787 Dan.
888 2768 944 2793 xm,
957 2760 1001 2788 Ἦ.

1018 213 1206 248 ψευδολογίαις
1218 212 1267 244 τὰς
1279 211 1373 244 ἀκοάς.
1391 210 1462 246 Ἐγὼ
1474 210 1529 247 γὰρ
1539 211 1588 238 οὐκ
1597 209 1655 238 οἶδα
1667 211 1748 246 μέχρι
1760 212 1807 238 τοῦ

1020 258 1153 294 παρόντος
1175 259 1283 291 διδάξας
1306 258 1346 290 εἰς
1362 257 1408 284 δύο
1436 256 1574 284 πιστεύειν
1592 256 1675 288 υἱούς.
1694 257 1740 288 Εἰς
1759 257 1808 284 ἕνα

1019 304 1074 340 γὰρ
1089 304 1229 340 ἐδιδάχθην
1247 303 1386 331 πιστεύειν
1397 302 1537 337 Μονογενῆ
1551 302 1597 329 τὸν
1611 302 1714 337 Κύριον
1728 302 1808 338 ἡμῶν

1025 350 1129 385 Ἰησοῦν
1149 349 1277 385 Χριστὸν,
1292 349 1339 376 τὸν
1361 348 1612 384 ὲνανθρωπήσαντα
1629 347 1695 374 Θεὸν
1710 348 1806 382 Λόγον.

1018 396 1123 432 Σαρκδς
1139 395 1230 431 μέντοι
1248 395 1295 421 καλ⁸
1307 394 1434 429 θεότητος
1455 394 1606 428 ἐπίσταμαι
1619 392 1649 419 τὸ
1668 393 1807 428 διάφορον,

1018 441 1066 468 καὶ
1077 440 1216 468 δυσσεὸεῖν
1234 448 1278 474 μοι
1293 439 1417 465 δοκοῦσιν
1432 439 1457 465 οἰ
1474 439 1514 470 είς
1530 437 1576 464 δύο
1592 438 1666 469 eleb;
1683 437 1809 473 μερίζον-

1018 495 1063 518 τες
1075 485 1120 513 τὸν
1134 485 1181 512 ἕνα
1208 484 1311 520 Κύριον
1333 484 1413 520 ἡμῶν
1433 483 1538 518 Ἰησοῦν
1558 483 1687 518 Χριστὸν.
1713 483 1760 509 καὶ
1782 483 1808 509 at

1017 533 1068 568 τὴν
1081 531 1204 559 ἐναντίαν
1221 531 1325 562 τούτοις
1336 529 1482 562 ὁδεύοντες,
1500 529 1547 555 καὶ
1566 529 1630 564 μίαν
1643 529 1723 563 φύσιν
1737 529 1808 556 ἀπο-

1019 576 1164 607 καλοῦντες
1185 576 1234 610 τὴν
1257 575 1371 610 θεότητα
1392 573 1438 601 τοῦ
1456 574 1592 600 Δεσπότου
1610 572 1740 608 Χριστοῦ,
1761 574 1809 600 καὶ

1018 621 1068 656 τὴν
1094 619 1300 655 ἀνορωπότητα.
1337 618 1467 645 Ἐναντίοι
1498 617 1552 652 γὰρ
1580 617 1706 652 ἀλλήλοις
1735 613 1808 644 οὗτοι

1019 666 1153 702 κρημνοί·
1176 665 1246 701 μέση
1269 665 1297 692 δὲ
1325 665 1342 700 ἡ
1367 664 1422 691 τῶν
1452 663 1640 698 εὐαγγελικῶν
1667 664 1809 698 δογμάτων

1019 712 1088 745 ὁδὸς,
1115 712 1172 743 τοῖς
1195 710 1250 737 τῶν
1275 709 1360 744 ἁγίων
1391 708 1537 744 προφητῶν
1571 709 1618 735 καὶ
1653 707 1808 734 ἀποστόλων

1021 758 1105 794 ἴχνεσι
1123 755 1308 792 κοσμουμένην
1322 755 1434 782 καὶτῶν
1454 753 1524 789 μετὰ
1540 753 1652 785 τούτους
1667 754 1696 780 ἐν
1714 753 1754 788 τῷ
1768 753 1808 779 δι-

1019 802 1174 838 δασκαλικῷ
1188 801 1397 837 διαπρεψάντων
1421 800 1580 836 χαρίσματι.
1603 799 1768 833 Ἐϐουλόμην
1781 798 1810 825 δὲ

1020 851 1067 877 καὶ
1086 850 1134 880 τὰς
1151 848 1252 875 τούτων
1275 847 1438 883 παραθεῖναι
1463 846 1583 881 χρήσεις,
1607 845 1653 871 καὶ
1667 844 1751 876 δεῖξαι
1770 844 1810 879 τῷ

1020 895 1146 931 ἡμετέρῳ
1172 893 1362 930 μαρτυρούσας
1385 892 1551 927 φρονήματι.
1578 890 1657 917 Ἀλλὰ
1681 889 1811 916 πλειονων

1019 942 1059 968 δεῖ
1074 950 1119 977 μοι
1133 941 1229 975 λόγων,
1244 940 1260 975 ἢ
1275 939 1344 966 κατὰ
1357 938 1454 974 μέτρον
1465 937 1617 971 ἐπιστολῆς.
1633 933 1670 963 Οὗ
1684 936 1715 972 δὴ
1731 936 1812 971 χάριν

1020 989 1049 1014 ἐν
1072 987 1211 1021 κεφαλαίῳ
1228 986 1347 1021 γράψας,
1367 985 1385 1011 ἃ
1408 985 1472 1019 περὶ
1492 983 1543 1018 τῆς
1567 982 1614 1008 τοῦ
1641 981 1812 1016 Μονογενοῦς

1020 1032 1253 1068 ὲνανθρωπήσεως
1282 1030 1501 1066 μεμαθήκαμεν,
1527 1028 1676 1055 ἀπέστειλά
1706 1036 1752 1054 σου
1776 1029 1810 1064 τῇ

1020 1080 1091 1107 κατὰ
1103 1079 1168 1105 θεὸν
1187 1077 1344 1113 τελειότητι.
1362 1076 1491 1110 Ἔγραψα
1507 1075 1535 1101 δὲ
1550 1075 1600 1101 οὐκ
1618 1075 1707 1105 ἄλλοις
1724 1082 1810 1109 προσ-

1020 1126 1111 1160 φέρων
1123 1124 1305 1154 διδασκαλίαν,
1326 1123 1393 1150 ἀλλὰ
1410 1122 1477 1158 πρὸς
1493 1122 1542 1157 τὴν
1557 1121 1744 1156 γεγενημένην
1765 1130 1811 1147 συ-

1021 1171 1166 1205 κοιραντίαν
1200 1169 1347 1202 ἀπολογίαν
1374 1167 1545 1202 ποιούμενος,
1570 1167 1617 1193 καὶ
1641 1166 1672 1192 τὸ
1690 1166 1810 1202 ἐμαυτοῦ

1021 1217 1147 1252 φρόνημα
1166 1217 1223 1246 τοῖς
1241 1213 1366 1248 ἀγνοοῦσι
1393 1213 1471 1239 τοῦτο
1492 1213 1609 1244 δεικνύς.
1642 1212 1810 1246 ’Δναγνοῦσα

1020 1262 1107 1289 τοίνυν
1122 1263 1138 1296 ἡ
1153 1260 1291 1295 ἁγιωσύνη
1310 1268 1367 1291 σου,
1384 1260 1408 1285 εἰ
1427 1259 1476 1294 μὲν
1492 1259 1567 1294 εὖροι
1580 1259 1613 1285 τὰ
1628 1259 1810 1294 γεγραμμένα

1019 1310 1075 1339 τοῖς
1098 1306 1285 1337 ἁποστολικοῖς
1311 1304 1493 1339 συμϐαίνοντα
1510 1304 1636 1339 δόγμασι,
1661 1305 1717 1335 τοῖς
1741 1303 1810 1337 πρὸς

1021 1355 1093 1389 ἡμᾶς
1104 1353 1279 1388 ἀντιγράφοις
1295 1351 1443 1386 βεϐαιούτω
1458 1351 1514 1385 (66)
1531 1350 1561 1376 τὸ
1579 1350 1716 1384 φρόνημα.
1732 1349 1763 1375 Εἰ
1780 1349 1809 1376 δέ

1020 1409 1045 1426 τι
1063 1399 1116 1425 τῶν
1133 1398 1300 1432 ἐγκειμένων
1315 1398 1347 1432 τῇ
1366 1396 1525 1430 διδασκαλίᾳ
1545 1397 1578 1431 τῇ
1595 1395 1655 1430 θείᾳ
1683 1395 1720 1430 μὴ
1739 1403 1809 1429 συμ-

1021 1447 1114 1480 φωνεῖ,
1145 1445 1191 1470 καὶ
1218 1444 1296 1469 τοῦτο
1313 1443 1408 1476 μαοεῐν
1431 1442 1506 1476 παρὰ
1527 1442 1575 1476 τῆς
1601 1441 1649 1475 σῆς
1669 1440 1810 1474 ὁσιότητος

1021 1490 1097 1523 ἀξιῶ.
1115 1491 1167 1516 Καὶ
1183 1489 1234 1524 γὰρ
1250 1489 1333 1515 πολὺν
1350 1489 1379 1514 ὲν
1394 1489 1426 1522 τῇ
1443 1487 1601 1522 διδασκαλία
1620 1486 1811 1516 ἀναλώσαντες

1021 1537 1126 1572 χρόνον,
1146 1535 1186 1561 ἔτι
1211 1534 1328 1570 δεόμεθα
1348 1533 1399 1560 τοῦ
1414 1533 1593 1564 διδάσκοντος.
1613 1542 1622 1558 ι
1645 1533 1693 1559 Ἐκ
1709 1531 1810 1567 μέρους

1020 1583 1084 1618 γὰρ,
1112 1582 1194 1616 φησιν
1224 1582 1238 1607 ὁ
1275 1580 1344 1612 θεῖος
1385 1579 1557 1611 Ἀπόστολος,
1583 1578 1765 1613 γινώσκομεν.
1797 1586 1807 1602 ι

1027 1628 1198 1663 Ἰίκούσαμεν
1224 1628 1252 1654 δὲ
1272 1627 1353 1653 αὐτοῦ
1375 1627 1455 1653 πάλιν
1478 1625 1620 1660 λέγοντος·
1642 1635 1651 1650 ι
1665 1624 1695 1651 Εἰ
1717 1624 1746 1650 δέ
1769 1632 1811 1655 τις

1019 1675 1093 1701 δοκεῖ
1106 1673 1254 1708 ἐγνωκέναι
1267 1681 1303 1704 τι1
1318 1672 1423 1699 οὐδέπω
1435 1672 1505 1705 ἔγνω
1516 1671 1606 1702 καθὼς
1621 1671 1660 1697 δεῖ
1670 1670 1782 1704 γνῶναι.
1796 1679 1807 1700 _|

1021 1719 1075 1746 Καὶ
1090 1719 1205 1753 τάληθὲς
1228 1718 1318 1744 τοίνυν
1335 1717 1412 1752 παρὰ
1427 1717 1476 1751 τῆς
1493 1717 1542 1752 σῆς
1561 1716 1700 1750 ὁσιότητος
1722 1723 1811 1750 παρα-

1021 1764 1157 1799 καλοῦμεν
1173 1763 1279 1799 μαθεῖν,
1296 1763 1344 1789 καὶ
1359 1763 1407 1798 τῆς
1425 1761 1654 1796 ὲκκλησιαστικῆς
1670 1761 1810 1795 φροντίσαι

1020 1808 1151 1843 γαλήνης.
1183 1807 1230 1833 καὶ
1253 1806 1310 1833 τῶν
1334 1805 1413 1832 θείων
1438 1805 1631 1841 ὑπερμαχῆσαι
1655 1805 1809 1839 δογμάτων.

1021 1853 1129 1886 Τοήτων
1143 1852 1195 1888 γὰρ
1211 1852 1243 1887 δὴ
1261 1852 1351 1887 χάριν,
1374 1852 1422 1878 καὶ
1437 1852 1460 1877 οἱ
1477 1850 1678 1885 θεοφιλέστατοι
1700 1850 1812 1876 ἐπίσκοε

1021 1907 1077 1931 ποι,
1089 1898 1136 1925 καὶ
1151 1898 1204 1924 τῶν
1216 1898 1266 1932 τῆς
1283 1896 1437 1932 ὁδοιπορίας
1451 1896 1549 1929 πόνων,
1563 1896 1609 1922 καὶ
1622 1895 1673 1930 τῆς
1688 1903 1811 1930 χειμερι-

1021 1945 1069 1980 νῆς
1089 1944 1344 1979 καταφρονήσαντες
1366 1942 1450 1978 ὥρας,
1478 1942 1524 1968 ἐπὶ
1539 1941 1588 1976 τὴν
1613 1941 1810 1976 βασιλεύουσαν

1021 1989 1154 2025 ὥρμησαν
1170 1989 1258 2022 πόλιν,
1276 1989 1352 2015 λύσιν
1369 1988 1430 2016 τινὰ
1441 1988 1551 2023 πορίσαι
1573 1987 1612 2023 τῷ
1631 1987 1744 2014 κλύδωνι
1758 1994 1809 2022 μη-

1021 2033 1182 2069 χανώμενοι.
1197 2034 1252 2060 Καὶ
1263 2033 1362 2065 αὐτοὺς
1374 2033 1464 2059 τοίνυν
1477 2033 1618 2067 ὲφοδιάσαι
1642 2034 1703 2064 ταῖς
1725 2040 1810 2068 προσ-

1021 2081 1124 2114 ευχαῖς,
1155 2079 1202 2105 καὶ
1231 2080 1303 2114 ἡμᾶς
1329 2079 1441 2110 ταύταις
1473 2079 1577 2114 ἐρεῖσαι
1607 2078 1810 2114 παρακλήϐητι,

1020 2125 1145 2151 δέσποτα.

1109 2181 1158 2208 Pl’.
1182 2196 1217 2200 -—
1231 2181 1333 2216 Δόμνῳ
1348 2172 1506 2213 ἑπισκέέπφ
1528 2180 1724 2214 Ἀντιοχείας,

1064 2237 1209 2271 Ἀναγνοὺς
1226 2237 1259 2263 τὰ
1283 2238 1446 2273 γράμματα,
1464 2238 1514 2273 τῆς
1534 2237 1748 2273 μακαριωτάτης
1766 2236 1815 2263 ἁν-

1022 2283 1162 2319 εμνήσθην
1189 2283 1352 2319 Σουσάννης,
1381 2285 1398 2319 ἢ
1423 2283 1487 2316 τοὺς
1511 2283 1665 2319 ἀλάστορας
1691 2283 1813 2314 ἐκείνους

1022 2329 1125 2365 ὁρῶσα,
1141 2329 1187 2356 καὶ
1205 2329 1250 2355 τὸν
1262 2329 1316 2356 τῶν
1329 2329 1397 2356 ὅλων
1408 2329 1475 2356 Θεὸν
1490 2330 1619 2364 παρεῖναι
1633 2328 1812 2360 πιστεύουσα,

1023 2374 1073 2410 τὴν
1090 2375 1244 2410 Θαυμασίαν
1264 2375 1372 2410 ἐκείνην
1389 2374 1478 2409 ἀφῆκε
1494 2375 1586 2409 φωνὴν
1606 2382 1613 2390 ·
1638 2383 1648 2399 ‹
1668 2373 1753 2399 Στενὰ
1767 2381 1812 2407 μοι

1024 2420 1165 2448 πάντοθεν.
1183 2429 1192 2446 ι
1218 2420 1287 2446 Ἀλλ’
1308 2421 1381 2456 ὅμως
1401 2421 1488 2446 είλετο
1506 2419 1605 2455 μᾶλλον
1619 2420 1680 2450 ταῖς
1698 2418 1749 2453 τῆς
1766 2425 1814 2443 συ⁸

1024 2467 1171 2500 κοφαντίας
1187 2467 1289 2500 πάγαις
1304 2467 1474 2501 περιπεσεῖν,
1496 2466 1513 2501 ἦ
1538 2465 1585 2492 τοῦ
1611 2465 1716 2491 δικαίου
1732 2472 1815 2490 κατα-

1024 2512 1159 2547 φρονῆσαι
1183 2511 1288 2547 κριτοῦ.
1304 2513 1358 2539 Καὶ
1373 2512 1431 2543 νῦν,
1446 2511 1574 2543 δέσποτα,
1595 2510 1643 2537 δύο
1658 2510 1811 2546 πρόκειται.

1023 2557 1109 2584 Τοῦτο
1125 2558 1153 2584 δὲ
1165 2558 1295 2589 πολλάκις
1312 2559 1464 2593 εἰρήκαμεν
1481 2565 1488 2572 ’
1506 2557 1523 2592 ἢ
1536 2556 1596 2591 Θεῷ
1612 2555 1812 2590 προσκροῦσαι.

1021 2604 1067 2629 καὶ
1082 2603 1180 2638 βλάψαι
1203 2603 1233 2629 τὸ
1248 2603 1376 2635 συνειδδς,
1400 2603 1416 2638 ἢ
1433 2603 1493 2634 ταῖς
1514 2602 1617 2633 ἀδίκοις
1634 2601 1688 2628 τῶν
1708 2599 1814 2636 ἁνθρώ‹

1022 2657 1081 2675 πων
1093 2648 1193 2683 ψήφοις
1206 2649 1372 2682 περιπεσεῖν.
1405 2647 1482 2682 Ἐμοὶ
1495 2647 1523 2673 δὲ
1542 2646 1601 2673 οὐδὲ
1617 2646 1690 2672 δοχεῖ
1710 2645 1813 2671 τούτων

1024 2694 1122 2720 εἰδέναι
1137 2702 1162 2720 τι
1175 2695 1220 2720 τὸν
1234 2694 1429 2720 εὐσεϐέστατον
1446 2693 1569 2728 βασιλέα.
1589 2693 1621 2720 Τί
1641 2692 1695 2728 γὰρ
1712 2691 1814 2718 ὲκώλνρ
