1962 3051
147 172 216 204 1305

849 172 1029 202 EPISTULA
1047 174 1105 204 CX.

1707 172 1775 204 1306

146 236 191 254 οεν
202 227 282 254 αὐτὸν
298 226 413 262 γράψαι,
439 226 486 252 καὶ
507 226 652 267 ἐπιτρέψαι
675 225 841 261 χειροτονίαν
857 225 932 259 γενέ-

986 233 1101 260 nemque
1122 225 1179 253 ﬁeri
1198 226 1306 260 jubere,
1324 224 1346 252 si
1368 233 1463 252 revera
1484 225 1536 253 hoc
1553 225 1590 252 illi
1610 225 1774 260 placuisset?

146 274 217 305 σθαι,
240 274 319 308 εῐπερ
340 273 447 307 άληθῶς
463 273 543 300 αὑτὸν
558 273 708 308 ἐθεράπευε
723 271 817 304 τοῦτο;
835 271 867 297 Τί
884 271 932 306 δή·

144 327 210 345 ποτε
220 319 249 345 δὲ
260 318 358 350 ἔξωθεν
374 319 429 353 (67)
441 318 580 345 ἀπειλοῦσι
592 319 639 344 καὶ
652 318 826 349 δεδίττονται,
840 316 932 351 γράμ-

147 371 219 398 ματα
238 363 266 389 δὲ
285 363 433 397 προφανῶς
454 363 533 389 τοῦτο
549 363 694 389 κελεύοντα
712 363 742 389 οὗ
757 362 930 396 nep-nouam;

144 410 222 435 Δνοίν
237 409 289 444 γὰρ
306 409 431 444 θάτερον,
453 409 469 444 ἢ
491 409 521 436 οὐ
537 410 661 436 πείθεται
676 409 780 444 γράψαι
794 410 808 435 ὁ
822 409 933 435 εὐσεσέο

147 463 244 486 στατος
272 454 409 490 βασιλεὺς,
438 455 454 489 ῆ
480 454 714 486 κατασκευάζουσι
738 454 932 488 παρανομῆσαι

145 500 230 535 ἡμᾶς,
242 501 290 527 καὶ
303 500 380 532 δίκας
395 501 441 527 ὑπ’
455 500 545 527 αὐτῶν
560 500 673 536 ὕστερον
688 500 739 535 τῆς
761 500 932 535 παρανομίας

145 545 339 580 ἀπαιτηθῆναι.
355 546 501 581 Πρόκειται
515 545 570 581 γὰρ
581 546 647 581 ἡμῖν
658 545 688 571 τὸ
701 545 772 572 κατὰ
783 545 828 571 τὸν
844 544 933 579 μακά-

147 600 202 626 ριον
219 591 380 627 Πριγκίπιον
391 591 544 626 ὑπόδειγμα
556 599 562 605 ·
583 592 641 617 ἐκεῖ
658 590 706 617 καὶ
726 590 870 625 ἐγγράφως
887 599 934 616 κε-

144 636 299 669 λεύσαντες,
319 637 397 667 δίκας
422 636 542 671 ἀπῄτουν
564 635 609 662 τὸν
632 635 835 663 ὑπακούσαντα.
856 636 890 661 "A
904 635 933 661 δὲ

144 683 266 717 ἀνέγνων
279 683 339 709 κατ’
353 682 436 718 αὐτὴν
458 682 506 717 τὴν
520 683 638 717 ἡμέραν,
656 682 716 708 καθ’
728 682 761 717 ἣν
782 683 796 709 ό
811 682 934 708 λεκτικὰ-

146 736 203 763 pta;
231 728 360 762 ἀφίκετο,
387 728 549 763 γράμματα,
577 728 685 754 ἐναντία
714 728 818 759 τούτοις
849 728 932 754 ἐστίν.

146 774 241 808 ’Δγιος
253 774 306 809 γάρ
320 783 362 805 τις
380 774 503 809 μονάζων
519 774 573 800 τῶν
587 774 730 809 ἐπισήμων
745 773 848 808 ἔγραψε
865 773 934 808 πρός

145 830 215 853 τινα,
233 821 270 852 ὼς
295 820 404 853 ἐδέξατο
418 820 572 856 γράμματα
593 820 640 846 καλ⁸
660 819 707 846 τοῦ
726 820 933 854 μεγαλοπρεπε-

147 866 244 892 στάτου
264 865 426 901 σπαθαρίου,
452 866 499 893 καὶ
522 865 570 892 τοῦ
592 864 762 897 ὲνδοξοτάτου
780 865 833 891 ἀπὸ
852 864 933 899 μαγί-

147 921 246 948 στρων,
264 912 430 947 σημαίνοντα
443 912 480 943 ὡς
493 911 660 947 διορθώσεως
672 911 796 944 τεύξεται
812 911 847 937 τὰ
863 911 934 938 κατὰ
950 903 971 930 Β

146 958 191 984 τὸν
212 958 416 992 θεοφιλέστατον
432 958 579 985 ἐπίσκοπον
598 959 643 984 τὸν
663 958 758 993 κύριον
771 958 932 993 Εἰρηναῖον*

146 1005 194 1030 καὶ
213 1004 315 1039 ταύτης
333 1012 364 1038 γε
387 1003 435 1039 τῆς
454 1004 571 1038 σπουδῆς
585 1004 734 1035 ἀντιδόσεις
751 1003 871 1039 ἀπῄτουν
885 1003 933 1035 τὰς

146 1050 216 1085 ὑπὲρ
230 1051 320 1076 αὐτῶν
335 1050 498 1085 προσευχάς.
523 1049 594 1084 Ἐγὼ
608 1050 697 1077 τοίνυν
715 1049 818 1085 νομίζω
836 1050 934 1084 χρῆναι

146 1096 283 1131 γραφῆναι
301 1096 369 1131 πρὸς
381 1096 442 1127 τοὺς
461 1096 633 1130 γεγραφότας
648 1096 701 1123 ἀπὸ
711 1096 762 1131 τῆς
776 1095 934 1130 βασιλευού-

146 1149 196 1175 σης
215 1141 318 1171 πόλεως
340 1141 497 1177 κληρικοὺς,
517 1142 557 1168 ὅτι
570 1141 653 1176 ψήφῳ
675 1141 724 1175 μὲν
737 1141 791 1167 τῶν
810 1141 859 1176 τῆς
875 1142 934 1168 Φοι-

145 1186 224 1221 νίκης
241 1187 455 1220 Θεοφιλεστάτων
470 1186 627 1213 ἐπισκόπων
647 1186 779 1217 πεισθεὶς,
797 1187 934 1221 ἐχειροτό-

146 1241 215 1266 νησα
230 1233 275 1258 τὸν
290 1233 495 1266 θεοφιλέστατον
512 1233 660 1258 ἐπίσκοπον
677 1233 835 1267 Είρηναϊον’
847 1233 892 1259 τόν
905 1241 933 1259 τε

147 1279 238 1314 ζῆλον,
256 1279 303 1304 καὶ
316 1278 366 1313 τὴν
384 1277 597 1312 μεγαλοψυχίαν,
612 1278 658 1304 καὶ
673 1278 723 1312 τὴν
738 1278 932 1313 φιλοπτωχίαν.

146 1324 194 1351 καὶ
206 1323 255 1355 τὰς
270 1323 352 1354 ἄλλας
366 1323 439 1358 αὐτῷ
457 1323 584 1354 συνειδὼς
601 1323 712 1357 ἀρετὰς,
728 1324 774 1350 καὶ
791 1324 860 1359 πρὸς
874 1325 935 1350 τού-

145 1379 213 1402 τοις,
230 1370 279 1405 τὴν
294 1369 348 1396 τῶν
365 1369 508 1404 δογμάτων
524 1369 667 1404 ὀρθότητα.
685 1370 741 1396 Οὐκ
756 1370 867 1404 οἴδαμεν
880 1370 934 1405 γὰρ

146 1415 227 1441 αὑτὸν
243 1414 481 1450 παραιτησάμενον
493 1413 602 1440 πώποτε
617 1414 745 1440 Θεοτόκον
759 1415 872 1441 καλέσαι
885 1415 933 1450 τὴν

147 1459 227 1493 ἁγίαν
242 1459 389 1494 Παρθένον,
404 1459 421 1494 ἢ
441 1459 505 1485 ἄλλο
521 1468 547 1485 τι
562 1459 682 1485 ἐναντίον
697 1460 868 1494 φρονήσαντα
878 1462 934 1492 τοῖς

146 1505 331 1539 εὐαγγελικοῐς
346 1505 487 1539 δόγμασιν.
504 1505 551 1536 Εἰς
565 1505 593 1531 δὲ
616 1505 645 1531 τὸ
662 1505 711 1539 τῆς
723 1506 862 1540 διγαμίας,
878 1507 934 1538 τοῖς

146 1551 200 1586 πρὸ
216 1550 294 1585 ἡμῶν
309 1549 542 1585 ὴκολουθήσαμεν.
561 1551 614 1576 Καὶ
631 1550 685 1586 γὰρ
696 1551 710 1577 ὁ
727 1551 775 1586 τῆς
795 1552 932 1586 μακαρίας
948 1567 970 1596 c

145 1595 193 1621 καὶ
206 1595 282 1626 ὁσίας
308 1595 417 1630 μνήμης
444 1595 625 1630 Ἀλέξανδρος,
646 1597 660 1621 ὁ
688 1596 732 1622 τὸν
757 1596 934 1623 ἀποστολικὺν

145 1640 240 1667 τοῦτον
263 1640 450 1675 διακοσμήσας
473 1640 577 1674 θρόνον,
606 1641 653 1667 σὺν
667 1640 707 1674 τῷ
733 1643 934 1677 μακαριωτάτη)

153 1686 272 1720 ’Δκακίῳ
294 1687 343 1721 τῆς
363 1686 475 1720 Βεροίας
490 1686 641 1721 ὲπισκόπῳ,
662 1687 706 1712 τὸν
730 1688 777 1721 τῆς
796 1689 934 1723 μακαρίας

150 1732 260 1766 μνήμης
273 1731 403 1766 Διογένην
422 1731 628 1767 ἐχειροτόνησαν
649 1733 763 1767 δίγαμον
783 1733 846 1760 ὄντα
858 1742 865 1749 ·
879 1734 934 1760 ώσ-

145 1777 235 1808 αύτως
256 1777 284 1803 δὲ
308 1777 356 1803 καὶ
379 1777 393 1803 ὁ
419 1777 554 1812 μακάριος
570 1777 715 1812 Πραῦλιος,
738 1779 866 1812 Δομνῑνον
888 1780 934 1806 τὸν

146 1822 313 1858 Καισαρείας
337 1822 451 1858 δίγαμον
473 1823 545 1850 ὅντα.
569 1823 646 1849 Ἐθει
669 1824 759 1850 τοίνυν
782 1824 932 1859 ἠκολουθή-

146 1877 241 1903 σαμεν,
260 1869 307 1896 καὶ
323 1869 451 1904 ἀνδράσιν
469 1870 623 1904 ἐπισήμοις,
642 1870 689 1896 καὶ
712 1870 757 1895 ἐπὶ
771 1870 869 1903 γνώσει
888 1871 935 1897 καὶ

147 1914 196 1949 βίῳ
212 1914 450 1949 πολυθρυλλήτοις.
468 1914 556 1941 Πολλὰ
575 1915 603 1941 δὲ
623 1915 670 1941 καὶ
685 1916 752 1942 ἄλλα
766 1916 879 1943 τοιαῦτα
895 1917 935 1942 δε-

144 1961 304 1995 διδαγμένος
318 1961 332 1986 ὁ
350 1962 400 1996 τῆς
419 1961 556 1996 μακαρίας
573 1962 683 1997 μνήμης
704 1962 842 1997 Πρόκλος,
859 1964 873 1988 ὁ
886 1963 935 1997 τῆς

146 2007 470 2034 Κωνσταντινουπολιτῶν
485 2000 644 2039 ἐπίσκοπος,
657 2008 705 2034 καὶ
722 2009 801 2040 αὐτὸς
816 2009 866 2044 τὴν
880 2017 935 2043 χει-

147 2052 269 2086 ροτονίαν
281 2051 398 2084 ἐδέξατο,
423 2051 469 2077 καὶ
487 2051 607 2086 ἔγραψεν
631 2053 751 2079 ἐπαινῶν
771 2054 817 2080 καὶ
831 2053 935 2088 θαυμά-

145 2097 210 2130 ζων.
228 2097 365 2129 Ὡσαύτως
377 2098 405 2124 δὲ
422 2098 469 2124 καὶ
481 2099 504 2124 οἱ
525 2099 712 2132 πρωτεύοντες
730 2100 779 2134 τῆς
798 2101 934 2135 Ποντικῆς

144 2146 303 2180 διοικήσεως
323 2145 523 2179 θεοφιλέστατοι
549 2145 710 2178 ἐπίσκοποι,
732 2147 778 2173 καὶ
793 2147 817 2172 οἱ
835 2141 934 2174 Παλαι-

147 2192 229 2217 στῖνοι
250 2191 360 2223 πάντες,
381 2190 428 2216 καὶ
448 2190 561 2224 οὐδεμία
583 2190 732 2225 ἀμφιϐολία
758 2192 821 2226 περὶ
840 2192 933 2218 τούτου

985 272 1122 305 Quorsum
1141 272 1362 299 vero_minantur
1381 271 1464 298 etiam
1486 271 1563 302 foris,
1585 276 1772 307 terrercmque

985 318 1130 353 injiciunt,
1151 323 1179 345 et
1200 318 1306 345 litteras
1331 326 1392 352 qutc
1416 322 1509 352 aperte
1535 318 1588 346 hoc
1615 319 1774 353 przeeipiant

988 363 1095 398 1180
1113 371 1168 390 non
1187 363 1316 390 mittunt?
1334 364 1455 390 Duorum
1476 363 1551 390 enim
1571 369 1612 390 est
1631 365 1748 390 alterum
1765 373 1772 390 :

985 410 1028 436 vel
1043 409 1141 436 adduci
1157 417 1211 436 non
1226 413 1316 444 potest
1330 409 1470 444 piissimus
1485 409 1644 444 imperator,
1661 414 1691 436 ut
1705 410 1774 437 scri—

986 455 1046 487 bat;
1060 455 1101 482 vel
1115 455 1167 482 hoc
1177 459 1270 490 agunt,
1282 460 1313 482 ut
1326 455 1399 490 leges
1411 455 1555 487 violemus,
1569 459 1597 481 et
1610 454 1660 489 ipsi
1673 455 1774 482 deinde

986 508 1001 527 a
1018 500 1097 528 nobis
1111 494 1203 528 delicti
1219 508 1314 535 poenas
1331 505 1486 536 reposcant.
1506 501 1637 528 Versatur
1651 501 1724 528 enim
1737 500 1773 527 ob

986 547 1081 574 oculos
1101 547 1256 581 exemplum
1279 547 1353 574 beati
1373 546 1503 581 Principii
1522 555 1528 573 ι
1549 546 1594 573 ubi
1613 554 1674 573 cum
1690 546 1772 573 etiam

987 593 1089 627 scripto
1101 593 1257 628 iussissent,
1273 601 1368 628 pinnas
1381 598 1470 620 tamen
1487 593 1521 619 ab
1535 601 1569 620 eo
1584 593 1632 627 qui
1647 596 1775 627 paruerat

986 638 1141 673 exigebant.
1159 639 1245 665 Porro
1258 639 1366 670 litterae,
1380 646 1448 673 quas
1462 646 1495 665 co
1510 638 1568 672 ipso
1583 638 1627 664 die
1644 637 1706 672 legi,
1720 645 1775 672 quo

986 684 1142 711 lecticarius
1165 683 1291 716 advenit,
1320 683 1363 711 his
1390 688 1454 711 sunt
1479 684 1631 710 contrariae.
1658 683 1773 716 Quidam

986 729 1059 756 enim
1075 734 1185 756 sanctus
1199 729 1350 756 monachus
1362 737 1394 756 ex
1410 729 1562 756 illustribus
1581 729 1688 756 cuidam
1706 729 1774 756 scri-

987 775 1051 809 psit,
1067 775 1173 802 litteras
1190 782 1219 802 se
1236 775 1383 809 accepisse,
1403 779 1460 801 tum
1475 783 1490 801 a
1506 774 1774 809 magnificentissimo

987 819 1144 854 spatbario,
1168 823 1225 846 tum
1247 827 1262 845 a
1284 818 1483 854 gloriosissimo
1508 819 1690 853 exmagistro,
1715 827 1776 853 qum

987 865 1110 892 indicant
1127 873 1170 892 res
1187 866 1243 892 Deo
1259 865 1412 892 cbarissimi
1434 865 1555 899 episcopi
1573 866 1581 874 ·
1599 864 1702 891 domini
1721 864 1777 892 Ire-

985 911 1036 937 nazi
1056 911 1170 938 meliore
1188 911 1249 938 loco
1267 910 1384 942 futuras,
1401 916 1482 945 atque
1504 910 1586 945 hujus
1608 910 1650 937 sui
1673 909 1775 936 laboris

986 958 1138 984 mercedem
1165 958 1288 992 ipsorum
1312 965 1409 992 preces
1433 956 1600 992 ﬂagitabant.
1624 955 1714 989 Quare
1741 956 1775 983 ad

985 1003 1101 1030 clericos
1120 1003 1166 1037 qui
1181 1011 1214 1030 ex
1228 996 1303 1030 urbe
1315 1002 1389 1038 regia
1403 1002 1572 1036 scripserunt
1591 1001 1675 1028 scribi
1694 1009 1776 1036 opor-

986 1054 1045 1076 tere
1073 1057 1190 1081 censeo,
1216 1048 1365 1075 adductum
1394 1055 1437 1074 me
1467 1048 1523 1074 Deo
1551 1047 1775 1074 charissimorum

985 1095 1132 1123 Phoenicize
1150 1095 1340 1130 episcoporum
1361 1093 1484 1126 decreto,
1505 1094 1561 1120 Deo
1584 1092 1775 1120 cbarissimum

985 1142 1144 1176 episcopum
1158 1141 1290 1168 lrenreum
1305 1139 1459 1172 ordinasse,
1472 1147 1534 1167 cum
1549 1139 1622 1166 illius
1635 1143 1663 1165 et
1673 1139 1774 1171 zelum,

985 1192 1013 1214 et
1036 1186 1298 1222 magnanimitatem,
1325 1190 1352 1213 et
1378 1193 1498 1212 amorem
1528 1185 1555 1211 in
1582 1191 1726 1219 pauperes,
1747 1188 1776 1211 et

985 1233 1052 1260 alias
1066 1234 1126 1268 eius
1138 1233 1256 1259 virtutes
1271 1235 1429 1266 perspectas
1441 1231 1583 1263 haberem,
1600 1238 1631 1257 ac
1644 1234 1776 1266 prmterea

985 1278 1142 1313 dogmatum
1163 1277 1366 1304 rectiludinem.
1384 1276 1439 1303 Nec
1454 1276 1526 1302 enim
1541 1275 1643 1302 scimus
1655 1283 1775 1310 unquam

987 1331 1126 1351 recusasse
1151 1323 1295 1358 Dciparam
1318 1322 1455 1356 appellare
1480 1324 1603 1348 sanctam
1621 1320 1774 1356 Virginem,

985 1373 1032 1396 aut
1048 1369 1122 1395 aliud
1139 1368 1280 1403 quidpiam
1300 1375 1315 1394 a
1332 1367 1450 1394 decretis
1470 1366 1635 1402 evangelicis
1654 1366 1773 1393 alienum

985 1416 1113 1442 sensisse.
1129 1414 1207 1448 Quod
1228 1421 1295 1441 vero
1309 1414 1342 1440 ad
1357 1413 1502 1447 digamiam
1516 1413 1624 1445 attinet,
1640 1413 1773 1447 majorum

985 1462 1107 1496 vestigiis
1118 1461 1285 1488 inhiesimus.
1296 1461 1362 1487 Nam
1374 1464 1401 1487 et
1409 1460 1495 1486 beatae
1506 1463 1659 1493 sanctmqne
1671 1466 1776 1485 memo-

986 1508 1202 1540 riteAlexander,
1212 1508 1257 1542 qui
1267 1507 1442 1542 apostolicam
1453 1506 1522 1532 banc
1530 1505 1620 1532 sedem
1631 1504 1710 1536 rexit,
1721 1512 1775 1532 una

987 1563 1048 1582 cum
1061 1555 1220 1582 beatissimo
1238 1554 1336 1581 Acacio
1351 1553 1453 1580 Beroea:
1473 1552 1601 1586 episeopo
1617 1551 1703 1578 beatae
1720 1558 1776 1578 me-

988 1601 1082 1628 moriae
1104 1601 1250 1636 Diogenem
1271 1600 1409 1634 digamum
1434 1598 1571 1625 ordinavit
1594 1606 1600 1624 :
1624 1597 1776 1631 eodemque

988 1646 1069 1674 modo
1081 1646 1178 1672 beatus
1193 1644 1317 1679 Praylius
1332 1643 1497 1670 Domninum
1515 1642 1655 1672 Caesareae,
1671 1641 1717 1675 qui
1730 1641 1776 1667 'di-

987 1700 1083 1727 gamus
1096 1691 1160 1718 item
1171 1694 1238 1716 erat.
1248 1688 1481 1716 Consuetudinem
1494 1695 1559 1722 ergo
1571 1685 1773 1720 sccuti1181

988 1745 1092 1768 sumus,
1111 1740 1139 1763 et
1157 1736 1231 1763 viros
1253 1735 1374 1762 illustres
1392 1734 1563 1767 scientiaque
1582 1737 1610 1759 et
1631 1732 1686 1759 vita
1705 1731 1777 1759 cele-

988 1783 1134 1811 berrimos.
1155 1782 1194 1809 Ac
1214 1781 1299 1808 multa
1320 1781 1402 1807 etiam
1423 1780 1474 1806 alia
1493 1778 1649 1814 bujusmodi
1664 1777 1776 1805 minime

989 1829 1116 1864 ignorans
1136 1828 1222 1854 beata:
1243 1824 1381 1852 memoria:
1402 1825 1524 1856 Proclus,
1545 1823 1776 1857 Constantinopo-

988 1875 1134 1902 litanorum
1152 1874 1307 1908 episcopus,
1322 1876 1349 1898 et
1364 1870 1564 1898 ordinationem
1582 1870 1639 1904 ipse
1655 1868 1775 1899 admisit,

987 1927 1015 1948 et
1034 1921 1148 1947 laudans
1163 1923 1190 1946 et
1205 1918 1359 1953 approbatis
1378 1917 1528 1951 rescripsit.
1546 1915 1678 1943 Similiter
1692 1914 1775 1942 etiam

988 1967 1107 1994 Ponticae
1133 1965 1284 1992 dimcescos
1308 1962 1431 1998 primarii
1456 1962 1513 1988 Deo
1536 1959 1690 1987 charissimi
1715 1959 1774 1994 epi-

988 2012 1074 2046 scopi,
1092 2015 1119 2038 et
1135 2009 1272 2037 Palaestini
1289 2016 1385 2035 omnes
1401 2017 1407 2034 :
1421 2014 1510 2042 neque
1525 2006 1580 2033 ulla
1597 2010 1655 2048 orta
1669 2009 1711 2033 est
1724 2005 1776 2033 hac

988 2057 1022 2083 dc
1050 2064 1079 2083 re
1106 2054 1311 2086 controversia;
1339 2057 1366 2080 et
1391 2052 1514 2086 iniquum
1542 2050 1660 2078 dicimus
1686 2050 1776 2078 virum

988 2102 1117 2130 damnare
1141 2099 1234 2127 multis
1258 2107 1290 2126 ac
1309 2098 1394 2125 variis
1415 2097 1531 2132 egregiis
1552 2096 1722 2123 facinoribus
1741 2095 1775 2123 il-

988 2148 1111 2174 lustrem.
1130 2147 1193 2173 llaec
1211 2149 1238 2172 et
1258 2144 1301 2171 his
1321 2143 1420 2171 similia
1437 2150 1496 2169 mea
1512 2141 1622 2176 quidem
1640 2141 1776 2168 sententia

988 2194 1108 2221 scribere
1133 2195 1241 2227 oportet
1267 2199 1274 2217 :
1299 2189 1346 2216 sed
1370 2189 1393 2216 si
1417 2188 1483 2223 quid
1510 2187 1584 2214 aliud
1607 2186 1635 2213 in
1656 2190 1775 2214 mentem

145 2235 307 2270 γεγένηται·
327 2235 374 2261 καὶ
391 2234 518 2265 δυσσεῦὲς
542 2234 688 2269 νομίζομεν
709 2235 739 2260 τὸ
769 2236 930 2270 κατακρῖναι

988 2240 1062 2267 venit
1076 2237 1212 2266 sanctitati
1230 2241 1293 2268 tuze,
1305 2235 1351 2262 ﬁat
1364 2234 1436 2269 quod
1451 2233 1600 2261 videbitur.
1617 2233 1672 2267 Ego
1689 2232 1773 2265 enim,

146 2279 231 2314 ἄνδρα
258 2278 365 2309 πολλοῖς
382 2279 428 2304 καὶ
448 2278 628 2310 παντοδαποῖς
647 2278 841 2314 κατορθώμασι
863 2280 933 2315 λαμ-

146 2325 322 2359 πρυνόμενον.
346 2322 439 2350 Ταῦτα
456 2324 503 2350 καὶ
521 2324 555 2350 τὰ
570 2323 683 2351 τοιαῦτα
700 2325 772 2352 κατὰ
791 2325 840 2360 τὴν
862 2326 933 2361 ἐμὴν

145 2369 258 2405 γνώμην
270 2370 309 2396 δεῖ
318 2368 432 2404 γράψαι.
446 2369 477 2395 ΕΞ
490 2369 518 2395 δὲ
531 2368 596 2396 ἄλλο
608 2377 635 2396 τι
649 2370 749 2405 συνορᾷ
764 2378 810 2396 σου
821 2371 838 2406 ἡ
857 2371 934 2405 ἁγιό-

144 2424 205 2450 της,
218 2415 249 2441 τὺ
260 2415 355 2442 δοκοῦν
374 2415 500 2449 γινέσθω.
518 2415 589 2449 Ἐγὼ
607 2415 662 2450 γὰρ
679 2417 725 2442 καὶ
739 2416 788 2452 τὴν
802 2417 877 2451 μίαν,
895 2418 933 2450 ὤς

145 2461 295 2496 νομίζουσι,
318 2461 453 2496 τιμωρίαν
480 2461 636 2496 δεξάμενος,
658 2461 766 2497 ἕτοιμός
792 2464 861 2498 εἰμι,
885 2464 932 2490 τοῦ

144 2507 211 2533 Θεοῦ
231 2515 276 2541 μοι
292 2505 463 2540 βοηθοῦντος,
479 2506 605 2539 δέξασθαι
619 2507 666 2533 καὶ
685 2507 735 2543 τὴν
748 2507 841 2544 ἄλλην.
860 2510 890 2536 El
905 2510 933 2537 δὲ

146 2553 191 2579 καὶ
206 2553 301 2588 τρίτην
324 2552 473 2588 βούλονται,
498 2552 544 2580 καὶ
559 2554 704 2588 τετάρτην,
719 2554 770 2589 τῆς
789 2554 864 2587 θείας
883 2556 934 2591 χά-

987 2286 1033 2321 qui
1046 2292 1110 2316 una,
1122 2288 1153 2311 ut
1166 2287 1271 2319 putant,
1283 2289 1363 2317 poena
1371 2288 1431 2308 sum
1442 2279 1565 2312 affectus,
1577 2282 1688 2314 paratus
1702 2286 1774 2310 sum,

987 2332 1043 2359 Deo
1057 2338 1101 2358 me
1112 2331 1236 2365 iuvante,
1247 2332 1276 2355 et
1287 2327 1402 2355 alteram
1412 2326 1506 2353 subire
1520 2333 1528 2352 :
1542 2324 1614 2360 quod
1626 2324 1649 2352 si
1664 2323 1774 2352 tertiam

987 2384 1096 2413 quoque
1113 2375 1219 2406 volunt,
1231 2378 1258 2401 et
1271 2378 1407 2409 quartam,
1421 2371 1514 2399 divina
1531 2371 1659 2398 iniciente
1674 2370 1775 2405 gratia,

986 2422 1117 2452 feremus,
1128 2420 1269 2454 Deumque
1283 2417 1466 2445 laudabimus.
1476 2415 1554 2449 Quod
1567 2415 1590 2442 si
1602 2414 1701 2449 probat
1709 2421 1773 2440 san-

987 2468 1067 2496 ctitas
1081 2471 1137 2499 tua,
1150 2466 1293 2494 videamus
1305 2464 1386 2492 etiam
1398 2463 1464 2498 quid
1478 2471 1493 2490 e
1505 2461 1647 2490 Palestina
1660 2468 1775 2495 respon-

987 2515 1095 2546 deatur,
1112 2517 1140 2540 et
1161 2512 1227 2547 quid
1246 2511 1317 2538 facto
1334 2510 1370 2537 sit
1384 2518 1453 2545 opus
1473 2507 1628 2536 accuratius
1648 2505 1774 2533 conside-

988 2561 1091 2588 rantes,
1109 2556 1146 2583 ila
1162 2554 1417 2589 Constantinopolin
1434 2553 1598 2580 scribamus.

147 2607 219 2633 ριτος
235 2600 428 2636 περειδοὺσης
451 2602 571 2636 οἴσομεν,
593 2601 638 2628 τὸν
661 2601 799 2638 Δεσπότην
816 2604 982 2639 ὑμνοῦντες·
1019 2605 1042 2630 εἰ
1075 2604 1102 2630 δὲ
1131 2602 1273 2636 δοκιμάζει
1290 2611 1335 2628 σον
1354 2602 1370 2637 ἡ
1390 2601 1508 2636 ὁσιότης,
1541 2600 1640 2635 ἴδωμεν
1661 2599 1707 2625 καὶ
1725 2597 1774 2628 τὰς

145 2645 198 2671 ἀπὸ
218 2646 400 2681 Παλαιστίνης
423 2647 597 2683 ἀποκρίσεις·
621 2648 667 2674 καὶ
687 2649 881 2685 ἀκριϐέστερον
902 2651 932 2677 τὸ
950 2650 1085 2686 πρακτέον
1096 2649 1294 2684 σκοπήσαντες,
1306 2647 1376 2675 οὕτω
1397 2648 1443 2674 καὶ
1462 2646 1612 2682 γράψωμεν
1626 2645 1664 2676 είς
1697 2644 1775 2671 Κων-

148 2700 163 2716 a
169 2693 285 2718 ταντινού
290 2693 375 2719 πολιν.

181 2833 237 2865 (67)
253 2833 297 2873 Sic
310 2834 336 2860 in
353 2834 434 2873 δέξαι).
454 2841 479 2862 et
497 2837 582 2873 Varie.
608 2837 686 2873 apud
703 2837 860 2870 Baronium,
884 2837 929 2872 qui
950 2838 982 2866 ad
999 2847 1024 2866 ιι.
1041 2839 1103 2871 «ΗἸ,
1123 2843 1141 2864 t.
1175 2838 1217 2869 Vl,
1232 2846 1259 2873 p.
1282 2838 1314 2865 52
1341 2845 1399 2872 seq.
1433 2837 1503 2864 hanc
1524 2836 1604 2862 habet
1619 2833 1764 2870 epistolam

146 2868 308 2896 Sirmondus
327 2868 447 2897 ediderat
461 2873 484 2897 οἱ
502 2871 610 2903 ἔξωθεν.
