1962 3051
167 157 233 189 13M

659 160 903 190 THEODORETI
924 160 1094 191 EPISCOPI
1114 157 1294 190 CYRENSIS

1721 155 1790 187 131?.

165 214 231 249 psit,
249 213 412 241 Eutherium
432 213 597 248 Tyanorum,
620 214 741 242 Firmum
762 215 904 248 Caesareae,
925 220 952 242 et

1006 215 1086 241 λαίων
1104 201 1254 241 δεικνύντα.
1269 212 1326 248 Πρδ
1342 211 1456 247 μὲνγὰρ
1469 210 1517 246 τῆς
1534 211 1573 242 είς
1590 211 1707 246 Ἔφεσον
1720 213 1791 239 ἀπο-

166 257 338 285 τὴοοάοῐυη]
358 257 482 293 Ancyras,
503 258 670 292 Apollinaris
690 259 841 287 doctrinam
863 261 952 295 capita

165 302 225 330 haec
245 302 395 337 appellans.
429 303 462 329 Et
490 303 563 337 apud
589 303 740 338 Ephesum,
771 305 951 332 Alexandrini

166 348 351 382 Ephesiuique
360 347 552 381 depositionis,
566 356 646 382 quam
660 348 785 381 fecimus,
803 357 884 376 causa
902 349 953 376 fuit

167 392 285 426 capitum
299 392 413 419 istorum
426 393 563 427 expositio
574 398 602 420 et
617 393 800 421 conﬁrmatio.
817 394 951 429 Synodica

165 445 249 472 porro
264 438 365 472 Ephesi
377 438 463 465 multa
478 443 535 466 tum
549 439 581 466 ad
598 439 730 467 victorem
748 440 951 475 imperatorem,

166 487 224 509 tum
257 482 291 509 ad
319 491 442 511 summos
470 484 645 519 magistratus
668 485 702 512 de
730 485 826 513 iisdem
852 486 953 520 scripta

165 530 238 558 sunt,
261 527 382 562 itemque
400 528 434 554 ad
457 529 589 563 populum
607 529 952 565 Constantinopolitanum,

165 575 193 597 et
204 571 237 598 ad
252 572 513 600 reverendissimum
525 574 640 601 clerum.
652 574 808 607 Quinetiam
820 575 954 603 Constan-

166 617 300 652 tinopolin
320 619 443 650 evocati,
468 619 641 654 cognitiones
666 625 800 655 praasente
824 621 883 655 ipso
900 622 953 648 im-

165 667 290 696 peratore
305 663 403 697 quinas
418 664 574 696 habuimus,
585 670 612 692 et
626 670 681 693 tres
698 667 816 700 posthaxc
832 667 864 693 ad
878 675 954 693 eum-

169 706 230 733 dem
252 708 464 741 protestationes
482 708 618 736 misimus.
636 710 674 736 De
693 709 735 736 his
751 711 833 737 etiam
852 711 886 737 ad
905 711 953 738 Dei

169 752 372 780 amantissimos
405 754 549 788 episcopos
588 755 760 788 Occidentis,
798 756 953 789 Mediolani,

167 798 309 832 Aquileiae,
334 803 362 826 et
386 799 523 826 Ravean
543 801 712 835 scripsimus,
736 802 954 837 Apollinaristh

171 844 299 871 novitatis
324 845 404 879 plena
428 853 489 872 esse
510 846 663 873 docuimus.
684 847 736 874 Sed
764 853 791 875 et
812 848 844 874 ad
866 849 953 883 ipsum

1002 260 1118 296 δημίας,
1134 260 1147 286 ὁ
1163 260 1297 295 μακάριος
1306 257 1445 293 γέγραφεν
1463 255 1586 292 Ἰωάννης
1598 258 1653 289 τοῖς
1669 258 1732 292 περὶ
1743 260 1792 284 τὸν

1003 305 1207 340 θεοφιλέστατον
1222 305 1372 331 ἐπίσκοπον
1388 303 1518 338 Εὐθήριον
1534 303 1588 329 τῶν
1606 303 1730 334 Τυάνων,
1743 305 1794 330 καὶ

1002 352 1101 386 Φίλμον
1113 351 1157 377 τδν
1174 349 1354 384 Καισαρείας,
1369 348 1415 374 καὶ
1429 347 1557 374 Θεόδοτον
1573 347 1619 373 τὸν
1642 347 1792 383 Ἀγκύρας,

1010 397 1036 423 Ἀ
1043 395 1197 430 πολιναρίου
1216 393 1391 421 διδασκαλίαν
1406 393 1441 420 τὰ
1455 392 1592 428 κεφάλαια
1606 392 1694 419 ταῦτα
1711 393 1794 420 καλέ-

1004 451 1063 474 σας.
1087 443 1143 468 Καὶ
1168 442 1196 467 ὲν
1219 440 1325 476 Ἐφέσῳ
1349 440 1376 466 δὲ
1403 440 1500 474 ἠπαρ*
1522 439 1600 474 ἡμῶν
1620 439 1792 475 γεγενημένη

1004 487 1162 522 καθαίρεσις
1187 486 1234 512 τοῦ
1263 494 1293 512 τε
1318 486 1368 520 τῆς
1392 484 1589 520 Ἀλεξανδρέων
1613 486 1659 511 καὶ
1680 485 1727 511 τοῦ
1742 485 1795 519 τῆς

1010 533 1151 567 Ἐφεσίων,
1181 532 1271 559 αἰτίαν
1293 531 1350 567 ἔχει
1378 531 1427 566 τὴν
1440 531 1494 558 τῶν
1514 531 1670 565 κεφαλαίων
1690 531 1794 558 τούτων

1005 579 1112 606 ἔκθεσιν
1131 579 1178 605 καὶ
1199 577 1352 613 βεῆαίωσιν.
1383 577 1439 603 Καὶ
1464 576 1590 603 συνοδικὰ
1608 576 1637 603 δὲ
1661 575 1746 603 πολλὰ
1762 577 1795 602 ἐν

1010 625 1115 659 Ἐφέσῳ
1133 623 1200 659 πρός
1212 631 1241 649 τε
1255 623 1301 649 τδν
1319 622 1474 648 καλλίνικον
1494 621 1607 656 βασιλέα
1620 640 1628 653 ,
1652 620 1700 648 καὶ
1725 622 1795 657 προς

1003 671 1065 701 τοὺς
1079 670 1215 705 μεγάλους
1228 669 1361 704 ἄρχοντας
1373 668 1438 703 περὶ
1452 667 1555 694 τούτων
1572 667 1694 702 ἐγράφη·
1708 667 1796 693 ὠσαύε

1004 724 1057 746 τως
1071 716 1100 742 δὲ
1114 716 1160 741 καὶ
1177 715 1244 750 πρὸς
1257 714 1302 741 τὸν
1317 715 1345 740 ὲν
1357 713 1642 740 Κωνσταντινουπόλει
1657 713 1731 745 λαὸν,
1746 713 1794 739 καὶ

1005 762 1072 796 πρὸς
1092 762 1137 788 τὺν
1154 760 1348 787 εὐλαῦἐστατον
1365 759 1474 795 κλῆρον.
1496 759 1550 785 Καὶ
1575 759 1623 794 μὲν
1637 752 1668 794 δὴ
1691 759 1736 786 καὶ
1753 759 1796 790 εις

1005 807 1053 843 τὴν
1073 806 1356 833 Κωνσταντινούπολιν
1368 805 1524 840 κληθέντες,
1536 805 1615 831 πέντε
1631 803 1795 838 διαγνώσεις

1006 853 1049 879 ἐπ’
1065 853 1147 878 αὑτοῦ
1162 851 1208 879 τοῦ
1228 851 1360 886 βασιλέως
1375 851 1544 886 ἐσχήκαμεν,
1559 850 1604 876 καὶ
1622 850 1696 884 τρεῖς
1715 848 1796 875 ὓστε-

173 889 280 924 1186
295 890 391 916 horum
407 895 548 918 auctorem
567 900 616 926 per
631 893 742 920 beatum
759 894 871 921 Paulum
887 896 953 922 scri-

1010 906 1054 933 ρον
1066 897 1140 931 αὺτῷ
1153 896 1351 932 διαμαρτυρίας
1369 895 1544 930 ἐπέμψαμεν.
1559 895 1615 921 Καὶ
1632 895 1689 925 τοῖς
1703 893 1796 927 θεοφι-

171 934 238 961 Lens
256 934 353 962 beatus
369 935 498 968 Joannes,
514 941 607 971 aperte
624 938 667 964 illa
682 938 830 973 redargun,
843 940 955 967 eodem-

170 987 224 1013 que
246 980 327 1007 modo
346 985 373 1007 et
397 981 484 1008 beatae
502 983 641 1010 memoria:
661 984 776 1011 Aeacius
796 993 802 1011 :
821 990 903 1019 atque
926 990 956 1013 ut

169 1027 331 1061 compendio
343 1035 399 1054 rem
411 1027 501 1054 videat
513 1029 644 1056 Sanctitas
656 1034 711 1062 tua,
725 1031 878 1065 exemplum
894 1032 954 1058 misi

169 1077 226 1099 tum
241 1073 362 1107 epistola!
380 1074 452 1100 beati
470 1074 573 1106 Acacii,
593 1080 649 1102 tum
668 1076 742 1103 illius
759 1085 840 1111 quam
858 1077 956 1105 beatus

169 1116 287 1145 Joannes
303 1118 337 1145 ad
354 1119 464 1146 beatum
479 1119 609 1155 Cyrillum
626 1121 744 1155 scripsit,
761 1127 792 1149 ut,
807 1130 956 1156 cognoscas

169 1162 241 1194 illos,
256 1167 314 1190 tum
340 1165 422 1191 etiam
447 1173 510 1192 cum
534 1165 568 1192 de
592 1166 779 1201 paciﬁcatione
804 1169 812 1177 ‘
834 1167 868 1194 ad
892 1175 954 1194 eum

148 1230 150 1233 .
168 1209 330 1242 scriberent,
346 1210 435 1245 capita
453 1211 503 1238 ista
520 1211 703 1238 insimulasse.
721 1212 779 1246 ipse
793 1212 876 1239 etiam
889 1213 955 1240 bea-

168 1259 212 1282 tus
236 1255 362 1291 Cyrillus,
392 1264 454 1283 cum
476 1256 510 1283 ad
530 1257 640 1283 beatum
661 1258 789 1284 Acacium
810 1258 953 1290 scriberet,

167 1301 349 1336 capitulorum
385 1302 499 1329 istorum
521 1310 633 1338 scopum
667 1303 808 1335 indicavit,
836 1303 952 1331 dicens:

171 1356 181 1372 ‹
193 1346 254 1374 Haec
268 1347 399 1374 adversus
419 1348 500 1383 hujus
512 1348 648 1390 novitates
662 1349 832 1384 scripsimus,
845 1353 872 1376 et
889 1359 954 1385 pace

166 1391 235 1418 facta
251 1391 476 1418 declarabuntur.
491 1402 499 1418 ι
521 1393 581 1427 Ipsa
593 1401 658 1428 ergo
670 1393 793 1421 defensio
805 1396 956 1422 accusatio-

164 1444 227 1463 nem
241 1437 394 1464 conﬁrmat.
418 1438 477 1465 Misi
495 1444 587 1466 autem
610 1440 718 1467 illorum
737 1449 797 1476 qua:
812 1442 846 1468 ab
857 1442 954 1469 eodem

165 1482 364 1516 paciﬁcationis
388 1487 508 1518 tempore
530 1486 631 1520 scripta
656 1491 719 1513 sunt
738 1487 904 1522 exemplum,
925 1491 955 1514 ut

164 1535 323 1562 cognoscas,
339 1529 460 1560 domine,
474 1530 577 1556 nullam
604 1530 702 1557 horum
723 1532 891 1559 mentionem
913 1532 954 1559 fe-

165 1573 235 1601 cisse
252 1583 258 1600 :
273 1578 300 1601 et
313 1574 386 1608 quod
399 1579 524 1610 oporteat
538 1576 598 1602 illos
613 1577 659 1611 qui
676 1577 710 1603 ad
725 1578 857 1612 synodum
874 1578 954 1613 proli;

165 1617 307 1645 ciscuntur
317 1627 349 1646 ea
361 1627 422 1653 qtne
433 1619 630 1654 paciﬁcationis
645 1625 766 1655 tempore
780 1622 879 1656 scripta
891 1627 954 1648 sunt

166 1664 299 1698 proferre,
318 1668 344 1690 et
359 1665 559 1698 aperte'dicere
574 1673 698 1699 quamam
716 1665 861 1692 discidium
881 1666 953 1693 fece—

166 1707 222 1734 rint
234 1711 262 1734 et
277 1716 332 1742 quo
347 1712 427 1742 pacto
443 1708 549 1735 divulsa
565 1708 726 1735 coaluerint.
745 1709 799 1736 Eos
814 1709 887 1736 enim
906 1709 953 1743 qui

165 1753 201 1780 ad
227 1753 354 1780 tuendam
378 1754 509 1788 pietatem
533 1758 677 1785 vocantur,
700 1754 821 1781 laborem
844 1762 953 1781 omnem

166 1799 306 1833 suscipere
328 1802 448 1833 oportet,
465 1799 644 1834 divinumque
664 1792 795 1826 aux'ilium
814 1800 953 1833 invocare,

166 1849 197 1872 ut
210 1844 331 1872 relictam
345 1845 425 1872 nobis
435 1853 449 1872 a
462 1846 611 1881 majoribus
623 1845 809 1873 [nereditatem
823 1844 953 1873 intactam

166 1897 370 1918 conservemus.
390 1891 476 1918 Simul
489 1891 572 1918 etiam
585 1899 619 1918 ex
627 1891 676 1918 Dei
689 1891 885 1919 amantissimis
897 1892 955 1926 epi-

167 1937 258 1971 scopis
275 1944 323 1963 eos
343 1936 518 1964 considerare
544 1940 653 1971 oportet
671 1937 845 1964 sanctitatem
867 1941 952 1969 tuam,

166 1981 214 2016 qui
225 1981 346 2017 ejusdem
360 1986 423 2009 sunt
435 1983 588 2014 sententiaa,
602 1991 704 2017 eosque
717 1982 896 2017 profectionis
907 1991 954 2010 co-

166 2027 247 2054 mites
266 2027 399 2055 adhibere
415 2036 422 2055 :
442 2032 524 2062 atque
541 2036 574 2055 ex
593 2029 829 2056 reverendissimis
846 2029 955 2056 clericis

165 2079 213 2099 eos
230 2071 276 2106 qui
296 2072 406 2100 tuendae
418 2073 527 2107 pietatis
548 2073 607 2100 zelo
627 2073 733 2108 przediti
745 2079 819 2106 sunt,
837 2078 867 2101 ut
886 2082 920 2101 ne
939 2082 954 2100 a

165 2117 325 2144 domesticis
336 2118 402 2152 ipsis
414 2119 526 2153 proditi,
540 2119 582 2145 vel
595 2118 683 2145 facere
696 2119 798 2153 aliquid
812 2127 953 2154 cogamur,

165 2163 239 2197 quod
255 2164 311 2190 Deo
331 2164 523 2191 universorum
548 2164 701 2199 displiceat,
727 2165 767 2191 vel
787 2165 837 2192 soli
866 2164 954 2192 relicti

1007 943 1144 972 λεστάτοις
1155 942 1182 968 δὲ
1195 942 1244 976 τῆς
1255 941 1363 972 Δύσεως
1374 940 1545 971 ἐπισκόποις,
1569 939 1609 974 τῷ
1629 939 1795 966 Μεδιολάνου

1007 988 1088 1022 φημὶ,
1112 987 1158 1014 καὶ
1177 987 1215 1022 τῷ
1235 985 1387 1017 ’Δκυλιείας
1399 1004 1407 1016 ,
1429 984 1528 1020 καὶτῷ
1550 984 1713 1019 Ῥαϐέννης,
1731 983 1797 1018 περὶ

1006 1033 1107 1059 τούτων
1124 1033 1294 1068 ἐγράψαμεν,
1310 1030 1558 1065 διαμαρτυράμενοι
1572 1029 1609 1061 ὡς
1622 1029 1672 1064 τῆς
1690 1028 1797 1055 Ἀπολι-

1005 1077 1099 1112 ναρίου
1116 1076 1200 1102 ταῦτα
1216 1074 1389 1110 καινοτομίας
1409 1073 1603 1108 πεπλήρωται·
1617 1072 1663 1099 καὶ
1677 1070 1750 1106 αὺτῷ
1765 1070 1797 1097 δὲ

1005 1122 1044 1157 τῷ
1059 1121 1146 1148 ταῦτα
1157 1120 1294 1156 γράψαντι
1307 1121 1321 1146 ὀ
1337 1120 1471 1154 μακάριος
1485 1117 1650 1145 ἐπιστέλλων
1668 1117 1797 1151 Ἰωάννης

1006 1168 1049 1194 διὰ
1061 1167 1108 1194 τοῦ
1126 1167 1260 1202 μακαρίου
1272 1165 1389 1197 Παύλου,
1407 1164 1552 1199 προφανῶς
1565 1164 1657 1194 αὐτοῖς
1670 1161 1797 1196 ἐπεμέμ-

1005 1215 1075 1249 ψατο
1089 1222 1094 1228 ·
1108 1213 1237 1244 ὡσαύτως
1252 1212 1281 1238 δὲ
1294 1212 1341 1237 καὶ
1351 1212 1364 1236 ὁ
1377 1211 1426 1246 τῆς
1441 1210 1579 1245 μακαρίας
1595 1209 1706 1244 μνήμης
1716 1207 1796 1234 ’Δκά-

1006 1257 1144 1290 κιοςζΚαὶ
1164 1258 1206 1284 ἵνα
1226 1256 1366 1291 συντόμως
1392 1254 1465 1290 μάθῃ
1487 1262 1534 1280 σου
1558 1254 1574 1288 ὴ
1596 1253 1719 1287 ἁγιότης,
1743 1252 1796 1278 ἁπ-

1007 1304 1114 1331 έστειλα
1127 1304 1176 1336 τῆς
1193 1312 1221 1329 τε
1231 1302 1278 1328 τοῦ
1291 1300 1424 1337 μακαρίου
1438 1299 1566 1326 Ἀκακίον
1581 1298 1735 1332 ἐπιστολῆς,
1748 1297 1797 1323 καὶ

1005 1351 1054 1385 τῆς
1071 1350 1117 1376 τοῦ
1137 1349 1272 1384 μακαρίου
1292 1348 1416 1374 Ἰωάννου
1429 1347 1497 1382 πρὸς
1509 1346 1554 1372 τὸν
1571 1344 1726 1380 μακαρίτην
1739 1343 1798 1369 Κύ-

1008 1395 1096 1431 ριλλον
1118 1395 1271 1430 γραφείσης
1295 1393 1325 1419 τὸ
1352 1393 1429 1419 ι’σον·
1446 1393 1490 1418 ἴνα
1509 1391 1580 1426 γνῷς
1603 1391 1641 1422 ὡς
1658 1389 1706 1416 καὶ
1731 1388 1797 1423 περὶ

1007 1441 1168 1476 συμϐάσεως
1193 1439 1267 1474 αὐτῷ
1295 1439 1458 1474 γράφοντες,
1486 1438 1534 1472 τὴν
1559 1436 1613 1463 τῶν
1640 1434 1799 1469 κεφαλαίων

1005 1487 1108 1514 τούτων
1126 1486 1294 1521 κατηγορίαν
1306 1486 1480 1519 ἐποιήσαντο.
1500 1481 1556 1510 Καὶ
1570 1482 1652 1513 αὐτος
1666 1481 1694 1507 δὲ
1709 1481 1724 1507 ὁ
1740 1488 1796 1515 μα-

983 1555 988 1562 .
1006 1533 1121 1567 καρίτης
1136 1531 1289 1566 Κύριλλος,
1309 1530 1422 1565 γράφων
1447 1528 1486 1563 τῷ
1509 1527 1638 1563 μακαρίῳ
1663 1525 1796 1559 Ἀκακίῳ,

1006 1579 1053 1605 τὸν
1068 1577 1122 1603 τῶν
1136 1576 1292 1610 κεφαλαίων
1314 1576 1414 1602 τούτων
1429 1574 1606 1609 παρεδήλωσε
1632 1572 1744 1604 σκοπὸν,
1759 1571 1798 1597 ει-

1008 1622 1109 1658 ρηκὼς,
1130 1622 1170 1648 ὅτι
1190 1631 1198 1646 ι
1225 1621 1331 1647 Ἐκεῖνα
1355 1620 1422 1655 πρὸς
1441 1619 1490 1650 τὰς
1515 1618 1592 1644 τοῦδε
1619 1616 1798 1648 καινοτομίας

1006 1668 1183 1703 ἐγράψαμεν,
1217 1667 1265 1693 καὶ
1293 1667 1332 1692 ὅτι
1357 1666 1407 1700 τῆς
1435 1665 1546 1700 εἰρήνης
1577 1663 1726 1697 γενομένης
1749 1662 1798 1687 ἑκ-

1006 1713 1226 1748 λευκανθήσεται.
1243 1721 1252 1737 ι
1270 1711 1323 1738 Καὶ
1332 1711 1400 1745 αὓτη
1416 1710 1505 1736 τοίνυν
1518 1711 1534 1744 ἡ
1547 1707 1680 1742 ἀπολογία
1693 1706 1798 1742 βεΰαιοῖ

1006 1758 1055 1791 τὴν
1072 1755 1250 1791 κατηγορίαν.
1273 1754 1434 1781 Ἀπέστειλα
1449 1754 1477 1780 δὲ
1496 1754 1542 1780 καὶ
1552 1753 1606 1780 τῶν
1627 1753 1692 1788 παρ’
1714 1751 1796 1779 αὐτοῦ

1006 1801 1165 1837 γραφέντων
1180 1802 1208 1827 ὲν
1224 1799 1262 1835 τῷ
1274 1799 1322 1834 τῆς
1337 1799 1500 1833 συμὸάσεως
1520 1797 1608 1833 καιρῷ
1621 1798 1652 1824 τὸ
1667 1797 1798 1832 ἁντίγραυ

1007 1854 1066 1881 φον,
1083 1846 1127 1872 ἵνα
1137 1845 1218 1880 γνῷς,
1232 1845 1361 1875 δέσποτα,
1373 1844 1410 1876 ὡς
1428 1844 1553 1879 οὐδεμίαν
1576 1843 1679 1870 τούτων
1704 1843 1797 1878 ἐποιή-

1008 1901 1072 1919 σατο
1095 1893 1223 1928 μνήμην·
1246 1893 1293 1919 καὶ
1315 1891 1352 1922 ὡς
1373 1891 1426 1927 χρὴ
1449 1891 1511 1922 τοὺς
1535 1890 1664 1922 ἀπιόντας
1692 1891 1732 1921 είς
1747 1889 1796 1925 τὴν

1007 1939 1113 1965 σύνοδον
1130 1938 1164 1964 τὰ
1186 1939 1214 1964 ὲν
1235 1937 1274 1972 τῷ
1291 1937 1379 1972 καιρῷ
1400 1937 1450 1971 τῆς
1471 1936 1633 1971 συμϐάσεως
1650 1934 1797 1970 ,γραφέντα

1007 1986 1211 2019 προσενεγκεῖν,
1229 1984 1275 2010 καὶ
1291 1983 1384 2017 σαφῶς
1403 1983 1491 2009 είπείν
1508 1981 1568 2008 τίνα
1584 1981 1633 2016 μὲν
1650 1981 1797 2015 εἰργάσατο

1005 2030 1055 2065 τὴν
1077 2029 1227 2060 διάστασιν,
1245 2028 1291 2056 ἐπὶ
1305 2029 1377 2054 τίσιν
1393 2028 1421 2054 δὲ
1441 2027 1476 2054 τὰ
1500 2026 1633 2053 διεστῶτα
1661 2025 1795 2061 συνήφθη.

1006 2076 1076 2106 Τοὺς
1093 2075 1148 2109 γὰρ
1173 2075 1213 2105 είς
1232 2073 1277 2100 τὸν
1294 2073 1364 2108 ὑπὲρ
1385 2072 1435 2107 τῆς
1450 2072 1590 2103 εὐσεὸείας
1615 2071 1797 2106 καλουμένους

1006 2120 1110 2154 ἀγῶνα,
1129 2119 1217 2146 πάντα
1229 2119 1309 2144 πόνον
1331 2117 1510 2149 ἀναδέξασθαι
1520 2117 1583 2152 χρὴ.
1600 2117 1646 2143 καὶ.
1661 2117 1710 2149 τὴν
1723 2115 1798 2142 θείαν

1007 2163 1219 2192 ἐπικαλέσασθαι
1235 2163 1402 2198 συμμαχίαν,
1418 2163 1461 2189 ἵνα
1480 2163 1525 2189 τὸν
1539 2163 1615 2197 παρὰ
1626 2162 1678 2189 τῶν
1699 2162 1798 2196 προγό-

165 2209 200 2235 ab
215 2209 341 2236 hostibus
353 2210 412 2245 capi
430 2210 510 2237 facile
521 2211 667 2244 possimus.
685 2211 790 2245 1187
805 2210 885 2238 Fides
901 2215 953 2242 est,

1007 2220 1059 2238 νων
1075 2212 1140 2246 ἡμῖν
1153 2209 1366 2244 καταλειφθέντα
1387 2209 1487 2244 κλῆρον
1508 2209 1718 2244 διατηρήσωμεν
1733 2209 1798 2235 ἄσυ-

165 2254 289 2287 obsecro,
308 2255 334 2282 in
352 2263 405 2290 qua
421 2256 517 2283 salutis
532 2256 635 2291 positas
651 2263 713 2290 spes
731 2256 874 2287 habemus,
895 2264 954 2283 om-

165 2307 283 2334 nemque
302 2305 412 2336 oportet
434 2300 553 2335 lapidem
573 2308 694 2332 movere,
714 2306 745 2328 ut
767 2301 837 2328 nihil
852 2302 879 2328 in
894 2309 954 2329 eam

165 2346 290 2380 spurium
317 2346 478 2379 inferamus,
504 2354 574 2374 neve
598 2347 776 2382 apostolicam
800 2347 954 2375 doctrinam

165 2399 383 2427 corrumpamus.
406 2391 469 2420 Haac
487 2399 554 2428 ergo
565 2393 661 2427 procul
680 2393 787 2428 positus
807 2393 904 2421 dolens
925 2401 957 2422 ac

164 2437 261 2472 lugens
275 2437 378 2469 scribo,
391 2441 420 2465 et
432 2445 607 2465 communem
619 2438 765 2465 Dominum
775 2438 909 2470 obtestor,
925 2442 955 2465 ut

165 2481 273 2509 tristem
287 2482 357 2510 hanc
370 2482 472 2509 nubem
483 2481 624 2515 dissolvat,
636 2486 665 2509 et
677 2490 774 2517 puram
787 2483 867 2510 nobis
880 2490 955 2510 sere-

163 2527 279 2555 nitatem
296 2528 437 2564 largiatur.

1004 2256 1058 2281 λον.
1076 2255 1135 2289 Χρὴ
1149 2254 1176 2280 δὲ
1196 2253 1330 2288 σκοπῆσαί
1349 2261 1394 2279 σου
1422 2254 1473 2287 τὴν
1503 2253 1660 2287 ἁγιωσύνην
1684 2253 1730 2279 καὶ
1744 2253 1798 2279 τῶν

1005 2300 1219 2335 θεοφιλεστάτων
1243 2299 1400 2326 ἐπισκόπων
1427 2300 1491 2331 τοὺς
1516 2299 1726 2334 ὁμογνώμονας,
1751 2299 1799 2324 καὶ

1005 2345 1150 2377 κοινωνοὺς
1167 2345 1216 2380 τῆς
1235 2345 1389 2380 ἀποδημίας
1411 2345 1593 2380 ποιήσασθαι·
1612 2345 1660 2371 καὶ
1681 2344 1736 2370 τῶν
1751 2344 1797 2370 εὐ-

1005 2392 1178 2419 λαϐεστάτων
1198 2391 1338 2426 κληρικῶν
1354 2391 1418 2422 τοὺς
1435 2391 1481 2417 τὸν
1497 2391 1568 2426 ὑπὲρ
1585 2391 1635 2425 τῆς
1659 2390 1799 2421 εὖσεὸείας

1007 2436 1119 2472 ἔχοντας
1139 2436 1229 2472 ζῆλον,
1244 2436 1288 2463 ἴνα
1304 2436 1341 2472 μὴ
1355 2436 1403 2462 καὶ
1418 2436 1493 2471 παρὰ
1511 2436 1566 2461 τῶν
1577 2435 1686 2462 οἰκείων
1702 2434 1798 2471 προδο-

1007 2483 1109 2515 θέντες,
1121 2483 1138 2518 ἢ
1154 2482 1372 2517 ἀναγκασθῶμέν
1388 2490 1414 2508 τι
1435 2480 1538 2516 πρᾶξαι
1553 2480 1608 2507 τῶν
1629 2480 1799 2516 ἁπαρεσκόν-

1006 2538 1059 2556 των
1081 2528 1119 2564 τῷ
1134 2527 1188 2555 τῶν
1199 2528 1267 2554 ὅλων
1282 2527 1351 2562 Θεῷ,
1373 2526 1389 2562 ἢ
1412 2526 1581 2562 μονωθέντες
1596 2526 1799 2561 εὐεπιχείρητοι

164 2576 222 2605 τοῖς
245 2576 395 2611 πολεμοῦσι
423 2577 577 2613 γενώμεθα.
601 2577 695 2608 Πίστις
720 2566 788 2608 ἐστὶ,
810 2575 971 2611 παρακαλῶ,
991 2572 1051 2612 ὲνῇ
1079 2577 1128 2607 τὰς
1155 2576 1266 2607 ἐλπίδας
1295 2575 1392 2610 ἔχομεν
1415 2575 1464 2609 τῆς
1493 2573 1648 2608 σωτηρίας·
1679 2573 1727 2599 καὶ
1746 2573 1797 2607 χρὴ

166 2621 255 2648 πάντα
271 2623 382 2658 κινῆσαι
398 2623 490 2658 πόρον,
505 2624 576 2651 ὥστε
590 2622 672 2658 μηδὲν
691 2622 760 2658 αὐτῇ
775 2622 851 2648 νόθον
882 2621 1088 2656 ἐπεισαχθῆναι,
1105 2622 1173 2657 μηδὲ
1203 2621 1252 2656 τὴν
1270 2621 1451 2655 ἁποστολικὴν
1480 2620 1692 2656 παραφθαρῆναι
1727 2619 1799 2646 διὸα·

166 2669 290 2697 σκαλίαν.
306 2670 399 2697 Ταῦτα
421 2670 477 2705 ἐγὼ
498 2671 544 2698 καὶ
563 2671 705 2707 πόρρωθεν
730 2669 777 2702 ὢν,
800 2670 901 2696 στένων
917 2670 963 2696 καὶ
984 2670 1091 2705 θρηνῶν
1106 2670 1215 2704 γράφω,
1231 2669 1339 2696 καὶτὸν
1359 2668 1448 2695 κοινὸν
1463 2667 1603 2702 Δεσπότην
1628 2665 1760 2694 ἀντιϐολῶ
1770 2665 1800 2692 τὸ

166 2717 280 2751 στυγνὸν
306 2717 383 2744 τοῦτο
411 2717 535 2745 διαλῦσαι
562 2718 652 2752 νέφος,
678 2718 725 2744 καὶ
752 2717 875 2752 καθαρὰν
891 2717 956 2752 ἡμῖν
976 2717 1084 2752 αἰθρίαν
1095 2716 1270 2752 χαρίσασθαι.

278 2764 371 2792 CXIII.
386 2779 421 2784 —-
437 2765 493 2800 (72)
511 2766 592 2792 Leoni
610 2766 728 2800 episcopo
741 2765 838 2792 Romae.

202 2810 231 2837 Si
245 2811 356 2843 Paulus,
377 2818 467 2846 prch
484 2812 618 2844 veritatis,
639 2812 704 2839 tuba
721 2811 840 2846 Spiritus
857 2813 954 2845 sancti,

1079 2766 1111 2792 Pl
1127 2766 1162 2792 l".
1177 2781 1211 2785 —
1230 2764 1335 2792 Λέοντι
1355 2765 1510 2795 ἑπισκόπῳ
1534 2763 1647 2797 Ῥώμης
1660 2763 1729 2799 (72).

1046 2812 1075 2839 ΕΞ
1094 2811 1198 2840 Παῦλος
1211 2832 1217 2842 .
1236 2811 1285 2845 τῆς
1312 2810 1441 2844 ἀληθείας
1458 2811 1472 2836 ὁ
1492 2810 1590 2845 κῆρυξ,
1614 2810 1630 2842 ἠ
1657 2809 1704 2835 τοῦ
1723 2808 1798 2842 ἁγίου

203 2868 257 2903 Ui)
275 2869 380 2903 Schius
399 2869 472 2895 edita
490 2869 545 2897 h.cc
568 2874 608 2897 cst
636 2871 750 2904 cpistola
772 2879 832 2898 cum
858 2871 954 2898 Leonis
979 2870 1166 2905 responsione,
1184 2870 1275 2897 ϐιωςο
1291 2868 1402 2903 quidem
1426 2873 1495 2895 Hthf
1529 2867 1615 2902 Opera
1651 2867 1748 2893 Leonis
1764 2865 1797 2892 M;
