1962 3051
104 120 171 154 i313

753 122 932 152 EPISTULA
965 122 1026 151 CXI
1034 123 1072 152 ll.

1610 112 1613 115 ’
1660 125 1728 158 13H

102 175 261 211 Πνεύματος
276 175 404 210 σάλπιγξς
417 176 485 211 πρὸς
499 175 544 203 τὸν
557 175 643 210 μέγαν
658 174 758 211 ἔδραμε
775 175 889 210 Πέτρον,

943 175 974 202 ad
988 175 1231 210 magnumPetrum
1241 184 1269 204 se
1282 178 1407 209 contulit.
1419 184 1449 206 ιιι
1461 179 1503 211 iis,
1515 180 1561 215 qui
1575 180 1729 210 Antiochia:

101 220 172 248 ὥστε
189 222 245 252 τοῖς
264 222 292 247 έν
318 221 468 257 Ἀντιοχείᾳ
488 222 551 256 περὶ
569 221 797 256 τῆς-κατὰινόμον
816 220 891 246 πολι-

102 265 178 298 τείας
196 267 400 302 ἁμφισὸητοῦσι
416 268 481 302 παρ’
498 266 580 294 αὐτοῦ
597 267 710 301 κομίσαι
730 266 780 301 τὴν
803 266 891 296 λύσιν,

103 311 193 347 πολλῷ
211 312 311 346 μᾶλλον
328 313 416 348 ἡμεῖς·
431 313 456 339 οἱ
471 313 590 344 εὐτελεῖς
615 313 662 338 καὶ
679 312 800 348 σμικροὶ,
823 311 892 346 πρὸς

102 359 149 386 τὸν
166 358 344 386 ἀποστολικὺν
360 359 438 393 ὑμῶν
448 358 582 394 τρέχομεν
598 358 708 394 θρόνον,
733 358 803 385 ὥστε
827 358 892 394 παρ’

103 405 179 440 ὑμῶν
193 404 286 431 λαϐεῖν
301 405 357 436 τοῖς
369 404 423 431 τῶν
443 404 611 440 Ἐκκληςιῶν
623 404 716 432 ἐλκεσι
731 404 891 440 θεραπείαν.

103 450 153 477 Διά
165 450 318 485 πάνταγὰρ
334 451 398 485 ὑμῖν
409 450 439 476 τὸ
454 450 606 486 πρωτεύειν
623 450 762 486 ἁρμόττει.
781 449 893 481 Πολλοῖς

103 496 157 532 γὰρ
176 498 190 524 6
215 496 347 531 ὑμέτερος
375 496 470 531 θρόνος
497 498 641 532 κοσμεῖται
665 495 890 530 πλεονεκτήμασι.

103 543 158 573 Τὰς
175 543 223 578 μὲν
242 543 296 577 γὰρ
322 542 404 574 ἄλλας
425 542 515 573 πόλεις
538 542 555 578 ἢ
573 542 700 577 μέγεθος,
719 541 736 576 ἢ
751 541 856 572 κάλλος,
875 540 891 575 ἢ

104 588 205 623 πλῆθος
219 588 273 614 τῶν
285 589 436 623 οἰκητόρων
448 589 546 622 κοσμεῖ
557 597 563 603 ·
579 588 653 618 ἐνίας
662 588 690 614 δὲ
704 587 806 615 τούτων
818 587 893 613 ἐστε-

105 634 225 670 ρημένας
243 636 299 669 (75)
319 634 494 669 πνευματικά
509 642 569 660 τινα
585 633 740 669 λαμπρύνει
756 633 894 668 χαρίσμα-

103 689 137 707 τα
146 689 153 696 ⁸
170 682 202 716 τῇ
214 681 241 707 δὲ
253 680 374 716 ὑμετέρᾳ
388 681 474 715 φορὰν
487 680 588 707 ἔδωκεν
602 680 711 714 ἀγαθῶν
721 680 735 706 6
754 680 809 706 τῶν
825 680 893 713 ἀγα-

103 726 156 753 θῶν
172 726 300 762 χορηγός.
316 726 349 753 Ἦ
363 725 418 761 γὰρ
426 726 495 760 αὐτὴ
511 726 605 752 πασῶν
622 725 748 760 μεγίστη,
767 725 815 751 καὶ
824 725 894 759 λαμ-

104 772 237 808 προτάτη,
254 772 301 798 κα¹ι
315 772 365 807 τῆς
382 772 544 807 οἰκουμένης
559 771 767 806 προκαθημένη,
793 771 840 797 καὶ
855 770 893 805 τῷ

104 818 201 853 πλήθει
216 818 270 844 τῶν
286 818 436 853 οἰκητόρων
450 818 631 853 κυμαίνουσα.
653 817 724 852 Πρὸς
737 817 765 843 δὲ
777 816 892 847 τούτοις,

103 863 151 889 καὶ
174 862 221 890 νῦν
244 863 398 898 κρατοῦσαν
418 863 566 898 ἠγεμονίαν
591 863 755 896 ἐϐλάστησε·
774 861 822 888 καὶ
843 862 892 896 τῆς

103 909 207 941 οἰκείας
222 909 408 944 προσηγορίας
422 910 478 940 τοῖς
493 908 654 944 ἀρχομένοις
677 907 821 942 μετέδωκε.
837 907 890 933 Κο-

103 955 167 989 σμεῖ
189 951 217 981 δὲ
244 955 328 989 αὐτὴν
349 955 532 990 διαφερόντως
554 956 570 988 ἡ
595 954 703 985 πίστις’
729 954 775 980 καὶ
789 953 893 988 μάρτυς

101 998 251 1034 ἀξιόχρεως
266 999 280 1025 6
293 999 364 1030 Θεῖος
387 999 547 1030 Ἀπόστολος
568 998 646 1033 βοῶν,
664 999 704 1024 ὃτι
724 1007 732 1023 ι
755 998 786 1023 'H
801 997 892 1028 πίστις

102 1044 180 1079 ὑμῶν
195 1044 408 1078 καταγγέλλεται
423 1045 451 1070 ἐν
465 1044 517 1079 ὅλῳ
532 1043 571 1078 τῷ
586 1043 690 1079 κόσμῳ.
705 1052 714 1068 ›
729 1043 759 1069 Εἰ
772 1042 801 1069 δὲ
812 1042 892 1073 εὐθὺς

101 1090 235 1125 δεξαμένη
252 1090 284 1116 τὰ
301 1089 348 1116 τοῦ
367 1090 502 1125 σωτηρίου
531 1089 706 1125 κηρύγματος
734 1088 890 1123 σπέρματα,

102 1137 158 1167 τοῖς
174 1136 349 1169 ἀξιαγάστοις
360 1136 464 1166 τούτοις
478 1135 615 1171 ἐϐεὸρίθει
630 1135 758 1170 καρποῖς,
772 1134 813 1165 τίς
826 1133 893 1160 ἀπό-

102 1190 155 1216 χρη
168 1181 246 1214 λόγος
259 1182 308 1216 τὴν
328 1181 376 1208 νῦν
390 1182 418 1207 ἐν
431 1181 499 1216 αὐτῇ
518 1180 730 1214 πολιτευομένην
751 1178 892 1205 εὐσέϐειαν

103 1227 280 1261 εὐιρημῆσαις
299 1228 375 1261 Ἔχει
392 1227 419 1253 δὲ
436 1227 484 1253 καὶ
503 1226 557 1253 τῶν
575 1226 672 1252 κοινῶν
697 1225 825 1259 Πατέρων
845 1225 893 1251 κα)¹

102 1272 270 1298 διδασκάλων
295 1273 344 1307 τῆς
371 1272 500 1308 ἀληθείας
525 1273 630 1307 Πέτρου
655 1272 700 1298 καὶ
724 1271 830 1297 Παύλου
844 1271 893 1302 τὰς

103 1317 200 1352 θήκας,
228 1317 281 1343 τῶν
305 1317 408 1344 πιστῶν
434 1317 483 1349 τὰς
502 1317 590 1352 ψυχὰς
615 1316 795 1351 φωτιζοὺσας.
816 1316 846 1342 ῚῙ
865 1316 893 1342 δὲ

102 1363 290 1398 τρισμακαρία
306 1363 409 1390 τούτων
431 1363 478 1390 καὶ
501 1364 562 1390 θεία
578 1363 693 1398 ξυνωρὶς
708 1362 828 1389 ἀνέτειλε
844 1362 893 1396 μὲν

102 1411 130 1436 ὲν
141 1411 173 1444 τῇ
190 1409 256 1444 ἑῴξι,
273 1409 321 1436 καὶ
338 1409 456 1436 πάντοτε
474 1409 523 1440 τὰς
542 1410 654 1440 ἀκτῖνας
675 1408 828 1443 ἐξέπεμψεν
840 1417 846 1423 -
864 1409 892 1434 ἐν

101 1455 130 1481 δὲ
145 1456 178 1490 τῇ
195 1455 274 1481 Δύσει
290 1455 439 1490 προθύμως
454 1455 564 1486 ἐδέξατο
577 1454 625 1486 τὰς
639 1453 686 1480 τοῦ
704 1453 761 1488 βίου
777 1452 891 1487 δυσμὰς.

102 1500 229 1529 κάκεῖθεν
247 1500 294 1527 νῦν
311 1500 479 1534 καταυγὰζει
493 1500 542 1535 τὴν
559 1499 733 1535 οἰκουμένην.
754 1497 834 1526 Οὗτοι
847 1499 892 1525 τὸν

103 1546 235 1582 ὑμέτερον
262 1546 494 1582 περιφανέστατον
520 1546 576 1582 (74)
605 1545 748 1580 ἀπέφηναν
779 1544 890 1580 Θρόνον·

102 1588 179 1624 οὗτος
195 1592 249 1619 τῶν
268 1592 379 1627 ἀγαθῶν
404 1593 458 1619 τῶν
483 1593 624 1627 ὑμετέρων
642 1593 656 1618 ὀ
672 1590 804 1626 κολοφὼν.
825 1591 854 1616 '0
870 1590 892 1617 δ’

103 1641 215 1668 ἐκείνων
229 1641 295 1672 Θεὸς
309 1642 355 1668 καὶ
369 1641 417 1668 νῦν
432 1641 477 1667 τὸν
496 1641 609 1667 ἐκείνων
627 1640 784 1676 ἐλάμπρυνε
797 1639 902 1675 θρόνον,

102 1687 192 1720 δοξίας
212 1688 260 1719 τὰς
275 1688 387 1719 ἀκτῖνας
404 1688 540 1723 ἀφιεῖσαν.

138 1735 194 1760 Καὶ
211 1734 306 1761 τούτου
320 1735 404 1761 πολλᾶ
425 1735 475 1770 μὲν
500 1735 572 1761 ἔστιν
600 1735 690 1770 εὑρεῖν
703 1735 751 1762 καὶ
765 1735 833 1762 ἄλλα
848 1743 891 1761 τε-

102 1781 210 1816 κμήρια
222 1789 228 1796 ·
245 1781 326 1816 ἀρκεῖ
337 1781 364 1808 δὲ
383 1782 458 1816 ὑμῶν
473 1782 520 1808 καὶ
535 1783 549 1808 6
566 1782 636 1808 κατὰ
652 1782 707 1808 τῶν
726 1781 893 1816 δυσωνύμων

103 1825 261 1860 Μανιχαίων
274 1825 353 1860 ζῆλος
367 1845 374 1857 ,
393 1826 422 1852 ὃν
437 1828 534 1861 πρώην
559 1825 635 1860 ὑμῶν
653 1826 670 1860 ἡ
697 1826 804 1860 ὁσιότης
829 1825 893 1858 ὲγύ-

104 1880 204 1906 μνωσε,
217 1871 327 1903 δείξασα
343 1872 392 1906 τὴν
406 1872 469 1906 περὶ
483 1871 516 1897 τὰ
531 1871 590 1897 θεῖα
604 1871 654 1905 τῆς
670 1871 807 1905 ὑμετέρας
820 1871 893 1905 φιλο-

102 1915 177 1947 θεῖας
195 1916 324 1952 σπουδήν.
349 1916 470 1951 ’Δπὸχρη
482 1915 530 1942 καὶ
541 1915 574 1941 τὰ
589 1915 637 1941 νῦν
656 1915 721 1950 παρ’
737 1914 815 1950 ὑμῶν
827 1923 894 1950 γρα-

100 1961 186 1994 φέντα
204 1961 250 1987 τὸν
271 1960 450 1987 ἀποστολικδν
475 1961 552 1996 ὑμῶν
573 1961 736 1996 χαρακτῆρα
762 1960 891 1995 δηλῶσαι.

108 2006 345 2040 Ἐντετυχήκαμεν
364 2006 418 2040 γὰρ
440 2007 496 2038 τοῖς
521 2007 598 2041 παρὰ
618 2005 668 2040 τῆς
689 2006 737 2041 σῆς
764 2007 893 2041 γραφεῖσι

101 2051 241 2086 ὁσιότητος
254 2051 318 2087 περὶ
328 2051 377 2086 τῆς
390 2051 438 2078 τοῦ
449 2051 516 2078 Θεοῦ
528 2052 575 2078 καὶ
592 2051 717 2086 Σωτῆρος
728 2051 807 2087 ἡμῶν
817 2053 894 2078 ἐναν-

103 2097 280 2132 ορωπήσεως,
297 2097 344 2123 καὶ
357 2096 551 2132 ἐθαυμάσαμεν
563 2097 612 2132 τὴν
625 2097 680 2123 τῶν
694 2098 893 2133 γεγραμμένων

103 2142 256 2178 ἀκρίὸειαν.
283 2142 440 2177 Ἀμφότερα
454 2143 507 2177 γὰρ
520 2143 592 2170 κατὰ
606 2143 704 2170 ταυτὸν
721 2143 827 2179 ἐδήλου,
847 2144 894 2170 καὶ

101 2189 151 2224 τὴν
165 2189 198 2214 ὲκ
221 2188 269 2215 τοῦ
285 2188 371 2215 ἀϊδίου
387 2189 493 2225 Πατρὺς
508 2189 592 2216 ἀΐδιον
607 2189 722 2224 θεότητα
738 2189 785 2216 τοῦ
805 2190 893 2217 Μονο-

102 2233 198 2267 γενοῦς
210 2254 217 2266 ,
235 2233 282 2260 καὶ
306 2233 355 2269 τὴν
382 2234 413 2259 ἐκ
431 2233 588 2269 σπέρματος
609 2233 734 2268 Ἀϐραὰμ
747 2233 795 2259 καὶ
811 2233 894 2259 Δαὸὶδ

96 2261 299 2314 ἀνθρωπότητα
310 2287 317 2294 ·
334 2261 381 2305 καὶ
398 2279 438 2306 ὃτι
456 2261 526 2305 καὶἑά
541 2261 629 2306 πάντα
646 2261 744 2314 ημῖνθή
760 2279 892 2314 ληφθεῖσα
908 2261 930 2289 D

103 2323 183 2357 φύσις
200 2323 293 2358 ἐῴκει,
308 2324 389 2358 μόνον
401 2324 429 2350 δὲ
448 2323 575 2358 ἀνόμοιος
590 2322 624 2359 ἦν
639 2323 677 2358 τῷ
694 2323 784 2358 πάσης
801 2324 892 2359 ἁμαρ-

102 2368 162 2399 τίας
175 2368 298 2403 ἀμύητος
314 2369 470 2404 διαμεῖναν
487 2369 637 2404 ἐπειδήπερ
655 2369 705 2395 οὐκ
722 2369 755 2395 ἐκ
772 2368 890 2403 φύσεως,

102 2415 160 2441 ἀλλ’
175 2415 207 2441 ὲκ
219 2414 408 2451 προαιρέσεως
424 2414 493 2449 αὓτη
508 2414 615 2448 φύεται.
632 2412 695 2449 Εἶχε
709 2413 738 2440 δὲ
752 2414 800 2440 καὶ
813 2413 892 2441 τοῦτο

102 2460 136 2487 τὰ
145 2461 308 2496 γράμματα,
323 2460 361 2492 ὡς
376 2457 415 2492 εἷς
431 2460 479 2495 μὲν
494 2461 508 2486 6
520 2459 665 2494 μονογενὴς
679 2459 725 2485 τοῦ
737 2459 805 2485 Θεοῦ
816 2459 889 2491 Υἱὸς,

102 2506 209 2543 ἀπαθὴς
222 2506 252 2532 δὲ
262 2505 342 2532 αὑτοῦ
359 2507 376 2541 ἡ
387 2505 482 2540 θεότης
493 2526 500 2537 ,
524 2505 571 2531 καὶ
586 2504 720 2539 ἄτρεπτος
728 2497 740 2537 ,’
752 2505 798 2531 καὶ
811 2505 892 2532 ἀναλ-

102 2553 221 2584 λοίωτος,
239 2551 364 2588 καθάπερ
383 2552 397 2578 ὁ
414 2552 546 2587 γεννήσας
568 2551 649 2578 αὐτὸν
666 2551 772 2586 Πατὴρ,
793 2552 840 2578 καὶ
862 2551 892 2578 τὸ

102 2598 234 2632 πανὰγιον
247 2597 359 2632 Πνεῦμα
372 2606 378 2612 ·
397 2597 444 2624 καὶ
457 2597 501 2624 διὰ
515 2597 595 2624 τοῦτο
607 2597 656 2632 τὴν
675 2596 800 2632 παθητὴν
813 2596 892 2623 ἔλαϐε

140 2664 160 2680 ³⁸
174 2665 253 2691 Rom.
268 2673 286 2696 ι,
299 2665 325 2692 8.

103 2727 170 2754 odit.
185 2726 392 2753 Balleriniorum
408 2731 473 2752 tom.
488 2726 508 2755 l,

104 2761 243 2789 Sirmondi
257 2761 389 2792 editione,
404 2761 499 2787 Latine
519 2760 554 2787 ab
575 2760 692 2787 Herveto
715 2765 779 2787 ante
804 2761 891 2787 inter-

103 2796 284 2830 pretationem
310 2795 568 2822 commentariorum
588 2794 754 2822 Theodoreti
777 2795 803 2822 in
827 2796 892 2830 Epi—

104 2831 188 2858 stolas
198 2830 411 2867 Pauli-apostoli,
428 2830 498 2865 apud
523 2830 670 2857 Baronium
690 2837 800 2865 quoque
816 2831 848 2858 ad
864 2838 891 2859 ο.

526 2733 553 2760 p.
574 2725 622 2752 9n
642 2732 701 2759 seq.
717 2732 750 2752 ex
766 2725 824 2760 ipsa
841 2726 892 2753 hac

942 220 976 247 de
991 220 1069 255 legali
1087 221 1294 249 conversatione
1311 223 1495 258 ambigebant,
1519 225 1728 260 explicationem

942 267 976 293 ab
992 267 1038 294 illo
1054 267 1181 299 referret,
1193 268 1279 295 multo
1295 269 1381 304 magis
1395 277 1444 298 nos
1462 271 1580 299 humiles
1592 276 1620 299 et
1636 273 1729 307 pusilli

942 312 975 339 ad
988 313 1164 347 apostolicam
1176 313 1268 341 sedem
1278 319 1395 342 vestram
1404 316 1583 347 accurrimus,
1593 322 1623 344 ut
1634 318 1730 346 Eccle-

943 357 1047 384 siarum
1069 357 1210 385 ulceribus
1238 358 1390 386 remedium
1413 368 1427 387 a
1452 361 1530 388 vobis
1550 362 1728 397 accipiamus.

942 402 1027 430 Vobis
1050 403 1125 430 enim
1146 403 1250 438 primas
1270 404 1298 432 in
1317 405 1446 432 omnibus
1472 410 1566 433 tenere
1589 407 1729 434 convenit.

942 447 1033 474 Multis
1052 447 1187 482 siquidem
1203 449 1390 484 praerogativis
1406 454 1520 478 ornatur
1533 451 1613 479 sedes
1627 457 1729 480 vestra.

942 491 1050 518 Etenim
1061 492 1128 520 alias
1136 493 1220 521 urbes
1232 499 1311 521 ornat
1322 495 1365 522 vel
1374 495 1544 530 magnitudo,
1553 497 1596 524 vel
1609 497 1731 532 pulchri—

943 538 1019 571 tudo,
1035 538 1077 565 vcl
1088 538 1273 567 habitatorum
1284 539 1436 574 frequentia
1451 550 1457 567 :
1473 542 1619 569 nonnullas
1635 542 1729 573 etiam,

943 591 1002 617 qua:
1024 583 1067 610 his
1091 589 1196 616 carent,
1219 587 1224 594 '
1246 585 1398 620 spiritualia
1423 587 1546 620 quaedam
1572 587 1643 614 dona
1665 588 1729 614 illu-

942 632 1029 655 strant
1046 638 1053 656 :
1071 634 1170 657 vestrre
1183 638 1249 657 vero
1264 630 1400 658 honorum
1413 631 1579 659 alIluentiam
1594 633 1730 660 bonorum

942 674 1056 709 largitor
1066 675 1151 701 dedit.
1171 676 1219 702 llla
1234 676 1307 702 enitn
1321 676 1444 703 omnium
1458 677 1574 704 maxima
1592 682 1620 705 et
1633 679 1730 706 claris-

943 719 1023 751 sima,
1039 727 1100 754 qua:
1113 724 1142 747 et
1155 720 1216 747 orbi
1232 725 1366 748 terrarum
1380 722 1520 756 praesidet,
1538 728 1566 750 et
1579 723 1729 751 incolarum

944 765 1120 793 multitudine
1132 766 1322 794 redundat.Ad
1330 767 1388 794 haec
1396 768 1542 802 imperium
1552 769 1624 803 quod
1637 777 1729 797 rerum

943 819 1018 838 nunc
1034 813 1147 846 potitur,
1166 816 1194 839 et
1210 820 1289 839 suum
1305 813 1362 847 ipsa
1380 821 1479 840 nomen
1495 814 1613 841 subditis
1628 815 1730 850 imper-

909 850 929 877 Β
944 857 997 885 tiit.
1010 858 1150 894 Praecipue
1163 865 1254 886 autem
1267 859 1340 886 illam
1355 859 1422 886 ﬁdes
1432 865 1520 892 ornat,
1535 861 1643 896 1188
1653 863 1732 897 cujus

945 905 1022 932 testis
1033 905 1148 932 idoneus
1162 911 1204 933 est
1215 906 1325 934 divinus
1339 907 1449 939 Paulus,
1468 907 1588 934 clamans
1603 917 1609 934 :
1627 917 1635 933 ι
1651 908 1731 935 Fides

943 955 1033 978 vestra
1057 951 1237 978 annuntiatur
1254 951 1282 978 in
1303 951 1432 979 universo
1446 951 1549 978 mundo
1567 951 1598 978 “‘.
1620 962 1628 976 ι
1652 952 1729 986 Quod

943 996 965 1023 si
979 996 1069 1023 statim
1087 1000 1149 1031 post
1170 1002 1295 1032 suscepta
1315 997 1444 1024 salutaris
1462 997 1667 1032 praedicationis
1685 1006 1730 1025 se-

943 1041 1016 1068 mina
1032 1041 1172 1069 mirabiles
1191 1042 1242 1075 hos
1253 1042 1359 1073 fruetus
1372 1043 1511 1070 uberrime
1524 1043 1649 1078 protulit,
1663 1051 1733 1078 prar~

944 1087 1067 1114 dicandze
1080 1095 1140 1122 qua:
1158 1088 1185 1114 in
1199 1096 1231 1115 ea
1244 1096 1318 1116 nunc
1342 1089 1416 1124 viget
1429 1089 1524 1123 pietati
1542 1097 1667 1123 qutenam
1682 1097 1732 1124 par

943 1140 1003 1160 esse
1027 1133 1114 1168 possit
1143 1133 1252 1160 oratio?
1271 1133 1358 1162 liabet
1382 1137 1514 1169 praeterea
1544 1135 1730 1162 communium

943 1179 1053 1206 Patrum
1067 1179 1316 1214 magistrorumque
1331 1180 1455 1207 veritatis
1470 1181 1542 1208 Petri
1556 1185 1583 1208 et
1594 1181 1670 1208 Pauli
1689 1189 1732 1208 se-

943 1225 1048 1259 pulcra,
1067 1225 1187 1252 fidelium
1204 1227 1310 1253 animas
1323 1226 1516 1254 illuminantia.
1529 1227 1650 1260 Quorum
1666 1228 1730 1255 hea-

944 1271 1079 1298 tissimum
1088 1279 1119 1299 ac
1128 1268 1251 1299 divinum
1261 1280 1320 1307 par,
1331 1272 1358 1299 in
1367 1272 1478 1300 Oriente
1487 1273 1597 1308 quidem
1606 1278 1730 1301 exortum

943 1321 995 1349 est,
1002 1322 1030 1344 et
1037 1318 1126 1345 radios
1135 1326 1354 1353 quaquaversum
1364 1311 1473 1346 diﬁ‘udit
1482 1319 1543 1347 :sed
1551 1320 1577 1347 in
1585 1319 1732 1348 Occidente

943 1363 1006 1390 vita:
1018 1371 1144 1390 occasum
1158 1365 1230 1391 ultro
1245 1364 1339 1397 subiit,
1360 1369 1441 1399 atque
1459 1365 1522 1392 inde
1544 1373 1619 1393 nunc
1636 1366 1731 1394 orbem

944 1408 1103 1435 universum
1120 1409 1273 1436 collustrat.
1297 1409 1330 1436 Hi
1349 1410 1441 1437 sedem
1458 1415 1575 1438 vestram
1592 1412 1732 1439 nobilissi~

945 1461 1016 1479 mam
1041 1454 1222 1481 reddiderunt
1243 1463 1249 1481 :
1274 1455 1320 1482 hic
1344 1455 1479 1483 bonorum
1510 1461 1665 1483 vestrorum
1690 1463 1732 1484 est

945 1506 1023 1533 apex.
1042 1499 1077 1526 At
1095 1500 1204 1527 illorum
1227 1501 1320 1528 sedem
1338 1509 1413 1528 nunc
1429 1502 1511 1529 etiam
1531 1502 1639 1529 illorum
1660 1503 1733 1529 Deus

945 1544 1102 1577 illustravit,
1113 1545 1178 1572 dum
1192 1546 1220 1572 in
1228 1554 1260 1573 ea
1271 1547 1443 1574 sanctitatem
1452 1552 1569 1575 vestram
1580 1552 1661 1576 rectze
1670 1547 1732 1575 fidei

947 1588 1038 1618 radios
1048 1591 1207 1619 fundentem
1225 1593 1376 1620 constituit.

921 1639 970 1674 τὴν
985 1639 1120 1674 ὑμετέραν
1135 1640 1291 1676 ἁγιωσύνην
1311 1641 1421 1675 ἰδρύτας
1440 1642 1469 1668 ἐν
1487 1642 1573 1676 τούτῳ
1586 1641 1635 1677 τῆς
1654 1641 1732 1677 ὀρθο-

977 1732 1062 1767 Cujus
1075 1733 1187 1767 quidem
1200 1733 1238 1760 rei
1254 1742 1316 1761 cum
1329 1734 1380 1761 alia
1394 1735 1479 1762 multa
1493 1735 1521 1762 in
1535 1741 1662 1771 promptu
1678 1737 1733 1765 sint

942 1782 1114 1813 argumenta,
1137 1778 1236 1806 sufﬁcit
1251 1779 1327 1806 zelus
1351 1785 1442 1807 vester
1462 1781 1593 1809 adversus
1618 1782 1733 1811 infames

943 1823 1118 1855 Manichwos,
1131 1831 1213 1857 quem
1227 1825 1357 1851 sanctitas
1368 1830 1458 1852 vestra
1474 1835 1562 1861 nuper
1573 1829 1691 1860 exeruit,
1705 1835 1734 1856 et

942 1876 997 1903 quo
1011 1876 1101 1895 rerum
1111 1868 1266 1895 divinarum
1277 1869 1368 1897 studio
1376 1875 1468 1897 vester
1477 1871 1503 1898 in
1516 1872 1602 1900 Deum
1611 1874 1645 1900 sit
1656 1882 1733 1901 amm-

943 1913 1082 1948 patefecit.
1104 1913 1247 1940 Sufficiunt
1269 1919 1297 1941 ct
1317 1922 1378 1949 qua:
1401 1922 1475 1943 nunc
1499 1925 1514 1943 a
1533 1918 1610 1944 vobis
1632 1919 1733 1954 scripta

943 1963 1017 1990 sunt,
1035 1963 1065 1985 ut
1082 1959 1263 1993 apostolicum
1286 1959 1474 1988 characterem
1498 1966 1620 1990 vestrum
1637 1969 1732 1991 osten-

943 2005 1018 2032 dant.
1036 2004 1185 2031 lncidimus
1199 2012 1317 2039 namque
1340 2005 1367 2032 in
1379 2005 1436 2038 illa,
1454 2015 1515 2041 quae
1528 2007 1561 2034 de
1577 2009 1624 2036 Dei
1638 2009 1732 2036 Salva-

945 2051 1069 2086 lorisque
1088 2050 1175 2078 nostri
1196 2051 1386 2078 incarnatione
1407 2053 1539 2080 sanctitas
1556 2058 1647 2081 vestra
1663 2056 1733 2083 seri-

943 2096 1007 2131 psit,
1024 2101 1051 2123 et
1065 2097 1193 2123 admirati
1207 2104 1302 2124 sumus
1311 2102 1433 2124 exactam
1448 2099 1540 2133 operis
1552 2099 1732 2135 diligentiam.

943 2142 1064 2177 Utraque
1078 2142 1151 2170 enim
1162 2143 1263 2169 eadem
1279 2151 1362 2177 opera
1373 2143 1542 2177 declarabat,
1559 2149 1586 2172 et
1601 2150 1732 2173 aeternam

943 2195 977 2214 cx
999 2192 1103 2215 aeterno
1121 2188 1203 2215 Patre
1218 2187 1357 2222 Unigeniti
1371 2188 1553 2221 divinitatem,
1566 2195 1594 2216 et
1610 2190 1733 2225 ejusdem

944 2241 976 2260 ex
995 2233 1111 2260 Abrahae
1129 2237 1156 2260 et
1170 2233 1283 2260 Davidis
1299 2234 1404 2261 semine
1417 2234 1615 2263 humanitatem
1631 2245 1638 2264 :
1652 2245 1684 2264 ac
1697 2238 1736 2265 si-

944 2279 1037 2306 milem
1053 2287 1101 2314 per
1112 2279 1203 2306 omnia
1220 2278 1301 2306 nobis
1316 2279 1401 2306 fuisse
1414 2284 1581 2315 assumptam
1594 2286 1731 2313 naturam.

944 2325 998 2352 hoc
1022 2333 1076 2352 uno
1098 2326 1270 2358 dissimilem,
1290 2326 1363 2361 quod
1383 2326 1488 2361 peccati
1508 2334 1607 2362 expers
1626 2328 1734 2363 1189

943 2372 1086 2403 manserit,
1097 2372 1203 2407 quippe
1217 2380 1278 2407 quae
1291 2379 1346 2399 non
1362 2380 1396 2399 ex
1406 2377 1516 2404 natura,
1535 2372 1582 2399 sed
1595 2380 1628 2399 ex
1646 2373 1733 2401 libera

942 2417 1084 2444 voluntate
1107 2417 1238 2444 nascitur.
1262 2417 1296 2444 Et
1312 2417 1364 2445 hoc
1379 2422 1512 2452 praeterea
1529 2417 1628 2445 littera}
1644 2419 1733 2446 conti-

944 2462 1047 2488 nebant
1064 2470 1149 2489 unum
1168 2470 1229 2489 esse
1246 2461 1417 2498 unigenitum
1429 2462 1476 2489 Dei
1488 2463 1635 2495 Filium,et
1649 2464 1734 2498 impa-

947 2507 1053 2534 tibilem
1066 2508 1126 2542 ejus
1143 2508 1325 2540 divinitatem,
1344 2515 1405 2542 qum
1421 2515 1472 2535 nec
1484 2508 1554 2535 verti
1572 2514 1663 2543 queat,
1682 2517 1733 2537 nec

945 2552 1057 2584 mutari,
1075 2552 1184 2579 sicutet
1196 2553 1243 2587 qui
1258 2553 1347 2587 ipsum
1358 2552 1453 2587 genuit
1464 2553 1554 2585 Pater,
1570 2556 1598 2579 et
1614 2553 1733 2587 Spiritus

946 2602 1058 2626 sanctus
1075 2607 1082 2625 :
1105 2598 1222 2633 ideoque
1240 2598 1382 2633 patibilem
1403 2602 1530 2624 naturam
1551 2598 1712 2633 sumpsisse,
1724 2599 1734 2609 '

944 2725 975 2754 C.
992 2727 1056 2758 449,
1073 2732 1092 2754 t.
1108 2727 1152 2758 νι,

982 2762 1037 2796 (75)
1054 2761 1161 2788 Τούτων
1170 2761 1200 2788 δὲ
1216 2763 1304 2796 ἐστερ.
1320 2762 1418 2788 Baller.

984 2763 1027 2792 {73
1054 2763 1161 2788 Τούτων
1172 2763 1200 2788 δὲ
1216 2763 1304 2796 ἐστερ.
1320 2763 1397 2788 Baue;

984 2763 1044 2836 (λίς,
1056 2797 1296 2832 περίφανέστερον.
1312 2796 1397 2831 Neap.

1168 2735 1195 2762 p.
1213 2727 1264 2753 105
1278 2734 1335 2761 seq.
1351 2729 1380 2753 et
1391 2726 1467 2754 alibi.
