1962 3051
224 126 294 158 ωδ

717 119 959 151 TIIEODORETI
978 117 1147 148 EI’ISCOPI
1166 119 1348 150 CYRENSlS

1776 121 1844 154 1316

223 180 287 214 quia
305 178 396 206 divina
420 182 516 204 natura
537 177 689 211 passionem
710 183 765 202 non
790 174 961 209 recipiebat:
980 177 1008 199 ut

1069 172 1151 205 ρύσιν,
1168 174 1314 208 ἐπειδήπερ
1338 175 1353 208 ή
1369 173 1428 200 θεία
1445 174 1524 208 9:53"..-
1542 175 1589 201 οῦκ
1609 175 1715 210 ἐδέχετο
1730 168 1844 210 ’πάθοςῖ

223 233 273 259 per
286 224 378 252 carnis
393 223 510 258 propria:
530 222 683 256 passionem
705 220 954 255 impassibilitatem
976 219 1008 245 iis

223 270 270 305 qui
289 271 316 297 in
335 270 422 304 ipsum
443 268 587 295 crederent
604 267 761 302 largiretur.
778 266 839 293 "me
853 270 880 292 et
898 265 951 291 alia
965 264 1009 290 his

224 320 337 351 cognata
348 315 447 342 litteris
458 313 678 341 continebantur.
694 313 749 339 Nos
761 320 827 339 vero
838 311 1008 346 spiritualem

224 362 384 395 sapientiam
397 366 470 387 tuam
490 359 627 389 admirati.
641 359 761 393 Spiritus
776 357 861 384 sancti
883 357 1007 392 gratiam,

218 414 284 442 qum
304 414 352 440 per
364 412 414 431 vos
433 405 523 431 locuta
538 409 590 435 est,
607 404 734 430 laudibus
750 403 908 433 extulimus,
930 409 1008 436 roga-

224 458 348 485 musque,
369 455 397 478 et
407 450 595 480 obsecramus,
617 454 643 476 et
657 455 812 483 precamur,
832 451 860 474 et
873 446 1010 481 supplices

223 504 334 523 oramus
347 497 517 523 sanctitatem
531 500 616 526 tuam,
631 499 661 521 ut
673 497 832 528 tempestate
842 492 949 528 jactatis
960 492 1008 519 Dei

223 543 352 569 Ecclesiis
364 550 442 576 opem
456 542 534 569 l‘erat.

259 587 327 614 Cum
343 587 415 614 enim
437 595 485 621 per
500 594 548 613 eos
566 594 635 620 quos
653 584 783 612 sanctitas
805 588 851 611 tua
870 583 1009 618 Ephesum

224 633 310 663 misit,
324 631 493 666 tempestatis
505 632 607 658 exitum
621 637 805 665 speraremus,
817 630 844 656 in
857 629 1010 664 graviorem

225 678 373 713 procellam
394 677 496 712 delapsi
511 684 616 704 sanius.
643 676 889 703 Alexandrinorum
909 675 1010 709 quippe

223 724 393 758 justissimus
419 723 533 749 antistes
558 722 770 756 haudquaquam
793 725 939 748 contentus
959 720 1011 747 fuit

227 769 318 804 iniqua
340 769 391 795 hac
410 772 437 795 et
459 768 636 803 iniustissima
656 767 826 801 depositione
846 766 1010 793 sanctissimi

226 814 336 848 Dcoque
349 813 500 840 eharissimi
512 812 877 846 Coustantinopolitanorum
889 810 1009 844 episcopi

1060 218 1102 244 ἵνα
1117 218 1155 252 τῷ
1169 218 1247 245 πάθει
1259 219 1306 254 τῆς
1322 220 1389 250 ἰδίας
1402 220 1501 254 σαρκὸς
1520 220 1568 254 τὴν
1581 221 1716 247 ἀπάθειαν
1729 224 1785 254 τοῖς
1807 224 1849 256 εἰς

1060 263 1140 290 αὐτὸν
1158 266 1351 291 πεπιστευκόσι
1364 265 1517 300 χαρίσηται.
1535 266 1638 298 Ταῦτα,
1652 267 1699 294 καὶ
1719 269 1769 295 ὅσα
1785 269 1847 296 τού-

1060 317 1116 340 τοις
1129 310 1186 335 ἐστι
1205 312 1334 346 συγγενῆ,
1347 315 1467 347 περιεῖχε
1482 311 1516 338 τὰ
1531 313 1691 347 γράμματα.
1711 314 1806 349 Ἡμεῖς
1819 315 1848 341 δὲ

1060 354 1108 389 τὴν
1133 357 1320 391 πνευματικήν
1348 365 1393 382 σου
1412 357 1508 392 eo?!”
1532 357 1732 393 θαυμάσαντες,
1750 360 1800 395 τὴν
1814 361 1850 387 δι’

1061 400 1137 435 ὑμῶν
1148 401 1338 437 φθεγξαμένην
1355 402 1400 428 τοῦ
1419 403 1498 436 ἁγίου
1515 404 1584 430 livet}
1589 401 1673 438 ματος
1688 406 1850 441 ἀνυμνήσα-

1062 453 1111 479 μεν
1134 446 1231 481 χάριν·
1250 448 1296 473 καὶ
1317 447 1549 483 παρακαλοῦμεν,
1576 449 1621 475 καὶ
1644 450 1849 486 ἀντιϐολοῦμεν.

1061 492 1108 517 καὶ
1126 491 1242 526 δεόμεθα
1257 512 1264 523 ,
1290 493 1337 519 καὶ
1357 493 1512 528 ἱκετεύομέν
1533 502 1579 520 σου
1607 494 1657 529 τὴν
1683 495 1850 531 ἁγιωσύνην,

1061 537 1199 572 ἐπαμῦναι
1216 540 1276 570 ταῖς
1292 539 1338 565 τοῦ
1349 538 1416 565 Θεοῦ
1436 539 1609 574 Ἐκκλησὶαις
1624 541 1848 576 χειμαζομέναις.

1097 582 1182 609 Λύσιν
1202 583 1255 618 γὰρ
1275 584 1384 610 ἔσεσθαι
1400 583 1448 610 τοῦ
1465 584 1598 616 κλύδωνος
1615 586 1851 621 προσδοκήσαντες

1060 628 1104 655 διὰ
1116 628 1170 655 τῶν
1186 629 1261 664 παρὰ
1272 629 1320 664 τῆς
1331 629 1466 664 ὑμετέρας
1478 630 1630 666 ἁγιωσύνης
1648 632 1687 662 εἰς
1703 631 1751 667 τὴν
1765 632 1832 666 Ἐφε
1841 647 1850 652 -

1064 681 1111 699 σον
1135 673 1361 706 ἀποσταλέντων,
1388 675 1568 711 χαλεπωτέρᾳ
1597 677 1851 712 περιπεπτώκαμεν

1063 717 1141 755 ζάλῃ.
1174 720 1202 746 ὐ
1226 720 1280 756 γὰρ
1296 722 1344 756 τῆς
1370 721 1572 756 Ἀλεξανδρείας
1594 722 1764 754 δικαιότατος
1783 724 1851 758 πρό-

1063 764 1138 798 εόρος
1154 766 1204 792 οὐκ
1227 766 1346 802 ἡρκέσθη
1373 769 1405 802 τῇ
1419 767 1512 802 ἀνόμῳ
1526 767 1612 803 ταύτῃ
1629 768 1676 794 καὶ
1690 769 1848 804 ἀδικωτάτη

1063 809 1221 845 καθαιρέσει
1243 810 1289 836 τοῦ
1314 812 1466 845 ἁγιωτάτου
1497 813 1544 838 καὶ
1571 812 1777 847 θεοφιλεστάτου
1800 814 1852 848 τῆς

226 859 330 886 domini
342 859 473 891 Flaviani,
485 866 573 893 neque
584 858 670 892 ipsius
684 857 802 884 animam
814 857 933 891 explevit
944 865 1011 884 con—

1069 855 1385 883 Κωνσταντινουπολιτῶν
1399 858 1549 884 ἐπισκόπου
1566 858 1612 884 τοῦ
1624 859 1716 894 κυρίου
1730 859 1852 885 Φλαϐια-

227 903 325 930 similis
343 907 448 938 strages
461 902 577 929 aliorum
594 902 798 936 episcoporum,
820 901 867 929 sed
886 909 928 928 me
944 909 1012 936 quo-

226 957 279 984 que
291 949 432 976 absentem
445 949 551 975 calamo
562 947 688 975 similiter
701 947 846 982 jugulavit,
861 955 911 974 nec
926 947 952 974 in
968 947 1012 982 jus

227 1000 364 1025 vocatum,
382 1002 433 1021 nec
448 999 609 1028 praesentem
617 993 781 1028 judicatum,
799 1001 848 1019 nec
859 993 1012 1028 interroga-

228 1047 295 1073 tum,
310 1040 344 1067 de
360 1040 407 1066 Dei
425 1046 456 1066 ac
471 1039 623 1066 Salvatoris
635 1039 723 1066 nostri
741 1039 929 1066 lnearnatione
945 1039 1012 1074 quid

226 1086 354 1113 sentiam.
368 1085 402 1112 Et
417 1084 570 1111 homicidas
583 1084 704 1118 quidem,
719 1091 751 1110 ac
766 1083 956 1118 sepulcrorum
971 1083 1013 1111 ef-

227 1130 368 1161 fractores,
387 1129 594 1163 alienarumque
612 1128 770 1162 nuptiarum
790 1128 941 1160 invasores,
957 1135 1013 1155 non

227 1176 304 1212 prius
314 1174 620 1209 condemnantjudices,
630 1182 711 1209 quam
724 1173 764 1201 vel
777 1174 826 1208 ipsi
839 1174 948 1208 objecta
957 1174 1013 1200 eri-

227 1222 300 1249 mina
317 1220 488 1248 coniessione
506 1228 554 1248 sua
570 1219 715 1250 ﬁrmarint,
732 1219 774 1246 vel
792 1219 825 1246 ab
841 1218 902 1245 aliis
919 1223 1014 1253 aperte

227 1267 331 1294 fuerint
341 1266 471 1293 convicti.
481 1265 537 1292 Nos
547 1269 637 1292 autem
650 1264 695 1291 hic
706 1264 732 1291 in
747 1263 854 1298 1190
867 1263 968 1290 divinis
976 1264 1015 1290 le-

227 1314 307 1348 gibus
315 1312 454 1339 enutritus
463 1311 574 1346 triginta
582 1310 704 1345 quinque
713 1309 901 1337 mansionibus
909 1309 1013 1336 distan-

228 1363 270 1386 tes
283 1358 475 1385 condemnavit
487 1356 723 1390 utvoluit.Neque
744 1363 817 1382 nunc
833 1359 940 1382 tantum
963 1354 1015 1382 hoc

228 1404 302 1434 fecit,
313 1403 361 1430 sed
375 1410 446 1429 anno
457 1401 540 1428 etiam
558 1401 711 1436 superiore,
725 1408 787 1427 cum
800 1408 833 1427 eo
846 1399 961 1435 profecti
972 1407 1016 1426 es—

228 1454 290 1477 sent
300 1449 355 1476 duo
363 1449 415 1476 viri
427 1448 592 1483 Apollinaris
601 1447 697 1474 morbo
706 1446 810 1477 infecti,
824 1451 852 1473 et
863 1445 1015 1472 calumnias

228 1496 256 1522 in
272 1503 322 1522 nos
340 1494 501 1527 texuissent,
516 1500 684 1527 consurgens
702 1492 729 1519 in
745 1491 862 1519 ecclesia
876 1498 928 1518 nos
945 1498 1011 1517 ana-

229 1539 349 1566 themate
366 1537 478 1565 coutixit
495 1547 501 1563 :
521 1537 604 1572 idque
619 1544 681 1563 cum
701 1536 735 1563 ad
750 1543 813 1563 eum
827 1534 1012 1570 scripsissem,

228 1589 256 1611 et
267 1592 327 1618 quae
336 1583 467 1610 sentirem
484 1591 533 1617 per
545 1582 652 1609 litteras
666 1581 864 1616 exposuissem.
975 1582 979 1585 ”

266 1725 322 1759 Ego
337 1731 399 1751 vero
416 1723 545 1750 Ecclesiae
559 1729 624 1749 sane
643 1726 834 1756 tempestatem
847 1720 944 1752 deﬂeo.
961 1728 1015 1748 ca:-

230 1776 320 1797 terum
342 1769 428 1803 quieti
458 1768 565 1795 studeo.
589 1768 642 1794 Sex
661 1767 735 1794 enim
764 1772 792 1794 et
818 1767 914 1801 viginti
937 1766 1016 1793 anuis

229 1815 404 1842 commissam
428 1814 494 1840 mihi
515 1813 549 1840 ab
567 1813 759 1839 universorum
777 1813 833 1839 Deo
853 1811 1015 1842 Ecclesium,

231 1868 342 1895 precum
356 1864 507 1886 vestrarum
522 1858 624 1885 auxilio
636 1866 698 1885 eum
716 1858 845 1889 rexerim,
863 1864 952 1891 neque
965 1856 1017 1883 sub

231 1906 390 1932 beatissimo
407 1905 550 1931 Theodoto
568 1904 690 1930 antistite
707 1902 836 1934 Orientis,
857 1909 947 1936 neque
967 1901 1017 1928 sub

232 1951 318 1985 iisqni
338 1951 376 1977 illi
389 1950 415 1977 in
433 1949 666 1976 Antiochcuorum
681 1949 746 1976 sede
760 1951 962 1980 successerunt,
974 1948 1016 1975 vel

231 1997 372 2023 minimam
385 1995 624 2030 reprehensionem
643 1994 772 2026 sustinui,
783 1994 830 2021 sed
841 1994 935 2020 divina
948 1993 1016 2020 mihi

231 2047 396 2076 cooperante
421 2041 517 2076 gratia,
545 2048 628 2075 supra
648 2040 721 2067 mille
741 2040 846 2066 uitiatas
872 2039 1018 2066 Marcionis

234 2088 329 2115 morbo
345 2087 469 2118 liberavi,
483 2087 636 2120 multasque
653 2086 720 2112 alias
737 2093 770 2112 ex
780 2085 841 2112 Arii
851 2090 879 2112 et
890 2083 1018 2112 Eunomii

232 2134 355 2168 partibus
374 2132 408 2159 ad
422 2129 560 2159 Christum
578 2131 722 2158 Dominum
742 2130 866 2165 perduxi.
881 2130 914 2157 Et
930 2130 1020 2156 octin—

1063 898 1119 931 νοῦ,
1137 899 1197 926 οὐδὲ
1210 900 1358 936 ἐνέπλησεν
1372 901 1454 928 αὑτοῦ
1466 902 1511 928 τὸν
1525 902 1611 938 θυμὸν
1625 903 1678 930 τῶν
1692 903 1779 932 ἄλλων
1793 905 1854 931 ἐπι-

1064 945 1172 971 σκόπων
1183 945 1199 979 ἡ
1216 946 1394 981 παραπλησία
1405 949 1495 982 σφαγή
1507 955 1513 962 ’
1526 947 1593 974 ἀλλὰ
1605 948 1677 983 κάμὲ
1691 948 1736 975 τὸν
1747 949 1853 975 ἀπόντα

1062 991 1164 1025 ὁμοίως
1179 991 1296 1027 καλάμῳ
1309 993 1487 1027 κατέσφαξεν,
1499 993 1561 1020 οὔτε
1573 994 1689 1026 καλέσας
1703 995 1742 1025 είς
1754 996 1852 1029 κριτὴ-

1065 1045 1132 1071 ριον,
1149 1037 1210 1063 οὔτε
1223 1038 1344 1073 παρόντα
1357 1039 1463 1075 κρίνας,
1478 1040 1528 1066 οὐκ
1539 1041 1679 1076 ἐρωτήσας
1689 1041 1751 1068 τινα
1761 1041 1852 1076 φρονῶ

1063 1084 1127 1118 περὶ
1143 1083 1192 1118 τῆς
1215 1083 1262 1110 τοῦ
1285 1084 1352 1110 Θεοῦ
1376 1086 1423 1111 καὶ
1440 1086 1563 1121 Σωτῆρος
1578 1086 1658 1121 ἡμῶν
1674 1086 1853 1122 ὲνανθρωπή-

1064 1137 1143 1159 σεως.
1160 1129 1217 1156 Καὶ
1230 1129 1292 1161 τοὺς
1309 1129 1359 1165 μὲν
1376 1130 1564 1166 ἀνδροφόνους,
1579 1133 1625 1158 καὶ
1644 1132 1852 1168 τυμϐωρύχους,

1064 1174 1111 1200 καὶ
1122 1175 1185 1205 τοὺς
1194 1174 1244 1206 τὰς
1252 1175 1394 1211 ἀλλοτρίας
1402 1176 1570 1212 συλήσαντας
1581 1177 1670 1209 εὐνὰς,
1679 1179 1709 1204 οὐ
1720 1178 1854 1213 πρότερον

1064 1221 1274 1254 κατακρίνουσιν
1300 1222 1325 1247 οἱ
1350 1222 1524 1255 δικάζοντες,
1549 1223 1601 1254 ἕως
1620 1223 1686 1259 ἃνῆ
1710 1225 1787 1250 αὐτοὶ
1803 1224 1854 1255 τὰς

1064 1265 1232 1300 κατηγορίας
1249 1267 1308 1298 ταῖς
1319 1267 1474 1302 ὁμολογίαις
1491 1268 1662 1303 κυρώσωσιν,
1678 1268 1695 1304 ἢ
1709 1269 1774 1305 παρ’
1791 1269 1854 1295 ὲτέ-

1066 1318 1120 1344 ρων
1131 1310 1254 1345 ἐναργῶς
1266 1311 1439 1346 ἐλεγχθῶσιν.
1462 1312 1550 1346 Ἠμᾶς
1566 1312 1595 1338 δὲ
1608 1313 1622 1338 ό
1637 1313 1693 1343 τοῖς
1712 1312 1794 1344 θείοις
1807 1313 1854 1339 νό-

1066 1364 1127 1391 μοις
1149 1355 1367 1391 ἐντεθραμμένος
1392 1357 1472 1384 πέντε
1486 1358 1533 1384 καὶ
1554 1357 1702 1393 τριάκοντα
1723 1357 1854 1393 σταθμοῖς

1064 1402 1251 1438 ἀφεστηκότας
1268 1403 1428 1438 κατέκρινεν
1444 1404 1482 1435 ὡς
1498 1403 1625 1440 ἠθέλησε.
1648 1404 1704 1431 Καὶ
1724 1404 1803 1430 τοῦτο
1822 1405 1853 1430 οὖ

1065 1446 1112 1473 νῦν
1128 1447 1210 1482 μόνον
1227 1448 1387 1482 πεποίηκεν,
1402 1449 1469 1476 ἀλλὰ
1485 1449 1532 1475 καὶ⁸
1550 1450 1648 1484 πέρυσι
1664 1450 1734 1485 μετὰ
1745 1450 1791 1477 δύο
1807 1451 1854 1478 άν-

1065 1491 1132 1527 δρας
1159 1491 1213 1519 τῶν
1241 1492 1290 1528 τὴν
1333 1493 1521 1529 ’Λπολιναρίου
1547 1495 1626 1521 νόσον
1655 1495 1854 1531 εἰσδεξαμένων

1067 1538 1157 1563 ἐκεῖσε
1171 1537 1335 1573 δραμόντας,
1351 1539 1399 1566 καὶ
1415 1540 1596 1573 συκοφαντίας
1614 1540 1674 1567 καθ’
1689 1541 1768 1576 ἡμῶν
1784 1542 1855 1576 ὑφή-

1065 1591 1174 1615 ναντας,
1195 1584 1314 1616 ἀναστὰς
1341 1585 1385 1610 ἐπ’
1399 1585 1546 1620 ἐκκλησίας
1573 1586 1648 1620 ἡμᾶς
1663 1585 1853 1620 ἀνεθεμάτισε·

1066 1627 1114 1653 καὶ
1129 1627 1215 1654 ταῦτα
1229 1627 1296 1662 ἐμοῦ
1308 1627 1462 1662 γράψαντος
1476 1629 1544 1663 πρὸς
1563 1629 1654 1661 αὑτὸν,
1670 1630 1717 1656 καὶ
1731 1630 1749 1656 ἃ
1764 1630 1855 1665 φρονῶ

1064 1671 1109 1698 διὰ
1122 1673 1293 1708 γραμμάτων
1303 1673 1482 1708 δηλώσαντος.

1108 1717 1180 1751 Ἐγὼ
1195 1718 1223 1744 δὲ
1241 1719 1372 1754 ὀδύρομαι
1387 1720 1436 1754 μὲν
1449 1719 1498 1753 τῆς
1516 1720 1677 1755 Ἐκχλησίας
1691 1720 1736 1746 τὺν
1752 1720 1855 1747 κλύδω-

1067 1772 1110 1795 να,
1126 1763 1175 1798 τὴν
1194 1763 1222 1790 δὲ
1235 1764 1348 1799 ἡσυχίαν
1371 1765 1540 1800 ἀσπάζομαι.
1560 1766 1609 1799 Ἓξ
1630 1767 1683 1800 γάρ
1700 1767 1748 1793 καὶ
1767 1766 1855 1793 εἴκοσι

1067 1809 1113 1843 ἔτη
1129 1809 1177 1844 τὴν
1193 1810 1408 1844 ἐγχειρισθεῖσὰν
1430 1819 1475 1846 μοι
1494 1812 1568 1847 παρὰ
1579 1813 1626 1839 τοῦ
1640 1813 1708 1839 Θεοῦ
1719 1814 1772 1839 τῶν
1785 1813 1856 1839 ὅλων

1077 1855 1239 1890 Ἐκκλησίαν
1259 1855 1349 1887 ἱθὺνας
1362 1856 1405 1882 διὰ
1418 1857 1467 1888 τὰς
1483 1857 1617 1893 ὑμετέρας
1632 1859 1726 1893 εὐχὰς,
1745 1859 1795 1885 οὐκ
1809 1859 1856 1885 ἐπὶ

1067 1899 1113 1925 τοῦ
1127 1900 1335 1934 μακαριωτάτου
1349 1901 1474 1927 Θεοδότου
1492 1903 1537 1928 τοῦ
1551 1903 1600 1937 τῆς
1621 1903 1765 1936 ’Δνατολῆς
1787 1911 1856 1939 προ-

1068 1946 1155 1980 έδρου,
1171 1946 1220 1971 οὐκ
1234 1946 1279 1972 ἐπὶ
1291 1945 1344 1972 τῶν
1364 1948 1422 1980 μετ’
1441 1949 1554 1980 ἐκεῖνον,
1570 1948 1624 1976 τῶν
1638 1949 1682 1975 τὸν
1697 1949 1856 1985 ’Δντιοχέων

1067 1990 1264 2025 διαδεξαμένων
1285 1991 1388 2026 θρόνον,
1402 1993 1451 2027 τὴν
1471 1993 1605 2027 τυχοῦσαν
1625 1993 1727 2028 μέμψιν
1742 1994 1857 2028 ὑπέμει-

1068 2044 1111 2068 να,
1121 2036 1186 2062 ἀλλᾶ
1198 2036 1247 2070 τῆς
1260 2037 1332 2068 θείας
1345 2046 1389 2071 μοι
1398 2038 1508 2073 χάριτος
1518 2040 1735 2074 συνεργησάσης,
1748 2040 1858 2069 πλείους

1070 2083 1120 2116 μὲν
1137 2082 1152 2117 ἢ
1171 2083 1258 2118 χιλίας
1269 2083 1357 2118 ψυχὰς
1372 2084 1546 2119 ἠλευθέρωσα
1561 2085 1610 2120 τῆς
1631 2086 1793 2120 Μαρκίωνος
1813 2087 1857 2112 νό-

1070 2139 1128 2162 σου,
1147 2131 1259 2163 πολλοὺς
1272 2131 1300 2157 δὲ
1315 2131 1411 2163 ἄλλους
1425 2132 1458 2158 ἐκ
1472 2132 1521 2166 τῆς
1545 2132 1650 2167 Ἀρείου
1664 2133 1711 2159 καὶ
1724 2132 1857 2166 Εὐνομίον

231 2184 374 2214 gentarum
388 2178 572 2206 Ecclesiaruut
591 2177 754 2211 pastoralem
771 2184 865 2203 curam
880 2178 886 2184 '
904 2176 1012 2203 sortitus

1073 2177 1228 2211 συμμορίας
1246 2177 1421 2212 προσήγαγον
1436 2176 1475 2211 τῷ
1496 2177 1619 2212 Δεσπότῃ
1631 2177 1754 2212 Χριστῷ·
1767 2177 1815 2204 καὶ
1828 2177 1858 2203 ὲν

234 2233 293 2251 sum
304 2233 310 2257 ;
322 2229 362 2251 tot
376 2224 448 2251 enim
463 2223 550 2258 Cyrus
559 2222 794 2256 habetparmeias,
805 2222 830 2248 in
842 2221 942 2255 quibus
954 2229 1017 2255 pre-

232 2278 294 2297 cum
309 2274 461 2296 vestraruin
474 2268 575 2294 auxilio
592 2267 687 2294 lolium
702 2267 806 2293 nullum
826 2265 951 2293 relictum
964 2269 1016 2297 est,

232 2316 278 2343 scd
293 2315 421 2342 omnibus
430 2314 565 2340 haereticis
576 2313 717 2340 erroribus
728 2320 792 2348 grex
803 2318 897 2339 noster
907 2315 1018 2346 ereptus

232 2367 284 2389 est.
300 2361 381 2388 Novit
394 2362 440 2394 qui
454 2359 546 2386 omnia
561 2359 704 2393 conspicit,
724 2364 791 2394 quot.
806 2358 911 2393 lapides
923 2357 957 2384 ab
973 2357 1016 2384 in-

233 2407 322 2434 tandis
341 2407 476 2434 haereticis
493 2406 520 2432 in
536 2413 578 2432 me
601 2406 740 2440 coniectos
756 2405 912 2440 exceperim
929 2412 935 2430 ί
949 2408 1017 2438 quot

234 2453 300 2481 mihi
322 2452 415 2480 multis
432 2452 460 2478 in
474 2451 590 2478 urbibus
603 2451 726 2478 Orientis
748 2450 898 2478 certamina
914 2449 1019 2476 fuerint

233 2499 365 2526 adversus
391 2498 517 2534 gentiles,
540 2496 671 2524 adversus
689 2496 808 2527 Judaaos,
833 2500 862 2523 et
888 2495 1020 2522 adversus

233 2552 356 2572 errorem
371 2551 479 2572 omnem
494 2543 664 2571 haereticum.
689 2543 722 2570 Et
743 2547 803 2577 post
824 2546 914 2569 tantos
935 2541 1020 2569 sudo—

237 2596 282 2616 res
299 2596 332 2617 ac
350 2589 459 2616 labores
495 2589 586 2616 ndicta
605 2596 688 2616 causa
700 2588 899 2615 condemnatus
912 2595 983 2615 sum.

272 2678 307 2705 At
324 2685 374 2711 ego
393 2677 550 2711 apostolica:
563 2681 660 2704 vestrae
679 2676 751 2704 sedis
768 2681 896 2711 exspecto
910 2680 1022 2703 sentcn-

235 2725 312 2754 tiam,
337 2727 365 2749 et.
386 2730 435 2749 oro
462 2727 543 2757 atque
569 2723 692 2750 obtestor
718 2722 822 2757 1191
848 2723 1020 2750 sanctitatem

237 2773 322 2799 tuam.
332 2773 362 2795 ut
374 2768 440 2794 mihi
450 2768 484 2794 ad
499 2772 602 2795 rectum
614 2769 754 2804 aejustum
767 2768 887 2795 tribunal
900 2773 1021 2796 vestrum

235 2814 396 2850 provocanti
413 2814 589 2850 opemqferat,
601 2814 750 2850 iubeatque
763 2815 795 2842 ad
810 2822 858 2842 vos
876 2814 980 2847 venire,
994 2819 1022 2842 et

1070 2221 1243 2253 ὀκτακοσίαις
1259 2222 1433 2256 Ἐκκλησίαις
1446 2222 1541 2256 ἔλαχον
1548 2223 1700 2257 ποιμαίνειν
1710 2223 1859 2254 ’τοσαύτας

1072 2268 1125 2302 γὰρ
1137 2268 1152 2302 ἡ
1165 2267 1272 2303 Κύῤῥος
1290 2267 1434 2302 παροικίας
1445 2267 1510 2302 ἔχει,
1523 2268 1553 2294 ὲν
1570 2265 1612 2299 αἷς
1635 2268 1694 2294 οὐδὲ
1711 2268 1739 2294 ἓν
1750 2268 1794 2295 διὰ
1808 2268 1860 2300 τὰς

1075 2313 1210 2348 ὑμετέρας
1239 2313 1320 2347 εὐχὰς
1344 2313 1482 2348 μεμένηκε
1510 2312 1645 2345 ζιζάνιον·
1672 2313 1739 2340 ἀλλὰ
1767 2314 1861 2349 πάσης

1075 2358 1216 2393 αἱρετικῆς
1228 2358 1411 2393 ὴλευθέρωται
1427 2358 1529 2392 πλάνης
1537 2359 1568 2384 τὸ
1579 2359 1711 2394 ἡμέτερον
1723 2359 1858 2394 ποίμνιον.

1075 2403 1150 2430 Οἶδεν
1165 2404 1178 2429 ὀ
1194 2405 1281 2430 πάντα
1300 2404 1406 2439 ἐφορῶν
1423 2404 1522 2436 πόσους
1542 2404 1675 2440 ἐδεξάμην
1696 2405 1786 2436 λίθους
1806 2406 1862 2433 ὑπὸ

1074 2450 1128 2476 τῶν
1145 2449 1309 2484 δυσωνύμων
1330 2451 1390 2476 κατ’
1413 2450 1481 2484 ἐμοῦ
1504 2451 1680 2485 πεμφθέντας
1702 2451 1862 2485 αἱρετικῶν,

1073 2497 1172 2527 πόσους
1186 2497 1214 2522 ἐν
1224 2497 1284 2526 ταῖς
1304 2496 1408 2522 πλείοσι
1421 2497 1471 2531 τῆς
1493 2496 1637 2530 Ἀνατολῆς
1659 2495 1768 2522 πόλισιν
1782 2495 1864 2531 ἔσχον

1072 2542 1180 2576 ἀγῶνας
1193 2542 1259 2577 πρὸς
1272 2541 1415 2577 Ἓλληνας,
1431 2542 1498 2577 πρὸς
1521 2541 1674 2573 Ἰουδαίους,
1688 2540 1755 2575 πρὸς
1772 2542 1865 2568 πᾶσαν

1074 2588 1179 2622 πλάνην
1195 2587 1348 2622 αἰρετικὴν.
1367 2587 1420 2614 Καὶ
1436 2588 1506 2622 μετὰ
1520 2586 1664 2618 τοσούτους
1682 2586 1796 2621 ἱδρῶτας
1815 2587 1866 2612 καὶ

1075 2633 1172 2664 πόνους
1187 2632 1224 2667 μὴ
1239 2632 1420 2666 δικασάμενος
1434 2631 1609 2668 κατεκρίθην.

1118 2678 1188 2711 Ἐγὼ
1200 2678 1229 2704 δὲ
1251 2677 1297 2704 τοῦ
1316 2678 1494 2705 ἀποστολικοῦ
1513 2678 1590 2713 ὑμῶν
1608 2678 1702 2713 θρόνου
1721 2676 1866 2712 περιμένω

1077 2721 1125 2756 τὴν
1140 2721 1238 2756 ψῆφον·
1253 2722 1302 2748 καὶ
1315 2722 1437 2754 ἱκετεύω,
1455 2723 1501 2749 καὶ
1513 2722 1644 2749 ἀντιϐολῶ
1656 2723 1704 2756 τὴν
1719 2723 1769 2757 σὴν
1784 2722 1866 2755 ἁγιό-

1076 2776 1155 2803 τητα,
1171 2767 1309 2802 ἐπαμῦναί
1325 2775 1369 2802 μοι
1383 2767 1414 2794 τὸ
1426 2767 1506 2803 ὀρθὸν
1522 2768 1598 2802 ὑμῶν
1617 2768 1663 2794 καὶ
1679 2767 1784 2794 δίκαιον
1803 2767 1868 2793 ἐπι-

1078 2813 1236 2849 καλουμένῳ
1260 2814 1412 2850 κριτήριον,
1441 2814 1487 2841 καὶ
1505 2812 1630 2841 κελεῦσαι
1652 2813 1768 2848 δραμεῖν
1795 2812 1870 2848 πρὶς
