1962 3051
167 109 232 143 I329

683 110 926 140 THEODORETI
946 110 1114 140 EPISCOPI
1134 110 1315 141 CYRENSIS

1739 105 1790 135 3Ξο

595 172 676 199 CXIII
693 173 740 200 bis.
757 189 790 192 —
809 172 863 207 (78)
879 180 902 200 s.
919 179 1009 199 Lsoxls
1025 181 1094 199 Νη
1109 181 1140 200 AD
1155 180 1354 200 THEODORETIJH.

202 243 307 277 1193
326 242 507 270 Dilectissimo
525 240 600 268 fratri
621 242 789 270 Theodorito
802 243 948 277 episcopo,
964 246 985 272 A
999 251 1054 270 non
1076 244 1235 275 crediderit,
1255 243 1484 271 condemnabitur
1498 243 1531 270 ’⁵.
1550 252 1558 268 ι
1585 243 1656 271 Soiis
1672 243 1788 279 justllia:
1822 226 1834 232 ’ἢ

164 288 221 317 Leo
239 289 394 323 episcopus.

199 334 395 362 Remeantibus
424 333 458 360 ad
494 341 545 360 nos
577 332 709 360 fratribus
740 338 768 360 et
804 340 948 360 consacer-

164 379 274 407 dotibus
291 379 404 410 nostris,
423 387 492 413 quos
509 379 542 406 ad
560 383 685 406 sanetum
705 378 856 406 concilium
871 378 950 405 sedes

164 425 237 453 beati
263 425 336 452 Petri
362 424 472 456 direxit,
497 425 658 460 agnovimus
678 424 852 452 dilectionem
875 428 949 450 luam

164 478 283 505 superno
307 469 444 505 adjutorio
468 469 611 496 nobiseum
633 473 686 496 tam
706 469 874 496 Nestorianaa
897 469 949 495 im-

162 515 284 550 pietatis.
305 523 387 550 quam
406 515 582 550 Eutychianaa
606 515 734 548 vesania,
754 516 891 543 exstitisse
907 515 950 542 vi-

164 559 287 587 ctricem.
301 559 378 587 Unde
390 560 539 594 gloriamur
553 560 580 586 in
592 560 707 586 Domino
717 580 723 591 ,
737 568 800 586 cum
813 559 950 594 Propheta

164 610 294 633 canentes
307 614 314 632 :
331 615 340 631 ‹
353 606 527 640 Adjutorium
538 610 663 633 nostrum
675 607 702 633 in
712 606 823 633 nomine
831 606 948 637 Domini,

163 653 210 688 qui
224 653 289 680 fecit
305 653 404 680 emlum
421 657 449 679 et
465 657 566 680 terram
584 653 617 684 ‘9,
636 662 644 678 ι
666 652 713 687 qui
730 653 835 679 nullum
855 660 905 678 nos
922 651 949 677 in

162 697 265 724 nostris
288 697 418 724 fratribus
440 697 635 724 detrimentum
656 697 793 724 sustinere
815 696 948 730 permisit,

168 743 215 770 sed
236 751 296 778 quae
318 747 413 770 nostro
432 743 510 777 prius
531 742 684 770 ministerio
706 741 860 774 definierat,
884 741 948 767 uni-

163 796 250 816 versae
260 788 440 815 fraternitatis
452 787 646 814 irretractabili
657 786 906 818 ﬁrmavitassensu,
916 791 946 812 ut

162 841 228 861 vere
244 841 259 860 a
272 841 301 861 se
316 833 452 868 prodiisse
469 832 636 864 ostenderet,
651 832 724 866 quod
738 832 815 866 prius
831 839 846 858 a
863 832 950 866 prima

164 879 286 906 omnium
302 878 366 906 sede
381 878 527 906 formatum
538 898 545 910 ,
559 878 644 905 totius
655 877 804 905 Christiani
816 877 893 904 orbis
903 878 949 912 ju-

998 289 1091 324 jubar,
1103 289 1196 316 densis
1206 297 1255 324 per
1267 289 1407 316 Orientem
1421 289 1539 316 Nestorii
1555 293 1582 316 et
1595 289 1727 325 Eutychis
1741 299 1788 318 ne-

1000 333 1074 360 bulis
1093 333 1266 368 impeditum,
1291 342 1360 369 pure
1378 334 1413 361 ab
1434 333 1584 362 Occidente
1607 335 1785 369 resplenduit,

1001 379 1049 406 ubi
1072 380 1182 407 culmen
1206 388 1344 407 summum
1369 380 1396 407 in
1423 381 1554 415 apostolis
1574 384 1602 408 et
1625 381 1788 409 doctoribus

1000 423 1190 458 principaliter
1206 424 1360 451 collocavit.
1381 423 1511 458 Quamvis
1524 432 1575 452 nec
1594 424 1651 452 illic
1667 433 1787 460 unquam

1001 468 1121 496 defuisse
1134 469 1288 497 credendus
1297 470 1344 501 sit,
1354 477 1408 504 quo
1420 469 1591 497 confessores
1601 469 1653 496 sibi
1663 470 1787 505 egregios

1001 515 1153 544 reservavit
1170 523 1176 541 :
1194 515 1231 542 ita
1244 519 1284 546 ut,
1300 514 1365 541 dum
1380 514 1471 542 denuo
1484 519 1631 542 conaretur
1641 514 1728 542 hostis
1737 523 1790 542 au-

1003 560 1106 594 tiquus,
1120 568 1170 594 per
1184 559 1298 587 secundi
1312 560 1462 587 Pharaonis
1475 560 1650 595 impwnitens
1661 568 1709 587 cor
1722 560 1785 588 ﬁdei

1000 605 1116 632 Abrahze
1132 613 1225 633 semen
1241 610 1268 632 et
1281 605 1352 632 ﬁlios
1368 605 1587 640 repromissionis
1600 605 1784 641 exstinguere,

999 650 1055 676 Deo
1073 650 1232 681 miserante,
1250 650 1438 685 languescens,
1454 649 1507 676 nisi
1524 649 1589 682 sibi,
1602 657 1702 678 nocere
1717 651 1785 678 nihil

1000 700 1101 730 posset.
1118 696 1156 723 De
1173 704 1227 730 quo
1241 700 1268 723 et
1286 695 1353 722 illud
1366 696 1541 730 omnipotens
1552 696 1706 724 mirabilius
1719 697 1784 732 egit,

1000 741 1065 776 quia
1082 745 1110 768 et
1122 749 1192 776 quos
1204 741 1257 768 sibi
1270 741 1360 768 socios
1378 741 1410 768 ad
1433 741 1575 769 Israelitici
1589 742 1681 777 populi
1698 743 1786 770 caedes

1001 787 1146 819 asciverat,
1166 795 1221 814 non
1239 795 1301 814 cum
1323 787 1476 822 tyrannidis
1493 792 1606 815 auctore
1627 788 1784 820 submersit,

1001 831 1048 859 sed
1064 839 1126 859 cum
1143 840 1193 859 suo
1214 832 1316 866 populo
1335 832 1521 866 congregavit,
1539 836 1575 864 et,
1598 833 1668 860 sicut
1688 841 1785 860 revera

1001 885 1030 905 se
1043 878 1167 913 dignum,
1183 882 1211 906 et
1225 878 1276 905 soli
1290 877 1342 905 sibi
1361 878 1491 912 possibile
1512 878 1574 906 fons
1589 878 1786 907 misericordia:

146 921 153 926 ’
164 925 266 953 dicium
282 925 439 959 recepisset.
454 928 484 951 ut
498 925 524 951 in
537 924 590 951 hoc
600 931 710 959 quoque
723 924 806 958 capiti
823 923 947 950 membra
966 920 985 946 Β
1000 926 1124 954 noverat,
1137 922 1225 949 victos
1236 930 1251 949 a
1261 921 1342 949 nobis
1352 922 1495 949 nobiseum
1507 922 1572 950 fecit
1584 930 1644 949 esse
1655 923 1784 955 victores.

163 970 332 998 concordent
349 979 356 996 ι
374 969 402 996 in
422 977 477 1004 quo
493 969 611 1004 amplior
637 969 717 996 nobis
736 968 869 996 accrescit
884 976 949 1003 gau-

164 1016 245 1043 dendi
259 1015 382 1048 materia,
397 1015 461 1042 dum
480 1020 556 1042 tanto
572 1015 658 1050 magis
675 1022 704 1042 se
724 1014 842 1049 perculit
856 1013 948 1040 inimi-

163 1066 338 1097 cus,.quanto
353 1065 449 1090 contra
464 1061 565 1088 Christi
586 1060 727 1087 ministros
742 1060 842 1087 suavius
858 1060 949 1086 insur-

165 1108 244 1135 rexit.
255 1107 322 1134 Nam
334 1115 369 1134 ne
381 1107 496 1133 aliarum
507 1106 614 1133 sodium
626 1105 658 1132 ad
669 1112 739 1137 eam,
751 1112 833 1138 quam
844 1103 949 1131 cazteris

163 1154 286 1181 omnium
301 1153 433 1181 Dominus
449 1152 546 1179 statuit
562 1151 719 1186 praesidere,
738 1157 887 1177 consensus
904 1156 947 1175 as-

164 1198 282 1226 sentatio
305 1197 457 1229 videretur,
490 1200 537 1223 aut
564 1196 615 1223 alia
644 1195 773 1230 qumlibet
799 1195 948 1229 subrepere

164 1248 255 1279 posset
270 1243 383 1270 adversa
402 1242 534 1277 suspicio,
550 1241 653 1268 inventi
672 1241 749 1275 prius
767 1244 832 1267 sunt
850 1240 897 1274 qui
914 1239 948 1267 de

161 1290 275 1326 judiciis
288 1289 390 1316 nostris
401 1288 582 1323 ambigerem.
594 1287 627 1314 Et
637 1287 702 1313 dum
715 1286 852 1319 nonnulli,
866 1294 880 1313 a
893 1286 948 1313 dis-

163 1335 298 1363 sensionis
310 1335 415 1362 incitati
430 1338 554 1366 auctore,
570 1333 602 1360 ad
616 1333 864 1360 contradictionum
877 1333 948 1360 bella

162 1381 320 1415 prosiliunt,
339 1380 373 1407 ad
388 1380 475 1414 majus
493 1379 595 1406 bonum
605 1398 611 1410 ,
627 1379 698 1405 malo
711 1379 771 1414 ejus
785 1383 897 1405 auctore
910 1382 949 1404 to-

163 1423 218 1450 tius
237 1423 368 1450 bonitatis
385 1423 572 1457 dispensante,
589 1427 751 1457 perventum
768 1426 820 1449 est.
837 1422 949 1449 Dulcius

163 1468 298 1502 siquidem
312 1476 425 1495 munera
438 1468 532 1502 gratia:
543 1468 641 1495 divinae
652 1467 827 1503 proveniunt,
841 1467 949 1502 quoties

163 1521 218 1539 non
237 1513 294 1540 sine.
310 1513 414 1548 magnis
433 1513 581 1540 sudoribus
594 1513 776 1547 acquiruntur
792 1521 798 1538 :
812 1516 840 1539 et
858 1511 948 1539 minus

163 1559 266 1585 bonum
278 1559 364 1585 videri
378 1558 508 1593 soletpax
523 1559 681 1585 continuata
692 1566 740 1593 per
753 1558 849 1589 otium,
867 1565 948 1592 quam

163 1604 271 1630 reddita
285 1611 335 1638 per
350 1603 482 1630 laborem.
496 1604 556 1638 Ipsa
569 1611 678 1638 quoque
691 1603 794 1630 veritas
808 1607 835 1630 et
848 1602 948 1629 clarius

163 1647 315 1679 renitescit,
331 1652 359 1674 et
369 1648 469 1675 fortius
480 1648 626 1679 retinetur,
645 1648 709 1674 dum
722 1655 782 1682 quae
796 1647 863 1674 ﬁdes
873 1647 949 1681 prius

163 1694 305 1725 docuerat,
324 1694 381 1721 haec
394 1698 488 1728 postea
503 1693 668 1720 examinatio
685 1693 863 1720 conﬁrmarit.
881 1693 949 1720 Mul-

165 1744 221 1765 tum
248 1738 367 1773 denique
392 1738 570 1766 sacerdotalis
598 1738 678 1765 ofﬁcii
704 1738 831 1765 meritum
860 1738 949 1772 splen-

163 1784 260 1816 descit,
276 1785 328 1811 'ubi
346 1785 385 1811 sic
402 1791 573 1811 summorum
591 1787 715 1811 servatur
732 1784 881 1811 auctoritas
892 1804 899 1815 ,
919 1788 949 1810 ut

164 1829 192 1855 in
208 1828 284 1855 nullo
306 1828 466 1856 inferiorum
480 1832 592 1863 putetur
611 1827 754 1854 imminuta
770 1827 883 1854 libertas
900 1836 906 1853 :
922 1832 950 1854 et

163 1874 198 1900 ad
221 1874 351 1909 majorem
375 1873 423 1900 Dei
449 1873 563 1908 gloriam
587 1872 695 1907 proﬁcit
720 1872 781 1899 ﬁnis
805 1872 948 1904 examinis,

165 1919 273 1954 quando
286 1919 319 1945 ad
333 1919 385 1946 hoc
397 1926 425 1946 se
438 1918 537 1953 accipit
548 1917 678 1945 exerendi
693 1917 801 1949 ﬁducia,
814 1921 844 1944 ut
856 1917 949 1944 vinca-

163 1971 209 1992 tur
226 1964 386 1996 adversitas,
401 1972 435 1990 ne
453 1963 525 1998 quod
538 1971 586 1998 per
599 1971 628 1990 se
646 1963 777 1998 probatur
792 1962 949 1998 reprobum,

163 2010 265 2038 silentii
284 2009 444 2045 praajudicio
458 2008 584 2035 videatur
598 2015 770 2043 oppressum.

198 2056 311 2083 Exsulta
328 2055 421 2090 igitur,
436 2054 596 2082 charissime
612 2053 706 2085 frater,
721 2057 748 2080 et
764 2053 790 2080 in
807 2053 888 2081 unico
901 2052 949 2079 Dei

164 2100 232 2128 Filio
250 2101 337 2127 victor
351 2100 468 2127 exsulta.
487 2100 557 2127 Vicit
568 2107 616 2133 per
631 2106 681 2126 nos
695 2098 740 2124 ille
757 2106 805 2132 pro
818 2105 857 2130 se,
873 2098 951 2132 cujus

163 2146 254 2174 carnis
268 2146 369 2173 veritas
386 2145 536 2180 negabatur
552 2153 559 2170 :
575 2143 642 2170 vicit
661 2152 710 2178 per
726 2151 776 2170 nos
793 2147 820 2171 et
838 2151 888 2178 pro
902 2151 952 2170 no-

164 2193 206 2219 bis
225 2192 280 2224 ille,
294 2192 338 2219 cui
361 2191 486 2218 vicimus.
508 2190 632 2218 Secunda
657 2194 699 2217 est
719 2194 781 2224 post
803 2188 950 2215 adventum

1000 967 1068 995 Nam
1080 967 1144 994 dum
1162 968 1238 995 solus
1252 975 1316 995 vere
1332 968 1368 995 sit
1379 968 1492 995 humani
1508 969 1616 1003 generis
1629 970 1716 997 hostis
1729 971 1786 1005 spi-

1000 1013 1071 1040 ritus
1083 1013 1189 1049 1194
1198 1013 1336 1046 falsitatis,
1346 1021 1441 1041 omnes
1452 1013 1485 1040 de
1496 1014 1603 1050 illojam
1617 1015 1784 1050 triumphare

999 1067 1054 1087 non
1069 1059 1183 1086 dubium
1197 1064 1248 1092 est,
1266 1067 1335 1095 quos
1348 1059 1399 1086 sibi
1414 1059 1517 1087 veritas
1533 1060 1690 1088 vindicavit.
1706 1061 1785 1088 Nunc

999 1113 1113 1140 prorsus
1136 1106 1181 1133 illa
1201 1106 1394 1140 Redemptoris
1409 1106 1496 1133 nostri
1518 1106 1602 1138 dicta,
1625 1115 1706 1141 quam
1729 1108 1786 1134 sint

999 1151 1097 1178 divina:
1119 1152 1301 1184 auctoritatis,
1329 1156 1453 1187 apparet,
1478 1152 1542 1179 dum
1573 1157 1668 1179 contra
1691 1153 1785 1179 hostes

999 1198 1062 1225 ﬁdei
1078 1198 1117 1225 sic
1130 1202 1269 1232 aptantur,
1287 1201 1317 1225 ut
1331 1198 1364 1225 de
1386 1197 1452 1232 ipsis
1465 1197 1568 1224 dictum
1584 1205 1644 1224 esse
1657 1198 1784 1225 dubitare

999 1252 1055 1271 non
1069 1244 1158 1271 liccat.
1177 1254 1185 1268 ε
1202 1244 1266 1276 Vos,
1286 1243 1385 1278 inquit,
1402 1251 1436 1270 ex
1452 1247 1528 1278 patre
1541 1243 1651 1270 diabolo
1665 1244 1740 1275 estis,
1757 1249 1783 1270 et

999 1287 1136 1314 desideria
1148 1287 1236 1322 patris
1250 1287 1334 1314 vestri
1349 1287 1432 1315 vultis
1446 1288 1571 1322 implere.
1586 1288 1633 1315 Ille
1646 1288 1784 1315 homicida

999 1333 1050 1360 fuit
1063 1333 1096 1360 ab
1112 1333 1200 1365 initio,
1215 1339 1242 1360 et
1259 1334 1286 1360 in
1300 1334 1414 1360 veritate
1428 1341 1482 1361 non
1502 1334 1587 1366 stetit,
1603 1335 1666 1368 quia
1682 1335 1784 1361 veritas

1000 1377 1027 1403 in
1041 1384 1074 1403 eo
1086 1384 1141 1403 non
1154 1381 1205 1404 est.
1223 1376 1338 1409 Quando
1352 1377 1474 1411 loquitur
1485 1378 1668 1411 mendacium,
1680 1386 1713 1405 ex
1728 1379 1784 1406 suis

999 1421 1130 1456 loquitur,
1145 1422 1210 1456 quia
1222 1422 1340 1449 mendax
1353 1427 1404 1454 est,
1420 1426 1447 1449 et
1459 1427 1536 1457 pater
1547 1423 1606 1457 ejus
1616 1424 1646 1449 ".
1656 1433 1666 1449 ι

1033 1467 1107 1493 Nihil
1129 1475 1194 1502 ergo
1210 1467 1365 1494 mirandum
1382 1472 1424 1494 est
1445 1467 1518 1502 quod
1540 1467 1579 1500 hi,
1600 1468 1646 1503 qui
1666 1469 1692 1495 in
1709 1469 1784 1496 veri—

1000 1516 1054 1538 tate
1076 1512 1125 1538 Dei
1149 1516 1250 1539 nostra:
1271 1517 1375 1539 naturze
1396 1513 1568 1540 mendacium
1593 1514 1783 1545 crediderunt,

1000 1557 1069 1591 patri
1083 1565 1133 1584 suo
1149 1563 1177 1584 et
1194 1558 1268 1585 circa
1284 1557 1334 1585 ista
1347 1558 1526 1591 concordant,
1538 1558 1671 1594 quidquid
1683 1560 1783 1591 visum,

999 1603 1133 1638 quidquid
1153 1603 1288 1636 auditum,
1311 1604 1445 1638 quidquid
1464 1604 1583 1639 denique
1606 1609 1673 1632 teste
1696 1606 1785 1632 Eran-

998 1648 1069 1683 gelio
1080 1652 1180 1676 tactum
1197 1653 1330 1684 estatque
1348 1650 1486 1683 palpatum
1503 1650 1529 1676 in
1544 1650 1626 1677 unico
1643 1650 1690 1677 Dei
1705 1651 1782 1682 Filio,

998 1702 1053 1720 non
1069 1695 1128 1729 ejus
1144 1694 1222 1729 cujus
1240 1694 1385 1729 probatum
1406 1698 1448 1722 est
1463 1700 1627 1728 asserentes,
1650 1695 1697 1723 sed
1713 1703 1782 1723 eose-

999 1743 1084 1765 ternm
1094 1743 1122 1766 et
1133 1739 1321 1766 coessentialis
1332 1739 1405 1766 Patri
1418 1739 1503 1766 fuisse
1514 1740 1674 1767 substantia:
1687 1749 1693 1766 :
1706 1741 1784 1775 quasi

999 1790 1046 1812 aut
1063 1784 1217 1812 divinitatis
1231 1789 1329 1812 natura
1346 1785 1436 1812 crucis
1449 1785 1523 1820 ligno
1535 1786 1661 1813 transﬁxa
1680 1787 1724 1819 sit,
1737 1791 1783 1814 aut

1001 1831 1220 1858 inconvertibilis
1233 1838 1358 1858 crescere
1376 1838 1425 1865 per
1443 1835 1547 1863 aetates,
1564 1836 1592 1858 et
1609 1831 1636 1858 in
1651 1832 1782 1866 sapientia

1000 1876 1133 1910 proﬁcere
1143 1876 1276 1910 sapientia
1287 1876 1465 1910 sempiterna,
1476 1877 1518 1903 vel
1531 1877 1633 1911 Spiritu
1645 1877 1728 1910 Deus,
1737 1878 1783 1912 qui

1001 1919 1113 1954 spiritus
1123 1923 1175 1951 est,
1187 1919 1304 1947 subinde
1316 1920 1416 1954 repleri
1428 1921 1558 1954 potuerit.
1570 1921 1599 1948 In
1611 1921 1664 1948 hoc
1675 1930 1782 1957 quoque

1001 1973 1029 1993 se
1044 1965 1142 1993 acerba
1157 1966 1266 1993 vesania
1283 1973 1316 1992 ex
1327 1973 1381 2000 quo
1397 1970 1508 1994 auctore
1523 1968 1669 1994 accesserit
1683 1968 1783 2002 prodit,

1001 2010 1072 2044 quod
1084 2014 1215 2045 quantum
1228 2010 1254 2037 in
1265 2018 1294 2037 se
1302 2015 1353 2043 est,
1363 2011 1499 2039 universis
1510 2020 1609 2040 nocere
1626 2013 1718 2040 molita
1733 2019 1783 2040 est.

1001 2055 1068 2082 Nam
1084 2055 1130 2090 qui
1145 2063 1194 2082 vos
1212 2057 1404 2091 persequendo
1421 2055 1525 2089 afﬂixit,
1541 2061 1654 2085 caeteros
1667 2058 1701 2085 ad
1718 2066 1785 2085 con-

1001 2108 1112 2128 sensum
1123 2101 1234 2128 sceleris
1245 2101 1409 2136 impellendo
1419 2102 1586 2137 depravavit.
1597 2103 1650 2130 Sed
1662 2111 1712 2131 nec
1723 2109 1783 2134 n05.

1000 2147 1065 2173 Iicct
1091 2146 1119 2173 in
1145 2147 1260 2182 singulis
1282 2147 1424 2180 fratribus,
1452 2148 1516 2182 quia
1540 2149 1663 2176 membra
1691 2153 1785 2176 nostra

1002 2197 1077 2224 sunt,
1092 2192 1273 2224 vulnerasset,
1292 2201 1306 2219 a
1326 2193 1436 2228 speciali
1454 2193 1549 2221 dolore
1566 2193 1632 2221 fecit
1644 2198 1784 2229 exceptos,

163 2238 271 2266 Domini
287 2238 344 2264 lucc
361 2236 422 2264 orbi
447 2236 591 2263 festivitas.
613 2235 760 2263 Redditum
778 2233 948 2266 saeculo'est,
965 2243 989 2272 ι)
1002 2237 1103 2272 quibus
1125 2245 1196 2264 nova
1223 2242 1250 2265 et
1272 2238 1395 2265 inaudita
1410 2238 1498 2273 prius,
1524 2243 1606 2273 atque
1630 2239 1785 2266 incredibili

164 2284 293 2320 praedone
306 2287 453 2318 prostrato,
465 2281 661 2309 incarnationis
672 2281 771 2308 divinae
781 2280 951 2316 mysterium,

163 2329 237 2364 quod
261 2328 375 2356 humani
399 2328 508 2363 generis
532 2326 671 2358 inimicus,
697 2326 762 2361 quia
782 2326 865 2353 rebus
887 2325 954 2359 ipsis

163 2375 274 2402 auferre
292 2382 346 2401 non
364 2377 472 2409 poterat
484 2393 490 2405 ,
508 2372 653 2400 calumniis
674 2372 849 2399 obscurabat.
867 2370 953 2404 Quin-

164 2421 219 2447 imo
231 2420 265 2447 ab
276 2419 481 2446 incredulorum
496 2417 583 2445 corde
594 2417 714 2452 perierat
730 2416 883 2444 immortale
897 2424 956 2450 my-

164 2463 288 2495 sterium,
309 2463 372 2498 quia
388 2462 457 2489 nihil
476 2462 589 2496 prodest
608 2465 682 2488 tanta
699 2461 774 2489 salus
790 2460 947 2492 incredulis,

164 2508 223 2543 ipsa
238 2507 359 2535 Veritate
375 2507 433 2534 suis
452 2507 561 2534 dicente
576 2505 719 2541 discipulis
735 2514 742 2532 :
761 2515 770 2530 ι
789 2505 840 2538 Qui
858 2505 948 2532 credi-

164 2553 245 2586 derit,
263 2557 291 2580 et
307 2553 461 2587 baptizatus
476 2552 571 2584 fuerit,
593 2551 686 2579 salvus
699 2551 752 2578 erit
769 2560 775 2577 :
789 2551 836 2586 qui
857 2555 947 2578 autem

999 2282 1113 2310 audacia
1129 2283 1230 2310 inferre
1247 2287 1343 2310 contra
1360 2291 1439 2310 suum
1457 2289 1541 2318 caput
1559 2289 1601 2311 est
1617 2285 1728 2312 molitus
1742 2285 1785 2312 in-

999 2328 1111 2363 juriam.
1124 2328 1178 2355 Sed
1189 2328 1294 2356 utinam
1303 2329 1344 2356 vel
1361 2334 1423 2364 post
1432 2333 1471 2356 tot
1480 2330 1597 2365 pessima
1609 2331 1786 2366 resipiscens.

1002 2381 1057 2401 non
1073 2382 1124 2401 nos
1137 2374 1219 2401 etiam
1235 2374 1269 2401 de
1284 2382 1334 2401 suo
1350 2379 1461 2402 aeternae
1476 2375 1661 2403 damnationis
1673 2376 1786 2404 interitu

1003 2418 1203 2445 contristasset.
1214 2418 1299 2451 Quam
1312 2426 1468 2446 mensuram
1478 2420 1590 2447 sceleris
1601 2421 1786 2455 praetermisit,

1004 2463 1048 2490 cui
1070 2471 1105 2490 ne
1122 2464 1173 2492 hoc
1190 2464 1315 2492 Suﬁicere
1334 2465 1433 2499 potuit,
1449 2465 1522 2500 quod
1545 2473 1595 2492 nec
1611 2466 1618 2476 ‘
1636 2466 1707 2493 vivis
1723 2474 1787 2501 par-

1003 2507 1102 2539 cendo,
1117 2515 1168 2535 nec
1184 2509 1300 2536 mortuis
1310 2528 1317 2541 ,
1337 2502 1419 2536 etiam
1443 2509 1471 2536 in
1487 2510 1618 2544 sanguine
1634 2510 1788 2537 innocentis

1003 2557 1032 2579 et
1044 2552 1172 2579 catholici
1185 2553 1336 2581 sacerdotis
1346 2554 1463 2588 pollutas
1473 2554 1649 2589 jampridem,
1662 2555 1788 2582 abdicata

206 2631 226 2646 “
244 2630 313 2657 Psal.
329 2637 419 2662 cxxul,
435 2629 461 2657 8.
499 2629 522 2645 ¹⁰
538 2628 621 2656 Marc.
638 2636 692 2660 xvi,
714 2628 757 2656 16.
795 2628 816 2643 ¹¹
832 2628 910 2656 Joan.
930 2637 987 2662 vm,
1006 2629 1050 2657 44.

194 2700 257 2737 ’(78)
272 2700 339 2728 Cum
354 2700 516 2737 Sirmondus
534 2700 604 2726 hanc
623 2699 827 2737 S_.__Leonis_P.
851 2699 885 2737 LI.
902 2707 946 2737 re-

165 2734 339 2771 sponsionem
359 2735 518 2771 suhjecisset
550 2740 624 2761 tomo
638 2735 675 2771 ιγ
689 2734 760 2771 Opp.
775 2734 950 2771 Theodoreti,

167 2769 200 2797 ne
215 2770 279 2805 quid
295 2770 329 2797 ab
344 2778 377 2797 eo
391 2770 493 2797 editum
513 2775 613 2805 nostrae
627 2769 746 2805 editioni
772 2769 889 2799 deesset,
912 2769 952 2795 vi-

166 2804 230 2834 sum'
241 2810 282 2832 est
296 2812 355 2832 eam
371 2812 432 2832 cum
447 2804 610 2832 Theodoreti
627 2804 725 2831 litteris
744 2804 919 2838 conjungere,
935 2813 950 2830 e

1000 2702 1160 2739 recensione
1176 2707 1268 2739 tamen,
1280 2703 1331 2739 FF.
1347 2703 1566 2736 Balleriniorum,
1581 2704 1627 2739 qui
1642 2711 1703 2732 earn
1723 2708 1787 2732 tan-

1004 2744 1085 2774 q_uar_n
1101 2737 1242 2774 epistolam
1259 2738 1310 2764 120
1324 2739 1471 2766 ediderunt
1490 2740 1561 2767 inter
1575 2737 1662 2774 Opera
1690 2739 1792 2767 Leouts

1004 2770 1038 2797 M.
1056 2772 1086 2798 Τ.
1105 2770 1156 2807 [ρ.
1173 2772 1240 2798 1218
1253 2780 1309 2806 seq.
