1962 3051
144 146 208 179 i321

822 146 1003 176 EPISTOLA
1021 147 1127 180 CXIII.

1694 151 1762 186 i322

140 204 254 232 veritate
270 207 352 239 alque
371 203 520 239 approbata
543 204 670 236 falsitate,
683 211 781 231 manus
793 204 923 231 inlinxit?
938 206 958 233 Α
976 205 1058 233 tinaci
1076 206 1179 240 animo,
1199 207 1221 234 si
1243 212 1331 235 tamen
1349 206 1404 236 tfon
1421 209 1476 245 jam
1499 217 1562 237 cum
1582 209 1693 238 diabolo
1714 219 1764 246 pro

142 248 175 276 Et
193 257 255 276 cum
280 249 413 283 scriptum
434 249 472 276 sit
495 258 502 276 :
521 259 530 275 ‹
546 249 597 282 Qui
615 249 674 276 odit
694 249 806 276 fratrem
833 257 923 281 suum,

139 293 279 321 homicida
296 298 338 321 est
353 295 385 325 ",
404 304 413 320 ι
432 294 476 321 ille
495 295 568 329 quod
583 295 647 322 odio
660 296 716 330 jam
733 295 830 323 fecisse
847 295 925 322 addi-

139 344 201 366 ctus
212 343 263 370 est,
277 339 402 374 implevit
412 340 554 374 operibus,
565 340 642 375 quasi
657 349 708 367 nec
723 341 781 367 hazc
794 341 923 374 audisset,

138 392 190 412 nec
204 384 271 411 illud
288 384 360 422 quod
378 385 511 412 Dominus
527 386 566 412 ait
584 394 590 412 :
612 395 621 411 ι
641 386 742 414 Discite
761 394 776 413 a
790 394 843 417 me,
861 386 925 421 quia

138 430 215 457 mitis
233 437 293 457 sum
311 435 339 457 et
354 430 467 458 humilis
483 431 576 463 corde,
596 435 623 458 et
639 432 785 459 invenietis
802 433 925 467 requiem

137 476 283 502 animabus
296 476 405 503 vestris.
424 477 523 512 Jugum
538 477 611 504 enim
626 485 716 504 meum
733 486 816 504 suave
833 482 884 510 est,
899 481 926 505 et

138 528 208 548 onus
232 529 323 548 meum
348 521 407 548 leve
422 521 454 547 ".
483 531 492 546 ι
513 522 614 556 Dignus
635 522 764 549 diabolici
792 522 926 556 prtedica-

136 571 183 593 tur
208 567 312 594 erroris
329 566 474 602 [Egyptius
497 571 615 595 vastator
640 568 768 595 inventus
789 572 841 599 est,
866 568 924 602 qui,

137 616 269 647 tanquam
294 612 461 639 saevissimus
481 617 614 648 tyrannus
636 613 775 645 Ecclesiae,
793 613 927 640 nefandas

138 657 326 692 blasphemias
338 665 387 692 per
399 657 546 684 violentam
560 658 754 687 seditiosorum
770 659 887 689 turbam,
898 662 927 685 et

137 710 188 737 per
209 706 337 729 cruentas
352 710 451 729 manus
471 702 588 733 militum
610 704 773 730 venerandis
797 703 926 730 fratribus

139 748 308 782 imponebat.
322 748 355 774 Et
370 755 432 774 cum
446 755 514 774 voce
528 747 720 782 Redemptoris
735 748 822 775 nostri
840 748 862 764 ’δ
878 747 926 774 ﬁr-

138 798 241 821 matum
265 794 316 825 sit,
339 802 425 821 unum
446 794 627 828 eumdemque
650 794 790 821 homicidii
816 802 877 821 esse
899 797 927 821 et

138 839 265 866 falsitatis
288 845 437 872 auctorem,
458 840 503 866 ille
517 840 620 874 pariter
634 844 780 874 utrumque
807 840 926 874 comple-

976 259 1024 279 sua
1038 253 1176 287 impietate
1188 253 1332 282 damnatus
1343 259 1396 287 est,
1415 256 1524 283 valeant
1538 257 1662 284 suadere.

1013 300 1088 327 Unde
1117 301 1169 328 hoc
1191 309 1300 336 quoque
1321 310 1371 329 nos
1396 306 1490 330 contra
1513 303 1606 331 hostes
1632 304 1763 332 Ecclesia:

976 345 1121 379 providere
1153 346 1318 380 condignum
1345 351 1396 379 est,
1419 351 1449 374 ut
1470 347 1511 374 eis
1533 348 1635 374 nullam
1657 349 1761 376 calum-

975 390 1070 417 niandi
1093 391 1277 424 occasionem,
1302 392 1375 426 quod
1396 393 1429 419 ad
1450 400 1500 420 nos
1521 393 1629 425 attinet,
1653 394 1763 428 penitus

977 435 1174 470 relinquamus,
1199 444 1250 463 nec
1266 445 1387 471 unquam
1404 442 1500 464 contra
1515 438 1701 470 Nestorianos,
1715 443 1760 466 aut

975 480 1160 515 Eutychianos
1174 485 1297 516 agentes,
1313 482 1408 509 alteris
1424 490 1519 509 eorum
1532 483 1675 510 videamur
1689 488 1761 519 terga

975 526 1102 559 vertisse,
1124 527 1172 553 sed
1198 531 1329 562 utrosque
1354 527 1456 555 Christi
1484 529 1576 556 hostes
1593 530 1761 563 arqualanoe

975 569 1094 597 vitemus
1110 575 1191 605 atque
1207 571 1384 603 damnemus;
1410 572 1446 599 ita
1471 576 1500 598 ut
1517 579 1574 604 eos,
1592 573 1700 607 quoties
1715 581 1763 600 au-

976 613 1110 641 dientium
1128 615 1299 649 quantalibet
1316 615 1405 649 poscit
1429 615 1544 647 utilitas,
1569 623 1631 642 cum
1653 616 1762 650 dogma-

976 659 1051 686 tibus
1070 667 1165 686 eorum
1178 660 1260 695 digno
1275 660 1448 687 anathemate
1467 661 1668 694 promptissime
1681 664 1762 695 atque

976 704 1182 731 evidentissime
1194 704 1333 736 feriamus,
1345 713 1379 732 ne
1399 706 1420 731 si
1430 705 1483 731 hoc
1493 713 1507 731 a
1519 705 1598 732 nobis
1608 709 1655 731 aut
1665 705 1764 732 obscu-

977 750 1035 777 rius
1062 750 1120 777 ﬁeri
1136 750 1270 782 videatttr,
1293 755 1340 777 aut
1363 750 1477 782 tardius,
1501 755 1614 785 putetur
1635 751 1761 778 invitum.

977 795 1054 828 Quod
1080 796 1206 829 quamvis
1229 795 1404 830 prudentiam
1431 799 1504 822 luam
1528 804 1572 823 res
1596 797 1653 831 ipsa
1670 797 1765 824 admo-

977 847 1043 866 nere
1052 839 1177 872 sufﬁciat,
1189 840 1244 875 jam
1259 844 1348 867 tamen
1361 844 1388 866 et
1400 840 1585 874 experimenta
1598 840 1762 868 docuerunt.

137 884 187 916 vit,
202 884 279 919 quasi
298 892 352 911 non
373 889 402 911 ut
425 873 585 917 caveantur,
602 885 660 917 sed,
675 873 924 919 uchrpetrentur,
941 873 962 900 Β
978 883 1031 911 Sed
1049 873 1212 911 benedictus
1230 884 1303 911 Deus
1318 887 1423 916 noster,
1436 873 1519 919 cujus
1534 884 1702 911 invincibilis
1717 891 1764 911 ve—

138 930 238 964 scripta
256 930 321 961 sint,
342 930 374 957 ad
393 930 556 964 perditionis
569 938 625 958 sute
635 931 776 958 cumulum
801 931 923 962 trahens,

134 983 198 1010 qua:
219 975 267 1002 Dei
288 975 373 1002 Filius
395 976 501 1002 monuit
525 975 558 1002 ad
582 976 716 1007 salutem;
734 975 800 1001 illud
815 983 925 1009 quoque

137 1020 221 1047 surda
239 1020 322 1047 nimis
342 1028 408 1047 aure
427 1021 598 1055 praeteriens,
617 1021 690 1055 quod
712 1021 745 1047 ab
759 1020 855 1047 eodem
873 1020 925 1046 Do-

137 1067 214 1093 mino
234 1067 337 1094 dictum
356 1071 398 1094 est
417 1075 424 1093 :
445 1077 454 1091 ι
475 1067 531 1102 Ego
551 1067 624 1101 quod
651 1067 706 1093 vidi
729 1066 801 1101 apud
816 1067 924 1093 Patrem

136 1120 229 1139 meum
247 1113 355 1146 loquor,
377 1117 405 1139 et
428 1121 476 1139 vos
499 1112 571 1146 quod
593 1112 702 1139 vidistis
721 1112 793 1146 apud
817 1116 922 1146 patrem

137 1163 258 1185 vestrum
276 1158 364 1184 facitis
378 1158 410 1184 ’⁸.
426 1167 435 1182 ι

174 1204 259 1238 Igitur
276 1204 341 1230 dum
354 1210 454 1230 sanctae
466 1204 605 1230 memoria:
616 1203 745 1230 Flaviano
761 1203 844 1229 vitam
857 1209 926 1237 pla:-

138 1249 225 1275 sentis
240 1249 332 1276 saeculi
348 1250 492 1276 moliretur
508 1249 617 1276 auferre
629 1269 636 1279 ,
658 1257 686 1276 se
702 1256 773 1275 verte
790 1248 852 1275 vitae
865 1248 926 1275 luce

139 1293 266 1328 privavit.
289 1295 357 1321 Dum
387 1302 434 1321 vos
455 1295 489 1321 ab
507 1294 636 1322 Eeclesiis
654 1294 752 1321 vestris
778 1297 924 1321 conaretur

137 1340 286 1374 expellere,
306 1348 334 1367 se
357 1348 372 1367 a
390 1340 610 1367 Christianorum
632 1339 748 1374 collegio
763 1339 925 1374 segregavit.

140 1385 209 1412 Dum
227 1385 454 1420 trahitplurimos
470 1389 498 1412 et
519 1385 636 1419 impellit
657 1385 690 1411 ad
710 1385 812 1411 erroris
830 1392 926 1411 assen-

139 1438 211 1462 sum,
231 1431 376 1465 multiplici
398 1431 518 1457 animam
543 1438 620 1457 suam
636 1430 750 1457 vulnere
770 1429 925 1457 sauciavit:

139 1477 215 1504 solus
230 1476 302 1503 ultra
319 1483 425 1508 omnes,
446 1480 474 1503 et
494 1484 544 1511 per
561 1483 668 1507 omnes,
685 1483 717 1502 ac
731 1483 781 1510 pro
798 1475 928 1503 omnibus

976 929 1043 955 ritas
1064 928 1099 955 ab
1125 929 1200 955 omni
1226 929 1361 955 haereseos
1382 929 1487 956 macula
1510 928 1641 955 mundum
1660 932 1697 961 te,
1721 934 1763 956 se-

976 973 1095 999 cundum
1118 974 1191 1000 sedis
1216 973 1370 1007 apostolicae
1391 973 1536 1008 judicium,
1555 973 1763 999 demonstravit.

975 1018 1024 1046 Cui
1049 1019 1156 1053 dignam
1178 1019 1315 1045 rctribues
1342 1027 1393 1053 pro
1414 1023 1452 1045 tot
1474 1019 1615 1045 laboribus
1636 1018 1761 1053 gratiam,

977 1064 999 1090 si
1011 1064 1090 1091 talem
1109 1068 1145 1096 te,
1155 1065 1263 1098 qualem
1281 1063 1460 1098 probavimus
1479 1070 1510 1095 a_c
1522 1063 1682 1097 probamus,
1701 1061 1764 1089 uni-

976 1109 1090 1136 versalis
1106 1109 1235 1136 Ecclesiae
1250 1109 1402 1136 defensioni
1424 1108 1588 1135 servaveris.
1603 1108 1669 1134 Nam
1690 1107 1762 1142 quod

976 1156 1048 1183 Deus
1068 1155 1191 1182 omnium
1210 1154 1439 1180 ealumniosorum
1461 1153 1581 1180 fallacias
1601 1153 1692 1184 solvit,
1707 1160 1764 1179 ma-

976 1201 1076 1228 ximam
1098 1200 1247 1228 beatiSSimi
1264 1199 1338 1227 Petri
1363 1207 1456 1226 curam
1476 1206 1525 1233 pro
1549 1198 1630 1225 nobis
1655 1198 1763 1224 cunctis

977 1246 1160 1281 agnoscimus,
1182 1244 1238 1279 qui,
1254 1248 1398 1279 postquam
1416 1251 1472 1270 suae
1489 1243 1562 1271 sedis
1575 1243 1708 1278 judicium
1735 1242 1762 1268 in

978 1292 1040 1319 fidei
1071 1291 1230 1318 deﬁnitione
1260 1289 1387 1322 ﬁrmavit,
1416 1292 1468 1316 nec
1496 1289 1569 1316 circa
1602 1288 1763 1323 cujusquam

976 1342 1110 1369 vestrum,
1123 1337 1170 1371 qui
1185 1335 1326 1363 nobiscum
1337 1342 1388 1370 pro
1399 1334 1532 1361 catholica
1541 1333 1593 1360 ﬁde
1608 1333 1763 1366 laborastis,

977 1390 1121 1418 personam
1150 1382 1300 1417 quidquam
1331 1380 1479 1415 reprobum
1506 1380 1595 1406 videri
1621 1379 1762 1414 permisit;

977 1429 1041 1464 quia
1054 1435 1103 1455 nec
1113 1431 1229 1462 poterat,
1238 1426 1342 1461 Spiritu
1352 1429 1447 1452 sancto
1455 1425 1606 1460 judicante,
1619 1425 1763 1459 quisquam

978 1481 1010 1500 ex
1026 1473 1067 1500 eis
1079 1481 1134 1499 non
1152 1472 1241 1499 victor
1260 1472 1346 1503 exire,
1365 1478 1481 1505 quorum
1502 1470 1556 1505 jam
1571 1470 1674 1497 vicerat
1685 1469 1763 1496 fides.

140 1529 215 1553 reus,
235 1522 282 1556 qui
295 1530 376 1548 causa
395 1526 488 1549 reatus
501 1521 631 1548 omnibus
648 1521 710 1548 fuit.
729 1521 783 1548 Sed
803 1521 868 1548 licet
884 1521 927 1547 his
941 1533 961 1561 ο
1013 1517 1089 1550 Quod
1114 1520 1249 1549 superest,
1268 1516 1455 1548 exhortamur,
1469 1518 1509 1547 ut,
1531 1515 1595 1549 quia
1619 1514 1676 1541 illic
1698 1521 1761 1540 non-

140 1571 187 1594 tua
208 1567 379 1600 fraternitas,
400 1567 487 1594 solido
506 1567 568 1594 cibo
592 1567 709 1598 ﬁrmata,
733 1566 855 1601 indigere
874 1566 927 1593 mi-

139 1612 214 1638 nime
226 1612 362 1644 videatur,
372 1616 462 1638 tamen
476 1615 506 1638 ut
518 1611 592 1646 quod
600 1611 687 1638 nostri
700 1611 752 1638 loci
765 1616 806 1638 est
818 1611 930 1645 implea-

140 1663 212 1688 mus,
232 1656 304 1682 circa
328 1663 423 1682 vocem
443 1655 561 1682 dicentis
580 1655 704 1689 Apostoli
723 1665 729 1681 :
753 1665 762 1680 ‹
776 1655 878 1682 Praeter
896 1663 927 1682 ea

140 1709 201 1735 qua:
217 1701 389 1728 extrinsecus
416 1704 495 1732 sunt,
520 1700 651 1727 instantia
676 1708 737 1727 mea
758 1701 926 1735 quotidiana,

140 1746 297 1773 sollicitudo
320 1745 443 1772 omnium
460 1745 665 1773 Ecclesiarum:
683 1746 745 1780 quis
762 1746 926 1778 inﬁrmatur,

140 1796 168 1819 et
179 1800 229 1827 ego
247 1799 302 1819 non
315 1791 461 1818 inﬁrmor‘?
473 1791 535 1826 quis
546 1791 757 1823 scandalizatur,
773 1795 859 1826 etego
873 1799 927 1818 non
940 1784 945 1786 ν

141 1846 207 1865 uror
220 1838 258 1864 ὀἳ
271 1846 280 1863 ι
305 1837 358 1864 hoc
376 1837 512 1871 praecipue
526 1837 653 1871 praesenti
673 1836 816 1863 occasione
836 1836 927 1862 credi-

141 1892 203 1912 mus
216 1883 434 1912 admonendum,
456 1883 541 1909 frater
559 1881 735 1913 charissime,
758 1885 789 1908 ut
805 1881 927 1915 quoties-

141 1937 261 1963 cunque,
278 1928 370 1955 divina
386 1927 474 1961 gratia
488 1926 709 1958 administrante,
725 1925 787 1952 illos
800 1926 846 1960 qui
862 1926 928 1953 foris

142 1978 207 2001 sunt
238 1973 312 2000 fonte
328 1972 459 1999 doctrinae
475 1974 523 1998 aut
547 1971 814 2005 submergimus,aut
830 1979 929 2006 purga-

141 2027 214 2051 mus,
229 2019 257 2046 in
270 2018 347 2045 nullo
364 2018 398 2045 ab
418 2017 526 2052 1195
539 2017 604 2049 illis,
621 2024 690 2052 quas
702 2016 822 2051 Spiritus
841 2017 927 2044 sancti

142 2063 270 2091 divinitas
299 2062 326 2089 in
343 2061 560 2089 Chalcedonensi
577 2061 694 2088 concilio
722 2061 846 2095 protulit,
864 2060 926 2087 ﬁdei

141 2109 244 2144 regulis
270 2108 447 2139 recedentes,
475 2107 547 2134 inter
575 2106 850 2141 utrumque'hostem
878 2114 928 2132 no-

141 2156 217 2183 vella:
228 2154 346 2190 perﬁdia:
357 2160 510 2181 sermonem
522 2157 648 2180 nostrum
661 2160 722 2180 cum
735 2152 809 2179 omni
820 2151 926 2179 cautela

978 1564 1068 1591 nullas
1090 1562 1253 1597 Eutychiani
1270 1569 1302 1588 ac
1324 1560 1478 1588 Nestoriani
1507 1560 1609 1587 erroris
1633 1559 1766 1594 reliquias

978 1609 1155 1644 cognovimus
1172 1607 1345 1639 remansisse,
1357 1613 1431 1633 nunc
1444 1606 1526 1632 etiam
1538 1605 1595 1632 sedi
1611 1604 1766 1639 apostolica:

979 1654 1140 1682 collabores.
1158 1652 1276 1679 Victoria
1289 1652 1375 1684 enim,
1385 1658 1471 1685 quam
1488 1650 1616 1678 Christus
1631 1650 1765 1677 Dominus

978 1704 1072 1728 noster
1085 1707 1140 1726 suae
1155 1698 1267 1725 donavit
1278 1697 1417 1729 Ecclesiae,
1428 1696 1549 1731 quandiu
1561 1696 1588 1723 in
1600 1696 1652 1722 hoc
1662 1695 1765 1722 mtmdo

978 1753 1138 1777 versamur,
1167 1744 1233 1771 licet
1259 1743 1386 1769 ﬁduciam
1412 1743 1545 1777 majorem
1568 1742 1680 1774 tribuat,
1709 1749 1764 1768 non

979 1796 1070 1818 tamen
1085 1791 1113 1816 in
1124 1793 1210 1816 totum
1221 1787 1434 1814 sollicitudinem
1451 1787 1572 1821 perimit,
1589 1794 1640 1813 nec
1655 1790 1685 1813 ut
1698 1786 1763 1813 dor-

978 1836 1095 1863 miamus
1107 1834 1205 1860 donata
1215 1835 1266 1864 est,
1286 1831 1333 1858 sed
1348 1835 1378 1857 ut
1387 1831 1498 1857 suavius
1511 1831 1675 1857 laboremus.
1686 1829 1763 1857 Unde

978 1882 1007 1909 in
1028 1881 1080 1907 hoc
1100 1886 1209 1914 quoque
1232 1882 1285 1904 tua:
1306 1876 1453 1911 vigilantiae
1476 1875 1662 1903 sollicitudine
1685 1875 1763 1902 volu—

978 1933 1040 1952 mus
1048 1924 1184 1959 adjuvari,
1201 1926 1240 1954 ut,
1253 1926 1298 1948 tua
1313 1921 1444 1948 relatione
1458 1922 1597 1951 currente,
1612 1919 1677 1953 quid
1691 1919 1763 1954 apud

979 1971 1038 1997 illas
1054 1969 1179 2004 regiones
1196 1967 1320 1994 doctrina
1339 1965 1481 1992 Dominica
1501 1963 1637 1999 proﬁciat,
1654 1968 1761 1998 apost0<

978 2015 1058 2042 licam
1083 2013 1175 2040 sedem
1199 2012 1314 2039 festines
1338 2010 1500 2037 instruere:
1525 2013 1662 2044 quatenus
1689 2009 1782 2036 illius-

978 2059 1098 2094 regionis
1119 2057 1284 2088 sacerdotes,
1310 2056 1337 2082 in
1358 2062 1522 2090 quocunque
1546 2062 1611 2081 usus
1629 2054 1761 2089 exegerit,

978 2105 1147 2139 adjuvemus.
1165 2103 1202 2130 De
1214 2102 1258 2129 his
1269 2108 1419 2141 vero,’quae
1435 2100 1462 2126 in
1477 2107 1548 2134 saepe
1560 2099 1634 2127 dicto
1646 2099 1763 2127 concilio

979 2149 1073 2176 illicita
1096 2152 1192 2175 contra
1214 2146 1386 2174 venerabiles
1412 2145 1538 2172 Nicaanos
1557 2151 1676 2171 canones
1694 2151 1764 2178 prte-

141 2189 285 2232 libremus,
304 2200 425 2234 nonjam
438 2198 522 2234 (quod
534 2198 632 2234 absitl)
648 2202 776 2233 tanquam
788 2197 822 2224 de
836 2196 928 2224 dubiis
943 2201 966 2228 Ῑ)
980 2195 1133 2229 sumptione
1146 2197 1248 2220 tentata
1264 2196 1337 2224 sunt,
1351 2190 1383 2218 ad
1400 2190 1511 2217 fratrem
1528 2194 1556 2217 et
1570 2189 1761 2224 coepiscopum

141 2246 338 2280 disceptantes,
354 2245 402 2272 sed
417 2244 582 2272 auctoritate
595 2251 703 2271 summa
718 2251 779 2278 qua:
792 2243 862 2270 bene
880 2244 928 2269 de-

142 2291 219 2318 finita
235 2294 300 2318 sunt
321 2293 477 2316 astruentes
493 2281 576 2316 :cum
590 2293 618 2316 et
639 2288 666 2315 in
683 2288 839 2322 apostolica:
854 2287 927 2314 sedis

141 2335 267 2371 epistola,
279 2334 445 2361 universalis
459 2338 562 2360 sancta:
573 2333 670 2368 synodi
682 2341 795 2361 assensu
808 2332 925 2363 ﬁrmata,

141 2385 216 2409 tanta
229 2381 328 2408 divinae
340 2379 510 2407 auctoritatis
526 2379 683 2406 testimonia
696 2379 856 2406 noverimus
867 2386 928 2405 esse

141 2431 281 2461 congesta,
300 2430 331 2452 ut
354 2425 447 2452 nullus
468 2428 551 2458 queat
578 2424 692 2451 ulterius
713 2423 850 2455 dubitare,
874 2423 928 2450 nisi

140 2470 187 2506 qui
203 2469 368 2503 sibimetipsi
388 2476 513 2495 errorum
525 2468 652 2495 tenebras
665 2468 767 2495 inferre
781 2468 927 2500 maluerit;

140 2521 168 2544 (ιι
185 2514 324 2551 synodalia
351 2518 435 2549 gesta,
459 2514 502 2540 vel
530 2513 631 2548 quibus
656 2514 776 2548 primum
803 2513 928 2540 deﬁnitio

142 2562 204 2588 ﬁdei
220 2561 320 2595 legitur
339 2567 399 2587 esse
417 2559 545 2591 formata,
568 2560 611 2586 vel
630 2559 731 2593 quibus
751 2559 871 2593 praefata:
883 2559 926 2586 lit-

143 2612 206 2633 tera:
216 2605 373 2641 apostolica:
386 2605 470 2636 sedis,
482 2605 565 2632 etiam
579 2608 631 2631 tuae
644 2604 821 2631 fraternitatis
833 2604 926 2631 studio

143 2652 261 2679 defensa:
278 2656 351 2685 sunt,
367 2656 394 2678 et
406 2651 523 2678 maxime
536 2651 569 2678 ad
584 2651 721 2686 piissimos
735 2651 872 2686 principes
885 2656 925 2678 to-

144 2698 196 2724 tius
210 2698 318 2724 concilii
334 2698 473 2730 allocmio,
483 2702 521 2725 tot
537 2698 571 2725 sit
586 2697 798 2732 praecedentium
813 2697 924 2724 Patrum

144 2741 308 2769 testimoniis
324 2743 464 2775 roborata,
480 2747 509 2770 ut
527 2743 615 2770 cuivis
634 2743 801 2777 imprudenti
817 2750 849 2769 ac
863 2751 926 2777 pcr-

186 2827 225 2855 "l
238 2829 316 2857 Joan.
337 2837 376 2860 ιιι,
393 2830 435 2856 15,
473 2831 496 2845 ³³
510 2830 603 2857 Matth.
619 2839 654 2861 at,
665 2831 710 2861 29,
731 2830 775 2856 50.

301 2873 437 2905 ΡΑΤιιοι.
459 2875 516 2904 GR.
542 2876 706 2907 LXXXIII.

817 2832 837 2845 “
854 2830 931 2859 Joan.
948 2839 1005 2863 vui,
1020 2830 1063 2857 tt.

977 2244 1101 2268 nostrum
1132 2237 1308 2265 Antiocheam
1327 2235 1400 2262 sedis
1420 2234 1564 2269 prmsulem
1585 2233 1758 2268 scripsimus,

978 2284 1139 2320 adjicientes
1158 2287 1187 2309 et
1209 2280 1275 2308 illud
1295 2280 1368 2315 quod
1402 2279 1483 2306 nobis
1501 2281 1614 2313 propter
1629 2277 1763 2312 improbi-

979 2335 1061 2358 tatem
1086 2328 1284 2356 monachorum
1310 2325 1492 2360 quorumdam
1522 2324 1642 2358 regionis
1665 2327 1763 2350 vestrm

977 2376 1063 2403 verbo
1087 2373 1221 2401 mandasti
1236 2379 1285 2406 per
1306 2371 1424 2398 vicarios
1447 2373 1564 2401 nostros,
1584 2373 1612 2396 et
1629 2369 1682 2395 hoc
1702 2376 1764 2402 spe-

978 2420 1085 2448 cialiter
1105 2421 1266 2447 statuentes,
1294 2419 1324 2442 ut
1349 2419 1449 2449 praeter
1475 2413 1582 2440 Domini
1607 2412 1763 2440 sacerdotes

979 2466 1071 2493 nullus
1085 2463 1185 2491 audeat
1208 2461 1368 2496 pra‘dicare,
1391 2467 1438 2486 seu
1462 2458 1622 2489 monachus,
1640 2457 1696 2484 sive
1719 2457 1763 2484 ille

979 2512 1014 2539 sit
1036 2511 1132 2541 laicus,
1156 2508 1202 2543 qui
1225 2506 1373 2541 cujuslibet
1393 2505 1517 2531 scientiae
1533 2504 1644 2530 nomine
1664 2503 1764 2538 glorie-

978 2563 1033 2585 tur.
1059 2556 1131 2590 Quas
1146 2559 1236 2582 tamen
1256 2553 1362 2579 litteras
1384 2558 1433 2586 pro
1460 2550 1577 2577 utilitate
1600 2548 1763 2575 universalis

979 2603 1116 2635 Ecclesiae,
1137 2609 1186 2635 per
1211 2598 1369 2634 praedictum
1394 2597 1506 2623 fratrem
1521 2599 1548 2621 et
1570 2594 1762 2628 coepiscopum

979 2654 1104 2677 nostrum
1126 2645 1282 2676 Maximum,
1307 2642 1340 2669 ad
1366 2641 1489 2668 omnium
1510 2640 1648 2667 voluimus
1666 2645 1763 2673 perve-

978 2697 1038 2724 nire
1067 2693 1194 2721 notitiam
1221 2700 1227 2717 ι
1251 2695 1279 2717 et
1303 2689 1339 2715 ob
1363 2687 1415 2714 hoc
1437 2686 1481 2714 his
1506 2685 1647 2712 noluimus
1667 2691 1760 2712 earum

979 2740 1119 2775 exemplar
1148 2737 1278 2772 adjicere,
1310 2733 1375 2769 quia
1396 2740 1456 2767 qum
1477 2731 1610 2767 praedicto
1634 2729 1712 2758 fratri
1731 2735 1760 2757 et

1312 2827 1335 2843 "
1350 2826 1372 2854 ll
1385 2825 1449 2852 Cor.
1464 2832 1502 2851 χι.
1515 2822 1558 2852 ‘28.
1575 2823 1620 2854 9.9-.

1560 2867 1596 2898 42

1103 2829 1125 2844 ’⁸
1139 2827 1205 2855 ibid.
1221 2827 1264 2855 38.
