1962 3051
176 106 243 138 1323

663 101 904 132 TIIEODORETI
925 100 1089 130 EPISCOPI
1113 101 1293 131 CYRENSIS

1703 88 1705 90 ’
1721 89 1791 130 132i

178 160 336 195 coepiscopo
359 162 452 184 nostro
470 154 648 190 injunximus,
667 161 722 180 non
737 153 895 180 dubitamus
909 151 960 178 im-
977 158 995 185 Α
1011 151 1078 185 diat,
1095 151 1179 180 frater
1189 151 1362 180 charissime.
1378 152 1444 179 Data
1455 151 1538 179 tertio
1549 151 1613 178 ldus
1627 151 1710 184 Junii,
1728 151 1792 187 Opi-

177 205 282 242 plenda.
303 203 336 231 Et
355 203 409 230 alia
424 209 526 234 manu:
547 201 619 227 Deus
635 203 660 225 te
678 199 842 225 incolumem
866 203 957 225 custo-

358 306 465 342 1198
486 304 576 332 CXIV.
586 318 620 323 —-
629 302 765 330 Andibrri.

210 364 441 400 Religiosissimus
461 361 604 396 presbyter
624 360 722 386 Petrus
735 356 880 385 sacerdotii
898 356 959 389 qui-

177 414 238 441 dem
261 415 374 439 ornatur
391 409 532 443 dignitate,
562 409 677 433 ornatur
692 411 757 430 vero
778 407 805 429 et
831 401 958 436 prudenti

176 463 324 492 corporum
344 454 497 481 curatione.
514 451 606 485 Longo
632 454 722 476 autem
742 447 811 482 apud
827 455 876 473 nos
890 451 956 472 tem-

176 511 241 538 pore
249 505 384 538 versatus,
399 506 505 526 morum
517 497 650 532 elegantia
660 495 711 522 sibi
725 501 819 521 omnes
829 491 959 519 devinxit.

177 537 202 576 is
216 537 405 580 nunccognito
419 544 540 571 discessu
555 549 615 569 meo
624 541 724 576 Cyrum
738 539 892 573 relinquere
908 543 962 564 sta-

177 594 239 620 tuit.
258 592 392 625 Quocirca
409 588 570 617 commendo
586 587 661 614 illum
674 584 880 619 magnificentiae
898 586 960 614 tute,

177 644 204 666 et
225 646 275 665 oro
292 641 323 664 ut
345 640 435 663 vestra
452 635 527 661 illum
545 632 716 668 providentia
727 630 851 662 foveatis,
869 633 898 655 ut
914 629 960 663 qui

178 684 254 711 utilis
269 682 373 709 civitati
388 689 448 708 esse
469 683 550 714 queat
572 689 579 704 :
597 678 698 712 quippe
723 675 769 710 qui
792 674 962 702 Alexandria;

178 729 304 756 habitans
325 727 389 753 huic
411 726 462 752 arti
487 731 599 759 operam
625 722 710 749 dedit.

449 862 528 890 CXV.
538 876 573 881 —-
582 860 692 896 Apelle.

214 921 277 959 Cyri
286 920 483 956 gubernatione
496 920 632 951 suscepta,
651 915 820 943 necessarias
837 913 874 941 illi
892 917 965 939 artes

179 967 360 1002 undequaque
383 964 538 999 comparavi
556 971 562 989 :
586 967 644 989 tum
665 965 756 988 autem
779 966 806 987 et
824 959 966 986 medicina:

178 1014 290 1048 peritos,
308 1016 337 1038 ut
362 1019 421 1038 eam
448 1010 608 1040 incolerent,
624 1008 750 1034 hortatus
772 1013 843 1032 sum.
863 1005 965 1031 llorum

181 1067 251 1085 unus
268 1061 309 1085 est
331 1056 554 1091 religiosissimus
573 1053 716 1089 presbyter
738 1052 849 1082 Petrus,
872 1050 918 1084 qui
941 1053 967 1076 et

179 1107 264 1130 artem
285 1100 435 1136 prudenter
452 1103 560 1131 tractat,
576 1104 604 1125 et
619 1098 690 1124 hanc
706 1095 830 1122 moribus
843 1098 965 1121 exornat.

179 1147 257 1174 Nunc
278 1149 369 1172 autent
392 1144 558 1171 abeuntibus
579 1141 658 1169 nobis
684 1141 730 1168 alii
754 1147 864 1174 quoque
889 1137 967 1164 multi

180 1191 251 1219 hanc
277 1191 461 1225 relinquunt:
487 1188 562 1215 abire
585 1191 676 1214 autem
702 1190 730 1213 et
754 1186 812 1220 ipse
839 1185 966 1211 instituit.

179 1237 269 1270 Quare
287 1235 517 1271 magniﬁcentiam
543 1237 617 1260 tuam
636 1239 695 1264 oro,
724 1235 754 1257 ut
778 1231 852 1257 illius
877 1237 967 1257 curam

181 1286 266 1316 gerat.
280 1281 398 1308 ldoneus
415 1280 489 1306 enim
507 1278 629 1313 estqui‘
641 1282 668 1305 et
684 1276 764 1313 aegris
788 1283 867 1311 opem
889 1275 967 1308 ferat,

180 1331 209 1354 et
226 1326 336 1354 morbos
353 1329 503 1361 oppugnet.

364 1430 454 1458 CXVI.
466 1445 501 1449 —
510 1429 612 1456 Renato
626 1428 786 1464 presbytero.

219 1487 400 1522 Cognovimus
418 1485 559 1513 ardentem
575 1485 733 1520 iustumque
750 1483 838 1510 zelum
864 1483 987 1518 pietatis‘

182 1515 245 1564 tute,
253 1515 465 1566 etjus'tissimam
473 1537 504 1557 ac
514 1515 662 1564 legitimam
671 1515 835 1560 libertatem,
846 1515 898 1562 qua
908 1535 973 1555 usus
985 1515 1008 1546 ο

182 1584 223 1609 es,
235 1583 298 1603 cum
318 1583 350 1603 ea
365 1583 425 1610 quae
441 1575 514 1610 apud
529 1575 667 1609 Ephesum
683 1578 787 1600 temere
802 1573 972 1606 licenterque

182 1627 242 1650 acta
256 1626 321 1649 sunt
335 1620 565 1656 reprehenderes.
581 1620 638 1646 Nec
653 1619 703 1646 soli
730 1627 780 1646 nos
803 1618 907 1653 1197
921 1618 971 1645 ista

183 1666 332 1694 didicimus
358 1665 483 1692 :sedin
505 1672 614 1692 omnem
641 1668 740 1691 terram
767 1667 848 1690 recta:
873 1663 972 1690 mentis

183 1717 238 1740 tum
258 1719 343 1739 sonus
355 1711 448 1742 exivit,
462 1714 488 1737 et
500 1717 594 1737 omnes
607 1709 751 1745 justitiam,
765 1709 864 1741 zelum,
886 1709 972 1735 liber—

185 1761 279 1789 tatem,
295 1760 323 1783 et
341 1756 472 1782 adversus
488 1755 660 1789 iniquitatem
678 1755 792 1789 iujectas
806 1762 821 1781 a
838 1759 865 1781 te
884 1754 972 1781 minas

185 1801 340 1828 decantant.
363 1799 397 1826 Et
415 1799 473 1826 haec
497 1798 607 1833 quidem
631 1799 687 1833 egit
712 1798 801 1833 pietas
823 1803 880 1830 tua,
906 1806 969 1824 cum

185 1845 292 1873 unicam
306 1844 406 1872 caedem
422 1844 618 1878 conspexisset.
633 1843 710 1876 Quod
727 1843 749 1870 si
763 1847 874 1870 catteras
889 1843 971 1870 etiam

184 1890 301 1918 vidisses
317 1897 379 1924 quze
401 1893 465 1923 post
482 1888 633 1916 discessum
658 1893 735 1916 tuum
759 1893 871 1923 patralze
896 1893 970 1922 sunt,

185 1936 315 1963 Phineem
331 1935 406 1962 illum
423 1935 538 1962 fortasse
562 1934 684 1961 imitatus
707 1942 790 1961 esses.
816 1934 855 1960 Ex
873 1933 906 1961 iis
925 1942 973 1961 au-

176 1986 239 2013 .tem
253 2001 259 2013 ,
278 1980 324 2015 qui
343 1984 403 2014 post
418 1980 476 2006 hmc
493 1979 614 2006 damnati
636 1979 722 2012 fuere,
738 1986 810 2006 unus
830 1987 880 2014 ego
899 1987 971 2013 sum,

185 2034 219 2053 ne
237 2026 302 2053 illuc
326 2026 393 2052 irem
418 2025 501 2060 regiis
523 2024 625 2052 litteris
648 2025 816 2059 prohibitus,
835 2028 863 2051 et
881 2029 972 2052 tamen

184 2071 283 2098 absens
305 2070 513 2098 condemnatus.
526 2070 591 2096 Post
613 2077 661 2097 sex
674 2070 748 2097 enim
763 2074 790 2097 et
806 2070 902 2105 viginti
915 2070 972 2104 epi-

185 2120 313 2152 scopatus
325 2124 421 2149 annos,
431 2121 493 2151 post
508 2115 630 2143 infinitos
642 2116 759 2148 labores,
772 2120 833 2150 post
845 2122 972 2151 suscepta

1011 197 1083 225 lione
1100 199 1160 225 viro
1176 198 1327 226 clarissimo
1344 198 1466 226 consule.

1257 300 1328 326 PIA'.
1337 314 1373 320 —-
1389 299 1542 334 Ἀνδίὸερι.

1052 354 1081 379 '0
1106 353 1299 385 εὐλαεὲστατος
1323 353 1505 388 πρεσϐύτερος
1524 352 1625 388 Πέτρος
1653 355 1796 388 κοσμεῖται

1014 400 1062 432 μεν
1078 401 1112 433 τῇ
1128 399 1176 434 τῆς
1190 399 1338 434 ἱερωσύνης
1357 399 1428 434 ἀξία,
1446 400 1586 433 κοσμεῖται
1602 399 1628 425 δὲ
1644 399 1688 424 καὶ
1697 401 1730 433 τῇ
1742 399 1796 425 τῶν

1014 446 1148 478 σωμάτων
1168 444 1263 478 λογικῇ
1280 443 1421 479 θεραπείᾳ.
1439 443 1538 478 Συχνὺν
1551 443 1579 469 δὲ
1595 444 1658 478 παρ’
1673 444 1738 478 ἡμῖν
1755 444 1796 469 οἰ-

1013 490 1098 523 κήσας
1114 489 1218 523 χρόνον,
1233 486 1302 515 εἷλεν
1325 488 1446 519 ἅπαντας
1466 490 1498 523 τῇ
1518 489 1570 514 τῶν
1588 488 1660 522 ἠθῶν
1680 488 1797 522 εὐαρμυο

1015 534 1087 568 aria}.
1106 531 1189 565 Οὗτος
1205 534 1252 560 νῦν
1270 533 1319 568 τὴν
1338 533 1445 568 Κύρρον
1463 533 1619 560 καταλιπεῖν
1642 533 1797 567 ἐδοκίμασε,

1013 579 1061 614 τὴν
1081 579 1150 614 ἐμὴν
1167 579 1298 614 ἐκδημίαν
1319 578 1496 614 μεμαθηκώς.
1520 574 1557 604 Οὐ
1577 576 1608 612 δὴ
1623 577 1702 612 χάριν
1717 577 1798 603 αὐτὸν

1013 626 1046 660 τῇ
1074 625 1193 660 ὑμετέρᾳ
1221 624 1440 659 μεγαλοπρεπεξᾳ
1465 623 1618 658 συνίστημι,
1646 623 1691 650 καὶ
1711 631 1799 658 παρας

1015 670 1089 697 καλῶ
1108 670 1156 705 τῆς
1173 670 1309 705 ὑμετέρας
1332 669 1412 696 αὐτὸν
1432 668 1600 704 προμηθείας
1614 669 1714 703 τυχεῖν,
1732 668 1799 703 χρή-

1017 723 1095 750 σιμον
1129 715 1210 742 αὐτὸν
1239 716 1273 750 τῇ
1303 714 1380 740 πόλει
1410 713 1535 748 γενέσθαι
1558 713 1714 748 δυνάμενον.
1742 712 1798 747 Τὴν

1016 762 1070 796 γὰρ
1090 760 1292 795 Ἀλεξάνδρειαν
1306 761 1419 796 οἰκήσας
1434 760 1482 794 τὴν
1495 758 1622 793 τοιαύτην
1637 759 1740 793 ἧσκησε
1752 757 1799 784 τέ-

1016 816 1093 842 χνην.

1231 861 1304 889 PlE'.
1320 876 1356 881 —--
1372 860 1500 895 Ἀπελλῇ
1520 861 1587 895 (79).

1051 917 1105 952 Τὴν
1124 917 1232 952 Κύρρον
1250 917 1349 944 ἰθύνειν
1371 916 1460 952 λαχὼν
1486 917 1535 948 τὰς
1557 916 1710 949 ἀναγκαίας
1731 916 1801 951 αὑτῇ

1017 963 1149 989 πάντοθεν
1168 962 1281 997 ὲπόρισα
1293 963 1399 998 τέχνας
1417 962 1486 997 πρὸς
1508 961 1536 988 δὲ
1552 961 1656 992 τούτοις
1674 961 1723 987 καὶ
1738 961 1801 991 τοὺς

1016 1009 1065 1043 τῆς
1099 1009 1223 1044 ἰατρικῆς
1252 1009 1437 1043 ἐπιστήμονας
1466 1008 1576 1042 οἰκῆσαι
1605 1007 1707 1042 ταύτην
1735 1015 1802 1041 προ-

1018 1053 1128 1088 ἐτρεψα.
1142 1050 1189 1084 Εἷς
1209 1054 1311 1079 τούτων
1330 1052 1403 1079 ἐστὶν
1420 1054 1433 1079 ὁ
1444 1052 1639 1082 εὐλαϐέστατος
1652 1051 1802 1087 πρεσϐύτε-

1020 1107 1064 1134 ρος
1079 1098 1190 1133 Πέτρος,
1206 1097 1322 1132 λογικῶς
1346 1099 1395 1133 μὲν
1415 1098 1610 1133 μεταχειρίζων
1626 1098 1675 1133 τὴν
1694 1097 1803 1132 τέχνην,

1018 1144 1126 1179 κοσμῶν
1140 1144 1169 1170 δὲ
1182 1143 1282 1179 ταύτην
1293 1145 1349 1175 τοῖς
1363 1144 1466 1179 ἧθεσιν.
1488 1144 1568 1170 Ἀλλὰ
1589 1143 1636 1170 νῦν
1655 1142 1805 1178 ὲκδημούν-
1838 1138 1847 1142 “

1018 1199 1071 1216 των
1097 1190 1174 1224 ἡμῶν
1198 1189 1289 1216 πολλοὶ
1312 1189 1361 1224 μὲν
1381 1190 1428 1216 καὶ
1443 1189 1516 1217 ἄλλοι
1539 1189 1642 1223 ταύτην
1658 1189 1804 1219 ἀπέλιπον.

1019 1235 1172 1269 ἐκδημῆσαι
1182 1234 1210 1260 δὲ
1227 1235 1275 1260 καὶ
1293 1234 1373 1265 αὐτὸς
1387 1233 1541 1269 ἐδοκίμασε.
1556 1233 1606 1260 Διά
1619 1242 1658 1260 τοι
1669 1234 1746 1260 τοῦτο
1755 1233 1804 1268 τὴν

1020 1279 1068 1315 σὴν
1093 1279 1244 1314 παρακαλῶ
1274 1279 1511 1315 μεγαλοπρέπειαν
1538 1280 1700 1315 κηδεμονίας
1723 1280 1806 1306 αὐτὸν

1020 1327 1143 1360 ἀξιῶσαι.
1175 1328 1277 1359 Ἱκανὸς
1295 1328 1349 1362 γάρ
1370 1329 1444 1354 ἐστιν
1469 1328 1647 1363 ἐπικουρῆσαι
1673 1328 1728 1358 τοῖς
1756 1328 1806 1354 κά.

1022 1381 1127 1407 μνουσι,
1147 1372 1194 1399 καὶ
1207 1372 1359 1408 πολεμῆσαι
1371 1373 1431 1403 ταῖς
1441 1372 1540 1403 νόσοις,

1125 1431 1206 1463 Ριςι.
1223 1445 1258 1449 -
1284 1429 1411 1462 Ῥενάτῳ
1426 1429 1616 1463 πρεσϐυτέρῳ
1633 1429 1699 1465 (80).

1059 1485 1203 1520 ’Ἑγνωμεν
1214 1485 1258 1512 τὸν
1271 1484 1371 1520 θερμὸν
1391 1484 1437 1510 και¹
1453 1484 1558 1522 δίκαιον,
1569 1485 1617 1520 τῆς
1637 1484 1686 1519 σῆς
1701 1484 1806 1519 ὁσιότη»

1023 1540 1068 1563 τος
1083 1532 1171 1565 ζῆλον,
1190 1532 1236 1558 καὶ
1256 1531 1305 1566 τὴν
1325 1531 1498 1567 δικαιοτάτην
1511 1531 1557 1557 καὶ
1569 1530 1678 1565 ἔννομον
1694 1532 1803 1567 παρρη-

1024 1578 1092 1608 σίαν,
1111 1574 1322 1613 ᾖχρησὰμενος,
1336 1576 1464 1608 δέσποτα,
1479 1577 1513 1603 τὰ
1535 1578 1563 1603 ὲν
1586 1577 1690 1611 Ἐφέσῳ
1708 1577 1808 1612 τολμη‹

1022 1623 1100 1649 θέντα
1120 1623 1246 1657 ἡλεγξας.
1273 1623 1328 1657 Οὐχ
1352 1623 1432 1657 ἡμεῖς
1453 1622 1480 1648 δὲ
1505 1622 1579 1656 μόνοι
1608 1622 1808 1657 μεμαθήκαμεν

1022 1667 1117 1698 ταῦτα,
1136 1667 1192 1693 ἀλλ’
1221 1668 1260 1698 εἰς
1285 1668 1373 1693 πᾶσαν
1398 1667 1446 1699 τὴν
1465 1667 1516 1702 γῆν
1531 1667 1580 1702 τῆς
1597 1667 1645 1702 σῆς
1664 1667 1808 1702 ὀρθότητος

1022 1711 1130 1747 ἐξῆλθεν
1146 1713 1160 1738 ὀ
1175 1713 1303 1746 φθὸγγος,
1320 1712 1366 1738 καὶ
1383 1713 1482 1743 πάντες
1500 1712 1592 1748 ᾅδουσι
1612 1713 1660 1748 τὴν
1671 1713 1809 1739 δικαιοσύ-

1022 1767 1080 1793 νην,
1097 1758 1142 1784 τὸν
1155 1757 1244 1792 ζῆλον,
1260 1758 1308 1792 τὴν
1326 1758 1491 1793 παρρησίαν,
1507 1757 1555 1789 τὰς
1571 1758 1640 1784 κατὰ
1654 1758 1703 1792 τῆς
1719 1766 1810 1793 παρα-

1022 1803 1117 1838 νομίας
1136 1803 1200 1838 παρ’
1217 1803 1293 1837 ὑμῶν
1309 1803 1495 1838 γεγενημένας
1513 1803 1637 1834 ἀπειλάς.
1655 1803 1810 1834 Καιταύτα

1022 1849 1116 1884 ἔδρασέ
1131 1857 1178 1875 σου
1193 1849 1208 1883 ἠ
1221 1849 1338 1883 ὁσιότης,
1362 1849 1412 1884 τὴν
1429 1849 1493 1883 μίαν
1515 1849 1668 1883 θεασαμένη
1690 1850 1809 1884 σφαγήν.

1022 1895 1053 1920 Εἰ
1064 1894 1092 1920 δὲ
1110 1893 1157 1920 καὶ
1173 1894 1222 1925 τὰς
1237 1893 1319 1925 ἄλλας
1339 1894 1472 1929 ἑωράκεις
1486 1893 1534 1924 τὰς
1552 1893 1620 1927 μετὰ
1635 1893 1682 1928 τὴν
1698 1893 1747 1928 σὴν
1762 1894 1810 1920 ὲκ-

1022 1938 1123 1973 δημὶαν
1149 1939 1348 1973 γεγενημένας,
1375 1939 1445 1974 τάχα
1471 1938 1503 1965 ἂν
1526 1938 1569 1964 τὴν
1589 1937 1680 1968 Φινεὲς
1706 1938 1808 1964 ἐκεῖνον

1023 1983 1171 2018 ὲζήλωσας.
1193 1981 1241 2015 Εἷς
1256 1984 1284 2010 δὲ
1309 1983 1363 2010 τῶν
1388 1982 1457 2018 μετὰ
1480 1983 1565 2010 ταῦτα
1591 1983 1809 2018 κατακριθέντων

1023 2028 1088 2063 ἐγὼ,
1105 2029 1218 2064 δραμεῖν
1237 2029 1286 2063 μὲν
1310 2029 1403 2055 αὐτόθι
1426 2028 1558 2060 κωλυθεὶς
1580 2028 1623 2055 διὰ
1637 2028 1810 2064 γραμμάτων

1024 2075 1179 2110 βασιλικῶν*
1207 2075 1283 2101 ἀπὼν
1302 2075 1330 2101 δὲ
1345 2075 1528 2110 κατακριθείς.
1546 2074 1622 2101 Μετὰ
1639 2075 1693 2109 γὰρ
1716 2073 1746 2106 ἒξ
1763 2074 1810 2100 καὶ

1023 2120 1123 2146 εἴκοσιν
1136 2119 1182 2154 ἔτη
1196 2119 1246 2154 τῆς
1257 2120 1417 2154 ἐπισκοπῆς.
1428 2120 1496 2154 μετὰ
1507 2120 1569 2150 τοὺς
1581 2119 1692 2149 πολλοὺς
1705 2119 1752 2144 καὶ
1764 2127 1810 2153 μυ-

185 2169 234 2196 pro
254 2162 354 2196 pietate
368 2161 531 2193 certamina,
545 2166 607 2196 post
623 2161 728 2188 oblatas
742 2162 864 2189 omnium
879 2162 968 2189 Salva-

1026 2164 1098 2199 ρίους
1110 2165 1216 2196 πόνους,
1233 2164 1300 2199 μετὰ
1311 2165 1373 2195 τοὺς
1388 2164 1457 2198 ὑπὲρ
1471 2164 1519 2198 τῆς
1534 2163 1674 2194 εὐσεϐείας
1689 2163 1809 2196 ἀγῶνας,

186 2207 237 2233 tori
250 2207 349 2234 multas
360 2207 555 2234 hmreticorum
569 2214 584 2233 a
598 2207 715 2240 pristino
732 2207 863 2234 abductas
879 2216 973 2235 errore

186 2249 332 2285 myriadas,
349 2250 503 2277 sacerdotio
516 2258 560 2277 me
578 2250 740 2284 spoliarunt,
758 2251 927 2286 cjiciuntque
940 2259 973 2279 ex

186 2295 305 2327 civitate,
330 2303 381 2322 nec
398 2300 567 2322 senectutem
582 2296 705 2328 reveriti,
728 2304 780 2323 nec
793 2296 923 2324 canitiem
945 2297 973 2325 in

186 2340 287 2374 pietate
299 2341 440 2368 nutritam.
454 2341 540 2374 Quam
559 2341 594 2368 ob
608 2349 718 2369 causam
730 2350 780 2369 oro
795 2344 969 2371 sanctitatem

187 2388 270 2417 tuam,
289 2385 462 2414 sanctissimo
476 2391 504 2413 et
518 2386 675 2414 beatissimo
690 2388 896 2424 archiepiscopo
913 2397 975 2423 per-

187 2431 299 2458 suadeat
313 2435 343 2458 ut
369 2432 518 2466 apostolica
537 2436 671 2467 potestate
689 2437 783 2460 utatur
801 2427 835 2461 ἐι
858 2434 891 2461 ad
909 2442 975 2462 cou-

187 2475 280 2502 cilium
309 2481 434 2504 vestrum
459 2477 588 2505 advolare
614 2478 765 2513 prtecipiat.
791 2479 878 2506 [labet
900 2480 974 2507 enim

187 2519 358 2548 sanctissima
388 2521 435 2550 illa
464 2523 543 2550 sedes
566 2524 752 2551 Ecclesiarum
768 2533 828 2559 quae
856 2526 883 2552 in
917 2531 974 2554 toto

187 2568 251 2590 sunt
277 2563 344 2591 orbe
366 2565 548 2600 principatum
578 2567 670 2594 multis
696 2568 864 2600 nominibus,
891 2573 973 2603 atque

187 2607 240 2634 hoc
263 2613 325 2636 ante
340 2611 441 2643 omnia,
463 2612 535 2646 quod
560 2612 594 2639 ab
611 2612 738 2640 haeretica
758 2613 821 2640 tabe
845 2614 975 2642 immunis

187 2654 297 2688 mansit,
315 2663 366 2682 nec
390 2656 461 2683 ullus
477 2658 614 2684 contraria
632 2659 754 2686 sentiens
780 2660 807 2686 in
829 2660 874 2687 illa
890 2661 972 2693 sedit,

188 2742 342 2809 Ηςῖθὲλιῗῗι
353 2747 381 2769 et
401 2743 472 2777 apud
488 2744 586 2772 Baron.
603 2748 669 2773 tom.
689 2746 731 2779 Vl,
746 2754 773 2780 p.
790 2746 834 2778 28,
851 2746 884 2773 ad
900 2755 924 2773 a.
938 2747 968 2774 C.

1027 2211 1095 2244 μετὰ
1110 2211 1140 2236 τὸ
1151 2210 1332 2245 προσενέγκαι
1342 2210 1380 2245 τῷ
1394 2210 1499 2245 Σωτῆρι
1511 2210 1563 2236 τῶν
1579 2209 1647 2236 ὅλων
1660 2209 1759 2240 πολλὰς
1771 2210 1812 2235 αε-

1027 2256 1142 2291 ρετικῶν
1158 2256 1290 2292 μυριάδας
1303 2255 1353 2289 τῆς
1367 2255 1502 2291 προτέρας
1519 2255 1622 2289 πλάνης
1633 2254 1811 2289 ἀπηλλαγμέ-

1025 2310 1083 2332 νας.
1109 2301 1268 2336 ἐγύμνωσαν
1286 2301 1335 2336 μὲν
1354 2301 1514 2336 ἱερωσύνης,
1533 2301 1703 2334 ἐξελαύνουσι
1721 2300 1749 2326 δὲ
1763 2300 1810 2327 καὶ

1027 2346 1140 2378 πόλεως,
1160 2347 1219 2372 οὐδὲ
1235 2346 1264 2372 τὺ
1274 2346 1362 2381 γῆρας
1378 2345 1556 2376 αἰδεσθέντες,
1570 2345 1629 2371 οὐδὲ
1647 2345 1696 2380 τὴν
1716 2344 1811 2371 πολιὰν

1026 2391 1075 2426 τὴν
1091 2391 1119 2416 ἐν
1130 2391 1255 2426 εὐσεϐείᾳ
1269 2393 1426 2426 τραφεῖσαν.
1445 2390 1494 2416 Διά
1503 2399 1544 2416 τοι
1561 2390 1639 2416 τοῦτο
1654 2391 1702 2425 τὴν
1714 2389 1811 2424 ὑμετέ-

1028 2443 1078 2469 ραν
1090 2434 1244 2468 ἁγιωσύνην
1255 2434 1417 2470 παρακαλῶ,
1435 2436 1526 2460 πεῖσαι
1541 2434 1587 2460 τὸν
1601 2434 1751 2468 ἁγιώτατον
1765 2434 1812 2460 καὶ

1027 2478 1174 2505 ὁσιώτατον
1202 2479 1415 2513 ὰρχιεπίσκοπον
1430 2480 1462 2514 τῇ
1479 2478 1643 2514 ἀποστολικῇ
1658 2479 1814 2514 χρήσασθαι

1026 2524 1143 2559 ἐξουσίᾳ,
1160 2525 1207 2550 καὶ
1230 2525 1268 2556 εἰς
1289 2524 1318 2550 τὸ
1344 2524 1476 2559 ὑμέτερον
1497 2523 1662 2558 ἀναδραμεῖν
1685 2524 1815 2550 κελεῦσαι

1028 2570 1173 2605 συνέδριον.
1192 2571 1268 2604 Ἔχει
1283 2570 1337 2605 γὰρ
1351 2570 1364 2596 ὁ
1380 2571 1510 2603 πανάγιος
1527 2569 1620 2604 θρόνος
1641 2570 1742 2599 ἐκεῖνος
1761 2570 1815 2594 τῶν

1030 2615 1099 2642 κατὰ
1118 2615 1166 2650 ’τὴν
1185 2615 1348 2650 οἰκουμένην
1365 2614 1532 2649 Ἐκκλησιῶν
1547 2614 1595 2649 τὴν
1611 2614 1756 2649 ἠγεμονίαν
1772 2614 1814 2639 διὰ

1031 2661 1124 2690 πολλὰ,
1144 2661 1188 2686 καὶ
1208 2660 1259 2694 πρδ
1276 2660 1329 2686 τῶν
1347 2659 1434 2686 ἄλλων
1456 2659 1592 2692 ἁπάντων,
1613 2660 1653 2685 ὅτι
1671 2657 1814 2693 αἱρετικῆς

1026 2746 1118 2809 “(980)
1133 2747 1226 2774 Exstat
1251 2747 1317 2774 ibid.
1341 2752 1407 2774 tom.
1424 2747 1468 2780 Vl,
1486 2756 1516 2782 p.
1537 2747 1587 2775 [03
1601 2755 1658 2782 seq.
1681 2747 1714 2774 ad
1734 2754 1762 2774 ο.
1782 2746 1814 2776 C.
