1962 3051
161 178 227 212 1325

815 183 993 213 EPISTOLA
1013 183 1127 214 CXVII.

1713 194 1780 227 13°26

160 236 297 273 μεμένηκε
324 237 454 269 δυσωδίας
476 238 607 274 ἀμύητος,
634 241 681 266 καὶ
707 241 792 272 οὐδεὶς
815 241 931 267 τάναντίι

995 241 1043 268 sed
1054 241 1231 275 apostolicam
1243 243 1356 278 gratiam
1373 244 1504 281 integram
1520 251 1702 279 conservavit.
1716 253 1780 286 Quae

157 281 265 315 φρονῶν
285 281 325 311 είς
347 281 450 308 ἐκεῖνον
463 282 600 312 ἐκάθισεν.
617 284 684 310 ἀλλὰ
700 285 750 319 τὴν
764 285 944 320 ἁποστολικὴν

158 325 237 360 χάριν
250 326 387 361 ἀκήρατον
406 327 556 360 διεφύλαξε.
583 329 624 355 Τὰ
643 329 697 365 γὰρ
714 331 778 366 παρ’
794 331 870 365 ὑμῶν
884 339 944 366 κρι-

157 371 293 407 θησόμενοι
308 373 463 407 στέρξομεν,
482 374 561 400 ὁποῖα
574 375 606 401 ἂν
661 377 693 411 τῇ
710 376 831 412 ὑμετέρα
843 376 944 403 δικαιο-

156 417 250 452 κρισίᾳ
266 417 429 452 θαρροῦντες
442 426 448 431 ’
463 420 510 445 καὶ
522 419 649 456 ἀξιοῦμεν
665 421 718 447 ἀπὸ
730 421 783 448 τῶν
798 422 943 457 ἐγγράφων

155 462 292 496 κριθῆναι.
311 463 422 494 Πλείους
443 464 497 499 γὰρ
515 465 530 499 ῆ
548 466 693 500 τριάκοντα
721 467 877 501 συνέγραψα
901 466 942 500 βί-

157 506 244 537 ϐλους,
260 508 329 533 κατὰ
342 508 445 543 Ἀρείου
463 509 510 535 καὶ
525 510 666 544 Εὐνομίου,
684 511 752 538 κατὰ
768 512 939 546 Μαρκίωνος,

157 552 226 578 κατὰ
242 553 420 584 Μακεδονίου,
443 554 512 581 κατὰ
537 555 681 590 Ἑλλήνων,
701 557 771 583 κατὰ
796 557 939 584 Ἰουδαίων-

157 598 315 632 ήρμὴνευσα
339 598 366 624 δὲ
384 600 430 624 καὶ
447 600 496 633 τὴν
513 600 587 626 Οείαν
601 601 720 636 Γραψήν·
734 603 780 628 καὶ
797 603 885 638 ῥᾴδιον
902 603 940 638 τῷ

155 642 308 677 βουλομένῳ
321 644 498 678 καταμαθεῖν,
513 645 551 676 ὡς
567 647 621 676 τοῖς
641 647 827 678 ἁποστολικοῖς
840 647 940 682 ἴχνεσιν

154 686 335 720 ἠκολούθησα,
356 687 402 713 ἕνα
425 689 566 723 κηρύττων
590 690 663 722 Υίδν,
683 690 720 722 ὡς
745 691 791 717 ἕνα
819 692 938 727 Πατέρα,

154 732 201 757 καὶ
227 731 255 757 ἒν
284 732 359 764 ἆγιον
388 733 507 768 Πνεῦμα·
529 734 592 769 μίαν
615 735 664 769 τῆς
681 736 793 770 Τριάδος
813 736 936 772 θεότητα,

155 777 218 810 μίαν
237 776 385 811 βασιλείαν,
402 779 465 811 μίαν
489 779 622 811 ἐξουσίαν,
638 781 784 816 ἁῖδιὸτητα,
806 783 938 817 ἀτρεπτό-

153 829 231 854 τητα,
248 822 391 853 ἀπάθειαν,
408 823 437 849 ἒν
455 823 570 859 θέλημα,
586 825 690 852 τελείαν
703 826 748 852 τοῦ
761 826 863 862 Κυρίου
885 828 937 862 Ἰη-

154 866 200 892 σοῦ
215 867 333 901 Χριστοῦ
349 868 396 900 τὴν
412 869 535 903 Θεὸτητα,
551 870 655 897 τελείαν
668 871 716 906 τὴν
729 871 935 907 ἁνθρωπότητα,

994 294 1010 313 a
1034 286 1112 313 vobis
1132 287 1234 315 fuerint
1258 289 1389 323 judicata,
1413 291 1441 318 in
1460 292 1512 326 his,
1529 295 1732 332 qualiacunque
1747 307 1780 326 ca

994 333 1190 367 erunt.judicii
1204 335 1286 362 vestri
1302 336 1424 370 :equitati
1440 339 1608 368 confidentes
1623 337 1781 377 acquiesce-

994 384 1055 403 mus
1068 386 1074 403 :
1087 382 1115 404 et
1140 386 1267 412 rogamus
1290 386 1320 407 ut
1335 382 1470 416 judicium
1489 392 1522 411 cx
1548 386 1657 420 scriptis
1678 391 1780 417 consti-

993 426 1097 449 tuatur.
1113 422 1210 450 Libros
1220 425 1292 451 enim
1309 427 1404 462 scripsi
1421 429 1537 463 amplius
1547 431 1667 465 triginta,
1684 434 1780 462 adver-

993 474 1039 493 sus
1066 467 1162 494 Arium
1181 473 1209 495 et
1239 470 1414 505 Ennomium,
1436 474 1567 503 adversus
1595 477 1776 513 Marcionem,

991 512 1124 540 adversus
1144 514 1342 550 Maccdonium,
1358 518 1490 546 adversus
1505 522 1631 556 gentiles,
1646 524 1778 553 adversus

990 557 1108 585 Judzeos.
1122 559 1321 595 Intcrpretatus
1337 572 1396 590 sum
1411 573 1520 600 quoque
1533 568 1776 604 1198.diviuam

990 601 1160 638 Seripturam
1172 615 1177 631 :
1190 612 1217 633 et
1227 607 1305 634 facile
1317 614 1368 642 est,
1380 611 1402 636 si
1411 611 1473 645 quis
1483 613 1558 645 velit,
1570 601 1776 649 dep‘rehcndcre

990 655 1032 674 me
1049 657 1097 683 per
1112 651 1261 685 apostolica
1273 654 1386 689 vestigia
1405 656 1560 691 incessisse,
1581 668 1665 688 unum
1681 664 1777 696 ιιι-αεᾶί-

988 694 1075 720 cando
1088 695 1195 729 Filium,
1207 698 1277 724 sicut
1286 707 1370 727 unum
1380 701 1497 734 Patrem,
1507 708 1534 730 et
1543 713 1628 732 unum
1645 706 1776 741 Spiritum

988 745 1128 772 sanctum,
1147 749 1229 768 unam
1246 743 1389 772 Trinitatis
1410 746 1599 783 divinitatem,
1616 758 1700 778 unum
1719 754 1777 780 're—

987 793 1081 820 gnum,
1095 795 1176 814 unam
1189 791 1348 822 potentiam,
1363 793 1554 826 mternitatem,
1568 796 1776 828 inmutabilita-

988 833 1052 861 tem,
1068 831 1323 865 impassibilitatem,
1334 843 1417 863 unam
1432 839 1610 873 voluntatem,
1625 843 1774 876 perfectam

986 875 1092 902 Domini
1102 878 1186 904 nostri
1195 878 1258 905 Jesu
1267 879 1368 908 Christi
1376 883 1556 918 divinitatem,
1567 875 1714 921 perfectam
1723 891 1776 918 hu-

152 912 200 947 τὴν
216 913 259 939 διὰ
275 913 323 948 τὴν
335 915 470 949 ἡμετέραν
485 917 620 951 σωτηρίαν
633 917 789 952 ληφθεῖσαν,
804 919 850 945 καὶ
866 919 931 954 ὑπὲρ

152 959 230 970 ,ιηιη
250 959 282 970 _,"
304 959 335 970 ﬂ"
358 960 385 970 ἐκ
428 969 438 970 7
502 961 572 970 NA.
649 963 679 970 Λι
728 963 766 970 κς-
833 962 857 970 r—
907 964 914 970 ι

986 922 1154 956 manitatem,
1166 932 1226 959 quae
1238 931 1350 960 propter
1367 933 1487 956 nostram
1505 931 1620 959 salutem
1636 941 1772 970 assumpta

151 959 167 992 ἡ
173 959 230 992 μῶν
249 959 287 993 τῷ
303 959 410 995 θανάτῳ
424 961 631 995 παραδοθεῖσαν.
647 963 703 989 Οὺκ
724 963 803 990 ἄλλον
818 962 876 991 οἶδα
892 964 936 991 τὸν

153 1002 215 1028 Υίθιν
233 1003 279 1028 τοῦ
299 1003 453 1038 ἀνθρώπου,
479 1006 525 1031 καὶ
542 1006 619 1032 ἄλλον
638 1007 683 1033 τὸν
704 1007 766 1033 Υίδν
787 1008 834 1034 τοῦ
857 1008 934 1034 Θεοῦ·

151 1047 218 1074 ἀλλὰ
232 1049 276 1074 τὸν
291 1049 380 1078 αὑτὸν,
396 1049 458 1075 Υἱὸν
474 1050 522 1084 μὲν
536 1051 582 1076 τοῦ
599 1051 666 1078 Θεοῦ
682 1053 728 1078 καὶ
744 1053 808 1079 Θεὸν
823 1054 854 1079 ἐκ
868 1053 935 1080 Θεοῦ

150 1094 340 1128 γεγενημένον·
357 1095 420 1121 Υίὺν
434 1095 461 1122 δὲ
476 1095 630 1131 ἀνθρώπου,
651 1098 694 1124 διὰ
705 1099 752 1134 τὴν
770 1100 801 1125 ἐκ
816 1100 936 1135 σπέρμαι

149 1148 195 1170 τος
212 1140 336 1175 Ἀϐραὰμ
358 1142 403 1167 καὶ
427 1142 508 1168 Δαὸὶδ
525 1143 672 1178 ληφθεῖσαν
695 1144 741 1170 τοῦ
758 1145 850 1172 δούλου
868 1155 934 1181 μορ-

150 1185 213 1219 φήν.
231 1185 322 1212 Ταῦτα
338 1187 384 1212 καὶ
398 1186 432 1213 τὰ
446 1187 549 1219 τούτοις
570 1189 747 1225 παραπλήσια
762 1189 876 1217 διατελῶ
896 1191 935 1218 δι-

149 1230 266 1257 δάσκων.
284 1231 319 1257 Ta
327 1231 376 1258 ὖτα
391 1233 436 1258 καὶ
455 1234 484 1258 ἐν
497 1235 552 1265 τοῖς
565 1234 710 1270 γράμμασι
724 1235 769 1262 τοῦ
782 1236 933 1270 ἁγιωτάτου

149 1276 197 1302 καὶ
213 1277 359 1303 ὀσιωτὰτου
376 1278 588 1312 ἀρχιεπισκὸπου
605 1279 734 1306 δεσπότου
755 1289 805 1316 μου
820 1282 933 1314 Λέοντος

149 1318 227 1355 εὖρον
247 1321 402 1356 ὲγκείμενα,
424 1324 530 1349 καὶτὸν
547 1323 601 1350 τῶν
627 1325 693 1351 ὅλων
713 1326 820 1361 ὕμνησα
834 1328 934 1354 Δεσπό-

148 1375 205 1399 τηνλ
225 1366 264 1391 ὅτι
281 1368 337 1397 τοῖς
353 1368 540 1400 ἀποττολικοῖς
558 1369 638 1396 αὐτοῦ
655 1371 769 1406 δόγμασι
785 1372 930 1407 συμφωνῶ.

147 1410 265 1444 Δέξασθέ
284 1421 333 1447 μου
350 1413 447 1444 τοίνυν,
465 1415 625 1448 παρακαλῶ,
639 1417 687 1451 τὴν
706 1417 819 1449 ἱκεσίαν,
835 1419 881 1444 καὶ
895 1419 931 1453 μὴ

144 1457 278 1492 παρίδητε
294 1458 464 1493 ἠδικημένον.
481 1460 580 1487 Τούτου
597 1461 650 1497 γὰρ
665 1462 697 1498 δὴ
715 1463 792 1498 χάριν
809 1464 854 1490 καὶ
871 1465 932 1496 τοὺς

147 1502 368 1536 θεοφιλεστάτους
394 1505 594 1541 πρεσῦυτὲρους
615 1507 743 1534 ’Υπάτιον
770 1509 816 1535 καὶ
833 1509 931 1545 Ἀϐρά-

148 1556 208 1582 μιον
237 1549 300 1580 τοὺς
323 1552 558 1584 χωρεπισκᾶπους,
572 1552 619 1578 καὶ
649 1553 773 1580 ’Ᾱλύπιον
793 1554 846 1581 τῶν
866 1556 930 1590 παρ’

147 1593 160 1617 ᾖ

146 1637 283 1670 φιλοοεῒαν
317 1639 475 1672 ἀπέστειλα,
504 1641 553 1676 βίῳ
592 1643 639 1676 μὲν
672 1643 790 1679 λαμπρῷ
814 1654 932 1680 κοσμου-

146 1684 256 1718 μένους,
295 1685 464 1721 δυναμένους
495 1689 524 1714 δὲ
548 1689 594 1715 καὶ
615 1690 660 1716 διὰ
681 1691 731 1725 τῆς
753 1692 875 1728 γλώττης
897 1695 932 1721 ἀκ

146 1737 231 1756 Λείαν.

285 1798 357 1826 ΡΙΖ¹.
377 1814 412 1818 —
427 1801 599 1836 Φκιωρεντίῳ
625 1803 790 1837 ἐπισκόπῳ.

179 1853 217 1879 υὺ
234 1854 372 1885 παντελῶς
397 1855 450 1889 ἄρα
469 1856 523 1882 τῶν
541 1857 691 1892 ἀνθρώπιον
708 1859 738 1884 τὸ
753 1859 832 1892 γένος
852 1861 868 1895 ὴ
884 1861 930 1887 τοῦ

143 1896 211 1922 Θεοῦ
227 1898 273 1923 καὶ
294 1898 419 1932 Σωτῆρος
435 1900 513 1934 ἡμῶν
531 1901 684 1928 ἐπιλέλοιπε
698 1903 787 1939 χάρις·
811 1905 868 1931 ἀλλ’
886 1907 932 1939 ἐγ-

144 1943 289 1967 κατέλιπεν
301 1944 366 1976 ἡμῖν
380 1944 491 1979 σπέρμα
504 1946 553 1980 τὴν
563 1947 698 1981 ὑμετέραν
711 1949 875 1985 ἁγιωσύνην,
888 1951 930 1978 ἴνα

146 1987 190 2020 μὴ.
204 1987 241 2018 ὡς
258 1987 361 2021 Σόδομα
378 1989 538 2024 γενηθῶμεν
555 1992 602 2018 καὶ
618 1993 767 2028 Γομόρῤοις
788 1995 928 2030 ὁμοιωθῶ-

145 2040 204 2066 μεν.
222 2031 306 2058 Τοῦτο
329 2034 402 2068 ἡμᾶς
422 2034 602 2070 ἀπαγορεύειν
623 2039 798 2065 παντάπασιν
820 2041 868 2067 οὐκ
885 2041 927 2077 ὲᾷ·

144 2077 211 2102 ἀλλὰ
233 2078 279 2104 τοῦ
304 2079 420 2113 χαλεποῦ
443 2081 575 2116 χειμῶνος
598 2084 760 2118 προσμένειν
779 2086 828 2121 τὴν
853 2086 928 2114 λύσιν

144 2123 298 2157 παρεγγυᾷ·
317 2124 394 2149 τοῦτο
411 2124 482 2159 ἡμᾶς
496 2125 639 2158 εὐέλπιδας
664 2128 858 2163 ἀπεργάζεται.
880 2131 929 2167 Διά

142 2175 183 2193 τοι
209 2168 288 2194 τοῦτο
315 2169 362 2195 καὶ
391 2170 453 2202 τοὺς
482 2171 703 2206 θεοφιλεστάτους
728 2176 929 2211 πρεσϐυτέρους

149 2212 277 2239 ’Υπάτιον
302 2214 349 2239 καὶ
373 2214 520 2250 ’Λὸράμιον
541 2218 604 2249 τοὺς
622 2221 851 2254 χωρεπισκόπους,
882 2223 928 2248 καὶ

150 2256 274 2283 Ἀλύπιον
300 2257 354 2283 τῶν
384 2260 447 2294 παρ’
468 2261 532 2296 ἡμῖν
552 2263 720 2296 μοναζόντων
739 2265 784 2291 τὸν
803 2265 927 2302 ἔξαρχον,

144 2301 211 2336 πρὸς
226 2302 275 2336 τὴν
291 2303 425 2338 ὑμετέραν
445 2305 641 2342 ἀπεστείλαμεν
658 2309 799 2344 ἀγιότητα,
818 2312 860 2338 ἵνα
877 2312 926 2346 τὴν

144 2347 333 2382 ὲπισκήψασαν
344 2351 403 2380 ταῖς
420 2349 470 2384 τῆς
490 2351 632 2388 Ἀνατολῆς
653 2343 824 2390 Ἐκκλτγσίαις
837 2343 927 2383 διαλυ-
944 2343 965 2369 D

141 2401 207 2427 σητε
228 2394 379 2428 συμφοράν.
405 2396 460 2421 Καὶ
477 2397 583 2431 πρῶτον
602 2400 649 2433 μὲν
670 2401 718 2434 τὴν
732 2401 833 2428 ἇνωοεν
850 2403 925 2438 παρὰ

142 2437 195 2463 τῶν
218 2438 297 2472 ἱερῶν
310 2440 464 2466 ἀποστόλων
481 2443 678 2477 παραδοθεῖσαν
692 2447 757 2480 ἡμῖν
774 2448 925 2483 κρατύνητε

142 2483 243 2513 πίστιν,
260 2484 306 2510 καὶ
320 2485 369 2520 τὴν
384 2485 574 2514 ἐπαναστᾶσαν
594 2489 697 2525 αἵρεσιν
719 2493 923 2529 canit-cedente,

141 2527 187 2554 καὶ
210 2528 273 2560 τοὺς
295 2530 514 2565 παραχαράττειν
529 2533 686 2567 τολμῶντας
705 2535 753 2570 τῆς
769 2538 924 2573 οἰκονομίας

140 2572 169 2597 τδ
183 2573 311 2608 κήρυγμα
323 2574 467 2608 προφανῶς
483 2575 647 2612 ἐξελέγξητε,
661 2578 755 2605 ἔπειτα
768 2580 795 2606 δὲ
811 2580 856 2606 καὶ
870 2581 924 2608 τῶν

142 2618 211 2653 ὑπὲρ
233 2619 282 2654 τῆς
304 2619 443 2652 εὐσεϐείας
468 2621 677 2657 πολεμουμένων
698 2625 921 2662 ὑπερμαχήσητε.

146 2662 232 2696 ’Υπὲρ
245 2663 298 2698 γὰρ
309 2665 358 2698 τῆς
372 2665 554 2701 ἁποστολικῆς
571 2668 696 2700 πίστεως.
707 2671 860 2705 ἁγιώτατοι,
874 2674 924 2709 τὴν

141 2706 232 2732 ἄδικον
245 2709 346 2744 ταύτην
365 2712 473 2747 σφαγὴν
487 2712 681 2749 ὑπεμείναμεν.
693 2715 731 2747 ὡς
743 2718 795 2744 τῶν
808 2718 922 2753 εὐαγγε-

141 2751 222 2777 λικῶν
236 2753 376 2788 δογμάτων
387 2757 417 2782 οὐ
432 2758 588 2793 προϊέμενοι
604 2760 652 2794 τὴν
667 2761 802 2796 ἀλήθειαν.
820 2765 923 2799 Πρέπει

141 2797 168 2822 6‘s
193 2797 268 2832 ὑμῶν
293 2800 326 2834 τῇ
342 2800 460 2835 ὁσιότητι
485 2802 521 2838 μὴ
540 2805 663 2840 παριδεῖν
685 2808 747 2839 τοὺς
770 2810 922 2845 ὁμόφρονας

141 2841 240 2875 ἀδίκως
251 2844 452 2880 ἐλαυνομένους,
464 2848 531 2876 ἀλλὰ
546 2851 645 2879 παῦσαι
661 2855 693 2889 τῇ
706 2841 796 2890 διγαία
811 2841 923 2894 pigeat;

989 971 1040 999 est,
1064 971 1091 994 et
1119 975 1232 1004 propter
1245 979 1295 998 nos
1309 974 1390 1000 morti
1404 975 1513 1004 tradita.
1527 977 1586 1005 Non
1607 979 1690 1007 alium
1709 983 1773 1009 novi

989 1012 1086 1039 Filium
1099 1013 1263 1047 hominis,et
1274 1017 1355 1045 alium
1372 1019 1469 1047 Filium
1485 1022 1532 1049 Dei
1548 1031 1556 1050 :
1573 1024 1620 1050 sed
1634 1027 1771 1060 eumdem,

988 1058 1088 1085 Filium
1113 1060 1224 1094 quidem
1248 1062 1307 1095 Dei,
1333 1068 1361 1091 et
1380 1065 1466 1092 Deum
1493 1075 1527 1094 ex
1551 1068 1606 1096 Deo
1623 1058 1770 1105 genitum;

1763 1094 1771 1106 ν

988 1103 1086 1129 Filium
1106 1110 1171 1131 vero
1193 1106 1322 1140 hominis,
1336 1113 1448 1143 propter
1469 1117 1605 1147 sumptam
1619 1122 1653 1142 ex
1669 1118 1773 1146 semine

955 1175 959 1178 ν
987 1147 1104 1175 Abrahae
1116 1153 1144 1176 et
1165 1149 1272 1178 Davidis
1288 1153 1360 1180 servi
1376 1154 1503 1183 formam.
1522 1157 1584 1185 Haec
1606 1164 1634 1187 et
1656 1161 1709 1189 alia
1729 1163 1773 1190 his

988 1193 1087 1221 similia
1101 1194 1200 1223 docere
1214 1205 1269 1224 non
1285 1206 1373 1226 cesso.
1393 1200 1457 1228 Haec
1474 1202 1532 1236 ipsa
1552 1204 1579 1231 in
1596 1205 1695 1234 litteris
1711 1216 1773 1236 san-

986 1240 1100 1268 ctissimi
1123 1249 1155 1269 ac
1176 1242 1326 1272 beatissimi
1351 1245 1453 1274 domini
1485 1250 1539 1276 mei
1563 1250 1663 1280 Leonis
1684 1255 1772 1287 posita

986 1287 1088 1319 reperi,
1109 1287 1250 1323 Deumque
1275 1290 1467 1320 universorum
1484 1295 1604 1329 laudavi,
1623 1299 1695 1332 quod
1705 1307 1772 1334 apo-

986 1331 1091 1359 stolicis
1110 1334 1169 1368 ejus
1200 1335 1306 1368 placitis
1332 1340 1512 1368 consentiam.
1526 1341 1661 1378 Suscipite
1678 1344 1770 1379 igitur,

985 1385 1088 1411 qmeso,
1104 1387 1199 1412 preces
1212 1389 1296 1415 meas,
1312 1388 1339 1410 et
1355 1383 1453 1419 injuria
1461 1393 1621 1421 oppressum
1632 1398 1667 1417 ne
1682 1391 1773 1427 despi-

985 1423 1048 1450 cite.
1065 1424 1212 1459 Propterea
1234 1427 1307 1453 enim
1324 1428 1380 1456 Deo
1398 1431 1576 1461 charissimos
1598 1436 1772 1472 presbyteros

985 1469 1131 1505 Hypatium
1162 1475 1190 1498 et
1220 1472 1378 1502 Abramium
1413 1469 1634 1515 chorepiscopos,
1657 1469 1689 1510 et
1708 1484 1772 1520 Aly-

984 1515 1059 1548 pium
1082 1517 1277 1546 monachorum
1298 1521 1344 1554 qui
1369 1523 1441 1556 apud
1465 1532 1515 1552 nos
1534 1530 1598 1553 sunt
1622 1529 1770 1556 exarchum

984 1558 1017 1585 ad
1037 1561 1164 1593 pietatem
1179 1567 1297 1590 vestram
1315 1565 1385 1597 misi,
1404 1571 1431 1594 et
1448 1569 1510 1596 vitae
1527 1571 1649 1599 claritate
1661 1575 1771 1608 conspi-

157 1594 212 1626 λμῖν
235 1594 403 1627 μοναζόντων
429 1596 474 1622 τὸν
493 1596 615 1632 ἔξαρχον,
632 1597 699 1633 πρὸς
720 1599 769 1633 τὴν
796 1600 930 1636 ὑμετέραν

178 1637 184 1643 .
209 1637 220 1646 Α
238 1638 249 1645 ,.
323 1639 328 1644 .
363 1639 368 1646 ,
431 1640 439 1646 .
512 1641 530 1646 ..
613 1643 617 1646 .
672 1643 678 1646 _
773 1645 783 1646 γ

1380 1594 1384 1597 ,
1530 1594 1649 1599 Mm-.-
1661 1594 1753 1608 ww,“

984 1611 1057 1636 cuos,
1071 1609 1100 1632 et
1110 1607 1155 1640 qui
1165 1608 1257 1635 verbis
1270 1611 1375 1643 possint
1385 1612 1418 1640 de
1431 1621 1520 1641 rerum
1530 1621 1685 1645 nostrarum
1698 1623 1770 1646 statu

984 1655 1109 1678 accurate
1127 1660 1176 1679 vos
1194 1653 1320 1683 edocere.

937 1696 1018 1730 ριὸῶς
1047 1698 1119 1732 ὑμᾶς
1151 1699 1254 1733 διδάξαι
1286 1703 1320 1730 τὰ
1350 1705 1420 1732 κατὰ
1447 1707 1496 1744 τὴν
1526 1710 1661 1746 ἡμετέραν
1689 1713 1770 1739 εὐτέ-

1161 1807 1264 1835 CXVII.
1274 1824 1308 1828 —
1317 1810 1449 1839 Florentio
1461 1815 1589 1850 episcopo.

1019 1863 1120 1898 Utique
1135 1865 1286 1895 humanum
1304 1877 1390 1904 genus
1406 1872 1453 1899 Dei
1469 1877 1495 1900 et
1516 1875 1666 1905 Salvatoris
1680 1883 1768 1909 nostri

981 1908 1067 1942 gratia
1090 1911 1165 1937 omni
1185 1919 1220 1938 ex
1245 1918 1324 1946 parte
1344 1923 1398 1942 non
1422 1917 1558 1952 destituit,
1581 1923 1628 1949 sed
1657 1925 1768 1960 reliquit

982 1953 1063 1981 nobis
1090 1962 1183 1983 semen
1205 1959 1378 1987 sanctitatem
1400 1966 1484 1996 tuam,
1508 1973 1543 1992 ne
1570 1966 1667 1996 fiamus
1696 1972 1768 1999 sicut

982 1996 1110 2031 Sodoma,
1134 2005 1162 2028 et
1183 2003 1290 2038 1199
1309 2005 1468 2035 Gomorrha:
1491 2011 1594 2039 similes
1610 2021 1644 2041 ne

981 2042 1039 2070 Hoc
1065 2052 1116 2072 nos
1142 2047 1235 2074 animo
1260 2050 1369 2083 penitus
1393 2053 1509 2082 deiicere
1537 2065 1591 2084 non
1618 2060 1692 2093 sinit,
1717 2065 1766 2090 sed

982 2090 1102 2118 molestae
1117 2095 1289 2127 tempestatis
1303 2097 1405 2125 exitum
1419 2090 1701 2138 opperirijubctmoc
1715 2117 1765 2137 nos

980 2134 1008 2161 in
1021 2135 1120 2162 bonam
1138 2145 1214 2172 spem
1228 2141 1318 2175 erigit.
1333 2143 1479 2178 Propterea
1495 2148 1578 2175 etiam
1592 2151 1766 2186 religiosissi-

978 2188 1038 2208 mos
1065 2183 1241 2219 presbyteros
1265 2186 1410 2222 Hypatium
1435 2196 1462 2218 ct
1491 2183 1656 2222 Abramiuni
1683 2198 1765 2226 clior-

978 2227 1132 2262 episcopos.
1145 2234 1172 2256 et
1184 2231 1310 2266 Alypium
1324 2237 1519 2265 monachorum
1536 2241 1608 2275 apud
1625 2250 1675 2269 nos
1688 2252 1766 2272 exar—

980 2272 1072 2306 ehum,
1089 2275 1123 2301 ad
1137 2277 1309 2305 sanctitatem
1325 2284 1442 2308 vestram
1460 2284 1593 2318 misimus,
1610 2291 1640 2314 ut
1656 2290 1765 2317 calami-

979 2321 1061 2344 tatem
1073 2318 1226 2354 depellatis,
1242 2330 1303 2357 quas
1314 2325 1434 2353 Orientis
1453 2327 1590 2357 Ecclesias
1606 2334 1763 2367 occupavit.

978 2363 1017 2390 Ac
1040 2364 1158 2397 primum
1176 2366 1286 2400 quidem
1310 2370 1434 2398 traditam
1458 2373 1538 2401 nobis
1555 2376 1621 2403 olim
1643 2385 1657 2404 ο
1678 2363 1765 2408 sacris

979 2410 1112 2443 apostolis
1130 2411 1210 2439 ﬁdem
1234 2415 1412 2450 conﬁrmetis,
1440 2425 1618 2457 exortamque
1648 2425 1763 2454 limresin

978 2455 1167 2488 proscribatis,
1193 2461 1221 2484 et
1244 2466 1291 2486 eos
1317 2461 1363 2495 qui
1391 2455 1586 2494 incarnationis
1609 2468 1762 2498 doctrinam

978 2498 1132 2527 adulterare
1144 2502 1202 2529 ausi
1218 2508 1281 2530 sunt
1305 2511 1398 2540 aperte
1415 2509 1585 2545 redargualis
1603 2521 1610 2538 :
1630 2517 1687 2541 tum
1703 2516 1763 2543 illo-

979 2552 1038 2571 rum
1064 2545 1173 2579 deinde,
1196 2549 1242 2583 qui
1263 2550 1374 2584 pietatis
1401 2561 1481 2581 causa
1506 2563 1649 2591 vexantur,
1672 2565 1763 2594 patro-

978 2589 1081 2617 cinium
1103 2596 1130 2619 et
1149 2593 1335 2622 defensionem
1357 2599 1522 2634 suscipiatis.
1546 2601 1598 2629 Pro
1614 2605 1763 2637 apostolica

977 2634 1051 2661 enim
1076 2635 1138 2669 fide,
1158 2638 1202 2665 vir
1219 2641 1399 2675 sanctissime,
1419 2643 1545 2678 injustam
1563 2647 1642 2674 istam
1658 2649 1762 2677 cladem

977 2682 1098 2716 perpessi
1122 2690 1226 2716 sumus,
1257 2686 1330 2720 quod
1362 2690 1575 2722 apostolicorum
1604 2692 1761 2728 dogmatum

976 2726 1119 2754 veritatem
1141 2728 1259 2762 abjicere
1276 2731 1405 2760 nolimus.
1428 2734 1510 2762 Decet
1528 2744 1610 2770 porro
1634 2726 1763 2767 sanctita‘

977 2775 1031 2798 tem
1057 2776 1185 2805 vestram,
1211 2775 1305 2802 eadem
1324 2777 1465 2806 vobiscum
1489 2781 1639 2810 sentientes
1654 2792 1703 2818 per
1720 2785 1763 2812 in-

973 2816 1073 2851 juriam
1097 2818 1191 2851 pulsos
1209 2820 1218 2829 '
1232 2827 1287 2847 non
1306 2822 1457 2858 despicere,
1476 2826 1523 2853 sed
1542 2828 1617 2862 justo
1638 2816 1761 2857 subsidio

975 2861 1102 2896 injuriam
1125 2864 1285 2899 reprimere,
1309 2875 1340 2894 ac
1355 2869 1499 2898 veritatem
1515 2873 1657 2906 prwfraete
1673 2876 1761 2912 impu-
