1962 3051
164 185 174 217 l
181 186 230 217 ’329

832 188 1007 218 FPlSTOLA
1028 191 1112 220 CXX.

1716 195 1783 225 133.70

163 243 253 278 μονεϊν
272 241 305 268 τὰ
325 242 461 277 ἀλλότρια·
480 242 548 276 ὑπὲρ
574 241 691 276 ἐμαυτοῦ
713 241 740 268 δὲ
757 242 846 276 λέγειν
865 243 945 277 μόνου

1014 250 1082 276 cret,
1105 251 1186 280 atque
1204 251 1280 274 extra
1306 248 1458 275 commissa:
1483 249 1549 276 mihi
1575 249 1694 276 civitatis
1719 252 1787 278 lines

164 287 303 323 βιάζομαι,
319 288 368 322 τῆς
383 287 476 314 ἀδίκου
494 295 526 322 με
546 286 804 322 καταναγκαξοῦσης
830 289 945 322 σφαγῆς.

164 334 238 359 Οῑκοι
249 333 303 368 γάρ
318 341 351 368 με
369 333 416 359 τοῦ
431 332 568 367 βασιλικοῦ
587 331 776 367 καθείργοντος
793 334 885 367 νόμον,
903 333 948 359 καὶ

165 379 320 415 περαιτέρω
334 379 388 406 τῶν
403 379 473 414 ὅρων
483 379 531 413 τῆς
544 378 588 404 ὑπ’
601 377 666 412 ἐμοῦ
680 379 891 414 ποιμαινομένης
905 379 948 405 πό-

165 423 233 455 λεως
254 423 410 458 προϐαίνειν
426 422 584 455 κωλύοντος⁷
600 422 729 449 ἐκάθισαν
751 422 811 448 κατ’
830 423 896 457 ἐμοῦ
919 423 950 449 τὸ

167 469 315 504 συνέδριον,
348 468 393 495 τὸν
421 468 449 494 δὲ
477 468 556 494 πέντε
579 468 625 494 καὶ
650 467 795 503 τριάκοντα
820 468 949 502 σταθμοῖς

166 514 337 548 ἀφεστηκότα
356 513 528 548 κατέκριναν.
542 513 596 539 Καὶ
615 513 629 538 ὁ
651 513 699 547 μὲν
721 512 774 538 τῶν
799 513 867 539 ὅλων
883 513 948 545 Θεός

168 559 235 593 πρὸς
257 559 302 585 τὸν
325 560 494 595 πατριάρχην
516 558 640 594 Ἀϐραὰμ
663 559 726 595 περὶ
751 559 876 593 Σοδόμων
899 559 948 594 ἔψη

168 603 214 630 καὶ
251 603 412 640 Γομόρρων·
440 613 449 629 ι
474 604 588 639 Κραυγὴ
618 604 742 638 Σοδόμων
769 605 816 630 καὶ
845 604 950 639 Γομόρ-

167 649 221 683 ρων
244 648 428 684 πεπλήθυνται
455 648 522 684 πρός
550 658 599 684 με,
624 649 670 675 καὶ
697 650 724 675 αἱ
752 649 885 684 ἁμαρτίαι
903 649 951 675 αὺ-

167 693 220 719 τῶν
242 693 358 728 μεγάλαι
372 693 484 727 σφόδρα.
505 693 633 725 Καταϐας
647 692 693 720 οὖν
713 693 823 728 δψομαι,
837 694 861 719 εἰ
882 693 952 719 κατὰ

167 740 214 774 τὴν
232 740 355 775 κραυγὴν
375 740 464 766 αὐτῶν
480 739 529 775 τὴν
549 740 699 774 ἐρχομένην
716 739 817 772 ταύτην
832 739 899 773 πρός
918 746 951 772 με

169 785 365 812 συντελοῦνται.
383 786 414 812 Εἰ
430 786 457 812 δὲ
480 786 528 820 μὴ,
549 785 591 811 ἴνα
610 785 676 819 γνῶ.
697 794 705 809 ι
740 784 834 810 Καίτοι
860 783 952 816 σαφῶς

168 832 225 866 ᾔδει
237 831 290 858 τῶν
307 831 456 868 ἀνθρώπων
468 831 578 857 ἐκείνων
589 831 636 866 τὴν
649 830 789 865 πονηρίαν·
806 829 862 855 ἀλλ’
879 829 953 863 ὅμως

169 877 230 912 ἔφη’
252 886 261 902 ι
280 877 408 909 Καταϐὰς
422 877 532 912 ὂψομαι,
550 886 559 902 ι
576 876 708 903 διδάσκων
723 876 796 910 ἡμᾶς
809 874 952 908 ἀναμένειν

999 291 1090 325 egredi
1101 295 1213 324 vetaret,
1223 293 1355 327 judicium:
1368 294 1511 321 adversum
1523 302 1565 321 me
1573 295 1785 327 constituerunt.

1000 338 1027 360 et
1045 335 1154 369 triginta
1172 337 1295 372 quinque
1313 338 1502 366 mansionibus
1517 338 1643 365 dissitum
1658 340 1787 366 condem-

999 383 1109 406 narunt.
1126 380 1158 407 Et
1182 381 1255 409 Deus
1271 382 1382 416 quidem
1401 383 1603 414 universorum,
1622 383 1654 409 ad
1673 384 1788 417 patriar-

1000 425 1077 452 cham
1089 425 1273 455 Abrahamum
1284 428 1317 455 de
1329 428 1454 455 Sodomis
1461 433 1488 455 et
1496 428 1647 455 Gomorrha
1657 428 1784 462 loquens,

1004 478 1013 493 ι
1025 469 1142 502 Clamor,
1159 471 1208 504 ait,
1231 472 1415 500 Sodomorum
1435 478 1463 500 et
1481 473 1640 500 Gomorrhaa
1658 473 1788 508 multipli-

1001 519 1079 541 catus
1098 520 1140 542 cst
1157 516 1190 542 ad
1209 525 1262 549 me,
1284 522 1311 544 ct
1336 523 1446 552 peccata
1468 526 1562 545 eorum
1586 526 1681 553 magna
1698 519 1786 545 valde.

1001 559 1167 587 Descendam
1190 561 1282 596 igitur,
1307 569 1335 590 et
1356 563 1455 590 videbo
1472 568 1562 590 utrum
1578 564 1723 590 clamorem
1742 564 1788 597 qui

1002 605 1077 631 venit
1104 605 1137 632 ad
1168 613 1210 633 me
1242 614 1324 641 opere
1352 608 1516 642 compleant.
1547 608 1594 634 Sin
1620 608 1725 638 minus.
1760 612 1789 634 ut

1002 649 1085 676 sciam
1100 649 1132 676 ’⁸.
1149 661 1158 675 ι
1182 651 1239 678 Etsi
1262 657 1432 686 perspectam
1459 653 1576 679 habebat
1598 653 1738 679 hominum
1758 653 1790 679 il-

1003 693 1092 720 lorum
1112 695 1274 729 nequitiam,
1288 700 1407 723 attamen
1425 705 1433 721 ι
1449 696 1626 728 Descendam,
1648 697 1747 729 inquit,
1762 701 1790 722 et

1003 739 1127 772 videbo»
1139 741 1239 768 docens
1252 749 1302 768 nos
1315 749 1407 769 rerum
1420 742 1615 776 experientiam
1631 741 1734 775 1202
1743 748 1791 774 op-

1004 785 1098 819 periri.
1115 785 1150 812 At
1165 785 1210 812 isti
1228 794 1279 813 nos
1294 794 1346 814 nec
1368 786 1396 813 in
1416 787 1550 821 judicium
1577 791 1715 814 vocantes.
1740 793 1790 812 nec

1003 838 1098 858 vocem
1118 835 1239 858 nostram
1262 831 1418 864 audientes,
1440 839 1491 859 nec
1505 840 1538 859 ex
1554 831 1633 857 nobis
1648 831 1713 865 quid
1726 839 1790 858 sen—

1006 875 1106 902 tiamus
1136 883 1300 910 cognoscere
1330 877 1498 908 laborantes,
1526 876 1647 903 veritatis
1670 876 1789 902 hostium

169 923 221 949 τῶν
238 923 406 958 πραγμάτων
424 923 473 959 τὴν
489 924 595 958 πεῖραν.
610 919 690 949 Οὗτοι
710 922 738 948 δὲ
757 922 806 948 οὐκ
825 921 864 952 εἰς
875 920 952 946 δικα-

1011 920 1089 948 'urori
1111 921 1277 956 jugulandos
1299 930 1350 949 nos
1370 922 1560 957 prodiderunt.

169 970 279 1005 στήριον
291 971 365 1005 ἡμᾶς
382 970 556 1002 καλέσαντες,
573 970 604 995 οὺ
630 969 723 1003 φωνῆς
741 968 820 1003 ἡμῶν
851 966 1064 1001 ἐπακούσαντες,
1097 969 1127 995 οὐ
1154 969 1181 995 τί
1216 970 1368 1005 φρονοῦμεν
1387 970 1482 1005 μαθεῖν
1505 970 1568 1005 παρ’
1592 969 1670 1004 ἡμῶν
1698 968 1789 1004 ἐθελή-

170 1023 275 1046 σαντες,
291 1014 329 1048 τῷ
342 1014 419 1049 θυμῷ
431 1014 486 1041 τῶν
501 1015 548 1049 τῆς
564 1014 692 1049 ἀληθείας
707 1013 810 1049 ἐχθρῶν
825 1013 873 1048 τὴν
887 1012 1024 1048 ἡμετέραν
1037 1015 1144 1050 σφαγὴν
1157 1015 1327 1050 ἐχαρίσαντο.

205 1060 275 1095 Ἐγὼ
287 1061 315 1087 δὲ
327 1061 376 1097 τὴν
391 1062 439 1096 μὲν
454 1061 568 1097 ἡσυχίαν
578 1062 745 1096 ἀσπάζομαι,
758 1061 804 1087 καὶ
813 1060 953 1096 διαφερόνο

171 1115 223 1137 τως
239 1107 268 1131 ὲν
288 1106 325 1142 τῷ
345 1107 458 1142 παρόντι
477 1106 576 1142 καιρῷ,
599 1106 655 1132 τῶν
672 1106 858 1133 άποστολικῶν
878 1106 953 1140 παρὰ

171 1151 276 1183 πόλλοις
304 1151 504 1187 διαφθαρέντων
530 1152 682 1187 δογμάτων,
706 1152 754 1178 καὶ
786 1153 836 1186 τῆς
859 1151 954 1186 καινῆς

172 1196 365 1232 κρατυνθείσης
377 1197 517 1232 αἱρέσεως.
531 1197 588 1224 ’Ὶνα
600 1197 628 1224 δὲ
645 1198 681 1232 μή
701 1207 744 1230 τις
755 1198 810 1225 τῶν
826 1197 953 1231 ἀγνοούν-

171 1250 224 1268 των
239 1242 312 1276 ήμᾶς
331 1242 430 1277 ἀληθὲς
447 1241 513 1269 εἶναι
531 1243 664 1278 πιστεύσῃ
678 1243 727 1275 τὰς
742 1243 802 1269 καθ’
817 1242 896 1277 ἡμῶν
909 1251 955 1276 γε-

173 1287 324 1322 γενημένας
341 1287 478 1319 διαϐολὰς,
493 1288 540 1314 καὶ
556 1288 734 1324 σκανδαλισθῇ
748 1289 861 1324 νομίσας
874 1288 955 1322 ἕτερα

175 1333 250 1368 παρὰ
265 1333 314 1367 τὴν
330 1333 510 1367 εὖαγγελικὴν
523 1333 696 1360 διδασκαλίαν
717 1334 836 1368 φρονεῖν,
851 1334 956 1360 ἀντιϐο-

174 1376 211 1403 λῶ
224 1377 278 1412 (85)
296 1377 344 1412 τὴν
360 1377 494 1412 ὑμετέραν
507 1377 755 1412 μεγαλοπρέπειαν,
770 1376 872 1411 ταύτην
884 1376 958 1410 αἰτῆ-

175 1430 220 1449 σαι
233 1422 282 1457 τὴν
296 1422 374 1458 χάριν
389 1422 436 1457 τὴν
454 1421 605 1449 καλλίνικον
619 1421 752 1458 κορυφὴν,
770 1421 840 1448 ὥστε
860 1429 892 1455 με
909 1421 958 1455 τὴν

181 1468 315 1503 Ἑσπέραν
337 1467 511 1500 καταλαϐεῖν,
527 1468 574 1494 καὶ
588 1468 665 1503 ,παρὰ
679 1468 735 1498 τοῖς
747 1468 776 1493 ὲν
793 1466 884 1502 ἐκείνῃ
898 1465 958 1492 θεο-

177 1513 346 1547 φιλεστάτοις
362 1513 408 1539 καὶ
426 1513 587 1547 ἁγιωτάτοις
608 1512 768 1542 ἐπισκόποις
784 1509 957 1537 δικάσασθαιο

176 1560 223 1585 καὶ
235 1560 258 1585 εἰ
270 1559 379 1594 ὀφθείην
393 1559 479 1594 βραχὺ
493 1559 557 1593 γοῦν
573 1567 599 1584 τι
613 1557 802 1593 παρεκϐαίνων
820 1556 867 1582 τοῦ
882 1557 960 1583 κανό-

177 1613 221 1635 νος
234 1604 284 1638 τῆς
295 1605 423 1636 πίστεως,
436 1604 509 1638 αὑτῷ
520 1612 552 1638 με
565 1603 748 1638 παραδοθῆναι
759 1601 797 1637 τῷ
808 1601 960 1637 μεσαιτάτῳ

178 1648 227 1682 τῆς
244 1648 377 1683 θαλάττης
394 1647 477 1683 βυθῷ.
506 1648 536 1674 Et
560 1648 589 1673 δὲ
608 1648 668 1674 οὐδὲ
690 1647 792 1681 ταύτην
817 1645 894 1680 ὑμῶν
913 1646 962 1681 τὴν

1040 1062 1096 1097 Ego
1118 1067 1208 1090 autem
1225 1063 1363 1090 silentium
1378 1063 1468 1090 libens
1491 1067 1581 1094 teneo,
1601 1062 1653 1089 hoc
1676 1062 1790 1089 maxime

1005 1112 1138 1142 tempore,
1153 1117 1215 1135 cum
1227 1109 1375 1143 apostolica
1389 1108 1514 1143 dogmata
1530 1108 1602 1142 apud
1619 1108 1719 1134 multos
1731 1115 1791 1133 cor—

1005 1157 1085 1187 rupta
1108 1157 1182 1185 sunt,
1209 1157 1238 1180 et
1263 1161 1332 1180 nova
1354 1153 1466 1180 haeresis
1481 1153 1554 1180 vires
1574 1159 1606 1179 ac
1621 1152 1705 1178 robur
1719 1151 1792 1178 obti-

1005 1197 1074 1224 nuit.
1086 1197 1186 1224 Verum
1201 1205 1236 1224 ne
1250 1197 1312 1232 quis
1324 1205 1418 1224 eorum
1431 1197 1531 1231 quibus
1546 1196 1603 1223 noti
1617 1203 1672 1222 non
1685 1203 1790 1226 sumus,

1005 1249 1085 1269 veras
1106 1241 1200 1269 credat
1214 1249 1274 1269 esse
1296 1242 1457 1273 calumnias,
1472 1249 1532 1275 qua;
1546 1241 1572 1267 in
1598 1248 1648 1267 nos
1664 1240 1792 1274 conjecta:

1007 1291 1080 1318 sunt,
1101 1286 1320 1321 otl‘endaturque,
1336 1286 1444 1314 diversa
1460 1294 1510 1314 nos
1527 1286 1561 1313 ab
1575 1285 1731 1320 evangelica
1745 1285 1793 1311 do-

1006 1332 1094 1359 ctrina
1107 1333 1211 1359 sentire
1231 1332 1401 1364 existimans,
1420 1331 1635 1366 magnitudinem
1650 1335 1725 1357 tuam
1742 1330 1793 1357 οι)-

1013 1382 1109 1409 testor,
1127 1378 1197 1404 hanc
1218 1385 1234 1404 a
1247 1377 1360 1410 _victore
1385 1377 1509 1412 Augusto
1531 1376 1644 1411 gratiam
1665 1380 1749 1410 petat,
1764 1379 1794 1402 ut

1010 1424 1038 1451 in
1063 1423 1240 1451 Occidentem
1260 1423 1379 1454 veniam,
1401 1422 1495 1457 ibique
1515 1430 1530 1449 a
1554 1423 1609 1449 Deo
1625 1421 1796 1449 charissimis

1008 1468 1242 1502 sanctissimisque
1268 1468 1406 1502 episcopis
1431 1468 1539 1503 judicer
1559 1475 1566 1494 :
1589 1475 1620 1494 ac
1636 1467 1658 1494 si
1675 1467 1717 1493 vel
1743 1466 1795 1493 mi—

1009 1515 1113 1541 nimum
1131 1522 1148 1541 a
1161 1514 1223 1542 ﬁdei
1244 1515 1336 1549 regula
1351 1514 1495 1542 deﬂectere
1512 1513 1616 1544 videar,
1632 1513 1660 1539 in
1676 1512 1795 1539 medium

1010 1559 1093 1586 maris
1121 1559 1287 1594 profundum
1312 1559 1436 1594 dejiciar.
1461 1557 1539 1591 Quod
1554 1558 1577 1585 si
1601 1557 1644 1585 his
1667 1557 1797 1592 precibus

1011 1605 1110 1632 vestris
1131 1612 1186 1634 non
1208 1604 1298 1636 cedet,
1327 1604 1452 1631 habitare
1475 1611 1519 1631 me
1541 1603 1637 1631 saltem
1657 1603 1751 1637 jubeat
1766 1602 1797 1628 in

1012 1651 1176 1677 monasterio
1190 1655 1294 1681 nostro.
1307 1650 1381 1684 quod
1394 1649 1505 1685 quidem
1520 1658 1534 1676 a
1546 1649 1700 1684 Cyrrestica
1713 1651 1721 1658 '
1735 1648 1798 1674 mil-

178 1693 270 1727 δέησιν
284 1693 399 1727 δέχεται,
411 1693 520 1727 οἰκῆσαι
535 1693 599 1726 γοῦν
612 1701 644 1727 με
655 1692 810 1718 κελευσάτω
823 1692 853 1718 τὸ
863 1691 958 1726 ἡμέτε-

1013 1695 1128 1723 liaribus
1149 1696 1226 1723 abest
1252 1700 1362 1723 centum
1386 1699 1414 1722 et
1432 1694 1541 1729 viginti,
1568 1694 1603 1721 ab
1627 1693 1799 1720 Antiochena

180 1747 226 1773 ρον
245 1739 434 1774 μοναστήριον,
460 1738 474 1764 δ
498 1738 548 1773 τῆς
566 1739 614 1772 μὲν
632 1738 796 1774 Κυρρεστῶν
815 1738 901 1764 εἴκοσι
915 1737 962 1763 καὶ

179 1783 276 1809 ἑκατὸν
288 1782 385 1819 μιλίοις
399 1783 547 1818 ἀφέστηκε.
563 1782 612 1817 τῆς
624 1783 652 1809 δὲ
669 1782 803 1816 Ἀντιόχου
821 1781 900 1807 πέντε
915 1781 962 1806 καὶ

180 1828 374 1864 ἐϐδομήκοντα,
402 1829 455 1855 ἁπδ
476 1829 504 1855 δὲ
525 1829 607 1864 τριῶν
632 1828 725 1863 μιλίων
743 1827 792 1861 τῆς
819 1826 963 1860 Ἀπαμέων

179 1875 313 1901 διάκειται
325 1875 438 1905 πόλεως.
457 1873 575 1905 Τούτων,
587 1874 610 1899 εἰ
627 1873 675 1906 μὲν
692 1871 812 1903 δυνατὸν,
825 1872 855 1897 τὸ
869 1871 966 1906 πρότε-

183 1925 241 1953 ρον·
261 1919 285 1944 εί
302 1918 330 1944 δὲ
348 1919 396 1952 μὴ,
412 1917 441 1943 et
457 1917 522 1950 γοῦν
545 1916 669 1950 δεύτερον
692 1913 894 1949 παρασχεθήναί
920 1921 966 1946 μοι

182 1965 226 1990 διὰ
239 1963 286 1990 τοῦ
303 1963 436 1998 ὑμετέρου
454 1961 583 1997 μεγέθους
601 1959 761 1996 παρακαλῶ.
780 1957 817 1985 υῧ
835 1958 883 1993 τὴν
900 1958 966 1992 μνή-

185 2017 239 2043 μην
249 2009 299 2035 κάν
309 2009 342 2043 τῇ
350 2007 464 2042 διανοίᾳ,
472 2007 522 2033 κάν
535 2007 567 2041 τῇ
580 2005 696 2040 γλώττῃ,
709 2004 838 2039 διηνεκῶς
852 2003 965 2038 περισέ-

185 2063 279 2090 ρομεν,
293 2053 460 2084 ἱκετεύοντες
475 2052 521 2078 τὸν
535 2052 589 2081 τῶν
603 2051 744 2085 δυνάμεων
765 2049 876 2084 Κύριον,
890 2047 968 2082 ἀμεί-

183 2099 284 2134 ψασθαι
298 2099 347 2133 τὴν
362 2098 499 2133 ὑμετέραν
514 2096 760 2132 μεγαλοπρέπειαν,
773 2096 819 2121 καὶ
832 2095 888 2124 τοῖς
900 2101 968 2128 παρ-

183 2145 254 2176 οῦσι,
269 2145 387 2175 καὶτοῖς
406 2143 548 2178 μέλλουσιν
567 2141 689 2175 ἀγαθοῖς.
707 2140 798 2167 Ταῦτα
819 2139 846 2165 δὲ
863 2138 967 2173 γράψαι

183 2190 232 2216 νῦν
256 2188 443 2225 ἠναγκάσθην,
459 2187 553 2222 μαθὼν
567 2187 606 2218 ὥς
617 2195 689 2218 τινες
708 2186 754 2212 καὶ
774 2185 822 2220 τὴν
846 2183 968 2210 ἐντεῦθεν

188 2242 232 2268 μοι
242 2233 387 2259 καττύουσι
401 2232 566 2268 μετάστασιν
579 2231 646 2266 (84).

451 2286 517 2314 PK'.
534 2301 568 2306 —
581 2287 741 2320 Λουπικίῳ.

1013 1740 1133 1775 quinque
1142 1745 1169 1768 et
1181 1741 1361 1775 septuaginta,
1377 1740 1465 1767 tribus
1482 1743 1572 1766 autem
1590 1738 1753 1765 milliaribus
1766 1739 1800 1765 ab

1014 1786 1082 1812 urbe
1105 1786 1188 1812 distat
1211 1787 1358 1820 Apamena.
1376 1785 1489 1817 Horum,
1505 1785 1528 1812 si
1551 1784 1661 1819 quidem
1683 1784 1803 1818 ﬁeripo-

1014 1834 1078 1861 test,
1109 1830 1185 1864 prius
1210 1831 1291 1863 illud;
1316 1831 1358 1857 sin
1382 1830 1484 1868 minus,
1508 1830 1624 1856 alterum
1650 1834 1724 1856 certe
1744 1837 1802 1855 ma-

1015 1875 1166 1910 gnitudinis
1182 1880 1277 1902 vestraa
1289 1883 1371 1910 opera
1383 1875 1498 1902 concedi
1511 1874 1577 1901 mihi
1590 1875 1706 1909 postulo.
1717 1874 1802 1909 Cujus

1017 1929 1067 1948 nos
1085 1921 1243 1948 memoriam
1258 1924 1286 1948 et
1296 1921 1387 1947 animo
1400 1925 1427 1947 et
1440 1921 1530 1955 lingua
1539 1923 1671 1955 perpetuo
1685 1919 1803 1946 circum-

1017 1968 1140 1999 ferimus,
1166 1968 1298 1994 virtutum
1318 1967 1464 1994 Dominum
1486 1967 1671 1997 obsecrantes,
1695 1969 1725 1992 ut
1746 1973 1803 1992 ma-

1018 2014 1199 2048 gniﬁcentiam
1212 2017 1329 2040 vestram
1345 2017 1372 2039 et
1384 2011 1564 2047 praesentibus
1574 2016 1601 2038 et
1611 2011 1711 2038 futuris
1723 2011 1802 2038 bonis

1017 2063 1183 2086 remuneret.
1202 2058 1264 2085 llree
1285 2066 1350 2085 vero
1375 2066 1448 2085 nunc
1473 2062 1503 2084 ut
1526 2057 1676 2084 scriberem
1693 2064 1727 2083 eo
1742 2064 1801 2083 sum

1019 2105 1142 2137 adactus,
1159 2104 1262 2140 1203
1280 2104 1352 2139 quod
1378 2108 1408 2130 ut
1431 2103 1495 2131 hinc
1508 2103 1589 2131 etiam
1612 2103 1687 2133 abire
1704 2102 1801 2138 iubear.

1019 2149 1108 2177 moliri
1133 2149 1265 2185 quosdam
1290 2148 1413 2184 cognovi.

1281 2290 1362 2318 CXX.
1375 2305 1409 2310 ——
1423 2290 1539 2327 Lupicio.

221 2342 303 2379 Οἶμαι
316 2345 363 2370 καὶ
379 2345 440 2375 τοὺς
455 2345 504 2379 τῆς
520 2343 646 2379 ἀληθείας
673 2343 840 2378 σχετλιάζειν
855 2344 958 2380 ἐχθροὺς

1055 2345 1182 2373 Arbitror
1193 2345 1275 2373 etiam
1291 2346 1365 2380 ipsos
1378 2346 1504 2374 veritatis
1515 2347 1608 2374 hostes
1621 2347 1755 2382 indignari
1768 2348 1804 2374 ob

187 2390 233 2415 ἐπὶ
257 2391 316 2420 ταῖς
341 2389 443 2420 ἀδίκοις
470 2389 547 2423 ἡμῶν
574 2389 620 2414 καὶ
645 2389 812 2423 παρανόμοις
841 2392 967 2423 σ’ραγαῖς.

188 2433 280 2469 nam;
294 2434 321 2459 δὲ
338 2433 429 2465 πλέον,
445 2433 483 2464 ὡς
505 2433 587 2465 εἰκὸς,
604 2434 666 2468 ἀνιᾷ
684 2434 746 2465 τοὺς
757 2434 906 2469 τροφίμους
921 2436 969 2470 τῆς

187 2480 327 2511 εὐσεϐεἱας
348 2481 364 2515 ὴ
386 2479 466 2514 καινὴ
486 2478 556 2513 αὓτη
575 2479 622 2505 καὶ
643 2479 793 2514 παράδοξος
819 2481 968 2515 τραγῳδία,

187 2523 259 2560 ὦνή
284 2524 404 2559 ὑμετέρα
432 2523 565 2559 πρωτεύει
590 2522 819 2558 μεγαλοπρέπεια.
835 2523 970 2558 Προσήκει

187 2571 216 2597 δὲ
232 2571 294 2602 τοὺς
325 2570 416 2596 πλεῖον
440 2568 587 2603 ἀλγοῦντας
604 2568 713 2594 πλείονα
737 2568 853 2603 σπουδήν
874 2577 902 2594 τε
924 2569 971 2595 καὶ

190 2616 342 2652 προθυμίαν
361 2616 537 2649 εἰσενεγκεῖν,
551 2613 620 2640 ὥστε
639 2613 674 2640 τὰ
687 2613 824 2645 δυσσεϐῶς
837 2614 884 2640 καὶ
899 2623 970 2649 παρ-

189 2661 294 2696 ανόμως
318 2661 489 2697 γεγενημένα
510 2661 586 2687 λύσιν
602 2660 703 2692 λαϐεῖν,
718 2660 749 2686 τὸ
760 2659 787 2686 δὲ
800 2659 968 2694 διασπασθῆ-

188 2715 231 2735 ναι
242 2708 395 2735 κινδυνεῦον
409 2708 488 2744 σῶμα
500 2708 549 2742 τῆς
571 2707 733 2741 Ἐκκλησίας
750 2708 790 2739 εις
808 2707 857 2742 τὴν
869 2707 968 2742 προτέ-

219 2785 240 2807 ξ⁸
253 2783 320 2812 Gen.
334 2793 406 2817 xvin,
421 2785 466 2818 2i,
479 2786 523 2812 22.

1024 2390 1142 2425 injustas
1151 2395 1180 2417 et
1191 2390 1299 2425 iniquas
1311 2392 1470 2418 vexationes
1486 2400 1555 2426 quas
1566 2392 1694 2427 patimur.
1721 2392 1805 2419 Multo

1022 2439 1114 2462 autem
1126 2436 1221 2470 magis,
1240 2440 1270 2462 ut
1282 2444 1331 2470 par
1344 2441 1397 2468 est,
1415 2437 1524 2471 pietatis
1536 2437 1670 2469 alumnos,
1688 2445 1805 2471 quorum

1022 2481 1150 2515 princeps
1162 2485 1205 2508 est
1219 2481 1420 2516 magnificentia
1435 2487 1490 2514 tua,
1514 2483 1657 2513 contristat
1669 2483 1727 2509 haec
1736 2491 1806 2511 nova

1023 2529 1050 2552 et
1062 2525 1183 2553 inaudita
1197 2526 1339 2561 tragmdia.
1352 2526 1584 2554 Convenitautem
1601 2531 1630 2553 ut
1640 2527 1686 2562 qui
1698 2527 1807 2562 gravius

1023 2571 1180 2604 condolent,
1194 2572 1325 2607 majorem
1337 2575 1464 2598 conatum
1475 2576 1504 2599 et
1514 2573 1718 2600 contentionem
1730 2572 1794 2599 adhi

1022 2616 1119 2649 beant,
1145 2620 1175 2643 ut
1188 2625 1249 2651 quae
1261 2617 1343 2652 impie
1356 2621 1384 2644 et
1398 2617 1491 2652 inique
1504 2622 1563 2644 acta
1574 2621 1639 2644 sunt
1653 2617 1802 2645 dissolvan.

1022 2667 1076 2695 tur,
1093 2668 1122 2690 et
1133 2662 1206 2697 quod
1222 2663 1248 2689 in
1261 2663 1464 2690 dilacerationis
1475 2663 1598 2697 periculo
1611 2667 1736 2689 versatur
1746 2671 1795 2690 cor

1022 2715 1072 2742 pus
1091 2707 1236 2739 Ecclesiae,
1254 2706 1288 2734 ad
1310 2707 1453 2741 pristinam
1476 2705 1570 2734 redeat
1588 2707 1804 2734 consensionem.

225 2840 279 2873 (ΗΞ)
296 2841 383 2867 Locus
398 2845 486 2868 exstat
509 2842 591 2869 etiam
615 2842 686 2876 apud
710 2842 820 2872 Bar0n.,
839 2845 857 2867 t.
883 2840 928 2873 \‘l,
947 2848 973 2874 p.
995 2840 1053 2873 106,
1069 2841 1102 2868 ad
1115 2849 1138 2868 a.
1158 2839 1187 2868 C.
1205 2840 1266 2868 449.

225 2876 250 2908 (8
259 2876 278 2910 ἱ)
297 2877 504 2910 μετανίιῑιαῖιν,
525 2877 606 2912 Neap.
