1962 3051
153 182 218 214 [333

790 178 967 208 EPISTULA
987 179 1073 208 CXXI
1082 180 1119 208 II.

1700 176 1768 210 1335.

149 238 289 274 γεγήμεθα.
303 237 367 273 ζεῦ),
387 237 434 264 καὶ
447 237 490 263 τὸν
506 237 607 263 τούτων
619 238 691 272 ἡμᾶς
708 236 862 268 ἀξιώσαντα
878 237 932 264 τῶν

992 237 1148 264 iducialiter
1161 239 1278 273 agimus,
1293 238 1347 265 imo
1360 242 1388 265 ct
1399 237 1548 272 gaudemus
1560 242 1587 264 et
1600 238 1732 269 laetamur.
1743 246 1769 266 et

148 285 316 319 παθηματοιν
338 283 486 318 ὑμνοῦμεν,
504 284 549 309 καὶ
570 283 618 317 μὲν
646 282 678 317 δὴ
696 283 742 309 καὶ
776 283 839 314 τοὺς
871 290 934 308 συν-

147 331 224 367 ήθεις
239 331 284 356 ἐπὶ
295 330 358 361 τοὺς
372 329 470 360 αὐτοὺς
482 329 592 362 ἀγῶνας
603 328 824 364 παρακαλοῦμεν.
842 329 872 355 Ei
887 329 935 363 μὲν

147 376 203 410 γὰρ
216 375 304 400 ἴσασιν
317 375 389 410 ἡμᾶς
400 374 445 400 τὸν
453 374 631 400 ἀποστολικὸν
643 373 741 400 κανόνα
751 374 801 408 τῆς
818 373 935 405 πίστεως

151 421 188 456 μὴ
206 420 397 454 φυλάττοντας,
411 419 649 451 ἀλλ’ὲκκλίνοντας
662 419 736 451 δεξιὰ
752 419 769 454 ἢ
786 420 931 454 ἀριστερὰ,

150 466 196 492 καὶ
216 465 409 500 μισησάτωσαν
423 485 429 497 ,
452 465 500 491 καὶ
526 464 575 499 τῆς
609 465 733 496 ἐναντίας
764 464 936 498 γενέσθωσαν

152 511 257 547 μοίρας,
274 511 321 538 καὶ
339 510 408 545 μετὰ
427 510 481 536 τῶν
496 510 686 545 πολεμούντων
701 510 884 545 τετάχθωσαν.
903 511 935 536 Εἰ

149 557 179 584 δὲ
192 557 240 592 τὴν
255 556 337 592 ὀρθὴν
350 557 396 583 τοῦ
413 555 590 590 εὐαγγελικοῦ
607 556 782 591 κηρύγματος
796 564 936 591 προσμαρ-

149 603 276 637 τυροῦσιν
299 603 364 637 ἡμῖν
390 601 574 633 διδασκαλίαν,
596 601 701 636 βοῶμεν
730 602 798 637 πρὸς
820 601 934 633 αὐτούς’

153 648 258 682 «Στῆτε
271 649 318 674 καὶ
336 649 414 682 ὑμεῖς
437 647 652 682 περιζωσάμενοι
672 648 720 679 τὰς
737 647 840 682 ὀσφύας
862 647 937 682 ὑμῶν

151 694 180 720 ὲν
197 693 319 729 ἀληθείᾳ,
338 693 385 719 καὶ
403 693 602 728 ὑποδησάμενος
623 693 684 725 τοὺς
710 693 792 724 πόδας
813 693 842 718 ὲν
868 693 937 718 ἐτοι-

153 739 238 774 μασίᾳ
258 739 304 765 τοῦ
327 738 493 773 Εὐαγγελίου
513 739 561 773 τῆς
578 739 698 773 είρήνης,
721 748 729 763 ι
754 739 799 764 καὶ
813 738 847 764 τὰ
863 738 935 772 ἑξῆς.

151 784 219 810 Φασὶ
242 784 295 819 γὰρ
319 784 368 819 τὴν
389 783 498 818 ἀρετὴν,
527 784 557 809 οὐ
582 784 661 818 μόνον
683 783 867 818 σωφροσύνην,
891 784 937 810 καὶ

151 827 337 862 δικαιοσύνην,
351 828 397 854 καὶ
418 827 558 861 φρόνησιν,
576 827 644 853 ἀλλὰ
662 828 709 855 καὶ
729 828 838 863 ἀνδρὶαν
854 828 936 863 ἔχειν,

152 872 199 897 καὶ
213 871 256 898 διὰ
277 872 379 906 ταύτης
397 872 594 907 κατορθοῦσθαι
610 873 751 905 κάκείνας.
767 874 822 900 Καὶ
844 875 897 910 γὰρ
919 875 935 910 ή

151 916 308 951 δικαιοσύνη
325 917 365 948 εἰς
384 917 429 943 τὸν
451 918 519 944 κατὰ
533 918 589 951 (87)
609 918 658 952 τῆς
685 918 792 950 ἀδικίας
818 920 936 954 πόλεμον

152 961 238 988 δεῖται
261 963 310 996 τῆς
339 962 449 997 ἀνδρίας
478 964 633 998 συμμάχου,
659 963 705 990 καὶ
729 965 745 999 ὴ
774 964 936 999 σωψροσύνη

154 1007 278 1042 συνεργῷ
295 1008 443 1042 τῇ“ἀνδρία
466 1008 596 1042 χρωμένη
618 1009 667 1043 τὴν
691 1009 838 1035 ἀκολασίαν
863 1010 934 1044 νικᾷ.

153 1051 203 1077 Διά
220 1060 262 1077 τοι
281 1052 360 1078 τοῦτο
371 1053 417 1079 καὶ
432 1054 445 1079 ό
461 1053 513 1079 τῶν
525 1053 593 1079 ὅλων
610 1053 676 1084 Θεὸς
690 1054 758 1088 πρὸς
775 1054 820 1080 τὸν
830 1055 938 1090 Προφή-

153 1106 203 1132 την
220 1097 288 1132 ἔφη·
308 1108 316 1124 ι
342 1098 370 1124 '0
385 1098 413 1124 δὲ
436 1099 538 1130 δίκαιός
560 1108 610 1134 μου
631 1101 662 1125 ἐκ
679 1100 796 1131 πίστεως
814 1101 937 1135 ζήσεται,

154 1143 201 1168 καὶ
219 1142 265 1168 ἐὰν
289 1143 490 1177 ὑποστείληται,
514 1144 564 1170 οὐκ
591 1144 695 1170 εὐδοκεῖ
719 1145 734 1179 ὴ
755 1144 826 1179 ψυχή
843 1154 892 1180 μου
910 1146 938 1172 ὲν

153 1187 240 1222 αὐτῷ.
261 1197 270 1213 ι
297 1188 462 1224 ’Υποστολὴν
473 1188 501 1214 δὲ
516 1188 565 1222 τὴν
581 1189 682 1215 δειλίαν
698 1189 833 1224 ὠνόμασε.
856 1191 938 1225 Ἐχου

155 1233 255 1265 τοίνυν,
270 1230 292 1259 ὧ
306 1233 369 1269 φίλη
385 1234 499 1269 κεφαλὴ,
514 1234 568 1260 τῶν
582 1234 768 1261 ἁποστολικῶν
786 1235 938 1271 δογμάτων.

158 1287 167 1302 ι
182 1278 261 1310 ’Ἥξει
280 1279 334 1313 γὰρ
352 1279 412 1305 ὅσον
429 1279 490 1304 ὅσον
506 1280 519 1305 ό
539 1280 695 1314 ἐρχόμενος,
713 1281 759 1306 καὶ
778 1280 808 1306 οὐ
828 1281 940 1315 χρονιεῖ,

154 1323 200 1349 καὶ
224 1322 354 1349 ἀποδώσει
379 1323 484 1358 ἑκάστῳ
509 1323 578 1350 κατὰ
600 1325 634 1350 τὰ
659 1324 726 1359 ἔργα
750 1324 842 1351 αὑτοῦ.
868 1326 941 1359 Παρ-

155 1368 218 1401 ἀγει
235 1368 288 1402 γὰρ
307 1368 337 1394 τὸ
355 1367 446 1402 σχῆμα
460 1367 507 1393 τοῦ
527 1367 630 1402 κόσμου
647 1368 753 1400 τούτου,
767 1378 775 1394 ι
794 1369 840 1395 καὶ
855 1370 943 1403 ἐμφα-

155 1413 266 1448 νήσεται
285 1415 301 1448 ἠ
318 1413 371 1439 τῶν
386 1413 557 1448 πραγμάτων
572 1413 695 1449 ἀλήθεια.

360 1471 445 1497 PKI".
462 1486 497 1490 —
511 1470 551 1503 Τῷ
563 1470 643 1502 αὐτῷ
658 1470 724 1506 (88).

189 1525 244 1550 Καὶ
263 1525 356 1560 μακρᾶ
372 1526 388 1559 ἡ
404 1526 544 1561 ἐπιστολὴ,
565 1526 612 1552 καὶ
627 1527 770 1561 χαρίεσσα,
785 1530 832 1555 καὶ
849 1529 880 1556 τὸ
894 1530 943 1564 τῆς

155 1568 265 1604 ἀγάπης
290 1569 389 1604 θερμόν
411 1578 442 1596 τε
466 1570 514 1596 καὶ
538 1571 649 1606 γνήσιον
668 1571 864 1606 ὑποφαίνουσα.
887 1561 941 1600 καὶ
956 1561 976 1590 c

154 1613 287 1648 τοσαύτης
307 1623 340 1648 με
363 1615 497 1649 θυμηδίας
518 1616 676 1650 ἐνέπλησεν,
689 1617 758 1643 ὥστε
781 1618 882 1652 ἥκιστα
895 1628 942 1654 με-

155 1660 301 1693 ταγνῶναι,
321 1660 360 1686 ὅτι
378 1660 410 1695 δὴ
434 1661 529 1696 ἑτέραν
546 1661 618 1696 ἔχειν
641 1662 761 1689 ὲτόπασα
776 1663 894 1690 διάνοιαν
912 1665 941 1691 τὸ

155 1704 204 1739 τῆς
229 1705 363 1739 προτέρας
391 1706 543 1740 προοίμιον.
569 1707 621 1732 Τοῦ
640 1707 692 1742 γὰρ
711 1708 756 1734 νοῦ
779 1709 832 1736 τῶν
849 1718 941 1745 γραμ-

157 1749 249 1784 μάτων
269 1750 285 1784 ἡ
310 1749 405 1783 ἄγνοια
437 1750 482 1776 τὸν
508 1750 558 1785 τῆς
579 1751 724 1787 ἀδελφικῆς
752 1753 941 1790 φιλοστοργίας

156 1796 314 1831 ἁπεκάλυψε
332 1796 477 1832 θησαυρὸν,
492 1798 539 1824 καὶ
561 1798 591 1824 τὸ
613 1800 662 1834 τῆς
676 1800 793 1832 πίστεως
809 1801 941 1836 ἐδήλωσεν

154 1843 316 1877 ἀκραιφνὲς,
349 1843 396 1869 καὶ
419 1843 464 1869 τὸν
488 1844 552 1878 περὶ
575 1844 623 1879 τὴν
647 1845 786 1871 εὐσέϐειαν
809 1846 940 1880 ἐγνώρισε

157 1887 247 1922 ζῆλον.
266 1887 319 1913 Τοῦ
341 1888 432 1922 μέντοι
450 1889 588 1922 προφήτου
614 1889 677 1920 τοὺς
695 1889 791 1923 λόγους
815 1891 862 1917 κα)⁵
882 1899 940 1917 πει-

157 1933 278 1967 ρασμοὺς
295 1932 498 1967 διενειμάμεθα,
522 1933 568 1958 καὶ
591 1934 607 1968 ἡ
631 1933 680 1968 μὲν
695 1935 803 1969 ὁσιότης
821 1944 867 1961 σου
882 1937 940 1967 τοῖς

154 1977 246 2011 λόγοις
262 1978 412 2012 ἐχρήσατο”
434 1979 512 2013 ἡμεῖς
536 1978 563 2004 δὲ
577 1980 638 2010 ταῖς
655 1981 794 2013 καταιγίσι
818 1982 865 2008 καὶ
879 1989 940 2016 τρια

157 2023 268 2057 κυμίσιις
284 2023 444 2057 βαλλόμεθα,
464 2023 509 2049 καὶ¹
531 2023 602 2049 κατὰ
622 2023 676 2050 τῶν
694 2024 724 2050 τὸ
742 2025 845 2058 σκάφος
865 2027 940 2061 ἐρετ-

157 2069 255 2095 τόντων
272 2070 330 2103 μετ’
347 2069 452 2096 ἐκείνου
466 2070 586 2105 βοῶμεν·
604 2081 613 2097 ι
625 2071 824 2106 Φυλασσόμενοι
839 2073 940 2107 μάταια

157 2115 204 2141 καὶ
224 2115 319 2150 ψευδῆ,
341 2115 413 2142 ἔλεον
431 2115 521 2142 αὐτῶν
543 2116 731 2150 ἐγκατέλιπον.
746 2126 754 2141 ι
774 2117 888 2151 Παρὲξει
913 2118 940 2144 δὲ

158 2161 222 2192 ἴσως
235 2162 249 2187 ὁ
262 2161 306 2188 καὶ
323 2161 400 2195 ὴμῶν
418 2162 544 2188 κάκείνου
559 2163 708 2196 Δεσπότης,
727 2163 772 2189 καὶ
787 2164 861 2197 ἡμᾶς
876 2164 940 2190 ἀνα-

157 2204 244 2236 δῦναι,
261 2206 309 2232 καί
328 2205 374 2232 τοῦ
394 2207 494 2241 κήτους
513 2206 702 2241 ἀπαλλαγῆναι
730 2207 762 2233 Εἰ
776 2207 804 2233 δὲ
819 2207 866 2234 καὶ
881 2208 941 2239 ζέον

158 2250 284 2286 ὲπιμείνῃ
298 2251 328 2276 τὸ
352 2251 450 2285 ῥόθιον,
468 2252 614 2286 ἐλπίζομεν
633 2253 679 2279 καὶ
695 2252 781 2284 οὕτως
798 2253 848 2287 τῆς
865 2254 941 2285 Θείας

157 2294 356 2322 ἀπολαύσεσθοιι
372 2296 551 2330 προμηθείας,
570 2298 616 2323 καὶ
627 2299 659 2333 τῇ
678 2298 760 2334 πείρᾳ
774 2299 880 2332 μαθεῖν,
898 2299 936 2330 ὡς

158 2341 174 2374 ἡ
186 2339 300 2374 δύναμις
312 2341 392 2366 αὑτοῦ
406 2342 435 2367 ἐν
447 2342 575 2377 ἀσθενείᾳ
588 2343 753 2370 τελειοῦται·
765 2344 877 2379 καὶγὰρ
892 2345 941 2370 αὺ-

157 2384 221 2415 τοὺς
241 2386 303 2416 τοὺς
331 2385 471 2417 κινδύνους
492 2388 524 2421 τῇ
552 2387 680 2423 ἀσθενείᾳ
697 2388 775 2422 ἡμῶν
793 2389 939 2424 ὲμέτρησε.

158 2430 210 2456 Τὸν
226 2430 275 2465 μὲν
291 2431 343 2465 γὰρ
362 2430 431 2457 θεῖον
447 2432 550 2458 ἐκεῖνον
566 2433 707 2467 προφήτην
727 2433 848 2466 ἅπαντες
877 2434 942 2461 καθ-

156 2476 227 2510 ῆκαν
244 2477 284 2507 εἰς
304 2476 332 2502 τὸ
351 2476 466 2510 πέλαγος
483 2477 508 2502 οἱ
519 2477 710 2509 συμπλέοντες·
720 2479 781 2513 ἐμοὶ
794 2479 822 2505 δὲ
837 2479 882 2505 καὶ
894 2479 942 2514 τὴν

157 2522 206 2556 τῆς
222 2523 271 2557 σῆς
286 2522 424 2557 ὁσιότητος
441 2523 576 2557 παρέσχεν
594 2523 768 2558 παραψυχὴν,
789 2524 834 2550 καὶ
852 2525 942 2559 μέντοι

158 2567 205 2593 καὶ
223 2567 309 2594 ἄλλων
336 2566 468 2600 θεοφιλῶν
487 2566 608 2600 ἀνδρῶν·
632 2566 677 2598 οὒς
692 2568 741 2601 τῆς
767 2567 942 2603 Ὀνησιφόρου

159 2611 203 2636 τοῦ
219 2612 371 2646 θαυμασίου
391 2614 482 2647 τυχεῖν
505 2612 629 2646 εὐλογίας
646 2612 715 2646 μετὰ
728 2613 777 2647 τῆς
793 2614 842 2648 σῆς
867 2614 942 2648 φιλο-

160 2655 231 2687 θεῖας
240 2657 434 2692 προσεύχομαι,
447 2658 543 2692 eum
556 2658 650 2684 ἅλυσιν
659 2658 736 2693 ἡμῶν
743 2659 792 2685 οὐκ
806 2660 943 2697 ἐπῃσχύν-

195 2746 218 2780 ³ξ
232 2745 330 2780 Ephes.
351 2754 387 2778 ιιι,
408 2746 450 2773 14.

159 2787 188 2811 ιι,
205 2779 230 2807 9.
268 2780 290 2795 ⁸⁸
303 2779 325 2806 ll
336 2779 400 2807 Cor.
413 2789 459 2812 xu,
477 2781 502 2808 9.

194 2840 249 2872 (86)
266 2839 423 2874 γεγήθαμεν
435 2841 467 2867 N.

195 2873 249 2910 (87)
269 2874 314 2902 Sic
327 2873 400 2902 recte
418 2875 500 2911 Neap.
516 2877 538 2903 Α
556 2877 698 2906 Sirmondo
714 2879 808 2906 aberat
825 2880 903 2907 κατὰ.

505 2747 526 2762 ³⁵
540 2746 639 2775 Habac.
657 2756 685 2781 ιι,
699 2749 736 2781 4;
752 2749 833 2777 Hebr.
851 2759 876 2781 x,
895 2751 940 2778 58.

986 282 1063 309 illum
1087 283 1231 311 laudamus
1255 284 1302 318 qui
1319 284 1361 310 his
1374 291 1424 310 nos
1437 283 1567 310 :erumnis
1581 283 1707 317 dignatus
1720 289 1763 310 est

986 332 1068 362 atque
1092 329 1162 356 adeo
1178 329 1326 356 familiares
1352 329 1385 356 ad
1401 329 1511 356 eosdem
1528 337 1627 363 agones
1640 329 1772 356 adhorta-

987 381 1058 400 mur.
1091 375 1198 401 Etenim
1227 375 1249 402 si
1274 382 1325 402 nos
1344 375 1437 401 sciunt
1457 374 1634 409 apostolicam
1652 376 1772 409 regulam

987 427 1042 446 non
1063 427 1183 452 servare,
1214 421 1262 447 sed
1280 420 1314 447 ad
1327 420 1450 447 dextram
1474 420 1517 446 vel
1533 419 1566 446 ad
1580 419 1673 446 ltevam
1689 419 1772 447 delle-

986 468 1072 497 ctere,
1096 465 1206 491 oderim
1221 469 1307 497 certe,
1326 465 1560 498 adversarumque
1573 464 1628 490 sint
1645 464 1772 498 partium,

986 513 1014 536 et
1035 510 1090 536 illis
1105 514 1287 545 aggregentur
1311 511 1359 545 qui
1373 510 1476 537 bellum
1492 513 1587 536 contra
1602 517 1653 536 nos
1665 514 1770 544 gerunt.

987 555 1021 581 At
1030 555 1051 582 si
1061 559 1165 582 rectam
1176 556 1340 590 evangelicze
1352 555 1553 590 praedicationis
1564 554 1715 581 doctrinam
1725 561 1775 580 ιιοδ

988 604 1080 627 tenere
1095 600 1145 635 ipsi
1158 605 1222 627 sunt
1235 604 1329 632 testes,
1340 601 1373 627 ad
1386 601 1460 635 ipsos
1473 600 1623 627 clamamus
1641 608 1646 625 :
1665 609 1673 624 ι
1688 599 1773 632 State,

986 648 1014 671 et
1030 652 1087 676 vos,
1105 645 1239 672 succincti
1255 645 1363 672 lumbos
1377 649 1485 672 vestros
1502 645 1530 671 in
1542 644 1667 675 veritate,
1677 648 1704 671 et
1718 645 1773 670 cal-

987 690 1057 717 ceati
1073 690 1158 725 pedes
1173 691 1199 717 in
1213 691 1412 725 praeparatione
1428 690 1570 725 Evangelii
1582 689 1700 724 pacis”,
1711 700 1720 715 ι
1748 694 1775 716 et

987 740 1096 763 caetera.
1115 736 1124 745 ⁴
1142 735 1279 763 Virtutem
1299 737 1373 763 enim
1396 736 1487 763 ferunt
1513 744 1568 763 non
1587 735 1675 762 solum
1704 739 1774 762 tem-

988 780 1151 814 perantiam,
1173 784 1201 807 et
1219 781 1365 816 justitiam,
1382 785 1409 808 et
1429 781 1602 815 prudentiam
1618 779 1773 814 complecti,

988 825 1034 851 sed
1046 825 1130 852 etiam
1146 825 1349 858 fortitudinem,
1365 830 1393 853 et
1406 834 1455 860 per
1467 826 1538 852 hanc
1554 826 1615 852 illas
1628 826 1679 852 rite
1691 825 1773 859 perli-

989 877 1061 897 cere.
1089 869 1200 897 Iustitia
1219 871 1319 905 quippe
1343 871 1376 897 ad
1400 870 1589 898 dcbcllandam
1612 868 1774 905 injustitiam

986 915 1130 942 auxiliaria
1156 923 1226 950 opus
1247 916 1332 943 habet
1353 916 1524 948 fortitudine,
1551 919 1580 942 et
1595 915 1775 949 temperantia

986 968 1039 995 ope
1052 961 1116 987 nixa
1128 961 1300 989 fortitudinis
1312 961 1552 996 intemperantiam
1567 961 1698 987 devincit.
1711 961 1777 987 Pro-

987 1008 1081 1039 pterea
1092 1006 1285 1033 universorum
1298 1007 1371 1034 Deus
1384 1007 1527 1041 prophetae
1539 1007 1578 1033 ait
1591 1015 1597 1033 ι
1613 1007 1720 1034 «Justus
1729 1013 1777 1032 au-

989 1054 1044 1076 tem
1068 1058 1146 1078 meus
1174 1059 1208 1078 ex
1232 1051 1284 1079 fide
1304 1052 1392 1085 vivet;
1425 1052 1497 1087 quod
1516 1053 1538 1079 si
1552 1052 1719 1079 subtraxerit
1735 1060 1774 1084 se,

989 1104 1043 1123 non
1053 1097 1172 1131 placebit
1183 1097 1282 1125 anima:
1295 1106 1362 1125 mea:
1371 1098 1393 1113 ”
1406 1107 1412 1125 ε
1424 1108 1432 1123 ι
1448 1098 1554 1133 1206
1562 1098 1777 1125 subtractionem

989 1142 1130 1176 appellans
1144 1143 1327 1170 timiditatem.
1343 1143 1505 1170 Adhaerescc
1523 1144 1616 1178 igitur,
1635 1152 1651 1170 ο
1662 1144 1778 1171 charum

990 1190 1082 1221 caput,
1099 1187 1272 1222 dogmatibus
1291 1189 1450 1224 apostolicis
1468 1197 1473 1215 :
1493 1198 1501 1214 ι
1513 1189 1612 1216 Veniet
1626 1190 1779 1224 cnim-post

993 1233 1132 1260 modicum
1157 1233 1358 1269 aliquantulum
1384 1234 1431 1269 qui
1455 1239 1589 1262 venturus
1604 1238 1656 1266 est,
1679 1237 1780 1261 etnon

996 1278 1115 1306 tardabit
1131 1289 1137 1306 :
1151 1284 1179 1307 et
1191 1280 1288 1307 reddet
1296 1280 1445 1314 unicuique
1456 1279 1609 1307 secundum
1619 1287 1701 1314 opera
1709 1281 1778 1314 ejus.

992 1325 1118 1351 Praeterit
1140 1326 1214 1351 enim
1238 1325 1324 1360 figura
1352 1325 1434 1361 hujus
1462 1325 1557 1352 mundi
1566 1325 1599 1358 ’°,
1613 1335 1622 1351 ι
1642 1329 1671 1352 et
1687 1332 1780 1352 rerum

993 1370 1096 1397 veritas
1110 1370 1339 1398 manifestabitur.

1242 1470 1358 1498 CXXIII.
1377 1484 1411 1489 —
1429 1469 1532 1496 Eidem.

1031 1526 1065 1553 Et
1081 1526 1185 1560 prolixa
1202 1526 1253 1553 fuit
1268 1526 1393 1560 epistola,
1412 1529 1439 1553 ct
1453 1525 1568 1556 urbana,
1586 1525 1781 1560 flagrantisque

993 1579 1026 1599 ac
1041 1580 1178 1607 germana:
1194 1572 1276 1599 index
1293 1572 1436 1600 charitatis
1450 1576 1513 1599 tute.
1531 1572 1617 1599 Tanta
1630 1576 1722 1599 autem
1737 1573 1786 1600 la:-

993 1617 1052 1644 titia
1075 1625 1119 1644 me
1143 1617 1278 1652 replevit,
1309 1622 1338 1644 ut
1351 1617 1465 1644 minime
1480 1618 1622 1652 poeniteat,
1641 1618 1722 1644 aliam
1739 1625 1782 1644 me

992 1664 1158 1690 sententiam
1178 1664 1206 1690 in
1223 1664 1324 1698 prioris
1340 1664 1454 1690 exordio
1471 1665 1651 1698 conjectassc.
1670 1664 1781 1697 Ignora—

993 1706 1031 1733 tio
1045 1707 1118 1733 enim
1137 1714 1234 1734 sensus
1249 1707 1403 1734 litterarum
1421 1707 1535 1733 fraterni
1551 1706 1653 1733 amoris
1671 1707 1781 1734 thesau-

991 1759 1052 1778 rum
1066 1753 1185 1786 aperuit,
1200 1755 1228 1779 et
1242 1751 1305 1779 Ildei
1317 1752 1503 1779 sinceritatem
1516 1751 1645 1783 ostendit,
1659 1755 1686 1778 et
1697 1751 1783 1786 pieta-

993 1797 1029 1823 tis
1055 1798 1143 1824 zelum
1168 1797 1307 1832 patefecit.
1337 1797 1473 1823 Craterum
1498 1798 1638 1831 propheta
1650 1797 1735 1824 verba
1755 1802 1782 1824 et

991 1851 1128 1872 :et'umnas
1144 1843 1216 1869 inter
1231 1849 1281 1868 nos
1298 1841 1455 1874 divisimus,
1484 1847 1511 1869 et
1525 1843 1657 1869 sanctitas
1669 1842 1781 1877 quidem

993 1895 1040 1917 tua
1057 1889 1149 1915 verbis
1166 1896 1214 1914 usa
1228 1891 1279 1918 est.
1310 1895 1360 1914 nos
1377 1895 1443 1914 vero
1467 1888 1596 1922 procellis
1612 1893 1638 1914 ct
1653 1888 1783 1915 fluctibus

988 1935 1136 1970 jactamur,
1151 1937 1179 1960 et
1193 1932 1324 1959 adversus
1336 1933 1397 1959 illos
1410 1934 1457 1967 qui
1471 1934 1560 1959 navim
1577 1934 1660 1960 remis
1673 1934 1782 1968 propcl-

991 1980 1062 2011 lunt,
1076 1986 1138 2005 cum
1155 1978 1214 2012 ipso
1227 1978 1378 2004 clamamus
1395 1986 1402 2003 :
1423 1988 1431 2002 ι
1443 1977 1494 2010 Qui
1507 1978 1665 2006 custodiunt
1675 1980 1781 2007 vanita—

991 2029 1033 2052 tes
1049 2028 1077 2051 et
1093 2023 1236 2051 mendacia
1248 2043 1254 2055 ,
1284 2023 1502 2050 misericordiam
1525 2031 1601 2050 suam
1624 2025 1781 2059 derelique-

991 2070 1111 2098 runt'l.)
1131 2069 1270 2097 Concedet
1282 2073 1374 2096 autem
1387 2069 1502 2096 fortasse
1518 2074 1546 2096 et
1557 2074 1651 2097 noster
1665 2075 1693 2097 et
1704 2071 1780 2098 illius

991 2117 1142 2148 Dominus,
1171 2121 1201 2142 ut
1227 2122 1399 2150 emergamus
1427 2119 1455 2142 et
1480 2123 1547 2148 nos,
1576 2116 1781 2151 liberemurquc

991 2169 1006 2188 a
1021 2165 1092 2188 ceto.
1121 2160 1198 2193 Quod
1217 2160 1240 2187 si
1255 2160 1370 2187 smviens
1387 2160 1507 2194 procella
1523 2164 1627 2195 pergat,
1645 2161 1685 2188 sic
1697 2161 1780 2188 etiam

993 2207 1091 2233 divinae
1105 2205 1286 2240 providentiae
1297 2209 1437 2240 compotes
1449 2206 1556 2232 futuros
1566 2214 1617 2233 nos
1627 2214 1779 2240 speramus.

992 2257 1020 2280 ct
1044 2252 1214 2286 experientia
1230 2256 1424 2286 comperturos
1444 2251 1575 2278 virtutem
1589 2252 1648 2286 ejus
1663 2252 1689 2278 in
1703 2252 1780 2278 inﬁr-

992 2298 1087 2324 mitate
1099 2296 1194 2332 perfici
1205 2296 1226 2312 ³⁸
1240 2305 1247 2322 :
1263 2297 1327 2331 quia
1343 2297 1465 2331 pericula
1476 2297 1533 2330 ipsa
1547 2305 1609 2323 eum
1621 2297 1780 2324 infirmitate

992 2348 1086 2371 nostra
1100 2350 1275 2370 commensus
1291 2347 1344 2369 est.
1363 2343 1470 2369 Etenim
1488 2342 1611 2369 divinum
1625 2343 1700 2369 illum
1715 2352 1778 2377 pro-

993 2389 1102 2424 phetam
1119 2392 1208 2415 nautae
1221 2395 1316 2415 omnes
1332 2388 1468 2415 miserunt
1482 2388 1509 2414 in
1524 2396 1598 2415 mare
1615 2397 1621 2414 ι
1638 2388 1705 2415 mihi
1716 2396 1781 2415 vero

993 2439 1020 2462 ct
1035 2434 1190 2461 sanctitatis
1205 2438 1258 2461 tuae
1272 2433 1399 2460 solatium
1416 2433 1542 2467 praebuit,
1557 2434 1661 2468 1207
1671 2437 1699 2460 et
1712 2434 1780 2460 alio-

993 2488 1054 2507 rum
1070 2480 1152 2507 etiam
1171 2480 1227 2506 Deo
1241 2479 1404 2506 dilectarum
1417 2479 1549 2505 virorum.
1567 2479 1673 2511 Quibus
1688 2483 1717 2505 ut
1731 2478 1780 2505 ad—

993 2524 1113 2552 mirandi
1126 2523 1292 2558 Onesiphori
1305 2523 1525 2550 benedictionem
1544 2531 1596 2549 una
1608 2531 1668 2549 cum
1680 2523 1780 2556 pietate

994 2575 1040 2597 tua
1064 2573 1266 2604 consequantur
1292 2573 1371 2603 opto,
1400 2569 1463 2603 quia
1480 2573 1602 2594 catenam
1619 2576 1706 2595 meam
1725 2576 1779 2595 non

993 2615 1154 2647 erubuistis,
1167 2615 1213 2642 sed
1224 2614 1442 2646 tribulationum,
1454 2621 1521 2647 quas
1533 2621 1583 2647 pro
1597 2614 1697 2648 pictate
1706 2615 1779 2648 passi

994 2669 1100 2693 sumus,
1118 2660 1267 2695 participes
1281 2659 1382 2686 fuistis.
1401 2658 1458 2686 Hoc
1468 2659 1589 2693 quidem,
1607 2658 1728 2690 domine,
1740 2658 1793 2709 sic!

1005 2751 1026 2766 ³⁵
1041 2750 1124 2777 Hebr.
1143 2758 1168 2782 ιι,
1186 2750 1236 2781 57;
1254 2749 1332 2776 Rom.
1356 2757 1384 2781 ιι,
1406 2748 1461 2781 6;I
1477 2748 1540 2775 Cor.
1561 2755 1607 2778 vn,
1622 2748 1648 2774 7.
1682 2748 1704 2764 "’
1715 2747 1777 2775 Jon.

996 2845 1081 2906 10ἓέἓὸ)
1096 2844 1130 2871 Ει
1145 2844 1202 2871 haec
1224 2847 1311 2870 exstat
1331 2841 1446 2877 epistola
1463 2841 1534 2875 apud
1549 2841 1649 2867 llaron.
1663 2840 1730 2874 l.c.,
1747 2847 1775 2874 p.
