1962 3051
149 143 217 176 1335

636 143 876 172 Tl’IEODORETI
896 142 1064 173 EPISCOI‘I
1075 143 1256 173 CYRENSIS

1701 141 1772 173 i335

146 200 247 227 habeto
258 207 264 225 :
278 197 393 225 aliorum
406 206 447 225 me
457 199 511 225 Deo
522 197 762 226 dilectissimorum
775 201 782 208 '
792 199 934 234 episcopo-

992 199 1050 235 ὶητε
1061 208 1067 214 ·
1088 199 1156 226 ἀλλὰ
1171 199 1224 225 τῶν
1238 197 1307 232 ὑπὲρ
1320 197 1368 232 τῆς
1385 196 1503 228 πίστεως
1522 198 1588 232 ἡμῖν
1608 199 1772 233 κεκοινωνὴ-

146 253 207 273 rum
230 244 352 279 eulogias
381 243 414 270 ad
439 251 482 270 me
508 243 605 270 missas
630 252 683 270 non
697 245 857 279 accepisse:
874 253 928 272 non

149 290 219 325 quod
246 297 294 317 eos
313 290 360 324 qui
385 289 516 316 miserant
538 294 752 322 contemnerem,
769 289 853 316 absit!
881 289 930 316 sed

147 336 219 372 quod
241 335 423 362 necessarium
442 335 544 361 victum
569 335 602 361 ab
617 343 649 361 eo
663 335 767 362 interea
781 343 929 367 sumerem,

147 382 193 416 qui
210 382 282 408 hunc
296 382 380 408 etiam
394 381 483 408 corvis
496 380 669 407 abundanter
679 381 846 415 suppeditat.
861 381 930 415 Erga

148 431 222 454 tuam
233 434 298 454 vero
313 427 443 460 pietatem
457 426 509 453 tale
522 426 589 452 nihil
603 426 656 460 egi.
670 426 740 453 Vicit
750 427 822 453 enim
835 434 930 453 revera

147 471 288 499 charitatis
308 472 390 498 ardor
408 471 435 498 id
450 471 522 505 quod
537 471 604 498 Inibi
621 471 714 498 tandiu
729 471 819 498 fuerat
831 479 931 505 propo-

147 516 240 543 situm.
265 515 332 543 Nam
348 518 375 542 et
389 523 422 542 ex
435 523 490 550 quo
503 515 590 542 crevit
606 515 678 542 inter
689 523 739 542 nos
751 515 930 547 consuetudo,

146 560 338 588 vehementius
353 561 490 588 incensam
505 569 564 587 esse
588 561 642 587 vim
655 561 757 588 amoris
770 567 931 595 persuasum

148 606 247 634 habeat
260 607 315 633 Deo
326 606 426 633 dilecta
439 607 528 633 anima
543 612 600 633 tua.

305 754 420 782 CXXIV.
433 770 467 774 —-
481 754 601 782 M‘aranw
612 754 773 781 scholastica.

182 810 361 845 Egoquoque
384 810 585 837 ecclesiasticas
603 809 690 837 deﬂeo
710 809 888 841 calamitates,
906 813 934 836 et

147 855 352 882 incumbentem
379 855 467 882 deﬂeo
491 859 693 890 tempestatem.
724 855 758 882 Et
779 854 846 882 mihi
868 862 933 882 sane

147 901 269 935 gratulor
283 900 329 935 qui
344 908 377 927 ex
390 900 554 927 tumultibus
565 892 710 933 evaserint,
725 900 846 935 mihique
858 904 934 935 grata

148 948 222 975 fruar
234 948 446 982 tranquillitate.
476 947 550 980 Quos
560 956 624 975 vero
639 956 713 975 nunc
724 947 806 975 etiam
822 947 935 974 infestos

147 1001 208 1020 esse
230 993 349 1020 eruditio
366 997 411 1020 tua
428 993 555 1027 scripsit,
584 994 744 1028 propediem
762 1001 858 1020 eorum
876 1001 937 1027 qua:

148 1038 241 1074 inique
256 1040 337 1065 ‘nunc
354 1043 437 1073 agunt
453 1047 550 1073 ptenas
562 1039 648 1066 luent.
673 1039 770 1067 Omnia
781 1039 854 1066 enim
867 1046 936 1074 pon-

148 1084 215 1111 dere
232 1091 265 1110 ac
281 1091 409 1111 mensura
427 1084 562 1122 gubernat
587 1085 782 1111 universorum
793 1085 866 1111 Deus
885 1093 893 1110 τ
911 1087 939 1111 et

149 1137 211 1155 cum
232 1129 266 1156 ad
282 1129 455 1156 immodicam
484 1129 657 1163 iniquitatem
680 1130 800 1164 prolapsi
816 1129 938 1164 quipiam

149 1174 262 1207 fuerint,
279 1182 332 1201 non
344 1171 461 1208 aniplius
473 1174 602 1205 sustinet,
615 1174 663 1201 sed
673 1174 793 1209 judi‘cem
807 1174 938 1208 deinceps

149 1228 233 1255 agens
242 1220 370 1247 vindicta
380 1227 489 1254 pmnam
503 1219 615 1254 irrogat.
631 1218 696 1251 Qua:
709 1226 759 1245 nos
769 1217 939 1252 prospicien-

151 1269 202 1296 tes,
218 1267 249 1291 ut
263 1272 277 1290 a
291 1264 376 1291 nimia
389 1263 499 1290 licentia
513 1262 647 1289 desistant
660 1269 781 1293 oramus,
795 1268 829 1287 ne
842 1260 865 1287 si
880 1267 939 1294 poe-

150 1308 194 1335 nis
204 1307 316 1334 affectos
326 1307 489 1338 viderimus,
500 1307 595 1340 lugere
606 1306 680 1340 ipsos
689 1306 789 1332 iterum
798 1312 938 1339 cogamur.

151 1353 380 1380 Admirabilitatis
404 1360 488 1386 porro
512 1356 566 1378 tuae
605 1351 715 1378 assidue
742 1349 938 1382 recordamur,

151 1405 380 1432 communemque
402 1396 566 1429 Dominum,
595 1400 624 1423 ut
639 1395 748 1423 domum
767 1399 840 1421 luam
856 1394 941 1421 bene-

151 1441 273 1468 dictione
287 1441 403 1475 repleat,
421 1448 542 1468 orainus.
688 1449 690 1451 ·

983 253 1048 271 κατε
1074 244 1200 278 θλίψεων.
1226 243 1310 270 Τοῦτο
1337 242 1427 276 μέντοι
1450 239 1479 268 εὖ
1507 242 1570 274 ἴσθι,
1588 242 1716 272 δέσποτα,
1732 243 1770 271 ὼς

983 290 1029 316 καὶ
1055 289 1156 324 ἑτέρων
1172 297 1216 323 μοι
1233 287 1398 322 πεμψάντων
1423 285 1639 320 θεοφιλεστάτων
1663 287 1772 313 ἐπισχό-

984 343 1042 361 πων
1065 334 1189 368 εὐλογίαν
1209 334 1258 360 οὐκ
1275 332 1425 368 ἐδεξάμην·
1443 332 1492 366 οὐχ
1507 332 1544 363 ὡς
1565 332 1683 367 ὑϐρίζων
1707 332 1771 362 τοὺς

984 379 1174 414 πεπομφότας,
1192 379 1228 413 μὴ
1255 378 1378 412 γένοιτο·
1409 378 1518 408 ἀλλ’ὡς
1542 377 1592 412 τὴν
1619 376 1771 410 ἀναγκαίαν

984 425 1086 461 speci-Iv
1109 425 1176 456 τέως
1193 424 1371 459 ποριζόμενος
1385 424 1460 459 παρὰ
1477 423 1523 449 τοῦ
1541 423 1658 454 καὶτοῖς
1676 422 1771 458 κόραξι

984 469 1086 505 ταύτην
1110 469 1233 503 ἀφθόνως
1250 469 1424 504 παρέχοντος.
1443 469 1505 495 Ἐπὶ
1521 469 1548 494 δὲ
1566 468 1614 503 τῆς
1632 469 1680 503 σῆς
1696 468 1772 502 φιλο-

986 516 1060 547 Οεῖας
1075 516 1150 541 οὐδὲν
1169 514 1288 541 τοιοῦτον
1315 515 1462 549 πεποίηκα.
1475 514 1520 549 Τῷ
1534 514 1590 540 δντι
1614 512 1666 548 γὰρ
1681 513 1772 548 ἐνίκη-

985 570 1031 587 σεν
1050 562 1066 596 ἡ
1093 561 1142 595 τῆς
1166 561 1277 594 ἀγάπης
1301 560 1435 594 θερμότης
1463 559 1509 586 τὸν
1531 559 1708 593 ὲγγενὸμενὸν
1726 566 1771 592 μοι

985 608 1053 638 τέως
1069 607 1177 633 σκοπόν.
1194 607 1255 632 Ὅτι
1275 606 1329 641 γὰρ
1344 605 1373 637 ἐξ
1388 603 1418 632 οὗ
1431 605 1463 631 τὰ
1476 605 1527 639 τῆς
1543 604 1686 638 συνηθείας
1706 604 1772 637 ἡμῖν

987 651 1106 687 ηὐξήθη.
1131 651 1177 678 καὶ
1199 651 1228 678 τὸ
1255 651 1367 685 φίλτρον
1387 650 1566 685 σφοδρότερον
1580 648 1695 684 ἐξήφθη.
1712 655 1774 674 πει-

988 697 1076 723 θέσθω
1093 697 1109 730 ὴ
1125 696 1252 730 θεοφιλής
1271 704 1318 722 σου
1335 695 1417 730 ψυχή.

1133 752 1214 780 ΡΚΔ’.
1229 767 1264 771 -
1280 750 1405 786 Μαρὰν-ῃ
1420 751 1623 785 σχολαστικῷ.

1022 811 1077 842 Τὰς
1100 810 1148 845 μὲν
1167 809 1399 845 ὲκκλησιαστικᾶς
1422 808 1590 844 ὀλοφύρομαι
1612 807 1689 841 κάγὼ
1704 815 1772 841 συμ-

952 857 1083 901 Βφορὰς,
1116 855 1163 882 καὶ
1192 856 1237 882 τὸν
1274 855 1447 891 ἐπικείμενον
1470 853 1773 901 Δδδύρομαικλύδωνα.

993 901 1120 938 Ἐμαυτῷ
1136 901 1227 936 μέντοι
1242 901 1391 936 συνήδομαι
1413 899 1535 936 θορύϐων
1559 899 1772 934 ἀπηλλαγμένῳ,

987 949 1035 975 καὶ
1051 947 1171 982 γαλήνης
1195 946 1359 973 ἀπολαύοντι
1383 946 1430 980 τῆς
1454 944 1658 981 ἑρατμίαςάιοι.
1678 943 1730 975 οὒς
1744 943 1774 968 δὲ

988 995 1034 1021 καὶ
1063 993 1110 1020 νῦν
1136 993 1239 1020 ἀδικεῖν
1264 993 1280 1028 ή
1306 992 1339 1026 σὴ
1363 991 1503 1022 παίδευσις
1529 990 1650 1024 εἴρηκεν,
1670 990 1719 1016 οὐκ
1733 990 1774 1020 είς

990 1038 1093 1074 μακρὸν
1118 1038 1222 1064 τίσουσι
1246 1037 1322 1068 δίκας
1338 1033 1375 1063 ὧν
1389 1036 1436 1063 νῦν
1453 1036 1617 1071 παρανόμως
1643 1034 1772 1070 τολμῶσι,

989 1084 1105 1120 Σταθμῷ
1120 1084 1174 1119 γὰρ
1200 1084 1308 1111 ἅπαντα
1332 1082 1379 1109 καὶ
1408 1082 1499 1117 μέτρῳ
1529 1081 1693 1117 πρυτανεύει
1719 1080 1774 1106 τῶν

988 1131 1056 1158 ὅλων
1069 1131 1083 1156 ὁ
1096 1129 1214 1166 Κύριος·
1233 1129 1279 1156 καὶ
1295 1129 1358 1155 ὅταν
1375 1128 1446 1159 τινὲς
1466 1129 1505 1158 είς
1529 1127 1659 1162 ἀμετρίαν
1685 1134 1774 1161 παρα-

989 1176 1085 1211 νομίας
1098 1174 1245 1206 ὲκπέσωσι,
1265 1173 1437 1209 μακροθυμεῖ
1454 1173 1504 1207 μὲν
1520 1173 1625 1204 οὐκέτι,
1643 1171 1774 1198 δικαστι-

990 1221 1044 1253 κῶς
1057 1221 1085 1247 δὲ
1100 1220 1192 1247 λοιπὸν
1218 1220 1342 1254 ἐπιφέρει
1365 1220 1415 1254 τὴν
1430 1219 1573 1255 τιμωρίαν.
1601 1219 1692 1245 Ταῦτα
1708 1226 1775 1252 προ-

989 1266 1105 1302 ορῶντες
1117 1267 1197 1301 ἡμεῖς
1213 1265 1367 1291 παύσασθαι
1382 1265 1480 1295 αὐτοὺς
1492 1264 1541 1298 τῆς
1553 1263 1686 1299 ἀμετρίας
1698 1262 1775 1296 6-316-

992 1312 1078 1347 μεθα·
1098 1312 1140 1338 ἴνα
1159 1311 1195 1346 μὴ
1222 1310 1420 1344 κολαζομένους
1443 1310 1559 1344 ὁρῶντες
1584 1309 1662 1335 πάλιν
1679 1307 1776 1339 αὐτοὺς

991 1357 1098 1391 θρηνεῖν
1123 1354 1290 1390 βιαζώμεθα.
1308 1355 1362 1389 Τῆς
1379 1354 1405 1380 δὲ
1430 1354 1565 1388 ὑμετέρας
1594 1352 1773 1387 θαυμασεὸτη-

991 1410 1036 1433 τος
1052 1401 1183 1436 διηνεκῶς
1208 1399 1425 1435 μνημονεύομεν,
1449 1399 1496 1425 καὶ
1510 1399 1554 1424 τὸν
1570 1398 1658 1425 κοινὸν
1674 1397 1777 1423 Acut-'2-

992 1454 1042 1481 την
1056 1444 1246 1480 ἀντιϐολοῦμεν
1259 1445 1308 1479 τὴν
1330 1444 1465 1479 ὑμετέραν
1484 1443 1571 1470 οἰκίαν
1594 1443 1715 1477 εὐλογίας
1729 1443 1778 1477 ἐμο-

991 1491 1103 1526 πλῆσαι.

154 1546 261 1582 1208
287 1546 392 1582 CXXV.
407 1561 443 1582 5—
468 1546 626 1582 A‘phtftonio,
644 1546 807 1577 Themlorito,
832 1546 938 1580 Nomm,

992 1546 1078 1574 PKE’.
1099 1561 1135 1566 —-
1164 1545 1313 1582 Ἀφθονίφ,
1340 1545 1523 1582 Θεοδσφίτῳ,
1551 1545 1665 1575 Κόννῳ,
1700 1545 1779 1582 Pw-

206 1581 322 1616 cylacio,
341 1581 506 1616 Aphthonio,
526 1581 625 1608 Joanni
638 1601 645 1613 ,
668 1582 855 1616 magistratum
877 1589 938 1607 zeu-

186 1620 274 1651 gmate
285 1616 444 1651 gerentibus.

188 1671 265 1698 Fidei
289 1675 387 1698 vestrm
410 1670 519 1697 ﬂrmnm
545 1678 577 1698 ac
598 1670 695 1698 stabile
709 1670 793 1697 robur
812 1671 938 1705 cognovi,

152 1719 180 1743 et
195 1714 279 1741 animi
293 1714 387 1741 laetitia
411 1714 533 1748 repletus
545 1722 606 1742 sum
629 1722 711 1749 quam
724 1715 851 1742 maxima.
871 1714 940 1742 Cum

152 1759 227 1787 enim
243 1766 343 1794 corpus
357 1767 442 1786 unum
454 1760 541 1786 simus
557 1759 603 1794 qui
614 1760 809 1794 sempiternam
822 1760 942 1788 Trinita-

154 1809 208 1832 tem
221 1805 379 1838 adoramus,
396 1805 456 1840 jure
470 1813 535 1832 sane
549 1805 734 1833 incolumibus
750 1807 882 1834 membris
892 1815 942 1835 caa-

154 1855 213 1878 tera
233 1850 357 1878 membra
377 1851 560 1886 congaudent.
586 1849 644 1878 Hoc
655 1855 684 1878 et
698 1851 808 1878 divinus
819 1851 857 1878 ait
869 1852 941 1886 Apo-

154 1896 242 1924 stolus
256 1905 262 1923 :
278 1906 286 1921 ι
298 1896 325 1923 Si
340 1896 474 1931 gloriatur
491 1904 576 1923 unum
591 1897 756 1930 membrum,
769 1897 943 1932 congaudent

154 1942 246 1969 omnia
268 1942 391 1969 membra
401 1942 432 1969 ³⁵.
447 1951 456 1968 ι
486 1942 668 1977 Congratulor
682 1950 747 1977 ergo
762 1943 850 1975 vobis,
868 1943 942 1977 quod

155 1995 205 2021 pro
224 1987 383 2022 apostolicis
403 1987 577 2022 dogmatibus
597 1987 755 2019 deeertatis,
780 1992 808 2015 et
820 1987 943 2016 celeber-

156 2033 257 2059 rimum
280 2033 356 2059 illum
374 2032 514 2059 l‘laboth"0
537 2033 565 2059 in
579 2033 943 2067 praestantioribusaumula-

156 2078 234 2104 mini.
260 2078 285 2105 ls
297 2078 370 2105 enim
389 2086 439 2113 pro
453 2077 533 2105 vinea
550 2078 652 2105 caedem
665 2079 864 2113 iniquissimam
880 2087 943 2114 per-

156 2124 230 2157 tulit,
245 2129 357 2159 paterna
372 2124 474 2159 privari
487 2125 612 2152 abnuens
626 2124 803 2152 haereditate.
813 2125 868 2152 Vos
878 2133 944 2152 vero

156 2178 211 2196 non
236 2170 345 2200 vineas.
374 2170 421 2197 sed
445 2170 536 2197 divina
560 2170 685 2205 dogmata
700 2170 865 2202 defenditis,
892 2178 940 2198 no-

154 2223 270 2250 vamque
295 2219 324 2243 et
345 2215 527 2243 adulterinam
553 2217 561 2226 '
585 2216 701 2243 lueresin
715 2216 813 2249 istam,
841 2220 870 2243 ut
883 2224 948 2251 qum

154 2261 316 2296 evangelicae
340 2261 471 2288 doctrinae
491 2261 610 2288 nitorem
634 2261 747 2295 inliciat,
765 2262 940 2295 aversamini,

155 2311 182 2334 et
209 2306 388 2334 sacrosanctae
411 2307 556 2334 Trinitatis
579 2315 725 2334 numerum
752 2316 802 2335 nec
814 2308 939 2335 imminui

154 2360 206 2379 nee
231 2352 326 2387 augeri
353 2352 520 2387 permittitis.
561 2353 730 2380 Imminuunt
756 2353 857 2388 quippe
893 2353 940 2387 qui

157 2397 295 2432 Unigeniti
327 2397 465 2425 divinitati
484 2398 638 2432 passionem
664 2398 824 2432 applicant:
840 2403 940 2433 augent

156 2451 224 2470 vero
250 2444 298 2478 qui
323 2444 439 2472 alterum
463 2443 563 2472 Filium
588 2444 719 2472 inducere
735 2453 790 2471 non
803 2445 940 2472 dubitant.

158 2489 213 2516 Vos
232 2494 324 2517 autem
350 2490 379 2518 in
394 2498 479 2518 unum
494 2490 608 2518 creditis
620 2490 807 2525 Unigenitum,
826 2491 898 2518 sicut
915 2491 943 2518 in

157 2542 243 2562 unum
260 2535 368 2563 Patrem
380 2557 386 2568 ,
418 2541 447 2563 et
463 2536 491 2563 in
506 2544 590 2564 unum
605 2536 737 2570 Spiritum
752 2540 887 2563 sanctum.
913 2536 944 2563 In

157 2581 305 2616 Unigenito
316 2589 382 2609 vero
396 2581 537 2609 inearnato
549 2586 716 2616 assumptam
726 2581 855 2616 spectatis
866 2586 946 2608 natu-

157 2633 227 2659 ram,
236 2634 318 2661 quam
326 2634 341 2653 a
348 2627 429 2654 nobis
438 2631 576 2661 acceptam
586 2634 636 2662 pro
645 2627 726 2654 nobis
737 2627 846 2653 obtulit.
859 2626 946 2661 Hujus

157 2670 233 2698 enim
247 2671 357 2706 negatio
372 2670 480 2698 inanem
496 2671 588 2698 reddit
601 2672 715 2698 salutem
727 2675 858 2698 nostram.
875 2671 941 2698 Nam

157 2717 180 2743 si
204 2716 365 2750 impatibilis
390 2721 432 2743 est
457 2716 595 2751 Unigeniti
613 2716 742 2744 divinitas
767 2716 943 2752 (impatibilis

195 2795 216 2810 "
232 2794 242 2821 l
259 2794 322 2822 Cor.
339 2802 385 2825 xu,
400 2793 443 2820 26.
481 2795 503 2810 ⁸⁸
516 2794 547 2822 lll
567 2795 632 2829 Reg.
652 2803 704 2828 ut,
723 2796 731 2822 l
747 2803 823 2830 seqq.

1024 1582 1130 1614 λακίῳ,
1166 1581 1311 1614 Ἀφθονίῳ
1323 1600 1330 1612 ,

1373 1577 1502 1613 Ἰωάννῃ,
1537 1577 1779 1613 πολιτευομένοις

1026 1616 1194 1650 ζεύγματος.

1027 1673 1134 1706 Ἔγνων
1149 1673 1197 1707 τῆς
1213 1671 1348 1707 ὑμετέρας
1363 1672 1480 1702 πίστεως
1499 1672 1529 1697 τὸ
1547 1671 1677 1705 σταθερόν
1689 1679 1717 1696 τε
1732 1670 1779 1696 καὶ

992 1717 1111 1753 βέϐαιον.
1143 1718 1191 1744 καὶ
1220 1717 1353 1752 θυμηδίας
1390 1717 1557 1752 ἐνεπλήσθην
1587 1717 1627 1743 ὅτι
1661 1716 1784 1751 μάλιστα

991 1762 1129 1798 πλείστης.
1153 1762 1262 1796 Ἐπειδὴ
1278 1761 1333 1796 γὰρ
1357 1762 1395 1793 εἰς
1411 1762 1438 1788 ἒν
1454 1761 1532 1796 σῶμα
1547 1761 1678 1796 τελοῦμεν
1691 1760 1779 1794 οί-τῆς

991 1807 1076 1834 ἀϊδίου
1099 1807 1213 1842 Τριάδος
1251 1807 1446 1841 προσκυνηταὶ,
1475 1807 1586 1838 εἰκότως
1613 1806 1699 1840 δήπου
1722 1807 1779 1836 τοῖς

992 1853 1144 1887 ὑγιαίνουσι
1157 1852 1209 1878 τῶν
1222 1852 1310 1886 μελῶν
1331 1852 1364 1878 τὰ
1382 1852 1462 1878 λοιπᾶ
1477 1852 1676 1886 συναγάλλεται
1694 1851 1775 1886 μέλη.

992 1897 1077 1925 Τοῦτό
1093 1906 1160 1932 φησι
1170 1897 1217 1924 καὶ
1231 1899 1245 1924 ὁ
1265 1898 1336 1930 θεῖος
1362 1898 1521 1930 Ἀπόστολος
1531 1906 1538 1914 ·
1561 1907 1569 1923 ι
1582 1898 1612 1924 El
1638 1897 1778 1929 δοξάζεται

994 1943 1085 1979 μέλος,
1099 1943 1241 1979 συγχαίρει
1252 1944 1339 1970 πάντα
1352 1944 1386 1970 τὰ
1404 1944 1481 1978 μέλη.
1499 1953 1508 1970 ι
1527 1944 1679 1979 Συνήδομαι
1690 1943 1780 1970 τοίνυν

993 1989 1057 2023 ὑμῖν
1078 1988 1134 2015 τῶν
1158 1989 1345 2015 ἀποστολικῶν
1371 1989 1551 2024 ὑπεραϐλοῦσι
1564 1990 1714 2024 δογμάτων.
1731 1989 1779 2015 καὶ

992 2034 1038 2061 τὸν
1053 2034 1175 2060 Ναϐουθὲ
1191 2034 1246 2070 (89)
1261 2035 1306 2061 τὸν
1321 2035 1537 2070 πολυθρύλλητον
1550 2036 1654 2062 ἐκεῖνον
1669 2035 1698 2061 ὲν
1721 2036 1778 2066 τοῖς

993 2079 1119 2114 ἀμείνοσι
1144 2079 1332 2114 μιμουμένοις.
1354 2080 1473 2111 Ἐκεῖνος
1485 2080 1539 2115 γὰρ
1557 2079 1626 2113 ὑπὲρ
1650 2079 1779 2113 ἀμπελῶ-

994 2134 1038 2156 νος
1049 2125 1097 2160 τὴν
1112 2125 1282 2160 ἀδικωτάτην
1298 2126 1401 2160 ὑπέστη
1422 2126 1539 2160 σφαγὴν,
1556 2126 1601 2152 τὸν
1615 2125 1738 2161 πατρῷον
1748 2125 1779 2151 οὐ

995 2171 1145 2206 προέμενος
1168 2170 1277 2205 κλῆρον.
1297 2171 1392 2206 Ὑμεῖς
1406 2171 1434 2198 δὲ
1448 2171 1497 2197 οὑκ
1513 2171 1695 2206 ἀμπελώνων,
1710 2171 1780 2197 ἀλλὰ

997 2216 1076 2243 θείων
1093 2217 1277 2251 ὑπερμαχεῖτε
1293 2217 1447 2252 δογμάτων,
1463 2217 1510 2244 καὶ
1531 2217 1581 2251 τὴν
1605 2216 1700 2251 καινὴν
1713 2217 1779 2243 ταύ-

995 2271 1045 2297 την
1058 2264 1104 2289 καὶ
1119 2263 1243 2297 κίϐδηλον
1260 2264 1365 2298 αἵρεσιν
1376 2263 1590 2298 ἀποστρέφεσθε,
1607 2263 1644 2294 ὡς
1655 2263 1685 2289 τὺ
1698 2262 1781 2289 καθα-

997 2308 1042 2343 ρὸν
1052 2309 1101 2343 τῆς
1122 2308 1302 2342 εὐαγγελικῆς
1316 2308 1446 2334 θολοῦσαν
1458 2309 1643 2339 διδασκαλίας.
1664 2309 1710 2334 καὶ
1731 2308 1780 2341 τῆς

996 2354 1134 2387 παναγίας
1149 2353 1263 2388 Τριάδος
1277 2353 1323 2379 τὸν
1342 2353 1460 2387 ἀριθμδν
1478 2353 1539 2379 οὕτε
1553 2353 1645 2387 μειοῦν
1657 2352 1717 2379 οὒτε
1732 2352 1780 2379 αὕη

997 2397 1052 2430 ξειν
1073 2399 1212 2432 ἀνέχεσθε.
1228 2399 1345 2426 Μειοῦσι
1362 2400 1410 2434 μὲν
1427 2399 1480 2434 γὰρ
1502 2400 1526 2425 οί
1548 2400 1581 2434 τῇ
1611 2399 1717 2433 θεότητι
1732 2398 1780 2424 τοῦ

995 2444 1164 2478 Μονογενοῦς
1181 2443 1211 2470 τὸ
1231 2445 1316 2476 πάθος
1334 2445 1554 2480 προσάπτοντες·
1580 2444 1691 2476 αὔξουσι
1711 2444 1739 2470 δὲ
1755 2444 1780 2470 οἰ

993 2489 1086 2524 ἕτερον
1097 2488 1161 2516 Υίὺν
1173 2489 1329 2524 ἐπεισάγειν
1345 2490 1509 2524 τολμῶντες.
1531 2489 1625 2524 Ὑμεῖς
1637 2489 1664 2515 δὲ
1679 2490 1719 2519 είς
1731 2489 1777 2515 ἕνα

996 2535 1138 2569 Μονογενῆ
1157 2535 1310 2565 πιστεύετε,
1324 2535 1450 2570 καθάπερ
1470 2536 1511 2566 είς
1534 2535 1581 2561 ἕνα
1602 2535 1722 2570 Πατέρα,
1734 2534 1782 2560 καὶ

996 2582 1036 2611 είς
1051 2579 1079 2606 ἓν
1097 2580 1174 2613 ἅγιον
1194 2581 1314 2616 Πνεῦμα.
1343 2582 1386 2607 Ἐν
1400 2581 1429 2607 δὲ
1451 2581 1491 2615 τῷ
1518 2580 1783 2616 σαρκωθέντιΜονο-

997 2628 1071 2658 γενεῖ
1086 2626 1134 2660 τὴν
1151 2625 1300 2661 ληφθεῖσαν
1322 2626 1449 2661 θεωρεῖτε
1476 2625 1567 2659 φύσιν,
1593 2626 1626 2659 ἣν
1651 2624 1680 2656 ὲξ
1702 2624 1783 2659 ἡμῶν

996 2671 1085 2698 λαϐὼν
1111 2671 1182 2706 ὑπὲρ
1206 2672 1285 2706 ήμῶν
1315 2672 1521 2706 προσενήνοχεν.
1544 2671 1574 2697 'H
1598 2671 1652 2705 γὰρ
1679 2669 1782 2704 ταύτης

997 2717 1111 2752 ἄρνησις
1125 2716 1240 2751 φροῦδον
1257 2717 1306 2751 τὴν
1332 2717 1470 2751 ἡμετέραν
1498 2716 1635 2751 σωτηρίαν
1650 2716 1731 2742 ποιεῖ.
1750 2715 1782 2741 Et

196 2853 250 2885 (89)
264 2852 308 2879 Sic
320 2852 390 2878 haud
404 2851 483 2880 dubie
501 2853 687 2885 scribendum,
712 2854 941 2887 qucimidmmlnm
961 2859 987 2881 ct
1002 2860 1083 2888 supra
1096 2858 1153 2879 erat
1166 2851 1246 2886 epist.
1261 2850 1287 2878 9.
1302 2851 1382 2879 Sirm.
1401 2849 1515 2877 Ναουθὲ.
