1962 3051
121 172 190 205 1337

774 175 954 206 EPISTOLA
976 176 1101 206 CXXVI.

1676 175 1744 208 1338

119 231 177 266 γὰρ
191 230 298 266 ἀπαθὴς
320 232 336 266 ἡ
355 231 402 258 τυῦ
419 231 588 266 Μονογενοῦς
606 232 714 267 θεότης’
729 233 836 268 ἀπαθὴς
852 233 906 268 γὰρ

969 233 1060 268 [uippe
1075 238 1117 260 est
1135 237 1231 260 natura
1249 233 1423 267 Trinitatis),
1453 238 1479 260 et
1496 242 1545 260 nos
1560 233 1586 259 id
1601 236 1674 268 quod
1691 235 1744 268 pati

119 278 171 312 τῆς
193 277 306 312 Τριάδος
326 279 341 312 ἡ
359 278 456 311 φύσις·
470 279 500 304 τὸ
520 279 547 305 δὲ
574 278 689 313 πάσχειν
717 279 839 312 πεφυκὸς
869 279 905 314 μὴ

121 325 346 359 προσομολογηηῇ
363 325 427 359 παρ’
442 326 457 359 ἡ
463 324 531 359 μῶν,
552 325 639 360 μάτην
655 325 805 360 Ορυλλεῖται
821 325 850 351 τὸ
869 325 905 360 μὴ

119 370 267 404 γενόμενον
287 369 380 401 πάθος.
404 370 456 396 Τοῦ
487 370 540 405 γὰρ
566 371 717 405 πάσχοντος
743 371 793 397 οὐκ
820 371 905 402 ὄντος,

121 415 182 446 πῶς
200 415 232 441 ἂν
251 415 354 449 γένοιτο
375 416 473 448 πάθοςς
499 415 602 450 Ἀπαθῆ
625 417 673 451 μὲν
697 416 751 450 γὰρ
764 417 814 452 τὴν
830 416 906 442 Θείαν

122 460 205 494 φύσιν
221 460 400 495 κηρύττομεν.
418 461 631 495 Συνομολογοῦσι
648 461 675 487 δὲ
692 461 770 487 τοῦτο
787 461 907 487 κάκεῖνοι

122 506 321 541 παραπλησίως
345 507 421 541 ἡμῖν.
437 507 498 538 Πῶς
515 506 547 533 ἂν
570 505 616 533 οὖν
631 506 734 540 γένοιτο
761 506 845 537 πάθος
858 507 908 539 οὐχ

123 551 303 585 ὑποκειμένου
317 552 365 578 τοῦ
380 552 547 587 πάσχοντος
564 552 680 587 Δόκησις
698 552 751 587 γὰρ
778 553 837 579 ἀντὶ
860 554 908 584 τῆς

123 595 264 629 ἀληθείας,
284 596 331 622 καλ¹
348 596 484 630 φαντασία
505 597 654 631 φανήσεται
675 597 705 623 τὺ
722 597 791 631 μέγα
808 597 857 631 τῆς
870 597 908 622 οἱ-

123 641 253 676 κονομίας
272 643 430 676 μυστήριον.
446 641 546 668 Τοῦτον
560 642 588 669 δὲ
606 642 651 668 τὸν
675 641 760 676 μῦθον
785 642 909 668 Βαλεντῑ-

124 693 181 716 νος,
207 686 254 712 καὶ
280 686 466 720 Βαρδησάνης,
493 686 538 712 καὶ
565 686 706 721 Μαρκίων,
733 686 780 712 καὶ
812 686 908 720 Μάνης

124 729 285 764 ἐγέννησαν.
306 730 338 755 Ἦ
355 730 384 756 δὲ
398 729 531 756 ἀνέκαθεν
549 732 610 761 ταῖς
631 730 804 764 Ἐκκλησίαις
822 739 909 765 παρα-

124 775 233 801 δοθεῖσα
249 775 405 801 διδασκαλία
420 775 467 801 ἕνα
496 776 545 810 μὲν
553 776 617 802 Υἱὸν
633 777 678 802 καὶ
696 776 763 810 μετὰ
775 776 824 811 τὴν
835 777 904 802 ἐναν-

125 820 267 854 θρώπησιν
287 818 341 846 οἶδε
361 819 462 855 Κύριον
484 821 563 855 ἡμῶν
587 821 690 855 Ἰησοῦν
705 822 841 855 Χριστόν·
861 822 910 848 καὶ

123 866 171 892 τὸν
185 866 265 892 αὑτὸν
280 866 406 900 ὁμολογεῖ
422 866 488 892 Θεὸν
507 866 680 902 προαιωνιον,
697 867 743 892 καὶ
763 866 909 902 ἄνθρωπον

959 284 1051 316 potest
1079 289 1133 307 non
1160 281 1352 312 conﬁteantur,
1382 280 1488 314 1209
1512 280 1615 306 frustra
1629 280 1746 314 jactatur

959 327 1067 362 passio,
1096 335 1157 361 quae
1174 327 1248 353 nulla
1269 326 1330 353 fuit.
1361 326 1470 353 Patiens
1488 333 1605 359 namque
1628 325 1649 351 si
1665 325 1748 355 desit,

960 374 1006 407 qui
1024 373 1109 407 possit
1121 380 1181 399 esse
1194 372 1302 406 passio?
1330 371 1512 406 lmpatibilem
1527 378 1609 405 porro
1626 369 1745 397 divinam

960 423 1084 445 naturam
1109 418 1290 452 praedicamus
1315 427 1321 443 :
1347 422 1428 452 atque
1443 416 1496 443 hoc
1520 420 1547 443 et
1567 415 1618 450 ipsi
1632 415 1752 450 perinde

960 470 991 489 ac
1005 470 1055 490 nos
1069 462 1244 490 conﬁtentur.
1273 462 1332 495 Quo
1343 470 1408 496 ergo
1419 465 1499 496 pacto
1513 461 1548 487 sit
1559 461 1665 495 passio,
1685 468 1749 486 cum

960 507 1067 542 patiens
1084 507 1172 534 subsit
1187 507 1296 534 nullus?
1323 506 1398 533 Vana
1418 506 1490 533 enim
1507 505 1613 540 species
1636 513 1685 540 pro
1701 513 1749 531 vc-

961 553 1052 585 ritate,
1065 557 1092 580 et
1105 554 1265 588 phantasma
1283 552 1421 579 videbitur
1437 558 1566 586 magnum
1584 550 1750 577 incarnatio-

961 599 1005 625 nis
1019 599 1192 633 mysterium.
1222 597 1299 625 Hanc
1315 605 1382 624 vero
1397 596 1517 623 fabulam
1542 596 1704 623 Valentinus
1720 600 1750 623 ct

961 643 1140 675 Bardesanes,
1164 647 1192 670 et
1215 642 1337 669 Marcion
1362 646 1390 668 et
1407 642 1498 668 Manes
1512 646 1690 676 pepererunt.
1715 641 1752 668 At

961 693 1040 716 vetus
1055 688 1187 716 Ecclesiis
1201 688 1267 715 olim
1282 687 1382 714 tradita
1393 687 1538 721 disciplina
1552 695 1637 714 unum
1651 687 1750 714 Filium

961 734 1044 762 etiam
1059 737 1120 768 post
1133 733 1355 761 incarnationem
1371 733 1448 760 novit
1463 733 1609 760 Dominum
1624 738 1749 760 nostrum

961 779 1054 807 Jesum
1068 779 1220 811 Christum,
1239 783 1267 806 et
1280 779 1408 806 eumdem
1424 778 1570 806 conﬁtetur
1584 779 1670 805 Deum
1688 782 1752 806 ante

963 826 1073 857 saecula,
1089 829 1116 852 et
1130 825 1270 852 hominem
1286 825 1313 851 in
1327 824 1379 851 (ine
1393 823 1500 851 dierum
1514 824 1615 851 factum
1628 833 1635 857 ;
1647 824 1752 851 factum

963 875 1053 897 autem
1067 870 1205 897 hominem
1222 866 1410 905 assumptione
1420 869 1609 902 humanitatis,
1626 877 1681 896 non
1693 877 1753 896 mu-

125 911 171 937 ὲπ⁹
188 911 304 945 ἐσχάτου
331 912 384 938 τῶν
408 911 518 946 ἡμερῶν
548 912 707 946 γενόμενον·
723 913 868 947 γενόμενον
885 913 913 939 δὲ

969 916 1067 942 :atione
1089 915 1208 941 deitatis.
1243 914 1270 941 Si
1296 915 1369 941 enim
1398 914 1546 941 humanam
1575 914 1603 940 in
1627 918 1752 940 naturam

125 956 269 991 ἄνθρωπον
293 958 327 992 τῇ
349 957 500 992 προσλήψει
516 957 564 992 τῆς
590 957 808 993 ἀνθρωπότητος,
828 959 857 985 οὗ
872 960 905 993 τῇ

125 1003 212 1036 τροπῇ
234 1002 284 1032 τῆς
308 1002 443 1036 θεότητος.
470 1002 499 1028 EE
527 1002 580 1037 γὰρ
603 1003 650 1037 τὴν
678 1003 717 1034 εἰς
740 1003 912 1039 ἀνθρωπεεαν

126 1045 207 1080 φύσιν
231 1047 247 1081 ὴ
276 1046 334 1072 θεία
354 1046 434 1080 φύσις
453 1046 556 1081 ὑπέστη
586 1047 701 1081 τροπὴν,
726 1047 775 1073 οὐκ
805 1048 913 1082 ἔμεινεν

126 1092 197 1126 ὅπερ
215 1089 264 1126 ἦν·
277 1092 303 1118 εἰ
317 1092 345 1118 δὲ
363 1093 399 1127 μὴ
414 1091 486 1118 ἔστιν
498 1093 566 1127 ὅπερ
582 1090 626 1127 ἦν,
641 1092 746 1126 ψευδῶς
766 1093 847 1120 αὑτὸν
865 1102 913 1120 κα-

126 1137 202 1163 λοῦσι
231 1137 296 1163 Θεὸν
318 1138 343 1163 οἱ
371 1137 457 1164 ταῦτα
492 1137 698 1173 ορησκεύοντες.
736 1138 806 1164 Ἀλλ’
835 1139 915 1174 ἡμεῖς

127 1182 263 1217 ἄτρεπτον
282 1183 362 1217 ἴσμεν
387 1183 432 1208 τὸν
461 1183 592 1218 μονογενῆ
620 1183 666 1209 τοῦ
688 1184 754 1210 Θεοῦ
777 1184 847 1216 Υἰὸν,
878 1184 916 1216 ὡς

127 1227 205 1260 Θεὸν,
225 1229 271 1254 καὶ
287 1227 335 1254 τοῦ
360 1228 442 1259 ὅντως
469 1228 536 1254 Θεοῦ
553 1228 627 1255 Υἰόν.
645 1229 852 1264 Μεμαοήκαμεν
863 1230 916 1265 γὰρ

129 1273 204 1307 παρὰ
220 1273 270 1307 τῆς
295 1273 370 1304 θείας
395 1273 516 1308 Γραφῆς,
533 1274 570 1304 ὡς
599 1274 627 1299 ἐν
658 1276 746 1309 μορφῇ
772 1275 838 1300 Θεοῦ
865 1275 916 1301 ὑπ-

130 1318 221 1353 άρχων
236 1318 315 1344 ἔλαϐε
333 1318 382 1353 τὴν
397 1318 443 1345 τοῦ
458 1318 550 1345 δούλου
566 1319 682 1354 μορφὴν,
698 1320 744 1346 καὶ
760 1320 917 1354 σπέρματος

135 1363 262 1399 Ἀϐραὰμ.
279 1364 425 1390 ἐπελάϐετο
437 1363 503 1399 (90),
526 1364 575 1390 οὐκ
596 1365 636 1394 εἰς
659 1365 768 1400 σπέρμα
791 1366 917 1401 ’Λὸραὰμ

132 1409 305 1445 μετεϐλήθη,
334 1410 381 1435 καὶ
410 1409 591 1444 κεκοινώνηκε
619 1411 818 1446 παραπλησίως
852 1414 918 1449 ἡμῖν

132 1457 232 1492 σαρκός
254 1466 284 1484 τε
303 1458 349 1484 καὶ
376 1457 502 1492 αἵματος,
522 1458 568 1483 καὶ
595 1458 685 1492 ψυχῆς
713 1459 846 1485 ἀθανάτου
872 1461 918 1486 καὶ

131 1503 259 1538 ἀμώμου.
278 1502 371 1530 Ταῦτα
385 1502 563 1538 διατηρήσας,
577 1503 646 1539 ὑπὲρ
659 1503 707 1538 μὲν
723 1504 776 1530 τῶν
793 1505 918 1540 ἡμαρτη-

964 960 1056 987 divina
1072 965 1170 987 natura
1187 964 1291 986 mutata
1304 963 1364 991 est,
1385 967 1440 986 non
1458 959 1559 986 mansit
1574 958 1648 993 quod
1666 962 1726 985 crat
1745 967 1752 984 :

964 1006 986 1033 si
1009 1010 1100 1032 autem
1118 1013 1173 1032 non
1189 1009 1231 1032 est
1247 1004 1320 1039 quod
1334 1009 1394 1032 erat
1405 1025 1412 1037 ,
1437 1004 1507 1031 falso
1522 1004 1598 1030 illum
1615 1003 1755 1038 appellant

965 1052 1050 1079 Deum
1077 1051 1124 1085 qui
1150 1051 1213 1078 talia
1235 1054 1412 1077 venerantur.
1444 1049 1480 1076 At
1493 1057 1545 1076 nos
1556 1049 1754 1076 immutabilem

965 1099 1068 1125 scimus
1091 1097 1261 1132 unigenitum
1281 1096 1330 1124 Dei
1352 1096 1464 1128 Filium,
1484 1100 1514 1122 ut
1526 1096 1630 1128 Deum,
1657 1099 1685 1122 et
1696 1096 1755 1122 veri

966 1143 1013 1170 Dei
1029 1143 1138 1170 Filium.
1170 1142 1209 1168 Ex
1235 1141 1328 1169 divina
1348 1141 1422 1168 enim
1439 1140 1584 1176 Scriptura
1608 1139 1756 1170 didicimus

966 1189 1053 1223 quod,
1077 1196 1139 1215 cum
1154 1188 1182 1214 in
1198 1187 1285 1214 forma
1298 1188 1347 1214 Dei
1358 1191 1442 1219 esset,
1461 1187 1577 1214 formam
1591 1186 1665 1214 servi
1678 1194 1756 1213 acce-

967 1234 1048 1268 perit,
1066 1237 1094 1260 et
1108 1241 1200 1260 semen
1214 1232 1330 1259 Abrahae
1341 1232 1533 1266 assumpserit,
1551 1239 1607 1258 non
1623 1231 1651 1258 in
1663 1238 1754 1257 semen

967 1280 1084 1307 Abrahae
1099 1283 1222 1306 mutatus
1236 1279 1272 1306 sit
1287 1288 1293 1305 :
1307 1278 1435 1313 quodque
1452 1277 1667 1312 participaverit,
1685 1276 1756 1303 sicut

968 1330 995 1353 et
1007 1333 1066 1356 nos,
1081 1332 1190 1352 carnem
1202 1329 1230 1351 et
1241 1323 1413 1359 sanguinem,
1429 1322 1603 1356 animamque
1617 1321 1757 1348 immorla-

968 1371 1022 1397 lem
1038 1374 1066 1398 et
1080 1370 1138 1397 sine
1150 1369 1266 1396 macula.
1283 1368 1347 1396 Haec
1358 1375 1420 1394 cum
1433 1370 1581 1398 servasset,
1596 1373 1647 1400 pro
1661 1372 1759 1399 corpo-

968 1417 1046 1444 ribus
1072 1423 1133 1450 qua:
1155 1418 1301 1450 peccaram
1324 1413 1431 1448 peccati
1445 1420 1543 1447 expers
1561 1419 1661 1446 corpus
1677 1418 1756 1438 suum

970 1462 1085 1494 obtulit;
1104 1470 1154 1496 pro
1171 1460 1315 1487 animabus
1330 1466 1406 1492 vero,
1423 1459 1541 1486 animam
1558 1457 1592 1484 ab
1607 1457 1681 1484 omni
1696 1463 1759 1491 pec-

970 1511 1031 1535 cato
1045 1507 1170 1534 liberam.
1204 1506 1353 1540 Propterea
1379 1504 1534 1531 communis
1551 1503 1635 1529 etiam
1666 1509 1759 1528 resur-

132 1549 219 1575 κὸτων
241 1550 375 1583 σωμάτων
392 1549 421 1576 τὸ
434 1550 626 1585 ἀναμάρτητον
645 1550 726 1576 αὑτοῦ
740 1552 918 1586 προσενήνοχε

975 1552 1106 1580 rectionis
1133 1559 1209 1586 spem
1235 1551 1380 1578 habemus.
1404 1549 1538 1577 Primitiis
1562 1548 1634 1576 enim
1664 1546 1760 1581 utique

134 1595 223 1630 σῶμα,
236 1595 306 1629 ὑπὲρ
323 1595 351 1621 δὲ
365 1595 420 1621 τῶν
433 1595 526 1630 ψυχῶν
538 1595 586 1630 τὴν
602 1595 692 1630 πάσης
708 1597 852 1631 ἐλευθέραν
867 1606 919 1632 κη-

132 1640 214 1671 λῖδος.
225 1640 276 1666 Διά
286 1648 326 1666 τοι
336 1640 415 1665 τοῦτο
426 1641 529 1675 καὶτῆς
540 1642 631 1676 κοινῆς
642 1642 815 1673 ἀναστάσεως
825 1642 922 1677 ἔχομεν

133 1685 182 1720 τὴν
209 1685 319 1711 ἐλπίδα·
340 1687 373 1720 τῇ
397 1685 451 1721 γὰρ
478 1686 588 1722 ἁπαρχῇ
608 1687 740 1721 δήπουθεν
764 1689 921 1724 κοινωνήσει

133 1731 164 1757 τὸ
189 1731 283 1764 γένος·
309 1731 355 1757 καὶ
383 1731 507 1767 καθάπερ
527 1732 565 1767 τῷ
588 1733 673 1767 Ἀδὰμ
698 1734 921 1769 ἐκοινωνήσαμεν

134 1777 183 1811 τῆς
201 1777 340 1811 τελευτῆς,
354 1776 425 1804 οὕτω
440 1777 471 1812 δὴ
494 1777 591 1812 καὶτῷ
604 1779 711 1813 Σωτῆρι
740 1779 851 1814 Χριστῷ
866 1788 922 1806 κοι-

135 1823 291 1858 νωνήσομεν
306 1823 355 1857 τῆς
368 1823 451 1857 ζωῆς.
469 1824 522 1850 Καὶ
533 1824 611 1849 τοῦτο
625 1824 719 1857 σαφῶς
731 1825 804 1859 ἡμᾶς
818 1827 832 1851 ὁ
851 1825 922 1857 θεῖος

141 1867 300 1898 Ἀπόστολος
316 1867 500 1900 ὲξεπαίδευσε.
517 1875 526 1891 ι
541 1866 610 1892 Νυνὶ
627 1867 696 1900 γὰρ,
712 1867 790 1901 φησὶ,
806 1867 923 1902 Χριστὸς

137 1915 282 1949 ἐγήγερται
307 1914 340 1938 ὲκ
362 1912 478 1947 νεκρῶν,
502 1912 612 1947 ἀπαρχὴ
635 1912 689 1939 τῶν
717 1913 923 1947 κεκοιμημένων

137 1960 255 1993 ἐγένετο.
278 1957 386 1993 Ἐπειδὴ
405 1958 459 1993 γὰρ
479 1958 512 1984 δι’
533 1958 677 1992 ἀνθρώπου
701 1958 715 1983 ὁ
735 1958 858 1990 Θάνατος,
875 1959 923 1985 καὶ

137 2006 171 2032 δι’
187 2005 329 2040 ἀνθρώπου
352 2004 500 2036 ἀνάστασις
519 2004 634 2040 νεκρῶν.
647 2005 752 2039 Ὠσπερ
769 2005 824 2040 γὰρ
844 2006 872 2032 ἐν
885 2004 924 2040 τῷ

145 2052 229 2087 ’Λδὰμ
239 2051 338 2083 πάντες
349 2050 575 2086 ἀποθνήσκουσιν,
591 2050 661 2076 οὕτω
672 2051 718 2076 καὶ
727 2051 755 2076 ἐν
765 2050 804 2085 τῷ
815 2051 924 2086 Χριστῷ

138 2097 236 2128 πάντες
249 2096 506 2132 ζωοποιηθήσονται.
519 2105 527 2121 ι
549 2095 641 2121 Ταῦτα
662 2095 709 2122 νῦν
730 2096 760 2122 οὐ
780 2096 923 2134 διδᾲσκων,

139 2143 196 2170 ἀλλ’
210 2143 393 2178 ἁναμνήσκων
410 2141 518 2177 γράφω,
541 2141 589 2167 καὶ
608 2143 748 2176 συπεμεῖν
771 2142 924 2174 σπουδάσας

139 2188 186 2223 τῆς
202 2188 345 2222 ἐπιστολῆς
370 2186 517 2222 ὑπερέϐην,
538 2186 576 2218 ὼς
590 2184 676 2221 οἶμαι,
689 2187 734 2213 τὸν
760 2187 832 2222 ὅρον.
851 2187 924 2214 Ἐπι-

971 1597 1206 1625 'communicabit
1230 1600 1316 1623 totum
1333 1603 1420 1631 genus
1445 1604 1451 1622 ε
1473 1598 1501 1621 et
1528 1592 1758 1629 quemadmodum

971 1652 1033 1671 cum
1044 1643 1149 1670 Adamo
1158 1643 1308 1677 participes
1318 1641 1416 1668 mortis
1425 1641 1537 1673 fuimus,
1552 1640 1589 1666 ita
1603 1639 1708 1673 1210
1719 1638 1760 1665 vi-

972 1693 1005 1717 tae
1021 1697 1082 1716 cum
1097 1688 1207 1716 Christo
1221 1687 1363 1714 Salvatore
1387 1686 1535 1721 participes
1547 1684 1661 1712 erimus.
1681 1683 1759 1716 Quod

972 1739 1065 1769 aperte
1081 1742 1132 1761 nos
1147 1733 1243 1760 docuit
1259 1732 1369 1759 divinus
1385 1731 1550 1765 Apostolus:
1568 1739 1576 1754 ι
1589 1729 1668 1757 Nunc
1681 1735 1758 1759 verc,

973 1779 1073 1813 inquit,
1083 1779 1210 1806 Christus
1224 1777 1375 1804 resurrexit
1388 1784 1403 1802 e
1418 1776 1545 1807 mortuis,
1559 1774 1687 1809 primitia:
1697 1773 1761 1800 dor—

973 1824 1118 1851 mientium
1131 1831 1137 1848 :
1149 1823 1278 1857 quoniam
1290 1821 1401 1856 quidem
1417 1829 1466 1855 per
1479 1820 1618 1847 hominem
1635 1827 1718 1851 mors,
1733 1823 1761 1845 et

973 1877 1022 1904 per
1035 1869 1175 1895 hominem
1193 1867 1361 1894 resurrectio
1374 1871 1547 1894 mortuorum
1570 1874 1577 1892 :
1601 1870 1628 1892 et
1645 1865 1715 1891 sicut
1732 1865 1760 1890 in

974 1913 1078 1940 Adamo
1099 1920 1195 1939 omnes
1207 1912 1363 1939 moriuntur
1377 1932 1384 1944 ,
1412 1911 1450 1938 ita
1462 1915 1490 1937 et
1503 1911 1530 1937 in
1542 1910 1652 1937 Christo
1666 1916 1761 1935 clunes

973 1955 1229 1984 viviﬁcabuntur“.
1245 1965 1254 1981 ι
1284 1955 1347 1982 Haec
1359 1959 1450 1982 autem
1467 1962 1517 1989 ego
1536 1962 1589 1980 non
1606 1958 1636 1980 ut
1649 1953 1760 1980 doceant

974 2003 1075 2035 scribo,
1086 2002 1134 2029 sed
1143 2006 1174 2029 ut
1185 2009 1311 2029 revocem
1328 2001 1355 2027 in
1368 2001 1541 2028 memoriam.
1549 1999 1582 2026 Et
1595 1999 1659 2026 licet
1671 1999 1762 2026 brevi-

975 2048 1022 2075 tati
1034 2047 1198 2080 studuerim,
1210 2046 1342 2082 epistolae,
1356 2050 1388 2073 ut
1397 2046 1507 2080 opinor,
1520 2045 1630 2072 modum
1645 2045 1761 2071 excessi.

975 2092 1119 2120 Scribendi
1133 2099 1201 2119 vero
1218 2091 1286 2118 mihi
1303 2095 1400 2118 auctor
1419 2090 1471 2117 fuit
1490 2089 1667 2124 undiquaque
1683 2097 1762 2115 reve-

975 2138 1156 2166 rendissimus
1179 2142 1206 2166 et
1224 2136 1448 2173 religiosissimus
1460 2135 1603 2171 presbyter
1628 2139 1655 2161 et
1671 2134 1763 2161 archi-

976 2184 1112 2212 mandrita
1131 2184 1260 2211 Mecimas
1271 2203 1278 2215 ,
1303 2183 1351 2218 qui
1365 2181 1506 2210 charitatis
1521 2181 1580 2217 lege
1594 2180 1693 2208 ductus
1709 2184 1764 2207 tam

141 2234 244 2260 στεῖλαι
257 2234 286 2259 δέ
304 2242 336 2268 με
355 2232 525 2267 προύτρεψεν
542 2233 556 2258 ὁ
570 2232 657 2259 πάντα
668 2232 861 2264 εὐσεϐέστατος
875 2232 918 2258 καὶ

973 2230 1084 2265 longum
1097 2231 1148 2258 iter
1159 2229 1286 2261 confecit,
1295 2232 1333 2261 et,
1344 2227 1667 2256 admirabilitatisvestrae
1675 2226 1762 2252 zelum

141 2278 344 2312 θεοφιλέστατος
359 2278 541 2312 πρεσϐύτερος
555 2277 602 2303 καὶ
614 2277 826 2312 ἁρχιμανδρίτης
837 2277 924 2303 Μεκί-

143 2332 206 2360 μας,
222 2323 265 2349 διὰ
284 2323 332 2357 μὲν
353 2323 399 2348 τὸν
422 2322 472 2357 τῆς
498 2322 608 2357 ἀγάπης
623 2323 704 2357 νόμον
718 2322 777 2349 ὁδὸν
791 2322 926 2357 τοσαύτην

142 2368 285 2402 ἐξανύσας,
297 2368 402 2400 διδάξας
415 2368 442 2394 δὲ
454 2368 527 2402 ἡμᾶς
546 2367 591 2393 τὺν
606 2367 656 2402 τῆς
672 2368 805 2402 ὑμετέρας
821 2368 926 2403 θαυμα-

143 2416 266 2450 σιότητος
289 2415 381 2450 ζῆλον,
400 2414 447 2440 καὶ
466 2414 581 2448 αἰτήσας
594 2414 746 2448 πυρσεῦσαι
761 2413 854 2440 τοῦτον
870 2415 926 2444 τοῖς

141 2463 312 2499 γράμμασιν.
336 2461 407 2495 Ἐγὼ
426 2461 514 2487 τοίνυν
529 2460 575 2486 καὶ
599 2460 648 2495 τὴν
673 2461 780 2495 αἴτησιν
812 2460 955 2496 ἐδεξάμην,

978 2283 1206 2308 commemorans,
1223 2274 1304 2310 petiit
1320 2278 1349 2301 ut
1360 2274 1435 2301 hunc
1449 2273 1538 2308 ipsum
1553 2272 1651 2298 litteris
1663 2271 1764 2298 nostris

976 2321 1198 2350 acccnderemus.
1218 2321 1275 2355 Ego
1298 2319 1381 2355 igitur
1407 2323 1436 2346 et
1455 2317 1601 2353 postulatis
1624 2317 1713 2352 parui,
1736 2321 1764 2343 et

977 2367 1120 2403 epistolam
1132 2366 1240 2401 scripsi,
1260 2369 1287 2392 et
1301 2365 1492 2392 universorum
1505 2362 1649 2390 Dominum
1660 2370 1719 2393 oro,
1735 2366 1766 2388 ut

977 2421 1026 2440 vos
1039 2413 1067 2439 in
1079 2411 1131 2439 ﬁde
1143 2410 1289 2442 custodiat,
1302 2413 1330 2437 et
1341 2407 1521 2437 exeribrantis
1529 2407 1648 2434 victores
1655 2406 1763 2434 eﬂiciat.

975 2461 1022 2488 καὶ
1042 2461 1167 2495 γέγραφα
1189 2458 1238 2494 τὴν
1260 2456 1413 2492 ἐπιστολὴν,
1433 2455 1537 2483 καὶτὸν
1551 2455 1606 2482 τῶν
1627 2455 1695 2482 ὅλων
1708 2455 1764 2481 ἱκε-

142 2511 212 2538 τεύω
224 2510 374 2545 Δεσπότην,
389 2508 545 2544 φρουρῆσαι
563 2508 634 2542 ὑμᾶς
654 2508 683 2534 ὲν
705 2509 738 2542 τῇ
754 2507 855 2540 πίστει,
879 2510 927 2535 καὶ
945 2508 1086 2544 κρείττους
1097 2506 1234 2541 ἀποφῆναι
1248 2503 1295 2531 τοῦ
1311 2503 1482 2536 σινιάζοντος.

265 2567 360 2602 Ρκςν.
381 2583 416 2588 -
430 2565 595 2598 Σαϐινιανῷ
617 2566 785 2598 ὲπισκόπῳ.

185 2623 321 2658 Ἐπῄνεσά
342 2631 388 2649 σου
412 2622 460 2657 τὴν
485 2622 622 2656 ὁσιότητα,
658 2621 858 2648 καταλιποῦσαν
883 2621 928 2647 τον

147 2668 289 2702 ἐπίφθονον
307 2668 411 2703 θρόνον.
433 2668 462 2694 '0
475 2667 528 2702 γὰρ
544 2667 629 2694 πάλαι
649 2667 796 2702 σεϐάσμιος
813 2666 861 2694 νῦν
882 2667 927 2700 γέ-

147 2722 208 2748 γονε
225 2714 442 2747 καταγέλαστος·
459 2712 539 2739 ὢνιον
554 2713 607 2748 γὰρ
625 2713 706 2739 αὐτὸν
732 2714 812 2747 ἡμεῖς
834 2713 929 2748 ἐπαινῆς

181 2791 200 2808 ⁸·
221 2790 229 2817 1
243 2791 305 2818 Cor.
321 2799 363 2823 xv,
379 2791 424 2823 ‘20,
439 2792 484 2818 21.

1135 2562 1252 2590 CXXV].
1268 2575 1303 2581 --
1321 2559 1465 2587 Sabiniano
1478 2559 1606 2594 episcopo.

1016 2621 1192 2648 Sanctitatem
1204 2623 1277 2646 tuam
1286 2618 1414 2645 laudibus
1423 2616 1520 2649 extuli,
1532 2614 1763 2643 cuminvidics-ur.

981 2666 1138 2693 cathedram
1150 2665 1271 2700 reliquit.
1287 2664 1353 2698 Quae
1365 2663 1439 2691 enim
1452 2661 1607 2690 veneranda
1619 2660 1683 2686 olim
1695 2664 1765 2688 erat.

983 2719 1056 2738 nunc
1073 2711 1143 2738 facta
1156 2715 1198 2739 est
1210 2709 1325 2738 ridicula
1350 2719 1356 2736 ε
1379 2708 1502 2737 venalem
1516 2707 1617 2742 quippe
1629 2705 1701 2732 illam
1717 2711 1767 2731 nos

184 2861 239 2897 (90)
255 2860 338 2887 Recte
353 2860 393 2888 sic
417 2860 499 2895 Neap.
521 2860 658 2888 Sirmond.
683 2859 800 2886 habebat
828 2858 988 2886 ἀπελάδετο,
