1945 3058
181 131 248 163 1339

698 133 936 164 I‘HEODORETI
955 131 1124 162 EPISCOPI
1143 131 1324 161 CYRENSIS

1726 127 1804 159 1340

178 186 304 214 fecimus.
323 188 437 215 Miratus
448 194 508 214 sum
522 191 624 218 autem,
640 191 784 221 postquam
801 188 917 222 cognovi
940 192 964 214 te

1024 194 1112 220 ταμεν.
1134 184 1294 219 Ἐθαύμασα
1309 183 1347 215 δὲ,
1369 182 1463 217 μαθὼν
1482 181 1518 213 ὡς
1538 181 1606 215 προς
1622 180 1686 211 τοὺς
1708 180 1804 212 ἑξεὶὰ-

180 232 213 259 ad
237 241 285 259 eos
301 233 348 267 qui
369 234 506 268 ejecerant
527 233 689 260 accurrisse.
716 233 783 260 Nam
799 233 966 261 contrarium

181 281 208 305 te
219 278 307 305 facere
316 279 469 312 oportebat,
482 282 511 304 ut
523 282 633 313 rogatus
642 279 826 313 gubernacula
837 278 965 310 retinere,

181 323 407 358 gubernationem
425 323 563 358 refugercs
574 344 580 354 ,
612 328 740 358 tanquam
757 324 874 350 inimicis
889 323 967 350 factis

183 369 216 396 iis
240 370 287 404 qui
305 370 330 396 in
352 369 447 395 eadem
466 371 529 395 sunt
549 368 620 394 navi.
640 368 680 395 An
696 369 814 403 ignoras,
829 370 884 395 Deo
898 369 966 396 dile—

181 414 312 444 ctissime,
331 421 423 448 ecqua:
436 421 485 440 nos
498 421 547 447 per
562 421 655 441 sacros
667 415 804 448 apostolos
817 415 968 449 prxdicans

180 458 306 485 docuerit
334 459 458 486 Salvator
484 464 588 490 noster,
616 464 778 494 etqmenam
796 460 877 486 modo
895 461 967 486 cele-

181 502 284 529 branda
298 507 449 529 sanxerunt
463 503 675 537 apostolieorum
695 505 797 538 1211
811 504 966 539 dogmath

182 546 321 573 bmredcs?
350 546 417 579 Quis
436 547 508 574 enim
528 551 650 574 veterum
671 547 830 579 doctorum,
857 556 890 574 ex
913 555 968 582 quo

182 591 383 625 promulgatum
407 596 448 618 est
467 592 654 626 Evangelium,
676 601 760 626 lisque
779 593 811 619 ad
825 593 967 627 caliginem

182 635 261 661 istam
279 635 307 661 in
330 643 382 670 qua
404 644 564 668 versamur,
597 637 702 664 audivit
719 637 765 671 qui
783 646 863 664 unam
879 638 969 664 carnis

183 679 389 714 divinitatisque
412 686 536 707 naturam
561 682 738 715 praedicaret,
757 687 804 709 ant
819 683 880 716 quis
896 682 967 717 pati-

182 724 265 751 bilem
281 733 401 759 unquam
418 734 500 753 ausus
513 731 555 753 est
578 727 715 762 Unigeniti
733 727 903 754 divinitatem
917 736 967 754 no-

184 768 306 794 minare?
321 769 402 803 Atqui
420 770 478 796 hmc
490 779 563 797 nunc
580 778 594 797 a
608 771 748 798 nonnullis
761 775 853 805 aperte
866 775 892 797 et
904 779 968 798 con—

184 812 300 840 fidenter
310 814 502 847 dicuntur,alii
514 816 606 842 audita
618 821 806 848 contemnunt,
817 823 844 843 et
857 817 968 843 tacitur-

183 858 267 886 nitate
280 860 368 886 scelus
376 861 551 895 participant.
569 861 639 894 Quid
651 862 733 897 igitur
747 863 819 889 facto
833 866 873 889 est
888 870 966 896 opus,
987 853 1006 880 Β

183 902 257 929 dicet
269 904 415 938 quispiam,
430 905 463 931 iis
472 905 518 939 qni
528 905 579 932 ista
589 906 775 934 detestantur?
788 907 966 939 Alterutrum,

183 946 304 982 inquam,
327 953 357 975 ut
376 953 424 975 aut
444 951 557 984 propius
575 959 683 978 manum
696 957 850 982 conserant,
875 957 902 979 et
919 952 970 979 d0—

183 997 303 1026 gmatum
320 993 465 1022 falsitatem
483 997 492 1005 ‘
508 996 643 1028 refellant,
667 1001 712 1023 aut
725 997 829 1031 fugiant
843 1002 970 1031 tanquam

184 1042 276 1072 aperte
287 1039 434 1073 impiorum
447 1041 677 1068 communionem.
694 1043 760 1068 Nam
773 1046 858 1076 etego
872 1043 970 1070 factata

184 1081 212 1108 in
231 1090 274 1109 me
293 1083 421 1118 injuriam
437 1085 512 1112 velut
530 1086 652 1112 divinum
671 1087 832 1114 beneﬁcium
849 1088 944 1122 excepi
962 1097 968 1114 :

184 1134 238 1154 non
258 1136 323 1156 sane
339 1130 453 1164 gratiam
471 1131 575 1158 habens
592 1132 699 1167 injuria:
719 1133 879 1160 auctoribus
898 1133 971 1169 (quo

183 1171 258 1198 enim
276 1177 356 1207 pacto
372 1173 526 1202 fratricidis
542 1180 570 1203 et
584 1176 660 1203 Caini
676 1181 781 1211 partem
793 1177 970 1213 amplexis?),

184 1217 230 1244 sed
242 1218 386 1246 Dominum
400 1227 490 1247 meum
502 1221 631 1248 laudibus
641 1222 769 1254 efferens,
783 1223 830 1257 qui
847 1231 889 1250 me
902 1223 972 1258 inju-

185 1261 252 1288 riam
268 1263 430 1296 patientium
453 1270 528 1292 sorte
551 1266 679 1300 dignatus
691 1270 747 1297 est,
767 1268 971 1302 scgrcgavitque

184 1306 218 1333 ab
235 1307 337 1341 iniquis
354 1312 382 1335 et
402 1309 588 1344 blasphemis,
617 1315 645 1338 et
664 1312 888 1339 amabilissimam
904 1313 970 1340 mihi

184 1352 304 1386 quietem
316 1355 462 1381 concessit.

207 1401 345 1433 'CXXVII.
358 1422 392 1426 —
412 1407 486 1434 Jobio
498 1409 646 1444 presbytero
670 1414 694 1436 et
711 1411 934 1438 arcliimandriut.

219 1460 358 1488 Abraham
381 1463 538 1497 patriarcha
566 1465 647 1492 etiam
672 1471 734 1500 post
758 1467 857 1493 seniles
885 1475 970 1495 annos

1020 238 1119 259 σαντας
1135 229 1261 264 ἔδραμες.
1278 229 1380 263 Δρᾶσαι
1400 227 1455 261 γὰρ
1470 227 1624 252 τούναντίον
1639 226 1737 260 ἐχρῆν·
1755 227 1804 252 καὶ

1020 273 1262 308 παρακαλούμενον
1286 272 1395 307 ἔχεσθαι
1418 272 1472 297 τῶν
1498 271 1608 301 οἰάκων,
1637 272 1731 304 φυγεῖν
1751 271 1806 304 τὴν

1020 319 1193 354 κυϐέρνησιν,
1218 319 1255 350 ὡς
1281 319 1334 345 τῶν
1354 317 1542 353 συμπλεόντων
1569 316 1704 351 πολεμίων
1723 324 1806 350 γεγε-

1020 363 1153 398 νημένων.
1169 365 1204 390 Ἢ
1220 365 1269 390 οὐκ
1289 361 1377 394 οἶσθα,
1402 362 1604 396 θεοφιλέστατε,
1626 362 1685 388 τίνα
1717 362 1765 396 μὲν
1788 362 1806 387 ὁ

1021 408 1116 443 Σωτὴρ
1126 409 1140 434 ὁ
1157 409 1289 443 ἡμέτερος
1304 408 1346 433 διὰ
1361 407 1414 433 τῶν
1433 407 1513 442 ἱερῶν
1526 407 1683 433 ἀποστόλων
1697 405 1804 440 κηρύτ-

1020 463 1075 480 τειν
1101 454 1174 488 ἡμᾶς
1197 453 1324 486 ἐδίδαξεν,
1345 453 1406 479 τίνα
1419 453 1447 478 δὲ
1467 453 1513 479 νῦν
1531 453 1692 487 θρησκεύειν
1707 453 1803 486 ἐνομο-

1020 499 1137 533 θέτησαν
1150 499 1174 524 οἱ
1191 498 1245 524 τῶν
1262 498 1447 525 ἀποστολικῶν
1461 498 1622 533 κληρονόμοι
1642 497 1804 532 δογμάτωνς

1019 544 1066 574 Ti;
1084 543 1137 579 γὰρ
1150 544 1202 570 τῶν
1221 544 1342 570 παλαιῶν
1362 543 1539 574 διδασκάλων,
1556 542 1586 575 ἑξ
1599 540 1685 577 οὗπερ
1700 550 1806 576 κατηγ-

1018 589 1083 624 γέλη
1097 589 1126 615 τὸ
1141 589 1272 624 κήρυγμα
1295 590 1374 624 μέχρι
1392 590 1440 624 τῆς
1467 589 1634 624 κατεχούσης
1650 588 1697 615 νῦν
1711 597 1805 614 σκοτο-

1020 635 1118 670 μήνης,
1136 635 1238 669 ἀκήκοε
1255 635 1355 670 σαρκὸς
1377 636 1423 662 καὶ
1438 635 1564 669 θεότητος
1581 635 1644 669 μίαν
1660 634 1739 668 φύσιν
1754 642 1806 668 κη-

1020 680 1195 717 ρύξαντος,ἢ
1222 681 1357 716 ἐτόλμησε
1384 680 1496 707 πώποτε
1525 680 1651 715 παθητὴν
1673 680 1806 714 ὀνομάσαι

1018 726 1065 752 τοῦ
1080 726 1248 760 Μονογενοῧς
1267 727 1314 760 τὴν
1331 727 1464 761 θεότητα;
1479 726 1571 752 Ταῦτα
1586 726 1634 752 νῦν
1654 725 1806 760 παρ’ὲνίων

1018 763 1142 803 λέγεσθαι
1167 770 1311 805 προφανῦς
1334 770 1476 804 τολμᾶται,
1501 770 1576 805 παρὰ
1590 770 1617 796 δὲ
1635 770 1689 796 τῶν
1717 769 1807 795 ἄλλων

1020 816 1179 850 περιορᾶται
1195 816 1338 850 λεγόμενα,
1356 816 1402 841 καὶ
1415 817 1478 851 σιγῇ
1493 816 1539 842 τοῦ
1555 815 1655 850 μύσους
1671 815 1808 850 μεταλαγ-

1020 861 1138 895 χάνουσι.
1153 860 1188 886 Tt’
1198 859 1245 887 οὖν
1261 861 1313 895 χρὴ
1334 862 1429 892 ποιεῖν,
1447 861 1518 887 εἴποι
1534 869 1576 892 τις
1588 860 1630 893 ἂν,
1641 861 1704 892 τοὺς
1719 860 1809 887 ταῦτα

1023 906 1253 940 μυσαττομένους
1271 907 1348 932 Δυοῖν
1370 906 1484 941 θάτερον
1501 906 1603 940 εἴποιμ’
1624 905 1657 932 ἄν
1668 914 1674 920 ’
1691 906 1707 940 ἣ
1723 905 1808 939 ὁμόσε

1021 953 1129 986 χωρεῖν,
1143 951 1191 978 καὶ
1216 951 1364 986 διελέγχειν
1379 951 1434 978 τῶν
1451 951 1594 986 δογμάτων
1611 951 1641 977 τὸ
1667 950 1806 984 κίϐδηλον,

1020 997 1037 1031 ἢ
1059 996 1168 1030 φεύγειν
1191 997 1228 1028 ὡς
1257 997 1402 1032 προφανῶς
1421 997 1624 1024 δυσσεῆούντων
1645 998 1695 1031 τὴν
1711 1004 1809 1022 κοινω-

1021 1041 1088 1067 νίαν.
1104 1042 1158 1068 Καὶ
1170 1042 1223 1077 γὰρ
1239 1042 1294 1076 ἐγὼ
1306 1042 1356 1078 τὴν
1379 1043 1437 1068 κατ’
1454 1042 1522 1077 ἐμοῦ
1537 1042 1726 1076 γεγενημένην
1747 1041 1807 1067 ἁδι-

1021 1086 1082 1113 κίαν
1102 1087 1139 1118 ὡς
1154 1087 1228 1113 θείαν
1250 1087 1383 1122 ἐδεξάμην
1409 1088 1577 1124 εὐεργεσὶαν,
1605 1087 1637 1113 οὐ
1666 1088 1721 1117 τοῖς
1747 1087 1808 1120 ἠδι-

1021 1131 1117 1165 κηκόσι
1150 1132 1229 1167 χάριν
1258 1132 1397 1166 ὁμολογῶν
1429 1132 1500 1168 (πῶς
1517 1131 1569 1166 γὰρ
1596 1132 1652 1161 τοῖς
1674 1140 1706 1165 γε
1727 1131 1808 1157 ἁδελ-

1021 1177 1170 1211 φοκτόνοις,
1178 1177 1225 1203 καὶ
1242 1178 1299 1208 τοῖς
1312 1177 1358 1203 τοῦ
1376 1177 1445 1204 Κάῖν
1460 1177 1657 1212 γεγενημένοις
1675 1175 1808 1211 μερίδος).

1021 1222 1090 1248 ἀλλὰ
1105 1223 1149 1248 τὸν
1163 1222 1228 1257 ἐμὸν
1240 1223 1377 1257 Δεσπότην
1391 1223 1494 1258 ὑμνῶν,
1508 1223 1549 1249 ὅτι
1562 1231 1596 1258 με
1612 1223 1659 1249 καὶ
1677 1222 1729 1248 τῶν
1751 1222 1811 1257 ὴδι-

1021 1268 1149 1302 κημένων
1174 1269 1329 1304 κατηξίωσε
1361 1269 1469 1304 μοίρας,
1485 1269 1532 1295 καὶ
1561 1270 1614 1295 τῶν
1638 1268 1811 1304 ἠδικηκότων

1020 1314 1067 1340 καὶ
1086 1314 1317 1349 βλασφημούντων
1331 1315 1457 1350 ἐχώρισε,
1477 1315 1524 1341 καὶ
1535 1315 1584 1350 τὴν
1598 1313 1811 1349 ἑρασμιωτάτην

1021 1359 1082 1393 ἐμοὶ
1098 1359 1195 1385 ἔδωκεν
1208 1360 1332 1395 ἡσυχίαν.

1020 1404 1106 1431 ΡΚΖ’.
1118 1419 1154 1424 -
1174 1405 1267 1437 Ἰωϐίῳ
1288 1405 1479 1439 πρεσϐυτέρῳ
1499 1405 1548 1432 καὶ
1575 1405 1802 1439 άρχιμανδριτῃ.

1066 1460 1173 1496 Ἀὅρὰμ
1188 1462 1202 1487 ὁ
1214 1462 1387 1496 πατριάρχης
1405 1461 1452 1487 καὶ
1466 1461 1536 1496 μετὰ
1550 1461 1638 1497 γῆρας
1653 1461 1809 1495 ἠρίστευσε·

183 1505 328 1534 victoriam
345 1509 514 1543 reportavit,
535 1514 563 1537 et
586 1519 699 1545 magnus
716 1511 803 1538 Moses
814 1512 846 1538 ad
863 1511 969 1538 senium

1024 1507 1070 1533 ml.
1083 1507 1202 1542 Μωΰσῆς
1214 1507 1228 1532 ὁ
1251 1507 1337 1541 μέγας
1355 1507 1512 1542 πρεσϐύτης
1532 1507 1583 1542 ήδη
1600 1507 1754 1542 γενόμενος,
1771 1507 1813 1538 εἰς

182 1553 238 1586 jam
264 1558 422 1586 provectus,
451 1555 579 1582 manibus
604 1556 638 1582 ad
663 1557 814 1583 orationem
841 1558 971 1592 oppansis

184 1596 360 1624 Amalecitam
371 1600 530 1632 prostravit,
540 1605 568 1626 ct
579 1600 690 1628 divinus
698 1601 807 1628 Samuel
818 1603 875 1636 jam
886 1610 970 1630 canus

185 1641 343 1677 AIIophons
363 1644 391 1670 in
416 1644 507 1679 fugam
522 1646 669 1672 convertit.
688 1647 743 1673 llos
761 1648 916 1674 veneranda
930 1656 972 1675 se-

186 1691 284 1713 nectus
300 1691 345 1714 tua
366 1689 521 1722 aemulatur,
544 1698 605 1724 qua}
625 1691 651 1718 in
670 1691 750 1719 bellis
765 1692 876 1726 pietatis
889 1701 971 1721 causa

186 1732 321 1766 susceptis
340 1732 447 1760 fortiter
462 1735 527 1770 agit,
547 1740 571 1762 et
589 1744 637 1770 pro
656 1738 820 1772 evangelicis
839 1739 973 1774 dogmati-

187 1776 238 1804 bus
255 1782 367 1812 pugnat,
381 1779 519 1814 animique
532 1781 672 1809 alacritate
685 1783 801 1817 juvenes
822 1785 970 1812 antecellit.

187 1822 242 1857 Ego
258 1831 324 1850 vero
346 1824 404 1852 lucc
421 1826 538 1853 audiens
550 1827 655 1861 gaudeo
671 1833 698 1855 et
713 1829 799 1861 lsetor,
815 1833 897 1864 atque
913 1839 973 1857 am-

187 1868 290 1902 plexari
308 1877 373 1896 sane
396 1871 501 1905 1212
518 1872 600 1899 velim
620 1874 883 1906 venerandissimam
900 1877 974 1903 cani-

187 1912 251 1939 tiem
271 1918 353 1941 tmnn.
372 1915 424 1942 Sed
447 1915 512 1950 quia
540 1916 593 1944 hoc
613 1917 702 1945 facere
720 1927 837 1953 nequeo,
854 1927 887 1946 eo
900 1920 973 1955 quod

186 1958 316 1991 pietatem
331 1964 404 1986 tuam
418 1960 491 1987 domi
512 1966 641 1989 senectus
654 1962 763 1994 retinet,
786 1972 830 1991 me
842 1972 909 1992 vero
931 1965 975 1992 lex

187 2004 261 2038 regia
284 2004 330 2032 hic
352 2011 471 2039 coercet,
493 2007 661 2036 desiderium
678 2018 769 2037 meum
786 2010 886 2039 litteris
898 2011 973 2044 fallo,

187 2054 214 2075 et
228 2050 323 2083 pietati
343 2056 396 2079 tua:
411 2053 528 2080 salutem
547 2054 762 2082 amantissimam
775 2055 848 2088 dico,
863 2064 975 2091 precor—

187 2102 240 2127 quc
250 2099 278 2121 ut
290 2098 417 2125 confusas
430 2100 550 2126 tumultu
562 2100 699 2129 Ecclesias
710 2102 839 2135 precibus
850 2103 973 2138 adjuves,

187 2148 218 2167 ac
234 2142 300 2168 mihi
317 2151 427 2178 quoque
441 2145 562 2172 divinam
577 2154 656 2180 opem
673 2147 820 2182 impetres,
840 2149 887 2183 qui
910 2157 975 2184 apo-

1021 1552 1174 1588 προσευχὴν
1189 1552 1237 1583 τὰς
1252 1554 1345 1588 χεῖρας
1374 1553 1512 1584 ἐκτείνων,
1528 1552 1573 1579 τὸν
1595 1551 1718 1588 ’Ἁμαλὴκ
1744 1561 1813 1579 κατ-

1022 1596 1157 1630 ηκόντισε·
1171 1595 1218 1621 καὶ
1230 1595 1356 1630 Σαμουὴλ
1365 1595 1379 1621 ὀ
1396 1595 1538 1627 θεσπέσιος
1556 1595 1623 1630 μετὰ
1641 1595 1736 1622 πολιὰν
1748 1596 1812 1626 τοὺς

1022 1640 1186 1674 ἀλλοφύλους
1215 1640 1353 1675 ἐτρέπετο.
1382 1641 1499 1673 Τούτους
1522 1641 1552 1668 τὸ
1584 1641 1733 1675 σεϐάσμιον
1763 1650 1810 1668 σου

1023 1688 1112 1722 γῆρας
1134 1686 1220 1721 ζηλοῖ,
1236 1687 1287 1713 κάν
1305 1688 1362 1718 τοῖς
1384 1687 1455 1722 ὑπὲρ
1469 1687 1611 1718 εὐσεϐείας
1625 1686 1754 1722 πολέμοις
1765 1687 1813 1713 ἀν-

1022 1731 1227 1766 δραγαθίζεται,
1244 1732 1292 1758 καὶ
1303 1732 1357 1758 τῶν
1366 1731 1552 1765 εύαγγελικῶν
1567 1731 1710 1767 δογμάτων
1725 1732 1813 1765 ὑπερ-

1025 1778 1116 1812 μαχεῖ,
1142 1777 1189 1804 καὶ
1204 1778 1267 1808 τοὺς
1284 1777 1359 1809 νέους
1375 1777 1545 1812 ἀποκρύπτει
1560 1779 1593 1812 τῇ
1611 1777 1749 1812 προθυμίᾳ
1762 1778 1812 1812 τῆς

1023 1823 1146 1858 γνώμης.
1164 1823 1234 1857 Ἐγὼ
1254 1823 1281 1850 δὲ
1306 1824 1392 1850 ταῦτα
1406 1824 1511 1850 ἁκούων
1528 1824 1674 1858 γάννυμαι,
1699 1824 1746 1850 καὶ
1768 1824 1813 1850 εὑ·

1024 1869 1184 1904 φραῐνομαι,
1207 1869 1253 1895 καὶ
1265 1868 1482 1904 περιπτύξασθαι
1498 1869 1548 1904 μὲν
1563 1869 1638 1895 ποθῶ
1651 1869 1701 1903 τὴν
1713 1877 1811 1895 σεπτο-

1024 1915 1107 1949 τάτην
1128 1923 1174 1941 σου
1192 1915 1297 1941 πολιάν.
1322 1914 1430 1950 Ἐπειδὴ
1455 1914 1483 1942 δὲ
1514 1914 1609 1941 τούτου
1637 1914 1812 1950 διαμαρτάνω

1026 1960 1084 1996 (τὴν
1098 1961 1146 1995 μὲν
1158 1960 1212 1996 γὰρ
1226 1961 1274 1995 σὴν
1291 1959 1446 1986 θεοσέϐειαν
1459 1959 1528 1986 οἴκοι
1542 1961 1630 1995 γῆρας
1641 1958 1744 1993 ἐπέχει.
1759 1959 1810 1993 ἐμὲ

1024 2006 1052 2032 δὲ
1068 2007 1148 2041 νόμος
1160 2006 1253 2033 ἐνθάδε
1268 2005 1407 2041 καθείργει
1424 2005 1583 2040 βασιλικὸς),
1594 2005 1637 2031 διὰ
1651 2005 1705 2032 τῶν
1722 2013 1814 2040 γραμ-

1027 2051 1120 2086 μάτων
1136 2052 1282 2085 σοφίζομαι
1300 2051 1330 2077 τὸ
1350 2051 1527 2086 ποθούμενον,
1544 2052 1589 2077 καὶ
1600 2051 1747 2085 προσφέρω
1764 2058 1813 2076 σου

1025 2099 1058 2133 τῇ
1079 2097 1201 2132 φιλοθεῖᾳ
1216 2097 1261 2123 τὸν
1280 2097 1342 2132 ἐμοὶ
1368 2097 1574 2132 πανεπέραστον
1590 2096 1746 2131 ἀσπασμὸν,
1766 2097 1813 2122 καὶ

1027 2143 1178 2180 παρακαλῶ
1189 2143 1282 2177 εύχαῖς
1299 2142 1437 2178 ἐπαμῦναι
1456 2144 1515 2174 ταῖς
1540 2142 1713 2177 Ἐκκλησίαις
1729 2141 1813 2176 ζάλης

187 2187 347 2215 stolicorum
363 2189 520 2225 dogmatum
532 2199 614 2219 causa
629 2201 722 2226 vexor,
735 2199 762 2222 et
774 2202 891 2229 superna
904 2203 970 2230 opus

1025 2188 1278 2225 ὲμπεπλησμέναις,
1292 2188 1339 2214 καὶ
1355 2188 1446 2222 μέντοι
1461 2187 1545 2222 κάμοὶ
1559 2187 1608 2222 τὴν
1625 2187 1699 2212 θείαν
1716 2186 1814 2222 προξε-

186 2231 275 2260 habco
290 2234 459 2264 defensione.

187 2364 326 2392 CXXVIII.
342 2382 374 2386 —-
395 2366 513 2396 Candida
539 2370 688 2405 presbytero
710 2376 733 2398 et
749 2373 973 2401 archimandritas.

223 2421 304 2454 Vicit,
320 2426 349 2449 ut
363 2429 484 2458 apparet,
503 2426 559 2453 Deo
576 2426 683 2455 dilecta:
702 2429 798 2456 anima:
811 2434 864 2457 tute
878 2431 975 2457 alaeri-

188 2472 272 2494 ῑιιιριιι
287 2474 424 2502 SCIIEClUS,
446 2476 473 2498 CI.
493 2480 590 2500 manus
610 2478 737 2502 emensas
757 2475 792 2502 de
816 2483 892 2502 more
919 2484 973 2503 non

188 2514 283 2547 habes,
301 2515 418 2550 ideoque
435 2517 545 2545 Amalec
558 2519 668 2547 vincere
680 2525 806 2548 conatur.
821 2521 975 2556 Exsurgant

187 2559 271 2595 igitur
286 2560 452 2589 infirmitatis
467 2565 605 2598 adjutores
620 2566 714 2600 aliqui,
730 2567 801 2594 sicut
812 2567 877 2595 olim
893 2568 929 2595 Or
947 2573 975 2595 et

186 2605 277 2632 Aaron
300 2606 465 2641 Iegislatoris
489 2617 586 2637 manus
616 2612 809 2639 sustentabant.
827 2613 859 2644 ",
891 2617 920 2640 ut
946 2617 974 2640 ct

186 2650 297 2678 Amalec
308 2651 445 2686 destruas,
457 2659 485 2681 et
495 2653 624 2682 Israclem
641 2664 796 2684 conserves.
812 2658 890 2685 Nunc
900 2659 972 2685 cnim

188 2695 304 2724 maxime
327 2699 455 2732 precibus
483 2700 679 2729 intentioribus
700 2707 742 2729 est
765 2711 843 2737 opus.
874 2703 974 2731 Gnecis

187 2740 299 2774 quidem
323 2746 350 2768 et
380 2743 480 2772 Iudaeis
503 2749 584 2779 atque
608 2746 744 2774 haereticis
766 2747 894 2775 omnibus
907 2756 974 2782 pace

224 2819 244 2834 “
259 2819 344 2847 Exod.
359 2828 421 2854 xvn,
438 2822 479 2848 12.

1025 2237 1104 2272 νῆσαι
1125 2235 1226 2269 ῥοπὴν,
1243 2234 1314 2269 ὑπὲρ
1335 2234 1384 2268 μὲν
1399 2234 1453 2260 τῶν
1475 2233 1661 2260 ἀποστολικῶν
1678 2233 1812 2268 πολεμου-

1028 2282 1101 2318 μένῳ
1131 2281 1291 2315 δογμάτων,
1312 2280 1431 2315 δεομένῳ
1456 2279 1484 2305 δὲ
1500 2279 1550 2313 τῆς
1574 2279 1677 2306 ἄνωθεν
1702 2279 1813 2314 ἀντιλή-

1026 2329 1108 2362 ψεως.

1027 2375 1117 2401 ΡΚΗ’.
1129 2389 1164 2395 --
1172 2373 1307 2404 Κανδίδῳ
1318 2371 1508 2406 πρεσϐυτέρῳ
1518 2371 1567 2398 καὶ
1584 2370 1811 2405 ἁρχιμιινδριτῃ.

1067 2430 1218 2465 Ἐνίκησεν,
1232 2430 1270 2461 ὡς
1286 2429 1368 2460 ἔοικε,
1389 2427 1420 2455 τὸ
1438 2428 1526 2463 γῆρας
1546 2428 1595 2462 τῆς
1609 2426 1749 2460 Θεοφιλοῡς
1765 2434 1813 2452 σου

1024 2478 1113 2512 ψυχῆς
1125 2477 1173 2512 τὴν
1188 2476 1352 2512 προθυμίαν,
1370 2475 1416 2501 καὶ
1430 2474 1480 2505 τὰς
1493 2475 1586 2509 χεῖρας
1601 2475 1651 2500 οὐκ
1665 2474 1736 2508 ἔχεις
1751 2481 1814 2498 συν-

1026 2522 1098 2558 ήθως
1107 2522 1300 2556 ὲκτεταμένας·
1316 2521 1359 2548 διά
1370 2529 1410 2547 τοι
1426 2519 1561 2547 τοῦτοκαὶ
1574 2520 1722 2554 φιλονεικεῖ
1734 2519 1813 2554 νικᾷν

1025 2568 1039 2593 ὁ
1065 2568 1196 2603 ’Δμαλήκ.
1216 2568 1234 2593 Γ
1237 2567 1388 2594 ενέσθωσαν
1402 2566 1491 2593 τοίνυν
1509 2566 1579 2596 τινὲς
1601 2566 1740 2600 ἐπίκουροι
1762 2565 1814 2599 τῆς

1027 2612 1182 2644 ἀσθενείας,
1213 2612 1339 2647 καθάπερ
1360 2611 1443 2638 πάλαι
1469 2611 1533 2637 ποτε
1557 2611 1605 2646 Ὢρ
1634 2611 1681 2637 καὶ
1707 2610 1814 2645 Ἀαρὼν

1028 2657 1207 2692 ὑπεστήριζον
1224 2655 1270 2682 τοῦ
1288 2655 1431 2691 νομοθέτου
1450 2655 1498 2687 τὰς
1513 2657 1615 2690 χεῖρας,
1640 2655 1683 2682 ἵνα
1705 2655 1751 2682 καὶ
1768 2655 1813 2681 τον

1033 2701 1159 2737 Ἀμαλὴκ
1169 2701 1348 2737 καταλεύσῃς,
1357 2701 1402 2728 καὶ
1416 2701 1462 2727 τὸν
1478 2700 1584 2735 Ἰσραὴλ
1599 2700 1743 2736 διασώσῃς.
1756 2700 1814 2726 Νῦν

1029 2749 1082 2783 γὰρ
1107 2748 1223 2783 μάλιστα
1242 2747 1455 2782 σπουδαιοτέρων
1470 2747 1510 2773 δεῖ
1532 2747 1699 2782 προσευχῶν,
1720 2746 1812 2781 Ἐλλή-
