1945 3058
107 177 172 211 1341

767 176 947 206 EPISTULA
967 177 1079 209 CXXX.

1663 177 1733 209 1342

104 244 159 264 νων
187 235 235 271 μὲν
256 235 302 261 καὶ
329 234 480 267 Ἰουδαίων,
507 234 553 260 καὶ
581 233 670 269 πάσης
701 234 893 269 είρηνευούσης

953 235 1112 268 "ruentibus,
1128 237 1186 263 sola
1208 241 1300 263 autem
1316 235 1437 262 Ecclesia
1460 239 1650 270 tempestatem
1666 244 1731 270 pru-

105 283 246 317 αίρέσεως,
271 281 354 316 μόνης
377 281 405 307 δὲ
427 281 476 315 τῆς
495 279 656 314 Ἐκκλησίας
682 279 892 314 χειμαζομένης,

106 329 153 354 καὶ
177 327 344 362 παγχαλέπῳ
369 326 484 353 κλύδωνι
508 324 720 360 περιπεσούσης.
745 326 798 351 Καὶ
815 326 893 360 ἡμεῖς

105 374 134 400 δὲ
155 373 337 408 διαφερόντως
360 373 408 407 τῆς
424 371 479 398 τῶν
499 371 640 406 ὑμετέρων
659 370 816 405 προσευχῶν
839 370 895 396 δεό-

108 418 178 453 μεθα
195 417 329 452 βοηθείας,
351 416 397 443 καὶ
411 415 464 442 τῶν
478 415 662 450 νομισθέντων
686 413 894 448 συναγωνιστῶν

106 463 374 497 ἀνταγωνιζομένων.

106 519 193 546 PKQ.
208 535 242 539 —
254 519 363 554 Μάγνῳ
379 517 544 554 Ἀντωγινῳ
565 516 754 554 :ggsa'é’vtépqt
773 516 822 543 καὶ
840 516 892 549 dp-

372 552 549 588 χιμανδρίτῃ
564 551 629 587 (91).

142 610 211 641 Τοὺς
233 610 281 645 μὲν
300 609 409 644 νύκτωρ
432 608 562 639 πλέοντας
582 609 608 634 οἱ
629 607 684 634 τῶν
698 607 815 643 λιμένων
829 608 896 643 ψυχ-

107 656 245 690 αγωγοῦσι
261 655 370 690 πυρσοί·
391 654 453 685 τοὺς
471 654 499 680 δὲ
522 654 572 687 τῆς
588 654 769 688 ἁποστολικῆς
783 663 893 689 προκινο

107 701 266 732 δυνεύοντας
281 700 409 732 πίστεως,
422 699 476 726 τῶν
490 699 646 734 ὁμοπίστων
657 700 670 726 ό
681 699 771 734 ζῆλος.
789 699 895 735 Ἰκανὴν

107 747 196 773 τοίνυν
223 746 321 781 ἔχομεν
349 745 515 780 παραψυχὴν
540 746 590 779 τῆς
607 744 743 779 ὑμετέρας
758 745 896 779 φιλοθεῖας

107 793 169 824 τοὺς
189 792 258 826 ὑπὲρ
285 791 338 817 τῶν
363 791 443 818 θείων
458 791 599 826 δογμάτων
617 791 725 824 ἀγῶνας
741 790 895 821 ἀκούοντες.

107 838 163 864 Καὶ
176 838 231 872 γὰρ
250 837 350 872 ταύτην
365 838 429 872 ὑμῖν
455 837 503 872 τὴν
529 836 641 871 γνώμην
662 837 677 862 ὁ
700 836 896 871 Μεγαλόδωρος

108 884 272 918 ἐδωρήσατο,
296 883 342 909 καὶ
366 883 415 916 τῆς
437 882 540 908 τούτων
555 881 637 907 ἕνεκα
654 881 778 916 φυλακῆς
807 881 895 907 πάντα
913 901 933 927 Β

109 929 189 955 πόνον
204 928 354 962 είσφέρετε.
385 927 455 961 Ἐγὼ
480 927 507 954 δὲ
529 927 572 953 διὰ
591 928 640 961 τῆς
670 927 806 962 ὑμετέρας
829 926 897 961 ψυχ-

109 975 302 1009 αγωγούμενος
319 973 474 1008 προθυμίας
500 974 600 1008 μικρὰν
617 972 750 999 ἀντίδοσιν
764 972 893 1007 είσφέρω,

109 1019 162 1045 τῶν
181 1018 294 1052 ἀγώνων
317 1019 389 1053 ὑμᾶς
405 1018 460 1044 τῶν
483 1017 561 1044 θείων
585 1017 695 1052 ἔχεσθαι
721 1016 896 1052 παρακαλῶν,

109 1064 158 1090 καὶ
180 1065 234 1090 τῶν
260 1064 413 1089 ἀντιπάλων
429 1063 466 1094 ὼς
492 1062 635 1089 εὐαλώτων
663 1064 842 1097 καταφρονεῖν
860 1061 900 1097 (τι

109 1109 162 1143 γὰρ
179 1107 371 1143 ἀσθενέστερον
385 1107 439 1133 τῶν
455 1108 504 1142 τῆς
528 1107 656 1142 ἀληθείας
674 1107 895 1142 ἐστερημένων),

111 1153 269 1180 πεποιθέναι
286 1154 314 1180 δὲ
328 1153 365 1187 τῷ
380 1153 493 1180 εἰπόντι·
513 1163 522 1178 ε
540 1153 577 1179 Οὺ
597 1154 633 1188 μή
651 1161 679 1179 σε
698 1153 764 1184 ἀνῶ,
784 1153 844 1179 οὐδὲ
860 1153 897 1188 μή

112 1208 141 1226 σε
152 1199 343 1232 ἐγκαταλίπω·
361 1208 369 1224 ι
388 1198 452 1225 καί·
473 1208 482 1224 ‹
507 1199 573 1225 Ἰδοὺ
593 1198 648 1232 ἐγὼ
663 1198 722 1233 μεθ’
745 1198 820 1233 ὑμῶν
841 1199 898 1233 εἰμι

112 1243 201 1273 πάσας
217 1242 266 1273 τὰς
282 1243 388 1277 ἡμέρας
398 1243 449 1274 ἓως
466 1243 515 1277 τῆς
532 1243 686 1274 συντελείας
700 1243 746 1269 τοῦ
762 1243 868 1274 αἰῶνος.
886 1252 895 1268 ι

118 1288 292 1322 Ἐπαμύνατε
312 1288 340 1314 δὲ
358 1288 443 1323 κάμοὶ
461 1289 520 1319 ταῖς
536 1290 713 1323 προσευχαῖς,
730 1290 774 1315 ἵνα
789 1289 898 1324 θαρρῶν

112 1333 238 1367 ὲπιλέγωε
255 1343 264 1359 ε
284 1333 384 1369 Κύριος
401 1333 463 1367 ἐμοὶ
475 1333 580 1368 βοηθὸς,
597 1334 643 1360 καὶ
653 1335 683 1361 οὺ
698 1334 898 1370 φοϐηθήσομαι,

111 1377 138 1404 τι
148 1379 255 1412 ποιήσει
271 1387 316 1412 μοι
328 1378 480 1413 ἄνθρωπος.
500 1387 509 1403 ι

282 1433 344 1460 PA’.
355 1448 390 1454 —-
406 1434 534 1469 Τιμοθέῳ
559 1435 725 1467 ἐπισκόπει).

149 1491 186 1517 Οὐ
206 1491 294 1526 μάτην
312 1491 366 1526 ἄρα
382 1491 435 1518 τῶν
448 1492 516 1518 ὅλων
538 1493 551 1518 ὁ
563 1492 743 1527 κυϐερνήτης
763 1495 901 1529 συγχωρεῖ

112 1539 168 1569 τοῖς
185 1539 320 1572 πνεύμασι
340 1539 395 1570 τοῖς
413 1538 543 1569 ἐναντίοις
558 1538 690 1573 διεγεῖραι
706 1539 755 1573 τῆς
772 1539 899 1571 ἀσεϐείας

113 1585 146 1611 τὰ
171 1584 292 1620 κύματα’
317 1585 375 1611 ἀλλ’
402 1585 445 1610 ἵνα
471 1585 524 1610 τῶν
550 1584 685 1611 πλεόντων
705 1585 835 1620 βασανίσῃ
851 1586 899 1616 τὰς

112 1629 234 1664 γνώμας,
253 1630 298 1655 καὶ
312 1628 365 1655 τῶν
382 1629 429 1664 μὲν
447 1629 496 1662 τὴν
519 1629 630 1663 ἀνδρίαν
644 1628 786 1664 γυμνώσῃ,
803 1629 857 1655 τῶν
872 1630 900 1655 δὲ

112 1675 162 1710 τὴν
173 1675 274 1701 δειλίαν
288 1674 394 1710 ἐλέγξῃ·
411 1675 458 1701 καὶ
472 1675 535 1706 τοὺς
556 1675 605 1709 μὲν
617 1675 666 1709 τῆς
682 1675 821 1707 εὐσεϐείας
834 1675 901 1708 ἐξω-

114 1719 160 1745 θεν
177 1719 386 1754 περικειμένους
403 1719 509 1754 μορφὴν
525 1719 644 1753 γυμνοὺς
657 1719 730 1754 δείξῃ
748 1720 802 1746 τῶν
817 1729 902 1755 προσ-

113 1764 234 1794 ωπείων.
251 1764 314 1795 τοὺς
333 1763 361 1790 δὲ
390 1764 441 1798 τῆς
470 1764 599 1798 ἀληθείας
615 1764 773 1800 ἀνακηρύξῃ
796 1766 902 1800 προμά-

113 1819 188 1846 χους,
209 1810 293 1836 Τοῦτο
318 1810 364 1836 καὶ
381 1809 428 1836 νῦν
447 1809 628 1844 γεγενημένον
650 1810 833 1844 ἐθεασάμεθα.
849 1809 901 1836 Τοῦ

113 1855 168 1891 γὰρ
192 1855 324 1891 χειμῶνος
338 1856 549 1887 ἐπαναστάντος,
565 1856 589 1881 οἱ
611 1855 659 1890 μὲν
677 1855 838 1890 ἐγύμνωσαν
854 1857 902 1890 τὴν

115 1902 309 1936 κεκρυμμένην
337 1901 477 1932 ἀσέϐειαν,
502 1902 527 1927 οἱ
549 1902 577 1927 δὲ
598 1900 750 1936 προῦδοσαν
770 1901 802 1936 ἣν
830 1899 903 1936 εἶχον

115 1947 255 1982 ἀλήθειαν,
268 1946 314 1974 καὶ
326 1947 375 1981 τῆς
385 1947 438 1973 τῶν
452 1946 606 1973 ἀντιπάλων
619 1946 741 1980 ἐγένοντο
753 1947 902 1982 φάλαγγος,

116 1993 164 2019 καὶ
182 1992 250 2028 μετὰ
266 1993 378 2019 ἐκείνων
394 1992 535 2027 βάλλουσιν
552 1992 600 2023 οὓς
615 1993 741 2028 ἀριστέας
752 1993 903 2028 ὠνόμαζον.

117 2039 148 2064 Οἱ
164 2038 192 2064 δὲ
206 2038 291 2064 ταῦτα
309 2037 426 2073 ὁρῶντες
439 2058 445 2068 ,
461 2038 525 2069 τοὺς
548 2038 596 2072 μὲν
617 2038 762 2073 πολεμίους
778 2039 902 2072 μισοῦσι,

115 2081 179 2112 τοὺς
193 2081 220 2107 δὲ
236 2081 401 2116 αὐτομόλους
419 2080 558 2117 θρηνοῦσι,
572 2083 627 2114 τοίς
641 2083 668 2108 δὲ
684 2083 754 2118 ὑπὲρ
769 2083 822 2109 τῶν
837 2084 905 2110 ἀπο-

117 2126 247 2153 στολικῶν
264 2127 478 2162 πολεμουμένοις
497 2127 639 2162 δογμάτων
664 2129 794 2162 ἐπαρκεῖν
816 2129 904 2164 ὀῤῥω-

116 2171 217 2198 δοῦσιν.
236 2171 267 2198 Εἰ
281 2172 309 2198 δὲ
328 2171 375 2197 καὶ
393 2172 543 2207 βιαιότερον
563 2173 654 2204 αὐτοῖς
668 2174 691 2200 οἱ
707 2174 906 2209 προδεδωκότες

117 2217 263 2248 ἐπίθοιντο,
279 2217 349 2250 τάχα
370 2216 401 2250 δὴ
423 2218 468 2243 καὶ
483 2218 559 2244 αὑτοὶ
575 2218 628 2244 τῶν
643 2218 805 2251 τοξευόντων
826 2221 903 2255 γενή-

118 2271 219 2294 σονται,
242 2262 289 2288 καὶ
303 2262 356 2288 τῶν
374 2264 528 2298 ὀμοπίστων
540 2264 570 2290 οὐ
584 2265 732 2298 φείσονται,
749 2265 817 2292 ἀλλὰ
833 2266 905 2293 κατὰ
915 2271 921 2275 ’

117 2309 220 2334 τούτων
235 2309 298 2339 τοὺς
315 2308 454 2343 καλάμους
469 2310 537 2344 μετὰ
556 2310 609 2336 τῶν
627 2311 678 2337 ὑπὸ
696 2311 771 2344 σφῶν
786 2320 906 2347 κατηγο-

121 2354 258 2389 ρουμένων
275 2353 421 2388 ὡθήσουσι·
441 2355 585 2382 καὶταῦτα
610 2357 685 2391 παρὰ
707 2358 755 2392 τῆς
773 2357 847 2388 θείας
866 2358 906 2384 δε-

118 2399 273 2434 διδαγμένοι
295 2400 415 2435 Γραφῆς,
431 2400 469 2431 ὼς
493 2401 524 2426 τὸ
547 2401 596 2435 μὲν
615 2401 740 2436 ἀδικῆσαι
754 2402 799 2430 τὸν
822 2402 906 2435 πέλας

118 2445 255 2480 τιμωρίας
279 2445 438 2478 ὑπεύθυνον,
462 2446 492 2472 τὸ
508 2446 535 2472 δέ
550 2455 581 2480 γε
601 2447 762 2482 ἀδικηθῆναι
786 2448 839 2475 τῶν
859 2458 906 2483 με-

120 2491 209 2525 γάλων
232 2491 278 2518 καὶ
292 2491 418 2526 διαρκῶν
446 2492 607 2518 ἀντιδόσεων
637 2493 775 2528 πρόξενον.
802 2495 857 2529 Τῆς
878 2494 906 2522 δὲ

121 2537 171 2571 σῆς
193 2537 357 2569 θεοσεϐείας.
386 2538 433 2564 καὶ
455 2538 501 2564 τὸν
519 2539 588 2573 ὑπὲρ
608 2538 658 2573 τῆς
683 2538 800 2571 πίστεως
815 2539 905 2574 ζῆλον,

121 2582 166 2608 καὶ
184 2582 232 2618 τὴν
243 2583 307 2618 περὶ
317 2584 390 2618 ἡμᾶς
404 2582 510 2620 εὔνοιαν
524 2580 602 2615 οὗτος
616 2585 630 2610 ὁ
645 2584 747 2610 κλύδων
758 2585 905 2617 ἐπέδειξεν.

120 2627 176 2653 Καὶ
190 2629 244 2663 γὰρ
262 2629 302 2660 δὶς
318 2629 385 2664 ἡμῖν
398 2629 568 2661 ἐπέστειλας,
585 2629 639 2655 τῶν
650 2629 843 2666 δεδιττομένων
859 2640 907 2657 κα-

121 2672 305 2707 ταφρονήσας,
331 2674 378 2700 καὶ
404 2674 452 2709 τὴν
480 2674 627 2710 ἀδελφικὴν
652 2675 842 2711 φιλοστοργίαν
863 2676 907 2703 διὰ

121 2716 177 2742 τῶν
203 2719 374 2752 γραμμάτων
396 2720 545 2755 ἐδήλωσας,
572 2721 619 2747 καὶ
636 2720 682 2753 οὓς
706 2722 777 2756 ἔχεις
800 2722 907 2756 ἀγῶνας

156 2793 180 2810 ⁸⁸
193 2794 275 2821 Josue
290 2802 308 2825 ι,
321 2795 346 2821 5.

158 2859 214 2895 (9')
239 2859 349 2894 Μάγνῳ,

389 2861 520 2896 Ἀντωνίῳ
535 2882 541 2893 ,
570 2864 701 2898 πρτσὸυτέ
707 2872 762 2895 ρῖις

946 283 1097 317 cellamque
1123 283 1312 317 gravissimam
1339 282 1503 310 sustinente.
1524 282 1579 308 Nos
1593 289 1657 308 vero
1678 290 1734 316 prae

945 328 1050 354 caeteris
1075 335 1187 362 precum
1224 332 1378 354 vestrarum
1403 327 1506 354 auxilio
1537 327 1702 361 indigemus,
1726 330 1732 338 '

945 373 999 400 illis
1022 373 1089 408 ipsis
1112 381 1162 400 nos
1178 373 1227 408 qui
1249 380 1424 408 propugnare
1442 371 1625 398 credebantur
1643 371 1733 405 impu-

945 419 1103 453 gnantibus.

1002 521 1121 549 CXXIX.
1143 536 1177 540 -—
1194 519 1291 555 Magno
1311 520 1444 547 Antonino
1467 518 1620 553 presbytero
1647 521 1671 544 et

1228 554 1454 582 archimandritiz.

981 613 1035 640 Eos
1045 611 1091 646 qui
1106 616 1188 639 noctu
1200 611 1330 645 navigant
1350 613 1480 644 portuum
1502 608 1575 635 faces
1591 607 1734 634 consolan-

946 662 1001 691 tur;
1015 666 1064 692 pro
1078 658 1182 692 1213
1201 657 1253 684 ﬁde
1266 664 1331 683 vero
1347 655 1521 686 dimicantes,
1537 653 1647 680 illorum
1659 653 1735 679 zelus

946 704 993 739 qui
1010 704 1133 730 eamdem
1145 702 1227 730 simul
1241 702 1323 729 ﬁdem
1338 703 1444 728 tenent.
1466 699 1657 726 Abundantem
1670 705 1734 732 ergo

946 749 1080 776 habemus
1102 747 1330 779 consolationem,
1349 753 1411 772 eum
1432 744 1544 779 pietatis
1568 748 1665 773 vcstrie
1685 750 1735 776 pro

947 793 1048 820 divinis
1063 792 1238 827 dogmatibus
1255 798 1357 826 agones
1375 790 1514 817 audimus.
1541 789 1616 816 llanc
1632 787 1735 815 etenim

946 839 1025 866 vobis
1032 842 1151 865 mentem
1162 837 1256 872 injecit
1264 835 1411 863 muniﬁcus
1423 835 1558 869 Largitor,
1570 838 1600 860 ut
1612 841 1661 868 pro
1678 833 1737 860 illo-

947 891 1008 909 rum
1021 882 1146 909 custodia
1161 881 1267 908 nullum
1288 880 1409 907 laborem
1426 878 1576 913 refugiatis.
1592 878 1648 912 Ego
1670 885 1735 904 vero

950 929 1000 956 hac
1024 933 1114 955 vestra
1139 927 1280 954 alacritate
1302 929 1442 952 recreatus
1463 924 1588 959 exiguam
1611 923 1735 950 retribuo

948 974 1122 1005 mercedem,
1155 976 1186 999 ut
1213 973 1241 999 in
1265 970 1367 999 divinis
1392 970 1526 1005 agonibus
1554 969 1737 1004 perseveretis

948 1026 1031 1045 orans
1053 1022 1081 1044 et
1098 1017 1271 1045 adversarios
1284 1019 1314 1042 ut
1332 1019 1413 1050 captu
1434 1014 1528 1042 faciles
1555 1013 1736 1041 eontemnatis

949 1063 1038 1099 (quid
1063 1063 1136 1089 enim
1165 1061 1330 1088 imbecillius
1345 1064 1388 1087 est
1411 1059 1445 1086 iis
1464 1059 1510 1094 qui
1535 1059 1650 1086 veritate
1674 1061 1738 1085 sunt

949 1106 1125 1141 destituti?),
1143 1107 1168 1133 ei
1181 1110 1273 1133 autem
1286 1105 1430 1133 conﬁdatis
1442 1104 1489 1139 qui
1505 1103 1574 1130 dixit
1589 1111 1595 1129 :
1614 1112 1622 1128 ‹
1634 1103 1692 1130 Non
1711 1106 1737 1129 te

949 1153 1088 1184 deseram,
1111 1160 1199 1187 neque
1220 1156 1246 1179 te
1271 1151 1460 1186 derelinquam
1479 1150 1517 1183 1’²;
1537 1159 1546 1175 ι
1572 1154 1600 1176 et
1617 1159 1623 1176 :
1642 1159 1650 1174 ι
1666 1149 1737 1176 Ecce

949 1206 999 1233 ego
1014 1198 1157 1225 vobiscum
1173 1205 1233 1224 sum
1248 1196 1377 1223 omnibus
1398 1195 1497 1223 diebus
1512 1202 1599 1229 usque
1617 1194 1650 1221 ad
1672 1202 1738 1222 con-

949 1243 1160 1271 summationem
1174 1242 1267 1269 saeculi
1280 1242 1314 1268 ⁵⁸.
1336 1251 1345 1267 ι
1366 1241 1501 1276 Adjuvate
1517 1240 1601 1267 etiam
1617 1248 1660 1267 me
1678 1247 1740 1274 pre-

949 1289 1038 1321 cibus,
1052 1293 1082 1315 ut
1099 1288 1215 1315 ﬁdenter
1231 1287 1359 1321 adjiciam
1379 1297 1385 1314 :
1404 1296 1413 1312 ‹
1429 1286 1562 1313 Dominus
1578 1285 1646 1312 mihi
1664 1285 1740 1320 adju-

950 1340 1002 1369 tor,
1019 1340 1047 1362 et
1063 1342 1119 1362 non
1132 1334 1234 1361 timebo
1248 1333 1315 1368 quid
1327 1333 1409 1360 faciat
1420 1332 1491 1368 mihi
1502 1332 1585 1359 homo
1594 1331 1628 1358 δ’.
1643 1340 1653 1357 ι

1126 1440 1233 1468 CXXX.
1243 1456 1278 1461 ——
1293 1440 1424 1467 Timotheo
1443 1441 1570 1475 episcopo.

985 1497 1045 1524 Non
1071 1497 1120 1524 ahs
1143 1504 1171 1523 re
1190 1496 1318 1523 videlicet
1332 1494 1498 1522 adversariis
1521 1494 1664 1529 spiritibus
1677 1501 1740 1528 per—

950 1542 1036 1569 mittit
1056 1542 1177 1569 omnium
1202 1542 1303 1568 Rector
1322 1545 1353 1568 ut
1377 1540 1526 1575 impietatis
1546 1540 1645 1567 fluetus
1678 1547 1744 1566 con-

952 1586 1096 1618 citent,sed
1110 1594 1143 1614 eo
1159 1586 1222 1618 ﬁne,
1245 1589 1275 1612 ut
1296 1585 1483 1620 navigantium
1511 1584 1618 1612 animos
1645 1584 1740 1618 explo-

952 1638 1015 1664 ret,
1043 1637 1126 1666 atque
1161 1631 1276 1658 aliorum
1304 1630 1494 1657 fortitudinem
1523 1633 1646 1664 retegat,
1672 1629 1742 1655 alio—

952 1686 1013 1705 rum
1046 1677 1220 1704 timiditatem
1253 1680 1399 1711 coarguat;
1430 1679 1458 1702 et
1491 1675 1524 1701 iis
1551 1674 1663 1708 quidem
1693 1673 1740 1708 qui

952 1729 1093 1751 externam
1107 1716 1214 1750 [autum
1227 1722 1337 1757 pictatis
1347 1721 1467 1756 speciem
1477 1720 1579 1747 habent
1595 1727 1740 1754 personam

952 1770 1066 1801 adimat,
1080 1769 1206 1796 veritatis
1225 1772 1317 1795 autem
1337 1768 1497 1794 defensores
1511 1773 1574 1792 cum
1591 1765 1672 1793 laude
1696 1772 1742 1791 re-

953 1815 1074 1842 nuntiet.
1098 1814 1156 1841 Hoc
1184 1821 1258 1840 nunc
1290 1813 1373 1839 etiam
1406 1811 1507 1838 factum
1541 1810 1741 1844 perspeximus.

954 1862 1055 1888 Exorta
1070 1860 1144 1887 enim
1157 1862 1318 1894 tempestate
1335 1857 1381 1885 alii
1397 1857 1562 1884 occultatam
1575 1855 1742 1889 impietatem

955 1905 1154 1941 patefecerunt,
1182 1904 1228 1930 alii
1250 1911 1332 1938 quam
1353 1902 1482 1929 tenebant
1497 1901 1640 1927 veritatem
1662 1899 1743 1926 dese-

955 1953 1081 1981 ruerunt,
1095 1948 1128 1976 ad
1146 1948 1323 1981 hostiumque
1336 1951 1428 1981 partes
1449 1945 1627 1976 transierunt,
1641 1948 1669 1971 et
1682 1950 1742 1970 cum

955 1995 1010 2022 illis
1026 2001 1074 2021 eos
1089 1993 1194 2021 feriunt
1205 2000 1275 2027 quos
1287 1991 1404 2018 maxime
1418 1994 1546 2017 strenuos
1559 1988 1742 2023 appellabant.

955 2040 1007 2073 Qui
1024 2047 1089 2067 vero
1114 2039 1173 2066 hare
1193 2039 1348 2069 intuentur,
1372 2037 1465 2063 hostes
1483 2034 1594 2070 quidem
1614 2033 1743 2065 oderunt,

957 2085 1167 2119 desertoresque
1187 2084 1292 2118 lugent,
1314 2082 1362 2110 scd
1383 2080 1491 2116 1215
1506 2081 1540 2107 iis
1553 2080 1599 2114 qui
1612 2080 1744 2114 apostoli-

957 2139 1053 2158 corum
1077 2130 1233 2165 dogmatum
1258 2135 1341 2155 causa
1364 2131 1558 2162 oppugnantur
1575 2133 1654 2161 opem
1673 2125 1744 2152 ferre

956 2177 1162 2212 pertimescunt.
1171 2174 1248 2208 Quod
1255 2174 1278 2201 si
1291 2174 1383 2202 acrius
1394 2173 1455 2200 illos
1463 2176 1577 2208 urgeant
1588 2171 1743 2205 transfugae,

923 2239 945 2265 ο
956 2221 1073 2249 fortasse
1086 2225 1113 2248 et
1125 2221 1178 2255 ipsi
1190 2220 1223 2247 ad
1241 2219 1423 2254 iaculantium
1436 2225 1581 2245 numerum
1601 2217 1744 2248 accedent,

958 2267 1076 2302 ﬁdeique
1098 2266 1272 2294 consortibus
1295 2274 1350 2293 non
1370 2269 1495 2301 parcent,
1519 2263 1567 2291 sed
1588 2263 1701 2298 sagittas
1717 2262 1745 2288 in

958 2314 1020 2341 illos
1032 2320 1094 2339 cum
1114 2312 1148 2339 iis
1170 2313 1279 2339 mittent
1292 2319 1362 2346 quos
1375 2311 1486 2345 ipsimet
1499 2313 1628 2336 accusant
1642 2317 1648 2334 :
1663 2307 1747 2342 idque

958 2367 1021 2386 cum
1049 2366 1083 2385 ex
1098 2357 1190 2384 divina
1213 2357 1354 2392 Scriptura
1371 2356 1536 2388 didicerint,
1548 2359 1577 2381 et
1593 2361 1680 2388 pinnae
1690 2353 1742 2380 ob-

958 2405 1070 2432 noxiam
1086 2411 1146 2432 esse
1167 2403 1295 2439 injuriam
1321 2403 1349 2429 in
1373 2401 1538 2437 proximum,
1555 2404 1583 2426 et
1608 2406 1703 2434 magna
1714 2405 1747 2424 ac

959 2450 1069 2478 stabilia
1086 2449 1197 2484 prmmia
1214 2448 1335 2476 ferendis
1348 2447 1458 2482 injuriis
1481 2444 1643 2480 comparari.
1658 2443 1747 2470 Pieta-

960 2497 995 2524 tis
1005 2498 1014 2507 '
1026 2504 1108 2531 porro
1122 2500 1175 2522 tua:
1189 2498 1218 2522 et
1233 2494 1322 2521 zelum
1335 2501 1385 2528 pro
1405 2493 1469 2524 ﬁde,
1487 2496 1515 2519 et
1528 2489 1745 2518 benevolentiam

959 2550 1024 2577 erga
1038 2549 1088 2569 nos
1100 2541 1219 2576 procella
1235 2540 1286 2568 ista
1298 2538 1507 2567 demonstravit.
1527 2537 1595 2564 Nam
1612 2540 1641 2562 ct
1657 2535 1700 2562 bis
1712 2535 1747 2561 ad

958 2596 1009 2615 nos
1020 2586 1167 2622 scripsisti,
1180 2593 1230 2613 eos
1245 2591 1379 2620 spernens
1393 2583 1441 2618 qui
1454 2581 1641 2613 deterrebant,
1653 2584 1680 2608 et
1692 2580 1746 2607 fra-

958 2636 1067 2660 ternum
1081 2638 1204 2658 amorem
1223 2638 1273 2665 per
1292 2629 1400 2657 litteras
1421 2626 1577 2658 ostendisti,
1597 2629 1626 2652 ct
1645 2630 1746 2660 agones

958 2677 1085 2705 indicasti
1097 2684 1170 2711 quos
1186 2683 1237 2710 pro
1262 2673 1419 2710 apostolicis
1436 2671 1609 2707 dogmatibus
1625 2669 1745 2697 sustine-

958 2723 1017 2750 has.
1036 2721 1169 2749 Mandasti
1191 2720 1264 2748 enim
1290 2723 1320 2747 ut
1343 2717 1538 2748 scriberemus,
1562 2721 1685 2750 quamam
1712 2713 1747 2740 de

385 2794 407 2810 ’⁸⁸
419 2794 514 2823 Matth.
533 2804 623 2828 xxviii,
638 2797 682 2824 20.
721 2797 742 2814 ’⁸⁵
761 2798 831 2825 Psal.
849 2805 929 2830 cxvu,
948 2797 974 2824 6.

776 2885 782 2897 ,
809 2865 904 2899 ἀρχιμ.
927 2865 1010 2898 Neap.
1030 2863 1069 2891 Ad
1082 2864 1178 2904 plures
1194 2863 1305 2898 quidem
1316 2861 1430 2897 epistola
1440 2859 1543 2894 scripta
1556 2860 1672 2888 videtur.
