1945 3058
178 135 244 165 13:23

677 138 919 168 THEDDOILETI
940 139 1108 169 EPISCOPI
1124 139 1306 170 CYRENSIS

1734 137 1808 170 1344

176 187 290 215 salutari
314 189 439 222 passione
465 189 613 222 praedicare
641 191 683 217 vel
705 191 807 218 sentire
825 196 960 226 oporteat.

1016 192 1081 227 ὒπὲρ
1100 193 1154 219 τῶν
1170 192 1356 219 ἁποστολικῶν
1372 192 1514 227 δογμάτων
1529 192 1679 228 ὲμήνυσας.
1694 193 1806 229 Γράψαι

176 233 232 268 Ego
244 241 308 259 vero
323 233 448 267 petitioni
467 238 519 260 tuae
539 234 656 261 libenter
672 235 829 267 obsecutus,
852 244 884 263 ea
901 244 961 270 qua:

177 287 191 305 a
206 287 282 306 sacra
297 279 438 313 Scriptura
453 284 480 306 et
496 288 511 306 a
530 281 655 308 Patribus
672 282 719 316 qui
733 282 803 309 hanc
824 290 959 316 exposue-

177 328 240 350 runt
261 323 408 356 condidici,
434 330 560 360 prompto
583 327 674 353 animo
701 327 827 360 referam,
850 336 904 355 non
930 331 961 355 ut

176 369 298 400 doceam,
318 368 365 396 sed
383 373 413 396 ut
430 370 514 397 charo
537 371 593 398 Deo
608 371 691 406 capiti
717 379 843 400 revocem
859 373 886 400 in
901 380 960 400 me-

175 422 288 441 ἰΙὶΟΓΙῖΗΙΙ
294 435 298 440 .

213 505 287 533 Scito
302 506 395 541 igitur,
416 508 471 535 Deo
485 508 673 542 dilectissime,
686 514 814 544 oportere
831 514 894 538 ante
907 510 960 538 alia

175 551 266 578 omnia
284 553 426 580 nominum
442 554 626 582 differentiam
641 559 882 590 cognoscere,tum
893 563 961 590 prae-

145 602 148 607 '
177 600 251 624 terea
276 605 388 625 causam
408 599 507 627 divinae
520 600 726 628 incarnationis.
755 601 802 628 llis
819 601 893 628 enim
915 601 960 628 di-

176 641 284 669 stinctis
306 647 387 677 atque
405 645 552 679 pereeptis,
578 646 653 672 nulla
677 645 710 673 de
730 646 856 680 passione
872 646 959 673 ambi-

175 687 265 721 guitas
284 688 465 722 relinquetur.
480 690 534 717 Eos
548 699 614 726 ergo
629 691 676 725 qui
691 691 879 718 contradicere
901 696 959 718 slu-

176 732 242 758 «lent
269 733 468 767 interrogemus
495 735 592 769 prius,
617 744 741 770 quaenam
773 737 960 764 incarnatione

177 777 330 812 antiquiora
345 779 479 814 unigeniti
494 780 555 807 Filii
573 781 621 808 Dei
634 781 689 809 sint
702 782 822 812 nomina,
834 790 960 816 quamam

177 823 350 854 recentiora,
375 824 418 851 vel
449 832 511 851 cum
544 825 602 859 ipso
630 826 721 860 potius
748 826 960 861 dispensationis

177 876 260 901 opere
283 869 438 903 conjuncta.
456 870 553 897 Dicent
573 871 612 897 illi
630 859 747 906 prorsus
759 892 766 904 ,
792 859 866 906 quod
890 872 960 898 Deus
978 859 998 886 Β

180 913 298 946 Verbum,
315 918 342 940 et
357 915 506 949 unigenitus
520 915 611 948 Filius,
625 921 653 943 et
669 916 854 952 Omnipotens,
869 922 896 944 et
908 917 962 945 Do-

178 959 262 984 minus
289 959 415 986 universa:
435 964 565 987 creature:
589 960 694 995 1215
715 961 872 995 antiquiora
894 961 959 988 siut.

178 1003 254 1029 Jews
272 1011 338 1030 vero
360 1003 494 1036 Christus,
518 1005 714 1033 incarnationis
736 1007 856 1041 propria.
875 1006 962 1033 Homo

178 1050 250 1075 enim
273 1049 359 1075 factus
375 1049 447 1076 Deus
464 1050 594 1082 Verbum,
623 1051 780 1085 unigenitus
800 1052 885 1078 Filius
901 1051 960 1084 Dei,

177 1094 257 1121 Jesus
266 1094 392 1122 Christus
406 1095 562 1123 nominatus
578 1101 619 1124 est
634 1105 640 1123 :
657 1106 666 1122 ι
676 1096 757 1130 Ecce,
770 1097 870 1131 inquit,
881 1100 963 1124 natus

177 1145 220 1167 cst
237 1140 314 1167 vobis
329 1140 411 1168 hodie
428 1141 555 1168 Christus
569 1141 702 1169 Dominus
717 1141 750 1168 ".
771 1151 780 1167 ι
804 1141 872 1174 Quia
884 1149 961 1168 nam-

181 1194 234 1219 que
247 1185 342 1212 christi
354 1186 436 1213 etiam
449 1186 494 1213 alii
511 1186 639 1220 appellati
650 1186 772 1218 fuerunt,
790 1191 818 1213 et
832 1186 962 1213 sacerdo-

179 1235 228 1262 tes,
254 1235 281 1259 et
304 1236 431 1266 reges,et
449 1232 600 1266 prophetae,
619 1240 653 1259 ne
670 1233 732 1267 quis
755 1239 818 1259 eum
845 1232 962 1259 similem

179 1277 232 1304 illis
254 1277 432 1309 existimaret,
461 1278 662 1312 conjunxerunt
682 1277 770 1312 angeli
786 1285 848 1304 cum
861 1277 963 1304 Christi

179 1323 312 1350 vocabulo
324 1314 555 1355 nomenﬁomini,
578 1323 787 1350 dominatricem
801 1323 858 1349 nati
873 1323 963 1358 digni-

180 1372 262 1394 tatem
292 1368 454 1395 indicantes.
474 1368 507 1394 Et
523 1368 597 1395 omni
615 1367 695 1395 laude
713 1368 893 1403 praedicanda:
905 1368 965 1404 Vir-

179 1413 234 1449 gini
248 1413 358 1441 Gabriel
380 1414 498 1441 iterum:
517 1424 525 1440 ι
542 1414 612 1441 Ecce
631 1415 771 1449 concipies
789 1415 815 1441 in
833 1419 922 1446 utero,
936 1417 964 1441 et

179 1460 269 1494 paries
283 1459 379 1492 tilium,
398 1464 425 1487 et
444 1460 555 1487 vocabis
571 1467 671 1487 nomen
696 1461 755 1495 ejus
771 1460 875 1492 Jesum,
892 1467 963 1494 quo-

179 1506 253 1532 niam
271 1506 329 1540 ipse
345 1506 449 1532 salvum
472 1505 552 1533 faciet
564 1506 696 1540 populum
719 1512 800 1532 suum
816 1513 830 1532 a
845 1505 964 1540 peccatis

179 1558 276 1577 eorum
288 1549 322 1576 ιτ.
339 1559 348 1575 ι
368 1550 438 1577 Ante
464 1550 681 1577 incarnationem
695 1558 762 1577 vero
783 1558 872 1584 neque
885 1550 965 1578 Chri-

180 1602 348 1630 stus,neque
364 1596 443 1623 Jesus
456 1595 615 1622 vocabatur.
630 1595 719 1622 Divini
731 1596 805 1622 enim
825 1596 965 1630 propheta:

181 1649 242 1675 quae
265 1640 358 1667 futura
383 1645 463 1667 erant
486 1640 667 1668 vaticinantes
691 1641 807 1668 vocibus
823 1641 865 1668 usi
889 1645 963 1674 sunt,

181 1686 410 1721 quemadmodum
425 1691 452 1713 et
466 1686 500 1714 de
514 1687 667 1720 nativitate,
683 1691 711 1714 et
725 1687 759 1714 de
774 1695 866 1720 cruce,
882 1692 910 1715 et
931 1688 965 1715 de

181 1732 317 1767 passione,
337 1739 398 1759 cum
413 1739 456 1759 res
481 1731 559 1759 facta:
577 1732 699 1759 nondum
715 1736 817 1766 essent,
834 1734 967 1768 praedixe-

181 1780 256 1804 runt.
271 1777 431 1812 Appellatur
447 1781 537 1804 tamen
557 1777 639 1804 etiam
658 1782 721 1812 post
748 1779 965 1806 incarnationem

181 1826 210 1848 et
226 1821 298 1848 Deus
313 1821 443 1853 Verbum,
465 1826 492 1848 et
522 1822 666 1855 Dominus,
691 1826 720 1849 et
733 1822 924 1858 Omnipotens,
938 1827 966 1850 et

183 1867 339 1902 unigenitus
364 1867 458 1899 Filius,
486 1872 514 1894 et
530 1867 637 1900 lt‘actor,
667 1872 695 1895 et
720 1867 843 1895 Creator.
872 1868 965 1903 Neque

181 1913 255 1940 enim
273 1917 393 1940 mutatus
415 1911 504 1940 factus
520 1917 562 1940 est
579 1913 672 1945 homo,
691 1913 738 1940 sed
754 1921 868 1941 manens
892 1913 966 1948 quod

181 1961 240 1983 erat
256 1957 402 1992 assumpsit
415 1957 487 1992 quod
504 1964 608 1984 sumus.
622 1962 631 1969 ‘
646 1958 726 1990 Nam,
737 1968 746 1984 ι
759 1966 821 1985 cum
835 1958 863 1986 in
877 1958 966 1986 forma

181 2003 229 2030 Dei
242 2007 325 2034 esset,
345 2007 376 2029 ut
396 2003 435 2029 ait
459 2002 570 2030 divinus
588 2002 746 2038 Apostolus,
764 2004 880 2032 formam
893 2005 966 2033 servi

182 2049 288 2084 accepit
313 2048 347 2076 ".
387 2059 396 2075 ›
427 2049 574 2084 Propterea
602 2054 664 2085 post
692 2050 909 2078 incarnationem
933 2052 968 2079 iis

181 2096 265 2123 etiam
287 2096 390 2130 quibus
407 2099 470 2123 ante
494 2096 713 2123 incarnationem
737 2096 968 2131 appellationibus

183 2147 368 2177 nuncupatur,
393 2141 457 2176 quia
481 2141 671 2169 invariabilem
691 2142 774 2169 habet
794 2147 918 2170 naturam
940 2147 968 2171 et

1014 237 1068 273 γὰρ
1091 239 1164 273 ἡμᾶς
1186 239 1342 269 ἐπέστειλας
1357 238 1428 274 ἆπερ
1444 238 1496 273 χρὴ
1516 241 1579 274 περὶ
1599 239 1647 265 τοῦ
1666 239 1805 274 σωτηρίου

1014 284 1116 314 πάθους
1144 284 1191 310 καὶ
1217 285 1326 318 φρονεῖν
1355 284 1401 310 καὶ
1426 284 1581 318 κηρύττειν.
1605 284 1674 318 Ἐγὼ
1697 285 1726 311 δὲ
1751 286 1805 320 τὴν

1014 329 1121 363 αἴτησιν
1137 328 1285 360 ἀσπαστῶς
1302 328 1444 363 ἐδεξάμην,
1463 330 1510 355 καὶ
1525 329 1542 356 ἃ
1566 329 1642 365 παρὰ
1658 330 1708 364 τῆς
1726 330 1807 361 θείας

1014 373 1155 408 ἐδιδάχθην
1165 374 1287 409 Γραφῆς.
1303 374 1349 400 καὶ
1361 375 1436 410 παρὰ
1448 375 1502 401 τῶν
1516 375 1618 410 ταύτην
1631 376 1805 411 ἑρμηνευκὸ-

1013 427 1067 444 των
1082 419 1220 453 Πατέρων,
1240 418 1389 454 προθύμως
1411 419 1476 452 ἐρῶ,
1493 419 1542 454 οὐχ
1557 419 1600 445 ἵνα
1613 418 1720 452 διδάξω,
1742 418 1804 446 ἀλλ’

1015 463 1059 490 ἵνα
1077 463 1127 498 τὴν
1145 463 1184 498 τῷ
1197 464 1257 498 Θεῷ
1270 464 1350 498 φίλην
1366 463 1516 499 ὑπομνήσω
1533 464 1662 498 κεφαλήν.

1051 509 1120 535 Ἴσθι
1133 509 1231 541 τοίνυν,
1243 509 1442 543 θεοφιλέστατε,
1460 509 1497 540 ὡς
1513 510 1565 544 χρὴ
1580 509 1633 544 πρὸ
1644 509 1699 535 τῶν
1713 508 1805 536 ἄλλων

1014 555 1141 582 ἁπάντων
1160 556 1259 582 εἰδέναι
1276 555 1325 590 τὴν
1344 555 1398 582 τῶν
1419 555 1560 589 ὀνομάτων
1586 554 1729 590 διαφορὰν,
1753 556 1803 581 καὶ

1013 602 1080 636 πρὸς
1095 601 1182 636 τούτῳ
1208 602 1257 635 τῆς
1276 601 1351 632 θείας
1373 601 1604 636 ὲνανθρωπήτεως
1627 601 1675 635 τὴν
1698 601 1798 627 αἰτίαν.

1013 647 1121 673 Τούτων
1138 646 1192 682 γὰρ
1207 646 1340 681 εὐκρινῶν
1356 646 1510 681 γενομένων
1521 666 1528 676 ,
1547 645 1660 680 οὐδεμία
1675 646 1738 680 περὶ
1751 643 1800 671 τοῦ

1014 692 1116 723 πάθους
1140 691 1288 726 ἀμφιϐολία
1315 690 1570 725 καταλειφθήσεται.
1600 689 1704 716 Οὐκοῦν
1736 689 1802 720 τοὺς

1013 736 1163 770 ἀντιλέγειν
1181 735 1367 770 πειρωμένους
1383 735 1556 770 ὲρωτήσομεν
1574 735 1716 769 πρότερον,
1738 733 1802 759 τίνα

1015 782 1064 817 μὲν
1077 782 1126 816 τῆς
1148 781 1379 816 ὲνανθρωπήσεως
1402 780 1574 815 πρεσὸύτερα
1587 780 1640 806 τῶν
1660 779 1802 814 ὀνομάτων

1013 826 1059 853 τοῦ
1078 825 1235 861 μονογενοῦς
1256 825 1322 852 Υἱοῦ
1336 824 1381 852 τοῦ
1400 825 1480 856 Θεοῦ,
1496 825 1554 851 τίνα
1571 825 1599 850 δὲ
1614 822 1647 850 αὖ
1667 824 1805 857 νεώτερα,

1013 872 1112 908 μᾶλλον
1131 872 1159 898 δὲ
1175 871 1214 905 τῷ
1237 871 1287 905 τῆς
1312 869 1470 904 οἰκονομίας
1495 869 1568 904 ἔργῳ
1586 869 1799 903 συνεζευγμένα.

1018 918 1125 953 Ἐροῦσι
1134 917 1162 943 δὲ
1171 918 1290 948 πάντως,
1299 916 1336 948 ὠς
1345 915 1374 942 τὸ
1382 915 1454 948 Θεὸς
1465 915 1569 948 Λόγος,
1576 914 1623 940 καὶ
1633 922 1685 945 um
1691 913 1802 946 στενῆς

1012 963 1088 996 Υἱὸς,
1109 962 1156 989 καὶ
1172 961 1397 996 Παντοκράτωρ,
1414 962 1462 987 καὶ
1476 960 1584 993 Κύριος
1597 959 1653 993 τῆς
1674 959 1802 990 κτίσεως

1011 1009 1144 1041 ἀπάσης,
1159 1008 1217 1034 ἐπὶ
1231 1007 1419 1043 πρεσϐύτερα·
1432 1006 1462 1032 τὺ
1473 1006 1501 1032 δὲ
1520 1005 1640 1039 Ἰησοῦς
1655 1004 1800 1038 Χριστὸς,

1012 1054 1061 1088 τῆς
1073 1053 1150 1080 ἐνανο
1157 1053 1309 1088 ρωπήσεως
1320 1051 1384 1078 ῐδια.
1402 1050 1630 1086 Ἐνανθρωπήσας
1643 1049 1697 1083 γὰρ
1706 1049 1720 1074 ὸ
1733 1048 1802 1078 Θεὸς

1012 1099 1108 1132 Λόγος,
1124 1099 1137 1124 ὁ
1157 1097 1303 1133 μονογενὴς
1320 1097 1384 1128 Υίὸς
1403 1095 1449 1122 τοῦ
1469 1095 1549 1127 Θεοῦ,
1570 1095 1672 1130 Ἰησοῦς
1683 1093 1801 1129 Χριστὸς

1013 1144 1170 1179 ὠνομάσθη·
1188 1153 1197 1169 ι
1218 1143 1283 1169 Ἰδοὺ
1299 1141 1370 1177 γὰρ,
1384 1142 1466 1176 φησὶ,
1483 1141 1604 1168 τίκτεται
1623 1141 1687 1175 ὑμῖν
1711 1140 1800 1174 σήμε-

1014 1199 1060 1226 ρον
1072 1188 1189 1224 Χριστὸς
1205 1187 1315 1222 Κύριος.
1338 1196 1347 1213 ι
1368 1186 1476 1222 Ἐπειδὴ
1489 1186 1542 1221 γὰρ
1553 1186 1657 1221 χριστοὶ
1671 1186 1716 1212 καὶ
1725 1184 1801 1211 ἄλλοι

1013 1233 1283 1270 προσηγορεύθησαν,
1297 1233 1345 1260 καὶ
1362 1234 1455 1269 ἱερεῖς,
1469 1232 1515 1258 καὶ
1529 1231 1656 1266 βασιλεῖς,
1673 1231 1720 1257 καὶ
1732 1239 1799 1265 προσ

1013 1282 1108 1316 φῆται,
1125 1280 1168 1307 ἵνα
1189 1280 1225 1314 μή
1247 1288 1288 1310 τις
1316 1279 1395 1305 αὐτὸν
1422 1277 1551 1304 ὑπολάϐοι
1573 1276 1688 1307 ἐκείνοις
1712 1284 1800 1310 προσ-

1013 1326 1116 1361 όμοιον,
1134 1323 1296 1356 συνέζευξαν
1314 1324 1339 1364 ot
1357 1322 1467 1357 ἄγγελοι
1492 1322 1523 1348 τὸ
1541 1322 1649 1355 Κύριος
1663 1321 1748 1354 ονομα
1760 1320 1806 1353 τῷ-

1013 1371 1135 1407 Χριστῷ,
1149 1370 1179 1396 τὸ
1198 1369 1361 1396 Δεσποτικδν
1378 1368 1486 1403 ἀξίωμα
1503 1367 1550 1394 τοῦ
1565 1367 1725 1402 τικτομένου
1742 1366 1796 1392 δει-

1014 1418 1137 1449 κνύντες.
1154 1417 1208 1443 Καὶ
1226 1417 1259 1451 τῇ
1283 1415 1455 1450 πανευφήμῳ
1477 1414 1504 1440 δὲ
1530 1413 1660 1449 Παρθένῳ
1683 1412 1764 1439 πάλιν
1786 1412 1801 1437 ὁ

1014 1462 1142 1498 Γαϐριὴλ·
1162 1472 1171 1488 ι
1199 1461 1264 1488 Ἰδοὺ
1281 1461 1312 1487 σὺ
1329 1461 1357 1486 ὲν
1371 1459 1470 1495 γαστρὶ
1482 1459 1563 1492 ἕξεις,
1580 1458 1627 1485 καὶ
1646 1458 1712 1494 τέξῃ
1730 1456 1799 1488 υἱὸν,

1016 1510 1063 1536 καὶ
1079 1508 1204 1538 καλέσεις
1214 1507 1245 1533 τὸ
1258 1507 1343 1541 ὄνομα
1360 1505 1443 1532 αὑτοῦ
1466 1504 1579 1540 Ἰησοῦν,
1595 1504 1635 1530 ὅτι
1648 1503 1728 1533 αὐτὸς
1745 1501 1800 1527 σὼ-

1017 1565 1057 1582 σει
1075 1555 1120 1581 τδν
1133 1553 1197 1580 λαὸν
1207 1552 1288 1579 αὑτοῦ
1305 1552 1360 1578 ἀπὸ
1374 1551 1426 1578 τῶν
1437 1550 1579 1585 ἁμαρτιῶν
1595 1548 1693 1576 αὐτῶν.
1716 1558 1725 1573 ι
1741 1547 1800 1583 Πρὸ

1015 1601 1044 1627 δέ
1065 1608 1096 1634 γε
1111 1599 1161 1634 τῆς
1175 1598 1415 1632 ὲνανθρωπήσεως,
1434 1595 1495 1622 οὔτε
1517 1594 1642 1630 Χριστὸς,
1660 1592 1721 1620 οὔτε
1749 1592 1801 1627 Ίη-

1017 1645 1080 1675 σοῧς
1099 1642 1265 1678 ὠνομάζετο.
1282 1641 1337 1668 Καὶ
1350 1640 1404 1676 γὰρ
1421 1640 1445 1666 οἱ
1462 1639 1528 1665 θεῖοι
1545 1638 1679 1674 προφῆται
1690 1636 1723 1663 τὰ
1739 1635 1800 1661 ὲσὸ-

1017 1698 1085 1724 μενα
1099 1687 1326 1724 προθεσπίζοντες
1343 1686 1492 1721 ἐχρήσαντο
1505 1685 1565 1715 ταῖς
1579 1684 1690 1718 φωναῖς,
1705 1681 1801 1716 ὥσπερ

1015 1735 1062 1761 καὶ
1085 1733 1120 1760 τὰ
1139 1733 1264 1768 περὶτῆς
1277 1731 1439 1766 γεννήσεως,
1464 1730 1510 1756 καὶ
1531 1728 1578 1755 τοῦ
1601 1726 1730 1762 σταυροῦ,
1753 1727 1802 1752 καὶ

1015 1779 1061 1806 τοῦ
1079 1779 1181 1809 πάθους
1195 1777 1409 1813 προηγόρευσαν,
1430 1775 1539 1810 μηδέπω
1561 1774 1615 1800 τῶν
1630 1773 1802 1808 πραγμάτων

1016 1824 1217 1860 γεγενημένων.
1239 1822 1369 1849 Καλεῖται
1383 1821 1412 1847 δὲ
1426 1822 1500 1856 ὅμως
1513 1821 1559 1847 καὶ
1580 1819 1648 1855 μετὰ
1663 1819 1712 1855 τὴν
1726 1819 1803 1845 ἐναν-

1017 1870 1156 1906 θρώπησιν
1173 1869 1220 1895 καὶ
1233 1868 1297 1899 Θεος
1312 1868 1407 1901 Λόγος,
1425 1867 1472 1894 καὶ
1490 1865 1601 1901 Κύριος,
1629 1865 1676 1891 καὶ
1699 1865 1802 1891 Παντο-

1017 1917 1137 1952 κράτωρ,
1157 1914 1202 1942 καὶ
1221 1913 1365 1950 μονογενὴς
1382 1912 1454 1945 Υἱὸς,
1478 1912 1525 1938 καὶ
1538 1911 1667 1946 Ποιητής,
1684 1910 1733 1937 καὶ
1750 1911 1804 1944 Δη-

1019 1960 1158 1997 μιουργός.
1180 1960 1216 1986 Οὐ
1231 1959 1285 2002 γὰιρ
1302 1958 1417 1993 τραπεὶς
1438 1957 1549 1991 γέγονεν
1567 1956 1720 1990 ἄνθρωπος,
1735 1953 1804 1981 ἀλλὰ

1019 2007 1105 2042 μένων
1120 2007 1187 2041 ὅπερ
1199 2003 1232 2040 ἦν
1247 2000 1342 2030 ἔλαϐεν
1354 2003 1423 2038 ὅπερ
1436 2002 1530 2037 ὲσμέν,
1550 2011 1558 2027 ι
1581 2001 1625 2028 Ἐν
1643 2002 1733 2036 μορφῇ
1749 2000 1804 2035 γὰρ

1017 2052 1083 2078 Θεοῦ
1110 2051 1250 2086 ὑπάρχων,
1277 2049 1345 2075 κατὰ
1367 2049 1411 2074 τὸν
1431 2048 1501 2074 θεῖον
1531 2046 1699 2079 Ἀπόστολον,
1724 2046 1804 2072 ἔλαϐε

1017 2097 1066 2133 τὴν
1080 2096 1128 2123 τοῦ
1147 2096 1238 2123 δούλου
1256 2095 1372 2130 μορφήν.
1392 2103 1401 2119 ι
1414 2093 1515 2120 Τούτου
1527 2092 1559 2128 δὴ
1571 2092 1661 2127 χάριν,
1674 2091 1722 2118 καὶ
1735 2091 1804 2126 μετὰ

1018 2142 1065 2178 τὴν
1081 2140 1295 2176 ὲνανθρώπησιν,
1314 2139 1361 2166 καὶ
1378 2139 1437 2169 ταῖς
1450 2137 1501 2174 πρὸ
1512 2137 1561 2172 τῆς
1569 2136 1803 2172 ὲνανθρωπήσεως

182 2187 392 2214 immutabilem.
415 2187 573 2214 Passionem
596 2187 708 2222 quidem
728 2195 862 2215 cnarrans
878 2188 964 2216 divina

1020 2187 1182 2223 ὀνομάζεται
1208 2186 1354 2221 κλήσεσιν,
1381 2184 1529 2219 ἒπειδήπερ
1552 2181 1731 2209 ἀναλλοίωτον
1747 2181 1804 2216 ἔχει

183 2234 325 2269 Scriptura
341 2233 390 2260 Dei
402 2241 502 2261 nomen
527 2241 662 2268 nusquam
683 2233 819 2268 apposuit,
838 2234 968 2268 quoniam

183 2279 317 2314 simplicis
328 2284 435 2306 natura:
450 2286 552 2306 nomen
567 2283 618 2306 est.
634 2279 720 2306 Nemo
739 2279 824 2312 enim,
838 2287 900 2306 cum
921 2288 970 2307 au-

183 2326 288 2354 dierit:
319 2335 328 2351 ι
357 2325 386 2352 in
408 2325 545 2360 principio
576 2325 778 2356 eratVerbum,
796 2330 823 2353 et
849 2327 967 2353 Verbum

182 2377 242 2399 erat
258 2371 330 2406 apud
340 2371 474 2402 Deum,et
491 2371 562 2398 Deus
582 2375 642 2397 erat
658 2370 777 2398 Verbum
794 2371 827 2402 δ”,
841 2380 850 2396 ι
867 2377 894 2397 et
907 2379 968 2406 qua:

186 2418 293 2453 1216
314 2416 471 2452 hujusmodi
492 2419 556 2443 sunt
582 2415 646 2448 alia,
660 2423 770 2443 carnem
788 2416 889 2443 dixerit
905 2421 968 2443 ante

184 2464 283 2490 macula
305 2463 401 2494 fuisse,
415 2467 462 2489 aut
478 2461 740 2489 consubstantialem
762 2469 822 2488 csso
840 2462 894 2488 Deo
910 2461 971 2488 uni-

184 2516 337 2539 versorum,
357 2511 404 2534 aut
417 2512 558 2534 creaturas
569 2506 741 2539 condidisse;
757 2507 805 2533 sed
818 2506 970 2533 divinitatis

186 2561 243 2580 ηπιο
253 2553 364 2588 propria
372 2561 432 2580 esse
444 2552 582 2587 intelligit.
593 2552 687 2586 Neque
697 2559 801 2583 rursus,
813 2551 970 2578 Matthaeum

185 2599 320 2634 quispiam
340 2606 401 2625 cum
422 2597 608 2633 genealogiam
634 2601 815 2632 exponentem
834 2596 969 2627 audierit,

186 2645 315 2672 havidem
335 2648 363 2672 et
381 2644 566 2671 Abrahamum
589 2642 638 2670 Dei
662 2642 813 2670 secundum
843 2647 969 2668 naturam

187 2689 375 2723 progenitores
396 2688 535 2716 existimet
561 2697 568 2714 :
594 2688 629 2716 ab
649 2688 703 2715 illis
726 2687 799 2714 enim
830 2691 968 2721 assumpta

187 2737 283 2760 natura
297 2732 453 2760 deducitur.

226 2837 246 2851 ’θ
264 2836 330 2863 Luc.
349 2843 377 2868 ιι,
399 2834 438 2861 12.
479 2835 499 2851 ⁸⁷
514 2835 580 2863 ibid.
595 2836 639 2863 5|.
678 2835 699 2851 “
713 2835 830 2870 Philipp.
848 2842 874 2867 ιι,
893 2835 909 2861 (ἰ

1020 2233 1069 2269 τὴν
1093 2233 1171 2267 φύσιν
1187 2232 1234 2258 καὶ
1258 2231 1402 2266 ἄτρεπτον.
1420 2229 1457 2255 Τὸ
1478 2229 1569 2264 μέντοι
1593 2228 1678 2259 πάθος
1699 2228 1716 2262 ἡ
1744 2226 1805 2254 θεία

1020 2278 1185 2314 διηγουμένη
1198 2276 1303 2313 Γραφὴ,
1320 2274 1437 2310 οὐδαμοῦ
1448 2274 1478 2300 τὸ
1492 2273 1564 2307 Θεὸς
1575 2273 1695 2300 τέθεικεν
1708 2273 1803 2307 ὄνομα,

1020 2324 1112 2359 ἐπειδὴ
1133 2324 1181 2359 τῆς
1203 2323 1291 2356 ἁπλῆς
1309 2323 1366 2347 ἐστι
1392 2319 1498 2355 φύσεως
1519 2319 1616 2354 ὄνομα.
1637 2318 1730 2349 Οὐδεὶς
1749 2318 1803 2353 γὰρ

1021 2370 1147 2401 ἀκούσας·
1170 2379 1178 2395 ι
1202 2369 1247 2394 Ἑν
1265 2368 1335 2402 ἀρχῇ
1358 2365 1390 2401 ἦν
1407 2367 1420 2392 ὁ
1443 2366 1538 2399 Λόγος,
1560 2365 1606 2391 καὶ
1630 2365 1645 2390 ὁ
1670 2363 1756 2397 Λόγος
1772 2361 1813 2398 ἦν,

1022 2413 1089 2448 προς
1102 2413 1147 2438 τὸν
1159 2412 1235 2443 Θεὸν,
1252 2411 1298 2437 καὶ
1312 2411 1377 2441 Θεὸς
1389 2408 1422 2444 ἧν
1439 2410 1453 2435 ὁ
1476 2409 1571 2442 Λόγος,
1589 2418 1598 2434 ι
1621 2408 1668 2434 καὶ
1683 2409 1733 2434 ὅσα
1749 2408 1804 2433 τοῦ⁸

1020 2467 1076 2490 τοις
1090 2458 1248 2493 προσόμοια,
1269 2457 1317 2491 τὴν
1333 2456 1423 2490 σάρκα
1441 2454 1508 2488 φαίη
1522 2455 1555 2480 ἂν
1567 2454 1620 2488 πρὸ
1633 2453 1686 2479 τῶν
1701 2452 1804 2478 αἰώνων

1022 2503 1164 2537 ὑπάρχειν,
1186 2501 1358 2536 ἦόμοουσίαν
1376 2497 1446 2526 εἶναι
1473 2499 1511 2534 τῷ
1538 2499 1591 2525 τῶν
1612 2499 1680 2524 ὅλων
1701 2498 1770 2532 Θεῷ,
1789 2498 1805 2533 ἢ

1020 2547 1184 2582 δημιουργὸν
1200 2547 1338 2581 γεγονέναι
1366 2546 1414 2581 τῆς
1439 2545 1563 2576 κτίσεως·
1591 2545 1647 2571 ἀλλ’
1671 2543 1741 2570 οἶδεν
1766 2544 1806 2570 ὅτι

1022 2593 1107 2619 ταῦτα
1132 2594 1180 2627 τῆς
1205 2592 1331 2625 θεότητος
1354 2591 1417 2619 ἴδια.
1446 2590 1514 2617 Οὔτε
1530 2590 1583 2625 μὴν
1600 2589 1647 2616 τοῦ
1667 2589 1805 2615 Matthiae

1023 2646 1064 2669 τις
1081 2629 1312 2670 ’γενεαλογοῦντος
1341 2635 1475 2667 ἀκούσας,
1505 2635 1550 2661 τὸν
1582 2634 1663 2661 Δαδὶδ
1687 2634 1735 2660 καὶ
1762 2634 1805 2659 τοι.

1030 2682 1155 2718 Ἀϐραὰμ
1172 2682 1240 2708 κατὰ
1259 2681 1339 2715 φύσιν
1353 2681 1386 2707 ἂν
1401 2680 1530 2707 ὑπολάὸοι
1549 2679 1596 2706 τοῦ
1619 2680 1686 2705 Θεοῦ
1707 2679 1802 2714 προγό-

1024 2736 1095 2760 νους*
1114 2729 1130 2762 ὴ
1146 2728 1198 2762 γὰρ
1219 2727 1422 2762 προσληφθεῖσα
1437 2725 1516 2760 φύσις
1551 2725 1581 2757 ἐξ
1605 2725 1716 2752 ἐκείνων
1742 2731 1803 2751 κατι·

1027 2775 1133 2808 ἀτίται.

959 2834 978 2848 ν’
994 2833 1071 2860 .loan.
1089 2840 1107 2864 I,
1127 2831 1149 2858 ί.
