1945 3058
148 162 217 195 13ιῦ

802 154 983 186 EPISTOLA
1003 153 1112 184 CXXX.

1698 155 1768 187 1346

183 221 287 255 ’Ὠσπερ
308 218 397 246 τοίνυν
422 217 532 253 εὐκρινῆ
559 215 646 243 ταῦτα
670 215 716 242 καὶ
742 214 930 249 ἀναμφίλεκτα

1017 212 1252 245 Quemadmodum
1266 219 1330 247 ergo
1343 213 1482 247 explorata
1499 217 1563 240 sunt
1584 213 1634 240 ista
1651 218 1679 240 et
1691 219 1768 241 extra

147 267 193 293 καὶ
204 267 259 297 τοῖς
279 270 348 299 αγαν
359 265 516 299 αἱρετικοῖς,
531 262 580 289 κοιλ⁵
596 262 675 296 ίσμεν
688 260 736 296 τὴν
747 260 796 295 μὲν
810 258 928 294 προαιώ-

146 320 213 343 νιον,
232 311 281 344 τὴν
299 310 327 336 δὲ
340 309 494 345 πρόσφατον
513 307 604 342 φύσινο
620 307 706 338 οὕτως
723 305 822 332 εἰδέναι
832 305 884 341 χρὴ
900 305 930 331 τό

145 366 175 383 τε
187 357 235 390 τῆς
248 356 348 391 σαρκὸς
365 354 494 390 παθητὸν,
510 354 557 380 κοιλ⁵
570 353 600 379 τὸ
615 353 663 387 τῆς
675 352 801 388 θεότητος
816 350 929 383 ἀπαθὲς,

146 400 175 427 οὐ
190 398 359 434 διαιροῦντας
372 398 422 434 τὴν
438 398 545 428 ἕνωσιν,
560 396 620 422 οὐδὲ
643 397 682 427 είς
705 395 750 421 δύο
771 394 931 430 μερίζοντας

147 445 280 478 πρόσωπα
295 444 340 470 τὸν
363 443 514 477 Μονογενῆ,
531 441 588 468 ἀλλ’
605 441 634 467 ὲν
655 441 693 476 τῷ
706 442 745 468 ἑνὶ
761 440 930 476 θεωροῦντας

147 489 205 524 Υἱῷ
219 489 252 515 τὰ
266 488 317 515 τῶν
332 487 438 523 φύσεων
458 488 522 514 ῐδια.
536 488 567 513 Et
580 487 634 522 γὰρ
652 487 698 513 ἐπὶ
712 486 800 521 ψυχῆς
817 486 864 512 καὶ
878 485 926 511 σώ-

148 543 251 570 ματος,
271 534 325 560 τῶν
346 533 501 569 ὀμοχρόνων
529 533 636 567 φύσεων
660 533 707 559 καὶ
724 531 846 567 φυσικῶς
860 532 930 566 ἡνω-

148 581 246 616 μένων,
267 579 346 606 τοῦτο
363 581 449 606 ποιεῖν
468 578 615 614 εἰώθαμεν,
627 579 673 605 καὶ
698 575 748 614 τὴν
768 579 817 613 μὲν
841 578 930 613 ψυχὴν

147 625 282 660 καλοῦμεν
305 624 403 659 ἁπλῆν,
427 624 474 650 καὶ
498 623 620 658 λογικὴν,
638 624 685 649 καὶ
697 623 840 655 ἀθάνατον,
858 623 888 649 τὸ
902 623 930 648 δὲ

147 671 226 705 σῶμα
245 670 370 696 σύνθετον
388 669 568 703 ὀνομάζομεν,
584 668 630 695 καὶ
645 668 775 703 παθητὸν,
800 667 848 694 καὶ
867 667 931 703 θνη-

145 716 202 747 τὸν,
230 715 277 742 καὶ
301 715 350 750 τὴν
368 715 463 741 ἕνωσιν
491 715 520 740 ού
546 713 716 749 διαιροῦμεν,
732 713 791 740 οὐδὲ
806 713 866 748 διχῆ
882 713 931 739 ἕνα

146 761 280 796 τέμνομεν
291 760 442 796 ἄνθρωπον·
455 759 544 794 πολλῷ
557 759 657 794 μᾶλλον
672 760 718 786 ἐπὶ
733 761 781 794 τῆς
797 760 849 794 πρὸ
865 758 931 785 αἰώ-

145 815 199 833 νων
218 807 251 833 ὲκ
272 806 319 833 τοῦ
337 805 442 840 Πατρὸς
458 805 634 840 γεννηθείσης
653 805 795 841 Θεότητος,
812 806 859 832 καὶ
881 805 930 840 τῆς

145 850 293 886 ληειθείσης
316 851 348 876 ἐκ
366 850 521 885 σπέρματος
546 849 592 877 τοῦ
612 850 694 876 Δαὸὶδ
722 850 930 885 ἁνθρωπότητος

985 258 1197 286 controversiam
1213 259 1254 286 vel
1267 259 1337 293 apud
1353 260 1472 286 aeriores
1483 259 1636 293 haereticos,
1654 260 1768 288 scimus-

985 312 1038 339 que
1053 307 1180 330 naturam
1192 304 1304 331 alteram
1326 304 1432 332 saeculis
1453 305 1630 337 anteriorem,
1653 305 1767 332 alteram

983 353 1121 377 recentem
1139 354 1168 377 et
1182 357 1281 376 novam
1295 358 1301 376 :
1319 350 1355 376 ita
1368 358 1447 377 nosse
1463 355 1571 385 oportet
1581 358 1691 377 carnem
1705 350 1767 385 qui-

984 395 1046 422 dem
1059 395 1227 430 passibilem,
1236 395 1408 422 divinitatem
1419 403 1485 423 vero
1494 396 1700 430 impassibilem,
1713 403 1767 422 non

983 441 1113 468 unionem
1130 441 1295 474 dividentes,
1312 449 1401 477 neque
1421 442 1448 468 in
1468 442 1536 468 duas
1551 449 1682 476 personas
1699 441 1766 469 Uni-

983 485 1104 520 genitum
1133 486 1293 520 partientes,
1313 487 1360 513 sed
1380 487 1406 513 in
1430 495 1485 513 uno
1499 487 1567 514 Filio
1582 495 1642 522 qua:
1656 491 1767 514 natura-

984 539 1043 557 rum
1056 535 1120 558 sunt
1136 531 1247 566 propria
1267 533 1492 567 contemplantes.
1509 532 1617 559 Etenim
1630 532 1652 559 si
1666 532 1693 559 in
1706 532 1767 559 ani-

984 583 1027 603 ma
1039 580 1065 603 et
1079 584 1204 611 corpore,
1221 585 1281 612 quae
1294 582 1399 604 naturae
1414 582 1479 605 sunt
1497 578 1616 612 mquales
1632 581 1765 612 tempore,

983 621 1200 656 naturaliterquc
1223 623 1384 657 conjuncta,
1401 623 1454 650 hoc
1478 622 1566 650 lacere
1587 623 1715 654 solemus,
1739 628 1768 650 et

984 666 1103 693 animam
1121 667 1232 702 quidem
1248 668 1364 695 dicimus
1378 669 1540 703 simplicem,
1551 672 1579 696 et
1594 668 1766 699 rationalem,

984 713 1214 746 etimmortalem,
1232 717 1261 740 et
1282 714 1459 747 invisibilem,
1475 722 1575 750 corpus
1589 721 1654 741 vero
1672 714 1763 748 appel-

984 758 1074 786 lamus
1098 759 1292 794 compositum,
1318 765 1346 787 et
1366 760 1506 795 passibile,
1532 765 1560 788 et
1587 760 1712 792 mortale,
1740 765 1768 786 et

985 804 1115 832 unionem
1130 813 1185 832 non
1200 805 1346 837 solvimus,
1365 813 1415 833 nec
1432 806 1570 833 hominem
1596 813 1682 833 unum
1695 805 1767 833 bifa-

985 849 1054 876 riam
1080 850 1250 877 dividimus:
1272 851 1360 877 multo
1378 852 1463 886 magis
1482 851 1511 878 in
1535 851 1688 883 divinitate,
1706 859 1767 886 qua:

145 896 224 922 τοῦτο
244 895 376 930 προσήκει
397 895 500 928 ποιεῖν,
519 895 567 922 καὶ
590 895 683 929 σαφῶς
703 895 802 921 εἰδέναι
817 895 867 930 τῆς
883 895 930 931 μὲν

983 904 1016 923 ex
1033 897 1114 924 Patre
1133 898 1224 932 genita
1239 902 1281 924 est
1293 902 1355 925 ante
1376 897 1484 929 saecula,
1497 904 1525 925 et
1541 898 1568 924 in
1584 897 1764 927 humanitate,

147 941 177 967 τὸ
193 940 300 967 αίὼνιον
315 941 361 967 καὶ
379 940 474 972 ἀίδιον,
496 940 599 967 ἁπλοῦν
620 949 648 967 τε
662 941 709 967 καὶ
728 941 930 976 ὰπερίγραφον,

146 987 279 1013 ἀθάνατον
297 987 343 1013 καὶ
364 986 551 1018 ἀναλλοίωτον,
569 987 618 1021 τῆς
635 987 663 1013 δὲ
680 987 709 1013 τὸ
727 988 883 1022 πρόσφατόν
903 996 932 1014 τε

146 1032 192 1058 καὶ
218 1031 359 1064 σύνθετον,
386 1032 433 1058 καὶ
459 1032 725 1067 περιγεγραμμένον,
746 1033 793 1059 καὶ
808 1033 931 1068 ῥευστδν,

146 1078 193 1103 καὶ
211 1077 317 1112 Θνητόν.
349 1077 380 1103 Et
407 1077 461 1112 γὰρ
485 1077 531 1104 καὶ
561 1077 609 1112 τὴν
626 1078 715 1113 σάρκα
738 1078 786 1104 νῦν
800 1077 932 1105 ἀθάνατον

147 1123 235 1157 ἴσμεν,
256 1123 302 1149 καὶ
326 1122 474 1158 ἄφθαρτον,
494 1122 552 1149 ἀλλ’
570 1121 616 1149 οὖν
632 1123 685 1158 πρὸ
698 1123 748 1156 τῆς
757 1123 933 1155 ἀναστάσεως

146 1169 193 1194 κλὶ
213 1168 328 1194 θανάτου
344 1168 391 1194 καὶ
410 1167 513 1198 πάθους
524 1165 559 1203 ἦν
573 1168 694 1202 δεκτική⁶
708 1167 766 1199 πῶς
780 1168 833 1204 γὰρ
846 1168 933 1199 ἄλλως

146 1213 308 1249 προσηλώθη
324 1213 362 1248 τῷ
380 1214 461 1248 ξύλῳ,
479 1214 526 1240 καὶ
542 1213 677 1248 παρεδόθη
694 1214 732 1249 τῷ
747 1214 826 1249 τάφῳ
838 1223 845 1246 ;
857 1214 933 1241 Εἰδό-

148 1269 196 1290 τας
209 1259 235 1285 δὲ
258 1260 332 1294 ὅμως
349 1259 403 1285 τῶν
419 1259 525 1293 φύσεων
542 1259 572 1285 τὸ
590 1259 729 1295 διάφορον,
749 1259 794 1286 τὸν
813 1260 861 1287 ἕνα
880 1259 932 1296 χρὴ

148 1306 312 1340 προσκυνεῖν
336 1305 409 1336 Υἱὸν,
434 1305 480 1332 καὶ
496 1305 541 1331 τὸν
568 1305 648 1331 αὑτὸν
670 1306 767 1332 ειδέναι
784 1306 847 1332 Υζὺν
864 1306 931 1332 Θεοῦ

144 1351 194 1378 καὶ
216 1351 278 1377 Υἱδν
295 1351 449 1386 ἀνθρώπου,
471 1350 578 1386 μορφὴν
594 1351 661 1377 Θεοῦ
681 1352 730 1378 καὶ
747 1352 854 1386 μορφὴν
873 1351 932 1378 δού-

143 1397 214 1428 λου,
240 1397 296 1424 υἱὸν
322 1396 405 1423 Δαϐὶδ
432 1397 478 1424 καὶ
504 1396 606 1431 Κύριον
618 1396 664 1423 τοῦ
691 1397 792 1430 Δαόὶδ,
822 1397 932 1432 σπέρμα

153 1443 278 1478 Ἀὁραὰμ
289 1443 336 1469 καὶ
351 1443 465 1478 ποιητὴν
482 1443 616 1478 Ἀϐραάμ.
638 1443 670 1469 Ἢ
682 1443 735 1478 γὰρ
748 1443 844 1474 ἓνωσις
856 1443 932 1470 κοινὰ

147 1491 219 1515 ποιεῖ
231 1489 263 1515 τὰ
270 1488 399 1523 ὀνόματα,
409 1487 466 1514 ἀλλ’
479 1488 509 1514 οὐ
518 1489 613 1523 συγχεῖ
620 1488 721 1520 ταύτας
734 1488 764 1515 τὸ
775 1489 829 1515 τῶν
838 1489 932 1523 ὀνομά-

146 1543 198 1560 των
214 1535 312 1561 κοινόν.
322 1534 407 1568 Δῆλον
420 1533 473 1569 γὰρ
487 1534 542 1565 τοῖς
559 1531 589 1560 εὖ
607 1532 761 1569 φρονοῦσιν,
777 1534 817 1560 ὅτι
832 1533 866 1560 τὰ
881 1534 930 1568 μὲν

146 1579 182 1610 ὡς
199 1578 269 1613 Θεῷ,
290 1579 323 1604 τὰ
340 1578 367 1604 δὲ
383 1578 420 1609 ὡς
435 1577 570 1614 ἀνθρώπῳ
591 1579 733 1613 προσήκει.
748 1577 825 1604 Οὕτω
837 1578 884 1604 καὶ
900 1577 931 1604 τὸ

147 1624 267 1659 παθητὸν
277 1624 323 1649 καὶ
335 1623 365 1649 τὸ
376 1622 478 1654 ἀπαθὲς
489 1623 617 1658 ἁρμόττει
629 1622 666 1658 τῷ
678 1623 798 1658 Δεσπότῃ
810 1623 930 1658 Χριστῷ.

146 1669 266 1695 Πέπονθε
297 1669 345 1703 μὲν
372 1668 426 1703 γὰρ
452 1668 522 1694 κατὰ
543 1668 572 1695 τὸ
588 1668 765 1703 ἀνθρώπειον,
782 1669 889 1703 ἀπαθὴς
903 1668 931 1694 δὲ

150 1715 304 1750 μεμένηκεν
325 1714 361 1746 ὡς
377 1713 453 1745 Θεός.
478 1714 509 1740 Et
529 1713 556 1740 δὲ
570 1714 639 1741 κατὰ
658 1714 704 1741 τὸν
722 1715 776 1740 τῶν
794 1714 931 1742 δυσσεὸὧν

145 1761 224 1794 λόγον
244 1760 314 1787 κατὰ
337 1760 384 1795 τὴν
402 1759 516 1795 θεότητα
533 1759 650 1786 πέπονθε
662 1780 670 1792 ,
693 1759 807 1795 περιττὴ
832 1759 930 1794 δήπου-

147 1806 191 1833 θεν
204 1806 253 1841 της
269 1806 366 1842 σαρκὸς
379 1807 396 1841 ἡ
409 1805 554 1841 ἀνάληψις.
572 1806 609 1832 Οὐ
628 1805 682 1839 γὰρ
702 1805 801 1840 ἔχρῃζε
816 1805 865 1840 τῆς
883 1814 932 1831 πα-

146 1853 230 1887 θητῆς
250 1852 475 1887 ἀνθρωπότητος,
503 1850 553 1884 τῆς
574 1849 650 1879 θείας
674 1849 781 1883 φύσεως
805 1849 931 1882 δέξασθαι

144 1897 296 1932 δυναμένης
310 1896 443 1926 τὸπάθος.
460 1896 490 1922 Εἰ
504 1895 532 1921 δὲ
544 1896 590 1921 καὶ
603 1894 673 1921 κατὰ
688 1895 734 1920 τὸν
748 1894 836 1920 αὐτῶν
852 1895 931 1928 λόγον

145 1942 252 1977 ἀπειθὴς
271 1942 287 1976 ἡ
307 1941 410 1976 θεύτης,
431 1940 478 1966 καὶ
500 1940 598 1975 ἀληθὲς
611 1939 641 1966 τὸ
659 1939 754 1971 πάθος,
781 1939 818 1974 μὴ
839 1940 931 1974 ἀρνεί-

148 1987 253 2013 σθωσαν
278 1986 306 2012 τὺ
330 1985 472 2017 πεπονθὸς,
493 1985 537 2012 ἴνα
556 1985 592 2020 μὴ
608 1984 746 2020 ἁρνηθῶσι
762 1985 807 2011 καὶ
821 1984 870 2019 τὴν
883 1984 930 2010 τοῦ

148 2032 249 2063 πάθους
266 2031 403 2065 ἀλήθειαν·
416 2030 512 2064 ψευδὲς
527 2030 580 2065 γὰρ
595 2029 625 2056 τὸ
640 2029 725 2061 πάθος
735 2030 784 2056 οὐκ
794 2030 869 2060 δντος
883 2029 929 2055 τοῦ

146 2079 305 2113 πάσχοντος.
325 2078 385 2104 ’Ὁτι
398 2076 425 2102 δὲ
437 2076 512 2111 καὶὴ
531 2076 589 2102 θεία
603 2075 697 2111 Γραιρὴ
717 2075 862 2111 προφανῶς
882 2074 930 2101 τοῦ

147 2123 271 2158 σώματος
289 2121 417 2157 κηρύττει
432 2121 463 2148 τὸ
490 2121 584 2152 πάθος,
611 2121 702 2156 ῥᾴδιον
724 2121 762 2156 τῷ
778 2119 931 2155 βουλομένῳ

144 2169 199 2195 τῶν
226 2168 305 2203 ἱερῶν
323 2167 495 2202 Εὐαγγελίων
519 2167 671 2199 ἀναπτύξαι
695 2167 744 2201 τὴν
768 2166 928 2201 τετρακτὺν,

146 2215 193 2240 καὶ
211 2214 305 2248 μαθεῖν
320 2214 434 2245 ἐκεῖθεν,
450 2213 523 2243 ὅπως
553 2213 651 2246 Ἰωσὴφ
664 2213 678 2238 ὁ
693 2212 747 2238 ἀπὸ
767 2210 929 2246 Ἀριμαθίας

147 2258 283 2294 προσῆλθε
308 2258 346 2293 τῷ
365 2258 484 2292 Πιλάτῳ,
502 2257 549 2284 καὶ
563 2257 647 2293 ᾔτησε
671 2257 701 2283 τὸ
719 2256 799 2291 σῶμα
812 2256 859 2282 τοῦ
877 2257 929 2292 Ἰη-

146 2303 203 2330 σοῦ·
226 2303 272 2329 καὶ
285 2303 322 2334 ὡς
337 2305 351 2329 ὁ
375 2303 489 2333 Πιλάτος
512 2302 660 2337 προσέταξε
678 2302 787 2337 δοθῆναι
803 2301 834 2328 τδ
849 2302 929 2336 σῶμα

145 2348 192 2374 τοῦ
210 2348 308 2383 Ἰησοῦ,
327 2348 372 2374 καὶ
389 2348 426 2379 ὡς
438 2349 452 2374 ὁ
480 2348 580 2382 Ἰωσὴφ
594 2347 718 2374 καθεῖλεν
730 2347 785 2373 ἀπὸ
800 2347 879 2380 ξύλου
898 2347 929 2373 τὸ

147 2393 225 2428 σῶμα
238 2392 284 2418 τοῦ
307 2392 402 2427 Ἰησοῦ,
414 2392 461 2418 καὶ
472 2392 509 2423 ὡς
521 2392 641 2426 ὲνείλησε
648 2393 681 2427 τῇ
697 2391 793 2418 σινδόνι
805 2391 836 2417 τὸ
849 2390 928 2426 σῶμα

144 2437 190 2464 τοῦ
215 2437 316 2471 Ἰησοῦ,
335 2438 380 2463 καὶ
395 2436 431 2468 ὡς
450 2437 530 2463 τοῦτο
555 2437 705 2471 κατέθηκεν
727 2437 756 2463 ὲν
780 2436 819 2472 τῷ
842 2436 928 2471 καινῷ

146 2483 280 2518 μνημείῳ.
301 2482 392 2508 Ταῦτα
403 2483 426 2508 οἱ
441 2483 572 2517 τέσσαρες
586 2482 778 2516 εὐαγγελισταὶ
794 2482 928 2516 συνέγρα-

143 2529 207 2563 ψαν,
228 2528 357 2559 πολλάκις
373 2527 420 2556 τοῦ
441 2527 566 2563 σώματος
584 2528 828 2563 μνημονεύσαντες.
854 2528 884 2554 Et
900 2528 929 2554 δὲ

144 2573 177 2599 τὰ
185 2573 260 2608 παρὰ
275 2573 321 2598 τοῦ
332 2572 448 2606 ἀγγέλου
463 2572 530 2607 πρὸς
538 2572 586 2604 τὰς
598 2573 660 2607 περὶ
674 2572 784 2607 Μαρίαν
795 2573 928 2608 εἰρημένα

145 2619 319 2653 προφέρουσι·
339 2627 347 2644 ι
368 2618 449 2645 Δεῦτε
471 2618 538 2644 ὅπου
555 2617 644 2644 ἔκειτο
657 2619 671 2644 ὁ
690 2617 800 2653 Κύριος,
820 2628 829 2644 ι
851 2619 929 2645 ἀκου-

146 2663 268 2690 σάτωσαν
284 2664 333 2698 τῆς
356 2665 411 2691 τῶν
436 2663 565 2700 Πράξεων
583 2664 701 2699 ἱστορίας
727 2663 868 2699 λεγούσης,
885 2663 927 2691 ὅτι

148 2718 157 2734 Ι
182 2709 364 2744 Συνεγόμισαν
375 2710 419 2737 τὸν
438 2710 572 2744 Στέφανον
585 2708 688 2746 ’ἄνδρες
703 2710 825 2741 εὐλαῧεῖς
835 2730 842 2742 ,
855 2720 864 2736 ι
880 2710 927 2738 καὶ

147 2755 348 2787 σκοπείτωσαν,
364 2756 401 2787 ὡς
413 2756 443 2782 οὐ
458 2757 507 2792 τὴν
521 2755 610 2791 ψυχὴν
634 2756 681 2782 τοῦ
705 2756 852 2792 νικηφόρου
867 2757 927 2782 Στε-

181 2846 202 2862 "
216 2845 309 2872 Matth.
326 2853 415 2877 X\\'lll,
427 2845 454 2872 6.

983 950 1044 976 quae
1058 943 1091 969 de
1110 944 1213 970 semine
1229 943 1340 971 Davidis
1367 947 1506 978 assumpta
1529 948 1581 976 est,
1607 943 1659 970 hoc
1677 943 1766 970 facere

983 988 1123 1020 convenit,
1137 993 1165 1015 et
1183 993 1260 1015 certo
1275 990 1346 1016 scire
1367 990 1441 1016 illam
1463 989 1574 1024 quidem
1592 994 1722 1018 mternam
1739 994 1767 1016 et

983 1034 1187 1067 sempiternam,
1205 1034 1412 1069 simpliccmque
1435 1041 1463 1064 et
1490 1034 1766 1069 incircumscriptam,

983 1077 1166 1104 immortalem
1182 1083 1209 1105 et
1227 1079 1436 1112 immutabilem;
1449 1080 1520 1106 hanc
1534 1087 1601 1107 vero
1616 1084 1765 1112 recentem,

982 1126 1010 1149 et
1021 1123 1210 1157 compositam,
1223 1129 1251 1151 et
1266 1124 1510 1159 circumscriptam,
1522 1130 1549 1152 et
1564 1124 1673 1158 ﬂuxam,
1685 1130 1767 1160 atque

983 1168 1137 1195 mortalem.
1163 1169 1219 1196 Etsi
1236 1169 1310 1196 enim
1326 1177 1435 1197 carnem
1457 1171 1540 1197 etiam
1565 1178 1639 1198 nunc
1665 1171 1768 1198 scimus

983 1214 1166 1241 immortalem
1185 1220 1213 1242 ct
1236 1215 1484 1251 incorruptibilem,
1511 1221 1630 1244 attamen
1646 1221 1709 1244 ante
1724 1225 1768 1244 re-

983 1260 1181 1287 surrectionem
1206 1266 1233 1288 et
1256 1261 1338 1288 morti
1359 1266 1388 1288 et
1413 1263 1534 1296 passioni
1559 1262 1612 1290 fuit
1627 1263 1765 1289 obnoxia:

983 1305 1085 1339 alioqui
1099 1313 1153 1339 quo
1173 1305 1254 1332 modo
1270 1307 1344 1333 cruci
1363 1306 1440 1333 allixa
1467 1307 1574 1339 fuisset,
1591 1311 1619 1334 et
1641 1307 1767 1341 sepulcro

985 1349 1090 1384 1217
1101 1349 1248 1376 mandata?
1259 1349 1336 1377 Licet
1352 1354 1442 1377 autem
1460 1354 1621 1378 naturarum
1635 1350 1766 1378 ditl‘eren-

984 1394 1048 1420 tiam
1062 1395 1292 1429 pcrspexerimus,
1317 1403 1403 1422 unum
1418 1399 1507 1424 tamen
1520 1401 1629 1431 oportet
1654 1397 1768 1424 adorare

983 1440 1092 1473 Filium,
1110 1441 1292 1475 eumdemque
1308 1444 1315 1451 ‘
1333 1441 1423 1476 ipsum
1449 1447 1477 1469 et
1495 1442 1595 1469 Filium
1612 1443 1660 1470 Dei
1674 1450 1766 1474 nosse,

982 1488 1010 1512 et
1024 1485 1122 1512 Filium
1140 1485 1269 1518 hominis,
1287 1486 1402 1514 formam
1418 1487 1465 1514 Dei
1492 1491 1520 1514 ct
1541 1487 1657 1514 formam
1682 1488 1765 1519 servi,

984 1529 1069 1557 lilium
1082 1531 1194 1559 Davidis
1204 1536 1231 1559 et
1242 1532 1387 1559 Dominum
1400 1533 1520 1566 Davidis,
1533 1541 1626 1561 semen
1649 1533 1767 1561 Abrahae

982 1579 1010 1602 et
1036 1575 1166 1603 factorem
1177 1577 1303 1604 Abrahae.
1321 1577 1392 1606 Unio
1407 1579 1480 1606 enim
1504 1579 1660 1607 communia
1677 1579 1767 1607 reddit

982 1621 1112 1654 nomina,
1137 1621 1185 1649 sed
1215 1627 1329 1650 naturas
1349 1624 1491 1651 nominum
1522 1624 1679 1651 communio
1712 1632 1766 1652 non

983 1665 1135 1694 confundit.
1165 1667 1336 1694 Manifestum
1359 1668 1431 1694 enim
1443 1672 1485 1695 est
1499 1668 1532 1696 iis
1548 1669 1594 1703 qui
1614 1673 1688 1696 recte
1705 1677 1767 1696 sen-

982 1712 1064 1743 tiunt,
1079 1711 1131 1738 alia
1148 1716 1178 1738 ut
1204 1713 1270 1744 Deo,
1290 1713 1342 1740 alia
1367 1717 1397 1740 ut
1415 1713 1519 1740 homini
1540 1714 1698 1741 convenire.
1722 1714 1767 1742 Sic

982 1760 1009 1783 et
1029 1757 1186 1790 passibilem
1202 1765 1262 1784 esse
1279 1762 1307 1784 et
1327 1757 1520 1793 impassibilem
1537 1759 1669 1794 competit
1684 1759 1766 1787 Chri—

982 1804 1024 1827 sto
1040 1800 1164 1827 Domino.
1179 1801 1278 1827 Passus
1290 1809 1408 1835 namque
1417 1806 1459 1828 est
1471 1803 1621 1830 secundum
1638 1803 1767 1831 humani-

983 1848 1077 1875 tatem,
1094 1845 1272 1878 impassibilis
1285 1853 1351 1872 vero
1366 1846 1467 1873 mansit
1479 1851 1508 1873 ut
1518 1846 1678 1880 Deus.Quod
1691 1849 1725 1882 si,
1736 1853 1767 1876 ut

982 1889 1059 1924 impii
1071 1889 1176 1921 dicunt,
1192 1890 1342 1916 secundum
1355 1890 1526 1918 divinitatem
1548 1900 1644 1926 passus
1657 1897 1708 1924 est,
1721 1901 1767 1920 su-

981 1942 1151 1968 pervacanea
1168 1935 1262 1969 utique
1273 1935 1326 1962 fuit
1338 1936 1428 1963 carnis
1440 1937 1599 1971 assumptio.
1623 1938 1679 1965 Nec
1691 1939 1765 1965 enim

981 1979 1105 2013 passibili
1131 1979 1302 2007 humanitate
1334 1981 1494 2016 indigebat,
1522 1990 1583 2009 cum
1611 1983 1765 2017 passionem

982 2030 1074 2059 posset
1088 2025 1179 2052 divina
1199 2031 1296 2053 natura
1318 2027 1451 2061 recipere.
1470 2027 1518 2054 Sin
1533 2032 1624 2055 autem
1643 2029 1765 2063 ipsorum

981 2070 1063 2096 etiam
1075 2070 1246 2098 confessione
1262 2071 1437 2105 impassibilis
1456 2076 1498 2099 est
1509 2072 1647 2105 divinitas,
1659 2079 1687 2101 et
1700 2082 1764 2101 vera

981 2115 1033 2142 fuit
1055 2115 1155 2149 passio,
1184 2116 1331 2149 patientem
1352 2124 1407 2143 non
1427 2121 1543 2152 negent,
1570 2126 1604 2144 ne
1629 2119 1764 2152 passionis

981 2168 1090 2195 quoque
1103 2161 1246 2188 veritatem
1263 2166 1363 2196 negent
1381 2171 1386 2188 :
1405 2163 1469 2197 quia
1485 2163 1551 2190 falsa
1561 2167 1603 2190 est
1621 2164 1721 2198 passio,
1740 2165 1764 2192 si

945 2213 966 2240 ι)
981 2206 1087 2240 patiens
1117 2214 1171 2233 non
1198 2207 1242 2233 sit.
1271 2206 1348 2240 Quod
1368 2215 1433 2236 vero
1458 2210 1581 2244 corporis
1610 2210 1763 2244 passionem

980 2255 1074 2286 aperte
1086 2251 1177 2278 divina
1195 2252 1336 2286 Scriptura
1354 2253 1494 2287 praedicet,
1510 2254 1591 2281 facile
1606 2259 1649 2282 est
1671 2255 1695 2282 ei
1715 2255 1764 2289 qui

979 2303 1120 2323 sacrorum
1133 2297 1341 2332 Evangeliorum
1353 2299 1559 2333 quaternarium
1571 2300 1677 2334 aperire
1686 2301 1762 2333 velit,

979 2346 1013 2367 ex
1024 2341 1077 2368 illis
1090 2349 1254 2376 cognoscere
1272 2351 1327 2377 quo
1345 2348 1425 2378 pacto
1444 2344 1545 2379 Ioseph
1562 2345 1596 2371 ab
1609 2345 1761 2372 Arimathia

980 2390 1126 2416 accesserit
1151 2390 1184 2416 ad
1208 2391 1325 2417 Pilatum
1350 2395 1378 2418 et
1402 2391 1513 2426 petierit
1534 2392 1717 2426 corpusJesu,
1735 2397 1763 2418 et

979 2434 1116 2468 quomodo
1141 2435 1244 2462 Pilatus
1261 2436 1374 2470 jusserit
1389 2436 1448 2463 dari
1464 2444 1563 2471 corpus
1584 2437 1657 2468 Jesu,
1672 2440 1700 2463 et
1715 2436 1763 2464 Jo-

979 2481 1045 2516 scph
1058 2482 1200 2508 sustulerit
1215 2482 1248 2509 de
1264 2490 1345 2509 cruce
1361 2490 1462 2517 corpus
1481 2483 1556 2516 Jesu,
1575 2487 1603 2510 et
1625 2482 1763 2517 quomodo

978 2527 1094 2554 sindone
1112 2527 1257 2555 involverit
1276 2536 1375 2562 corpus
1391 2528 1466 2560 Jesu,
1491 2533 1518 2555 et
1541 2528 1679 2562 quomodo
1693 2527 1762 2554 illud

979 2572 1137 2607 deposuerit
1155 2573 1181 2600 in
1199 2581 1269 2601 novo
1287 2574 1465 2601 monimento.
1479 2573 1540 2600 Hzec
1549 2579 1666 2608 quatuor
1678 2582 1763 2600 evan-

978 2619 1081 2653 gelista:
1087 2619 1317 2654 conscripserunt,
1327 2619 1450 2646 crebram
1462 2619 1585 2653 corporis
1596 2619 1763 2646 mentionem

981 2662 1122 2690 facientes.
1145 2663 1221 2696 Quod
1241 2663 1264 2690 si
1292 2663 1381 2698 angeli
1405 2663 1439 2690 ad
1455 2663 1567 2690 Mariam
1599 2667 1626 2690 et
1649 2662 1765 2690 comites

980 2708 1064 2735 verba
1078 2708 1236 2742 proferant:
1263 2708 1370 2743 1218
1394 2717 1403 2734 ι
1418 2707 1514 2735 Venite
1540 2707 1573 2734 ad
1596 2707 1696 2739 locum,
1715 2706 1763 2733 ubi

981 2755 1084 2789 positus
1097 2758 1155 2781 erat
1173 2754 1304 2781 Dominus
1320 2753 1354 2786 5°,
1375 2763 1384 2779 ι
1408 2753 1520 2781 audiant
1540 2753 1657 2780 Actuum
1675 2751 1764 2779 histo-
