1945 3058
192 103 259 134 1347

699 101 941 132 THEODORETI
961 101 1129 132 EPISCOPI
1150 102 1332 133 CYRENSIS

1749 99 1831 132 1348

187 165 199 184 r
217 165 272 191 a‘m,
289 165 352 185 cum
369 157 407 185 ait
422 166 428 184 :
451 166 459 184 ι
483 157 656 185 Curaverunt
675 157 846 192 Stephanum
864 158 915 184 viri
937 164 976 183 re-

1033 157 1127 192 φάνου,
1148 159 1216 186 ἀλλὰ
1241 160 1271 186 τὸ
1297 158 1376 194 σῶμα
1401 158 1456 185 τῶν
1479 157 1665 193 νομιζομένων
1683 156 1828 192 ἠξίωσαν.

193 204 330 239 ligiosi“,
351 213 359 229 ι
390 208 417 230 et
437 203 621 235 considerent,
650 211 706 230 non
740 206 838 230 animae
866 203 979 230 victoris

193 249 337 284 Stephani,
358 248 406 276 sed
428 249 537 284 corpori
557 249 629 283 iusta
644 249 819 283 persolvisse.
839 248 910 282 Quin
926 248 978 282 ipsi

192 302 302 329 quoque
325 294 358 321 ad
377 295 451 320 hunc
472 294 557 325 diem,
574 301 635 320 cum
660 294 886 328 triumphantium
910 301 979 320 mar-

194 344 281 375 tyrum
297 340 397 374 templa
421 339 600 374 ingredimur,
627 339 761 367 sciscitari
782 340 902 366 solemus
918 339 979 373 quis

192 388 305 411 vocetur
319 384 365 418 qui
389 384 417 410 in
440 384 520 410 tbeea
540 383 667 410 conditus
693 389 734 411 est
752 393 757 410 :
774 388 801 411 et
816 385 916 419 quibus
935 392 979 411 res

192 435 256 456 nota
279 435 320 455 cst
345 429 512 463 respondent
530 429 667 456 Julianum
684 430 799 456 fortasse
821 434 978 464 martyrem,

192 478 239 500 aut
251 474 416 505 Romanum,
434 478 482 499 aut
499 473 684 500 Timotheum.
700 474 733 500 Et
747 475 872 508 quamvis
889 482 921 501 ne
939 475 979 501 in-

191 524 266 553 tegra
282 519 393 553 quidem
407 519 443 545 ibi
456 519 511 545 sint
523 526 638 553 c0rpora
651 519 750 553 posita,
763 520 810 546 sed
826 520 979 554 perexigua:

191 563 324 597 reliquiae,
347 565 486 590 communi
511 568 601 591 tamen
629 565 740 591 nomine
769 565 851 591 etiam
880 572 978 599 corpus

191 608 372 642 appellamus.
387 608 433 635 Sic
457 609 570 643 angelus
593 608 700 635 Domini
716 617 816 643 corpus
832 610 978 636 Dominum

190 654 309 685 vocavit,
326 654 390 688 quia
402 662 502 688 corpus
514 658 574 680 erat
586 653 695 680 Domini
710 655 910 681 universorum.
924 655 978 682 Sed

190 704 218 727 et
238 700 370 726 Dominus
399 699 457 734 ipse
485 707 540 726 non
562 703 687 726 naturam
714 700 896 733 invisibilem,
930 701 977 727 sed

189 753 292 779 corpus
303 745 431 772 daturum
449 753 476 771 se
489 745 616 779 promisit
630 747 696 779 pro'
711 746 806 772 mundi
819 746 874 772 vita
886 755 892 772 :
906 756 914 771 ι
928 746 978 772 Pa—

189 790 234 816 nis
246 790 330 822 enim,
347 789 395 821 ait,
412 797 494 823 quem
511 797 561 823 ego
572 789 652 821 dabo,
672 797 735 816 caro
754 798 812 817 mea
830 794 882 821 est,
893 797 975 824 quam

1030 203 1081 230 Ka‘
1101 204 1181 239 μέχρι
1196 204 1224 230 δὲ
1236 204 1283 230 τοῦ
1303 203 1445 238 παρόντος,
1459 203 1488 229 ὲν
1502 204 1559 234 τοῖς
1576 203 1631 228 τῶν
1653 202 1831 229 καλλινίκων

1031 247 1178 282 μαρτύρων
1198 248 1326 279 εἰσιόντες
1342 249 1445 283 σηκοῖς,
1464 248 1568 283 ἐρωτᾷν
1592 246 1727 282 εἰώθαμεν
1739 247 1786 279 τίς
1811 248 1829 273 ὁ

1029 293 1058 318 ἐν
1076 294 1108 327 τῇ
1136 294 1207 329 θήκῃ
1237 294 1369 320 καλεῖται·
1388 293 1413 320 οἱ
1429 293 1457 319 δὲ
1479 294 1503 318 τ’
1523 293 1621 327 ἀληθὲς
1638 293 1738 324 εἰδότες
1752 293 1829 318 ἀπο-

1030 338 1177 372 κρίνονται,
1195 340 1213 373 ἥ
1233 339 1374 365 Ἰουλιανὺν
1390 338 1469 372 τυχὸν
1483 338 1528 363 τὸν
1549 339 1690 373 μάρτυρα,
1709 337 1725 372 ἦ
1751 338 1827 364 Ῥω-

1031 384 1124 418 μανδν,
1137 385 1152 418 ἢ
1167 384 1308 419 Τιμόθεον·
1322 384 1410 410 καίτοι
1426 383 1554 414 πολλάκις
1567 383 1626 409 οὐδὲ
1636 383 1746 409 τελείων
1760 382 1825 409 τῶν

1031 431 1165 464 σωμάτων
1184 431 1329 465 κειμένων,
1358 429 1426 457 ἀλλὰ
1451 429 1641 464 σμικροτάτων
1668 429 1824 463 λειψάνων·

1030 475 1086 501 ἀλλ’
1101 476 1174 510 ὅμως
1197 476 1235 510 τῷ
1250 475 1329 510 κοινῷ
1344 476 1454 510 ὀνόματι
1474 475 1520 501 καὶ
1537 475 1566 501 τὸ
1582 474 1661 508 σῶμα
1675 483 1823 509 προσαγο-

1030 520 1155 555 ρεύομεν.
1170 521 1263 552 Οὕτως
1277 523 1290 547 ὁ
1301 521 1414 554 ἄγγελος
1431 521 1477 546 τοῦ
1498 521 1601 555 Κυρίου
1621 520 1650 546 τὸ
1667 520 1747 554 σῶμα
1760 519 1824 545 Κύ-

1029 575 1086 601 ριον
1101 567 1331 602 προσηγόρευσεν,
1349 566 1441 602 ἐπειδὴ
1465 566 1544 600 σῶμα
1559 564 1592 600 ἦν
1607 565 1654 592 τοῦ
1674 566 1728 591 τῶν
1745 565 1821 592 ὅλων

1028 612 1140 646 Κυρίου.
1170 613 1224 638 Kal.
1247 613 1326 643 αὐτὸς
1351 613 1378 638 δὲ
1405 613 1418 638 ὁ
1438 611 1549 646 Κύριος,
1574 612 1604 638 οὺ
1633 612 1682 646 τὴν
1698 611 1820 645 ἀόρατον

1028 657 1119 690 φύσιν,
1134 657 1201 683 ἀλλὰ
1221 657 1250 682 τὸ
1269 657 1348 691 σῶμα
1365 656 1460 683 δώσειν
1474 657 1608 691 ὑπέσχετο
1623 655 1691 690 ὑπὲρ
1703 656 1750 689 τῆς
1765 655 1818 681 τοῦ

1027 702 1129 735 κόσμου
1141 702 1212 736 ζωῆς
1223 711 1229 717 ·
1251 712 1259 727 ι
1285 703 1314 728 '0
1331 702 1383 736 γὰρ
1395 702 1485 737 ἄρτος,
1502 702 1594 736 φησὶν,
1611 701 1640 727 ὃν
1653 700 1706 734 ἐγὼ
1723 700 1818 732 δώσω,

1027 747 1043 782 ἡ
1065 746 1132 782 σάρξ
1151 756 1201 781 μου
1223 748 1313 778 ἐστὶν,
1329 748 1362 782 ἢν
1381 747 1436 781 ἐγὼ
1456 747 1532 774 δώσω
1551 747 1621 781 ὑπὲρ
1644 747 1694 780 τῆς
1710 746 1756 772 τοῦ
1770 746 1820 772 κό-

1028 801 1096 826 σμου
1112 792 1194 826 ζωῆς.
1214 801 1223 818 ι
1241 793 1298 818 Κάν
1318 794 1350 827 τῇ
1362 792 1416 818 τῶν
1429 792 1508 818 Θείων
1526 792 1681 827 μυστηρίων
1692 791 1817 824 παραδὸ-

190 843 240 870 ego
257 835 327 862 dabo
352 842 402 869 pro
425 834 519 861 mundi
534 834 589 861 vita
605 835 638 860 ".
662 843 670 859 ι
706 835 739 861 Ει
766 835 793 861 in
818 823 974 861 divinorum

1028 823 1068 864 σει
1084 823 1173 864 λαῦὼν
1194 838 1224 864 τὸ
1241 823 1374 873 σύμϐολον
1391 838 1452 874 ἔφη·
1473 848 1483 864 ‹
1509 823 1593 864 Teii-.6
1608 823 1667 865 ἐστι
1683 838 1713 863 τὸ
1731 837 1817 871 σῶμά

190 880 382 916 mysteriorum
403 880 550 906 traditione
569 879 722 914 symbolum
740 879 880 914 accipiens
890 879 975 906 dixit:

194 936 203 952 ί
223 927 281 953 lloc
297 930 339 952 est
350 934 450 960 corpus
462 932 564 958 meum,
582 925 655 960 quod
669 933 719 960 pro
736 925 814 952 vobis
829 925 909 951 datur
919 925 952 957 ",
964 935 972 950 I

190 976 247 1003 aut,
264 972 341 1006 juxta
360 970 520 1006 Apostolum
538 971 571 1003 ⁵⁸,
595 980 603 996 ι
623 970 768 1005 frangitur.
784 979 793 994 ›
808 970 901 1004 Neque
922 969 976 996 ullo

193 1024 309 1050 usquam
324 1015 395 1048 loco,
409 1024 471 1043 cum
485 1016 518 1042 de
529 1015 656 1050 passione
666 1014 807 1047 disseruit,
820 1014 976 1049 impassibi-

189 1061 242 1088 lem
255 1061 428 1088 divinitatem
447 1061 680 1088 commemoravit.

223 1106 338 1140 Opertet
349 1111 440 1133 autem
456 1114 503 1134 eos
518 1106 566 1141 qui
577 1106 767 1134 contradicere
781 1105 902 1137 student,
912 1110 975 1133 ante

188 1151 240 1178 alia
261 1151 353 1178 omnia
381 1152 561 1186 interrogare,
589 1155 682 1178 utrum
711 1152 860 1187 perfectam
878 1159 893 1178 a
918 1151 975 1179 Deo

188 1196 279 1223 Verbo
299 1196 483 1223 conﬁteantur
499 1201 667 1230 assumptam
688 1203 747 1223 esse
766 1196 912 1223 humanam
928 1204 975 1222 na-

189 1245 289 1273 turam,
317 1245 344 1268 et
373 1249 408 1268 an
438 1241 566 1267 unionem
597 1240 767 1267 inconfusam
787 1248 847 1267 esse
875 1240 973 1267 factam

187 1286 290 1314 dicant.
316 1287 379 1313 Haec
402 1286 476 1313 enim
497 1286 520 1313 si
537 1285 724 1312 concedantur
737 1305 744 1318 ,
774 1289 872 1312 caetera
891 1285 972 1311 etiam

187 1331 285 1358 ordine
297 1331 458 1366 precedent,
474 1335 502 1358 et
519 1331 609 1366 passio
628 1331 753 1357 humanae
771 1334 876 1357 natura:
896 1329 974 1356 attri-

186 1376 300 1403 buetur.
324 1377 378 1403 Ista
392 1384 442 1411 ego
458 1384 532 1403 nunc
553 1376 715 1410 compendio
733 1376 844 1408 dictavi,
864 1380 891 1403 et
915 1375 975 1410 epi-

187 1422 264 1448 stolae
289 1422 401 1448 modum
416 1422 519 1449 excessi
536 1430 541 1448 :
559 1422 620 1448 misi
637 1426 729 1448 autem
748 1425 776 1450 et
794 1429 874 1456 quam
886 1430 975 1456 nuper

189 1467 297 1503 1219
318 1468 493 1502 scripseram,
516 1468 626 1495 hortatu
648 1467 847 1502 religiosissimi
862 1471 890 1494 ct
909 1475 974 1494 san-

187 1512 302 1539 ctissimi
325 1513 445 1540 hominis
466 1512 515 1539 Dei
533 1511 680 1539 dominiN.
696 1512 807 1538 brevem
825 1511 975 1538 institutio-

187 1565 262 1589 nem,
275 1565 335 1592 qum
352 1562 379 1585 et
398 1558 456 1592 ipsa
471 1557 590 1585 sufﬁciat
601 1557 635 1584 ad
649 1557 799 1584 docendam
813 1556 974 1591 apostolico-

186 1610 249 1629 rum
278 1603 434 1637 dogmatum
449 1603 603 1630 veritatem.
624 1601 701 1634 Quod
730 1602 753 1629 si
776 1602 974 1637 calligrapbum

187 1651 286 1674 nactus
303 1647 392 1680 fuero,
408 1648 515 1674 mittam
532 1647 670 1674 sanctitati
691 1651 744 1674 tuae
759 1647 803 1674 illa
818 1647 900 1674 etiam
915 1654 975 1681 quae

187 1692 288 1727 dialogi
306 1700 382 1720 more
397 1700 446 1727 per
462 1693 703 1727 interrogationem
725 1696 753 1719 et
769 1692 974 1726 responsionem

188 1738 352 1772 conscripsi,
371 1738 523 1764 orationem
549 1738 659 1773 longius
684 1737 849 1772 producens,
875 1742 903 1764 et
925 1737 975 1764 Pa-

188 1789 261 1811 trum
287 1784 421 1812 doctrinis
448 1789 541 1812 nostra
570 1785 770 1812 communiens.
797 1783 856 1810 Misi
882 1788 974 1811 autem

187 1838 262 1858 nunc
270 1831 351 1858 etiam
366 1839 466 1865 paucas
477 1835 600 1857 veterum
611 1830 802 1865 magistrorum
814 1829 972 1861 sententias,

188 1884 249 1911 quae
264 1877 329 1903 satis
346 1877 401 1903 sint
420 1876 452 1902 ad
468 1876 601 1902 doctrina:
612 1875 722 1901 illorum
736 1882 848 1908 scopum
862 1874 975 1901 demort-

187 1920 342 1948 strandum.
365 1919 527 1954 Rependero
548 1919 631 1954 igitur
651 1919 741 1950 nobis,
763 1919 820 1946 Deo
831 1919 976 1946 dilectissi-

187 1972 243 1996 me,
257 1973 370 1999 precum
380 1965 512 1991 auxilium
527 1964 651 1999 dignare,
669 1969 700 1991 ut
717 1972 814 1991 smvam
831 1967 976 1998 tempesta-

188 2012 243 2036 tem
257 2009 453 2040 transiliamus,
464 2013 492 2036 et
507 2009 541 2035 ad
562 2009 723 2043 tranquillos
746 2007 895 2035 Salvatoris
909 2016 974 2043 por-

188 2058 234 2081 tus
245 2054 424 2088 appellamus.

239 2110 356 2138 CXXXI.
373 2125 408 2129 —
422 2110 539 2145 Longino
559 2110 773 2136 archimandritw
790 2110 920 2137 Dolichcs.

1027 891 1088 917 μου,
1101 882 1130 908 τὸ
1141 882 1209 916 ὑπὲρ
1221 882 1297 916 ὑμῶν
1310 882 1458 917 διδόμενον,
1471 892 1479 908 ι
1496 883 1512 917 ἢ
1525 882 1670 916 κλώμενον,
1681 881 1751 908 κατὰ
1765 881 1816 907 τὸν

1033 927 1202 955 Ἀπόστολον.
1233 929 1287 954 Καὶ
1305 928 1421 962 οὐδαμοῦ
1446 929 1511 964 περὶ
1526 927 1628 958 πάθους
1645 926 1812 962 διαλεχθεὶς,

1025 973 1074 1008 τῆς
1089 973 1210 1004 ἀπαθοῦς
1223 974 1344 1009 ἐμνήσθη
1363 973 1498 1009 Θεότητος.

1061 1060 1121 1095 Χρὴ
1136 1060 1163 1086 δὲ
1180 1060 1234 1096 πρὸ
1255 1060 1309 1086 τῶν
1329 1060 1416 1087 ἄλλων
1435 1059 1562 1086 ἁπάντων
1581 1059 1643 1091 τοὺς
1660 1059 1814 1094 ἀντιλέγειν

1025 1105 1231 1141 ἐπιχειροῦντας
1249 1104 1414 1140 ἐρωτᾶσθαι,
1429 1106 1453 1131 εί
1475 1104 1688 1139 συνομολογοῦσι
1704 1105 1813 1132 τελείαν

1026 1149 1078 1176 ὑπὸ
1091 1149 1139 1176 τοῦ
1154 1149 1221 1175 Θεοῦ
1242 1150 1329 1184 Λόγου
1353 1149 1551 1185 προσειλῆφθαι
1570 1150 1618 1185 τὴν
1637 1149 1812 1184 ἀνθρωπείαν

1025 1193 1116 1228 φύσιν,
1134 1194 1179 1221 καὶ
1196 1195 1220 1220 εί
1240 1194 1288 1229 τὴν
1304 1194 1403 1220 ἕνωσιν
1418 1194 1570 1229 ἀσύγχυτον
1581 1195 1743 1229 γεγενῆσθαί
1760 1204 1815 1229 φα-

1025 1246 1077 1264 σιν.
1093 1239 1123 1264 El
1142 1238 1196 1274 γὰρ
1213 1238 1299 1265 ταῦτα
1319 1239 1559 1274 συνομολογηοείη,
1576 1240 1622 1266 καὶ
1643 1240 1726 1266 τᾶλλα
1740 1241 1812 1267 κατὰ

1023 1282 1099 1314 τάξιν
1113 1283 1292 1318 προϐήσεται,
1309 1283 1355 1309 καὶ
1369 1284 1398 1309 τὸ
1414 1283 1499 1314 πάθος
1516 1285 1549 1318 τῇ
1564 1284 1670 1319 παθητῇ
1691 1293 1812 1320 προσαρ-

1025 1327 1189 1362 μοσθήσεται
1207 1328 1297 1362 φύσει.
1319 1328 1410 1360 Ταῦτα
1438 1330 1467 1355 ὲν
1487 1329 1626 1364 κεφαλαίῳ
1647 1329 1694 1356 νῦν
1711 1331 1813 1364 ὑπηγό-

1025 1380 1119 1407 ρευσα,
1136 1374 1183 1399 καὶ
1202 1373 1253 1407 τῆς
1267 1373 1412 1406 ἐπιστολῆς
1429 1374 1565 1410 ὑπερέϐην
1574 1374 1604 1400 τὸ
1619 1375 1727 1409 μέτρον.
1750 1375 1812 1400 Ἀπ-

1024 1416 1131 1443 έστειλα
1147 1418 1176 1444 δὲ
1192 1418 1239 1444 καὶ
1253 1418 1286 1453 ἢν
1304 1418 1399 1453 πρώην
1427 1419 1544 1454 ἔγραψα,
1565 1420 1734 1454 προτραπεὶς
1758 1420 1812 1446 ὑπδ

1025 1462 1072 1489 τοῦ
1101 1462 1308 1497 Θεοφιλεστάτου
1326 1464 1373 1490 καὶ
1404 1464 1556 1497 ἀγιωτάτου
1592 1465 1734 1500 ἀνθρώπου
1763 1465 1810 1492 τοῦ

1026 1507 1094 1533 Θεοῦ
1110 1507 1158 1534 τοῦ
1184 1508 1338 1543 κυρίου.....
1357 1509 1488 1544 σύντομον
1510 1510 1696 1542 διδασκαλίαν,
1713 1511 1810 1546 ἱκανὴν

1026 1551 1109 1580 οὖσαν
1123 1554 1170 1580 καὶ
1178 1554 1262 1590 αὐτὴν
1276 1555 1379 1589 διδάξαι
1390 1555 1438 1590 τὴν
1449 1556 1502 1582 τῶν
1513 1556 1699 1584 άποστολικῶν
1713 1558 1812 1593 δογμά-

1025 1607 1079 1626 των
1099 1599 1238 1635 ὰλήθειαν.
1257 1601 1288 1626 ΕΙ
1310 1601 1338 1627 δὲ
1359 1600 1468 1636 εὕροιμι
1495 1601 1693 1637 καλλιγράφον,
1710 1603 1811 1638 πέμψω

1027 1653 1072 1671 σου
1088 1646 1120 1680 τῇ
1138 1645 1256 1681 ὁσιότητι
1272 1646 1320 1672 καὶ
1336 1645 1354 1672 a
1368 1645 1529 1680 διαλογικῶς
1546 1647 1712 1683 συνέγραψα,
1734 1656 1812 1674 reoru-
1851 1682 1854 1683 ν

1026 1691 1083 1717 ἐστι
1106 1691 1176 1718 κατὰ
1195 1691 1330 1727 ἐρώτησιν
1349 1693 1396 1718 καὶ
1409 1693 1571 1728 ἀπόκρισιν,
1595 1693 1641 1719 καὶ
1666 1693 1712 1719 τὸν
1733 1693 1811 1728 λόγον

1025 1737 1151 1772 εὐρύνας,
1171 1737 1217 1764 καὶ
1239 1737 1379 1773 ὀχυρώσας
1395 1738 1428 1764 τὰ
1442 1738 1562 1773 ἡμέτερα
1577 1740 1637 1770 ταῖς
1650 1739 1705 1765 τῶν
1722 1740 1811 1766 Πατέ-

1027 1790 1080 1816 ρων
1091 1782 1286 1814 διδασκαλίαις.
1307 1782 1468 1809 Ἀπέστειλα
1484 1783 1512 1809 δὲ
1525 1783 1572 1809 νῦν
1587 1783 1634 1809 καὶ
1646 1783 1739 1817 ὀλίγας
1755 1785 1811 1812 τῶν

1025 1827 1147 1862 ἀρχαίων
1170 1827 1339 1854 διδασκάλων
1363 1828 1485 1862 χρήσεις,
1505 1829 1600 1860 ἱκανὰς
1625 1829 1708 1862 οὔσας
1723 1829 1809 1863 δεῖξαι

1025 1872 1070 1898 τὸν
1097 1872 1147 1906 τῆς
1166 1873 1278 1899 ἐκείνων
1306 1873 1480 1904 διδασκαλίας
1508 1873 1616 1900 σκοπόν.
1647 1875 1808 1903 Ἀντιδοῦναι

1025 1916 1112 1942 τοίνυν
1128 1918 1203 1952 ἡμῖν,
1221 1918 1424 1952 θεοφιλέστατε,
1442 1919 1610 1950 καταξίωσον
1626 1919 1675 1954 τὴν
1701 1920 1809 1947 ἐπικου-

1027 1961 1086 1996 ρίαν
1102 1961 1155 1988 τῶν
1171 1963 1339 1997 προσευχῶν,
1355 1963 1399 1989 ἵνα
1411 1963 1457 1989 τὸν
1473 1963 1589 1997 χαλεπὸν
1601 1964 1808 2000 διαπεράσωμεν

1025 2006 1158 2039 κλύδωνα,
1176 2008 1223 2033 καὶ
1244 2008 1298 2034 τῶν
1318 2008 1457 2043 εὐστόμων
1476 2009 1522 2035 τοῦ
1538 2010 1663 2045 Σωτῆρος
1679 2011 1808 2046 ἐπιτύχω-

1026 2060 1075 2086 μεν
1092 2052 1219 2087 λιμένων.

1086 2107 1170 2133 PAA’.
1181 2122 1216 2127 ——
1228 2108 1360 2142 Λογγίνῳ
1374 2109 1586 2144 ἀρχιμανὸρίτῃ
1603 2111 1743 2145 Δολιχῆς.

222 2167 257 2193 Et
280 2167 369 2194 zelum
389 2174 439 2201 pro
462 2166 574 2201 pietate,
601 2169 629 2192 et
651 2165 811 2192 charitatem
833 2166 861 2192 in
881 2166 974 2200 proxi—

1063 2163 1118 2189 Καὶ
1132 2163 1177 2189 τὸν
1197 2163 1265 2198 ὑπὲρ
1279 2163 1328 2198 τῆς
1350 2164 1490 2196 εὐσεϐείας
1506 2165 1596 2199 ζῆλον,
1613 2166 1660 2191 καὶ
1679 2166 1727 2199 τὴν
1743 2168 1806 2201 περὶ

188 2220 263 2240 mum
278 2212 373 2246 religio
386 2215 476 2239 vestra
495 2210 655 2242 declaravit.
670 2210 822 2245 Utrumque
835 2211 908 2237 enim
923 2211 976 2239 hoc

189 2262 313 2292 tempore
336 2265 489 2284 connexum
515 2261 567 2283 est.
601 2256 654 2283 Pro
678 2256 836 2290 apostolicis
858 2264 976 2291 namque

189 2303 363 2338 dogmatibus
377 2301 658 2337 oppugnamur,quod
678 2306 819 2336 paternam
830 2302 976 2329 haeredita-

190 2353 245 2376 tem
271 2356 325 2376 non
348 2347 519 2382 projicimus,
538 2347 587 2374 sed
609 2347 718 2381 quidvis
743 2347 799 2382 pati
824 2347 976 2379 malumus,

189 2402 271 2429 quam
297 2394 401 2428 apicem
428 2400 513 2420 unum
538 2392 572 2419 de
597 2392 753 2427 evangelica
777 2391 830 2418 ﬁde
855 2392 977 2419 ablatum

189 2444 375 2467 contemnere.
398 2438 626 2466 Communicastis
645 2445 710 2472 ergo
731 2437 904 2472 passionibus
927 2446 977 2465 no-

189 2485 266 2516 stris,
284 2489 342 2511 tum
361 2492 411 2519 per
432 2484 538 2511 litteras
557 2483 741 2514 consolantes,
758 2487 816 2508 tum
837 2482 978 2510 mittentes

190 2530 493 2559 reverendissimos'ac
524 2528 745 2563 religiosissimos
770 2526 926 2553 lllatthamm
950 2531 978 2554 et

189 2575 306 2602 lsacium
333 2574 462 2601 diaconos
483 2582 490 2599 :
511 2573 694 2607 audietisquc,
718 2575 760 2598 sat
780 2571 846 2603 scio,
864 2579 880 2598 a
900 2572 975 2606 justo

189 2619 285 2648 Iudice
303 2627 310 2646 :
332 2627 341 2644 ι
360 2619 391 2646 in
404 2626 515 2646 carcere
528 2626 613 2650 eram,
634 2621 662 2644 et
677 2617 791 2644 venistis
807 2617 840 2643 ad
858 2625 900 2643 me
912 2617 945 2643 “.
962 2627 971 2642 ι

191 2665 268 2692 Licet
283 2665 356 2692 enim
371 2664 440 2691 viles
456 2665 554 2696 simus,
568 2671 599 2691 ac
615 2663 718 2698 pusilli,
731 2666 759 2689 et
770 2670 866 2697 magno
878 2670 975 2697 pecca-

191 2714 281 2739 torum
297 2717 381 2737 onere
397 2710 510 2745 gravati,
523 2715 551 2738 at
564 2709 722 2744 magniﬁcus
737 2710 744 2718 ⁶
756 2712 784 2736 et
800 2708 920 2735 liberalis
935 2713 977 2735 est

227 2786 249 2801 "
268 2787 328 2814 Act.
347 2794 402 2818 vm,
417 2786 443 2812 ‘2.
483 2787 504 2802 ⁸¹
516 2786 594 2813 Joan.
606 2793 642 2818 vl,
661 2786 703 2812 52.
742 2786 765 2801 ⁵³
782 2785 847 2812 Luc.
863 2793 927 2819 xx",
947 2785 990 2813 19.

1025 2209 1070 2236 τὸν
1085 2209 1170 2240 πέλας
1184 2209 1294 2244 ἀγάπην
1310 2210 1407 2242 ἔδειξεν
1423 2211 1499 2246 ὑμῶν
1516 2212 1690 2246 ἠοεοσέὸεια.
1707 2213 1806 2248 Ἀμφό-

1025 2263 1092 2289 τερα
1107 2255 1160 2290 γὰρ
1174 2255 1220 2281 ἐπὶ
1235 2255 1282 2281 τοῦ
1300 2256 1432 2290 παρόντος
1448 2257 1632 2288 συνέζευκται.
1652 2258 1735 2292 Ὑπὲρ
1754 2258 1806 2293 γὰρ

1026 2300 1080 2326 τῶν
1101 2300 1288 2327 ἁποστολικῶν
1315 2301 1510 2336 πολεμούμεθα
1527 2302 1688 2337 δογμάτων,
1716 2303 1806 2338 ἐπειδὴ

1026 2345 1073 2371 τὸν
1088 2345 1213 2380 πατρῷον
1227 2347 1257 2372 οὐ
1272 2346 1424 2381 προϊέμεθα
1444 2347 1553 2382 κλῆρον,
1569 2348 1637 2374 ἀλλὰ
1654 2349 1708 2375 πᾶν
1722 2349 1806 2374 δτιοῖν

1027 2390 1124 2417 παθεῖν
1144 2391 1294 2426 αἱρούμεθα
1313 2393 1424 2427 μᾶλλον,
1439 2393 1456 2428 ἢ
1483 2394 1547 2427 μίαν
1571 2394 1684 2429 κεραίαν
1708 2395 1740 2420 ὲκ
1761 2395 1807 2427 τῆς

1028 2436 1207 2469 εὑαγγελικῆς
1229 2437 1346 2466 πίστεως
1372 2439 1496 2473 παριδεῖν
1524 2439 1699 2474 συλουμένην.
1714 2439 1808 2465 Κεκοι-

1027 2484 1168 2517 νωνηκατε
1193 2483 1281 2509 τοίνυν
1313 2484 1378 2518 ἡμῖν
1397 2483 1450 2510 τῶν
1479 2483 1665 2519 παθημάτων,
1692 2484 1741 2511 καὶ
1766 2484 1808 2510 διὰ

1028 2527 1198 2563 γραμμάτων
1214 2527 1475 2563 ψυχαγωγήσαντες,
1502 2529 1548 2555 καὶ
1572 2529 1728 2563 πέμψαντες
1744 2529 1808 2564 πρδς

1029 2573 1101 2608 ἡμᾶς
1117 2573 1179 2604 τοὺς
1192 2574 1373 2608 τιμιωτάτους
1388 2574 1434 2600 καὶ
1448 2574 1661 2606 εὐλαῆεστάτους
1673 2574 1808 2601 Ματηαῖον

1029 2619 1076 2646 καὶ
1092 2619 1217 2653 Ἰσαάκην
1235 2620 1297 2650 τοὺς
1313 2619 1470 2651 διακόνους·
1491 2620 1548 2651 καὶ,
1563 2617 1592 2646 εὖ
1610 2617 1678 2651 οἶδα,
1698 2619 1808 2645 ἀκούσε-

1031 2664 1077 2690 σθε
1092 2664 1167 2699 παρὰ
1186 2665 1233 2691 τοῦ
1251 2665 1354 2691 δικαίου
1374 2665 1494 2699 Κριτοῦο
1513 2674 1522 2690 ι
1541 2665 1585 2691 Ἐν
1600 2665 1706 2700 φυλακῇ
1726 2665 1806 2699 ἢμην,

1029 2709 1077 2735 καὶ
1095 2708 1189 2743 ήλοετε
1215 2709 1284 2744 πρὸς
1299 2719 1343 2744 με.
1362 2719 1371 2734 ι
1394 2710 1426 2736 Et
1446 2709 1500 2744 γὰρ
1523 2709 1570 2736 καὶ
1593 2710 1673 2745 ἡμεῖς
1695 2708 1808 2740 εὐτελεῖς

1029 2786 1053 2802 ⁵⁵
1065 2786 1075 2813 l
1087 2786 1149 2814 Cor.
1169 2794 1206 2818 χι,
1218 2786 1262 2814 Ἡ.
1302 2787 1324 2804 ⁸⁵
1337 2787 1431 2814 Matth.
1449 2795 1510 2820 xxv,
1521 2786 1564 2814 '56.
