1945 3058
136 145 203 178 1349

774 144 953 176 EPISTOLA
975 142 1136 176 CXXXIII.

1696 154 1764 199 1350

135 202 182 229 καὶ
197 200 319 236 σμικροὶ,
333 200 380 227 καὶ
402 199 485 226 πολὺν
502 198 710 235 ἁμαρτημάτων
733 199 831 235 φόρτον
848 208 921 236 περι⁴

981 200 1122 228 Dominus.
1148 202 1297 237 Propterea
1320 204 1426 239 1220
1448 213 1503 232 non
1528 214 1698 242 magnorum,
1718 211 1765 238 sed

133 248 265 282 κείμενοι,
282 246 338 273 ἀλλ’
364 247 378 272 ό
401 245 537 281 Δεσπότης
554 245 696 280 φιλότιμός
710 254 739 271 τε
762 246 808 272 καὶ
834 254 921 280 μεγα-

132 295 258 330 λόδωρος.
280 293 329 320 Διά
346 301 387 319 τοι
403 292 481 319 τοῦτο
494 292 524 318 οὺ
544 291 597 318 τῶν
620 292 755 327 μεγάλων,
782 292 849 319 ἀλλὰ
866 292 920 319 τῶν

134 339 257 374 σμικρῶν
274 339 420 373 μέμνηται,
436 337 482 364 καί
498 345 595 372 φησιν·
613 346 622 362 ι
634 337 691 371 Ἐφ’
702 338 763 364 ὅσον
775 338 920 373 ἐποιήσατε

134 384 174 410 ἑνὶ
186 384 240 411 τῶν
252 382 376 418 σμικρῶν
388 382 442 409 τῶν
456 382 604 417 ἐλαχίστων
621 382 675 408 τῶν
686 383 868 409 πιστευόντων
881 383 921 413 εἰς

132 430 193 464 ἐμὲ,
220 429 280 463 ἐμοὶ
302 428 457 462 ἐποιήσατε.
474 436 482 452 ι
509 427 617 462 Ἐπειδὴ
633 428 723 454 τοίνυν
746 428 793 454 καὶ
813 429 842 454 ἐν
866 429 921 459 τοῖς

133 474 222 509 ὀρθοῖς
239 473 404 508 διαπρέπετε
425 472 551 506 δόγμασι,
571 473 617 498 καὶ
631 472 670 507 τῷ
689 473 838 507 ἁξιεπαίνῳ
852 472 922 507 λάμ-

134 528 199 545 πετε
214 518 274 553 βίῳ,
291 518 339 546 καὶ
358 517 458 552 πολλὴν
474 517 598 543 ἐντεῦθεν
619 517 685 552 πρὸς
699 517 744 543 τὸν
757 517 824 543 Θεὸν
846 517 921 552 ἔχετε

134 564 307 599 παρρησίαν,
325 563 484 598 ἐπαμύνατε
509 572 554 598 μοι
578 565 639 594 ταῖς
666 565 848 598 προσευχαῖς,
879 563 922 589 ἵνα

134 610 269 644 ἀντισχεῖν
280 609 395 644 δυνηθῶ,
409 609 479 635 κατὰ
489 609 538 644 τὴν
549 608 729 644 ἀποστολικὴν
740 609 841 643 φωνὴν,
854 607 921 643 πρὸς

133 655 180 688 τὰς
198 654 337 689 μεθοδείας
349 655 398 689 τῆς
415 654 529 688 πλάνης.
544 654 589 681 καὶ
601 653 725 688 διαφύγω
739 654 788 684 τὰς
800 653 845 680 τοῦ
857 653 922 679 ἁλά-

975 253 1122 280 parvorum
1146 249 1314 276 mentionem
1343 250 1426 283 facit,
1452 251 1546 279 dicens
1568 262 1574 278 :
1601 262 1610 279 ι
1626 253 1764 287 Quantum

975 290 1078 318 fecistis
1102 293 1150 319 uni
1176 301 1209 320 ex
1234 295 1325 329 parvis
1355 296 1416 323 istis
1448 296 1579 330 minimis,
1601 300 1648 333 qui
1669 300 1696 327 in
1721 309 1764 329 me

974 336 1101 369 credunt,
1116 338 1182 364 Inibi
1201 338 1304 367 fecistis
1319 340 1361 367 δ”.
1380 350 1388 365 ι
1411 341 1545 374 Quoniam
1563 351 1628 378 ergo
1642 349 1669 372 et
1683 347 1766 373 rectis

974 381 1148 417 dogmatibus
1161 384 1306 417 excellitis,
1323 391 1351 413 et
1363 386 1493 413 laudabili
1511 388 1567 415 vita
1582 389 1721 421 reluectis,
1738 397 1766 418 et

973 435 1099 463 magnam
1123 429 1240 464 proinde
1263 431 1333 465 apud
1356 432 1440 458 Deum
1465 433 1593 460 ﬁduciam
1620 435 1762 469 obtinetis,

974 473 1101 508 adjuvate
1125 483 1169 502 me
1193 477 1335 510 precibus,
1355 481 1385 504 ut
1410 478 1538 505 resistere
1559 480 1670 514 possim.
1688 482 1764 516 juxta

973 525 1067 545 vocem
1092 519 1215 553 Apostoli
1233 521 1266 552 '“,
1292 521 1422 548 adversus
1449 523 1563 551 insidias
1587 526 1709 558 erroris,
1736 531 1764 554 et

974 563 1086 597 pessimi
1107 564 1237 591 daemonis
1263 565 1415 594 tcndiculas
1438 568 1577 603 effugiam,
1595 571 1676 597 etvel
1701 580 1762 599 cum

973 608 1071 642 exigua
1084 608 1195 642 ﬁducia,
1209 610 1236 636 in
1250 611 1295 637 die
1307 612 1490 645 apparitionis
1503 622 1546 641 me
1564 615 1657 642 sistam
1671 624 1763 644 coram

972 653 1046 688 justo
1061 653 1168 681 Judice.

135 710 229 736 στορος
246 701 348 735 πάγας,
375 701 421 728 καὶ
441 701 508 735 μετὰ
535 702 655 736 σμικρᾶς
686 700 841 736 παρρησίας
860 701 888 727 ἐν
924 700 953 735 τῇ
972 700 1022 735 τῆς
1055 700 1216 734 ἐπιφανείας
1244 701 1336 736 ἡμέρᾳ
1359 703 1492 737 παραστῶ
1516 704 1570 740 (92)
1601 705 1639 741 τῷ
1666 706 1763 742 δικαίῳ

134 748 238 784 Κριτῇη

221 802 304 829 ΡΛΒ¹.
317 817 353 822 -
368 803 427 835 Ἶϐᾳ
444 802 599 835 ὲπισκόπῳ
620 803 746 836 Ἐδέσης
761 802 828 838 (95).

169 859 238 890 Τοὺς
258 859 452 893 ἀδικουμένους
469 860 518 885 οὐκ
543 859 668 894 ἀθυμεῖν,
691 859 758 886 ἀλλὰ
778 859 881 894 χαίρειν
905 860 919 885 ὁ

134 905 273 940 Δεσπότης
295 905 470 939 προσέταξεν,
489 906 536 931 καὶ
562 905 593 931 ἐκ
618 905 672 931 τῶν
694 904 816 931 παλαιῶν
829 904 919 930 ἕλκειν

134 949 366 984 παραδειγμάτων
388 949 438 984 τῆς
457 949 636 983 ψυχαγωγίας
650 949 698 980 τὰς
714 949 849 984 ἀφορμάς.
873 948 919 974 Ἐκ

133 996 187 1030 γὰρ
202 996 256 1021 τῶν
271 995 378 1030 πρῶτον
396 994 503 1029 φύντων
525 994 676 1030 ἀνθρώπων
691 994 771 1029 μέχρι
785 993 832 1020 τοῦ
849 1002 919 1028 παρ-

132 1041 208 1072 όντος
230 1040 339 1076 καιροῦ,
356 1040 419 1071 τοὺς
446 1040 492 1066 τδν
511 1040 579 1066 ὅλων
602 1040 801 1070 ἐσπουδακότας
830 1038 918 1065 σέϐειν

133 1086 199 1112 Θεὸν
210 1086 282 1112 ἔστιν
297 1086 387 1121 εὑρεῖν
404 1085 478 1120 παρὰ
494 1085 547 1111 τῶν
570 1084 797 1119 συμὸεϐιωκόῖων
813 1083 919 1119 ἀνθρώ-

133 1140 192 1157 πων
217 1131 408 1165 ὴδικημένους,
436 1131 482 1156 καὶ
500 1130 636 1160 πλείστοις
657 1130 727 1163 ἄγαν
746 1137 920 1164 περιπεπτω-

133 1176 214 1207 κότας
227 1176 357 1210 ἀνιαροῖς.
367 1175 421 1201 Καὶ
435 1174 537 1201 τούτων
549 1174 581 1200 ἂν
592 1175 636 1200 τδν
648 1174 797 1207 κατάλογον
811 1173 920 1200 ἅπαντα

133 1221 281 1256 διεξῆλθον,
298 1220 376 1255 εἴπερ
387 1220 546 1246 ἐπέστελλον
559 1219 635 1254 όινδρ)¹
648 1218 696 1254 τὴν
711 1218 786 1245 θείαν
798 1218 920 1254 ἀκριϐῶς

133 1267 183 1293 οὐκ
202 1266 377 1301 ἐπισταμένῳ
398 1266 519 1300 Γραφήν.
543 1265 651 1300 Ἐπειδὴ
674 1264 700 1291 δὲ
723 1264 849 1291 παιδόοεν
865 1265 920 1295 τοῖς

135 1313 216 1344 θείοις
244 1312 395 1347 ἐνετράφης
424 1310 534 1343 λογίοις,
560 1310 760 1343 θεοφιλέστατε,
784 1309 920 1344 παρέλκον

134 1355 211 1392 οἶμαι
230 1357 309 1383 τοῦτο
336 1357 432 1382 ποιεῖν.
454 1356 500 1386 Εἰς
520 1355 638 1386 ἐκείνους
655 1355 683 1381 δέ
708 1355 787 1389 μόνον
816 1355 920 1390 ἀφορᾷν

134 1403 212 1435 ἀξιῶ,
234 1403 279 1429 καὶ
303 1402 358 1428 τῶν
381 1400 645 1436 φιλανθρωποτάτων
665 1400 760 1434 ἱερέων
786 1400 847 1431 τοὺς
872 1400 920 1434 μὲν

134 1448 298 1482 ἠδικηκότας
313 1448 431 1482 θρηνεῖν,
448 1447 510 1477 τοὺς
531 1446 558 1472 δὲ
573 1445 750 1481 παρορῶντας
765 1445 860 1476 ἐλεεῖν,
875 1444 920 1470 καὶ

135 1492 180 1519 τον
199 1493 249 1527 μέν
264 1492 312 1527 τῆς
338 1491 500 1526 Ἐκκλησίας
523 1490 664 1524 ὀδύρεσθαι
682 1489 804 1516 κλύδωνα
815 1498 821 1504 ·
837 1490 876 1515 ὅτι
893 1489 921 1516 δὲ

134 1538 189 1564 τῶν
209 1538 279 1572 ὑπὲρ
302 1537 351 1572 τῆς
377 1535 518 1567 εὐσεὸείας
548 1534 717 1570 παθημάτων
743 1534 918 1568 μετέσχομεν,

135 1583 241 1618 χαίρειν
266 1582 313 1609 καὶ
340 1581 499 1615 γὰννυσθαι,
525 1581 572 1607 καὶ
593 1581 639 1606 τὸν
657 1580 758 1614 satqu
781 1581 855 1615 ἡμᾶς
871 1580 920 1614 τῆς

138 1628 246 1663 μερίδος
261 1627 431 1661 πεποιηκότα
445 1626 576 1662 διηνεκῶς
593 1627 731 1661 ἀνυμνεῐν.
751 1626 921 1661 Παραχωρή-

136 1682 228 1708 σωμεν
248 1674 304 1704 τοῖς
316 1672 476 1699 ἀπεκτονόσι
493 1672 540 1698 καὶ
557 1672 649 1705 τιμῆς,
670 1672 717 1698 καὶ
736 1672 852 1706 τρυφῆς,
873 1671 922 1697 καὶ

136 1718 292 1754 προεδρίας,
309 1719 355 1745 καὶ
372 1718 420 1752 τῆς
438 1718 569 1752 δυστήνου
583 1716 672 1752 δόξης.
693 1717 780 1744 Μόνον
794 1717 821 1743 δὲ
843 1718 922 1751 ἡμεῖς

135 1764 190 1790 τῶν
210 1763 394 1797 εὐαγγελικῶν
405 1763 546 1798 δογμάτων
566 1762 702 1797 ἐχώμεθα,
719 1762 766 1789 καὶ
778 1755 835 1796 μετ⁸
851 1761 922 1788 ἐκεί-

136 1819 189 1842 νων
203 1810 235 1837 ἂν
248 1810 295 1845 δέῃ
310 1810 363 1836 πᾶν
374 1808 463 1836 ὁτιοῦν
475 1808 597 1842 ἀλγεινὸν
612 1809 802 1843 ὑπομένωμεν,
813 1807 859 1833 καὶ
872 1807 922 1841 τὴν

136 1857 294 1892 ἀξιόκτητον
307 1855 402 1882 πενίαν
419 1856 465 1881 τοῦ
480 1854 689 1889 πολυφρόντιδος
709 1853 923 1888 προτιμήσωμεν

137 1902 264 1928 πλούτου.
281 1901 373 1928 Ταῦτα
389 1901 417 1926 δέ
428 1900 538 1935 γράφω,
552 1900 581 1926 οὐ
599 1899 758 1933 παραίνεσιν
786 1898 919 1934 εἰσφέρων

139 1947 235 1983 (ἔγνων
247 1947 301 1980 γάρ
317 1954 362 1972 σου
385 1946 433 1980 τῆς
449 1944 588 1978 ὁσιότητος
608 1944 657 1978 τὴν
674 1945 702 1970 ἐν
723 1945 778 1975 τοῖς
793 1943 924 1977 ἀλγεινοῖς

138 1990 315 2026 παρρησίαν),
333 1991 400 2017 ἀλλὰ
414 1990 464 2025 τὴν
481 1990 600 2024 ἐμαυτοῦ
612 1989 724 2024 γνώμην
739 1989 823 2024 δήλην
841 1990 872 2023 τῇ
889 1989 923 2023 σῇ

139 2037 261 2071 φιλοοεῖᾳ
287 2036 381 2068 ποιῶν,
407 2036 454 2062 καὶ
485 2036 618 2062 διδάσκων
640 2035 677 2066 ὡς
696 2035 778 2070 έχεις,
797 2035 924 2066 δέσποτα,

139 2082 341 2115 συναγωνιστὰς
356 2081 482 2116 ἀσμένως
495 2082 545 2116 τῆς
560 2081 687 2115 ἀληθείας
703 2080 923 2116 προκινδυνεύον-

138 2137 197 2160 τας.
219 2127 303 2153 Τοῦτο
324 2127 406 2154 πάλαι
431 2126 571 2161 βουληθεὶς
595 2125 756 2157 ἐπιστεῖλαι,
775 2126 823 2160 οὺχ
845 2122 924 2159 εὗρον

138 2175 184 2201 τὸν
199 2173 346 2208 κομιοῦνται
360 2173 394 2200 τὰ
412 2174 573 2207 γράμματα.
598 2171 749 2206 Ἐπιτυχὼν
763 2172 791 2198 δὲ
809 2171 856 2197 νῦν
876 2171 922 2198 τοῦ

138 2220 303 2254 τιμιωτάτου
328 2220 375 2245 καὶ
391 2219 588 2245 εὐλαϐεστόιτου
612 2217 796 2252 πρεσϐυτέρου
821 2216 923 2249 Ὀζέου,

140 2264 233 2299 ἀνδρὸς
258 2265 305 2290 καὶ
325 2265 373 2299 τῆς
391 2264 531 2293 εὐσεϐείας
552 2263 785 2298 ὑπερμαχοῦντος,
808 2262 855 2288 καὶ
875 2262 925 2297 τῆς

141 2310 188 2343 σῇς
204 2309 387 2344 ἐξηρτημένον
407 2309 558 2340 εὐσεϐείας,
580 2309 627 2335 καὶ
646 2309 755 2342 γράφω,
778 2308 826 2334 καὶ
845 2316 924 2342 περι-

140 2353 295 2388 πτύσσομαί
321 2363 368 2380 σου
391 2354 440 2388 τὴν
462 2354 599 2388 ὁσιότητα,
623 2355 670 2380 καὶ
693 2353 842 2388 παρακαλῶ
865 2354 925 2383 ταῖς

142 2401 304 2434 προσευχαῖς
330 2400 403 2434 ἡμᾶς
427 2399 598 2434 ὑπερείδειν,
628 2399 674 2425 καὶ
707 2398 844 2433 στηρίζειν
870 2399 925 2429 τοῖς

141 2444 310 2479 γράμμασιν.

184 2499 268 2525 ΡΛΓ¹.
283 2513 318 2518 —
341 2498 464 2533 Ἰωάννῃ
483 2499 638 2531 ἐπισκόπῳ
652 2500 876 2533 Γερμανικεως.

177 2554 239 2581 Ὀτι
257 2555 305 2589 μὲν
318 2556 368 2580 οὐκ
383 2556 559 2589 ἀμνημονεῖς,
580 2555 708 2585 δέσποτα,
723 2555 770 2589 τῆς
790 2554 927 2589 ἡμετέρας

142 2600 242 2633 φιλίας,
259 2600 306 2626 καὶ
323 2599 407 2634 ᾔδειν,
433 2599 480 2625 καὶ
497 2596 552 2625 οἶδα
580 2599 681 2633 σαφῶς.
711 2598 878 2634 Ἐϐουλόμην
899 2598 927 2624 δὲ

142 2645 215 2679 ὅμως
229 2646 275 2671 καὶ
292 2645 426 2680 ηὐχόμην,
439 2645 488 2679 τὴν
505 2645 554 2679 μὲν
566 2644 622 2679 ζθό)
643 2645 692 2678 σὴν
709 2644 863 2670 θεοσέϐειαν
878 2643 928 2679 τῆς

178 2721 209 2736 ¹⁵¹
224 2719 318 2747 Matth.
337 2729 399 2754 xxv,
417 2722 460 2749 40.
500 2722 523 2738 ⁵⁸
539 2722 640 2757 Ephes.
658 2729 693 2753 ιν,
716 2721 759 2748 Μ.

181 2796 236 2834 (92)
248 2797 286 2834 Ita
302 2802 374 2824 recte
393 2799 477 2833 Neap.
494 2799 575 2825 Sirm.
589 2799 705 2826 habebat
718 2808 725 2826 :
738 2800 821 2834 παρὰ.

184 2833 238 2868 (93)
256 2832 368 2866 Baron.,
384 2832 510 2866 tomel,
526 2842 553 2867 p.
568 2834 615 2861 l0|
634 2842 694 2868 seq.
720 2834 753 2860 aJ
778 2832 802 2861 a.
824 2834 854 2861 (ἒ.
870 2833 931 2865 449,

1112 800 1241 829 CX'AXII.
1258 818 1292 822 —
1307 803 1360 830 Iba:
1377 805 1494 840 episcopo
1512 805 1615 832 Edrsw.

1008 858 1062 885 Eos
1084 859 1130 893 qui
1159 859 1286 893 injuriam
1311 861 1456 895 patiuntur
1476 862 1571 891 animo
1594 871 1647 890 non
1669 864 1760 899 dejici,

973 903 1020 929 sed
1041 904 1159 938 gaudere
1177 905 1309 933 Dominus
1326 907 1418 941 jussit,
1436 911 1463 934 et
1479 908 1673 936 consolationis
1690 910 1762 938 invi-

973 951 1092 975 tamenta
1109 957 1142 976 ex
1158 950 1280 985 antiquis
1292 952 1424 986 exemplis
1445 952 1557 980 ducere.
1580 953 1644 981 Post
1658 955 1762 988 primos

973 995 1047 1023 enim
1065 996 1192 1023 homines
1211 1001 1290 1024 natos
1311 997 1345 1024 ad
1364 997 1417 1024 hoc
1434 1005 1521 1032 usque
1540 1002 1648 1033 tempus
1666 1000 1762 1027 obser-

973 1049 1037 1068 vare
1062 1046 1114 1073 est,
1132 1042 1272 1069 studiosos
1297 1043 1344 1070 Dei
1369 1043 1559 1071 universorum
1584 1045 1704 1073 cultores
1728 1046 1763 1073 ab

975 1086 1008 1112 iis
1034 1086 1199 1120 quibuscum
1226 1086 1356 1114 vivebant
1381 1087 1491 1122 injuriis
1517 1092 1629 1115 vexatos
1655 1097 1764 1124 semper

974 1131 1069 1163 fuisse,
1083 1132 1269 1166 plurimasque
1283 1137 1310 1159 et
1323 1140 1420 1167 graves
1432 1133 1459 1160 in
1472 1134 1610 1161 molestias
1623 1134 1762 1162 incidisse.

973 1176 1095 1210 Quorum
1116 1185 1166 1212 ego
1193 1177 1329 1212 integrum
1355 1179 1508 1213 catalogum
1532 1187 1720 1212 recenserem,
1740 1180 1763 1207 si

974 1222 1006 1248 ad
1023 1222 1161 1248 hominem
1180 1222 1341 1255 scriberem,
1358 1223 1401 1250 cui
1417 1223 1510 1250 divina
1527 1223 1667 1258 Scriptura
1684 1225 1763 1259 peni—

975 1272 1018 1294 tus
1034 1272 1163 1302 percepta
1176 1275 1230 1294 non
1242 1273 1325 1296 esset.
1343 1269 1396 1295 Sed
1412 1277 1473 1296 cum
1490 1269 1518 1296 in
1531 1269 1632 1297 divinis
1648 1269 1764 1304 eloquiis

974 1320 988 1338 a
1007 1321 1104 1347 puero,
1125 1313 1173 1340 Dei
1193 1314 1391 1344 amantissime.
1409 1314 1446 1341 sis
1469 1314 1611 1346 educatus,
1632 1322 1763 1349 superva-

974 1365 1089 1384 caneum
1108 1358 1160 1385 hoc
1177 1366 1236 1385 esse
1254 1359 1384 1386 arbitror.
1402 1359 1494 1386 Solum
1510 1367 1576 1395 rogo
1595 1363 1625 1386 ut
1645 1360 1706 1387 illos
1723 1361 1765 1387 in-

975 1406 1079 1434 tueare,
1102 1407 1184 1436 atque
1205 1410 1238 1429 ex
1260 1403 1466 1431 humanissimis
1491 1404 1551 1431 istis
1574 1405 1764 1433 sacerdotibus

975 1454 1022 1474 eos
1039 1448 1132 1483 lugeas
1148 1449 1194 1483 qui
1213 1448 1341 1483 injuriam
1370 1449 1484 1482 faciunt,
1500 1458 1596 1477 eorum
1614 1451 1763 1479 misereare

935 1501 957 1530 ο
973 1492 1020 1526 qui
1048 1492 1227 1526 despiciunt:
1250 1497 1306 1519 tum
1329 1493 1458 1521 Ecclesia:
1484 1494 1596 1528 quidem
1615 1496 1762 1529 procellam

971 1537 1114 1571 deplores;
1132 1538 1205 1572 quod
1226 1546 1291 1565 vero
1310 1546 1496 1566 aerumnarum
1514 1547 1562 1574 pro
1579 1540 1681 1574 pietate
1701 1549 1761 1575 par-

971 1581 1069 1615 ticipes
1086 1582 1230 1613 fuerimus,
1248 1583 1366 1617 gaudeas
1384 1584 1488 1618 1221
1509 1588 1538 1610 et
1561 1584 1670 1616 laeteris,
1686 1589 1714 1612 et
1727 1586 1762 1613 il-

970 1626 1028 1655 lum
1050 1627 1098 1662 qui
1125 1627 1153 1654 in
1177 1628 1249 1654 hanc
1273 1633 1374 1655 sortem
1398 1636 1449 1655 nos
1475 1629 1568 1664 allegit
1594 1629 1706 1657 laudare
1727 1639 1763 1658 ne

971 1679 1073 1700 cesses.
1089 1672 1226 1700 Cedamus
1247 1673 1473 1700 interfectoribus
1487 1673 1621 1700 honorem
1643 1679 1671 1701 et
1692 1675 1763 1702 deli-

971 1717 1039 1749 cias,
1056 1721 1084 1744 et
1104 1717 1177 1745 sedis
1199 1718 1418 1753 prmrogativam,
1437 1721 1464 1745 et
1481 1718 1594 1753 gloriam
1615 1719 1762 1747 infelicem.

972 1763 1090 1790 Tantum
1113 1763 1279 1798 evangelicis
1299 1771 1351 1790 nos
1375 1763 1547 1798 dogmatibus
1569 1764 1762 1795 inhaereamus.

971 1812 1000 1834 et
1018 1815 1081 1834 cum
1097 1807 1162 1839 illis,
1180 1807 1202 1834 si
1217 1815 1287 1841 opus
1303 1812 1356 1839 est,
1372 1807 1481 1841 quidvis
1495 1815 1623 1841 asperum
1639 1808 1762 1842 perfera-

973 1859 1048 1883 mus,
1070 1851 1291 1886 laudabilemque
1311 1856 1500 1886 paupertatem
1521 1852 1611 1886 plenis
1635 1860 1763 1880 curarum

973 1897 1078 1924 divitiis
1101 1901 1311 1931 anteponamus.
1339 1896 1401 1923 llaec
1425 1903 1516 1924 autem
1539 1897 1641 1929 scribo,
1660 1905 1714 1924 non
1733 1902 1764 1924 ut

974 1940 1163 1967 cohortatione
1190 1943 1266 1972 utar;
1291 1940 1356 1967 novi
1382 1940 1455 1967 enim
1480 1941 1634 1968 sanctitatis
1662 1945 1715 1969 tuae
1735 1942 1764 1970 in

974 1985 1057 2011 rebus
1082 1985 1189 2019 asperis
1210 1985 1391 2012 constantiam
1416 1994 1422 2012 :
1445 1986 1492 2012 sed
1515 1989 1546 2012 ut
1568 1986 1692 2021 religioni
1710 1991 1764 2014 tua:

975 2038 1085 2058 sensum
1103 2038 1194 2057 meum
1209 2031 1341 2065 aperiam,
1359 2031 1528 2065 doccamque
1544 2031 1647 2058 habere
1665 2037 1702 2065 te,
1716 2033 1766 2060 do-

975 2075 1049 2103 mine
1060 2096 1066 2107 ,
1090 2076 1293 2103 commilitones
1304 2096 1310 2108 ,
1336 2077 1382 2111 qui
1402 2084 1431 2103 se
1454 2076 1585 2111 periculis
1601 2085 1651 2112 pro
1663 2077 1766 2111 pietate

975 2122 1094 2149 libenter
1111 2123 1254 2158 objiciant.
1270 2123 1347 2155 Quod
1367 2123 1480 2158 quidem
1495 2123 1528 2150 ad
1549 2127 1575 2150 te
1588 2124 1644 2157 jam
1658 2123 1767 2158 pridem

939 2161 962 2190 Ι)
976 2168 1097 2196 scribere
1117 2176 1180 2196 cum
1202 2169 1228 2195 in
1247 2169 1340 2195 anian
1358 2173 1441 2200 esset,
1454 2176 1509 2195 non
1527 2168 1616 2195 inveni
1632 2169 1678 2203 qui
1693 2169 1766 2196 litte-

977 2220 1022 2239 ras
1041 2212 1184 2246 perferret.
1211 2212 1292 2239 Nunc
1310 2219 1376 2239 vero
1396 2212 1657 2239 reverendissimum
1674 2216 1682 2222 '
1699 2213 1765 2239 reli-

976 2257 1217 2292 giosissimumquc
1234 2257 1423 2292 presbyterum
1441 2257 1540 2285 Ozeam
1555 2263 1662 2290 nactus,
1675 2258 1767 2285 virum

977 2303 1023 2337 qui
1043 2306 1072 2329 et
1093 2302 1223 2336 pietatem
1249 2306 1351 2334 tuetur,
1371 2306 1399 2329 et
1424 2302 1474 2329 tibi
1499 2303 1689 2330 deditissimus
1711 2306 1764 2334 est,

976 2347 1079 2379 scribo,
1099 2351 1127 2373 ct
1150 2347 1238 2373 saluto
1257 2347 1428 2374 sanctitatem
1452 2351 1537 2378 tuam,
1561 2351 1589 2377 et
1613 2355 1662 2375 oro
1686 2350 1716 2374 ut
1738 2350 1768 2374 et

978 2393 1107 2427 precibus
1122 2401 1165 2419 me
1179 2392 1286 2423 fulcias,
1302 2397 1331 2419 et
1345 2393 1446 2420 litteris
1463 2392 1617 2420 confirmes.

1055 2497 1196 2525 CXXXlll.
1211 2512 1245 2516 —
1257 2496 1355 2523 Joanni
1372 2496 1489 2530 episcopo
1507 2495 1689 2522 Germaniam.

1017 2555 1207 2582 lmmemorem
1229 2557 1270 2585 te,
1290 2553 1417 2585 domine,
1441 2552 1569 2579 amicitize
1591 2555 1691 2578 nostra!
1714 2558 1770 2578 non.

981 2609 1041 2628 esse
1065 2600 1185 2627 sciebam
1211 2599 1352 2633 equidem,
1373 2602 1401 2625 ct
1421 2597 1526 2633 liquido
1547 2597 1621 2623 novi.
1643 2596 1697 2623 Sed
1719 2603 1771 2630 ego

982 2644 1142 2679 religionem
1169 2648 1244 2671 tuam
1270 2643 1396 2671 volebam
1422 2647 1450 2669 et
1479 2641 1608 2677 optabam
1629 2648 1686 2668 rem
1709 2648 1773 2677 per.

983 2798 1107 2826 eamdem
1121 2797 1202 2824 habet
1216 2796 1369 2831 epistolam.

1023 2832 1078 2868 (Qlt)
1095 2834 1144 2867 μὲν
1155 2832 1246 2858 addidi
1263 2839 1278 2858 e
1291 2831 1381 2875 Neap.
