1945 3058
205 102 271 134 1351

691 101 932 132 TIIEODORETI
950 99 1118 130 EPISCOPI
1134 101 1314 140 CYRENSIS

1755 99 1826 134 1352

202 161 301 188 fectant
318 165 458 196 ptwstare,
475 160 750 195 connnunionemque
768 160 878 186 illorum
896 159 981 193 fugem

1038 158 1181 194 ἀκριϐείας
1195 159 1347 195 φροντίσαι,
1369 158 1416 184 καὶ
1428 158 1524 192 φυγεῖν
1543 157 1597 185 τῶν
1613 157 1662 193 τὴν
1683 158 1825 186 εὐσέϐειαν

201 207 249 241 qui
271 207 401 242 pietatem
423 206 618 241 prodiderunt,
641 210 669 233 et
695 206 884 233 universorum
908 213 987 233 cura-

202 253 256 279 tori
279 257 431 287 susceptam
454 252 488 279 de
507 252 585 279 nobis
600 260 692 279 curam
709 251 855 279 ascribere.
877 249 987 278 Silenti-

201 296 254 323 bus
278 298 379 332 quippe
406 297 501 329 nobis,
528 298 703 332 quietemque
728 297 928 330 retinentibus,
959 302 987 324 et

201 342 391 368 acerbissimas
414 342 671 377 crudelissimasque
694 350 788 377 pinnas
812 343 936 376 sustulit,
958 349 987 371 et

201 395 251 421 pro
283 394 353 414 saeva
386 391 546 422 tempestate
580 388 724 415 candidam
760 389 985 424 tranquillitatem

202 432 280 459 istam
299 433 402 467 1222
422 434 550 468 przehuit.
570 434 625 461 llac
641 442 723 469 porro
743 435 822 462 nobis
838 444 853 462 a
867 436 986 471 benigno

200 477 316 504 Domino
344 485 490 510 concessa,
522 479 602 513 longe
629 480 851 507 amabilissimam
882 481 985 509 silentii

200 522 321 555 quietem
340 523 475 550 ducimus.
497 523 601 550 Docere
622 524 732 558 quidem
754 532 802 552 eos
818 526 865 559 qui
877 525 985 560 jactatis

200 565 227 593 in
247 575 298 593 nos
319 567 465 595 calumniis
485 568 595 595 abducti
615 573 690 601 sunt,
707 571 892 597 necessarium
910 570 984 597 arbi-

200 617 305 640 tramur
335 614 613 649 evangelicorumque
648 616 805 651 dogmatum
838 617 982 644 veritatem

199 659 354 691 ostendere,
374 664 401 686 et
429 664 565 687 armatum
591 665 686 688 contra
712 662 785 688 illam
811 662 984 690 mendacium

199 702 372 738 redarguere.
390 703 523 731 Caeterum
549 705 696 732 confutatls
714 706 873 739 mendaciis,
889 711 917 734 et
933 707 983 734 do-

199 748 319 775 minante
339 748 464 781 veritate,
483 757 575 777 rerum
593 751 765 785 publicarum
786 759 880 779 curam
896 753 983 780 decli-

198 800 264 820 nare
281 794 360 821 nohis
373 795 544 829 propositum
561 799 612 828 est,
627 800 654 823 et
669 796 702 823 ad
722 798 918 831 optatissimam
932 807 983 826 no-

1039 204 1247 238 προδεδωκότων
1260 204 1309 240 τὴν
1323 203 1474 235 κοινωνίαν,
1491 203 1628 230 ἀναθεῖναι
1642 202 1670 229 δὲ
1682 202 1721 238 τῷ
1733 204 1823 238 K1162-

1041 250 1101 285 μόνι
1115 249 1169 277 τῶν
1186 250 1254 277 ὅλων
1271 250 1320 284 τὴν
1348 249 1418 285 ὑπὲρ
1433 249 1512 285 ἡμῶν
1525 248 1581 284 (95)
1605 248 1742 284 φροντίδα.
1767 250 1824 277 Kat

1039 296 1093 331 γὰρ
1111 295 1247 330 σιγώντων
1265 295 1344 330 ἡμῶν
1364 295 1411 321 καὶ
1429 294 1544 330 ἡσυχίαν
1561 294 1699 328 ἃγόντων,
1722 295 1772 326 τάς
1792 303 1823 321 τι

1039 342 1207 377 πικροτάτας
1228 341 1275 367 καὶ
1294 341 1438 376 ὼμοτάτας
1462 340 1582 366 διέλυσεν
1606 340 1752 376 τιμωρίας,
1774 340 1824 366 καὶ

1038 387 1099 413 ἀντὶ
1111 386 1158 413 τοῦ
1174 386 1292 421 χαλεποῦ
1308 385 1440 417 κλύδωνος
1456 385 1504 421 τὴν
1518 385 1618 420 λευκὴν
1633 386 1735 421 ταύτην
1750 394 1823 421 παρ-

1039 431 1115 467 έσχεν
1129 432 1260 468 γαλήνην.
1272 432 1327 458 Καὶ
1340 431 1441 466 ταύτης
1453 431 1482 458 δὲ
1496 432 1562 466 ἡμῖν
1575 431 1651 467 παρὰ
1664 431 1711 458 τοῦ
1727 432 1822 465 φιλαν-

1039 477 1148 512 θρώπου
1167 477 1384 512 παρασχεθείσης
1407 477 1553 509 Δεσπότου,
1574 477 1623 512 τὴν
1642 477 1756 512 ἡσυχίαν
1772 473 1806 510 αξ

1040 523 1231 558 ιεραστοτὰτην
1251 522 1408 557 νομίζομεν.
1432 523 1528 549 Πεϊσαι
1545 522 1594 557 μὲν
1612 521 1666 557 γὰρ
1682 523 1745 554 τοὺς
1760 524 1822 555 ταῖς

1039 568 1098 594 καθ’
1114 568 1191 603 ἡμῶν
1205 568 1375 603 ὑπαχθέντας
1393 567 1584 601 συκοφαντίαις
1596 568 1744 602 ἀναγκαῖον
1755 568 1822 594 ὐπο-

1037 612 1222 647 λαμϐἀνομεν,
1241 613 1288 639 καὶ
1307 612 1391 645 δεῖξαι
1412 612 1461 648 μὲν
1476 612 1525 648 τὴν
1552 613 1608 639 τῶν
1636 613 1821 647 εὐαγγελικῶν

1037 657 1179 693 δογμάτων
1189 657 1470 693 ἀλήθειαν,διελέγξαι
1485 658 1513 684 δὲ
1526 658 1557 684 τὸ
1573 659 1630 685 κατ’
1639 658 1728 685 αὐτῶν
1739 667 1821 694 στρα-

1036 704 1202 739 τευσάμενον
1213 695 1318 739 ψεῦδος.
1338 704 1416 730 Μετὰ
1434 704 1526 738 μέντοι
1543 704 1606 735 τοὺς
1622 704 1760 739 ἐλέγχους,
1773 705 1821 732 καὶ

1036 751 1084 785 τῆς
1099 749 1228 785 ἀληθείας
1245 749 1274 776 τὸ
1292 749 1401 784 κράτος,
1418 749 1514 783 φυγεῖν
1529 750 1594 784 ἡμῖν
1615 749 1756 784 πρόκειται
1771 750 1822 785 τὴν

1036 796 1090 822 τῶν
1105 795 1203 823 κοινῶν
1226 795 1404 830 ἐπιμέλειαν,
1429 794 1558 829 καὶπρὸς
1579 794 1629 830 τὴν
1656 795 1820 831 τριπόθητον

198 838 241 865 bis
259 839 378 872 quietem
398 847 552 867 recurrere.
572 840 610 867 De
627 841 751 868 veritatis
771 850 836 870 sane
859 843 981 871 hostibus

1035 840 1102 875 ἡμῖν
1126 839 1240 874 ἡσυχίαν
1260 839 1487 874 παλινδρομήσαι.
1504 839 1572 875 Περὶ
1595 839 1623 866 δέ
1643 848 1675 874 γε
1697 840 1751 867 τῶν
1770 841 1821 875 τῆς

197 891 260 910 cum
273 884 408 918 Propheta
421 885 569 912 clamamus
585 895 591 912 :
612 895 621 911 ‹
640 886 725 914 Periit
741 889 872 916 memoria
887 897 983 916 eorum

197 936 259 955 cum
275 929 376 961 sonitu,
394 933 422 957 et
435 930 567 957 Dominus
580 931 608 957 in
624 936 757 959 aeternum
771 939 913 967 permanet
923 935 956 962 ⁵⁷.
970 945 980 961 ι

197 974 234 1001 De
259 974 338 1002 nobis
363 978 452 1002 autem
479 976 546 1011 ipsis
569 977 637 1004 illud
662 979 807 1006 canimus:
828 989 836 1005 ι
854 980 927 1008 Misit
949 982 983 1009 de

197 1025 313 1051 summo,
330 1023 358 1046 et
383 1021 489 1055 accepit
513 1028 556 1047 me
581 1030 587 1048 :
609 1024 758 1057 assumpsit
782 1032 825 1051 me
849 1025 883 1052 de
905 1026 984 1060 aquis

196 1063 309 1096 multis,
330 1068 359 1090 et
383 1064 486 1100 eripuit
508 1073 552 1093 me
578 1066 612 1094 de
636 1067 753 1095 inimicis
775 1069 843 1096 meis
865 1070 983 1098 fortissi4

197 1108 248 1135 mis
264 1109 296 1135 ⁸⁸.
317 1119 326 1134 ι
349 1109 413 1137 llaec
433 1114 525 1138 autem
550 1119 625 1139 nunc
650 1113 742 1140 scribo
771 1119 832 1149 post
862 1116 984 1145 redditas

197 1158 265 1185 mihi
290 1159 431 1194 religionis
455 1165 507 1188 tua:
530 1161 660 1195 epistolas
683 1161 768 1195 duas,
793 1162 908 1189 alteram
934 1170 983 1197 per

196 1203 368 1231 Anastasium
392 1204 562 1233 Bermensem
586 1207 785 1242 presbyterum,
805 1207 918 1234 alteram
934 1215 983 1242 per

197 1248 367 1277 Theodotum
386 1250 588 1279 draconarium.
602 1252 690 1280 Aliam
709 1253 782 1280 enim
798 1253 890 1280 nullus
903 1253 983 1281 nobis

198 1295 327 1328 reddidit,
345 1296 378 1324 de
393 1304 446 1331 qua
466 1297 494 1324 in
515 1298 661 1332 postremis
677 1298 777 1325 litteris
791 1298 928 1326 indicasti.
944 1299 982 1326 De

195 1345 289 1369 nostra
300 1349 365 1369 vero
378 1343 449 1369 istuc
461 1342 628 1377 profectione
645 1344 767 1371 scribere
780 1344 847 1371 nihil
860 1352 981 1379 possum,

195 1387 355 1421 priusquam
382 1395 544 1422 cognoscam
568 1388 634 1423 quid
659 1389 694 1416 de
718 1389 797 1416 nobis
822 1390 982 1424 praeceperit

195 1433 336 1466 piissimus
353 1433 511 1468 imperator.
527 1434 654 1461 Nondum
667 1434 740 1462 enim
755 1435 927 1462 advenerunt
940 1435 982 1463 ha:

195 1479 302 1506 litterae.

282 1535 421 1564 CXXXH’.
435 1550 470 1556 —
486 1536 628 1564 Theoctisto
645 1537 764 1572 episcopo
782 1536 889 1564 Bemw.

231 1593 410 1628 Interrogavit
433 1593 566 1628 quispiam
595 1593 773 1625 Salvatorem,
791 1597 818 1621 et
831 1594 965 1629 Legislato

197 1646 264 1670 rem,
281 1643 309 1665 et
324 1639 479 1671 Dominum,
495 1638 632 1673 quodnam
648 1639 795 1665 maximum
812 1639 848 1666 sit
866 1640 980 1667 manda-

197 1687 266 1709 tum.
282 1683 316 1710 Et
334 1683 379 1709 ille
394 1683 536 1717 respondit
553 1692 560 1709 :
582 1693 590 1708 ι
607 1683 707 1718 Diliges
729 1684 873 1711 Dominum
894 1686 980 1713 Deum

197 1731 273 1754 tuum
293 1735 326 1754 cx
343 1732 400 1754 toto
418 1728 500 1754 corde
521 1732 579 1761 tuo,
595 1733 620 1754 ct
641 1735 674 1755 ex
689 1731 744 1755 tota
756 1730 764 1739 ‘
779 1729 868 1756 anima
884 1733 940 1762 tua,
953 1734 981 1758 et

196 1781 228 1800 ex
243 1777 296 1800 tota
310 1778 400 1800 mente
412 1778 457 1800 tua
470 1774 507 1806 ";
525 1783 534 1799 ι
550 1777 578 1800 et
589 1774 689 1809 adjecit
706 1782 712 1800 :
731 1783 739 1799 ι
753 1774 810 1802 lloc
822 1780 863 1802 est
875 1776 980 1812 1223

196 1819 313 1853 primum
329 1819 500 1851 mandatum;
518 1820 667 1846 secundum
684 1824 775 1848 autem
793 1821 880 1848 simile
892 1822 957 1849 huic
972 1832 978 1849 :

195 1864 295 1899 Diliges
312 1864 466 1898 proximum
488 1869 566 1891 tuum
597 1864 669 1892 sicut
681 1865 797 1899 teipsum
808 1866 845 1898 ‘0;
860 1877 868 1892 ι
879 1871 906 1894 et
917 1867 981 1895 sub-

193 1909 283 1943 junin
297 1918 303 1935 :
324 1919 332 1934 ι
350 1909 379 1936 In
393 1909 437 1936 his
450 1909 557 1936 duobus
570 1910 705 1938 mandatis
717 1912 844 1941 universa
856 1917 898 1938 lex
914 1920 980 1947 pen-

196 1954 251 1984 det.
266 1957 294 1980 et
311 1955 449 1989 prophetae
465 1955 498 1980 οι.
515 1964 525 1980 )
544 1955 594 1988 Qui
613 1955 696 1990 igitur
713 1956 772 1984 haec
787 1962 887 1989 servat,
908 1958 979 1985 haud

196 1998 279 2026 dubie
293 2002 376 2026 totam
386 2000 471 2034 legem
481 1999 586 2034 implet,
601 2000 677 2035 juxta
691 2001 877 2029 deﬁnitionem
890 2003 980 2029 Domi-

195 2044 304 2078 nicam;
329 2045 379 2080 qui
397 2053 463 2072 vero
484 2045 693 2080 transgreditur,
705 2046 790 2073 totius
809 2047 876 2082 legis
890 2052 979 2075 trans-

195 2096 304 2124 gressor
315 2089 456 2124 probatur.
469 2089 682 2116 Consideremus
694 2097 768 2125 ergo,
780 2095 854 2118 recte
866 2099 897 2118 ac
906 2092 979 2126 jusle

193 2134 333 2169 iudicante
346 2134 523 2166 conscientia,
537 2142 571 2160 an
583 2133 674 2161 divina
687 2134 892 2169 impleverimus
904 2143 980 2162 man—

195 2178 267 2206 data.
287 2179 385 2213 Implet
405 2183 496 2205 autem
515 2178 632 2213 primum
648 2179 769 2212 quidem,
791 2179 814 2206 is
824 2180 874 2214 qui
891 2187 906 2206 a
923 2181 978 2207 Deo

195 2225 286 2252 datam
307 2225 387 2252 ﬁdem
407 2225 518 2252 illaasam
535 2229 689 2257 conservat,
705 2224 785 2259 eique
803 2225 980 2254 adversantes

196 2275 226 2298 ut
245 2270 368 2297 veritatis
385 2270 479 2297 hostes
494 2270 655 2301 detestatur,
670 2275 698 2297 et
711 2271 774 2297 odio
788 2271 870 2298 habet
884 2279 980 2299 omnes

195 2317 243 2351 qui
257 2316 374 2343 oderunt
384 2315 689 2348 delictum;secundum
702 2324 777 2349 vero,
791 2317 814 2343 is
828 2317 874 2351 qui
886 2318 979 2351 proxi—

195 2361 232 2389 mi
245 2369 339 2389 curam
351 2361 460 2396 plurimi
473 2360 547 2392 facit,
561 2369 612 2387 nec
623 2361 650 2388 in
663 2362 802 2396 prosperis
815 2362 897 2389 rebus
911 2363 980 2389 dun-

197 2411 279 2439 taxat,
297 2406 344 2434 sed
358 2407 385 2433 in
399 2406 432 2433 iis
460 2407 542 2433 etiam
559 2415 619 2440 quae
636 2407 755 2434 adversae
770 2407 900 2434 videntur
913 2409 980 2435 ami-

195 2453 266 2480 citiae
279 2453 352 2487 leges
367 2451 502 2479 observat.
518 2451 570 2485 Qui
587 2456 678 2480 autem
693 2453 810 2487 propria:
825 2454 977 2485 securitati,

197 2501 226 2524 ut
245 2498 411 2529 existimant,
431 2498 616 2530 consulentes,
635 2498 761 2525 amicitim
780 2500 842 2533 jura
866 2504 979 2534 propter

197 2541 269 2568 illam
287 2542 363 2575 parvi
380 2541 494 2575 faciunt,
506 2542 674 2577 aillictosque
701 2543 976 2578 amicosdespiciunt,

196 2588 223 2614 hi
239 2587 279 2615 vel
298 2587 369 2622 apud
387 2588 515 2623 profanos
527 2588 713 2623 itnproborum
732 2597 846 2616 numero
863 2597 979 2617 censen-

196 2637 250 2659 tur.
267 2632 399 2660 Dominus
419 2641 501 2668 porro
521 2634 711 2661 universorum
730 2642 745 2662 a
760 2634 901 2670 discipulis
921 2636 978 2663 suis

993 1513 1015 1543 ο

1036 885 1165 920 ἀληθείας
1198 884 1302 920 ἐχθρῶν
1341 884 1410 918 μετὰ
1444 883 1490 910 τοῦ
1515 885 1658 919 Προφήτου
1694 884 1818 920 βοῶμεν·

1038 938 1047 955 ι
1059 929 1194 956 Ἀπώλετο
1210 929 1240 955 τὸ
1258 929 1430 964 μνημόσυνον
1447 927 1537 955 αὐτῶν
1565 929 1622 964 μετ’
1642 930 1720 965 ἣχου,
1743 931 1790 957 καὶ.
1805 931 1820 958 ὁ

1035 975 1136 1010 Κύριος
1151 975 1190 1006 είς
1206 974 1251 1000 τὸν
1266 974 1352 1000 αἰῶνα
1368 974 1454 1009 μένει.
1472 984 1481 1000 ι
1499 975 1566 1011 Περ)⁴
1583 975 1611 1001 δέ
1623 983 1654 1009 γε
1675 976 1754 1010 ἡμῶν
1770 978 1820 1003 αὺ-

1034 1021 1088 1047 τῶν
1106 1021 1194 1047 ἐκεῖνο
1210 1020 1361 1055 ψάλλομεν·
1375 1030 1384 1046 ‹
1396 1021 1601 1054 Ἐξαπέστειλεν
1621 1022 1650 1054 ἐξ
1665 1022 1757 1056 ὕψους,
1771 1023 1820 1049 καὶ

1034 1066 1115 1093 ἔλαϐέ
1133 1075 1180 1101 με·
1198 1066 1381 1102 προσελάϐετό
1399 1075 1433 1102 με
1454 1066 1484 1099 ἐξ
1504 1067 1608 1094 ὑδάτων
1633 1068 1748 1101 πολλῶν,
1772 1069 1819 1096 καὶ

1034 1112 1168 1148 ἐρῤύσατό
1182 1121 1215 1148 με
1229 1112 1259 1145 ἐξ
1272 1113 1375 1148 ἐχθρῶν
1390 1122 1439 1148 μου
1451 1113 1582 1140 δυνατῶν.
1601 1123 1610 1140 ι
1625 1114 1716 1141 Ταῦτα
1727 1115 1756 1141 δὲ
1771 1116 1818 1142 νῦν

1034 1158 1132 1193 γράφω
1143 1157 1190 1184 δύο
1208 1158 1257 1193 τῆς
1272 1158 1320 1192 σῆς
1333 1158 1485 1190 θεοσεϐείας
1499 1158 1643 1194 δεξάμενος
1657 1161 1799 1192 ἐπιστολάς
1809 1169 1816 1177 ·

1033 1201 1083 1237 τὴν
1098 1202 1146 1236 μὲν
1159 1202 1192 1228 δι’
1212 1202 1387 1228 Ἀναστασίου
1401 1202 1448 1229 τοῦ
1464 1203 1604 1238 Βεροιαίου
1621 1204 1816 1241 πρεσϐυτέρου,

1032 1248 1082 1282 τὴν
1094 1247 1123 1273 δὲ
1137 1247 1181 1274 διὰ
1196 1247 1323 1274 Θεοδότου
1337 1248 1383 1274 τοῦ
1396 1247 1592 1284 δρακωναρίου.
1605 1250 1660 1285 Τὴν
1670 1250 1724 1285 γὰρ
1734 1250 1817 1286 ἄλλην

1032 1293 1120 1324 οὐδεὶς
1143 1294 1208 1328 ἡμῖν
1225 1293 1360 1327 ἀπέδωκε,
1377 1295 1440 1329 περὶ
1462 1292 1495 1330 ἦς
1517 1295 1546 1322 ἐν
1569 1296 1624 1327 τοῖς
1651 1296 1818 1329 τελευταίοις

1031 1339 1185 1374 δεδήλωκας
1205 1341 1361 1375 γράμμασι.
1388 1340 1454 1375 Περὶ
1476 1340 1504 1367 δὲ
1526 1341 1576 1375 τῆς
1591 1341 1687 1368 αὐτόσε
1705 1343 1817 1377 πορείας

1032 1385 1109 1412 οὐδὲν
1124 1386 1227 1421 γράψαι
1244 1386 1372 1421 δύναμαι,
1390 1386 1455 1421 πρὶν
1479 1385 1512 1412 ἂν
1529 1387 1585 1420 γνῶ
1600 1386 1625 1413 τί
1650 1387 1714 1422 περὶ
1738 1387 1817 1423 ἡμῶν

1033 1430 1198 1466 προσέταξεν
1217 1432 1231 1457 ὁ
1252 1431 1445 1462 εὐσεϐέστατος
1467 1431 1603 1466 βασιλεύς.
1628 1432 1741 1459 Οὐδέπω
1762 1433 1817 1468 γὰρ

1032 1473 1100 1511 ⁸ἦλθε
1114 1476 1203 1503 ταῦτα
1220 1476 1255 1503 τὰ
1266 1477 1416 1512 γράμματα
1432 1476 1501 1512 (96).

1101 1533 1184 1560 PAA'.
1198 1547 1234 1552 ——
1250 1533 1417 1565 Θεοκτιστῳ
1440 1533 1594 1567 ἐπισκόπῳ
1612 1535 1745 1568 Βεροίας.

1067 1588 1169 1624 Ἤρετό
1183 1597 1224 1620 τις
1236 1588 1280 1614 τὸν
1301 1588 1425 1624 Σωτῆρα,
1442 1589 1489 1615 καὶ
1506 1589 1674 1624 Νομοθέτην,
1698 1590 1744 1616 καὶ
1760 1590 1818 1617 Κύ-

1033 1643 1100 1669 ριον,
1116 1634 1179 1661 ποία
1191 1634 1284 1669 ἐντολὴ
1298 1634 1401 1669 πρώτη.
1411 1635 1440 1660 '0
1453 1634 1480 1661 δὲ
1495 1635 1595 1669 ἔφησεν
1605 1644 1612 1651 ’
1626 1644 1635 1660 ι
1650 1636 1816 1671 Ἀγαπήσεις

1031 1679 1132 1715 Κύριον
1148 1679 1193 1705 τὺν
1204 1679 1269 1705 Θεόν
1285 1687 1330 1705 σου
1351 1679 1381 1712 ἐξ
1398 1679 1463 1714 ὅλης
1477 1680 1527 1713 τῆς
1542 1679 1630 1715 ψυχῆς
1650 1689 1706 1712 σου,
1719 1681 1766 1707 καὶ
1786 1681 1816 1713 ἐξ

1031 1724 1095 1760 ὅλης
1115 1724 1166 1759 τῆς
1191 1724 1306 1759 καρδίας
1332 1733 1396 1757 σου,
1418 1726 1465 1751 καὶ
1492 1725 1522 1757 ἐξ
1546 1726 1608 1760 ὅλης
1630 1726 1678 1760 τῆς
1697 1727 1816 1758 διανοίας

1033 1779 1079 1798 σου
1090 1779 1096 1786 ·
1117 1780 1126 1797 ι
1152 1771 1200 1797 καὶ
1212 1770 1366 1805 ἐπήγαγεν
1383 1780 1391 1796 ι
1410 1771 1482 1806 Αὑτή
1503 1772 1576 1797 ἐστιν
1591 1771 1684 1807 ἐντολὴ
1702 1772 1814 1807 πρώτη·

1030 1816 1144 1852 δευτέρα
1160 1816 1187 1842 δὲ
1202 1816 1281 1851 ὁμοία
1294 1817 1377 1851 αὒτῇ”
1398 1816 1563 1851 Ἀγαπήσεις
1575 1817 1620 1843 τὸν
1635 1817 1747 1852 πλησίον
1767 1826 1813 1844 σου

1030 1862 1068 1894 ὡς
1085 1863 1207 1888 σεαυτόν.
1222 1871 1231 1886 ι
1253 1861 1308 1888 Καὶ
1325 1861 1512 1896 προσέθηκεν·
1532 1871 1540 1886 ι
1560 1862 1605 1888 Ἑν
1620 1862 1735 1894 ταύταις
1754 1865 1815 1895 ταϊς

1030 1908 1106 1934 δυσὶν
1120 1907 1240 1938 ἐντολαῖς
1256 1907 1316 1938 ὅλος
1332 1908 1346 1933 ὀ
1366 1907 1447 1942 νόμος
1470 1907 1516 1933 καὶ
1538 1908 1563 1934 oi
1589 1909 1726 1943 προφῆται
1750 1910 1815 1944 κρέ-

1032 1961 1141 1988 μανται.
1155 1962 1165 1978 ι
1174 1953 1203 1978 Ὀ
1214 1952 1302 1979 τοίνυν
1313 1952 1415 1983 ταύτας
1426 1952 1574 1986 φυλάττων,
1585 1952 1663 1986 δῆλον
1675 1954 1714 1980 ὅτι
1727 1954 1815 1981 πάντα

1032 1997 1129 2032 πληροῖ
1144 1997 1190 2024 τὸν
1203 1997 1283 2032 νόμον
1302 1997 1373 2023 κατὰ
1392 1997 1438 2023 τδν
1449 1997 1611 2023 Δεσποτικδν
1622 1998 1684 2032 ὅρον
1694 2006 1701 2013 ⁶
1715 1999 1729 2024 ὁ
1741 1998 1763 2024 δῖ
1779 1997 1814 2025 αὖ

1031 2043 1215 2078 παραϐαίνων,
1227 2044 1326 2075 παντὸς
1338 2043 1385 2070 τοῦ
1398 2044 1480 2078 νόμου
1491 2044 1651 2079 παραϐάτης
1662 2045 1813 2074 ἁλίσκεται.

1031 2089 1217 2125 Σκοπήσωμεν
1241 2089 1341 2120 τοίνυν,
1365 2089 1412 2115 τοῦ
1427 2089 1577 2121 συνειδότος
1592 2090 1681 2126 ὀρθῶς
1701 2092 1748 2117 καὶ
1772 2091 1815 2118 δι-

1031 2134 1117 2165 καίως
1133 2134 1297 2166 δικάζοντος,
1316 2135 1340 2161 εί
1364 2135 1413 2166 τὰς
1440 2134 1514 2167 θείας
1530 2136 1750 2171 πεπληρώκαμεν
1769 2138 1814 2164 ὲν-

994 2173 1016 2200 Ῑ)
1029 2179 1119 2210 τολάς.
1134 2179 1237 2214 Πληροῖ
1255 2179 1282 2205 δὲ
1309 2179 1357 2214 τὴν
1378 2179 1427 2214 μὲν
1443 2179 1555 2214 πρώτην
1575 2180 1589 2206 ὁ
1607 2179 1656 2215 τὴν
1677 2180 1815 2208 θεόσδοτον

1030 2225 1122 2252 πίστιν
1147 2225 1289 2260 φυλάττων
1311 2225 1459 2260 ἀκήρατον,
1483 2225 1607 2257 καὶτοὺς
1629 2226 1715 2262 ταύτῃ
1735 2227 1816 2253 πολε-

1032 2270 1149 2306 μοῦντας
1163 2270 1200 2301 ὡς
1213 2270 1263 2304 τῆς
1275 2269 1401 2304 ἀληθείας
1412 2269 1525 2304 ἐχθροὺς
1540 2271 1751 2305 μυσαττόμενος,
1767 2272 1815 2298 καὶ

1032 2315 1118 2351 μισῶν
1145 2313 1279 2350 ἐκθύμως
1293 2316 1356 2347 τοὺς
1384 2315 1530 2350 μισοῦντας
1546 2316 1591 2343 τὸν
1615 2316 1814 2352 ἀγαπώμενον·

1030 2363 1079 2396 τὴν
1101 2361 1129 2388 δὲ
1153 2361 1290 2396 δευτέραν,
1306 2361 1382 2396 ὁτὴν
1406 2360 1453 2387 τοῦ
1465 2361 1551 2393 πέλας
1577 2361 1724 2397 θεραπείαν
1750 2363 1816 2397 περὶ

1033 2407 1158 2434 πλείστου
1176 2407 1346 2442 ποιούμενος,
1362 2407 1411 2434 καὶ
1435 2407 1472 2443 μὴ
1488 2408 1567 2442 μόνον
1593 2409 1621 2434 ἐν
1636 2409 1698 2439 ταῖς
1713 2409 1817 2442 εὐπρα-

1033 2453 1112 2485 ξίαις,
1126 2452 1193 2479 ἀλλὰ
1204 2452 1253 2478 κάν
1263 2453 1321 2484 ταῖς
1336 2452 1477 2484 δοκούσαις
1491 2452 1668 2488 δυσημερίαις
1680 2453 1816 2488 διατηρῶν

1031 2498 1080 2532 τῆς
1096 2497 1185 2532 φιλίας
1206 2498 1269 2530 τοὺς
1291 2498 1379 2534 ὄρους.
1394 2498 1425 2524 Οί
1448 2498 1477 2524 δὲ
1489 2499 1538 2532 τῆς
1565 2497 1614 2532 μὲν
1641 2498 1756 2530 οἰκείας,
1776 2498 1815 2530 ὡς

1032 2544 1196 2578 νομίζουσιν,
1211 2543 1361 2577 ἀσφαλείας
1382 2543 1577 2579 φροντίζοντες,
1593 2543 1647 2570 τῶν
1662 2544 1690 2570 δὲ
1706 2544 1754 2578 τῆς
1770 2553 1817 2578 φι-

1032 2589 1090 2620 λίας
1107 2589 1196 2623 νόμων
1220 2589 1264 2615 διὰ
1275 2589 1376 2623 ταύτην
1392 2589 1598 2623 ὀλιγωροῦντες,
1609 2589 1656 2616 δια)⁸
1679 2589 1816 2625 πολεμου-

1034 2634 1129 2669 μένους
1146 2635 1321 2669 παρορῶντες
1340 2634 1402 2664 τοὺς
1421 2629 1515 2668 ἒρίλους
1527 2655 1534 2667 ,
1556 2633 1607 2668 τῆς
1629 2634 1683 2663 τῶν
1705 2633 1817 2670 φαύλων

230 2711 253 2726 ⁵⁷
264 2711 336 2739 Psal.
351 2719 388 2745 tx,
404 2712 430 2744 6,
444 2712 469 2739 7.
507 2712 530 2728 "
542 2712 613 2740 Psal.
632 2721 697 2746 xvtt,
716 2713 759 2746 17,
779 2713 822 2741 18.
864 2715 887 2731 ³⁵
899 2714 981 2742 Matth

1034 2721 1073 2747 ut,
1086 2715 1130 2742 57.
1168 2715 1190 2730 ⁶⁰
1208 2714 1276 2741 ibid.
1292 2714 1336 2746 58,
1355 2714 1398 2741 59.
1436 2713 1459 2729 ⁶¹
1472 2713 1541 2741 ibid.
1558 2714 1601 2743 40.

233 2787 288 2822 (95)
305 2788 351 2814 καὶ
370 2788 446 2823 ὑμῶν
465 2788 540 2817 addit
553 2789 636 2824 Neap.

1073 2791 1126 2827 (9G)
1144 2791 1158 2817 ὁ
1169 2791 1251 2819 ταῦτα
1263 2792 1381 2827 κομίζων
1396 2792 1430 2818 τὰ
1445 2801 1490 2827 γρ.
1501 2793 1586 2828 Neap.
