1945 3058
103 156 170 188 1353

753 150 933 182 EPISTOLA
953 151 1089 181 CXXXV.

1665 143 1733 178 135i

103 213 167 244 εἰσὶ,
189 211 236 238 xa‘t
254 201 328 245 παρά
355 211 410 242 τοῖς
432 209 484 242 ἔξω
507 209 626 245 μερίδος.
653 209 682 235 ’0
698 208 726 234 δὲ
750 209 804 234 τῶν
825 209 893 235 ὅλων

958 207 1109 234 ιρι-[θοιίοι-ει
1132 207 1224 241 exigit.
1249 215 1257 231 ‹
1276 205 1396 240 Diligite,
1424 203 1523 238 inquit,
1544 202 1669 230 inimicos
1689 211 1735 230 ve—

105 257 243 292 Δεσπότης
263 256 298 282 τὰ
314 256 466 290 τελεώτερα
484 255 560 289 παρὰ
583 254 637 280 τῶν
659 254 765 281 οἰκείων
781 254 892 281 ἀπαιτεῖ

105 302 245 338 μαθητῶν.
261 311 270 328 ι
287 302 425 336 Ἀγαπᾶτε
437 301 501 336 γὰρ,
517 300 593 335 φησὶ,
606 300 668 331 τοὺς
679 299 792 335 ἐχθροὺς
804 299 890 334 ὑμῶν.

106 349 136 376 El
150 348 205 384 γὰρ
228 349 292 379 τοὺς
319 347 483 381 ἀγαπῶντας
501 347 572 382 ὑμᾶς
595 346 731 379 ἀγαπᾶτε,
757 345 784 371 τί
812 345 893 371 πλέον

105 394 222 425 πσιείτε;
238 392 303 419 Ἰδοὺ
314 391 362 418 καὶ
378 392 402 418 οἱ
419 390 578 426 ἁμαρτωλοὶ
591 390 638 416 καὶ
653 390 678 416 οἱ
690 389 805 416 τελῶναι
815 389 894 416 τοῦτο

106 438 240 466 ποιοῦσιν.
255 448 264 464 ι
279 438 376 473 Ἡμεῖς
391 437 420 463 δὲ
436 437 496 463 οὐδὲ
511 437 561 472 τῆς
575 436 723 470 τελωνικῆς
737 435 893 462 ἀπελαύσα-

107 492 157 520 μεν
166 484 285 518 ἀγάπης.
296 483 351 510 Καὶ
365 483 390 509 τί
399 482 470 516 λέγω
484 482 650 516 τελωνικῆς;
663 481 731 508 Οὐδὲ
745 478 780 516 ἦς
791 481 894 516 τυγχά-

105 539 197 558 νουσιν
212 531 237 557 οἱ
262 529 420 566 ἀνδροφόνοι
439 529 487 556 καὶ
509 529 607 564 γόητες
627 529 656 554 ἐν
675 529 730 560 τοῖς
756 528 895 563 δεσμωτη-

108 577 176 612 ρίοις
192 575 360 611 παραψυχῆς
371 574 577 609 ἀπελαύσαμεν,
590 575 621 600 Εἰ
634 574 662 600 δὲ
678 574 778 605 πάντες
794 573 895 606 ταύτην

107 622 247 657 ἐζήλωσαν
261 623 310 657 τὴν
325 612 465 657 ὼμόόητα,
485 621 560 648 οὐδὲν
581 620 674 655 ἕτερον
693 619 864 651 ὑπελείπετο,
878 618 894 653 ἢ

107 667 211 700 ζῶντας
223 667 272 702 μὲν
287 667 333 694 ὑπ’
354 666 458 697 ὲνδείας
481 664 665 699 ἀναλωθῆναι,
681 664 897 698 τελευτήσαντας

106 713 135 739 δὲ
150 713 187 748 μὴ
203 712 259 747 (97)
277 712 356 746 τάφῳ
370 710 566 746 παραδοθῆναι,
580 709 649 736 ἀλλά
672 708 761 736 κυνῶν
781 708 828 734 καὶ
846 707 897 742 θη-

109 757 163 792 ρῶν
182 756 312 790 γενέσθαι
337 755 430 791 βοράν.
451 755 521 782 Ἀλλ’
535 755 657 790 ήρκεσαν
680 755 747 789 ἡμῖν
770 754 795 780 οὶ
820 752 897 779 τοῦδε

107 802 153 828 τοῦ
171 802 229 837 βίου
245 801 491 837 καταφρονοῦντες,
511 801 559 827 καὶ
577 800 632 826 τῶν
653 800 770 826 αἰωνίων
788 797 898 833 ἀγαθῶν

108 848 320 883 προσδεχόμενοι
340 847 390 882 τὴν
409 846 572 877 ἀπόλαυσιν,
588 845 612 872 οἳ
632 844 806 880 παντοδαπῆς
824 844 898 879 ἡμᾶς

108 882 287 929 ψυχαγωγίας
305 893 436 928 ἠξίωσαν.
454 893 484 919 ’0
500 892 529 918 δὲ
555 891 747 926 φιλάνθρωπος
767 899 777 915 ι
797 889 899 925 Κύριος
915 882 936 909 Β

109 942 142 967 ἐκ
156 939 202 966 τοῦ
218 939 332 975 οὐρανοῦ
350 940 479 974 ἢκούτισε
495 938 598 974 κρίσιν.
616 937 650 964 Ἢ
665 937 693 963 δὲ
710 937 746 971 γῆ
767 935 900 970 ἐφοϐήθη,

110 986 157 1012 καὶ
170 985 305 1021 ἡσύχασεν
323 985 351 1011 ὲν
366 984 405 1020 τῷ
419 984 569 1019 ἀναστῆναι
581 984 620 1015 εἰς
631 983 722 1018 κρίσιν
738 982 784 1009 τὸν
796 981 872 1008 Θεόν.
889 991 898 1007 ι

109 1047 143 1052 --
162 1041 171 1057 ι
187 1031 218 1057 Οί
236 1031 265 1057 δὲ
285 1030 379 1065 ὲχθροὶ
398 1029 480 1056 αὑτοῦ
495 1029 553 1064 ἅμα
567 1028 606 1064 τῷ
617 1027 780 1062 δοξασθῆναι
803 1026 903 1058 αὐτοὺς

110 1077 157 1103 καὶ
177 1075 329 1110 ὑψωθῆναι,
345 1074 519 1105 ἐκλείποντες
530 1073 596 1099 ὡσεὶ
613 1072 716 1104 καπνὸς
735 1071 868 1103 ἐξέλιπον.
890 1080 899 1096 ι

115 1120 321 1155 Ἐστηλίτευται
343 1119 371 1146 δὲ
398 1119 429 1145 τὸ
447 1119 499 1153 τῆς
525 1118 623 1152 καινῆς
646 1117 780 1153 αἱρέσεως
794 1116 902 1152 ψεῦδος,

111 1167 278 1204 κηρύττεται
292 1166 322 1192 δὲ
345 1165 493 1200 προφανῶς
508 1166 525 1200 ἡ
548 1165 603 1192 τῶν
625 1163 704 1191 θείων
730 1163 904 1198 Εὐαγγελιων

111 1213 236 1248 ἀλήθεια.
254 1212 350 1247 Ἡμεῖς
361 1211 390 1238 δὲ
403 1211 472 1247 μετὰ
482 1211 529 1238 τοῦ
542 1210 678 1246 μακαρίου
691 1209 795 1245 βοῶμεν
804 1208 885 1236 Δαὸίδ
896 1217 902 1222 ·

116 1270 126 1286 ι
138 1260 291 1295 Εὐλογητὸς
309 1259 411 1292 ὸΘεὸς,
431 1259 445 1285 ὁ
459 1258 545 1285 ποιῶν
572 1257 715 1292 θαυμάσια
735 1255 840 1292 μεγάλα
857 1255 905 1290 μό-

112 1315 169 1338 νος,
184 1307 231 1333 καὶ
253 1305 399 1340 εὐλογητδν
415 1305 446 1331 τὸ
463 1305 548 1339 ὖνομα
563 1304 612 1339 τῆς
637 1303 716 1338 δόξης
741 1302 835 1334 αὐτοῦ,
858 1301 905 1328 καὶ

113 1352 323 1390 πληρωθήσεται
331 1353 380 1387 τῆς
387 1351 465 1386 δόξης
475 1350 555 1378 αὐτοῦ
567 1351 641 1377 πᾶσα
651 1351 667 1385 ἡ
677 1350 723 1385 γῆ.
734 1349 849 1381 Γένοιτο,
859 1348 906 1381 γέ-

114 1406 198 1425 νοιτο.
215 1408 225 1424 ι

273 1455 357 1481 ΡΛΕ’.
366 1469 401 1474 —
420 1454 561 1488 Ῥωμύλῳ
574 1454 743 1484 ὲπισκόπῳ.

157 1521 266 1557 Ἐπειδὴ
280 1520 329 1556 τῆς
346 1520 465 1551 παλαιᾶς
493 1519 568 1555 ἡμᾶς
594 1519 751 1554 ἀνέμνησας
775 1517 905 1553 ἱστορίας,

116 1568 164 1596 καὶ
179 1567 233 1594 τῶν
254 1555 348 1602 Σύρων
362 1566 430 1600 ἔφης
453 1566 499 1592 τὸν
522 1565 644 1601 βασιλέα,
658 1564 712 1591 τῶν
730 1564 776 1590 τοῦ
796 1562 905 1599 Ἰσραὴλ
921 1555 942 1582 C

118 1613 252 1649 βασιλέων
261 1613 292 1639 τὸ
308 1612 498 1647 φιλάνθρωπον
511 1611 701 1646 λογισάμενον,
713 1610 804 1636 ἱκέτου
816 1610 907 1644 σχῆμα

116 1660 220 1692 λαϐεῖν,
237 1659 283 1685 καὶ
312 1658 349 1693 μὴ
365 1658 525 1693 διαμαρτεῖν
549 1658 599 1691 τῆς
618 1657 752 1691 αἰτήσεως
766 1665 773 1671 ·
786 1655 909 1691 ἁναμνὴο

118 1707 208 1741 σθητι,
236 1705 370 1736 δέσποτα,
399 1703 447 1729 καὶ
479 1703 528 1737 τῆς
554 1702 628 1733 θείας
655 1701 750 1737 ὀργῆς.
775 1701 826 1727 Τὸν
854 1701 909 1737 γὰρ

125 1751 226 1786 Ἀχαάὁ
243 1750 281 1786 τῷ
292 1749 360 1785 ἐλέῳ
377 1750 549 1786 χρησάμενον
566 1747 741 1784 πανωλεθρίᾳ
755 1747 908 1783 παρέδωκε,

118 1799 165 1826 καὶ
177 1799 221 1825 διὰ
231 1797 277 1824 τοῦ
295 1798 438 1833 Προφήτου
449 1796 498 1831 τὴν
512 1795 601 1830 ψῆφον
617 1794 771 1829 ἐξήνεγκεν.
793 1803 801 1818 ι
814 1793 910 1818 Ἔσται

120 1846 185 1880 γὰρ,
202 1845 294 1880 φησὶν,
311 1844 328 1878 ἡ
344 1843 417 1878 ψυχή
434 1851 480 1868 σου
498 1842 558 1868 ἀντὶ
574 1840 624 1874 τῆς
643 1840 731 1874 ψυχῆς
751 1837 845 1870 αὑτοῦ,
863 1838 911 1864 καὶ

118 1893 133 1918 ὁ
150 1891 214 1922 λαός
230 1899 276 1916 σου
297 1890 357 1917 ἀντὶ
371 1889 416 1914 τοῦ
437 1887 501 1914 λαοῦ
516 1886 608 1913 αὐτοῦ.
621 1895 630 1911 υ
648 1886 745 1920 Ἡμεῖς
756 1884 784 1910 δὲ
802 1883 911 1910 κελευό-

122 1937 192 1972 μεθα
209 1936 253 1963 διὰ
266 1935 369 1961 τούτων
385 1933 473 1968 κρίσει
489 1931 653 1967 κεραννύναι
666 1930 711 1956 τὸν
727 1930 811 1960 ἔλεον,
827 1929 864 1961 ὡς
880 1929 911 1954 οὐ

121 1982 222 2013 παντὸς
237 1981 312 2008 ἐλέου
328 1980 493 2015 ἀρέσκοντος
512 1978 557 2004 τὸν
570 1977 626 2003 τῶν
637 1977 706 2003 ὅλων
721 1975 834 2010 Κύριον.
850 1976 912 2000 Δια-

121 2027 259 2063 φερόντως
278 2026 307 2052 δὲ
326 2023 458 2059 λογισμοῦ
476 2024 561 2050 δεῖται
586 2022 725 2057 σώφρονος
749 2022 765 2056 ἡ
786 2020 912 2055 παροῦσα

121 2073 261 2104 ὑπόθεσις.
280 2072 349 2107 Περὶ
373 2071 427 2106 γὰρ
445 2070 526 2097 θείων
551 2068 742 2103 ἀγωνιζόμεθα
756 2066 911 2101 δογμάτων,

121 2121 150 2146 ὲν
165 2117 205 2151 οἷς
227 2119 325 2154 ἔχομεν
346 2117 395 2152 τὴν
411 2118 460 2152 τῆς
476 2115 615 2151 σωτηρίας
632 2114 738 2141 ἐλπίδα.
761 2112 864 2148 Πολλὴν
884 2111 912 2138 δὲ

121 2165 197 2199 ὅμως
214 2165 288 2190 ἔστιν
308 2163 371 2189 ἰδεῖν
393 2163 444 2189 κάν
471 2161 576 2192 τούτοις
597 2159 749 2194 ἀνθρώπων
768 2158 910 2192 διαφοράν.

123 2209 155 2234 0i.
177 2209 225 2243 μὲν
242 2208 296 2243 γὰρ
324 2207 432 2242 ἀληθῶς
446 2206 495 2242 τὴν
512 2206 605 2240 κοινὴν
632 2204 756 2232 νοσοῦσιν
775 2203 911 2235 ἀσέϐειαν,

123 2255 148 2281 οἱ
164 2254 191 2280 δὲ
205 2254 358 2289 ἀδιαφόρως
381 2253 428 2280 καὶ
444 2252 530 2279 ταῦτα
551 2251 598 2278 καὶ
622 2250 656 2277 τὰ
671 2250 777 2281 τούτοις
802 2248 911 2275 ἐναντία

123 2299 336 2334 προσφέρουσιν.
350 2298 458 2333 ’Έτεροι
474 2298 502 2323 δὲ
521 2297 570 2332 τὴν
585 2295 712 2331 ἀλήθειαν
724 2294 911 2329 ἐπιστάμενοι,

124 2345 226 2380 ταύτην
244 2345 292 2380 μὲν
316 2346 345 2371 ὲν
367 2345 422 2375 τοῖς
442 2344 490 2379 τῆς
509 2343 597 2378 ψυχῆς
613 2341 836 2376 κατακρύπτουσι
863 2348 913 2365 τα-

129 2392 225 2427 μείοις,
239 2391 272 2417 τὰ
289 2390 317 2417 δὲ
332 2390 448 2425 δυσσεόἦ
464 2389 530 2424 μετὰ
550 2388 604 2414 τῶν
619 2388 705 2415 ἄλλων
721 2385 913 2422 κηρύττουσιν.

129 2436 221 2463 ’Ἄλλοι
231 2436 260 2462 δὲ
273 2435 321 2461 τοῦ
339 2435 435 2469 φθόνου
449 2434 480 2460 τὸ
495 2433 580 2464 πάθος
603 2432 757 2465 δεξάμενοι,
771 2430 801 2456 τὸ
816 2430 915 2456 οἰκεῖον

127 2481 206 2517 ἔχθος
218 2481 346 2516 ἀφορμὴν
361 2479 408 2506 τοῦ
423 2479 495 2506 κατὰ
514 2478 563 2513 τῆς
581 2477 710 2512 ἀληθείας
729 2476 848 2510 πολέμου
869 2483 917 2501 πε-

128 2528 268 2563 ποῐηνται,
287 2526 334 2553 καὶ
348 2526 440 2552 πᾶσαν
460 2524 532 2551 κατὰ
547 2524 602 2549 τῶν
617 2524 665 2557 τῆς
683 2521 813 2556 ἀληθείας
830 2521 917 2556 κηρύ-

128 2582 183 2600 κων
195 2573 350 2608 εἰσφέρουσι
365 2571 540 2606 κακοήθειαν.
560 2569 618 2595 Εἰσὶ
631 2568 659 2596 δὲ
678 2567 703 2594 οἳ
720 2567 774 2593 τῶν
790 2566 839 2601 μὲν
850 2566 918 2592 ἀπο-

130 2620 260 2647 στολικῶν
283 2620 427 2654 δογμάτων
445 2617 614 2648 ἀσπάζονται
629 2616 679 2650 τὴν
704 2613 844 2653 ἀλήθειαν,
868 2611 917 2646 τὴν

129 2667 158 2693 δὲ
171 2662 224 2693 τῶν
241 2665 413 2701 κρατούντων
426 2664 564 2694 δείσαντες
582 2661 752 2692 δυναστείαν,
773 2657 918 2693 δημοσιεῦ-

132 2720 176 2739 σαι
190 2711 291 2746 ταύτην
313 2711 481 2746 πεφρίκασι·
504 2709 549 2736 καὶ
576 2707 699 2735 στένουσι
715 2706 763 2742 μὲν
789 2704 836 2730 καὶ
857 2703 917 2729 ὀδύ-

945 258 1026 281 stros.
1049 254 1077 281 Si
1100 254 1173 280 enim
1194 253 1307 288 diligitis
1323 259 1371 279 eos
1391 251 1438 286 qui
1459 258 1507 278 vos
1521 249 1653 284 diligunt,
1669 249 1735 284 quid

944 300 1062 335 amplius
1085 299 1192 326 facitis?
1206 299 1276 326 Ecce
1297 302 1456 333 peccatores
1475 301 1503 324 et
1523 296 1663 330 publicani
1683 295 1736 322 hoc

945 346 1049 373 faciunt
1066 346 1099 372 θ’.
1116 353 1124 371 ι
1145 345 1179 372 At
1195 352 1246 372 nos
1261 353 1299 372 ne
1319 344 1529 379 publicanorum
1544 341 1654 376 quidem
1671 342 1736 369 cha-

945 391 1055 420 ritatem
1069 391 1173 426 experti
1187 398 1292 418 sumus.
1305 390 1339 417 Et
1351 389 1418 424 quid
1433 388 1495 415 dico
1510 386 1737 423 publicanorum?

945 438 984 465 Ne
998 438 1073 465 illam
1091 437 1213 473 quidem,
1228 444 1282 471 qua
1300 435 1447 463 homicidm
1461 438 1488 462 et
1501 433 1616 462 veneﬁci
1632 433 1659 459 in
1676 440 1737 459 car-

946 483 1057 511 ceribus
1071 483 1211 515 fruuntur,
1220 481 1436 509 consolationem
1446 480 1611 515 accepimus.
1624 478 1701 512 Quod
1714 478 1736 505 si

946 529 1138 557 crudelitatem
1158 528 1238 555 istam
1259 526 1347 554 secuti
1364 534 1461 553 omnes
1482 529 1584 557 essent,
1600 525 1737 559 reliquum
1766 523 1769 536 ε

947 575 1022 603 aliud
1047 582 1102 601 non
1128 578 1203 606 erat,
1230 580 1312 608 quam
1339 576 1369 599 ut
1391 572 1435 599 vel
1457 571 1620 605 superstites
1644 569 1738 604 inopia

948 621 1162 652 conficeremur,
1186 618 1295 654 1224
1312 618 1356 645 vel
1376 618 1479 644 mortui
1501 617 1643 651 sepultura
1662 623 1739 643 carc-

949 675 1056 700 remus,
1080 671 1108 694 et
1129 665 1246 693 canibus
1268 664 1388 698 ferisque
1415 662 1513 698 praeda:
1530 668 1664 689 essemus.
1687 660 1740 687 Sed

949 712 1098 740 adfuerunt
1119 710 1201 738 nobis
1223 709 1270 744 qui
1296 708 1369 735 hanc
1386 707 1470 734 vitam
1496 709 1690 740 aspernantur,
1714 709 1743 731 et

949 762 1116 786 aeternorum
1130 757 1268 784 bonorum
1288 754 1408 781 fructum
1424 755 1594 787 exspectant,
1611 750 1743 784 omnique

950 811 1001 830 nos
1027 800 1223 830 consolationis
1251 807 1352 835 genere
1385 799 1574 826 sublevarunt.
1604 796 1744 830 Benignus

951 852 1042 877 autem
1067 857 1076 874 ε
1091 846 1224 874 Dominus
1243 845 1278 873 de
1295 845 1365 873 caalo
1381 844 1504 871 auditum
1518 842 1584 870 fecit
1590 841 1741 877 judicium;

951 900 1025 924 terra
1043 894 1157 922 tremuit
1178 897 1207 921 et
1229 892 1344 928 quievit,
1364 899 1426 918 cum
1447 892 1609 925 exsurgeret
1629 888 1656 915 in
1671 887 1744 922 judi—

951 942 1024 969 cium
1038 941 1112 968 Deus
1124 940 1166 966 ⁶¹“.
1187 949 1196 965 ι
1213 954 1247 959 —-
1265 947 1275 964 ‹
1286 937 1394 965 Inimici
1407 944 1473 964 vero
1489 936 1549 971 ejus
1565 942 1628 962 mox
1645 938 1676 961 ut
1693 933 1743 960 ho-

952 986 1088 1015 norificati
1111 985 1225 1013 fuerunt
1245 988 1274 1011 et
1296 982 1420 1014 exaltati,
1437 981 1597 1009 deficientes
1613 978 1746 1015 quemad-

952 1034 1066 1061 modum
1092 1032 1186 1059 fumus
1214 1029 1376 1058 defecerunt
1396 1028 1428 1055 “.
1453 1038 1462 1053 ι
1491 1026 1679 1061 Proscriptum
1703 1028 1746 1051 est

953 1079 1066 1107 haeresis
1088 1085 1168 1106 novae
1187 1076 1372 1109 mendacium,
1392 1079 1420 1102 et
1444 1074 1601 1101 divinorum
1624 1071 1747 1106 Evange-

954 1125 1054 1152 liorum
1076 1124 1178 1151 veritas
1202 1122 1292 1158 palam
1318 1120 1493 1156 praedicatur.
1516 1118 1573 1146 Nos
1597 1124 1662 1144 vero
1683 1124 1746 1143 cum

954 1172 1035 1198 beato
1051 1170 1154 1197 Davide
1173 1168 1360 1196 exclamamus
1377 1176 1383 1193 :
1403 1176 1411 1191 ι
1426 1165 1592 1193 Benedictus
1608 1163 1680 1190 Deus
1699 1161 1747 1196 qui

955 1214 1021 1241 facit
1040 1212 1177 1240 mirabilia
1191 1219 1289 1247 magna
1311 1211 1396 1242 solus,
1411 1215 1440 1237 et
1455 1208 1631 1236 benedictum
1647 1213 1748 1234 nomen

955 1256 1109 1292 majestatis
1123 1257 1192 1291 ejus,
1207 1259 1235 1282 et
1250 1255 1402 1290 replebitur
1420 1254 1562 1289 majestate
1581 1252 1640 1287 ejus
1659 1250 1748 1278 omnls

957 1306 1040 1330 terra.
1056 1303 1126 1335 Fiat,
1142 1303 1187 1329 fiat
1199 1303 1241 1329 ⁸³⁸.
1259 1313 1267 1327 ι

1132 1447 1305 1476 CXXXV.—-
1320 1445 1431 1473 Romulo
1448 1447 1575 1481 episcopo.

994 1515 1221 1550 Quandoquidem
1239 1518 1360 1541 veterem
1375 1513 1455 1540 nobis
1469 1512 1613 1539 historiam
1629 1520 1752 1540 comme-

959 1563 1083 1595 morasti,
1097 1562 1286 1598 Syrorumque
1302 1568 1394 1595 regem
1410 1560 1461 1591 ais,
1475 1567 1537 1586 cum
1555 1559 1626 1594 regis
1645 1559 1753 1587 lsraelis

960 1609 1160 1636 humanitatem
1190 1607 1281 1634 animo
1308 1605 1611 1641 reputaret,'supplicis
1636 1604 1752 1632 formam

961 1655 1120 1690 sumpsisse,
1138 1658 1165 1681 et
1188 1654 1350 1687 impetrasse
1374 1651 1447 1686 quod
1468 1650 1591 1685 petebat,
1607 1650 1753 1689 recordare

962 1707 990 1728 tu
1003 1701 1100 1732 etiam,
1118 1699 1239 1730 domine,
1257 1698 1303 1724 ira:
1317 1705 1349 1724 ac
1362 1695 1474 1723 ultionis
1489 1694 1597 1722 divina}.
1612 1686 1753 1722 Achabum

961 1747 1045 1779 enim,
1058 1746 1105 1781 qui
1121 1743 1311 1772 misericordia
1326 1750 1391 1769 usus
1405 1741 1505 1772 fuerat,
1523 1748 1652 1775 supremo
1671 1738 1754 1767 exilio

962 1791 1099 1821 multavit,
1112 1794 1140 1817 et
1151 1788 1316 1816 sententiam
1333 1787 1361 1813 in
1377 1794 1439 1813 eum
1453 1794 1501 1820 per
1514 1785 1676 1820 prophetam
1692 1793 1756 1819 pro-

963 1837 1035 1864 tulit.
1056 1846 1064 1862 ‹
1083 1835 1153 1866 Erit,
1174 1834 1275 1868 inquit,
1288 1833 1378 1860 anima
1401 1836 1447 1859 tua
1466 1839 1517 1867 pro
1534 1831 1625 1858 anima
1641 1831 1711 1866 ejus,
1727 1836 1756 1858 et

963 1882 1081 1918 populus
1101 1886 1165 1908 tuus
1185 1886 1235 1914 pro
1258 1878 1360 1913 populo
1379 1877 1439 1912 ejus
1451 1877 1483 1904 ⁵⁸.
1501 1886 1510 1902 ι
1528 1876 1583 1904 Nos
1602 1884 1668 1903 vero
1692 1874 1774 1904 hinc-

961 1929 1090 1963 iubemur
1123 1924 1341 1952 miscricordiam
1368 1927 1521 1957 temperare
1543 1922 1666 1957 judicio,
1692 1930 1756 1949 cum

964 1975 1156 2002 universorum
1173 1969 1230 1998 Deo
1249 1968 1379 2004 quzelibet
1400 1967 1589 1995 misericordia
1614 1975 1668 1994 non
1699 1968 1756 2002 pla-

963 2023 1033 2046 ecat.
1056 2018 1085 2045 In
1105 2016 1202 2052 primis
1224 2019 1318 2042 autem
1342 2014 1458 2041 consilio
1478 2012 1607 2048 prudenti
1629 2017 1757 2047 opuscst

965 2065 991 2092 in
1003 2062 1132 2099 praesenti
1145 2061 1263 2097 negotio.
1274 2061 1312 2087 De
1327 2059 1428 2087 divinis
1439 2058 1513 2086 enim
1529 2058 1636 2093 1225
1647 2058 1758 2092 dogma—

965 2109 1039 2136 tibus
1058 2112 1207 2139 certamus,
1225 2107 1251 2132 in
1269 2105 1371 2140 quibus
1388 2103 1505 2139 positam
1527 2103 1661 2129 habemus
1680 2110 1758 2136 spem

964 2154 1069 2182 salutis.
1087 2153 1140 2180 Sed
1158 2159 1282 2187 magnam
1301 2151 1329 2178 in
1346 2150 1390 2177 his
1405 2149 1489 2176 etiam
1505 2148 1598 2175 videre
1612 2151 1654 2174 est
1667 2147 1758 2174 homi-

965 2207 1031 2226 num
1053 2197 1247 2225 differentiam.
1269 2195 1386 2229 Quidam
1410 2194 1483 2221 enim
1503 2193 1643 2220 communi
1664 2200 1757 2219 revera

966 2246 1092 2273 laborant
1113 2243 1267 2278 impietate;
1292 2241 1403 2276 quidam
1423 2240 1500 2267 nullo
1522 2238 1683 2266 discrimine
1703 2243 1758 2265 tum

967 2292 1025 2319 hzec
1040 2294 1097 2317 tum
1116 2289 1169 2316 illis
1188 2287 1327 2315 contraria
1346 2286 1491 2321 proferunt
1505 2285 1531 2311 in
1551 2284 1683 2311 medium.
1706 2283 1768 2317 Alii

967 2344 1030 2364 cum
1043 2337 1201 2371 perceplam
1214 2332 1334 2360 habeant
1350 2331 1504 2362 veritatem,
1524 2329 1594 2356 hanc
1611 2328 1637 2355 in
1659 2336 1757 2355 arcano

969 2382 1069 2409 mentis
1079 2388 1152 2415 penu
1167 2378 1330 2410 recondunt,
1340 2382 1368 2404 et
1382 2376 1464 2412 impia
1480 2383 1541 2403 cum
1557 2375 1618 2402 aliis
1630 2373 1761 2409 proﬁten-

965 2432 1021 2455 tur.
1042 2426 1094 2454 Alii
1115 2433 1212 2452 rursus
1229 2423 1332 2450 invidia
1349 2422 1413 2449 tacti
1427 2420 1618 2456 impugnanda:
1636 2417 1760 2447 veritatis

966 2472 1139 2501 occasionem
1153 2478 1185 2498 ex
1200 2468 1386 2497 simultatibus
1403 2467 1461 2494 suis
1477 2465 1624 2500 arripiunt,
1637 2472 1746 2491 onmem

966 2526 1020 2554 que
1036 2518 1063 2544 in
1076 2516 1201 2544 veritatis
1213 2521 1355 2550 praecones
1367 2512 1517 2546 nequitiam
1536 2514 1674 2538 exercent.
1690 2509 1760 2536 Sunt

967 2564 1049 2592 etiam
1071 2563 1118 2598 qui
1139 2561 1353 2597 apostolieorum
1366 2559 1524 2593 dogmatum
1537 2557 1682 2583 veritatem
1700 2562 1759 2581 am-

972 2611 1129 2646 plectuntur
1141 2607 1263 2643 quidem,
1276 2606 1322 2634 sed
1335 2603 1536 2632 dominantium
1548 2602 1699 2638 potentiam
1714 2608 1762 2627 ve-

972 2645 1017 2682 riti
1040 2654 1111 2681 hanc
1121 2652 1244 2688 proferre
1262 2651 1289 2678 in
1304 2650 1443 2686 publicum
1460 2646 1639 2675 reformidant
1653 2654 1660 2672 :
1675 2649 1703 2672 et
1720 2645 1763 2671 iu-

970 2701 1125 2736 gemiscunt
1137 2699 1259 2738 quidem,
1272 2697 1420 2731 dolentque
1431 2695 1466 2722 ob
1481 2694 1614 2721 malorum
1631 2692 1761 2726 frequen-

167 2789 191 2806 ⁶¹
205 2788 300 2816 Matth.
320 2797 347 2821 v,
364 2788 407 2819 Μ,
425 2788 469 2814 46.
507 2787 539 2802 δ’·
560 2786 631 2813 Psal.
648 2792 726 2816 Lxxv,
739 2783 765 2815 8,
777 2782 803 2808 9.
823 2782 846 2798 ⁸³
864 2781 905 2808 Ps:

958 2787 1043 2812 txxvr,
1060 2778 1104 2805 20.
1135 2777 1167 2794 ⁶¹⁵
1180 2776 1250 2804 Psal.
1267 2783 1337 2807 nu,
1355 2773 1397 2806 18,
1414 2773 1458 2801 19.
1479 2772 1501 2788 ³⁵
1517 2771 1551 2798 lli
1567 2771 1634 2806 Reg.
1653 2777 1698 2803 xx,
1712 2769 1759 2796 Η.

169 2867 225 2902 (97)
244 2865 310 2902 μηδέ
327 2865 411 2899 Neap.

297 2914 427 2943 PATROL.
449 2911 506 2941 G'n.
525 2907 680 2939 LXXXllI.

1542 2894 1580 2924 43
