1945 3058
197 122 266 155 1355

688 120 931 150 THEODORETI
951 120 1120 150 EPISCOI’l
1140 120 1321 149 CYRENSIS

1759 117 1830 150 1356

196 179 279 212 tiam,
305 179 356 214 ipsi
378 183 467 206 tamen
483 185 554 211 ﬁum
577 177 611 203 iis
632 181 777 203 versantur
794 177 841 211 qui
865 177 991 211 ingentes

1045 185 1134 211 ρονται
1151 176 1204 202 τῶν
1222 176 1314 202 κακῶν
1333 175 1381 211 τὴν
1399 175 1495 210 φορὰν,
1517 175 1620 202 σύνεισι
1633 175 1661 201 δὲ
1682 175 1756 210 ὅμως
1769 176 1829 206 τοῖς

195 224 296 252 ﬂuctus
311 225 460 252 concitant.
479 223 538 256 Quo
554 230 588 250 ex
605 230 721 249 numero
735 227 809 249 tuam
822 230 882 249 esse
897 222 986 256 pieta-

197 275 251 299 tem
268 278 421 298 censemus.
437 269 506 296 Nam
527 273 555 295 ct
579 276 673 296 sanam
688 269 716 295 in
734 268 837 295 divinis
851 268 986 303 dogmati—

195 317 247 343 bus
261 315 347 349 ipsam
370 321 431 341 csse
454 313 602 345 credimus,
622 318 650 340 et
670 313 834 340 charitatem
853 321 917 348 erga
937 320 988 339 nos

195 361 316 389 retinere
347 360 524 392 arbitramur,
549 359 598 387 sed
630 359 665 387 ob
694 361 780 387 solam
812 359 988 386 timiditatem

197 406 312 441 tempori
325 405 439 433 servire.
453 405 510 433 llac
523 405 557 433 de
575 413 665 438 causa,
679 405 744 432 licet
755 406 872 433 aliorum
884 405 988 432 nemini

195 451 361 483 scribamus,
375 456 402 478 et
414 451 447 478 ad
460 452 590 487 pietatem
603 457 677 478 tuam
693 451 848 483 scribimus,
865 456 893 478 et
907 451 942 478 ab
956 458 988 478 ea

196 497 302 524 litteras
314 497 475 532 accipimus,
488 497 626 533 cognitam
638 498 698 532 ejus
711 501 830 524 mentem
844 496 987 529 habentes,

197 543 344 578 timorique
382 543 474 578 aliquo
510 543 592 570 modo
634 543 815 578 ignoscentes.
852 542 990 577 Benignus

197 593 289 615 autem
314 589 446 616 Dominus
469 589 576 616 timoris
601 596 710 623 quoque
733 588 893 615 occasiones
914 595 989 615 nunc

197 633 307 668 penitus
327 633 488 667 amputavit,
508 641 596 668 nuper
615 633 761 661 excitatam
785 638 911 668 relegens
935 633 988 659 im-

197 679 337 713 pietatem,
358 679 624 714 Evangeliorumque
647 679 819 706 manifestam
842 679 989 706 ostendens

197 723 353 750 veritatem.
371 724 427 751 Nos
441 732 518 756 vero,
533 725 658 758 quamvis
674 733 720 752 ora
733 725 813 751 nobis
829 728 868 752 tot
883 729 988 757 essent,

199 774 266 803 quot
290 769 394 804 capilli,
415 770 566 804 benignum
584 771 590 779 ‘
611 770 757 797 Dominum
784 778 834 805 pro
857 770 989 805 dignitate

199 815 311 842 laudare
332 823 388 843 non
406 824 563 850 possumus,
578 817 663 851 quod,
678 825 739 851 quae
760 825 775 843 ιι
796 817 876 844 nobis
893 817 990 852 prandi—

199 865 307 892 cantur,
325 861 358 888 ad
371 861 465 888 eadem
484 862 590 897 1226
607 862 696 897 palam
707 862 880 896 prtedicauda
895 862 937 889 vel
948 870 991 889 re-

198 907 432 942 pugnantissimos
466 907 568 943 adegit.
596 908 759 935 Audivimus
792 908 865 935 enim
901 909 990 943 ipsum

199 953 282 980 etiam
299 953 409 988 pictatis
428 958 479 981 tute
502 954 739 988 contubernalem,
755 962 816 982 cum
833 955 992 982 anathema-

202 999 296 1026 tismos
314 999 342 1027 in
362 1000 468 1036 magnis
486 1000 602 1027 urbibus
619 1000 708 1028 editos
721 1005 873 1036 cognosset,
887 1001 921 1027 ab
940 1001 991 1027 ali-

200 1052 255 1079 quo
270 1040 434 1072 cancrorum
450 1045 558 1072 incessu
572 1045 720 1078 destitisse,
737 1049 866 1080 rectaque
884 1045 990 1080 ingres-

201 1098 261 1118 sum
274 1098 346 1123 esse,
360 1098 423 1117 cum
438 1091 471 1118 de
485 1090 660 1126 dogmatibus
678 1091 705 1118 iu
720 1096 856 1118 conventu
871 1091 990 1126 quodam

199 1135 359 1163 dissereret.
382 1135 497 1171 Oportet
516 1140 607 1164 autem
627 1145 682 1164 non
703 1137 820 1171 tempori
836 1145 991 1164 accommo-

204 1183 267 1210 dare
281 1190 433 1215 sermones,
447 1183 494 1210 sed
512 1188 614 1210 rectam
630 1191 738 1219 semper
753 1189 780 1210 et
800 1192 934 1219 nusquam
951 1185 992 1211 in-

202 1227 299 1256 flexam
324 1228 447 1257 veritatis
462 1237 588 1257 normam
605 1237 777 1257 conservare.

360 1330 500 1357 CXXXVI.
516 1345 549 1350 —-
563 1329 631 1365 Cyro
649 1331 833 1366 magistriano.
874 1311 876 1313 ι

237 1387 315 1414 Dolui
340 1387 531 1419 vehementer,
553 1394 615 1414 cum
637 1387 776 1414 tristitiam
800 1388 915 1422 cognovi
939 1396 992 1422 qua

198 1431 380 1462 vconflictaris.
396 1431 448 1465 Qui
463 1433 536 1459 enim
552 1436 676 1466 poteram
693 1441 747 1459 non
764 1433 869 1464 dolere,
884 1434 930 1468 qui
946 1439 992 1461 tua

201 1476 294 1505 omnia
319 1483 378 1503 mea
406 1475 485 1508 facio,
506 1480 535 1502 et
559 1476 699 1510 apostolici
721 1484 825 1503 memor
840 1484 899 1507 sum
921 1485 992 1511 prae—

199 1522 274 1557 cepti
285 1522 318 1555 ⁸⁵,
331 1522 404 1557 quod
420 1530 473 1549 non
486 1522 574 1549 solum
587 1522 706 1557 gaudere
722 1530 783 1549 cum
796 1523 990 1557 gaudentibus,

202 1576 298 1596 verum
311 1569 393 1595 etiam
409 1568 473 1595 ﬂere
485 1569 563 1604 jubet
578 1577 640 1596 cum
656 1569 803 1595 flentibus?
821 1568 873 1596 Sed
891 1573 918 1596 ct
935 1569 992 1604 ipsa

202 1621 332 1641 aerumna}
348 1614 468 1648 gravitas
481 1614 552 1648 potis
564 1619 606 1641 est
619 1614 652 1640 ad
670 1614 907 1649 participationem
923 1623 991 1641 mm—

203 1659 274 1686 roris
286 1659 329 1686 vel
343 1659 541 1686 iufensissimos
552 1667 734 1687 commovere.
746 1660 816 1692 Quid
831 1661 904 1687 enim
915 1669 992 1695 mque

203 1705 349 1732 molestum
370 1710 452 1740 queat
473 1713 543 1737 esse,
562 1709 592 1732 ut
613 1707 727 1741 conjuge
750 1707 862 1740 privari,
884 1715 945 1742 quae
966 1712 993 1734 et

205 1751 371 1778 matrimonii
405 1751 498 1786 iugum
530 1751 666 1785 iuculpate
697 1752 823 1784 duxerit,
853 1757 880 1780 et
909 1753 992 1780 vitam

205 1796 304 1823 marito
317 1796 466 1831 jucundam
486 1796 649 1829 reddiderit,
668 1802 695 1824 et
712 1798 820 1825 familiae
836 1806 915 1826 curas
929 1807 992 1834 par-

206 1842 255 1869 tita
276 1842 321 1874 sit,
346 1850 377 1868 ac
396 1842 546 1869 domestica
566 1850 728 1877 procurans,
747 1844 798 1870 alia
816 1844 907 1871 omnia
931 1852 993 1871 cum

204 1888 302 1915 eodem
321 1887 529 1920 administrarit,
546 1892 573 1915 et
587 1896 647 1922 qme
665 1889 739 1915 utilia
755 1895 834 1916 crant
850 1897 993 1924 suggesse-

205 1934 251 1964 rit,
274 1939 302 1960 ct
321 1934 372 1960 viri
396 1933 507 1960 monitis
528 1934 657 1960 obsecuta
673 1934 724 1960 sit?
737 1933 814 1966 Quod
831 1941 895 1961 vero
912 1935 992 1961 simul

205 1987 266 2007 cum
287 1979 331 2006 illa
351 1979 373 2006 is
391 1980 474 2006 etiam
490 1979 536 2013 qui
552 1987 584 2006 ex
603 1987 633 2006 ea
649 1984 729 2006 natus
744 1980 842 2011 fuerat,
857 1980 994 2006 studiose-

205 2033 258 2060 que
276 2025 408 2052 cducatus
428 2033 459 2051 ac
480 2025 582 2051 litteris
603 2024 756 2056 institutus,
773 2025 820 2060 qui
843 2025 993 2052 senectutis

204 2072 329 2098 levamen
355 2070 463 2098 iuturus
487 2070 659 2104 sperabatur,
685 2070 712 2096 in
734 2078 797 2097 vere
818 2070 876 2105 ipso
895 2071 992 2104 :ctatis,

205 2117 293 2151 prima
307 2120 498 2143 suecrcsccnte
514 2115 653 2150 lanugine,
666 2116 771 2142 tumulo
786 2115 928 2142 ruandatus
940 2121 992 2148 cst,

205 2164 348 2198 cujusnam
367 2162 471 2189 doloris
488 2169 542 2188 non
560 2162 667 2188 excedit
687 2162 904 2197 magnitudinem
913 2165 924 2188 ’ί
941 2163 994 2190 lla-

206 2215 259 2242 que
269 2207 290 2234 si
300 2207 384 2233 solam
395 2207 458 2233 mali
470 2206 524 2233 vim
536 2210 563 2233 et
574 2211 697 2234 naturam
713 2211 878 2241 spectemus,
891 2208 993 2235 nullam

209 2252 304 2287 recipit
322 2252 546 2279 consolationem.
565 2252 670 2286 1227
687 2251 731 2283 At,
741 2252 763 2279 si
779 2253 888 2288 generis
910 2254 994 2281 totius

208 2298 399 2325 mortalitatem
419 2297 511 2324 animo
529 2298 690 2332 cogitemus,
706 2299 893 2334 prolatamque
911 2299 938 2325 in
954 2307 996 2334 ge.

205 2352 259 2370 nus
273 2344 432 2370 universum
449 2343 624 2376 sententiam,
637 2345 917 2380 communitatemque
929 2353 996 2380 pra:-

207 2394 283 2416 terca
298 2388 373 2420 mali,
388 2396 449 2415 cum
470 2388 550 2423 plena
563 2388 598 2415 sit
610 2388 665 2415 vita
681 2389 837 2424 hujusmodi
858 2398 995 2417 au-umna-

176 2443 187 2461 ι
208 2442 284 2466 rum,
309 2433 430 2460 feremus
452 2433 560 2460 fortiter
582 2434 654 2468 quod
679 2435 793 2467 accidit,
815 2435 997 2470 mmrorisque

176 2480 183 2491 ι

207 2480 318 2507 aculeos
338 2479 526 2511 retuudcmus,
548 2485 629 2514 atque
644 2480 835 2508 admirandum
851 2481 926 2508 illum
939 2482 997 2508 lau-

208 2525 251 2553 dis
260 2532 369 2552 carmen
388 2524 582 2552 conciliemus:
596 2534 605 2550 ι
620 2525 752 2552 Dominus
764 2525 850 2558 dedit,
864 2526 998 2554 Dominus

208 2565 340 2598 abstulit:
355 2571 426 2597 sicut
443 2570 558 2597 Domino
577 2570 692 2604 placuit,
710 2570 750 2597 sic
769 2574 796 2597 et
815 2571 916 2598 factum
932 2577 995 2599 cst:

205 2617 242 2645 sit
255 2624 354 2644 nomen
366 2617 473 2643 Domitii
488 2616 663 2643 benedictum
680 2616 706 2643 in
721 2617 819 2644 swcula
834 2619 867 2645 δ”.
887 2629 895 2644 ›
913 2618 998 2646 Nobis

211 2671 275 2691 vero
287 2663 320 2690 ad
331 2662 546 2690 consolationem
561 2670 649 2690 causae
660 2667 724 2690 sunt
735 2663 817 2690 ctiam
831 2664 996 2698 complures.

245 2738 266 2751 "
287 2742 364 2768 Rom.
386 2749 433 2774 xu,
453 2740 495 2768 15,
535 2740 557 2755 ⁸⁸
574 2740 625 2767 Job
639 2748 657 2769 ι.
675 2740 719 2772 2|,
735 2740 778 2767 ‘22.

245 2818 301 2854 (98)
323 2818 360 2845 ιω
393 2825 408 2845 e
439 2817 524 2852 Neap.
556 2817 756 2851 rescripsimus.
790 2799 872 2844 Sirm.
907 2816 1045 2852 βάλωμεν.

1037 224 1087 254 τὰς
1100 223 1247 258 τρικυμίας
1260 222 1404 258 ἐγείρουσι.
1422 222 1529 256 Ταύτης
1541 221 1590 256 τῆς
1606 222 1760 257 συμμορίας
1776 220 1828 254 τὴν

1039 269 1088 305 σὴν
1102 269 1171 296 εἶναι
1193 269 1348 296 θεοσέϐειαν
1367 267 1522 303 ὁριζόμεθα.
1541 268 1687 301 Ὑγιαίνειν
1706 267 1755 302 μὲν
1772 267 1829 301 γὰρ

1038 316 1123 351 αὐτὴν
1147 317 1175 341 ὲν
1195 316 1250 347 τοῖς
1278 314 1360 345 Θείοις
1387 313 1503 348 δόγμασι
1525 313 1756 348 πεπιστεύκαμεν,
1779 314 1830 339 καὶ

1039 361 1087 396 τὴν
1109 361 1174 396 περὶ
1200 361 1274 396 ἡμᾶς
1300 359 1442 392 διασώζειν
1467 359 1578 394 ἀγάπην
1606 359 1762 394 νομίζομεν,
1783 359 1831 386 διὰ

1041 407 1125 442 μόνην
1147 407 1173 433 δὲ
1189 406 1290 432 δειλίαν
1308 405 1560 440 συμπεριφέρεσθαι
1573 405 1612 439 τῷ
1631 405 1728 439 καιρῷ.
1746 403 1782 432 Οἷα
1795 405 1830 440 δὴ

1039 453 1129 488 χάριν,
1141 451 1226 478 οὐδενὶ
1244 451 1298 477 τῶν
1313 451 1399 478 ἄλλων
1416 450 1629 481 ἐπιστέλλοντες,
1645 451 1678 485 τῇ
1700 451 1732 484 σῇ
1753 451 1831 484 φιλο.

1040 499 1100 533 Θεΐᾳ
1124 498 1171 524 καὶ
1196 497 1349 532 γράφομεν,
1368 496 1415 522 καὶ
1440 496 1504 531 παρ’
1533 496 1618 531 αὐτῆς
1633 495 1764 531 δεχόμεθα
1794 495 1831 522 τὰ

1040 544 1209 578 γράμματα’
1235 542 1280 568 τὸν
1308 542 1356 576 μὲν
1382 542 1483 568 σκοπὸν
1510 541 1619 572 εἰδότες,
1636 543 1670 576 τῇ
1697 541 1726 567 δὲ
1742 541 1832 576 δειλίᾳ

1042 588 1206 624 συγγνώμην
1223 588 1293 614 οὕτω
1311 596 1368 618 πως
1388 587 1524 621 νέμοντες.
1551 587 1580 613 '0
1593 587 1622 613 δὲ
1640 586 1832 621 φιλάνθρωπος

1041 635 1143 671 Κύριος
1158 635 1204 661 καὶ
1216 634 1265 666 τὰς
1276 633 1327 668 τῆς
1341 633 1457 664 δειλείας
1473 632 1612 664 παντελῶς
1626 633 1674 658 νῦν
1690 632 1830 666 ἀπέκοψεν

1040 681 1178 716 ἀφορμὰς,
1196 680 1246 716 τὴν
1264 680 1312 714 μὲν
1326 678 1570 713 καινοτομηθεῖσαν
1583 678 1673 710 δείξας
1689 678 1829 706 ἀσέϐειαν.

1040 727 1089 762 τὴν
1104 726 1133 752 δὲ
1146 726 1198 752 τῶν
1213 725 1386 759 Εὑαγγελίων
1402 724 1509 759 γυμνὴν
1533 723 1668 756 ἐπιδείξας
1688 724 1829 759 ἀλήθειαν.

1047 773 1143 808 Ἡμεῖς
1164 772 1192 799 δὲ
1217 771 1278 798 οὔτε
1302 772 1362 802 ταῖς
1381 771 1469 806 Θριξὶν
1490 771 1641 806 ίσαρίομων
1663 771 1729 805 ἡμῖν
1754 778 1833 803 γενο-

1044 819 1132 854 μένων
1149 817 1302 852 στομάτων,
1318 817 1438 852 ὑμνῆσαι
1451 816 1512 843 κατ’
1524 816 1602 848 ἀξίαν
1616 815 1661 842 τὸν
1678 815 1773 850 φιλάνο
1780 824 1833 850 ρω-

1042 873 1092 891 πον
1108 863 1245 898 δυνάμεθα
1269 863 1382 898 Κύριον,
1398 863 1438 889 ὅτι
1457 862 1492 889 τὰ
1518 863 1581 897 παρ’
1597 862 1676 897 ἡμῶν
1699 862 1834 897 κηρυττόο

1041 919 1121 946 μενα,
1144 911 1192 936 καὶ
1205 909 1268 940 τοὺς
1284 909 1496 939 ἐναντιωτάτους
1519 907 1664 942 προφανῶς
1685 907 1833 941 κηρύττειν

1041 956 1207 991 ἠνάγκασεν.
1226 955 1397 989 Ἠκούσαμεν
1412 954 1466 990 γὰρ
1483 954 1520 985 ὡς
1541 954 1587 980 καὶ
1612 953 1663 987 τῆς
1682 954 1731 988 σῆς
1757 953 1833 987 φιλο-

1041 1002 1117 1033 θεῖας
1129 1003 1143 1027 ὁ
1157 1001 1289 1034 σύνοικος,
1300 1001 1381 1035 γνοὺς
1396 1001 1459 1031 τοὺς
1473 1001 1501 1027 ὲν
1513 1001 1573 1031 ταῖς
1588 1000 1720 1034 μεγάλαις
1738 999 1832 1025 πόλεσι

1042 1048 1244 1083 γεγενημένους
1269 1047 1520 1082 ἀναϐεματισμοὺς,
1545 1045 1684 1072 ἐπαύσατο
1714 1045 1763 1080 μὲν
1782 1045 1833 1080 τὴν

1042 1094 1123 1129 λοξὴν
1148 1094 1203 1120 τῶν
1221 1094 1359 1129 καρκίνων
1385 1093 1497 1128 πορείαν
1522 1091 1700 1127 μιμούμενος,
1722 1091 1832 1118 ἐϐάδισε

1043 1140 1071 1166 δὲ
1087 1139 1136 1174 τὴν
1163 1139 1273 1165 εὐθεῖαν
1298 1140 1361 1174 περὶ
1384 1138 1527 1173 δογμάτων
1552 1137 1703 1171 διαλεχθεὶς
1724 1137 1752 1162 ἕν
1778 1145 1833 1162 τινι

1044 1185 1207 1221 πανηγύρει.
1231 1185 1292 1220 Χρὴ
1307 1185 1336 1211 δὲ
1359 1185 1396 1219 μὴ
1412 1186 1468 1215 τοῖς
1491 1185 1596 1218 καιροῖς
1614 1183 1835 1218 προσαρμόττειν

1044 1232 1106 1262 τοὺς
1126 1231 1234 1265 λόγους,
1254 1230 1310 1257 ἀλλ’
1329 1230 1425 1264 ἀκλινῆ
1441 1229 1490 1264 τῆς
1514 1228 1641 1263 ἀληθείας
1661 1227 1707 1254 τὸν
1730 1226 1835 1254 κανόνα

1044 1276 1186 1309 διασώζειν
1200 1276 1253 1303 ἀεί.

1203 1333 1293 1365 ΡΛΕΓ.
1311 1347 1345 1351 —-
1363 1332 1447 1365 Κύρῳ
1459 1329 1672 1364 μαγίσι-μανῷ.

1080 1390 1146 1416 Δίαν
1163 1390 1270 1424 ἡλγησα
1285 1389 1334 1423 τὴν
1356 1387 1500 1421 συμϐᾶσαν
1524 1387 1588 1421 ὑμῖν
1605 1385 1724 1420 ἀθυμίαν
1743 1393 1836 1420 μεμαο

1044 1436 1146 1471 θηκώς.
1165 1435 1228 1466 Πῶς
1244 1434 1298 1470 γὰρ
1325 1434 1375 1460 οὐκ
1396 1433 1509 1468 ἔμελλον
1530 1432 1608 1458 τοῦτο
1630 1431 1782 1461 πείσεσθαι,
1799 1433 1836 1459 τὰ

1046 1481 1167 1516 ὑμέτεροι
1180 1479 1376 1515 οἰκειούμενος,
1397 1479 1445 1505 καὶ
1460 1478 1509 1513 τῆς
1530 1477 1712 1512 ἀποστολικῆς
1729 1485 1835 1511 μεμνη-

1047 1527 1126 1562 μένος
1140 1526 1311 1561 νομοοεσίας,
1329 1525 1346 1560 ἢ
1367 1525 1397 1550 οὐ
1422 1524 1502 1559 μόνον
1520 1523 1626 1558 χαίρειν
1642 1522 1710 1557 μετὰ
1724 1523 1836 1557 χαιρόν-

1045 1572 1189 1602 των,ἀλλὰ
1216 1571 1263 1598 καὶ
1288 1570 1391 1597 κλαίειν
1418 1569 1486 1604 μετὰ
1505 1568 1651 1595 κλαιόντων
1671 1567 1836 1603 παρεγγυᾷ;

1045 1619 1100 1645 Καὶ
1116 1618 1182 1644 αὐτὸ
1195 1617 1225 1643 δέ
1242 1625 1273 1649 γε
1291 1616 1321 1642 τὸ
1332 1615 1418 1646 πάθος
1433 1615 1524 1640 ἱκανὸν
1539 1615 1577 1644 εἰς
1597 1612 1768 1647 συμπὰὕειαν
1787 1615 1837 1638 καὶ

1046 1665 1108 1696 τοὺς
1125 1663 1356 1698 δυσμενεστάτους
1368 1661 1490 1688 ἑλκύσαι.
1506 1661 1538 1686 Τί
1549 1660 1603 1694 γὰρ
1615 1659 1700 1690 οὕτως
1713 1659 1836 1693 ἁνιαρὶν,

1046 1711 1083 1742 ὡς
1101 1709 1236 1745 ὁμοζύγου
1263 1708 1438 1743 στερηθῆναι,
1470 1707 1590 1742 ἐννόμως
1610 1705 1658 1740 μὲν
1683 1705 1837 1737 ﬁrmi-3n;

1047 1756 1091 1782 τὴν
1107 1755 1153 1782 τοῦ
1184 1755 1274 1789 γάμου
1293 1753 1384 1787 ζυγὸν,
1404 1753 1442 1787 τῷ
1466 1752 1494 1778 δὲ
1520 1752 1634 1786 συνοίκῳ
1654 1751 1762 1785 ουμήρη
1790 1750 1836 1776 τὸν

1048 1801 1104 1836 βίον
1118 1800 1324 1836 ἐργασαμένης,
1343 1800 1391 1826 καὶ
1407 1799 1457 1833 τῆς
1471 1798 1559 1829 οἰκίας
1572 1798 1621 1828 τὰς
1633 1797 1774 1832 φροντίδας
1789 1804 1838 1829 μ-

1048 1847 1209 1882 ρισαμὲνης.
1235 1846 1283 1878 καὶ
1306 1846 1336 1872 τὸ
1360 1845 1409 1880 μὲν
1432 1844 1505 1871 ἔνδον
1528 1843 1738 1878 οἱκονρησάτης.
1755 1842 1790 1868 τὰ
1813 1841 1836 1868 δ’

1047 1893 1113 1920 ἄλλα
1130 1892 1219 1919 πάντα
1232 1891 1491 1927 συγκυϐερνησάσης
1504 1899 1508 1904 ”
1520 1890 1566 1916 καὶ
1575 1890 1605 1915 τὸ
1623 1889 1757 1915 συνοίσειν
1771 1888 1833 1922 μὲλ-

1047 1939 1092 1964 λον
1108 1937 1340 1972 εἱσηγησαμένης,
1357 1938 1404 1963 καὶ
1423 1937 1483 1966 ταῖς
1507 1935 1554 1961 τοῦ
1577 1933 1673 1968 ἀνδρὸς
1697 1932 1837 1966 ὑποθημο-

1049 1984 1141 2015 σύναις
1158 1983 1286 2018 εἰξάσης;
1300 1983 1336 2009 Tb
1352 1982 1380 2009 δὲ
1394 1982 1442 2008 καὶ
1460 1981 1509 2007 σὺν
1528 1981 1615 2016 ταύτῃ
1633 1980 1678 2006 τὸν
1699 1979 1727 2012 ἐξ
1751 1979 1837 2013 αὐτῆς

1048 2029 1147 2062 φύντα,
1167 2029 1214 2056 καὶ
1235 2028 1374 2064 ἐπιμελῶς
1396 2027 1577 2062 ὲκτραφέντα,
1606 2026 1652 2052 καὶ
1677 2025 1766 2058 λόγοις
1792 2024 1837 2049 ἐν-

1048 2075 1213 2111 ασκηοέντα,
1224 2075 1271 2101 καὶ
1280 2074 1442 2109 γηρωκόμον
1453 2072 1613 2099 ἐλπισθέντα
1625 2070 1797 2106 γενήσεσθαι,
1809 2071 1838 2095 ἐν

1048 2121 1122 2156 αὐτῷ
1138 2120 1176 2156 τῷ
1193 2118 1241 2156 ἦρι
1257 2121 1305 2154 τῆς
1321 2119 1439 2154 ἡλικίας,
1459 2119 1554 2145 ἰούλων
1576 2117 1668 2144 λοιπον
1690 2115 1840 2150 καθερπὶν-

1048 2175 1113 2197 των,
1130 2164 1298 2200 παραδοῦναι
1322 2164 1360 2198 τῷ
1377 2164 1465 2198 ταφῳ,
1486 2163 1566 2193 ποίας
1590 2161 1735 2196 ἀχθηδόνος
1751 2160 1839 2195 ὑπερ-

1047 2210 1128 2245 ϐολὴν
1143 2209 1321 2241 καταλείπεις
1340 2208 1369 2234 ΙΣί
1386 2208 1436 2243 μὲν
1454 2205 1501 2234 οὖν
1520 2208 1560 2238 είς
1576 2206 1660 2240 αὑτὴν
1673 2204 1839 2239 ἀποϐλέψαι-

1049 2263 1098 2290 μεν
1117 2255 1200 2290 μόνην
1213 2254 1259 2281 τοῦ
1277 2253 1379 2285 πάθους
1391 2253 1438 2287 τὴν
1457 2253 1550 2288 φύσιν,
1565 2251 1692 2286 οὐδεμίαν
1707 2250 1838 2285 (toleram-

1047 2301 1111 2334 γίαν
1126 2299 1286 2334 εἰσδέχεται.
1303 2299 1332 2324 Εἰ
1348 2299 1376 2325 δὲ
1391 2298 1421 2324 τὸ
1438 2298 1533 2332 θνητὸν
1547 2297 1594 2324 τοῦ
1611 2297 1705 2331 γένους
1719 2297 1758 2327 εἰς
1775 2296 1838 2322 vri-Iv

1049 2345 1247 2381 λάϐοιμενζ98)
1275 2344 1323 2371 καὶ
1336 2343 1385 2379 τὴν
1402 2343 1478 2370 θείαν
1506 2343 1595 2378 ψῆφον
1619 2342 1669 2376 τὴν
1697 2341 1769 2368 κατὰ
1790 2341 1838 2367 τοῦ

1050 2394 1145 2428 γένους
1157 2392 1352 2428 ὲξενεχθεῖεαν,
1364 2391 1410 2418 καὶ
1427 2391 1493 2426 πρὸς
1507 2392 1611 2422 τούτοις
1625 2389 1656 2416 τὸ
1673 2389 1720 2415 τοῦ
1735 2389 1839 2420 πάθους

1050 2440 1138 2467 κοινὸν
1166 2438 1285 2474 (πλήρης
1315 2437 1367 2473 γὰρ
1396 2437 1450 2463 τῶν
1477 2435 1605 2463 τοιούτων
1630 2435 1800 2470 παθημάτων
1825 2436 1840 2461 ὸ

1050 2484 1136 2519 βίος)·
1164 2484 1275 2519 οἴσομεν
1300 2484 1432 2518 γενναίως
1449 2482 1479 2509 τὸ
1502 2481 1621 2515 γεγονὸς,
1636 2481 1682 2507 καὶ
1714 2480 1763 2511 τὰς
1788 2480 1840 2514 τῆς

1050 2530 1168 2564 ἀθυμίας
1199 2528 1428 2565 ἀποκρουσάμεοα
1453 2527 1616 2564 προσϐολὰς.
1639 2526 1686 2552 καὶ
1707 2526 1756 2560 τὴν
1775 2525 1841 2551 0m-

1052 2575 1152 2610 μασίαν
1166 2576 1272 2610 ἐκείνην
1297 2574 1400 2610 ᾄδομεν
1418 2566 1574 2608 ὑμνῳδίανΓ
1586 2581 1594 2597 ι
1613 2572 1641 2598 Ὀ
1656 2571 1755 2605 Κύριος
1778 2570 1841 2596 ἕξων

1051 2629 1108 2652 κεν,
1121 2621 1134 2646 ὁ
1147 2620 1248 2655 Κύριος
1260 2619 1395 2653 ἀφείλετο.
1413 2618 1450 2649 ὡς
1473 2617 1511 2652 τῷ
1529 2617 1624 2652 Κυρίῳ
1638 2615 1736 2647 ἔδοξεν,
1751 2615 1840 2645 οὕτως

1051 2666 1097 2692 καὶ
1117 2665 1243 2700 ἐγένετο·
1268 2665 1310 2698 εἴη
1327 2664 1355 2691 τὸ
1368 2663 1452 2699 ἥνομα
1471 2662 1573 2699 Κυρίου
1596 2661 1778 2698 εὐλογημένυν
1798 2665 1841 2693 εἷς
