1945 3058
190 129 258 162 1359

687 127 931 157 THEODORETI
950 126 1120 156 EPlSCOPI
1139 126 1323 155 CYRENSIS

1756 123 1835 154 1360

189 184 367 218 stabiliatque
388 183 416 210 in
430 186 518 217 petra,
534 186 561 209 et
589 182 693 209 tribuat
708 185 739 208 ut
752 181 882 208 omnibus
895 181 977 208 rebus

1035 181 1142 215 Κύριος,
1159 182 1205 207 καὶ
1218 181 1264 206 ἐπὶ
1279 180 1328 215 τῆς
1340 180 1443 215 πέτρας
1459 179 1563 216 ἐρείσῃ,
1578 180 1625 206 καὶ
1641 178 1698 214 δοίη
1713 178 1832 206 πάντων

186 231 334 258 veritatem
354 234 532 264 anteponant.

336 285 501 313 CXXXVIII.
515 300 550 305 ——
564 284 689 311 Anatolio
704 284 826 319 patricio.

224 344 280 370 Nos
292 342 402 377 quidem
419 349 500 375 quam
521 341 593 368 nacti
612 347 707 367 sumus
725 339 846 374 quietem
861 339 979 366 libenter

161 392 166 398 '
189 395 284 416 sumus
304 387 431 422 amplexi,
444 386 579 420 utilesque
597 393 628 413 ac
642 385 820 412 suavissimos
839 385 898 419 ejus
919 384 979 411 fru-

189 439 250 462 etus
264 434 442 469 percipimus.
459 432 563 459 Christi
587 435 679 458 autem
710 438 804 457 amans
829 430 980 465 imperator

189 483 294 512 noster,
310 479 420 514 pietatis
435 478 559 505 fructum
569 477 686 511 adeptus
704 476 862 510 imperium,
890 475 978 510 impe-

191 525 223 552 rii
240 523 377 559 primitias
390 523 498 558 imperii
513 523 636 557 largitori
649 522 761 554 obtulit,
792 520 978 548 Ecclesiarum

189 577 250 605 qua:
273 569 448 605 jactabautur
467 568 705 603 tranquillitatem,
733 571 897 602 oppugnatae
915 566 979 593 ﬁdei

188 614 360 651 triumphum
372 636 378 646 ,
397 615 617 649 evangelicorum
636 614 793 648 dogmatum
822 612 977 640 victoriam.

190 661 238 687 His
249 668 316 688 vero
331 660 462 694 prtemisit
479 659 560 686 illata:
574 659 654 685 uobis
671 658 778 693 injuriae
794 658 981 686 curationem.

189 707 256 740 Quis
275 707 348 734 enim
373 706 454 733 talem
482 709 529 732 aut
554 709 656 732 tantam
681 704 854 739 iniquitatem
875 703 980 730 audivit

191 752 330 787 unquam?
341 751 409 785 Quis
422 752 522 778 absens
532 750 671 778 homicida
681 750 827 777 damnatus
840 749 902 777 est?
913 749 981 782 Quis

188 798 349 832 nuptiarum
376 796 521 823 insidiator
539 803 594 822 non
618 802 740 830 prresens
756 794 980 822 condemnatus?

189 841 256 874 Quis
268 841 407 872 ctl‘ractor,
424 843 471 867 aut
483 840 673 874 sepulcrorum
697 839 822 870 eﬁ'ossor.
835 844 884 866 aut
897 846 980 866 vene-

190 888 269 920 ﬁcus,
284 892 331 914 aut
344 894 485 914 sacrorum
499 886 645 920 expilator,
659 889 707 912 aut
722 885 769 920 qui
800 885 876 912 aliud
900 884 981 919 quid-

188 933 262 966 piam
279 932 385 968 legibus
414 932 529 959 vetitum
545 930 730 962 commiserat,
747 934 775 958 et
800 931 833 957 ad
846 930 981 966 judicium

190 979 285 1005 venire
300 986 362 1005 cum
381 978 463 1005 vellet
476 981 518 1005 est
528 977 696 1012 prohibitus,
712 980 740 1003 et
760 976 897 1011 judicium
919 984 981 1003 sen-

186 1024 276 1051 tentia
289 1023 384 1058 procul
400 1023 500 1049 absens
515 1027 557 1049 est
566 1021 731 1049 confossus?
750 1021 852 1048 Verum
883 1021 909 1048 in
926 1021 981 1048 illis

189 1068 303 1103 quidem
321 1068 373 1100 tale
401 1067 469 1095 nihil
487 1067 588 1094 factum
603 1066 770 1094 est.Jubcnt
794 1066 866 1093 enim
894 1066 980 1101 leges,

192 1118 222 1141 ut
235 1113 428 1149 autejudicem
448 1113 554 1147 1230
570 1119 646 1139 actor
665 1116 693 1139 et
718 1119 782 1139 rcus
794 1119 879 1146 prope
908 1117 982 1139 stent

189 1168 225 1188 ex
240 1160 366 1192 adverso,
385 1163 413 1186 ct
423 1164 531 1194 apertas
543 1158 723 1193 probationes
735 1157 979 1193 exspectetjudex,

190 1211 272 1242 atque
298 1206 335 1233 ita
348 1205 459 1232 demum
492 1205 535 1231 vel
554 1204 675 1232 dimittat
691 1208 721 1230 ut
735 1205 920 1236 innocentem,
937 1204 980 1232 vel

190 1252 288 1288 puniat
301 1256 331 1279 ut
347 1251 506 1278 obnoxium.
516 1251 586 1285 Erga
601 1258 652 1277 nos
663 1257 729 1277 vero
744 1250 881 1277 contraria
905 1249 977 1277 facta

191 1302 256 1326 sunt
269 1298 372 1325 omnia.
386 1297 454 1324 Nam
470 1305 505 1323 ne
519 1296 553 1323 ad
572 1295 782 1324 celeberrimam
799 1295 874 1322 illam
897 1302 981 1330 syno-

191 1345 256 1372 dum
272 1344 440 1375 veniremus,
462 1342 544 1377 regite
567 1342 666 1369 litterae
691 1345 860 1368 vetuerunt:
879 1341 981 1376 acquis-

188 1391 253 1418 simi
278 1398 343 1417 vero
367 1389 476 1424 judices
504 1388 648 1415 absentem
668 1387 903 1419 condemnarunt,
925 1395 981 1414 non

189 1435 386 1471 atqualitcrjus
396 1434 530 1465 dicentes,
546 1433 592 1460 sed
611 1432 717 1459 oblatos
728 1432 760 1459 ad
776 1432 982 1459 accusationem

184 1484 312 1508 nostram
327 1478 436 1505 libellos
456 1484 622 1512 magnopere
648 1477 801 1504 laudantes.
830 1477 863 1503 Et
891 1485 980 1511 neque

190 1526 232 1553 lex
243 1525 347 1556 divina,
364 1531 453 1558 neque
478 1523 620 1550 hominum
646 1523 799 1550 reverentia
818 1523 978 1549 violentiam
994 1525 1014 1552 C

192 1571 322 1599 inhibuit.
335 1570 388 1597 Sed
399 1569 552 1604 imperabat
565 1569 691 1603 ’quidem
708 1576 818 1603 praeses,
836 1568 980 1595 veritatem

194 1625 336 1652 respuens,
350 1616 426 1643 bt‘cvi
454 1616 593 1642 duraturae
623 1614 747 1642 serviens
759 1614 889 1648 potentiae
911 1623 917 1640 :
933 1614 982 1641 ob-

193 1662 385 1697 temperabant
413 1666 506 1687 autem
531 1659 659 1686 homines
684 1659 807 1693 ejusdem
822 1658 980 1697 uobiscum

191 1696 346 1738 sententiae,
360 1710 388 1733 et
400 1705 557 1732 communia
576 1704 710 1731 habentes
727 1696 865 1738 dogmata,
877 1703 980 1738 quique

193 1762 236 1781 res
250 1757 359 1780 nostras
376 1752 526 1786 plurimum
539 1751 693 1777 laudarant.
709 1750 762 1777 Sed
789 1754 898 1783 tempus
913 1749 981 1776 illud

191 1796 374 1832 quorumdam
384 1795 706 1831 proditionem,aliorum
719 1795 896 1822 timiditatem
907 1799 983 1829 pate-

190 1843 265 1870 fecit.
287 1842 371 1869 Nobis
387 1849 454 1868 vero
475 1841 583 1868 ﬁduciae
608 1841 780 1867 occasionem
802 1840 983 1875 praebuerunt

190 1896 220 1914 ea
236 1895 296 1922 quae
316 1894 367 1921 pro
380 1885 496 1913 veritate
515 1884 588 1920 passi
604 1892 710 1911 sumus.
732 1885 848 1912 Donavit
863 1892 982 1919 namque

190 1932 271 1959 nobis
284 1932 410 1960 Christus
426 1931 558 1958 Domitius
569 1938 624 1957 non
637 1930 725 1957 solum
737 1934 767 1957 ut
779 1931 808 1957 in
833 1938 897 1958 eum
919 1938 980 1957 crc-

190 1980 329 2009 dercmus,
340 1976 387 2004 scd
394 1977 476 2003 etiam
484 1980 512 2003 ut
522 1984 572 2010 pro
579 1977 624 2003 illo
630 1982 787 2010 pateremur
794 1977 825 2003 ω.
834 1977 981 2004 Maximum

190 2023 263 2050 enim
281 2022 385 2049 donum
399 2026 442 2049 est
463 2029 514 2056 pro
540 2022 650 2049 Christo
675 2022 743 2056 pati,
767 2023 840 2057 quod
869 2023 981 2049 divinus

189 2067 337 2102 Apostolus
354 2067 459 2101 magnis
468 2066 551 2093 etiam
566 2066 708 2094 miraculis
721 2067 874 2102 anteponit.

224 2211 254 2237 ln
271 2210 314 2236 his
324 2213 353 2236 et
366 2216 416 2244 ego
428 2208 559 2243 glorians.
578 2207 692 2234 humilis
712 2208 758 2235 ille
789 2217 821 2236 ac
852 2210 978 2243 pusillus,
998 2199 1018 2226 D

188 2261 217 2284 et
228 2256 311 2283 aliam
322 2254 517 2283 ostentationis
528 2261 640 2280 causam
656 2254 760 2281 nullam
778 2254 894 2288 habens,
921 2263 980 2282 ma-

188 2301 376 2337 gniﬁcentiam
399 2305 520 2328 vestram
544 2307 604 2332 oro,
620 2304 651 2327 ut
675 2308 725 2335 pro
755 2301 888 2328 tenuitate
921 2310 981 2330 mea

188 2348 291 2383 gratias
318 2345 505 2382 singularibus
532 2345 623 2373 verbis
655 2346 742 2381 agatis
755 2346 859 2374 Christi
876 2349 981 2374 amanti

190 2392 361 2428 imperatori,
375 2399 407 2419 ac
429 2391 560 2426 piissimo:
585 2392 698 2427 Dcoque
719 2393 906 2421 dilectissime:
922 2395 979 2422 Au-

189 2444 285 2474 gustae,
305 2438 441 2465 bonorum
472 2438 618 2473 magistrze,
646 2439 719 2473 quod
745 2440 844 2467 talibus
875 2441 978 2476 1231

189 2484 269 2511 donis
294 2483 454 2511 muniﬁcum
467 2484 613 2510 Dominqu
627 2485 796 2511 remunerati
812 2485 878 2516 sint,
893 2485 980 2520 impe-

191 2529 278 2564 riique
291 2524 501 2556 fundamentum
515 2533 543 2557 et
555 2529 633 2556 basin
645 2531 755 2564 pietatis
770 2531 858 2557 lelum
877 2532 980 2558 consti-

191 2574 303 2602 tuerint.
314 2573 355 2601 Ad
372 2574 430 2602 hate
442 2575 498 2602 Deo
511 2574 646 2602 delectam
660 2575 770 2602 illorum
785 2575 981 2604 sublimitatem

191 2620 378 2653 obtestamini,
393 2625 423 2648 ut
438 2625 512 2648 recte
526 2621 660 2648 institutis
689 2621 770 2648 ﬁnem
787 2622 939 2656 imponant,
955 2627 983 2650 et

191 2666 325 2699 synodum
341 2671 504 2699 convocem,
525 2675 578 2694 non
595 2667 816 2694 turbulentorum
840 2668 939 2695 iterum
954 2673 982 2695 et

225 2743 247 2758 η
266 2743 384 2777 Philipp.
402 2752 420 2775 ι,
433 2744 478 2770 ες).
524 2780 526 2782 τ

1029 226 1166 260 προτιμᾷν
1176 225 1226 260 τὴν
1241 225 1381 260 ἀλήθειαν.

1150 283 1239 309 PAH'.
1255 297 1290 301 —
1313 281 1471 314 Ἀνατολίῳ
1494 282 1639 315 πατρικίφ
1655 281 1705 317 (ι).

1071 339 1167 375 Ἡμεῖς
1185 339 1233 374 μὲν
1245 339 1278 374 ἢν
1290 338 1422 374 ἐλάχομεν
1438 339 1553 374 ἡσυχίαν
1570 339 1717 371 ἀσπαστῶς
1732 340 1832 373 ἔδεξᾶ-

1032 385 1111 420 μεθα,
1129 386 1248 417 καὶτοὺς
1259 386 1439 420 ὀνησιφόρους
1454 385 1540 420 αὐτῆς
1558 385 1605 412 καὶ
1617 385 1741 420 ἠδίστους
1759 395 1833 421 τρυ-

1030 431 1123 466 γῶμεν
1142 431 1274 466 καρπούς.
1297 431 1326 457 '0
1343 430 1371 456 δὲ
1395 430 1566 467 φιλόχριστος
1587 431 1666 466 ἡμῶν
1686 431 1830 465 βασιλεὺς,

1029 477 1080 512 τῆς
1107 477 1249 508 εὐσεϐείας
1277 474 1385 511 καρπὸν
1410 476 1459 512 τὴν
1481 477 1618 511 βασιλείαν
1642 477 1829 512 δρεψάμενος.

1030 520 1158 557 ἀπαρχὰς
1180 522 1229 557 τῆς
1255 521 1393 556 βασιλείας
1418 521 1457 556 τῷ
1486 521 1578 557 δοτῆρι
1606 521 1656 555 τῆς
1684 521 1831 556 βασιλείας

1031 568 1239 604 προσήνεγκεν,
1266 567 1320 594 τῶν
1346 568 1555 603 χειμαζομένων
1583 568 1750 603 Ἑκκλησιῶν
1774 569 1831 602 τὴν

1031 613 1163 649 γαλήνην,
1178 613 1208 640 τὸ
1223 614 1272 649 τῆς
1288 613 1489 648 πολεμηθείσης
1505 613 1623 644 πίστεως
1639 614 1749 646 κράτος,
1769 613 1829 639 τῶν

1036 659 1223 694 εὐαγγελικῶν
1242 659 1385 694 δογμάτων
1403 658 1451 694 τὴν
1466 658 1554 693 νίκην.
1571 658 1777 694 Προίσ]τέθεικε
1797 659 1830 684 δὲ

1032 705 1135 737 τούτοις
1144 706 1191 740 τῆς
1201 704 1338 740 ἡμετέρας
1345 704 1452 735 ἀδικίας
1458 704 1507 739 τὴν
1521 703 1602 730 ἴασιν.
1612 703 1658 734 Τίς
1670 703 1725 737 γὰρ
1732 703 1828 729 τοιαύ-

1031 760 1080 786 την
1094 752 1111 786 ἢ
1130 750 1263 785 τοσαύτην
1282 750 1388 777 ἀδικίαν
1413 750 1515 784 ἀκήκοε
1534 749 1662 781 πώποτες
1682 749 1730 780 Τίς
1747 748 1829 775 ἀπὼν

1032 797 1194 832 ἀνδροφόνος
1217 795 1420 831 κατεδικάσθη;
1436 795 1484 826 Τίς
1500 796 1596 830 γάμων
1622 794 1764 826 ἐπίϐουλος
1787 795 1829 830 μὴ

997 855 1017 883 Β
1034 843 1129 878 παρὼν
1146 841 1311 878 κατεκρίθη;
1328 841 1376 873 Τίς
1396 841 1579 876 τοιχωρύχος,
1598 840 1614 875 ἤ
1634 841 1830 876 τυμϐωρύχος,

1033 890 1137 925 ἣγόης,
1155 888 1170 924 ἦ
1188 888 1336 924 ἱερόσυλος,
1351 887 1367 922 ἦ
1380 887 1444 914 ἄλλο
1460 895 1484 913 τι
1501 886 1552 913 τῶν
1565 889 1620 918 τοῖς
1640 886 1730 920 νόμοις
1746 887 1830 913 ἀπει-

1034 935 1159 970 ρημένων
1178 934 1328 969 τολμήσας,
1344 933 1459 968 δραμεῖν
1484 933 1532 967 μὲν
1550 933 1590 964 εἰς
1608 933 1637 958 τὸ
1651 932 1830 967 δικαστήριον

1033 981 1209 1015 ἐπειγόμενος
1225 979 1360 1013 ἐκωλύθη,
1387 979 1506 1014 ἀνῃρέθη
1527 978 1555 1004 δὲ
1572 978 1714 1013 πόρρωθεν
1729 978 1766 1003 ὢν
1792 979 1828 1012 τῇ

1032 1026 1078 1051 τοῦ
1097 1025 1253 1057 δικάζοντος
1272 1024 1373 1060 (Marp;
1393 1023 1463 1050 Ἀλλ’
1478 1024 1521 1050 ἐπ’
1537 1024 1651 1049 ἐκείνων
1668 1024 1716 1058 μὲν
1730 1023 1828 1057 γέγονε

1032 1071 1151 1097 τοιοῦτον
1167 1070 1245 1097 οὐδέν
1257 1079 1263 1085 ·
1281 1071 1306 1096 οἱ
1321 1070 1373 1105 γὰρ
1387 1070 1464 1105 νόμοι
1480 1069 1620 1096 κελεύουσι
1645 1069 1758 1103 πλησίον
1777 1069 1829 1095 ἀλα

1032 1118 1120 1153 λήλων
1134 1117 1187 1153 πρὸ
1204 1117 1251 1143 τοῦ
1267 1117 1424 1148 δικάζοντος
1438 1116 1549 1143 ἑστάναι
1569 1116 1616 1142 καὶ
1633 1116 1678 1142 τὸν
1695 1115 1830 1142 διώκοντα

1034 1164 1079 1191 καὶ
1094 1164 1139 1190 τὸν
1153 1164 1300 1197 φεύγοντα,
1317 1163 1364 1190 καὶ
1378 1163 1442 1193 τοὺς
1454 1163 1604 1197 προφανεῖς
1619 1162 1747 1196 ἐλέγχους
1760 1162 1829 1188 ἀνα-

1034 1210 1126 1244 μένειν
1148 1209 1194 1236 τὸν
1218 1208 1358 1244 δικαστὴν,
1387 1208 1433 1234 καὶ
1460 1208 1610 1244 τηνικαῦτα
1638 1208 1762 1242 λοιπδνῆ
1788 1207 1828 1239 ὡς

1033 1255 1121 1282 ἀθῶον
1134 1255 1255 1290 ἀφιέναι,
1280 1255 1296 1290 ἢ
1313 1253 1438 1286 κολάζειν
1454 1255 1492 1286 ὡς
1510 1254 1658 1281 ὑπεύθυνον
1680 1255 1739 1285 ταῖς
1759 1262 1829 1288 γρι-

1033 1303 1107 1336 φαῐς.
1126 1302 1182 1335 Ἐφ’
1199 1301 1277 1336 ἡμῶν
1291 1301 1389 1341 δῆπᾶν
1400 1294 1556 1327 τούναντίον
1571 1300 1680 1334 συνέϐη.
1694 1300 1734 1326 Τὰ
1751 1299 1828 1334 βασι-

1032 1346 1095 1373 λικὰ
1114 1347 1163 1381 μὲν
1180 1347 1235 1381 γὰρ
1249 1347 1324 1382 ἡμᾶς
1340 1347 1494 1382 γράμματα
1516 1346 1682 1373 καταλαϐεῖν
1703 1346 1752 1380 τὴν
1777 1355 1827 1372 που

1032 1391 1215 1427 λυθρύλλητον
1230 1391 1338 1427 ἐκείνην
1349 1391 1471 1418 ὲκὼλυσε
1488 1392 1597 1418 σύνοδον
1608 1400 1615 1406 “
1639 1393 1663 1418 οἱ
1682 1392 1709 1418 δὲ
1725 1392 1826 1418 δικαιὸ-

1032 1446 1108 1464 τατοι
1118 1437 1244 1465 δικασταὶ
1258 1438 1303 1464 τὸν
1316 1438 1419 1464 ἀπόντα
1428 1437 1604 1472 κατέκριναν,
1617 1439 1646 1464 οὗ
1655 1438 1827 1469 δικάσαντες,

1035 1484 1135 1519 μᾶλλον
1156 1484 1185 1510 δὲ
1207 1485 1254 1510 καὶ
1274 1484 1334 1510 λίαν
1355 1484 1550 1515 ἐπαινέσαντες
1561 1484 1595 1510 τὰ
1612 1484 1691 1518 δῆθεν
1701 1485 1741 1515 εἰς
1760 1492 1826 1509 κετ-

1032 1530 1149 1565 ηγορίαν
1171 1530 1251 1565 ἡμῶν
1267 1529 1425 1556 ὲπιδοθέντα
1449 1529 1664 1565 συγγράμματα.
1688 1530 1741 1556 Καὶ
1762 1529 1825 1555 οὕτε

1034 1576 1105 1606 θεῖος
1125 1575 1216 1610 νόμος,
1236 1574 1298 1601 οὔτε
1322 1575 1473 1610 ἀνθρώπων
1500 1574 1583 1606 αἰδὼς
1602 1574 1749 1601 διεκώλυσε
1775 1575 1825 1610 τὴν

1034 1621 1151 1655 σφαγήν,
1171 1620 1252 1647 Ἀλλὰ
1269 1621 1444 1655 προσέταττε¹
1455 1619 1505 1656 μὲν
1521 1622 1535 1647 ὁ
1551 1620 1691 1656 πρόεδρος.
1709 1621 1826 1655 προέμε-

1033 1675 1077 1697 νος
1093 1666 1142 1700 τὴν
1167 1665 1308 1701 ἀλήθειαν,
1335 1666 1383 1692 καὶ
1403 1665 1452 1701 τὴν
1477 1666 1639 1692 δυναστείαν
1666 1665 1827 1699 θεραπεύων

1033 1713 1082 1747 τὴν
1103 1712 1290 1746 πρόσκαιρον·
1315 1713 1454 1747 ὑπήκουον
1474 1711 1503 1738 δὲ
1527 1713 1552 1738 οἱ
1578 1712 1664 1739 ταύτὰ
1681 1713 1746 1746 ἡμῖν
1763 1720 1827 1746 φρο-

1034 1758 1153 1790 νοῦντες,
1182 1758 1229 1784 καὶ
1248 1757 1302 1784 τῶν
1331 1758 1475 1792 δογμάτων
1497 1757 1700 1789 κοινωνοῦντες,
1719 1758 1766 1783 καὶ
1792 1757 1827 1782 τὰ

1034 1802 1156 1838 ἡμέτερα
1177 1801 1223 1828 ἐπὶ
1240 1802 1365 1828 πλεῖστον
1380 1802 1581 1837 θαυμάσαντες,
1604 1801 1673 1828 Ἀλλ’
1696 1803 1770 1837 ὅμως
1787 1802 1824 1836 (Ξ)

1033 1849 1137 1878 ἐκεῖνος
1171 1847 1265 1883 καιρδς
1294 1847 1348 1874 τῶν
1381 1847 1431 1882 μὲν
1460 1847 1508 1882 τὴν
1539 1847 1698 1882 προδοσίαν,
1719 1846 1772 1873 τῶν
1797 1847 1825 1872 δὲ

1034 1893 1082 1927 τὴν
1106 1892 1205 1919 δειλίαν
1223 1892 1377 1928 διήλεγξεν·
1402 1893 1468 1928 ἡμῖν
1493 1892 1521 1918 δὲ
1537 1893 1674 1927 παρέσχεν
1699 1891 1826 1927 ἀφορμὴν

1035 1937 1191 1972 παρρησίας
1210 1936 1246 1963 τὰ
1265 1937 1336 1972 ὑπὲρ
1358 1938 1408 1972 τῆς
1427 1937 1557 1972 ἀληθείας
1581 1937 1739 1972 παθήματα.
1772 1938 1826 1963 Καὶ

1035 1983 1195 2017 κεχάρισται
1207 1984 1273 2018 ἡμῖν
1287 1984 1300 2009 ό
1315 1983 1454 2018 Δεσπότης
1468 1983 1585 2018 Χριστὸς
1598 1983 1630 2010 οὑ
1647 1983 1727 2018 μόνον
1741 1983 1771 2008 τι
1786 1984 1825 2014 εἰς

1036 2029 1117 2055 αὐτὸν
1134 2029 1285 2060 πιστεύειν,
1301 2029 1369 2054 ἀλλὰ
1386 2029 1433 2055 καὶ
1450 2028 1481 2055 τὸ
1502 2029 1571 2064 ὑπὲρ
1586 2028 1669 2055 αὐτοῦ
1692 2029 1805 2063 πάσχειν
1817 2038 1824 2044 ·

1036 2075 1159 2110 χάρισμα
1175 2075 1228 2110 γάρ
1251 2076 1310 2101 ἐστι
1338 2075 1476 2110 μέγιστον,
1490 2074 1524 2101 τὰ
1538 2076 1606 2111 ὑπὲρ
1624 2075 1671 2101 τοῦ
1692 2075 1825 2102 Δεσπότευ

1036 2119 1196 2156 παθήματα,
1212 2121 1240 2146 ὐ
1255 2120 1282 2146 δὲ
1293 2120 1362 2152 θεῖος
1384 2120 1546 2151 ’Λπόστολος
1561 2121 1607 2146 καὶ
1627 2120 1681 2146 τῶν
1699 2119 1824 2154 μεγάλων

1036 2165 1122 2192 ταῦτα
1136 2165 1283 2201 θαυμάτων
1301 2165 1472 2201 προτίθησιν.

1077 2210 1137 2236 Ἐπὶ
1153 2210 1257 2242 τούτοις
1275 2210 1354 2245 κάγὼ
1379 2211 1579 2246 σεμνυνόμενος
1601 2211 1615 2236 ὁ
1639 2210 1823 2245 χαμαιπετὴς,

1034 2256 1080 2283 καὶ
1098 2256 1231 2292 σμικρὸς,
1250 2257 1297 2282 καὶ
1313 2256 1448 2292 μηδεμίαν
1468 2257 1537 2292 ἔχων
1555 2255 1637 2291 ἄλλην
1649 2257 1825 2290 καυχήματος

1033 2302 1171 2338 ἀφορμὴν,
1184 2302 1232 2336 τὴν
1248 2302 1384 2338 ὑμετέραν
1400 2303 1586 2338 μεγαλοφυῖαν
1603 2301 1765 2337 παρακαλῶ,
1776 2302 1825 2333 τὰς

1033 2347 1260 2383 εὐχαριστηρίους
1277 2347 1369 2381 φωνὰς
1393 2348 1464 2383 ὑπὲρ
1483 2349 1532 2383 τῆς
1553 2348 1623 2383 ἐμῆς
1637 2347 1771 2378 εὐτελείας
1786 2347 1824 2382 τῷ

1036 2393 1200 2428 φιλοχρίστῳ
1212 2394 1407 2428 προσενεγκεῖν
1422 2393 1538 2428 βασιλεῖ,
1553 2395 1601 2420 καὶ
1618 2395 1651 2428 τῇ
1663 2393 1824 2419 εὐσεὸεστά‹

1035 2447 1069 2474 τῃ
1083 2440 1130 2465 καὶ
1145 2440 1338 2476 θεοφιλεστάτη
1357 2439 1510 2475 Αὐγούστῃ,
1523 2441 1555 2475 τῇ
1571 2439 1624 2466 τῶν
1647 2439 1737 2465 καλῶν
1750 2439 1823 2465 διδα-

1037 2485 1138 2520 σκάλῳ,
1151 2486 1192 2511 ὅτι
1212 2486 1343 2518 τοιούτοις
1353 2485 1450 2522 δώροις
1462 2486 1507 2512 τὸν
1525 2485 1715 2520 μεγαλόδωρον
1728 2485 1825 2510 Δεσπὸ-

1036 2539 1084 2565 την
1100 2530 1255 2565 ἠμείψατο.
1284 2532 1331 2558 καὶ
1358 2532 1408 2567 τῆς
1439 2531 1577 2566 βασιλείας
1597 2530 1756 2565 ὑποδάθραν
1779 2530 1826 2555 καὶ

1036 2576 1155 2611 κρηπῖδα
1175 2577 1220 2603 τὸν
1235 2577 1306 2612 ὑπὲρ
1323 2577 1373 2613 τῆς
1389 2578 1530 2609 εὐσεῦείας
1558 2578 1707 2612 ἐποιήσατο
1735 2576 1824 2611 ζῆλον.

1037 2623 1107 2657 Πρὸς
1129 2623 1157 2649 δὲ
1181 2623 1287 2655 τούτοις
1301 2625 1347 2651 καὶ
1363 2624 1521 2651 ἱκετεύσατε
1541 2623 1634 2650 αὐτῶν
1646 2623 1696 2659 τὴν
1714 2622 1825 2656 θεοφιλῆ

1036 2669 1168 2704 κορυφὴν,
1189 2669 1265 2701 τέλος
1288 2670 1421 2697 ἐπιθεῖναι
1438 2671 1494 2701 τοῖς
1513 2670 1645 2706 ὁρισθεῖσι
1665 2668 1766 2701 καλῶς,
1781 2667 1827 2694 καὶ

286 2800 475 2841 litec‘quoque‘
488 2801 602 2841 epistola
615 2807 657 2829 cst
673 2803 743 2837 apud
759 2803 871 2836 Darem,
895 2807 915 2830 t.
935 2804 977 2838 Vl,

1042 2806 1101 2838 123,
1115 2805 1148 2833 ad
1163 2813 1226 2833 ann.
1241 2806 1272 2833 C.
1287 2805 1348 2832 «£50.

227 2836 267 2871 (ξ)
282 2836 296 2861 ὸ
314 2836 429 2869 χαλεπός
443 2836 519 2863 addit
534 2837 620 2873 Neap.
