1945 3058
121 177 188 212 1361

723 180 921 211 'EPISTOLA
941 171 1109 210 cxxxrx.’

1681 179 1749 211 1362

121 236 285 271 συναγαγεῖν
301 235 421 268 σύνοδον,
435 236 472 271 μὴ
485 235 564 263 πάλιν
581 237 770 272 ταραχοποιῶν
783 238 829 264 καὶ
845 245 906 270 συγ-

963 236 1176 263 eollectitiornm
1193 236 1335 263 hominum
1348 235 1467 270 plenam,
1485 236 1532 263 sed
1548 237 1582 263 ab
1598 236 1641 264 his
1658 239 1732 264 omni
1748 253 1750 257 -

120 281 224 308 κλύδων
237 281 389 317 ἀνθρώπων
402 281 631 317 πεπληρωμένην,
651 283 718 309 ἀλλὰ
739 283 841 309 τούτων
861 284 909 317 μὲν

119 327 229 353 πάντων
243 327 461 362 κεχωρισμένην,
482 327 521 361 (3)
538 327 685 362 κρινόντων
702 328 729 354 δὲ
743 329 776 354 τὰ
788 329 847 354 θεῖα
863 329 909 354 καὶ

119 374 184 409 περὶ
199 373 298 400 πολλοῦ
314 374 495 408 ποιουμένων,
512 374 560 400 καὶ
580 374 689 401 πάντων
707 375 773 409 ὁμοῦ
793 375 846 401 τῶν
863 376 909 401 ἀν-

120 419 264 454 Θρωπίνων
278 419 327 454 τὴν
347 419 477 455 ἀλήθειαν
493 420 700 455 προτιμώντων.
725 421 756 447 El
770 421 797 447 δὲ
817 421 909 456 βούλε-

117 473 165 490 ται
178 463 268 491 αὐτῶν
283 465 313 490 τὺ
329 465 430 500 κράτος
439 465 490 500 τὴν
506 465 624 492 παλαιὰν
642 466 828 502 πρυτανεῦσαι
849 468 909 498 ταῖς

125 509 299 544 Ἐκκλησίαις
312 510 424 545 εἰρήνην
439 510 575 545 (βούλεται
586 511 636 543 δὲ),
653 512 848 548 ἀντιϐολήσατε
865 512 910 538 αὺ-

118 555 174 581 τιῖιν
187 555 236 590 τὴν
249 555 390 583 εὐσέϐειαν
412 558 540 592 παρεῖναι
555 559 611 589 τοῖς
629 560 838 594 πραττομένοις,
866 560 909 586 ἵνα

117 601 181 632 τοῦς
196 600 325 627 τάναντία
345 602 581 636 προαιρουμένους
596 604 628 638 τῇ
651 603 788 639 παρουσίᾳ
807 603 909 638 δεδίξη-

117 656 173 678 ται,
191 647 237 673 καὶ
260 647 344 682 μηδὲν
359 648 508 675 ἀντίπαλον
522 650 539 684 ἡ
557 649 670 685 ἀλήθεια
689 650 753 686 ἔχῃ⁸
769 650 826 677 ἀλλ’
839 651 909 686 αὑτὴ

118 693 180 720 κατ’
196 692 283 728 αὑτὴν
300 694 416 730 ἐξετάζῃ
432 694 486 720 τῶν
506 696 678 730 πραγμάτων
689 697 738 731 τὴν
755 697 845 730 φύσιν,
861 698 909 724 καὶ

116 739 164 765 τὸν
177 739 232 765 τῶν
246 740 435 766 ἀποστολικῶν
456 740 599 775 δογμάτων
614 743 784 778 χαρακτῆρα.

151 784 244 812 Ταῦτα
257 785 285 811 δὲ
301 785 400 818 ἐξαιτῶ
412 786 487 820 παρὰ
498 787 546 820 τῆς
558 787 695 822 ὑμετέρας
708 788 906 823 μεγαλοφυῖας,

114 831 164 864 οἰχ
175 829 212 861 ὠς
225 830 274 865 τὴν
288 830 394 866 Κύῤῥον
407 831 488 856 πάλιν
503 831 566 857 ἰδεῖν
578 831 667 857 ποθῶν
687 830 752 866 (οἶδε
766 833 820 868 γὰρ
832 833 908 868 ὑμῶν

115 876 145 901 th
159 875 273 910 μέγεθος
295 876 344 912 τῆς
360 876 489 910 πολίχνης
513 876 561 910 τὴν
580 877 709 912 ἐρημίαν,
728 875 762 914 ἧς
776 879 906 914 ἀμηγέπη

114 918 146 944 τὸ
159 918 279 953 είδεχθὲς
303 919 516 954 κατεκρύψαμεν
528 922 588 952 ταῖς
601 921 656 947 τῶν
677 922 856 949 παντοδαπῶν
868 924 907 949 οἱ·

116 964 315 999 κοδομημάτων
336 965 542 1000 πολυτελείαις),
571 967 629 993 ἀλλ’
645 967 688 993 ἵνα
704 967 794 1003 δειχθῇ
809 968 855 994 καὶ
874 969 907 995 τὰ

115 1009 182 1044 παρ’
199 1009 278 1043 ἡμῶν
293 1009 484 1044 κηρυττόμενα
506 1012 562 1042 τοῖς
585 1012 775 1044 ἀποστολικοῖς
792 1013 907 1048 συμϐαί-

115 1062 195 1080 νοντα
216 1054 343 1090 δόγμασι,
360 1055 406 1081 καὶ
424 1055 488 1082 νόθα
516 1057 562 1083 καὶ
583 1056 697 1091 κίϐδηλα
712 1057 746 1084 τὰ
765 1058 818 1084 τῶν
835 1060 908 1086 ἐναν-

114 1099 180 1126 τίων
201 1100 350 1136 εὑρέματα.
369 1101 469 1128 Τούτου
489 1102 544 1138 γὰρ
561 1103 707 1138 γενομένου
731 1103 791 1139 (σὺν
806 1103 866 1138 Θεῷ
880 1104 908 1131 δὲ

115 1144 257 1180 εἰρήσθω),
269 1145 318 1177 τὰς
334 1146 499 1182 λειπομένας
519 1148 625 1183 ἡμέρας
641 1149 689 1174 σὺν
709 1149 826 1184 εὐθυμίᾳ
845 1149 908 1184 βιώ-

117 1199 199 1224 σνμεν
221 1191 285 1218 ἔνθα
309 1192 341 1218 ἂν
363 1193 436 1228 ἡμᾶς
457 1193 562 1228 διάγειν
578 1195 591 1220 ό
614 1194 754 1230 Δεσπότης
777 1195 906 1231 κελεύσῃ.

116 1235 220 1270 Πρέπει
235 1237 262 1263 δὲ
284 1237 348 1273 ὑμῖν
364 1238 490 1274 εὐσεϐείᾳ
512 1239 772 1275 συντεθραμμένοις,
791 1241 837 1267 καὶ
858 1241 906 1276 τῆς

115 1282 218 1317 ἀρετῆς
241 1284 420 1318 κεκτημένοις
442 1285 488 1311 τὸν
513 1285 638 1319 πλοῦτον,
664 1286 737 1312 τόνδε
762 1287 807 1312 τὸν
828 1287 908 1322 ζῆλον

116 1327 271 1360 ἀναλαϐεῖν,
290 1329 337 1355 καὶ
354 1329 508 1365 προθυμίαν
525 1330 646 1365 ἔχοντας,
669 1332 716 1358 καὶ
738 1332 783 1358 τὸν
797 1332 908 1358 εὐσεϐέ-

117 1382 214 1399 στατον
240 1373 368 1408 βασιλέα,
393 1375 439 1401 καὶ
469 1375 518 1411 τὴν
549 1376 720 1412 φιλόχριστον
738 1377 906 1411 Αὑγούσταν,

114 1419 175 1449 ταῖς
198 1418 386 1454 παρακλήσεσι
413 1420 635 1456 προθυμοτέρους
658 1422 847 1457 ἐργάσασθαι,
865 1424 907 1449 ἵνα

114 1463 154 1498 τῷ
178 1464 326 1500 ἁξιεπςιίνῳ
350 1464 423 1500 ζήλῳ
442 1466 491 1501 τὴν
513 1467 691 1502 πανεύιρημον
713 1468 803 1494 αὐτῶν
829 1468 907 1503 βασι-

114 1509 190 1537 λείαν
200 1510 377 1544 κρατύνωσιν.

167 1565 252 1593 ΡΛΘ’.
260 1581 293 1586 —
304 1567 434 1601 Ἀσπαρι
445 1567 578 1600 ὑπατικῷ
588 1568 624 1604 (4)
640 1569 690 1596 καὶ
704 1571 853 1604 πατρικίῳ.

152 1620 225 1646 Ἔδει
241 1621 288 1647 καὶ
302 1620 381 1648 τοῦτο
393 1623 449 1654 τοῖς
464 1623 554 1655 ἄλλοις
571 1624 621 1658 τῆς
639 1625 776 1660 ὑμετέρας
794 1626 906 1661 ἀνδρίας

115 1666 310 1702 κατορθώμασι
346 1667 551 1703 προστεθῆναι,
583 1670 614 1695 τὺ
642 1670 687 1696 τὸν
713 1670 907 1698 εὐσεϐέστατον

114 1711 193 1746 ἡμῶν
226 1713 272 1739 καὶ
297 1713 468 1749 φιλόχριστον
494 1713 616 1749 βασιλέα,
648 1715 677 1741 ὂν
707 1717 724 1751 ὴ
746 1717 805 1743 θεία
827 1717 906 1753 χάρις

114 1757 159 1782 ἐπ’
172 1757 316 1793 εὐεργεσίᾳ
328 1758 382 1784 τῶν
397 1759 556 1794 ἀρχομένων
569 1760 700 1793 ἀνέδειξε,
717 1761 760 1788 διὰ
773 1762 822 1796 τῆς
840 1763 907 1797 ὑμε-

114 1801 198 1836 τέρας
216 1802 399 1837 μεγαλοφυῒας
421 1803 518 1838 μαθεῖν
533 1804 582 1839 τὴν
601 1806 650 1839 τῆς
665 1804 729 1830 καθ’
744 1805 823 1839 ἡμῶν
842 1805 901 1831 ἀδι-

114 1848 175 1879 κίας
191 1848 352 1883 ὑπερϐολὴν,
378 1850 425 1875 καὶ
449 1849 528 1876 λῦσαι
551 1850 626 1884 νόμῳ
647 1850 728 1884 νόμον
749 1850 846 1885 δικαίῳ
860 1851 905 1878 τὸν

114 1893 145 1919 οὺ
161 1893 292 1919 τοιοῦτον.
311 1894 341 1920 Εἰ
355 1893 410 1928 γὰρ
425 1894 472 1920 καὶ
490 1895 579 1928 ἡμεῖς,
602 1894 654 1920 ὑπο
672 1893 723 1929 τῆς
737 1894 812 1926 θείας
828 1896 903 1930 ἐρει-

114 1938 222 1971 δόμενοι
242 1938 427 1973 Προμηθείας,
450 1939 577 1974 ἀφορμὴν
601 1939 711 1972 ἀγαθῶν
736 1940 907 1976 ἐποιήσαμεν

113 1984 164 2018 τὴν
182 1983 356 2018 νομισθεῖσαν
375 1985 527 2020 τιμωρίαν,
549 1985 596 2012 καὶ
615 1985 664 2020 τὴν
682 1986 796 2020 ἡσυχίαν
819 1987 906 2013 ἀσπα-

115 2029 185 2060 στῶς
205 2029 355 2065 ἐδεξάμεθα
375 2037 382 2044 ·
408 2030 465 2056 ἀλλ’
481 2028 528 2057 οὖν
555 2031 635 2057 ἄδικα
663 2032 836 2068 πεπόνθαμεν
860 2034 907 2060 καὶ

115 2075 274 2110 παράνομα,
296 2076 371 2102 οὐδὲν
395 2076 445 2111 μὲν
464 2077 730 2112 πεπλημμεληκότες
751 2075 788 2104 ὧν
811 2080 903 2106 ἐσυκοι

116 2122 254 2157 φὰντησαν
271 2122 345 2157 ἡμᾶς
364 2122 389 2148 οἱ
408 2122 458 2157 τῆς
474 2122 603 2158 ἀληθείας
624 2123 728 2158 ἐχθροὶ,
746 2123 780 2150 τὰ
801 2124 828 2150 δὲ
850 2124 905 2151 τῶν

113 2168 148 2193 τὰ
165 2168 279 2202 μέγιστα
290 2168 495 2203 τετολμηκότων
512 2168 679 2200 πεπονθότες
697 2169 786 2196 δεινά·
805 2170 906 2204 μᾶλλον

113 2213 142 2239 δὲ
159 2212 204 2238 καὶ
216 2213 317 2239 τούτων
328 2213 483 2248 ὑπέστημεν
495 2213 683 2250 χαλεπώτερα.
705 2215 838 2250 ’Λκρίτως
848 2215 903 2251 γὰρ

115 2258 161 2283 καὶ
178 2258 336 2293 ὲκρίθημεν,
362 2259 409 2285 καὶ
431 2259 546 2291 ἀπόντες
570 2260 806 2295 κατεδικάσθημεν
824 2269 830 2275 ·
856 2262 903 2288 καὶ

116 2303 264 2338 βασιλικοῖς
296 2303 442 2339 γράμμασι
464 2304 632 2337 κωλυθέντες
667 2306 831 2333 καταλαϐεῖν
855 2307 904 2342 τὴν

117 2350 244 2383 Ἔφεσον,
266 2349 316 2384 τὴν
336 2349 510 2384 δικαιοτάτην
531 2351 585 2377 τῶν
602 2351 682 2386 ἱερῶν
697 2351 831 2378 δικαστῶν
848 2352 910 2385 ἐδιε-¹

116 2395 221 2430 ξὰμεθα
235 2395 336 2430 ψῆφον.
354 2397 434 2423 Ἀλλὰ
445 2397 532 2424 ταῦτα
546 2398 634 2425 πάντα
641 2398 753 2425 λέλυκεν
765 2399 778 2424 ό
788 2398 905 2433 γαληνό-

113 2450 194 2472 τατος
220 2440 355 2476 βασιλεὺς,
373 2441 417 2468 διὰ
442 2442 491 2478 τὴν
513 2443 562 2477 τῆς
581 2444 714 2478 ὑμετέρας
734 2435 905 2478 μεγαλοπρε-

115 2488 194 2520 πείας
211 2487 341 2523 σπουδήν.
365 2488 436 2522 Ἐγὼ
449 2489 477 2515 δὲ
492 2489 593 2516 ἀδικεῖν
610 2490 724 2524 νομίσας
737 2491 761 2516 εἰ
779 2490 906 2525 σιγήσαιο

117 2543 156 2568 μι,
178 2535 225 2561 καὶ
241 2534 308 2570 μηδὲ
321 2535 401 2570 χάριν
417 2535 627 2570 όμολογήσαιμι,
641 2536 688 2561 ἐπὶ
701 2535 762 2562 τάδε
773 2533 856 2570 ἦλθον
871 2536 905 2562 τὰ

115 2580 277 2615 γράμματα,
293 2581 326 2606 δι’
347 2577 383 2607 ὧν
401 2581 431 2607 τὸ
451 2581 584 2616 ὑμέτερον
605 2581 756 2616 παρακαλῶ
778 2581 904 2616 μέγεθος,

117 2625 165 2655 τὰς
180 2625 249 2661 ὑπὲρ
266 2626 345 2661 ἡμῶν
360 2626 499 2662 εὐφημίας
516 2627 562 2653 καὶ
582 2627 621 2662 τῷ
639 2627 778 2662 νικηφόρῳ
793 2628 839 2654 καὶ
859 2636 906 2662 φι-

115 2667 248 2705 λοιρίστῳ
264 2671 368 2706 βασιλεῖ
382 2674 586 2707 προσενεγκεῖν,
598 2673 644 2699 καὶ
661 2674 694 2708 τῇ
708 2672 905 2710 θεοφιλεστάτη

153 2748 190 2782 (5)
205 2758 219 2774 τ
226 2749 258 2774 TN
275 2749 350 2775 addit
362 2749 446 2784 Neap.

153 2785 189 2822 (ᾖ)
265 2784 421 2822 ιιι-ο-ὑπατῳ
439 2785 644 2822 rescribendum
660 2794 720 2813 cum
735 2785 852 2822 Baronio
870 2784 903 2811 ad

113 2823 139 2858 ξι.
155 2820 185 2845 (ἶ.
199 2819 260 2858 ειδο,
275 2819 319 2845 ubi
332 2823 352 2858 ιε
365 2819 448 2858 νιιρ.
468 2820 515 2846 126
532 2828 601 2855 scq.,
616 2821 686 2848 hanc
701 2821 782 2858 habet
803 2820 905 2858 episto-

116 2854 169 2881 lam
199 2853 291 2888 Neque
309 2853 386 2890 enim_
409 2854 460 2890 hoc
482 2853 638 2890 annofquo
664 2856 765 2890 scripta
788 2853 903 2890 epistola

116 2894 166 2922 est,
187 2887 272 2924 Aspar
294 2888 387 2915 consul
409 2887 468 2921 fuit,
486 2890 531 2916 sed
551 2887 679 2922 Aric'nus,
701 2887 779 2927 cujus
803 2887 903 2917 nomen

961 283 1013 309 bus
1039 282 1215 316 disjunctam,
1235 289 1330 308 eorum
1355 281 1402 315 qui
1416 280 1508 307 divina
1532 281 1696 316 dijudicent,
1721 287 1749 309 et

960 327 1049 362 magni
1065 327 1175 358 faciant,
1194 327 1393 360 veritatemque
1409 326 1537 352 humanis
1550 327 1632 353 rebus
1656 328 1747 354 omni-

960 373 1012 400 bus
1033 373 1168 408 potiorem
1183 373 1310 399 habeant.
1321 372 1398 405 Quod
1419 372 1440 399 si
1459 372 1602 406 pristinam
1619 373 1749 400 Ecclesia:

960 425 1054 452 pacem
1084 416 1230 444 restituere
1264 417 1387 450 ipsorum
1414 416 1473 442 vult
1501 415 1648 449 imperium
1677 416 1747 449 (vult

960 467 1051 488 autem
1073 463 1167 496 procul
1195 461 1291 495 dubio)
1319 460 1568 495 illorumpietatem
1578 465 1654 486 orate
1665 460 1748 486 rebus

960 508 1088 543 gerendis
1099 508 1274 540 intersint,ut
1291 506 1464 534 adversarios
1478 506 1625 540 prassentia
1636 510 1749 533 suater-

960 558 1050 585 reant,
1073 560 1100 582 et
1122 555 1224 581 veritas
1232 553 1401 580 contrarium
1416 552 1483 578 nihil
1498 552 1608 582 habeat,
1624 551 1671 578 sed
1689 551 1748 586 ipsa

959 607 1009 634 per
1020 607 1048 626 se
1059 607 1150 626 rerum
1163 604 1299 630 naturam,
1311 596 1580 632 apostolicorumque
1592 595 1747 631 dogmatum

960 645 1145 672 characterem
1168 645 1304 678 exquirat.

995 786 1059 813 Haec
1081 790 1173 813 autem
1191 794 1205 812 a
1223 785 1427 821 magnificentia
1451 789 1543 812 vestra
1562 784 1666 819 ﬂagito,
1691 792 1746 810 non

959 831 1032 866 quod
1046 831 1147 866 Cyrum
1165 832 1264 858 iterum
1287 831 1380 858 videre
1396 830 1548 858 desiderem
1569 829 1656 864 (novit
1673 829 1746 855 enim

959 877 1119 913 magnitudo
1127 881 1219 904 vestra
1233 877 1382 904 civitatulas
1391 875 1568 903 solitudinem
1579 896 1586 907 ,
1600 875 1679 909 cujus
1695 882 1747 902 nos

922 911 945 941 Β
961 911 1163 950 deformitatem
1173 930 1284 957 quoquo
1294 922 1374 949 modo
1385 921 1557 949 diversorum
1567 920 1746 947 aedificiorum

958 970 1065 1005 magnis
1087 969 1242 1004 sumptibus
1264 967 1441 1004 obteximus),
1469 967 1517 995 sed
1543 971 1574 994 ut
1603 970 1703 1002 pateat,
1719 971 1748 994 ct

959 1025 1022 1044 cum
1045 1015 1202 1051 apostolicis
1230 1014 1403 1050 dogmatibus
1431 1014 1476 1041 illa
1505 1013 1653 1040 convenire
1686 1020 1746 1046 qua:

958 1060 1150 1095 praedicamus,
1160 1059 1415 1086 etadversariorum
1432 1058 1543 1087 inventa
1570 1058 1662 1092 spuria
1685 1065 1746 1084 esse

959 1110 988 1133 et
1002 1106 1166 1133 adulterina.
1199 1105 1256 1132 lloc
1269 1105 1342 1132 enim
1359 1105 1493 1139 perfecto,
1512 1103 1584 1139 quod
1602 1104 1657 1130 Deo
1671 1103 1744 1138 aspi-

959 1155 1037 1178 rantc
1052 1151 1157 1178 dictum
1169 1151 1215 1182 sit,
1228 1150 1348 1184 reliquos
1360 1150 1421 1177 vita:
1441 1150 1510 1181 dies,
1527 1150 1682 1183 ubicunque
1696 1156 1746 1174 nos

960 1197 1059 1232 degere
1070 1195 1330 1231 Dominusjusserit,
1348 1195 1427 1222 hilari
1443 1196 1535 1222 animo
1553 1195 1744 1229 transigemus.

959 1243 1044 1269 Decet
1057 1247 1147 1269 autem
1167 1249 1216 1268 vos
1239 1243 1247 1251 '
1271 1243 1318 1277 qui
1336 1243 1362 1269 in
1380 1241 1482 1276 pietate
1504 1240 1613 1268 educati
1625 1240 1703 1270 estis,
1719 1243 1747 1265 ct

959 1288 1071 1315 virtutis
1081 1295 1147 1322 opes
1159 1288 1315 1322 possidetis,
1336 1288 1410 1314 hunc
1430 1287 1517 1313 zelum
1547 1293 1699 1316 resumere,
1719 1289 1761 1311 ct‘

959 1333 1124 1369 alacresjam
1134 1341 1182 1367 per
1188 1341 1258 1364 sese,
1267 1333 1420 1368 piissimum
1428 1333 1630 1367 imperatorem,
1643 1329 1747 1365 1232

959 1378 1114 1413 Christique
1127 1383 1263 1406 amantem
1275 1379 1436 1414 Augustam,
1446 1377 1593 1404 alacriores
1619 1376 1747 1403 cohorta-

959 1426 1080 1452 tionibus
1094 1425 1220 1457 rcddere,
1239 1429 1269 1451 ut
1283 1425 1413 1452 laudabili
1439 1424 1497 1451 zelo
1511 1422 1743 1459 gloriosissimum

959 1471 1106 1506 imperium
1121 1479 1200 1498 suum
1215 1471 1407 1498 corroborent.

1032 1570 1175 1598 CXXXIX.
1196 1586 1230 1590 —
1244 1570 1340 1606 Aspari
1360 1570 1494 1596 consulari
1515 1573 1538 1596 et
1552 1570 1663 1604 patricio

992 1625 1143 1660 Oportebat
1162 1625 1233 1653 hanc
1253 1626 1336 1653 etiam
1357 1625 1389 1652 ad
1415 1625 1483 1652 alias
1507 1625 1678 1652 fortitudinis
1695 1630 1748 1652 tua:

957 1671 1102 1707 praeclaras
1114 1671 1235 1698 actiones
1246 1671 1368 1706 adjungi,
1382 1675 1411 1698 ut
1426 1670 1653 1705 religiosissimus
1665 1670 1747 1698 Chri-

956 1717 1046 1751 stique
1058 1724 1153 1743 amans
1169 1716 1319 1751 imperator
1335 1721 1441 1748 noster,
1465 1724 1546 1751 quem
1573 1716 1748 1743 subditorum

956 1762 1028 1789 bono
1054 1762 1146 1788 divina
1173 1762 1259 1797 gratia
1283 1762 1413 1793 instituit,
1432 1769 1481 1796 per
1517 1761 1746 1795 magnificentiam

956 1811 1076 1835 vestram
1089 1807 1123 1834 de
1140 1807 1218 1834 factae
1230 1807 1257 1833 in
1275 1815 1325 1834 nos
1343 1807 1449 1842 injuria:
1467 1807 1629 1842 indignitate
1645 1807 1747 1834 certior

957 1853 1045 1885 ﬁeret,
1061 1853 1171 1888 etjusta
1185 1853 1244 1888 lege
1261 1852 1348 1888 legem
1376 1861 1430 1879 non
1446 1853 1548 1888 justam
1562 1852 1745 1879 rescinderet.

956 1897 1014 1925 Etsi
1029 1899 1103 1925 enim
1117 1906 1178 1930 nos,
1197 1897 1288 1925 divina
1314 1898 1378 1924 freti
1396 1897 1584 1928 Providentia,
1613 1897 1747 1923 bonorum

957 1943 1129 1970 occasionem
1139 1951 1171 1970 ex
1183 1951 1215 1970 ea
1224 1950 1306 1978 quam
1321 1942 1455 1976 putabant
1468 1950 1550 1976 pcena
1567 1941 1746 1976 sumpsimus,

956 1988 1133 2023 quietemque
1144 1988 1263 2015 libenter
1279 1995 1376 2015 sumus
1390 1987 1507 2021 amplexi
1534 1995 1539 2012 :
1567 1990 1686 2013 attamen
1703 1986 1747 2012 in-

953 2033 1027 2069 justa
1043 2040 1157 2067 prorsus
1173 2037 1202 2059 et
1217 2032 1310 2067 iniqua
1336 2032 1510 2066 pertulimus,
1529 2031 1605 2058 nullo
1635 2031 1746 2065 quidem

956 2086 1051 2105 eorum
1068 2078 1198 2110 admisso,
1216 2078 1249 2105 de
1264 2078 1365 2113 quibus
1376 2085 1428 2104 nos
1443 2077 1568 2103 veritatis
1583 2076 1678 2104 hostes
1698 2084 1747 2110 per

956 2123 1120 2149 calumniam
1152 2127 1327 2154 accusarunt,
1352 2130 1384 2149 ea
1409 2129 1475 2149 vero
1491 2121 1564 2156 passi
1580 2129 1641 2156 qua:
1657 2121 1746 2148 solent

956 2169 1002 2204 qui
1031 2169 1147 2196 maxima
1174 2168 1382 2196 commiserunt.
1413 2167 1542 2200 Quinimo
1587 2166 1631 2193 his
1663 2166 1746 2193 etiam

956 2216 1081 2251 graviora
1095 2214 1289 2242 sustinuimus.
1306 2213 1410 2241 lndicta
1423 2213 1496 2240 enim
1520 2220 1601 2239 causa
1625 2216 1652 2239 et
1669 2211 1747 2247 judi-

956 2262 1008 2289 cati
1024 2268 1129 2292 smnus,
1142 2265 1170 2287 et
1182 2260 1309 2287 absentes
1319 2259 1507 2290 condemnati,
1523 2258 1657 2293 regiisque
1672 2257 1747 2284 litte-

959 2308 996 2334 ris
1011 2307 1149 2342 Ephesum
1164 2305 1240 2333 adire
1257 2305 1399 2340 prohibiti,
1409 2305 1591 2340 justissimam
1606 2311 1747 2331 sacrorum

953 2353 1081 2389 judicum
1109 2351 1272 2379 sententiam
1287 2352 1454 2386 excepimus.
1470 2351 1571 2378 Verum
1585 2351 1643 2377 haec
1652 2350 1748 2381 omnia

957 2397 1165 2432 magniﬁcentia:
1182 2400 1234 2423 tua:
1249 2396 1340 2423 studio
1355 2395 1466 2422 sustulit
1478 2395 1671 2422 scrcnissimus
1695 2394 1748 2420 im-

960 2447 1080 2478 perator.
1092 2443 1148 2477 Ego
1172 2450 1239 2469 vero
1255 2449 1368 2476 peccare
1384 2449 1427 2468 me
1453 2446 1539 2474 ratus,
1565 2441 1587 2468 si
1617 2444 1745 2471 tacerem.

955 2497 1008 2516 nec
1023 2495 1130 2522 agerem
1145 2486 1258 2522 gratias,
1273 2486 1306 2512 ad
1319 2485 1369 2512 has
1385 2485 1490 2519 1233
1511 2483 1672 2511 scribendas
1686 2491 1747 2510 sum

954 2535 1098 2565 adductus,
1114 2533 1215 2568 quibus
1231 2531 1449 2567 magnitudinem
1463 2534 1581 2557 vestram
1612 2529 1745 2560 obtestor,

955 2585 985 2608 ut
995 2588 1044 2615 pro
1055 2580 1135 2607 nobis
1153 2579 1256 2606 faustas
1274 2585 1354 2604 voces
1369 2576 1474 2604 deferat
1488 2580 1544 2602 lum
1559 2575 1656 2602 victori
1668 2574 1747 2602 Chri-

955 2627 1045 2660 stique
1077 2625 1179 2652 amanti
1204 2623 1375 2659 imperatori,
1406 2627 1463 2650 tum
1491 2622 1547 2649 Deo
1561 2620 1745 2648 dilectissimo:

956 2671 1222 2707 religiosissimmqne
1250 2671 1379 2705 Angusta:
1406 2678 1412 2694 :
1437 2676 1487 2703 pro
1514 2667 1616 2702 quibus
1641 2667 1744 2694 bonum

959 2749 1083 2776 obtrudit
1098 2748 1270 2782 inscriptioni
1290 2748 1372 2781 huius
1383 2747 1505 2781 epistolaa
1518 2745 1666 2782 Carnerius
1678 2744 1745 2782 (Au—

960 2788 1039 2815 rtur.,
1055 2792 1081 2818 Ι).
1097 2783 1171 2818 254),
1185 2780 1407 2809 contradicente
1421 2781 1503 2818 Pagio
1525 2781 1550 2808 in
1576 2780 1694 2818 Crit._ad_
1718 2787 1744 2807 a.

959 2819 1020 2850 4:30,
1034 2811 1065 2845 'n‘.
1086 2819 1126 2845 te.
1143 2811 1222 2845 χεέτω
1237 2811 1500 2844 ι’σσὶίὶυεῐίθτσι-ὶῖἰη
1519 2816 1629 2843 nomine
1641 2815 1744 2841 ὑπάτου

960 2863 1010 2888 pro
1025 2853 1167 2882 ὑπατικοῦ,
1186 2861 1266 2887 quam
1281 2853 1308 2879 in
1324 2852 1432 2887 Aspuris
1455 2859 1504 2886 pro
1524 2851 1615 2878 Avieni
1637 2850 1747 2878 nomine

960 2888 1151 2916 subslituendo
1163 2896 1255 2915 errare
1270 2892 1428 2923 potuerunt.
