1945 3058
118 181 189 214 1365

768 178 948 212 EPISTULA
969 180 1082 210 CXLII.

1674 177 1744 210 1306

119 239 169 273 μὰν
179 237 227 274 τὴν
239 234 389 269 εύσέὅειαν,
401 237 449 263 καὶ
460 237 634 272 ἀντιϐολῆσαι
647 237 736 264 αὐτῶν
753 237 783 263 τδ
793 237 903 272 κράτος,

972 233 1244 265 ηοίεηιίοηιεςοι-ριὶς,
1259 237 1289 259 ut
1301 233 1406 260 lirmam
1431 233 1562 260 Ecclesiis
1574 240 1668 267 pacem
1686 233 1745 261 ραι-

119 283 231 318 βεϐαιαν
250 283 434 318 πρυτανεῦσαι
448 284 508 314 ταῖς
529 282 703 317 Ἐκκλησίαις
719 283 769 318 τὴν
781 284 903 318 εἰρήνην,

119 329 167 355 καὶ
181 328 288 355 σύνοδον
300 328 474 364 ἀθροισθῆναι
500 327 636 359 κελεῦσαι,
656 328 693 364 μὴ
711 329 765 354 τῶν
784 337 905 363 ταραχθ-

119 374 214 406 ποιῶν,
239 374 429 407 διακυκώντων
450 373 495 400 τὸν
520 373 665 408 σύλλογον,
685 374 752 400 ἀλλὰ
775 374 829 400 τῶν
856 373 906 409 τῆξ

119 419 248 455 ἀληθείας
261 419 392 454 ἐραστῶν,
406 419 454 454 τὴν
470 419 652 455 ὰποστολικὴν
668 420 854 455 κρατυνόντων
865 420 918 458 δι-⁸

118 465 275 495 δασκαλίαν,
285 466 332 492 καὶ
342 466 585 501 ἀποκηρυττόντων
594 466 641 501 τὴν
650 466 745 501 καινὴν
757 467 794 502 (6)
805 466 906 501 ταύτην

120 511 167 537 καὶ
181 510 305 545 κίϐδηλον
318 511 422 546 αἵρεσιν
433 520 439 527 ·
455 511 497 538 ἵνα
516 512 562 537 καὶ
582 512 637 538 τῶν
655 512 822 546 ᾴξιεράστων
843 511 906 537 τού--

119 565 173 582 των
192 557 279 583 πόνων
292 556 366 592 παρὰ
377 557 424 583 τοῦ
441 557 632 593 φιλανθρώπου
642 558 745 592 Κυρίου
757 556 907 592 κομίσησθε

121 601 182 633 τοὺς
197 602 331 637 καρπούς.

121 658 212 684 PMA’.
227 673 261 678 -——
279 658 445 692 Μαρκέλλῳ
457 659 674 694 ἀρχιμανδρίτῃ
690 659 749 686 τῶν
771 661 908 696 Utica/yria

472 703 543 722 των.

158 750 317 785 Λαμπρύνει
333 751 382 784 μὲν
396 750 473 785 ὑμῶν
490 750 537 786 τὴν
553 751 706 778 θεοσέϐειαν
723 753 737 778 ὁ
753 753 909 785 ἀξιέπαινος

125 795 190 829 βίος,
209 796 259 830 τῆς
270 795 323 822 τῶν
335 796 458 830 ἀγγέλων
472 796 608 828 πολιτείας
620 798 647 822 ὲν
661 799 694 832 τῇ
708 799 741 832 γῇ
759 798 807 833 τὴν
820 798 911 824 εἰκόνα

122 839 229 871 δεικνύς
238 848 246 855 ·
261 841 449 876 λαμπρότερον
460 841 487 867 δὲ
501 841 596 867 τοῦτον
607 841 745 876 ἀπέφηνεν
756 843 770 868 ὁ
780 843 850 877 ὑπὲρ
864 843 912 877 τῆς

124 885 302 920 ἀποστολικῆς
328 886 446 917 πίστεως
467 886 557 921 ζῆλος.
574 887 662 922 Ὅπερ
682 887 735 921 γάρ
752 888 810 914 ἐστι
828 887 913 922 πλοίῳ

126 931 176 965 μὲν
193 931 299 965 τρόπις,
325 931 398 967 οἰκίᾳ
420 931 448 957 δὲ
465 931 599 965 θεμέλιος.
619 932 699 958 τοῦτο
718 934 772 964 τοῖς
791 933 914 959 εὐσεϐεῖν

125 976 349 1011 προαιρουμένοις
364 978 381 1011 ἡ
404 976 457 1003 τῶν
481 977 667 1010 εὐαγγελικῶν
692 978 834 1013 δογμάτων
847 979 913 1015 ἁλή‹

126 1023 196 1049 θεια.
219 1022 326 1058 Ταύτης
348 1022 376 1048 δὲ
392 1022 593 1058 πολεμηθείσης
611 1023 738 1058 ἐκθύμως
760 1024 914 1060 ύπερηθλή-

126 1077 202 1101 σατε,
228 1069 277 1103 οὐχ
306 1069 343 1100 ὡς
366 1068 532 1103 ἀσθενούσης
563 1069 826 1104 προκινδυνεύοντες,
847 1070 915 1097 ἀλλὰ

126 1115 176 1149 τὴν
206 1114 327 1148 φιλόθεον
357 1113 559 1146 ἐπιδεικνύντες
581 1115 710 1142 διάθεσιν.
733 1115 767 1141 Ἦ
791 1115 846 1151 γὰρ
868 1116 915 1142 τοῦ

127 1160 262 1186 Δεσπότου
282 1160 400 1194 Χριστοῦ
420 1160 577 1187 διδασκαλία
597 1161 627 1187 τὸ
649 1161 779 1196 σταθερὸν
793 1161 849 1197 ἔχει
870 1163 917 1188 καὶ

130 1203 248 1237 βέΰαιον,
273 1203 344 1230 κατὰ
360 1204 409 1239 τὴν
431 1203 513 1230 αὐτοῦ
534 1204 580 1231 τοῦ
603 1205 728 1239 Σωτῆρος
754 1205 915 1240 ὑπόσχεσιν

131 1259 140 1272 ι
160 1249 244 1276 Πύλαι
266 1250 339 1285 ᾅδου,
372 1251 454 1286 φησὶν
472 1271 478 1282 ,
507 1251 537 1277 οὑ
562 1251 769 1285 κατισχύσουσιν
792 1252 885 1285 αὐτῆς.
904 1261 913 1277 ι

81 1313 91 1321 .
135 1294 219 1328 Ὑπὲρ
231 1294 331 1329 ταύτης
351 1296 397 1320 καὶ
419 1296 492 1330 ἡμᾶς
507 1295 690 1330 ἀτιμασθῆναι
718 1297 766 1322 καὶ
779 1297 917 1331 σφαγῆναι

128 1339 142 1364 ὁ
157 1339 344 1374 φιλάνθρωπος
359 1340 405 1365 καὶ
423 1340 608 1375 μεγαλόδωρος
621 1340 719 1374 ἠξίωσε
735 1340 846 1376 Κύριος.
862 1342 917 1377 Τὴν

129 1384 183 1418 γὰρ
198 1384 230 1418 δὴ
246 1385 358 1418 ἀτιμίαν
369 1385 461 1419 τιμὴν,
476 1387 522 1411 καὶ
538 1386 586 1419 τὴν
601 1386 708 1421 σφαγὴν
722 1386 794 1421 ζωὴν
805 1387 919 1422 ὑπειλή‹

131 1437 230 1463 φαμεν.
256 1429 428 1464 Ὴκηύσαμεν
449 1430 503 1465 γὰρ
528 1431 573 1456 τοῦ
600 1431 761 1458 ’Λποστόλου
784 1432 918 1465 λέγοντος,

131 1476 171 1501 ὅτι
188 1485 196 1500 ι
207 1475 288 1510 Ἡμῖν
312 1476 365 1502 ἀπὸ
378 1475 445 1502 Θεοῦ
456 1477 588 1512 ἐχαρίσθη
600 1477 630 1503 οὐ
646 1477 725 1512 μόνον
736 1478 765 1504 τὸ
785 1479 824 1510 εἰς
839 1479 920 1504 αὑτὸν

133 1522 280 1554 πιστεύειν,
291 1522 358 1548 ἀλλὰ
370 1523 416 1548 καὶ
429 1523 458 1549 τὸ
469 1523 538 1558 ὑπὲρ
553 1523 635 1550 αὑτοῦ
652 1524 776 1558 πάσχειν.
785 1534 793 1548 ι
804 1524 919 1560 ’Λνέστη

955 281 1020 313 ciat,
1039 285 1066 308 et
1080 280 1214 316 synodum
1246 278 1405 314 congregari
1431 279 1537 314 jubcat,
1563 287 1617 305 non
1642 280 1744 306 tumul-

956 326 1093 353 luantium
1109 333 1206 352 rursus
1222 325 1365 351 hominum
1379 324 1426 359 qui
1451 329 1616 351 conventum
1629 330 1742 359 pertur-

957 372 1032 403 bent,
1045 371 1092 398 sed
1103 371 1229 398 veritatis
1255 370 1406 397 amantium
1427 370 1475 404 qui
1495 370 1647 396 doctrinam
1676 378 1744 404 apo--

957 417 1082 444 stolicam
1092 415 1242 448 stabiliant,
1257 423 1412 450 novamque
1424 415 1502 442 istam
1518 420 1546 442 et
1561 415 1744 448 adnlterinam

956 461 1074 488 hzeresin
1108 461 1294 488 exterminant
1320 469 1327 487 :
1351 465 1381 488 ut
1406 461 1506 487 horum
1530 461 1612 487 etiam
1638 460 1746 495 optabi-

956 506 1025 532 lium
1048 506 1175 533 laborum
1191 506 1298 533 fructus
1319 514 1334 532 a
1348 505 1467 540 benigno
1491 506 1607 533 Domino
1623 510 1746 540 reporte-

959 552 1005 579 tis.

993 668 1083 695 CXLI.
1093 683 1127 687 ——
1135 667 1260 694 Marcello
1279 667 1494 694 archimandritte
1509 666 1711 694 Arwmclarum.

997 759 1132 785 lllustrem
1149 758 1261 792 quidem
1276 758 1342 784 facit
1362 758 1492 792 pietatem
1509 762 1583 784 luam
1603 757 1750 784 laudabilis

961 803 1028 834 vita,
1048 803 1208 836 angelorum
1228 802 1446 829 conversationis
1465 802 1493 828 in
1511 806 1584 829 terra
1605 801 1750 835 imaginem

963 847 1096 879 referens,
1117 847 1165 874 sed
1187 846 1365 873 illustriorem
1385 847 1475 873 reddit
1495 846 1570 873 zelus
1592 846 1654 873 iidei
1683 854 1751 881 apo-

931 912 950 938 Β
964 893 1078 921 stolicaa.
1095 892 1173 926 Quod
1195 893 1268 919 cnim
1289 893 1398 927 navigio
1417 898 1459 919 est
1477 892 1581 924 carina,
1605 896 1634 919 et
1655 891 1752 918 funda—

965 942 1089 965 mentum
1106 937 1233 969 wditicio,
1258 937 1285 964 id
1303 937 1394 971 ipsum
1418 937 1462 972 pie
1485 937 1578 964 vivere
1595 937 1753 963 volentibus

965 984 1184 1019 evangelicorum
1203 983 1359 1018 dogmatum
1375 987 1417 1010 est
1433 983 1545 1010 veritas.
1562 983 1615 1010 Pro
1635 982 1687 1009 hac
1705 990 1753 1016 op-

966 1033 1086 1064 pugnata
1105 1037 1154 1056 vos
1174 1029 1297 1056 animose
1315 1028 1491 1060 decertastis,
1509 1036 1564 1055 non
1581 1027 1659 1062 quasi
1677 1026 1755 1054 inﬁr—

966 1083 1038 1102 mam
1055 1080 1245 1110 protegentes,
1265 1075 1313 1103 sed
1330 1075 1377 1102 Dei
1400 1078 1536 1101 amantem
1555 1074 1685 1100 aﬂ‘ectum
1707 1073 1755 1101 de-

966 1121 1112 1148 elarantes.
1124 1121 1226 1149 Christi
1239 1121 1312 1148 enim
1330 1120 1438 1148 Domini
1458 1119 1582 1147 doctrina
1594 1119 1700 1146 stabilis
1713 1124 1756 1145 est

967 1170 994 1193 ct
1017 1162 1104 1198 Iirma,
1132 1171 1214 1201 prout
1241 1165 1366 1193 Salvator
1391 1165 1449 1200 ipse
1469 1164 1605 1200 promisit,
1631 1163 1726 1192 dicens
1745 1172 1754 1189 :

971 1222 980 1238 ι
995 1213 1084 1240 Poer
1100 1212 1181 1240 inferi
1196 1221 1251 1240 non
1263 1212 1450 1247 przevalebunt
1465 1210 1598 1238 adversus
1614 1218 1675 1238 eam
1692 1211 1724 1237 τ’.
1741 1219 1751 1235 ι

968 1259 1021 1285 Pro
1041 1259 1093 1285 hac
1103 1263 1130 1285 et
1146 1266 1196 1285 nos
1213 1259 1348 1286 dedecore
1363 1257 1432 1285 allici
1444 1257 1566 1291 caedique
1576 1256 1712 1291 benignus
1724 1263 1756 1282 ac

969 1304 1093 1330 liberalis
1109 1304 1242 1330 Dominus
1254 1303 1352 1338 dignos
1365 1303 1482 1330 censuit.
1496 1301 1621 1329 Dedecus
1638 1308 1756 1334 namque

969 1350 1112 1381 honorem,
1129 1353 1156 1375 et
1180 1348 1280 1375 caedem
1306 1348 1389 1374 vitam
1410 1347 1644 1378 existimavimus,
1666 1345 1756 1380 utqui

969 1394 1130 1429 Apostolum
1147 1393 1283 1420 dicentem
1300 1393 1456 1419 audivimus
1470 1401 1477 1418 :
1494 1402 1503 1418 ι
1519 1391 1604 1419 Nobis
1625 1391 1758 1418 donatum

971 1448 1031 1468 esse
1049 1448 1064 1466 a
1080 1440 1145 1472 Deo,
1162 1447 1219 1466 non
1230 1440 1319 1466 solum
1332 1443 1362 1466 ut
1375 1439 1402 1465 in
1419 1446 1482 1466 eum
1493 1438 1647 1469 credamus,
1661 1445 1757 1464 verum

971 1486 1054 1513 etiam
1067 1489 1097 1512 ut
1108 1493 1157 1520 pro
1170 1485 1218 1511 illo
1231 1485 1369 1519 patiamur
1381 1485 1414 1511 ⁷³.
1433 1493 1441 1509 ι
1457 1484 1600 1511 Excitatus
1613 1487 1704 1510 autem
1716 1486 1759 1510 est

973 1531 1106 1558 citissime
1128 1535 1258 1564 tanquam
1276 1530 1418 1557 dormiens
1432 1529 1576 1561 Dominus,
1596 1533 1624 1556 et
1637 1536 1684 1556 ora
1698 1528 1759 1564 qui-

132 1567 160 1592 δὲ
180 1568 294 1602 τάχιστα
314 1568 351 1599 ὡς
372 1570 385 1594 ὁ
402 1569 494 1594 ὑπνῶν
517 1569 629 1604 Κύριος,
649 1570 696 1595 καὶ
719 1569 850 1605 ἐνέφραξε
871 1570 919 1605 μὲν

972 1575 1035 1602 dem
1049 1575 1197 1607 obstruxit,
1221 1582 1281 1609 quae
1292 1574 1425 1601 adversus
1444 1574 1530 1601 Deum
1547 1573 1757 1608 blasphemiam,

133 1612 168 1638 τὰ
183 1612 303 1647 στόματα
319 1613 352 1639 τὰ
362 1613 492 1640 λαλοῦντα
504 1614 573 1640 κατὰ
587 1614 634 1640 τοῦ
651 1614 719 1641 Θεοῦ
734 1615 918 1649 βλασφημίαν,

136 1658 182 1684 καὶ
208 1658 269 1684 καθ’
291 1659 368 1692 ἡμῶν
393 1659 515 1685 ἀδικίαν·
543 1659 591 1690 τὰς
614 1660 641 1686 δὲ
664 1660 718 1687 τῶν
739 1661 921 1687 εὐσεϐούντων

135 1703 257 1737 γλώττας
277 1705 316 1735 εἰς
331 1704 380 1739 τὴν
397 1704 499 1740 συνήθη
515 1705 666 1740 ἀποστολὴν
681 1706 714 1732 τὰ
730 1707 838 1741 νάματα
854 1715 922 1741 προ-

137 1751 194 1785 χεϊν
212 1750 402 1777 ἁνεσκεύασεν.
422 1751 523 1786 ῚΙμεῖς
536 1751 563 1777 δὲ
583 1752 632 1786 τῆς
649 1752 763 1787 ἡσυχίας
778 1754 841 1785 τοὺς
861 1755 921 1785 ἀξι-

138 1795 267 1829 εράστους
281 1796 426 1830 τρυγῶμεν
439 1796 560 1831 καρπούς
571 1804 577 1811 “
595 1797 643 1823 καὶ
658 1798 707 1831 τὴν
725 1798 774 1831 μὲν
786 1797 841 1823 τῶν
862 1799 922 1824 Ἐκ-

137 1840 256 1874 κλησιῶν
275 1841 358 1875 ζάλην
371 1841 487 1876 ὁρῶντες
500 1841 646 1875 ἀλγοῦμεν,
665 1841 822 1874 γαννύμεθα
836 1841 863 1867 δὲ
877 1842 924 1867 καὶ

137 1886 338 1921 εὐφραινόμεθα
362 1886 509 1920 φροντίδων
526 1886 741 1921 ἀπηλλαγμένοι.
760 1887 800 1921 Τῇ
816 1887 844 1912 δὲ
865 1887 924 1913 0e9-

140 1930 231 1966 σεϐείᾳ
248 1940 294 1956 σου
310 1931 354 1956 ἀεὶ
371 1931 420 1964 μὲν
435 1930 605 1965 συνήσθημεν
622 1930 665 1956 διὰ
684 1930 773 1956 πάντα
788 1930 926 1964 θαυμαζο-

141 1977 208 2012 μένῃ
221 1983 228 1990 °
243 1976 322 2010 μέχρι
337 1975 365 2001 δὲ
379 1975 425 2001 τοῦ
439 1976 572 2010 παρόντος
586 1976 635 2001 οὐκ
647 1975 817 2010 ἐγράψαμεν,
829 1976 859 2002 οὐ
872 1976 926 2003 τῶν

140 2022 189 2056 τῆς
201 2021 310 2055 ἀγάπης
323 2021 413 2055 νόμων
430 2021 635 2056 ὀλιγωροῦντες,
650 2021 707 2047 ἀλλ’
725 2022 853 2056 ἀφορμήν
864 2030 926 2048 τινα

140 2068 232 2094 λαϐεῖν
253 2067 424 2102 γραμμάτων
449 2067 657 2102 προσμένοντες.
679 2067 782 2094 Λύτίκα
803 2067 850 2094 νῦν
873 2069 927 2099 τοῖς

142 2113 346 2144 εὖσεΰεστάτοις
361 2113 408 2139 καὶ
426 2113 619 2144 συνετωτάτοις
636 2113 827 2150 συντεγτυχότες
843 2114 927 2148 μονάο

142 2161 244 2192 ζουσιν,
273 2159 298 2185 οἳ
328 2159 401 2193 παρὰ
419 2158 467 2193 τῆς
486 2159 535 2193 σῆς
559 2159 697 2194 ὁσιότητος
720 2158 822 2194 ἑτέρων
848 2158 929 2184 ἕνεκα

143 2205 241 2240 χρειῶν
258 2204 460 2239 ἀπεστάλησαν,
487 2204 568 2234 εὐθὺς
589 2204 758 2239 δεδράκαμεν
780 2203 810 2229 τὸ
831 2203 929 2229 ποθού-

975 1620 1082 1655 1236
1094 1623 1190 1647 contra
1203 1628 1253 1646 nos
1266 1620 1437 1654 iniquitatem
1451 1619 1633 1653 loquebantur
1644 1618 1683 1651 7‘;
1701 1618 1761 1652 pio-

974 1676 1034 1695 rum
1057 1676 1120 1695 vero
1138 1669 1245 1703 linguas
1262 1668 1403 1700 excitavit,
1426 1671 1458 1694 ut
1475 1667 1586 1694 solitum
1600 1666 1632 1693 ad
1648 1674 1759 1693 cursum

973 1714 1069 1741 latices
1090 1713 1268 1748 profundant.
1288 1714 1343 1741 Nos
1362 1721 1447 1748 porro
1465 1713 1596 1740 amabiles
1613 1712 1715 1747 quietis
1733 1715 1761 1739 et

974 1759 1078 1786 silentii
1092 1759 1198 1786 fructus
1209 1759 1359 1793 carpimus,
1377 1762 1405 1785 ct
1417 1758 1602 1785 Ecclesiarum
1618 1765 1683 1785 sane
1697 1765 1763 1792 pro-

974 1803 1071 1828 cellam
1094 1803 1234 1828 intuentes
1256 1802 1381 1828 dolemus
1409 1811 1415 1827 :
1436 1801 1484 1828 sed
1509 1809 1523 1827 a
1540 1801 1614 1827 curis
1642 1806 1762 1828 remotos

974 1855 1025 1873 nos
1037 1855 1097 1874 esse
1109 1847 1261 1882 gaudemus
1272 1850 1300 1873 ct
1312 1847 1445 1873 lwtamur.
1459 1846 1556 1873 Pietati
1568 1850 1658 1873 autem
1671 1851 1724 1873 tuze
1734 1847 1762 1873 in

975 1892 1103 1918 omnibus
1117 1891 1286 1918 admirandae
1300 1891 1428 1925 gratulati
1449 1898 1557 1925 semper
1576 1898 1681 1917 sumus.
1695 1890 1763 1917 Ilae-

977 1942 1056 1963 tenus
1075 1940 1166 1962 tamen
1176 1943 1231 1962 non
1247 1935 1417 1970 scripsimus,
1430 1935 1667 1970 charitatislcgem
1677 1935 1764 1962 haud—

976 1989 1113 2015 quaquam
1128 1985 1299 2015 spernentes,
1315 1981 1362 2007 sed
1373 1980 1510 2007 scribendi
1528 1980 1763 2015 opportunitatem

977 2030 1176 2061 exspectantes.
1194 2027 1272 2053 Nunc
1289 2026 1381 2060 itaque
1400 2026 1621 2060 religiosissimos
1644 2026 1765 2060 pruden-

979 2073 1155 2106 tissimosque
1173 2073 1322 2100 monachos
1340 2075 1426 2105 nacti,
1446 2072 1493 2106 qui
1517 2071 1577 2099 aliis
1593 2072 1627 2099 de
1646 2067 1767 2099 rebusa

980 2118 1124 2145 sanctitate
1145 2122 1192 2144 tua
1210 2118 1288 2145 missi
1310 2122 1385 2151 sunt,
1405 2118 1511 2152 egimus
1532 2117 1669 2151 extemplo
1691 2117 1764 2151 quod

980 2162 1167 2197 cnpiebamus,
1193 2163 1303 2198 Deoque
1318 2163 1448 2190 dilectum
1466 2166 1546 2197 caput
1568 2167 1646 2189 tuum
1663 2162 1766 2197 ample-

979 2212 1085 2235 ctentes
1101 2216 1223 2240 oramus,
1241 2209 1360 2243 primum
1373 2210 1381 2219 ·
1397 2208 1508 2243 quidem
1522 2212 1552 2234 ut
1570 2207 1701 2242 precibus
1715 2215 1767 2235 nos

145 2259 234 2285 μενον,
248 2251 295 2276 καὶ
305 2250 354 2285 τὴν
371 2249 481 2284 θεοφιλῆ
504 2258 550 2275 σου
573 2249 818 2284 περιπτυσσόμενοι
840 2257 919 2283 κεφα-

982 2259 1100 2286 tueatur,
1118 2254 1217 2281 deinde
1232 2259 1263 2281 ut
1277 2254 1359 2281 etiam
1377 2254 1477 2281 litteris
1491 2253 1634 2280 exhilaret.
1655 2253 1707 2280 Per
1723 2253 1765 2280 di-

144 2295 203 2331 λὴν,
226 2294 437 2330 παρακαλοῦμεν
457 2294 564 2329 πρῶτον
581 2294 629 2329 μὲν
652 2295 725 2329 ἡμᾶς
743 2294 850 2329 ἀνέχειν
871 2295 930 2324 ταῖς

147 2341 320 2375 προσευχαῖς,
344 2339 438 2365 ἔπειτα
463 2339 491 2365 δὲ
511 2339 559 2366 καὶ
579 2338 740 2374 γράμμασιν
762 2338 928 2374 εὐφραίνειν.

145 2384 195 2411 Διὰ
209 2385 264 2420 γὰρ
276 2384 325 2419 τὴν
339 2384 414 2410 θείαν
428 2383 508 2419 χάριν
521 2384 590 2418 ὑπὲρ
607 2383 661 2410 τῶν
675 2383 860 2410 ἁποστολικῶν
883 2392 931 2409 πε-

147 2431 210 2457 πολε
214 2432 250 2466 μή
255 2431 323 2465 μεθα
339 2430 492 2465 δογμάτων.

386 2487 474 2514 PMB'.
490 2503 525 2507 —
543 2487 584 2519 Τῷ
600 2485 688 2518 αὐτῷ.

184 2545 238 2572 Καὶ
249 2545 298 2580 ἤδη
312 2544 344 2570 δι’
357 2544 399 2571 ὲτέ
406 2553 458 2579 ρων
473 2544 646 2578 γραμμάτων
657 2543 705 2578 τὴν
720 2543 768 2578 σὴν
786 2543 933 2578 προσείπο-

152 2598 200 2624 μεν
215 2589 380 2617 θεοσέϐειαν.
391 2590 448 2619 τοῖς
462 2589 636 2623 τιμιωτάτοις
652 2588 777 2622 ἀδελφοῖς
793 2590 850 2620 τοῖς
866 2589 933 2622 ὑμε-

150 2634 238 2668 τέροις
257 2634 306 2668 τὴν
323 2633 467 2668 ἐπιστολὴν
484 2633 629 2664 δεδωκότες
642 2641 648 2648 ·
666 2634 712 2660 καὶ
734 2633 781 2660 νῦν
801 2633 830 2659 δὲ
854 2634 935 2660 πάλιν

151 2679 398 2716 προσφθεγγόμεθα
414 2688 461 2706 σου
478 2679 527 2714 τὴν
543 2680 683 2714 ἁγιότητα.
711 2680 864 2715 Προτρέπει
881 2679 936 2715 γὰρ

980 2300 1071 2327 vinam
1083 2300 1156 2326 enim
1168 2300 1280 2335 gratiam
1293 2299 1563 2335 proptcr’apostolica
1575 2299 1701 2333 dogmata
1716 2306 1765 2332 op-

981 2346 1093 2380 pugnati
1110 2353 1215 2372 sumus.

1245 2488 1345 2517 CXLII.
1358 2503 1391 2508 —
1403 2487 1505 2515 Eidem.

1021 2547 1054 2574 Et
1065 2546 1127 2574 aliis
1140 2547 1196 2582 jam
1213 2545 1313 2572 litteris
1335 2544 1463 2578 pietatem
1478 2547 1553 2569 tuam
1570 2540 1645 2567 aﬂ‘ati
1664 2546 1770 2570 sumus,

986 2592 1050 2619 data
1075 2591 1310 2619 reverendissimis
1331 2588 1464 2616 fratribus
1482 2586 1581 2614 vestris
1601 2584 1728 2620 epistola,
1744 2588 1772 2611 et

987 2644 1062 2663 nunc
1086 2635 1187 2664 iterum
1213 2635 1385 2662 sancLitatem
1415 2637 1490 2659 tuam
1514 2630 1692 2665 alloquimur.
1715 2628 1772 2655 Hoc

987 2681 1060 2709 enim
1073 2681 1162 2708 facere
1169 2688 1218 2708 nos
1228 2680 1357 2707 admonet
1367 2683 1424 2706 tum
1436 2676 1595 2705 admiranda
1605 2675 1661 2702 vita
1669 2677 1772 2705 vestra,

187 2768 210 2784 ⁷⁸
228 2767 323 2795 Matth.
337 2767 449 2799 “1,18.
486 2768 510 2784 ⁷³
529 2767 647 2801 Philipp.
661 2775 680 2800 1,
705 2766 750 2793 39.
786 2767 810 2782 ’τ
830 2767 900 2794 Psal.
919 2775 990 2799 xctn,
1009 2768 1025 2793 Δ

188 2846 224 2881 (6)
239 2847 320 2882 κενήν
334 2846 418 2881 Neap.
432 2846 580 2881 Utramque
597 2846 742 2874 lectionem
754 2847 811 2873 sive
830 2845 938 2874 Metius.
954 2844 1010 2873 sive
1040 2846 1107 2880 ipse,
1127 2853 1142 2873 e
1170 2853 1224 2880 quo
1250 2845 1375 2872 vertebat
1397 2843 1552 2878 epistolam,
1574 2841 1660 2870 codex
1673 2840 1761 2869 Vatica

156 2890 205 2910 nus
219 2882 358 2918 conjunxit
369 2881 439 2916 apud
453 2882 549 2908 Baron.
570 2881 586 2907 Ι.
599 2890 622 2908 c.
