1945 3058
181 131 249 164 1367

672 133 911 162 THEODORETI
934 130 1101 161 EPISCOPI
1120 133 1301 162 CYRENSIS

1741 131 1816 165 1368

180 191 239 215 tum
257 186 404 214 laudabilis
424 186 508 218 zelus,
526 193 607 220 quem
625 187 782 220 apostolicaa
803 187 866 214 lidei
886 194 968 213 causa

1021 187 1093 221 ἡμᾶς
1109 187 1187 213 τοῦτο
1205 188 1290 213 ποιεῖν
1307 186 1355 213 καὶ
1377 187 1391 213 ὁ
1406 186 1569 220 ἀξιάγαστος
1584 186 1660 222 ὑμῶν
1676 185 1743 222 βίος,
1761 187 1816 213 καὶ

180 232 350 265 declarastis,
364 240 415 260 nec
432 232 533 267 regiam
548 233 698 267 potentiam
714 232 903 263 formidantes,
917 240 968 258 nec

180 279 372 313 episcoporum
388 277 610 304 consensionem.
635 277 691 304 Etsi
712 277 786 304 enim
804 277 913 311 plurimi
935 285 968 303 ex

182 325 216 352 iis
233 325 280 359 qui
302 328 488 351 convenerant
506 323 532 350 vi
555 323 644 350 adacti
668 327 879 354 consenserunt,
899 327 967 349 atta-

181 378 243 399 men
260 369 511 404 subseriptionibus
536 369 593 395 suis
611 376 708 395 novam
730 368 847 395 haeresin
869 367 969 394 contir-

181 420 302 444 marunt.
320 415 452 443 Pietatem
469 423 535 442 vero
553 419 672 442 vestram
688 414 758 441 nihil
778 415 878 441 horum
895 421 969 441 com-

181 462 277 494 movit,
296 461 344 489 sed
358 461 385 488 in
401 461 524 496 antiquis
534 461 709 496 dogmatibus
722 461 890 495 perstitistis,
908 468 968 494 qua:

180 512 208 533 et
236 514 286 541 per
309 507 457 541 prophetas
481 506 587 540 1237
615 510 641 532 et
670 506 808 540 apostolos
833 505 969 532 Ecelesias

181 551 297 586 probare
310 551 443 578 Dominus
454 551 557 578 docuit.
570 551 624 578 llas
635 551 718 577 etiam
731 558 781 577 nos
794 550 968 577 deﬁnitiones

181 604 291 624 servare
305 597 441 631 cupimus,
453 601 481 623 et
496 597 523 624 in
536 604 620 623 unum
634 596 755 628 Patrem,
768 603 908 630 unumque
924 594 968 621 Fi-

167 676 169 681 τ
181 642 259 675 lium,
270 648 299 669 et
309 650 394 670 unum
405 642 538 677 Spiritum
553 646 677 669 sanctum
690 641 771 668 [idem
782 645 809 668 et
820 640 970 667 confessio—
987 650 989 652 ·

183 696 245 715 nem
259 696 346 723 usque
356 688 389 715 ad
403 688 507 715 exitum
527 687 677 715 custodire.
692 686 831 722 Unigeniti
850 693 968 720 namque

183 734 336 761 incarnatio
349 734 491 761 Trinitatis
505 741 652 761 numerum
667 741 723 760 non
736 733 822 764 auxit,
840 731 889 758 sed
906 731 968 757 Tri—

144 773 156 795 ί
182 779 255 806 nitas
269 779 352 806 etiam
364 783 427 814 post
439 779 655 806 incarnationem
667 777 767 805 mansit
778 785 839 812 quae
849 776 969 803 Trinitas

180 829 250 853 erat.
267 825 313 852 Sic
328 825 402 852 enim
419 824 454 851 ab
469 824 549 851 initio
564 823 720 855 didicimus,
735 823 775 850 sic
789 822 967 854 credidimus,

181 873 221 900 sic
232 871 362 906 baptitati
378 879 472 899 sumus
484 880 489 898 :
503 871 543 898 sic
561 869 780 905 praedicavimus,
793 869 833 896 sic
845 868 967 903 baptiza-

181 917 281 949 vimus,
296 917 336 944 sic
355 916 458 943 sentire
481 923 703 951 perseveramus.
725 915 762 941 De
777 914 857 942 Patre
875 918 967 940 autem

179 962 352 997 loquentium
375 961 547 988 mendacium
566 960 698 988 Dominus
721 959 758 986 ait
776 968 781 985 :
802 969 811 983 ‹
827 959 896 986 Cum
921 959 962 985 lo-

179 1007 275 1042 quitur
287 1007 473 1038 mendacium,
490 1014 523 1033 ex
536 1006 656 1041 propriis
672 1006 796 1040 loquitur
812 1006 845 1031 ⁷⁸.
867 1015 875 1031 ι
894 1004 967 1031 Con-

179 1057 281 1088 gruunt
299 1057 390 1080 autem
411 1052 555 1087 discipulis
577 1059 638 1086 qua:
660 1051 732 1078 dicta
749 1055 812 1078 sunt
833 1051 866 1077 dc
881 1050 968 1084 magi-

179 1103 248 1126 stro.
263 1098 296 1125 Hi
317 1098 392 1126 enim
409 1106 472 1125 cum
490 1098 654 1132 lalsiloqniis
676 1098 705 1124 in
725 1105 777 1124 nos
792 1101 917 1128 utuntur,
935 1104 968 1122 ex

179 1144 298 1180 propriis
313 1144 474 1178 loquuntur,
490 1147 518 1170 et
533 1148 625 1177 nostra
639 1151 694 1170 non
706 1142 812 1170 dicunt.
830 1142 886 1169 Nos
901 1150 968 1169 vero

179 1190 314 1218 Dominus
326 1190 483 1217 consolatur
493 1189 589 1216 dicens
605 1198 611 1215 :
628 1199 636 1214 ι
649 1189 723 1216 Beati
736 1189 802 1216 estis
811 1196 872 1215 cum
882 1188 967 1215 male.-

177 1237 300 1264 dixerint
314 1236 405 1268 vobis,
417 1240 443 1263 et
457 1236 596 1270 persecuti
613 1243 662 1262 vos
676 1235 791 1266 fuerint,
807 1238 835 1261 et
848 1234 968 1261 dixerint

177 1289 258 1309 omne
269 1282 370 1309 malum
383 1281 530 1308 adversum
544 1288 592 1307 vos
604 1279 769 1307 mentientes
780 1283 892 1314 propter
903 1286 946 1305 me
960 1287 966 1304 :

177 1328 294 1363 gaudete
317 1331 346 1355 et
361 1327 507 1358 exsultate,
533 1326 662 1361 quoniam
681 1333 788 1353 merces
811 1329 903 1352 vestra
920 1332 967 1352 co-

178 1374 256 1409 piosa
272 1377 314 1401 est
332 1374 359 1400 in
377 1373 455 1400 eoelis
471 1373 504 1399 ".
525 1382 534 1397 ι
563 1372 648 1399 Tuam
664 1376 756 1398 autem
772 1371 903 1406 pietatem
917 1371 967 1397 ob-

177 1428 328 1453 secramus,
350 1425 380 1447 ut
394 1424 455 1447 oret
474 1427 508 1447 ne
532 1420 605 1446 inter
617 1427 665 1447 eos
683 1426 846 1446 censeamur
861 1419 908 1452 qui
924 1418 967 1444 ἰη-

174 1466 274 1500 juriam
291 1465 406 1498 faciunt,
430 1466 479 1493 sed
496 1473 559 1492 cum
579 1465 613 1492 iis
629 1465 675 1499 qui
696 1469 809 1499 propter
826 1463 966 1498 Evangelii

176 1512 322 1542 veritatem
340 1511 469 1547 injuriam
485 1511 638 1551 patiuntur.

214 1673 330 1703 CXLII].
340 1689 374 1694 —
385 1673 498 1701 Audrew
516 1672 642 1699 monac/ro
659 1669 930 1705 Constantinopoleos.

214 1752 272 1780 Etsi
292 1752 423 1787 pietatem
444 1756 519 1778 tuam
539 1759 591 1778 nec
612 1750 668 1777 vidi
685 1757 815 1785 unquam,
840 1757 891 1776 nec
908 1757 968 1776 eam

178 1805 227 1832 per
249 1797 356 1824 litteras
380 1804 441 1824 sum
467 1796 613 1828 allocutus,
636 1799 643 1805 ‘
668 1795 729 1830 ejus
746 1798 835 1821 tamen
863 1799 969 1822 amator

177 1843 267 1870 l'actus
285 1850 346 1870 sum
370 1842 591 1869 ardentissimus.
609 1841 687 1868 llunc
703 1848 769 1867 vero
787 1840 869 1867 nobis
891 1848 969 1867 amo-

179 1897 237 1917 rem
255 1888 391 1920 l‘ecernnt,
415 1891 443 1915 et
466 1888 641 1917 continenter
658 1887 812 1914 accendunt
833 1887 879 1915 illa
908 1894 970 1921 qua:

178 1942 234 1967 una
249 1941 318 1962 voce
332 1934 366 1961 ab
394 1934 429 1961 iis
450 1934 581 1962 dicuntur
593 1934 639 1968 qui
664 1934 717 1961 mel
741 1937 818 1961 tuum
840 1933 969 1968 degusta-

178 1983 252 2007 runt.
269 1979 404 2007 Mirantur
428 1980 530 2014 quippe
557 1987 653 2007 omnes
676 1979 739 2007 ﬁdei
760 1979 968 2010 rectitudinem,

180 2025 288 2064 1238
298 2026 361 2053 vitae
376 2025 542 2057 claritatem,
552 2025 735 2052 constantiam
747 2024 842 2057 animi,
862 2031 970 2050 morum

177 2071 400 2104 consensionem,
419 2070 549 2099 blandam
566 2075 594 2098 et
613 2071 780 2098 allicientem
806 2078 970 2106 congressus

177 2116 364 2148 dulcedinem,
372 2121 400 2143 et
409 2116 463 2145 alia
470 2123 643 2151 quacunque
654 2116 807 2150 perfectum
817 2116 969 2151 depingunt

177 2161 319 2193 alumnum
340 2161 531 2197 philosophiaz.
554 2161 670 2195 Propter
687 2161 746 2188 haec
760 2169 792 2188 ex
808 2161 909 2195 pietate
923 2166 968 2188 tua

178 2214 330 2242 suspensus
343 2206 435 2233 hatreo
452 2215 458 2232 :
475 2205 540 2233 fecit
554 2211 647 2234 autem
659 2214 736 2233 arnor
750 2212 781 2234 ut
795 2207 877 2233 etiam
894 2207 969 2234 litte-

178 2260 223 2279 ras
239 2252 410 2287 auspicarer.
433 2251 467 2278 At
486 2256 525 2283 tu,
540 2252 661 2282 .charum
685 2256 777 2286 caput,
801 2252 873 2286 quod
888 2252 970 2287 cupio

177 2297 312 2325 citissime
329 2296 451 2331 imperti,
468 2301 496 2323 et
514 2296 669 2323 litterarum
682 2296 762 2323 nobis
775 2296 865 2331 praebe
881 2297 968 2325 collo—

178 2342 274 2377 quium
294 2350 300 2368 :
318 2348 446 2376 magnum
466 2341 541 2367 cnim
563 2340 635 2368 inter
655 2348 683 2368 se
705 2340 873 2368 distantibus
897 2341 969 2367 sola-

178 2389 248 2416 tium
262 2388 344 2416 all'ert
360 2387 540 2422 epistolarum
557 2387 737 2414 consuetudo.
754 2387 864 2414 Scribes
877 2391 970 2414 autent

179 2443 235 2462 non
253 2434 369 2462 alterius
382 2433 522 2468 opinionis
540 2433 657 2465 homini,
675 2433 722 2461 sed
739 2434 765 2459 in
780 2433 968 2467 apostolorum

178 2481 325 2515 disciplina
347 2479 467 2511 erudito,
480 2484 508 2507 et
531 2478 674 2509 trinitatis.
697 2486 752 2504 non
775 2477 970 2512 quaternitatis

180 2525 324 2554 asserturi.
336 2525 443 2552 Revera
457 2524 530 2551 enim
542 2531 670 2559 per-mque
687 2523 786 2557 impios
802 2523 896 2549 censui
911 2530 969 2554 eos,

180 2572 229 2606 qui
241 2570 310 2598 duas
321 2570 461 2605 Unigeniti
478 2574 592 2597 naturas
603 2569 631 2595 in
645 2576 727 2595 unam
744 2576 842 2603 cogere
857 2568 969 2599 audent,

180 2622 210 2645 et
223 2618 270 2653 qni
290 2617 438 2644 Dominum
458 2620 584 2643 nostrum
603 2615 696 2642 Jcsum
713 2615 854 2642 Christum
870 2615 969 2642 Filium

181 2663 229 2690 Dei
241 2663 307 2694 vivi,
326 2662 466 2689 hominem
483 2661 584 2689 factum
602 2662 688 2689 Deum
705 2661 836 2691 Verbum,
856 2661 883 2688 in
900 2661 971 2688 duos

180 2709 252 2736 lilios
270 2708 393 2736 dividere
411 2712 557 2742 conantur,
583 2708 606 2735 si
630 2707 676 2743 qui
699 2712 763 2734 sunt
781 2707 902 2740 tandem,
920 2716 970 2744 ego

502 2769 524 2785 ⁷⁸
545 2769 640 2796 Matth.
657 2777 683 2800 γ,
698 2769 740 2800 ll,
758 2769 798 2795 l2.

215 2827 253 2860 (Ἡ
269 2827 314 2854 διά
327 2826 411 2857 Neap.
428 2831 500 2853 recte
516 2826 641 2853 habt-bat.
657 2825 738 2852 Sirm.
757 2825 897 2852 omiserat.

217 2863 253 2898 (Β)
270 2862 314 2886 τὴν
329 2861 353 2887 ἒ.
373 2862 404 2887 ll.
424 2862 468 2887 καί
483 2861 607 2887 addimus
625 2869 657 2888 ex
673 2861 798 2888 versione
813 2860 918 2888 Latina.

214 2770 238 2786 "
256 2771 335 2799 Joan.
352 2778 408 2802 vni,
420 2770 463 2797 ll.

1018 235 1032 260 ό
1046 234 1202 266 ἁξιέπαινος
1219 233 1309 268 ζῆλος,
1322 233 1351 260 ὃν
1365 233 1435 268 ὑπὲρ
1448 233 1497 268 τῆς
1508 233 1690 268 ἀποστολικῆς
1705 233 1817 260 ἐπεδεί-

1020 280 1101 313 ξασθε
1118 280 1246 312 πίστεως,
1264 280 1293 307 οὺ
1319 279 1463 315 βασιλικὴν
1479 279 1617 311 δείσαντες
1636 279 1814 311 δυναστείαν,

1020 326 1069 352 οὐκ
1084 325 1265 360 ἐπισκοπικὴν
1283 325 1454 360 συμφωνίαν.
1479 325 1510 351 Εἰ
1528 324 1582 360 γὰρ
1603 325 1651 351 καὶ
1665 324 1720 351 τῶν
1742 333 1815 351 συν-

1020 371 1186 405 εληλυθότων
1211 371 1234 396 οἱ
1256 370 1376 397 πλεῖστοι
1394 369 1551 406 βιασθέντες
1576 370 1727 402 συνέθεντο,
1749 370 1814 397 ἀλλ’

1018 414 1065 442 οὖν
1079 417 1139 447 ταῖς
1158 416 1329 450 ὑπο-γραφαῖς
1344 415 1393 449 τὴν
1411 415 1508 449 καινὴν
1525 414 1677 450 ὲκράτυναν
1692 415 1814 449 αἵρεσιν.

1022 463 1077 497 Τὴν
1100 461 1128 487 δὲ
1145 461 1280 496 ὑμετέραν
1296 460 1432 495 φιλοθεῖαν
1448 461 1524 488 οὐδὲν
1541 461 1642 487 τούτων
1658 461 1790 487 διέσεισεν
1803 469 1812 476 ·

1021 509 1078 534 ἀλλ’
1093 509 1139 534 ἐπὶ
1163 508 1217 534 τῶν
1240 507 1363 534 παλαιῶν
1386 507 1540 542 διεμείνατε
1557 507 1709 542 δογμάτων,
1726 507 1743 533 ἃ
1761 508 1814 533 καὶ

1020 554 1063 580 διὰ
1075 554 1112 587 (τὶ
1123 553 1174 580 τῶν
1186 553 1333 588 προφητῶν
1342 553 1388 579 καὶ
1402 553 1455 579 τῶν
1468 552 1623 579 ἀποστόλων
1635 554 1744 588 φρονεῖν
1758 552 1814 583 τὰς

1027 600 1192 635 Ὶίκκλησίας
1210 600 1224 626 ὁ
1238 599 1376 634 Δεσπότης
1401 599 1513 631 ἐδίδαξε.
1534 598 1650 630 Τούτους
1668 599 1714 625 καὶ
1727 599 1812 633 ἡμεῖς

1020 648 1083 677 τοὺς
1106 647 1185 681 ὄρους
1211 645 1356 679 φυλάττειν
1377 644 1529 680 εὐχόμεθα,
1557 645 1604 670 καὶ
1625 643 1673 679 τὴν
1699 644 1738 674 είς
1763 643 1812 669 τὸν

1021 693 1068 719 ἕνα
1079 692 1200 727 Πατέρα,
1223 693 1270 718 καὶ
1287 691 1324 727 (8)
1347 691 1392 718 τὸν
1407 691 1455 717 ἕνα
1472 691 1547 723 Υίὺν,
1564 689 1612 716 καὶ
1628 689 1659 716 τδ
1684 689 1712 715 ἓν
1732 689 1812 722 ἅγιον

1022 738 1133 773 Πνεῦμα
1155 738 1246 764 πίστιν
1259 746 1288 764 τε
1312 737 1358 764 καὶ
1372 736 1518 772 ὁμολογίαν
1536 736 1615 771 μέχρι
1638 735 1732 766 τέλους
1755 735 1814 761 δια-

1021 784 1151 819 τηρῆσαι.
1175 784 1207 810 'H
1222 783 1277 818 γὰρ
1295 783 1500 817 ὲνανθρώπησις
1514 782 1560 808 τοῦ
1571 780 1740 815 Μονογενοῢς
1759 781 1813 806 οὐκ

1021 830 1123 865 ηὔξησε
1136 830 1185 864 τῆς
1196 829 1311 865 Τριάδος
1330 829 1375 855 τὸν
1390 828 1517 863 ἀριθμὸν,
1532 827 1599 854 ἀλλὰ
1612 826 1750 862 μεμένηκε
1762 826 1812 853 καὶ

1021 878 1090 912 μετὰ
1105 876 1153 912 τὴν
1163 875 1201 909 (9)
1217 875 1354 910 σάρκωσιν
1364 874 1449 909 Τριὰς
1467 875 1483 909 ἡ
1505 873 1600 908 Τριάς.
1615 872 1693 899 Οὕτω
1706 871 1761 906 γὰρ
1780 871 1813 903 ἐξ

1019 923 1106 958 ἀρχῆς
1127 921 1365 957 ἐμαθητεύθημεν,
1385 920 1471 952 οὕτως
1490 919 1701 954 ἐπιστεύσαμεν,
1722 917 1811 948 οὕτως

1020 967 1236 1002 ἐϐαπτίσθημεν,
1250 967 1336 997 οὕτως
1355 966 1538 1001 ἐκηρύξαμεν,
1552 965 1637 996 οὕτως
1657 964 1812 991 ἐϐαπτίσα-

1021 1022 1079 1049 μεν,
1093 1013 1163 1040 οὕτω
1179 1013 1354 1048 διατελοῦμεν
1375 1012 1543 1045 δοξάζοντες.
1562 1012 1629 1046 Περὶ
1643 1011 1670 1038 δὲ
1689 1011 1736 1038 τοῦ
1751 1011 1811 1037 Ha-

1018 1061 1082 1095 τρὺς
1092 1060 1145 1086 τῶν
1158 1059 1308 1086 λαλούντων
1320 1059 1350 1086 τὸ
1359 1059 1455 1094 ψεῦδος
1471 1060 1485 1085 ὁ
1497 1058 1601 1094 Κύριος
1613 1058 1664 1092 ἔφη
1674 1065 1681 1073 ’
1697 1066 1706 1082 ι
1723 1057 1811 1083 Ὅταν

1019 1105 1086 1140 λαλῇ
1101 1104 1131 1130 τὸ
1146 1103 1252 1139 ψεῦδος,
1267 1105 1299 1130 ὲκ
1313 1103 1367 1130 τῶν
1390 1103 1463 1130 ίδίων
1482 1103 1567 1130 λαλεῖ.
1584 1112 1593 1128 ι
1615 1103 1758 1137 ’Δρμόττει
1780 1101 1810 1128 δὲ

1018 1150 1075 1181 τοῖς
1091 1149 1225 1184 μαθηταῖς
1238 1149 1272 1175 τὰ
1288 1150 1351 1183 περὶ
1371 1149 1419 1176 τοῦ
1435 1148 1595 1176 διδασκάλου
1610 1148 1737 1183 ρηθέντα.
1754 1148 1810 1174 Καὶ

1019 1194 1072 1228 γὰρ
1084 1191 1168 1226 οὗτοι,
1184 1197 1243 1226 ταῖς
1256 1195 1316 1222 καθ’
1329 1195 1408 1230 ἡμῶν
1421 1194 1608 1230 ψευδολογίαις
1626 1194 1808 1229 χρησάμενοι,

1020 1242 1052 1267 ὲκ
1072 1240 1125 1267 τῶν
1153 1241 1225 1267 ἰδίων
1249 1240 1387 1272 λαλοῦσιν,
1409 1241 1439 1267 οὐ
1462 1240 1496 1267 τὰ
1521 1240 1646 1275 ἡμέτερα
1670 1239 1807 1273 λέγουσιν.

1025 1287 1113 1321 Ἥμᾶς
1124 1287 1151 1314 δὲ
1166 1287 1180 1313 ό
1195 1287 1333 1322 Δεσπότης
1346 1286 1507 1321 ψυχαγωγεῖ
1521 1285 1608 1320 λέγων
1622 1294 1628 1301 ·
1644 1294 1653 1311 ι
1668 1286 1810 1320 Μακάριοι

1019 1333 1079 1358 ἐστε
1094 1333 1157 1358 ὅταν
1170 1332 1336 1359 ὀνειδίσωσιν
1352 1333 1436 1367 ὑμᾶς,
1449 1332 1495 1358 καὶ
1506 1330 1634 1364 διώξωσι,
1650 1332 1696 1357 καὶ
1707 1330 1808 1357 εἴπωσι

1020 1379 1073 1405 πᾶν
1088 1379 1204 1413 πονηρὸν
1221 1378 1296 1414 ῥῆμα
1316 1378 1376 1404 καθ’
1391 1377 1468 1412 ὑμῶν
1482 1377 1574 1404 ἕνεκεν
1589 1377 1655 1412 ἐμοῦ
1672 1377 1808 1411 ψευδόμε-

1019 1433 1058 1451 νοι
1077 1433 1083 1439 ’
1102 1423 1210 1459 χαίρετε
1233 1424 1280 1450 καὶ
1301 1423 1477 1457 ἀγαλλιᾶσθε,
1508 1424 1549 1450 ὅτι
1570 1424 1584 1449 ὁ
1607 1423 1701 1458 μισθὸς
1730 1422 1810 1457 ὑμῶν

1020 1469 1103 1501 πολὺς
1116 1469 1145 1496 ὲν
1169 1470 1225 1500 τοῖς
1238 1469 1371 1504 οὐρανοῖς.
1386 1478 1395 1494 ›
1421 1468 1476 1495 Καὶ
1491 1469 1540 1504 τὴν
1560 1469 1608 1504 σὴν
1629 1469 1658 1495 δὲ
1679 1477 1809 1504 παρακα-

981 1522 1002 1549 c
1019 1515 1118 1550 λοῦμεν
1134 1513 1334 1549 προσεύξασθαι
1347 1513 1513 1546 θεοσέὃειαν,
1542 1514 1580 1549 μὴ
1601 1515 1650 1548 τῆς
1671 1513 1726 1539 τῶν
1749 1512 1809 1539 ἁδι-

1019 1561 1137 1587 κούντων
1155 1560 1228 1595 ἡμᾶς
1241 1559 1366 1593 γενέσθαι
1386 1559 1508 1594 μερίδος,
1531 1559 1600 1586 ἀλλὰ
1614 1559 1664 1592 τῆς
1679 1558 1734 1584 τῶν
1749 1558 1808 1592 ἠδι-

1020 1606 1146 1641 κημένων
1160 1605 1205 1631 διὰ
1220 1605 1269 1639 τὴν
1282 1604 1337 1630 τῶν
1351 1603 1525 1638 Εὑαγγελίων
1542 1603 1682 1638 ἀλήθειαν.

1019 1662 1108 1689 ΡΜΡ.
1135 1677 1171 1681 -
1199 1661 1321 1695 Ἀνδρέᾳ
1345 1659 1503 1719 ﬂagitia-tt
1523 1659 1810 1687 Κωνσταντινουπό-

1369 1704 1454 1723 ,ιεωικ

1056 1751 1124 1778 Οὔτε
1139 1751 1306 1786 θεασάμενος
1320 1751 1430 1778 πώποτε
1447 1752 1497 1786 τὴν
1511 1751 1559 1787 σὴν
1577 1750 1731 1780 εὐσέϐειαν,
1746 1749 1809 1775 οὔτε

1019 1798 1063 1824 διὰ
1077 1798 1249 1833 γραμμάτιον
1266 1797 1417 1832 ὁμιληκὼς,
1433 1798 1552 1832 ἐραστὴς
1572 1796 1657 1831 αὐτῆς
1672 1795 1809 1830 ἐγενόμην

1021 1844 1197 1880 θερμότατος.
1227 1843 1379 1877 Είργάσατο
1399 1844 1427 1870 δὲ
1458 1843 1488 1869 τὸ
1516 1843 1636 1877 φίλτρον,
1659 1843 1706 1869 καὶ
1730 1841 1810 1868 τοῦτο

1020 1889 1151 1926 πυρσεύει
1170 1889 1312 1924 διηνεκῶς,
1332 1889 1366 1915 τὰ
1389 1888 1464 1922 παρὰ
1481 1887 1536 1914 τῶν
1555 1888 1601 1914 τοῦ
1626 1887 1673 1914 σοῦ
1701 1886 1810 1922 μέλιτος

1020 1936 1194 1971 γεγευμὲνων
1217 1935 1370 1970 συμφώνως
1395 1934 1540 1968 λεγόμενα.
1561 1932 1737 1967 Θαυμάζουσι
1755 1932 1809 1966 γὰρ

1021 1982 1140 2013 ἅπαντες
1159 1981 1209 2016 τῆς
1235 1982 1353 2011 πίστεως
1378 1980 1427 2014 τὴν
1452 1979 1596 2015 ὀρθότητα,
1619 1978 1668 2013 τὴν
1685 1978 1732 2004 τοῦ
1751 1977 1809 2012 βίου

1021 2025 1210 2061 λαμπρότητα,
1234 2024 1283 2060 τὴν
1308 2023 1467 2050 εὐστάθειαν
1489 2023 1540 2057 τῆς
1560 2022 1660 2057 ψυχῆς,
1685 2021 1736 2056 τὴν
1755 2020 1810 2046 τῶν

1021 2071 1094 2107 ὴοῶν
1120 2071 1265 2106 ἁρμονίαν,
1294 2070 1324 2096 τὸ
1345 2070 1395 2103 τῆς
1429 2068 1571 2099 συνουσίας
1595 2067 1740 2101 ἐπαγωγὸν
1763 2066 1810 2092 καὶ

1021 2118 1117 2152 γλυκὺ,
1136 2117 1184 2144 καὶ
1198 2116 1281 2143 τᾶλλα
1296 2117 1345 2142 ὅσα
1357 2116 1401 2141 τὸν
1421 2115 1524 2142 τέλειον
1535 2113 1689 2148 ὑπογράφει
1699 2112 1749 2146 τῆς
1765 2120 1810 2145 ot-

1021 2164 1149 2198 λοσοφίας
1176 2163 1318 2197 τρόφιμον.
1343 2162 1391 2188 Διὰ
1416 2161 1501 2187 ταῦτα
1524 2161 1574 2195 τῆς
1599 2160 1649 2193 σῆς
1673 2158 1810 2192 φιλοῦεῖας

1021 2211 1182 2246 ἐξήρτημαι.
1208 2210 1236 2236 '0
1255 2209 1283 2235 δὲ
1309 2209 1390 2239 πόθος
1411 2207 1458 2234 καὶ
1475 2206 1648 2242 γραμμάτιον
1665 2204 1747 2240 ἄρξαι
1764 2212 1810 2230 πε-

1021 2256 1143 2290 ποίηκεν.
1169 2254 1248 2286 Ἀλλ’,
1264 2251 1287 2280 ὦ
1307 2253 1369 2288 φίλη
1387 2261 1438 2287 μου
1453 2251 1568 2286 κεφαλὴ,
1586 2250 1699 2286 μετάδος
1713 2249 1751 2279 ὼς
1765 2249 1811 2274 τὰ·

1022 2309 1101 2336 χιστα
1118 2299 1164 2326 τοῦ
1182 2299 1360 2334 ποθουμένου,
1376 2298 1423 2324 καὶ
1438 2298 1488 2333 τὴν
1499 2296 1542 2323 διὰ
1556 2295 1731 2331 γραμμάτων
1745 2294 1810 2329 ἡμῖν

1022 2347 1147 2382 πάρασχε
1161 2345 1286 2378 διάλεξιν.
1310 2344 1416 2379 Ὶκανὴν
1432 2343 1486 2378 γὰρ
1500 2344 1556 2374 τοῖς
1569 2340 1726 2375 διεστηκόσι
1741 2348 1810 2374 παρ-

1023 2393 1079 2427 έχει
1091 2391 1269 2427 ψυχαγωγίαν
1281 2391 1297 2424 ὴ
1313 2390 1345 2416 δι’
1362 2389 1512 2415 ἐπιστολῶν
1528 2387 1631 2423 ὁμιλία.
1651 2385 1769 2421 Γρὰψεις
1781 2385 1809 2411 δὲ

1021 2438 1069 2472 οὐχ
1086 2437 1241 2472 ὲτεροδόξῳ,
1262 2435 1330 2462 ἀλλὰ
1355 2437 1387 2470 τῇ
1410 2434 1462 2461 τῶν
1479 2433 1635 2460 ἀποστόλων
1659 2431 1808 2466 ἐντεθραμ-

1024 2484 1096 2518 μένῳ
1113 2481 1282 2517 διδασκαλίᾳ,
1305 2481 1352 2507 καὶ
1371 2480 1486 2516 Τριάδος
1507 2479 1536 2505 οὐ
1552 2479 1680 2513 τετράδος
1697 2478 1808 2512 κήρυκι.

1022 2529 1068 2564 Τῷ
1079 2529 1135 2555 δντι
1147 2527 1201 2562 γὰρ
1219 2526 1417 2562 παραπλησίως
1432 2525 1571 2559 ὑπείληφα
1584 2523 1734 2554 δυσσεϐεῖς,
1747 2523 1810 2554 τούς

1023 2583 1051 2600 τε
1069 2573 1117 2603 τὰς
1132 2573 1179 2605 δύο
1192 2572 1240 2599 τοῦ
1256 2570 1423 2606 Μονογενοῦς
1441 2570 1536 2605 φύσεις
1549 2570 1588 2601 εἰς
1603 2570 1666 2604 μίαν
1685 2568 1811 2601 συνάγειν

1024 2619 1190 2654 τολμῶντας.
1209 2619 1255 2644 καλ⁸
1271 2618 1334 2649 τοὺς
1346 2617 1391 2643 τὸν
1408 2616 1510 2651 Κύριον
1525 2615 1605 2650 ἡμῶν
1626 2613 1730 2649 Ἰησοῦν
1746 2613 1812 2647 Χριι

1024 2666 1096 2694 στὸν.
1112 2665 1158 2691 τὸν
1178 2664 1243 2690 Υξδν
1257 2663 1304 2690 τοῦ
1325 2663 1392 2689 Θεοῦ
1413 2662 1459 2688 τοῦ
1479 2661 1591 2694 ζῶντος,
1611 2660 1656 2686 τὸν
1678 2659 1812 2694 ἐνανθρω-

1026 2711 1149 2746 πήσαντα
1162 2709 1228 2736 Θεὸν
1239 2708 1334 2741 Λόγον,
1352 2708 1389 2739 εἰς
1410 2707 1456 2734 δύο
1473 2706 1594 2741 μερίζειν
1609 2703 1813 2740 ἐπιχειροῦντας

1063 2826 1099 2859 (9)
1120 2827 1166 2860 τήν
1183 2834 1214 2853 ex
1231 2825 1314 2859 Neap.
