1945 3058
109 195 178 228 1369

766 173 946 208 EPISTOLA
971 171 1016 201 CX
1023 171 1095 200 LIV.

1676 157 1747 191 1370

110 218 177 228 Ιυυυ

110 249 196 281 υἱούς.
218 247 304 282 Εἴπερ
319 245 374 282 ἄρα
388 243 461 274 τινές
478 242 560 268 εἰσιν·
577 239 633 274 ἐγὼ
652 237 705 273 γὰρ
725 236 775 262 οὐκ
789 235 880 268 οἴομαι
892 239 898 245 ·
918 244 922 257 l

976 229 1026 254 uim
1050 235 1105 254 non
1121 230 1188 261 puto
1203 233 1209 250 :
1230 223 1279 251 sed
1303 223 1374 249 hanc
1392 218 1680 255 scmperealumniam
1696 218 1746 245 Ec-

976 276 979 282 .
1015 275 1021 280 -
1095 273 1101 279 σ
1120 272 1170 282 λέγει
1186 269 1345 282 -.ιλ-..μηδι
1368 268 1470 282 nuta-nx
1484 264 1644 282 Annllinurin
1656 269 1746 282 norma

112 279 184 323 ἀλλά
196 279 298 328 ταύτην
314 279 354 319 ἀεὶ
371 291 420 326 τὴν
437 287 618 323 συκοφαντίαν
634 284 704 312 κατὰ
721 282 770 318 τῆς
790 279 905 312 Ἐκκλη-

113 343 174 374 σίας
194 341 218 367 οἱ
236 340 286 374 τῆς
311 337 417 374 Ἀρείου
442 336 488 362 καὶ
508 333 654 368 Εὐνομίου,
673 330 722 357 καὶ
749 328 841 364 μέντοι
859 325 906 351 καὶ

121 371 326 422 Ἀπολλινα-ρίου
345 371 510 418 ’συμμορίας
546 379 658 413 ἀναίδην
681 375 827 411 ἐξύφηναν.
851 371 907 397 Καὶ

117 434 205 470 ῥᾴδιον
226 432 327 466 γνῶναι
353 430 409 460 τοῖς
432 426 596 461 φιλοπόνοις,
623 423 661 454 ὡς
684 422 710 448 οἱ
733 418 908 453 πανεύφημοι

739 467 751 470 -
895 461 901 470 ι

117 461 238 514 Πατέρες
252 476 342 512 ἡμῶν,
358 474 413 501 τῶν
433 470 602 504 Ἐκκλησιῶν
617 470 641 495 οἱ
660 467 814 503 φωστῆρες,
833 461 908 497 ’παρὰ

117 526 171 552 τῶν
264 507 394 557 Emesa;
421 517 526 554 ἐχθρῶν
549 515 649 549 ταύτην
670 513 720 547 τὴν
743 507 909 545 κατηγορίαν

120 570 282 605 ὑπέμειναν,
304 568 338 603 ἢν
358 565 405 592 νῦν
430 564 511 599 ἡμεῖς
526 561 602 597 παρὰ
621 560 676 586 τῶν
694 557 839 593 βελτίστων
860 554 910 588 ὑφ-

121 597 256 650 ιστάμεοα
357 597 458 644 καινῆς.
476 607 626 643 προμάχων
655 603 796 639 αἱρέσεως.
823 597 873 625 Ὧν
897 598 911 624 ὁ

121 663 257 696 πάνσοφος
289 659 427 693 Δεσπότης
455 656 597 691 ἐγύμνωσε
624 654 673 688 τὴν
697 649 834 678 ἀσέϐειαν.
861 648 911 674 οὐκ

121 694 307 744 ἀνασχόμενος
336 706 385 741 τὴν
408 703 520 731 ἀνοσίαν
540 702 648 737 αἵρεσιν
670 700 702 734 τῇ
733 694 912 732 μακροθυμίᾳ

123 754 268 791 κρατῦναι.
292 751 417 782 Πεισθεὶς
435 749 526 776 τοίνυν
544 747 582 778 ὡς
611 744 760 781 ὀμοδόξοις,
783 742 911 770 δέσποτα,

122 784 239 835 γράφεις
260 797 363 833 (ρᾁιον
384 795 412 822 δέ
434 803 475 821 σοι
493 792 573 820 τοῦτο
591 791 640 818 καὶ
655 790 686 816 ἐκ
710 787 815 815 πολλῶν
835 784 913 821 ἡμῶν

125 831 348 881 συγγραμμάτων
362 840 480 877 μαθεῖν),
494 838 599 868 ἀντίδος
611 836 645 863 τὰ
654 835 815 870 γράμματα.
834 831 913 857 Ἔστι

123 892 177 926 γὰρ
192 890 277 917 ταῦτα
292 888 383 918 πάλιν,
407 887 455 913 σὺν
473 884 533 920 Θεῷ
550 883 644 918 φάναι,
668 882 716 916 τῇς
741 879 851 913 ἀγάπης
868 878 913 902 ὲκ-

128 937 266 972 κιιύματα.
284 935 340 970 Πρὸ
354 933 381 960 δὲ
395 932 450 959 τῶν
470 930 653 967 γραμμάτων,
668 927 713 958 δὸς
726 926 781 952 τῶν
798 931 915 959 προσευ-

127 970 243 1018 χῶν-τὴν
258 981 392 1017 βοήθειαν,
411 979 457 1006 καὶ
475 977 520 1004 τὸν
534 975 635 1010 ἀγαθὸν
650 973 728 1009 ἡμῶν
741 970 915 1004 ἀντιϐοληοον

126 1029 238 1063 Κύριον,
257 1027 325 1064 πρὸς
341 1027 391 1060 τὴν
407 1024 514 1058 ἀπλανῆ
539 1020 703 1049 κατευθῦναι
723 1017 837 1053 πορείαν
853 1015 917 1046 τοὺς

126 1060 384 1110 ἡμετέρουςτπόδας,
401 1071 445 1096 ἴνα
461 1069 530 1105 μετὰ
546 1069 600 1095 τῶν
627 1065 709 1093 αὑτοῦ
720 1064 810 1099 νόμων
822 1060 917 1094 ὲξανύ-

128 1107 220 1156 ἐῶμεν
233 1120 278 1146 τὸν
297 1118 457 1152 λειπόμενον
472 1115 582 1151 δρόμον.
595 1113 686 1148 Ἐχων
697 1111 752 1146 γὰρ
765 1109 816 1145 τὴν
827 1109 859 1134 ἐκ
869 1107 918 1142 τῆς

128 1154 253 1200 καθαρᾶς
268 1163 359 1200 βιοτῆς
378 1161 546 1198 παρρησίαν,
560 1162 646 1195 ῥᾷστα
664 1157 769 1188 πείσεις
783 1155 828 1181 τὸν
841 1154 919 1187 εὐερ-

128 1213 217 1245 γετεῖν
231 1211 418 1245 ἐπειγόμενον.

305 1266 393 1293 ΡΜΔ¹.
410 1280 445 1284 ——
463 1264 527 1296 Τοῖς
543 1261 746 1296 στρατιώταις.

166 1322 223 1350 Μία
240 1322 288 1356 μὲν
305 1320 414 1347 πάντων
429 1319 579 1354 ἀνθρώπων
596 1317 686 1351 φύσις,
702 1315 769 1343 αἰδὲ
782 1314 836 1341 τῶν
857 1313 921 1348 βίων

131 1366 306 1402 προαιρέσεις
318 1364 414 1391 πολλαὶ
429 1364 476 1390 καὶ
486 1363 619 1397 διάφοροι.
635 1361 666 1388 Ol
689 1360 738 1395 μὲν
757 1359 811 1394 γὰρ
830 1366 921 1384 ναυτι-

132 1413 189 1443 κὸν,
208 1412 232 1438 οἱ
245 1411 274 1437 δὲ
290 1409 438 1445 πολεμικὸν
448 1408 587 1444 αἱροῦνται
606 1407 672 1442 βίον⁴
685 1406 732 1433 καὶ
743 1405 767 1431 οἱ
783 1405 831 1440 μὲν
845 1403 923 1437 ἀθλη-

131 1458 219 1489 τικὸν,
239 1458 264 1484 οι
277 1457 306 1483 δὲ
317 1454 479 1491 γεωργικόν·
496 1454 542 1480 καὶ.
556 1454 580 1480 οἱ
596 1453 644 1489 μὲν
659 1452 750 1487 τήνδε,
764 1452 788 1477 οἱ
801 1450 829 1476 δὲ
845 1449 923 1484 τήνδε

132 1504 181 1539 τὴν
200 1503 297 1538 τέχνην
309 1500 538 1537 μεταχειρίζουσι.
551 1499 606 1525 Καὶ
619 1499 661 1524 ἵνα
671 1497 720 1528 τὰς
736 1496 819 1526 ἄλλας
839 1503 924 1530 παρα-

133 1550 205 1576 λίπω
220 1548 360 1583 διαφορὰς,
373 1547 398 1573 οἱ
412 1547 461 1581 μέν
477 1547 530 1572 εισι
545 1544 599 1570 τῶν
615 1542 766 1578 ἀνθρώπων
785 1540 924 1567 σπουδαῖοι

135 1595 182 1620 καὶ
193 1575 321 1628 ὲμμελείς
337 1575 400 1627 περὶ
412 1575 449 1617 τὰ
461 1590 531 1621 θεῖα,
542 1588 650 1616 καὶτῶν
663 1575 852 1614 ἀποστολικῶν
865 1577 927 1618 δογῖ
939 1575 961 1605 C

138 1641 230 1675 μάτων
257 1637 462 1665 ἐκπαιδεύονται
489 1637 539 1671 τὴν
561 1635 714 1670 ἀκρίϐειαν·
736 1633 760 1659 οί
781 1632 809 1658 δὲ
827 1631 926 1665 γαστρὶ

134 1684 299 1716 δουλεύουσι,
319 1684 366 1710 καὶ
386 1682 440 1709 τῶν
459 1681 580 1716 αἰσχρῶν
592 1680 694 1715 ἡδονῶν
714 1678 763 1714 τὴν
778 1677 926 1704 ἀπόλαυσιν

136 1731 286 1766 εὐημερίαν
301 1729 547 1764 ὑπολαμϐάνουσιν·
568 1727 641 1754 ἄλλοι
657 1725 685 1751 δέ
709 1733 740 1759 γε
765 1723 842 1760 μέσοι
866 1722 928 1749 τού-

135 1786 190 1804 των
217 1776 351 1803 κάκείνων
372 1776 437 1807 εἰσὶ,
453 1773 500 1800 καὶ
517 1773 579 1800 οὔτε
601 1772 649 1807 τὴν
665 1769 864 1805 ἐπαινουμένην
880 1768 927 1803 ξην

136 1821 212 1847 λοῦσι
227 1819 355 1855 σπουδὴν,
373 1819 435 1846 οὔτε
450 1818 494 1845 τὸν
507 1818 657 1845 ἀκόλαστον
672 1815 840 1846 ἀσπάζονται
858 1813 927 1847 βίον,

136 1869 186 1902 τὴν
200 1867 228 1894 δὲ
242 1866 381 1901 ἁπλότητα
392 1865 493 1900 τιμῶσι
503 1864 552 1898 τῆς
566 1863 692 1893 πίστεως.
719 1860 853 1895 Ἦγοῦμαι
871 1859 928 1885 τοί-

136 1922 183 1940 νυν
198 1913 261 1944 τοὺς
277 1911 483 1945 ὲπισκήψαντας
497 1909 592 1943 ἐκείνῳ
601 1907 640 1942 τῷ
654 1908 736 1941 λόγῳ,
752 1906 780 1938 ὃς
797 1914 878 1940 φησιν
891 1903 929 1930 εί-

137 1959 180 1985 ναί
201 1966 262 1984 τινα
286 1955 427 1987 παντελῶς
450 1954 568 1981 ἀδύνατα
588 1953 628 1987 τῷ
643 1952 712 1988 Θεῷ,
728 1952 758 1978 οὐ
773 1951 827 1978 τῶν
848 1959 929 1976 σπου-

137 2003 219 2031 δαίων
238 2000 318 2035 εἶναι,
340 2001 388 2028 καὶ
402 2001 436 2028 τὰ
447 2000 506 2027 θεῖα
522 1999 756 2032 πεπαιδευμένων,
770 1997 827 2024 ἀλλ’
839 1996 856 2032 ἣ
868 1995 928 2022 τού-

138 2058 203 2080 των.
226 2048 250 2075 οἳ
272 2048 321 2084 τὴν
341 2046 485 2082 ἀκρίϐειαν
503 2046 557 2072 τῶν
577 2044 763 2072 ἀποπολικῶν
786 2043 930 2078 δογμάτων

139 2096 190 2122 οὐκ
206 2096 306 2126 tamen),
317 2094 334 2129 ἢ
344 2094 468 2124 ἐκείνων,
484 2092 508 2119 οἳ
528 2093 589 2124 ταῖς
605 2090 784 2125 ἡδυπαθείαις
797 2088 929 2116 δεδουλω-

139 2142 215 2177 μένοι
233 2141 299 2176 πρὸς
313 2141 376 2172 τοὺς
387 2139 501 2174 καιροὺς
516 2137 740 2173 μεταϐάλλονται,
758 2135 806 2162 καὶ
817 2134 864 2161 νῦν
882 2133 930 2168 μὲν

137 2186 234 2216 ταῦτα,
255 2184 302 2211 νῦν
319 2184 347 2211 δὲ
360 2185 452 2210 ἐκεῖνα
466 2182 675 2218 πρεσὸεύουσιν.
697 2180 805 2215 Ἐπειδὴ
821 2179 849 2206 δὲ
861 2179 929 2215 γρά-

137 2232 187 2266 ψαι
204 2230 384 2265 περὶτούτων
400 2229 473 2264 ἡμᾶς
491 2229 621 2263 ᾐτήσατε,
639 2228 718 2262 σιγᾷν
733 2227 777 2252 ἐπὶ
797 2225 842 2252 τοῦ
860 2233 931 2260 παρ-

137 2277 213 2307 όντος
228 2275 438 2310 βεϐουλευμένος
453 2274 558 2310 βραχέα
571 2274 659 2300 εἰπεῖν
675 2272 874 2306 ἀναγκάζομαι,
894 2272 926 2306 τῇ

139 2323 290 2358 Δεσποτικῇ
306 2322 467 2355 πειθόμενος
479 2320 584 2356 ἐντολῇ*
603 2330 612 2345 ι
625 2319 710 2346 Παντὶ
728 2318 791 2353 γὰρ,
803 2318 881 2352 φησὶ,
891 2317 929 2352 τῷ

138 2368 257 2395 αἰτοῦντί
275 2376 305 2393 σε
318 2367 398 2393 δίδου.
420 2377 428 2392 ι

181 2414 276 2447 Ἡμεῖς
288 2412 377 2439 τοίνυν
393 2412 483 2439 πάντα
501 2412 549 2448 μὲν
569 2411 698 2438 δύνασθαί
715 2418 805 2444 φαμεν
817 2409 860 2435 τὸν
875 2408 929 2434 τῶν

138 2459 208 2486 ὅλων
224 2458 300 2484 Θεόν·
316 2459 350 2493 τῇ
363 2459 391 2485 δὲ
404 2457 504 2485 πάντα
524 2458 598 2492 φωνῇ
613 2457 681 2492 μόνα
698 2455 732 2482 τὰ
749 2455 819 2481 καλὰ
837 2454 883 2481 καὶ
898 2454 931 2481 τὰ

140 2505 232 2540 ἀγαθὰ
246 2503 566 2540 συμπεριλαμϐάνεσθαι.
589 2504 618 2529 Ὀ
636 2502 691 2537 γὰρ
705 2502 784 2536 φύσει
803 2501 884 2536 σοφός
900 2509 930 2527 τε

140 2552 188 2579 καὶ
201 2551 304 2586 ἀγαθὸς
316 2551 392 2577 οὐδὲν
405 2550 460 2577 τῶν
473 2550 603 2577 ἐναντίων
619 2549 771 2586 προσίεται,
785 2548 852 2574 ἀλλὰ
865 2548 932 2583 μόνα.

139 2597 176 2624 τὰ
189 2599 222 2633 τῇ
243 2597 324 2632 φύσει
336 2597 487 2632 πρέποντα.
505 2597 536 2622 Εἰ
549 2595 576 2622 δέ
592 2604 666 2626 τινες
682 2595 854 2629 ἀντιλέγουσι
864 2594 931 2627 τῷδε

139 2642 179 2677 τῷ
190 2643 274 2677 λόγῳ,
291 2642 386 2678 ἔρεσθε
399 2642 507 2674 αὐτοὺς,
523 2642 546 2668 εἰ
557 2642 668 2668 δύναται
682 2640 833 2676 ψεύσασθαι
849 2641 862 2666 ὁ
878 2640 932 2665 τῶν

140 2687 208 2715 ὅ)ων
221 2688 287 2719 Θεὸς
305 2688 357 2722 τῆς
377 2687 506 2723 ἀληθείας
525 2687 683 2723 νομοθέτηςυ
699 2686 750 2714 κᾶν
766 2686 815 2722 μὲν
831 2686 933 2713 εἴποιεν

140 2733 252 2760 δυνατὸν
269 2733 308 2768 τῷ
320 2733 378 2768 Θεῷ
389 2734 420 2760 τὸ
431 2733 538 2768 ψεῦδος,
550 2733 587 2765 ὡς
597 2733 736 2765 δυσσεϐεῖς
750 2733 798 2759 καὶ
815 2731 934 2767 βλασςρή-

145 2787 210 2813 μους
229 2778 279 2814 τῆς
290 2779 425 2814 ὑμετέρας
442 2780 597 2815 συμμορίας
612 2778 767 2811 ἐξελάσατε.
780 2778 812 2804 Εἰ
828 2778 856 2804 δὲ
870 2778 933 2804 σύν-

144 2824 232 2851 θοιντο
248 2824 295 2851 καὶ
307 2825 393 2857 αὐτοὶ,
407 2826 443 2860 μὴ
458 2826 571 2853 δυνατὸν
585 2823 652 2852 εἶναι
665 2825 743 2852 τοῦτο
753 2824 792 2860 τῷ
803 2825 855 2852 τῶν
867 2824 934 2850 ὅλων

177 2905 201 2922 ’⁷
221 2903 288 2932 Luc.
302 2913 339 2937 rt,
353 2905 396 2932 50.

957 275 1047 304 clesiaa
1055 273 1103 309 qui
1113 272 1172 300 Arii
1183 276 1210 298 et
1218 269 1359 301 Eunomii,
1367 268 1470 303 quique
1479 264 1645 301 Apollinaris
1656 269 1749 299 partes

958 326 1112 353 sectantur,
1133 318 1310 354 impudenter
1320 315 1497 343 aﬁinxerunt.
1520 312 1560 340 Ac
1581 320 1648 339 vero
1668 310 1750 339 facile

958 374 1002 398 est
1015 366 1194 403 diligentibus
1209 363 1356 399 pervidere
1372 359 1572 388 celeberrimos
1588 358 1683 385 Patres
1701 364 1752 384 no-

960 420 1044 447 stros,
1060 413 1165 441 lumina
1181 410 1379 440 Ecclesiarum,
1396 407 1468 434 lianc
1485 406 1572 441 ipsam
1589 412 1605 432 a
1623 403 1751 431 veritatis

961 462 1088 490 hostibus
1104 458 1325 487 criminationem
1337 462 1433 490 passos
1449 461 1521 483 esse,
1537 459 1620 486 quam
1633 458 1685 477 nos
1699 449 1753 476 hoc

961 513 1087 542 tempore
1105 505 1139 532 ab
1163 503 1278 539 optimis
1298 508 1377 528 novas
1397 500 1536 527 haereseos
1559 494 1753 524 defensoribus

962 554 1141 581 sustinemus.
1170 550 1293 583 Quorum
1327 547 1498 582 impietatem
1533 541 1754 578 sapientissimus

961 600 1097 628 Dominus
1109 596 1248 634 patefecit,
1259 603 1315 622 non
1327 593 1493 629 permittens
1505 591 1636 618 diuturna
1647 587 1755 623 patien—

963 648 1000 674 tia
1010 645 1146 673 nefariam
1159 641 1277 670 ἣξει-θείη
1293 638 1479 668 corroborari.
1491 637 1591 664 Italum
1605 634 1689 669 igitur
1703 632 1755 659 ha-

964 693 1043 724 bens,
1056 690 1178 721 domine,
1194 692 1220 715 te
1238 687 1272 714 ad
1286 686 1349 714 ﬁdei
1366 688 1509 713 consortes
1526 682 1650 709 scribere
1670 677 1756 714 (quod

965 739 1014 766 tibi
1026 736 1105 764 facile
1121 739 1162 762 est
1177 741 1212 761 ex
1227 732 1322 760 multis
1340 728 1581 758 lucubrationibus
1597 725 1699 753 nostris
1711 731 1757 751 co-

965 782 1110 818 gnoscere)
1127 781 1235 808 litteras
1249 778 1332 805 redde
1345 786 1351 803 :
1364 779 1447 803 erunt
1461 774 1534 801 enim
1550 773 1593 799 liae
1607 778 1716 801 rursus.
1734 769 1756 796 si

965 816 1022 859 Deo
1033 830 1134 865 placet,
1146 827 1180 854 ad
1192 825 1355 853 cbaritatem
1369 822 1556 849 incitamenta.
1569 819 1639 845 Ante
1651 816 1759 843 litteras

966 881 1058 904 autem
1070 881 1183 910 precum
1200 871 1334 899 auxilium
1349 867 1456 904 1239
1471 865 1624 900 impertire,
1638 863 1757 890 bonum—

931 909 951 936 Β
967 931 1020 958 que
1035 921 1182 949 Dominum
1202 921 1329 945 nostrum
1341 922 1424 942 exora
1435 935 1442 946 ,
1459 917 1490 940 ut
1509 912 1543 939 ad
1564 911 1636 937 viam
1654 914 1757 936 rectam

968 954 1054 1005 pedes
1070 958 1181 994 nostros
1198 964 1309 999 dirigat,
1328 961 1399 989 unde
1415 964 1443 987 et
1458 959 1595 993 reliquum
1612 955 1704 990 ipsius
1720 954 1761 981 le-

968 1024 1033 1052 gum
1054 1021 1166 1041 cursum
1186 1016 1360 1046 peragamus.
1381 1007 1448 1035 Nam
1470 1012 1533 1032 cum
1550 1012 1584 1030 ex
1601 1001 1760 1036 integritate

970 1046 1032 1088 rita:
1047 1059 1176 1087 ﬁduciam
1193 1056 1310 1090 adeptus
1325 1054 1374 1085 sis,
1385 1053 1411 1080 ei
1422 1051 1469 1087 qui
1483 1050 1517 1078 ad
1528 1046 1760 1077 benefaciendum

971 1110 1083 1143 paratus
1098 1109 1140 1132 est
1154 1102 1284 1131 facillime
1301 1097 1493 1135 persuadebis.

1192 1254 1306 1282 CXLlV.
1319 1268 1355 1272 ——-
1370 1253 1379 1261 ‘
1395 1249 1532 1278 Militibus.

1008 1315 1067 1343 Una
1085 1312 1198 1348 quidem
1215 1310 1339 1337 omnium
1357 1307 1501 1335 hominum
1520 1308 1563 1332 est
1577 1308 1685 1333 natura,
1703 1301 1765 1329 vitae

973 1366 1065 1390 autem
1082 1359 1208 1387 instituta
1224 1357 1312 1384 multa
1334 1359 1398 1382 sunt
1411 1356 1439 1380 et
1456 1352 1575 1379 diversa.
1595 1349 1647 1376 Alii
1663 1347 1765 1383 quippe

974 1407 1124 1436 nauticam,
1143 1404 1189 1431 alii
1204 1402 1351 1429 militarem
1368 1399 1451 1426 vitam
1465 1397 1581 1431 eligunt,
1601 1398 1628 1421 et
1646 1393 1763 1428 quibus-

975 1453 1037 1480 dam
1050 1449 1180 1478 athletica
1191 1448 1291 1483 placet,
1307 1443 1472 1480 quibusdam
1491 1441 1640 1470 rusticana.
1657 1443 1685 1465 ct
1696 1438 1767 1465 hanc

975 1498 1087 1534 quidem
1109 1495 1167 1527 alii,
1184 1494 1256 1521 hanc
1276 1492 1322 1519 alii
1345 1483 1433 1518 artem
1453 1491 1593 1516 exercent.
1614 1486 1716 1520 Atque,
1737 1488 1768 1510 ut

977 1529 1093 1572 emeras
1114 1539 1287 1569 differentias
1311 1536 1533 1572 prwtermittam,
1560 1531 1704 1559 hominum
1721 1529 1767 1556 alii

977 1594 1042 1618 sunt
1054 1589 1128 1616 circa
1141 1595 1186 1614 res
1195 1585 1303 1613 divinas
1318 1581 1434 1610 studiosi
1447 1584 1474 1608 et
1485 1579 1585 1610 exacti,
1601 1577 1648 1612 qui
1663 1580 1691 1603 et
1704 1583 1769 1609 apo-

978 1636 1074 1664 stolica
1097 1633 1226 1668 dogmata
1253 1629 1418 1658 condiscant
1442 1629 1569 1654 accurate
1587 1632 1593 1650 :
1611 1623 1657 1650 alii
1678 1620 1768 1648 ventri

978 1681 1116 1713 serviunt,
1134 1678 1311 1713 turpiumque
1323 1674 1496 1709 voluptatum
1514 1671 1633 1697 fructum
1652 1668 1769 1695 felicita-

979 1733 1033 1756 tem
1050 1726 1221 1755 arbitrantur
1235 1732 1241 1749 :
1254 1722 1301 1749 alii
1317 1721 1368 1748 llos
1385 1720 1455 1747 inter
1469 1722 1499 1746 et
1517 1717 1578 1744 illos
1594 1718 1659 1743 sunt
1675 1713 1769 1744 medii,

978 1775 1025 1810 qui
1039 1781 1091 1800 nec
1107 1769 1240 1799 laudabili
1262 1767 1354 1796 studio
1378 1766 1425 1792 illo
1443 1765 1594 1794 ducuntur,
1612 1769 1664 1788 nec
1676 1760 1772 1787 incon—

979 1806 1106 1847 tinentia:
1119 1820 1183 1844 sunt
1196 1813 1294 1845 dediti,
1307 1811 1354 1839 sed
1369 1811 1432 1837 fidei
1445 1808 1651 1844 simplicitatem
1666 1806 1771 1833 colunt.

979 1864 1114 1892 Existimo
1133 1869 1199 1896 ergo
1214 1867 1262 1887 eos
1276 1859 1323 1894 qui
1340 1857 1445 1884 dictum
1465 1854 1531 1882 illud
1552 1852 1770 1887 reprehendunt,

980 1909 1053 1945 quod
1067 1908 1124 1936 Deo
1135 1905 1261 1941 quazdam
1274 1901 1458 1938 impossibilia
1470 1907 1586 1935 prorsus
1601 1905 1661 1925 esse
1676 1897 1724 1928 ait.
1743 1896 1771 1922 in

981 1954 1168 1982 studiosorum
1189 1950 1346 1984 divinisque
1369 1948 1396 1974 in
1423 1946 1508 1974 rebus
1529 1944 1703 1972 eruditorum
1722 1950 1774 1968 nu-

980 2008 1057 2028 mero
1077 2007 1132 2026 non
1155 2005 1226 2029 esse,
1255 1996 1303 2023 sed
1326 2002 1423 2022 eorum
1444 1993 1537 2028 potius
1556 1990 1602 2025 qui
1623 1989 1773 2024 apostolica

981 2049 1108 2083 dogmata
1119 2049 1247 2073 accurate
1262 2050 1317 2069 non
1334 2045 1447 2072 norunt,
1461 2043 1509 2066 aut
1521 2045 1617 2065 eorum
1631 2036 1677 2071 qui
1695 2035 1774 2062 volu—

980 2093 1104 2129 ptatibus
1133 2089 1206 2125 capti
1235 2095 1298 2116 cum
1323 2092 1446 2120 tempore
1474 2087 1627 2114 mutantur,
1650 2085 1678 2108 et
1699 2087 1775 2108 nunc

981 2141 1043 2170 ista,
1063 2145 1137 2165 nunc
1154 2136 1207 2163 alia
1229 2133 1403 2170 proﬁtentur.
1421 2130 1555 2164 Quoniam
1572 2133 1664 2156 autem
1682 2127 1715 2154 de
1731 2125 1775 2153 his

981 2194 996 2212 ιι
1012 2192 1055 2212 me
1074 2183 1158 2211 scribi
1174 2180 1345 2217 postulastis,
1361 2178 1413 2206 etsi
1436 2177 1518 2205 silere
1541 2176 1569 2202 in
1581 2180 1702 2210 prazsens
1719 2176 1774 2199 sta-

984 2237 1103 2260 tueram,
1115 2236 1202 2264 pauca
1213 2227 1307 2254 dicere
1319 2224 1481 2259 compellor,
1497 2221 1605 2249 Domini
1618 2220 1774 2254 obsequens

983 2276 1113 2304 mandato
1131 2283 1138 2302 :
1159 2284 1167 2300 ι
1183 2273 1263 2301 Omni
1279 2270 1384 2307 petenti
1404 2275 1429 2297 te
1446 2269 1537 2296 tribue
1550 2267 1582 2294 ⁷⁷.
1603 2276 1611 2292 ι

1020 2410 1075 2436 Nos
1102 2409 1185 2444 igitur
1209 2406 1302 2434 omnia
1324 2404 1436 2440 quidem
1459 2410 1540 2438 posse
1560 2399 1667 2435 1240
1689 2399 1776 2426 Deum

985 2456 1178 2484 universorum
1198 2453 1336 2485 dicimus,
1362 2451 1410 2478 sed
1432 2450 1550 2476 omuium
1566 2446 1700 2474 vocabulo
1721 2444 1777 2471 sola

987 2505 1102 2530 honesta
1116 2507 1144 2529 et
1158 2501 1230 2528 bona
1243 2497 1451 2534 comprehendi.
1468 2496 1519 2529 Qui
1533 2495 1606 2522 enim
1619 2497 1716 2520 natura
1735 2494 1778 2518 est

987 2549 1098 2584 sapiens
1105 2552 1133 2575 et
1140 2547 1241 2579 bonus,
1258 2544 1461 2573 contrariorum
1472 2541 1578 2568 nullum
1590 2537 1720 2569 admittit,
1730 2535 1777 2564 sed

987 2602 1019 2621 ea
1043 2598 1148 2621 tantum
1170 2599 1231 2626 qua:
1254 2594 1359 2617 natura:
1384 2586 1562 2615 conveniunt.
1584 2583 1662 2617 Quod
1686 2582 1709 2610 si
1729 2581 1777 2617 qui

987 2644 1070 2667 erunt
1086 2638 1133 2674 qui
1148 2637 1350 2666 contradicaut,
1366 2634 1533 2666 interrogate
1548 2631 1609 2657 illos
1621 2637 1655 2656 an
1669 2627 1777 2655 mentiri

989 2685 1075 2720 possit
1083 2684 1278 2711 universorum
1288 2682 1372 2711 Deus,
1386 2679 1433 2714 qui
1444 2677 1568 2705 veritatis
1579 2680 1621 2702 est
1629 2674 1776 2710 legislator.

989 2732 1027 2758 Ac
1037 2730 1180 2765 siquidem
1190 2727 1302 2756 mentiri
1316 2728 1402 2754 Deutn
1415 2732 1495 2760 posse
1507 2722 1638 2753 dixerint,
1649 2726 1778 2755 tauquam

991 2778 1089 2813 impios
1111 2781 1139 2804 et
1158 2775 1343 2810 blaspliemos,
1356 2773 1391 2800 de
1412 2777 1484 2799 cortu
1505 2774 1597 2797 vestro
1623 2766 1778 2795 exturbato.

991 2825 1037 2852 Sin
1049 2823 1218 2851 asscnserint
1235 2825 1262 2849 et
1279 2820 1342 2855 ipsi,
1356 2819 1408 2846 hoc
1421 2819 1506 2845 Deum
1520 2815 1711 2842 universorum
1725 2819 1776 2838 nor
