1945 3058
181 147 248 180 1375

669 145 911 175 THEODORETI
930 145 1099 175 EPISCOPI
1118 143 1300 189 CYRENSlS

1736 138 1807 172 1376

215 203 278 230 Haec
293 202 348 229 illis
359 201 470 229 reeitate
487 201 533 236 qui
550 200 742 228 contradicunt
755 211 761 228 :
776 191 803 228 et
815 201 838 229 si
852 201 964 236 quidem

1052 201 1144 227 Ταῦτα
1159 201 1214 232 τοῖς
1227 199 1411 234 ἀντιλέγωσιν
1426 197 1669 232 ὑπανάγνωτεσλαὶ
1704 198 1727 223 εί
1754 198 1806 231 μὲν

181 255 342 281 persuasum
358 247 399 274 eis
422 246 515 279 fuerit,
539 246 641 273 bonum
671 246 816 274 Dominum
845 246 965 278 laudate,

182 292 255 327 quod
266 297 358 319 vestra
375 291 481 327 12M
497 291 639 326 diligentia
656 291 803 319 utilitatem
817 293 899 319 etiam
913 292 967 319 illis

183 337 240 371 ipse
255 335 411 362 contulerit.
427 335 475 362 Sin
487 337 689 370 permanserint
703 336 848 369 increduli,
862 336 966 363 nullam

180 388 242 408 eum
256 381 297 408 eis
313 381 346 407 de
362 380 535 415 dogmatibus
556 381 622 408 inite
645 381 860 416 disputationem
874 390 880 407 :
892 385 967 408 vetat

179 426 252 453 enim
273 426 385 454 divinus
413 426 578 461 Apostolus:
597 437 605 451 ι
620 426 793 454 Contendere
819 427 910 454 verbis
933 428 967 455 ad

179 471 249 498 nihil
276 472 344 498 utile
368 476 412 499 est
436 471 471 498 ad
491 472 700 499 subversionem
725 473 895 499 audientium
905 473 937 499 θ’.
954 483 962 498 ι

179 516 235 543 Vos
249 524 314 544 vero
332 518 518 552 evangelicam
532 517 685 544 doctrinam
704 517 861 544 inviolatam
876 523 967 544 custo-

180 564 247 596 dite,
270 568 299 590 ut
325 563 354 589 in
381 563 426 589 die
449 563 593 594 adventus,
621 571 684 590 cum
707 563 786 590 lucro
803 563 966 598 congruenti

180 609 335 643 depositum
361 609 437 643 justo
465 607 553 642 jutlici
585 607 743 639 reddentes,
768 608 966 642 optatissimam

180 661 274 681 vocem
291 652 409 680 audiatis
425 661 431 679 :
450 662 459 676 ι
471 653 556 687 Euge,
571 660 650 679 serve
663 653 733 679 bone
747 657 774 680 et
787 652 876 681 ﬁdelis
886 663 892 680 :
902 655 966 688 quia

181 700 209 726 in
227 706 313 733 pauca
328 697 403 725 fuisti
421 696 519 729 ﬁdelis,
537 705 620 732 super
634 697 717 724 mtllta
737 701 762 724 te
777 698 941 725 constituant
959 707 965 725 :

181 743 254 771 intra
266 743 294 770 in
312 743 441 778 gaudium
453 743 562 770 Domini
579 743 617 769 tui
627 743 660 770 9°.
673 752 683 767 ›

253 861 356 889 CXLV.
373 876 409 881 ——-
424 861 560 888 Monaclu's
576 861 887 898 Constantinopolitanis.

212 906 265 939 Qui
291 907 423 934 adversus
437 907 523 934 Deum
538 912 566 934 et
589 907 758 935 Salvatorem
779 912 901 935 nostrum
915 908 967 935 lin-

179 960 246 987 guas
274 957 426 985 armarunt,
454 954 517 980 novi
545 959 573 981 et
603 954 722 981 mirandi
750 955 820 982 nihil
851 955 964 987 faciunt,

178 997 251 1032 quod
269 997 417 1025 benevolos
435 999 517 1026 etiam
534 1000 595 1035 ejus
619 1008 713 1027 servos
729 1000 881 1028 mendaciis
901 1008 967 1028 con-

177 1043 271 1078 ligant.
298 1043 446 1071 Dominicm
469 1044 544 1071 enim
575 1045 747 1073 contumeliae
770 1046 896 1079 famulos,
918 1046 966 1081 qui

179 1089 253 1116 illius
266 1097 348 1116 causa
359 1089 538 1117 vehementer
553 1089 657 1123 dolent,
677 1090 826 1125 participes
840 1090 899 1117 ﬁeri
918 1099 967 1118 ne-

178 1141 208 1159 ce
217 1141 254 1161 :se
267 1137 318 1160 est.
333 1133 390 1160 Hoc
400 1141 466 1161 vero
477 1134 610 1162 Dominus
628 1135 711 1162 etiam
724 1135 781 1170 ipse
800 1136 967 1170 pramuntia-

178 1178 228 1210 vit,
245 1185 338 1206 sacros
362 1178 514 1213 discipulos
538 1187 603 1207 suos
624 1181 770 1207 consolans
792 1181 836 1208 his
852 1181 963 1208 verbis:

181 1233 191 1248 ι
208 1223 235 1250 Si
254 1232 297 1252 me
320 1226 458 1259 persecuti
483 1230 558 1257 sunt,
574 1230 601 1253 et
628 1234 677 1253 vos
702 1231 902 1262 persequentur
918 1236 923 1254 :
942 1228 964 1254 si

177 1269 322 1297 Hominum
347 1271 464 1298 familias
488 1271 644 1299 Beelzebub
668 1278 847 1305 vocaverunt,
862 1278 966 1307 quanto

177 1316 264 1350 magis
280 1317 446 1344 domesticos
460 1318 559 1352 ejus“.
576 1328 585 1343 ι
604 1318 707 1345 Deinde
720 1319 892 1346 conﬁrmavit
906 1327 964 1352 eos,

177 1361 326 1388 ostendens
348 1362 514 1389 calumniam
536 1362 615 1389 facile
641 1363 821 1398 deprehendi,
849 1363 966 1399 subjecit

177 1406 251 1432 enim
268 1415 274 1433 :
294 1417 303 1432 ι
324 1407 362 1434 Ne
381 1414 447 1442 ergo
477 1408 628 1435 timueritis
653 1416 700 1435 eos
718 1417 724 1434 ε
742 1409 810 1435 nihil
827 1409 902 1436 enim
924 1413 966 1436 est

177 1457 302 1486 opertum
326 1455 399 1488 quod
431 1463 485 1481 non
506 1454 673 1482 revelabitur
690 1458 718 1482 et
737 1455 874 1482 occultum
892 1455 964 1489 quod

178 1504 233 1524 non
261 1498 364 1525 scietur
376 1499 409 1526 ".
432 1509 441 1525 ›
469 1500 572 1526 Divina:
596 1503 688 1527 autem
710 1500 897 1534 praedictionis
917 1507 966 1527 ve-

1017 246 1163 277 πεισθεῐεν,
1181 246 1318 280 ὑμνήσατε
1336 245 1381 271 τὸν
1396 244 1497 280 ἀγαθὸν
1509 243 1622 278 Κύριον,
1639 243 1680 270 ὅτι
1696 241 1740 269 διὰ
1755 241 1806 277 τῆς

1017 293 1153 327 ὑμετέρας
1169 291 1285 325 σπουδῆς
1302 290 1438 321 κάκείνοις
1447 290 1496 325 τὴν
1509 289 1641 323 ὠφέλειαν
1657 287 1807 323 προύξένη-

1018 345 1072 363 σεν.
1088 337 1119 363 Et
1134 337 1162 363 δὲ
1184 337 1337 371 ἐπιμένοιεν
1361 334 1557 366 ἁπειθοῦντες,
1578 334 1713 369 μηδεμίαν
1738 332 1805 364 πρὸς

1018 383 1116 414 αὐτοὺς
1127 383 1191 418 περὶ
1200 382 1342 416 δογμάτων
1354 381 1473 408 ποιεῖσθε
1483 379 1608 412 διάλεξιν.
1627 379 1807 415 Ἀπαγορεύει

1017 428 1071 464 γὰρ
1086 429 1099 454 ό
1116 428 1186 459 θεῖος
1200 427 1367 458 Ἀπόστολος,
1390 435 1399 451 ι
1416 426 1578 461 λογομαχεῖν
1599 426 1637 456 είς
1648 425 1722 451 οὐδὲν
1738 425 1806 459 χρή-

1018 483 1097 509 σιμον
1117 474 1163 500 ἐπὶ
1182 474 1358 508 καταστροφῇ
1375 471 1429 498 τῶν
1447 472 1610 498 ἀκουόντων.
1633 480 1641 496 ι
1664 470 1756 504 Ὑμεῖς
1776 470 1806 496 δὲ

1016 521 1066 556 τὴν
1093 519 1273 554 εὐαγγελικὴν
1295 518 1470 544 διδασκαλίαν
1490 517 1587 543 ἄσυλον
1610 516 1805 550 διατηρήσατε,

1017 567 1061 592 ἵνα
1082 567 1110 591 ἐν
1133 566 1165 599 τῇ
1183 564 1233 599 τῆς
1248 564 1408 596 ἐπιφανείας
1431 563 1535 598 ἡμέρᾳ,
1555 562 1624 597 μετὰ
1645 561 1695 596 τῆς
1720 569 1807 596 προσ-

1017 611 1136 645 ηκούσης
1163 610 1294 645 ἐργασίας
1319 609 1368 643 τὴν
1389 608 1624 643 παρακαταθήκην
1651 606 1689 641 τῷ
1709 607 1805 641 δικαίῳ

1019 656 1248 691 προσενεγκόντες
1268 655 1367 689 Κριτῇ,
1388 654 1436 687 τῆς
1458 653 1621 688 τριποθήτου
1644 652 1734 686 φωνῆς
1758 653 1806 677 ἐπ-

1018 702 1162 735 ακούσητε·
1180 711 1188 726 ι
1201 698 1248 732 Εὖ,
1263 700 1338 726 δοῦλε
1352 699 1437 733 ἀγαθὲ
1453 700 1499 726 καὶ
1514 698 1608 725 πιστέ·
1623 698 1667 724 ἐπὶ
1683 697 1760 730 ὀλίγα
1773 694 1807 731 ἧς

1019 747 1124 779 πιστὸς,
1142 747 1188 773 ἐπὶ
1205 745 1308 772 πολλῶν
1329 754 1357 772 σε
1379 746 1552 780 καταστήσω·
1576 743 1679 771 εἴσελθε
1701 743 1740 774 εἰς
1757 742 1807 777 τὴν

1018 803 1106 838 χαρὰν
1119 803 1166 830 τοῦ
1179 803 1280 838 Κυρίου
1296 811 1352 829 σου.
1371 810 1382 828 ι

1019 859 1108 886 PME’.
1117 873 1151 878 ——
1163 858 1227 891 Τοῖς
1239 858 1274 884 ἐν
1284 858 1602 885 Κωνσταντινουπόλει
1612 855 1804 890 μον-ἀζουσιν.

1051 905 1083 930 Οί
1099 904 1172 930 κατὰ
1183 904 1229 930 τοῦ
1244 903 1311 930 Θεοῦ
1326 904 1373 930 καὶ
1386 904 1510 938 Σωτῆρος
1527 903 1605 937 ἡμῶν
1620 901 1670 932 τὰς
1683 900 1807 935 γλώττας

1016 949 1188 981 ὁπλίσαντες,
1198 949 1275 976 οὐδὲν
1290 950 1382 976 καινὸν
1399 949 1458 976 οὐδὲ
1472 948 1621 983 παράδοξον
1637 947 1747 983 δρῶσιν,
1758 947 1808 973 καὶ

1017 995 1080 1026 τοὺς
1099 994 1193 1025 εὔνους
1208 994 1289 1021 αὑτοῦ
1302 994 1471 1030 θεράποντας
1483 994 1522 1029 τῷ
1536 994 1629 1028 ψεύδει
1640 992 1805 1026 τοξεύοντες.

1017 1041 1073 1075 Τῆς
1085 1039 1139 1075 γὰρ
1147 1041 1316 1075 Δεσποτικῆς
1327 1041 1470 1076 παροινίας
1484 1040 1607 1075 μετέχειν
1622 1039 1729 1074 ἀνάγκη
1743 1039 1808 1070 τοὺς

1016 1085 1049 1111 δι’
1066 1084 1150 1120 αὐτὴν
1166 1084 1224 1121 λίαν
1239 1084 1388 1118 ἀλγοῦντας
1404 1085 1521 1117 οἰκέτας.
1541 1084 1626 1110 Τοῦτο
1645 1084 1675 1111 δὲ
1696 1084 1743 1111 καὶ
1757 1084 1808 1110 αὑ-

1016 1131 1062 1162 τὸς
1074 1131 1089 1157 ὀ
1101 1131 1203 1166 Κύριος
1219 1130 1444 1166 προτεθέσπικεν,
1459 1131 1524 1161 τοὺς
1537 1130 1626 1166 ἱεροὺς
1644 1129 1725 1156 αὑτοῦ
1738 1129 1808 1164 ψυχ-

1017 1176 1132 1211 αγωγῶν
1149 1176 1283 1212 μαθητάς.
1297 1176 1369 1212 Ἔφη
1384 1176 1411 1202 δὲ
1426 1176 1521 1208 οὕτως·
1543 1185 1553 1201 ι
1572 1176 1604 1203 Εἰ
1621 1176 1671 1211 ἐμὲ
1682 1175 1806 1209 ἐδίωξαν,

1017 1223 1064 1249 καὶ
1081 1223 1152 1258 ὑμᾶς
1168 1222 1318 1254 διώξουσιν·
1332 1223 1356 1249 εί
1375 1222 1421 1248 τὸν
1434 1223 1626 1256 οἰκοδεσπότην
1641 1221 1806 1253 Βεελζεϐοὺλ

1016 1270 1158 1302 ἐκάλεσαν,
1183 1270 1259 1304 πόσῳ
1285 1269 1383 1303 μᾶλλον
1407 1269 1469 1298 τοὺς
1497 1269 1649 1299 οἰκειακοὺς
1674 1268 1776 1299 αὐτοῦς
1795 1278 1804 1294 ι

1016 1312 1082 1340 Εἶτα
1099 1313 1304 1348 παρεθάρρυνεν
1321 1313 1428 1344 αὐτοὺς,
1445 1312 1535 1345 δείξας
1558 1313 1588 1338 τὸ
1603 1313 1652 1346 τῆς
1670 1321 1805 1347 συκοφαν-

1016 1359 1076 1390 τίας
1088 1359 1255 1394 εὐφώρατον.
1277 1359 1416 1393 Ἐπήγαγε
1433 1357 1498 1392 γάρ’
1516 1367 1525 1384 ι
1546 1357 1592 1393 Μὴ
1607 1356 1653 1384 οὖν
1669 1358 1806 1393 φοὸηθῆτε

1017 1404 1126 1435 αὐτούς’
1144 1404 1219 1430 οὐδὲν
1234 1404 1288 1439 γάρ
1307 1404 1364 1429 ἐστι
1381 1403 1597 1438 κεκαλυμμένον,
1611 1403 1626 1430 ὃ
1637 1404 1688 1430 οὐκ
1702 1405 1807 1431 ἀποκοιο

1016 1448 1192 1482 λυφοήσεται,
1213 1448 1260 1474 καὶ
1277 1447 1407 1482 κρυπτὸν,
1429 1446 1443 1472 ὃ
1460 1447 1490 1472 οὐ
1506 1446 1702 1482 γνωσθήσεται.
1721 1457 1729 1473 ι
1748 1448 1804 1482 Τῆς

1017 1493 1046 1520 δὲ
1063 1493 1137 1525 θείας
1152 1493 1331 1528 προρρήσεως
1348 1492 1398 1527 τὴν
1410 1491 1539 1527 ἀλήθειαν
1555 1492 1685 1524 πολλάκις
1697 1493 1746 1528 μὲν
1758 1494 1806 1520 καὶ

178 1541 287 1569 ritatem
315 1551 376 1570 eum
407 1544 473 1571 alias
504 1552 637 1579 persaepe,
663 1549 720 1572 tum
750 1546 866 1572 maxime
892 1554 964 1573 nunc

1017 1540 1120 1572 ἄλλοτε,
1144 1539 1260 1574 μάλιστα
1277 1538 1305 1566 δὲ
1322 1538 1368 1565 νῦν
1386 1538 1478 1573 σαφῶς
1500 1538 1673 1574 ἑωράκαμεν.
1699 1539 1730 1564 Ol
1753 1537 1808 1569 γὰρ

177 1585 282 1620 liquido
298 1589 496 1623 perspeximus.
519 1589 625 1616 Etenim
650 1589 695 1624 qui
715 1590 880 1616 calumniam
897 1598 964 1617 con-

178 1637 220 1658 tra
253 1640 303 1659 nos
334 1637 493 1666 temerant,
518 1641 708 1668 atrumnasquc
739 1639 845 1662 nostras
871 1635 964 1662 multis

178 1677 303 1710 pecuniis
328 1678 510 1709 redemerant,
538 1678 643 1713 125.5
658 1679 793 1705 Valentini
818 1684 846 1706 et
866 1679 966 1707 Barde-

179 1721 254 1747 sanis
269 1721 331 1748 tabe
346 1722 439 1748 infecti
458 1723 603 1749 manifesto
617 1723 701 1757 agniti
718 1728 782 1750 sunt
797 1732 802 1749 :
818 1730 964 1758 sperarunt

181 1771 270 1793 tamen
291 1767 422 1794 occultari
446 1775 524 1803 posse
554 1768 721 1803 impietatem
743 1777 831 1802 sttam,
846 1771 869 1797 si
889 1779 965 1798 men-

179 1812 250 1838 dacii
266 1815 326 1839 cote
359 1812 465 1847 linguas
478 1817 573 1840 contra
584 1821 633 1840 nos
648 1819 823 1842 exacuerent.
836 1816 966 1850 Propter-

179 1865 211 1884 ea
226 1857 300 1884 enim
315 1858 387 1892 quod
402 1859 563 1886 exstinctam
579 1859 645 1886 olim
664 1860 780 1888 hazresin
803 1861 837 1888 ab
855 1861 898 1889 his
919 1870 963 1889 re-

179 1903 274 1930 novari
286 1907 440 1935 cernentes,
452 1904 597 1932 vociferari
610 1913 664 1932 non
676 1913 825 1938 cessamus,
835 1907 964 1941 privatim

180 1954 212 1974 ac
220 1947 328 1982 publice
337 1955 387 1974 con
393 1952 534 1982 testantes,
544 1953 601 1976 tum
613 1950 638 1976 in
652 1950 964 1984 salutatoriisdomibus,

181 1998 238 2019 tum
255 1993 283 2019 in
295 1992 400 2019 aedibus
413 1993 509 2027 sacris,
522 1999 695 2029 structasque
711 1995 773 2023 ﬁdei
789 1996 903 2024 insidias
918 2004 966 2031 pa-

180 2039 322 2067 tcfaeimus
335 2048 341 2066 :
355 2040 478 2067 convicia
494 2041 522 2067 in
540 2048 590 2068 nos
613 2041 781 2073 eﬁ‘udertmt,
804 2043 881 2076 quasi
896 2042 965 2069 duos

180 2084 249 2111 ﬁlios
270 2085 460 2118 praadicemus.
485 2085 634 2120 Oportebat
652 2091 743 2114 autem
767 2092 796 2115 ut
816 2092 965 2122 praesentes

178 2131 383 2162 convincerent,
408 2139 463 2158 non
489 2131 618 2159 absentes
649 2133 891 2160 calumniarentur.
910 2133 964 2168 Ipsi

177 2181 269 2204 autem
280 2181 375 2204 contra
392 2182 515 2212 egerunt.
531 2178 597 2205 Nam
610 2185 672 2205 cum
692 2178 773 2213 regiis
783 2178 882 2206 litteris
893 2179 965 2214 Cyro

179 2230 229 2248 nos
253 2223 440 2255 inclusissent,
464 2223 573 2259 judices
592 2228 743 2259 coegerunt
760 2224 862 2251 indicta
882 2233 964 2252 causa

175 2267 311 2302 judicare,
324 2273 352 2295 et
368 2269 394 2295 in
408 2276 471 2295 eum
488 2270 535 2303 qui
560 2278 630 2296 xxxv
657 2270 847 2297 mansionibus
870 2270 966 2298 aberat

179 2312 361 2340 rectissimam
375 2314 540 2340 sententiam
554 2308 739 2348 protulerunt.
756 2315 833 2348 Quod
853 2316 964 2350 quidem

178 2365 229 2385 nee
245 2358 371 2385 maleﬁcii
384 2366 435 2386 nec
461 2359 554 2386 violati
576 2359 697 2393 sepulcri
723 2368 787 2388 reus
808 2361 963 2396 quisquam,

179 2411 232 2429 non
247 2403 395 2435 homicida,
411 2412 466 2431 non
485 2404 537 2431 tori
555 2405 636 2432 alieni
657 2405 799 2433 insidiator
814 2415 910 2441 passus
924 2412 966 2434 est

182 2457 312 2483 unquam.
329 2449 427 2476 Verum
450 2458 500 2485 ego
512 2450 619 2485 judices
634 2451 661 2478 in
682 2459 802 2486 praesens
814 2452 937 2479 emittant
956 2461 963 2479 :

180 2503 265 2530 prope
280 2500 321 2523 est
331 2496 405 2523 enim
423 2496 689 2532 Dominusjudicans
703 2497 797 2524 orbem
817 2498 844 2524 in
857 2498 964 2532 justitia

177 2545 205 2568 et
221 2541 337 2575 populos
352 2541 378 2568 in
395 2542 566 2576 zequitate",
577 2546 606 2569 et
623 2542 758 2569 rationem
780 2542 893 2577 exigens
910 2551 965 2570 non

176 2585 264 2612 solum
287 2586 434 2614 verborum
458 2591 486 2614 et
505 2595 629 2622 operum,
651 2587 699 2615 sed
715 2596 863 2622 pravarum
881 2589 964 2617 etiam

175 2630 382 2665 cogitationum.

213 2720 265 2748 Sed
286 2722 429 2750 conﬂatam
445 2731 552 2758 aquum
566 2731 627 2751 esse
654 2725 774 2752 arbitror
797 2726 961 2754 calumniam

179 2764 312 2792 refellere.
345 2766 464 2800 Ecquam
495 2767 596 2795 habent
622 2768 885 2797 demonstrationem
912 2778 963 2798 nos

1015 1586 1063 1621 τὴν
1080 1585 1140 1612 καθ’
1151 1585 1228 1620 ὴμῶν
1246 1584 1427 1619 συκοφαντίαν
1442 1584 1602 1619 ὑφήναντες,
1615 1583 1662 1610 καὶ
1677 1583 1804 1617 παμπόλ-

1015 1630 1067 1657 λων
1075 1630 1220 1666 πριάμενοι
1229 1630 1378 1666 χρημάτων
1386 1629 1434 1661 τὰς
1443 1629 1579 1665 ἡμετέρας
1590 1628 1706 1663 σφαγὰς,
1713 1627 1806 1664 ὤφθη-

1016 1685 1065 1703 σαν
1074 1676 1196 1711 ἐναργῶς
1205 1676 1254 1710 τὴν
1261 1676 1421 1702 Βαλεντίνου
1440 1675 1486 1702 καὶ
1495 1676 1531 1701 Βα
1536 1675 1666 1709 ρδησάνου
1684 1675 1806 1710 περικεί-

1017 1731 1092 1757 μενοι
1103 1721 1203 1757 λώῦην.
1218 1721 1355 1748 *Ἡλπισαν
1373 1721 1400 1748 δὲ
1413 1721 1487 1756 ὅμως
1501 1721 1550 1756 τὴν
1566 1721 1700 1755 σφετέραν
1720 1719 1805 1746 καλύ-

1014 1767 1075 1802 ψειν
1087 1767 1222 1799 ἀσέϐειαν,
1235 1768 1259 1794 εἰ
1272 1769 1304 1803 τῇ
1318 1767 1365 1794 τοῦ
1378 1767 1490 1802 ψεύδους
1503 1766 1608 1802 θηγάνῃ
1620 1767 1669 1798 τὰς
1681 1765 1805 1800 γλώττας

1015 1813 1074 1841 καθ’
1086 1815 1101 1848 ἡ
1106 1813 1162 1848 μῶν
1172 1813 1366 1849 παραθήξαιεν.
1387 1813 1494 1848 Ἐπειδὴ
1507 1812 1561 1848 γὰρ
1572 1814 1652 1848 ἡμεῖς
1660 1811 1708 1847 τὴν
1722 1810 1805 1837 πάλαι

1016 1858 1248 1886 κατασϐεσθεῖσαν
1276 1859 1381 1894 αἵρεσιν
1403 1857 1605 1893 ἀνανεουμένην
1628 1857 1680 1883 ὑπὸ
1702 1857 1805 1883 τούτων

1016 1905 1144 1941 ὁρῶντες,
1158 1905 1332 1940 διατελοῦμεν
1353 1904 1478 1940 βοῶντες,
1494 1903 1740 1940 διαμαρτυράμενοι
1757 1904 1806 1930 καὶ

1017 1948 1071 1985 [δίᾳ
1088 1950 1136 1977 καὶ
1146 1949 1273 1985 δημοσίᾳ,
1288 1951 1338 1976 κὰν
1353 1951 1408 1981 τοῖς
1423 1949 1620 1984 ἀσπαστηρίοις
1637 1949 1731 1981 οἴκοις,
1751 1949 1804 1975 κάν

1015 1997 1070 2027 τοῖς
1086 1995 1167 2027 θείοις
1183 1997 1286 2031 σηκοῖς,
1304 1996 1350 2022 καὶ
1363 1995 1412 2026 τὰς
1427 1995 1497 2022 κατὰ
1512 1995 1562 2029 τῆς
1578 1995 1697 2026 πίστεως
1713 1995 1804 2029 ἐγχει-

1018 2041 1150 2076 ρουμένας
1178 2040 1321 2072 ἐπιϐουλὰς
1344 2039 1540 2075 ὲξελέγχομεν·
1560 2039 1698 2074 λοιδορίας
1724 2039 1804 2074 ὴμῶν

1017 2087 1154 2121 κατέχεον,
1170 2086 1208 2118 ὡς
1223 2085 1269 2112 δύο
1290 2086 1479 2121 κηρυττόντων
1496 2085 1579 2117 υἱούς.
1597 2086 1671 2112 Ἔδει
1686 2085 1714 2112 δὲ
1734 2093 1804 2120 παρ-

1016 2132 1094 2163 όντας
1109 2131 1241 2166 ἐλέγχειν,
1254 2132 1301 2158 καὶ
1316 2132 1352 2168 μὴ
1365 2131 1517 2158 διαϐάλλειν
1533 2132 1663 2163 ἀπόντας.
1679 2128 1757 2158 Οὗτοι
1775 2131 1804 2157 δὲ

1016 2177 1170 2203 τούναντίον
1183 2177 1339 2212 δεδράκασι.
1355 2176 1509 2208 Βασιλικοῑς
1522 2177 1575 2211 γὰρ
1590 2177 1663 2211 ἡμᾶς
1678 2177 1709 2211 τῇ
1728 2175 1804 2210 Κύρ-

983 2217 1003 2243 Ῐ)
1017 2224 1056 2258 ρῳ
1074 2222 1274 2258 προσδήσαντες
1293 2222 1463 2256 γράμμασιν,
1479 2222 1585 2257 ἐρήμην
1606 2221 1716 2247 δικάσαι
1740 2220 1804 2251 τοὺς

1016 2269 1202 2300 δικαιοτάτους
1225 2269 1383 2302 ἠνάγκασαν
1415 2267 1559 2298 δικαστὰς,
1581 2267 1628 2293 καὶ
1657 2267 1727 2292 κατὰ
1756 2265 1805 2291 τοῦ

1017 2314 1098 2340 πέντε
1118 2314 1165 2339 καὶ
1179 2314 1326 2348 τριάκοντα
1341 2312 1471 2347 σταθμοῖς
1490 2311 1673 2346 ἀφεστηκότος
1690 2311 1738 2346 τὴν
1758 2311 1805 2346 ὁρ-

1017 2359 1132 2395 θοτατην
1151 2360 1240 2394 ψῆφον
1262 2359 1419 2394 ἐξήνεγκαν,
1446 2358 1531 2385 Τοῦτο
1554 2358 1581 2384 δὲ
1600 2357 1661 2384 οὔτε
1678 2356 1804 2392 γοητείαν

1016 2413 1066 2436 τις,
1082 2404 1142 2431 οὔτε
1156 2404 1331 2440 νεκροσυλίαν
1346 2405 1592 2439 κατηγορούμενος,
1609 2405 1659 2430 οὐκ
1675 2403 1805 2438 ἀνδροᾷό-

1015 2459 1070 2481 νος,
1091 2452 1119 2477 οὑ
1144 2451 1240 2485 γάμων
1265 2450 1406 2481 ἐπίϐουλος
1432 2450 1560 2483 ὑπέμεινε
1582 2449 1702 2475 πώποτε.
1726 2448 1805 2475 Ἀλλὰ

1014 2497 1076 2527 τοὺς
1106 2495 1155 2531 μὲν
1177 2496 1306 2527 δικαστὰς
1330 2496 1375 2521 ἐπὶ
1391 2495 1437 2521 τοῦ
1454 2496 1585 2530 παρόντος
1603 2495 1686 2521 ἐάσω.
1705 2492 1802 2527 Ἑγγὺς

1015 2541 1068 2577 γὰρ
1080 2542 1094 2568 ὁ
1107 2541 1218 2576 Κύριος,
1232 2543 1245 2567 ὁ
1257 2541 1356 2576 κρίνων
1370 2541 1417 2576 τὴν
1428 2540 1588 2575 οἰκουμένην
1606 2541 1634 2566 ἐν
1645 2539 1804 2574 δικαιοσύνῃ

1015 2589 1062 2616 καὶ
1075 2588 1156 2618 λαοὺς
1171 2588 1199 2614 ὲν
1215 2587 1352 2622 εὐθύτητι,
1375 2587 1422 2613 καὶ
1440 2586 1626 2621 πραττόμενος
1640 2585 1754 2616 εὐθύνας
1771 2584 1801 2610 οὗ

1019 2632 1099 2667 μόνον
1121 2631 1251 2667 ῥημάτων
1270 2632 1317 2658 καὶ
1336 2631 1516 2666 πραγμάτων,
1531 2630 1598 2656 ἀλλὰ
1618 2630 1664 2656 καὶ
1680 2628 1804 2663 πονηρῶν

1017 2678 1229 2712 ἐνθυμημάτων.

1053 2723 1108 2757 Τὴν
1125 2723 1152 2748 δὲ
1173 2722 1361 2757 γεγενημένην
1373 2722 1475 2748 δίκαιον
1488 2720 1563 2757 οἶμαι
1578 2720 1709 2754 διελέγξαι
1727 2727 1804 2745 συκο-

1018 2768 1145 2803 φαντίαν.
1161 2768 1241 2793 Ποίαν
1257 2767 1393 2799 ἀπόδειξιν
1409 2768 1499 2802 έχουσι
1511 2766 1558 2793 τοῦ
1572 2766 1617 2792 δυο
1629 2766 1716 2800 λέγειν
1733 2764 1804 2799 ἡμᾶς

213 2856 235 2869 "
255 2858 277 2885 ll
290 2859 359 2885 Tim.
377 2868 404 2892 ιι,
428 2862 466 2887 ll.
507 2862 528 2877 "‘
543 2862 636 2889 Matth.
656 2872 716 2895 xxv,
735 2864 778 2890 ει.
818 2865 836 2880 ⁵¹¹
859 2865 934 2892 Joan.
950 2873 963 2891 .\

1017 2864 1055 2897 30;
1075 2863 1169 2890 Matth.
1186 2871 1210 2894 κ,
1225 2862 1266 2888 “lii.
1298 2862 1319 2878 ¹³¹
1339 2861 1434 2888 Matth.
1451 2869 1475 2893 x,
1488 2860 1531 2888 ‘26.
1552 2860 1574 2876 9’
1594 2858 1663 2886 Psal.
1683 2865 1742 2890 xcv,
1762 2856 1803 2882 l3.
