1945 3058
110 138 190 171 1277

771 135 952 165 EPISTULA
972 134 1078 165 CXLV.

1696 134 1762 166 1373

109 193 198 225 υἱούς
211 201 219 225 ;
232 190 263 218 Εἰ
280 193 329 228 μὲν
344 192 398 228 γὰρ
414 192 468 219 τῶν
483 191 620 227 σιγώντων
636 190 717 228 ἦμεν,
729 191 808 226 ἔσχεν
818 191 850 217 ἂν
865 190 910 225 χώ-

971 189 1042 217 ﬁlios
1060 190 1129 217 duos
1142 190 1293 217 afﬁrmare?
1310 190 1337 217 Si
1358 191 1432 218 enim
1452 190 1601 219 iacentium
1618 199 1633 218 c
1646 199 1762 218 numero

109 245 170 272 ραν
197 238 261 269 ἴσως
279 239 296 274 ἡ
312 239 425 273 ὑποψία.
448 238 557 273 Ἐπειδὴ
578 238 606 264 δὲ
630 238 709 274 ἔργον
728 237 837 271 εἴχομεν
852 236 915 267 τοὺς

108 284 193 319 ὑπὲρ
212 284 265 310 τῶν
287 284 472 311 ἁποστολικῶν
490 284 633 319 δογμάτων
655 283 775 318 ἀγῶνας,
796 284 842 310 καὶ
859 284 916 314 τοῖς

108 329 166 355 τοῦ
183 329 284 365 Κυρίου
303 330 439 364 ποιμνίοις
455 330 505 364 τὴν
519 329 711 365 διδασκαλικὴν
722 329 914 364 προσφέρομεν

111 374 202 405 πόαν,
232 375 279 400 καὶ
308 375 376 410 πρὸς
396 375 501 406 τούτοις
524 375 604 401 πέντε
629 375 676 401 καὶ
691 375 838 409 τριάκοντα
853 383 915 401 συν-

109 419 282 454 εγράψαμεν
296 419 414 454 βίὸλους,
429 421 477 456 τήν
490 428 520 446 τε
533 420 607 446 θείαν
622 420 733 457 Γραφὴν
750 420 915 456 ἑρμηνεύον-

109 473 174 496 τες,
200 465 247 491 καὶ
265 465 295 491 τό
311 465 364 491 τῶν
381 466 512 501 αἱρέσεων
533 467 718 502 διελέγχοντες
739 466 855 501 ψεῦδος·
873 467 916 492 εὑ-

111 509 249 544 έλεγκτος
259 510 313 546 ἄρα
330 511 345 545 ἠ
361 512 434 546 παρὰ
447 511 548 538 τούτων
566 511 723 538 συντεθεῖσα
742 512 913 546 ψευδολογία.

113 556 222 582 Πολλαὶ
250 557 298 592 μὲν
329 557 383 592 γὰρ
408 558 551 593 ἀκροατῶν
578 559 710 594 μυριάδες
730 559 914 594 μαρτυροῦσιν

111 600 186 635 ἡμῖν
200 601 249 636 τὴν
266 601 320 627 τῶν
329 601 664 638 εὐαγγελικῶνδογμάτων
682 602 915 637 πεπρεσϐευκόσιν

111 646 259 682 ἀλήθειαν.
276 647 421 681 Πρόκειται
431 648 459 674 δὲ
471 649 518 674 καὶ
530 648 565 674 τὰ
576 648 780 683 συγγράμματα
791 649 846 679 τοῖς
854 648 916 682 βου-

109 691 242 726 λομένοις
253 693 293 724 εἰς
308 692 434 727 βάσανον.
453 693 489 719 Οὔ
507 693 563 728 γὰρ
575 687 644 729 ὑπῖρ
657 693 750 724 δυάδος
765 693 841 724 υίὼν,
857 692 914 719 ἀλλ’

111 737 189 772 ὑπὲρ
198 736 244 763 τοῦ
253 737 414 772 μονογενοῦς
421 737 485 764 Tim-1
494 738 541 764 τοῦ
549 738 627 770 Θεοῦ,
637 738 684 764 καὶ
694 738 762 773 πρὸς
768 737 913 772 Ἕλληνας,

110 784 164 809 καὶ
187 784 254 817 πρὴς
277 783 429 816 Ἰουδαίους,
456 784 502 810 καὶ
516 784 584 819 πρὸς
596 784 659 816 τοὺς
675 783 843 821 τὴνῗΑρείου
866 784 914 809 καὶ

110 829 251 863 Εὑνομίου
277 829 352 855 νόσον
377 830 595 865 εὶσδεξαμένους,
614 829 662 856 καὶ
684 829 752 864 πρὸς
779 830 841 860 τοὺς
864 829 913 864 τὴν

118 875 312 911 Ἀπολιναρίου
328 875 541 912 φρενοὸλάῦειαν
554 875 773 910 ἀσπαζομένους,
789 873 836 902 mil.
851 875 912 907 μέν·
928 870 949 897 Β

111 929 157 946 τοι
175 921 222 947 καὶ
237 920 304 957 πρὸς
315 922 377 953 τοὺς
392 922 425 957 τῇ
443 921 606 957 Μαρκίωνος
621 921 748 956 σηπεδόνι
760 920 911 956 κατεχομέ-

111 975 179 997 νους
205 966 403 1001 ἀγωνιζόμενοι
432 966 671 1001 διατετελέκαμεν,
692 966 827 1001 ’Έλληνας
862 966 911 998 μὲν

113 1010 268 1042 πείθοντες,
286 1011 326 1038 ὅτι
340 1012 421 1044 αὐτός
436 1012 511 1038 ἐστιν
528 1013 541 1038 ὁ
554 1011 609 1038 τῶν
625 1012 755 1039 ἁπάντων
771 1013 911 1047 Δημιουρ-

113 1056 174 1091 γὺς,
192 1058 205 1083 ό
220 1057 266 1083 τοῦ
281 1057 325 1085 de).
340 1058 418 1090 ὖντος
438 1057 506 1085 Θεοῦ
521 1059 655 1090 συναῖδιος
668 1059 743 1090 Υἱός·
767 1058 910 1090 Ἰουδαίους

113 1102 154 1135 δὲ,
175 1103 216 1130 ὃτι
241 1104 305 1138 περὶ
318 1104 400 1131 αὑτοῦ
414 1104 463 1136 τὰς
482 1105 650 1140 προρρήσεις
661 1106 686 1131 οἱ
704 1105 843 1141 προφῆται
861 1112 911 1130 πε-

114 1149 246 1184 ποίηνται
256 1158 263 1165 ·
276 1150 339 1181 τοὺς
354 1150 382 1176 δὲ
399 1150 504 1185 Ἀρείου
515 1151 562 1177 καὶ
571 1151 703 1186 Εὑνομίου
715 1150 908 1186 κληρονόμους,

113 1197 156 1224 ὅτι
174 1197 221 1224 τοῦ
237 1197 344 1233 [ἰατρὸς
357 1198 512 1233 ὁμοούσιος,
525 1198 658 1234 ὁμότιμος
675 1207 706 1225 τε
721 1198 769 1225 καὶ
790 1198 911 1225 ίσοδύνα-

117 1251 178 1278 μος-
193 1243 256 1276 τοὺς
270 1244 297 1270 δὲ
310 1244 360 1279 τῆς
376 1245 432 1279 (ll)
448 1245 613 1280 Μαρκίωνος
628 1245 727 1280 λύττης
745 1244 911 1280 μετεσχηκό-

114 1298 177 1321 τας,
189 1290 230 1316 ὅτι
242 1291 292 1316 οὐκ
303 1290 405 1322 ἀγαθός
418 1292 476 1317 ἐστι
490 1291 580 1326 μόνον,
596 1291 663 1318 ἀλλὰ
677 1292 723 1318 καὶ
733 1291 847 1322 δίκαιος·
860 1291 910 1317 οὐκ

115 1335 274 1371 ἀλλοτρίων,
305 1336 375 1363 κατὰ
402 1336 447 1363 τὸν
465 1337 577 1364 ἐκείνων
601 1337 695 1372 μῦθον,
721 1336 779 1363 ἀλλ’
802 1336 910 1363 οἰκείων

116 1382 279 1417 ποιημάτων
301 1382 407 1418 Σωτήρ.
430 1383 486 1409 Καὶ
509 1382 677 1416 ἁπαξαπλῶς
705 1382 774 1417 πρὸς
803 1383 910 1417 αἵρεσιν

117 1427 235 1463 ἑκάστην
244 1428 503 1464 διαμαχόμενοι,τὺν
515 1429 562 1456 ἕνα
576 1430 739 1464 προσκυνεῖν
750 1429 911 1465 παρεγγυῶ-

119 1481 168 1507 μεν
183 1473 258 1500 Υἰόν.

153 1519 209 1545 Καὶ
225 1520 252 1546 τί
270 1520 311 1546 δεῖ
329 1521 528 1555 μακρηγορεῖν,
545 1519 605 1553 ἐξὸν
619 1520 760 1555 συντόμως
775 1519 909 1554 διελέγξαι

116 1565 147 1591 τὸ
159 1564 272 1599 ψεῦδοςς
287 1565 357 1596 Τοὺς
370 1566 425 1600 γὰρ
438 1566 499 1593 καθ’
516 1566 632 1593 ἕκαστον
653 1566 713 1597 ἔτος
730 1566 768 1601 τῷ
787 1566 912 1601 παναγιῳ

119 1610 282 1646 προσιόντας
304 1611 483 1646 βαπτίσματι,
502 1611 552 1647 τὴν
574 1611 732 1639 ὲκτεθεῖσαν
758 1612 786 1638 ἐν
808 1611 912 1648 Νικαίᾳ

120 1658 195 1692 παρὰ
210 1657 265 1684 τῶν
281 1657 368 1691 ἁγίων
384 1657 431 1684 καὶ
450 1658 595 1693 μακαρίων
615 1658 745 1692 Πατέρων
764 1658 854 1684 πίστιν
867 1659 912 1684 ὲκ-

121 1702 267 1738 μανθὰνειν
300 1701 565 1738 παρασκευάζομεν
591 1702 637 1729 καὶ
664 1703 911 1738 μυσταγωγοῦντες

119 1748 216 1780 αὐτοὺς
234 1749 272 1780 ὡς
287 1745 524 1783 προσετάχθημεν,
542 1748 710 1783 βαπτίζομεν
727 1749 766 1780 εἰς
779 1749 809 1776 τὸ
824 1749 911 1783 ὄνομα

117 1794 162 1820 τοῦ
178 1794 295 1830 Πατρὺς,
312 1795 359 1821 καὶ
373 1794 420 1820 τοῦ
436 1793 512 1826 Υἱοΰ,
525 1795 573 1821 καὶ
587 1794 633 1820 τοῦ
646 1795 726 1827 ἁγίου
741 1794 910 1829 Πνεύματος,

118 1840 213 1872 ινικῶς
226 1840 344 1875 ἑκάστην
357 1840 543 1875 προσηγορίαν
554 1840 764 1875 προσφέροντες.
780 1839 835 1866 Καὶ
846 1839 911 1874 μέν·

117 1895 156 1913 τοι
176 1887 224 1913 καὶ
244 1886 294 1917 τὰς
311 1886 386 1916 Θείας
404 1885 576 1920 λειτουργίας
602 1886 705 1916 ἐντοῖς
735 1884 911 1920 Ἑκκλησίαις

120 1931 314 1961 ἐπιτελοῦντες,
348 1931 394 1956 καὶ
427 1929 565 1965 ἀρχούσης
598 1930 644 1956 καὶ
672 1929 810 1964 ληγούσης
839 1929 910 1964 ἡμέ-

121 1986 167 2013 ρας
182 1978 248 2012 (Ιῖ),
265 1977 311 2003 καὶ
326 1977 410 2011 αὐτὴν
425 1976 452 2002 δὲ
468 1976 516 2012 τὴν
529 1976 637 2011 ἡμέραν
652 1975 722 2002 κατὰ
734 1975 910 2011 τριτημόριον

119 2023 282 2059 διαιροῦντες
295 2022 445 2058 δοξάζομεν
459 2021 504 2048 τὸν
515 2021 635 2057 Πατέρα,
655 2021 701 2048 καὶ
717 2021 761 2048 τὸν
778 2022 851 2054 Υἱὺν,
863 2023 910 2048 καὶ

118 2070 147 2096 τδ
163 2070 238 2103 ἇγιον
259 2068 380 2104 Πνεῦμα,
402 2069 432 2094 Εἰ
452 2068 479 2094 δὲ
499 2067 545 2094 δύο
563 2068 638 2099 υἱοὺς
653 2068 724 2094 κατὰ
741 2067 790 2103 τὴν
806 2068 909 2095 τούτων

120 2115 298 2149 συκοφαντίαν
321 2114 520 2150 πρεσῦεύομεν,
543 2114 603 2140 τίνα
618 2113 766 2149 δοξάζομεν
779 2133 786 2145 ,
804 2114 865 2140 τίνα
880 2114 908 2140 δὲ

119 2160 318 2196 ἁπροσκύνητον
336 2160 553 2194 καταλείπομεν;
573 2159 679 2190 Μανίας
706 2159 761 2194 γὰρ
779 2160 907 2195 ἐσχάτης,

119 2206 161 2233 δύο
178 2207 226 2242 μὲν
239 2204 308 2233 εἶναι
326 2206 466 2232 πιστεύειν
481 2206 565 2238 υἱοὺς,
582 2205 622 2231 ἐνὶ
635 2205 663 2231 δὲ
682 2206 755 2240 μόνῳ
772 2205 821 2241 τὴν
832 2206 906 2238 δοξο-
923 2225 945 2252 D

119 2249 206 2283 λογίαν
224 2250 399 2284 προσφέρειν.
421 2249 469 2281 Τίς
493 2249 521 2276 δὲ
545 2249 631 2281 οὓτως
657 2250 849 2285 ὲμῦρόντητος,
867 2251 906 2283 ὡς

113 2295 161 2331 ’τοῦ
174 2295 243 2321 Θείου
258 2295 365 2322 Παύλου
379 2295 494 2330 βοῶντος
507 2295 625 2322 ἁκούων·
640 2305 649 2321 ι
666 2293 713 2327 Εἷς
729 2296 841 2332 Κύριος,
856 2297 906 2331 μία

121 2341 215 2373 πίστις,
228 2342 256 2367 ἓν
270 2341 423 2376 βάπτισμα·
444 2351 452 2367 ι
469 2342 515 2368 καὶ
529 2342 620 2369 πάλιν⁸
638 2350 647 2367 ι
665 2339 712 2373 Εἷς
726 2341 828 2377 Κύριος
851 2343 905 2377 Ἰη-

121 2388 178 2419 σοῦς
207 2388 334 2423 Χριστὸς,
354 2389 387 2414 δι’
409 2386 438 2415 οὗ
460 2389 494 2415 τά
511 2388 617 2415 πάντα·
638 2398 647 2414 )
663 2388 904 2424 ἀντινομοθετῆσαι

120 2436 151 2471 τῇ
168 2434 325 2470 διδασκαλίᾳ
341 2434 388 2461 τοῦ
410 2435 579 2470 Πνεύματος,
597 2436 644 2461 καὶ
656 2434 717 2470 διχῆ
743 2434 789 2461 τὸν
803 2435 851 2461 ἕνα
865 2443 909 2461 τε-

123 2482 191 2515 μεῖν;
213 2479 294 2506 Ἀλλὰ
318 2480 373 2514 γὰρ
401 2480 490 2515 μάτην
508 2480 655 2515 ἀδολεσχῶ.
675 2480 742 2506 Οὐδὲ
764 2480 818 2516 γάρ
835 2477 908 2506 οὗτοι

123 2525 196 2560 φάναι
208 2524 340 2559 τολμῶσι,
356 2525 498 2552 καὶταῦτα
509 2525 547 2561 τῷ
556 2526 649 2561 ψεύδει
660 2525 905 2561 συντεθραμμένοι,

121 2570 154 2602 ὡς
177 2571 261 2598 ταῦτα
280 2571 413 2605 λεγόντων
439 2571 518 2606 ἡμῶν
540 2571 674 2605 ἀκηκόασι
699 2571 821 2598 πώποτε·
838 2572 906 2599 ἀλλὰ

122 2616 156 2651 τῷ
170 2617 216 2648 τὰς
229 2616 276 2643 δύο
292 2616 388 2651 φύσεις
403 2616 546 2652 ὁμολογεῖν
564 2618 610 2644 τοῦ
626 2618 760 2644 Δεσπότου
776 2618 906 2652 Χριστοῦ,

121 2661 161 2688 δύο
170 2662 276 2696 λέγουσι
289 2663 433 2698 κηρύττειν
445 2663 530 2695 υἱούς.
545 2664 598 2690 Καὶ
611 2663 725 2690 συνιδεῖν
741 2663 790 2690 οὑκ
801 2663 907 2690 ἐθέλου-

152 2739 173 2757 ”
189 2740 292 2776 Ephes.
317 2750 354 2775 ιν,
371 2742 397 2770 5.
436 2743 460 2758 ⁸³
479 2743 488 2770 l
503 2743 567 2770 Cor.
582 2750 639 2775 vm,
655 2743 681 2769 6.

154 2821 205 2857 (ll)
223 2821 269 2857 Sic
279 2821 364 2857 Neap.
381 2830 431 2857 pro
446 2821 492 2848 τοῦ
508 2821 657 2849 Sirmondi.

966 245 1101 270 essemus,
1132 238 1248 266 haberet
1276 239 1367 266 locum
1399 239 1515 266 fortasse
1541 241 1673 275 suspicio.
1692 241 1760 267 Cum

966 290 1032 310 vero
1045 284 1122 311 labor
1138 284 1183 311 hic
1195 289 1288 312 noster
1301 285 1394 318 fuerit,
1410 293 1460 320 pro
1476 286 1635 320 apostolicis
1649 287 1761 321 dogma-

967 331 1042 357 tibus
1055 330 1209 364 decertare,
1227 331 1414 367 gregibusque
1434 332 1542 359 Domini
1559 332 1691 360 doctrinae
1715 342 1762 368 pa-

966 376 1061 403 bulum
1082 377 1215 412 przebere,
1234 378 1319 405 libros
1335 378 1430 405 adhaac
1447 379 1569 413 quinque
1592 383 1620 405 et
1648 379 1760 414 triginta

966 423 1225 458 conscripserimus,
1239 424 1340 458 partim
1357 423 1528 458 Scripturam
1544 424 1666 451 divinam
1677 432 1756 459 expo-

966 472 1074 500 nentes,
1098 469 1198 502 partim
1222 468 1371 496 liaresium
1399 469 1547 496 falsitatem
1574 470 1759 502 confutantes,

966 513 1040 540 nulla
1063 513 1171 550 1246
1189 515 1285 549 utique
1300 515 1411 550 negotio
1434 514 1550 542 istorum
1568 514 1702 541 orationis
1714 522 1761 541 va—

966 559 1039 586 nitas
1052 561 1215 587 revincitur.
1230 560 1321 588 Multae
1332 561 1468 596 siquidem
1483 560 1641 587 auditorum
1659 560 1759 596 myrin-

966 603 1015 631 des
1028 607 1113 631 testes
1134 609 1209 637 sunt,
1230 612 1282 632 nos
1301 605 1524 640 evangelieorum
1545 604 1702 636 dogmatum
1715 612 1762 630 ve-

966 649 1075 677 ritatem
1089 650 1235 677 tradidisse
1248 658 1254 676 :
1269 654 1369 685 praesto
1382 655 1446 677 sunt
1458 654 1486 677 et
1497 649 1653 684 conscripta
1663 656 1759 684 opera,

965 700 996 723 ut
1008 697 1152 732 explorent
1164 697 1211 732 qui
1226 697 1322 724 velint.
1337 697 1398 724 Non
1409 696 1483 724 enim
1499 704 1550 731 pro
1565 695 1629 722 ﬁliis
1640 695 1759 727 duobus.

965 743 1013 770 sed
1031 752 1082 778 pro
1108 744 1249 779 unigenito
1266 745 1315 771 Dei
1336 744 1415 776 Filio.
1431 747 1459 771 et
1479 747 1577 770 contra
1596 743 1715 776 Grmcos,
1733 747 1761 769 et

965 793 1062 816 contra
1097 789 1227 822 Iudaeos,
1256 794 1284 816 et
1311 793 1408 816 contra
1433 789 1492 816 Arii
1523 792 1606 824 atque
1631 787 1760 815 Eunomii

965 835 1062 862 morbo
1084 835 1252 868 laborantes,
1279 839 1308 863 et
1330 839 1427 862 contra
1449 843 1498 862 eos
1527 835 1574 869 qui
1595 833 1760 869 Apollinarii

964 882 1113 909 amentiam
1137 886 1288 914 sectantur,
1316 883 1358 909 vel
1384 882 1432 916 qui
1456 881 1603 909 Marcionis
1619 881 1681 907 tabe
1700 888 1762 908 cor-

965 927 1037 962 repti
1063 931 1138 959 sunt,
1161 931 1268 955 certare.
1297 936 1437 963 nunquam
1465 928 1632 957 dcstitimus.
1660 926 1762 954 Grmeis

964 972 1077 1007 quidem
1103 973 1305 1008 persuadentes
1328 974 1416 1009 ipsum
1437 981 1497 1001 esse
1517 973 1640 1000 omnium
1666 979 1760 999 rerum

963 1017 1153 1051 Conditorem,
1177 1019 1339 1053 sempiterni
1371 1020 1419 1047 Dei
1449 1019 1547 1046 Filium
1571 1023 1759 1051 ceteternum;

963 1063 1065 1090 Judmis
1085 1069 1189 1097 autem,
1202 1064 1236 1092 de
1261 1065 1308 1092 illo
1330 1065 1407 1093 edita
1421 1073 1481 1093 esse
1497 1065 1627 1092 vaticinia
1640 1063 1761 1099 prophe—

965 1114 1070 1142 tarum;
1093 1110 1151 1137 Arii
1168 1111 1355 1145 Eunomiique
1375 1111 1542 1143 hzeredibus,
1560 1110 1684 1146 ejusdem
1697 1117 1759 1137 esse

965 1163 1028 1182 cum
1042 1156 1123 1183 Patre
1146 1156 1318 1188 substantiae,
1331 1157 1512 1192 ejusdemque
1528 1156 1642 1183 honoris
1661 1159 1689 1182 et
1710 1163 1759 1190 po-

964 1201 1074 1234 tentiae;
1089 1200 1237 1228 Marcionis
1248 1201 1342 1228 furore
1359 1201 1571 1234 insanientibus,
1584 1209 1639 1228 non
1654 1201 1755 1228 bonum

965 1252 1071 1275 tantum
1087 1255 1158 1280 esse,
1174 1255 1271 1275 verum
1289 1247 1372 1274 etiam
1390 1248 1508 1282 justum,
1523 1255 1578 1274 non
1593 1247 1756 1277 alienorum.

964 1297 995 1319 ut
1006 1292 1058 1327 ipsi
1073 1292 1245 1325 fabulantur,
1260 1294 1266 1302 '
1278 1292 1327 1319 sed
1340 1300 1454 1319 suorum
1468 1292 1554 1326 ipsius
1572 1299 1686 1326 operum
1700 1291 1760 1318 Sal-

964 1343 1097 1365 vatorem.
1116 1338 1216 1373 Atque,
1243 1342 1273 1364 ut
1296 1338 1381 1364 semel
1400 1337 1499 1370 dicam,
1515 1337 1648 1364 adversus
1661 1345 1759 1372 quam-

964 1382 1032 1410 libet
1043 1382 1161 1409 htercsin
1176 1382 1352 1415 dimicantes,
1374 1390 1458 1410 unum
1476 1382 1574 1409 Filium
1587 1381 1758 1409 adorandum

964 1435 1118 1454 ῐηοιιιιιιιιιελ

1000 1518 1034 1545 Ει
1058 1517 1126 1552 quid
1150 1517 1231 1552 longa
1253 1518 1378 1545 oratione
1396 1518 1436 1545 uti
1455 1526 1525 1553 opus
1538 1522 1589 1549 est.
1610 1526 1673 1545 cum
1691 1526 1759 1553 pau-

965 1563 1005 1590 cis
1021 1563 1196 1590 mendacium
1216 1562 1342 1590 refcllere
1365 1563 1467 1590 liceat?
1486 1563 1540 1590 Eos
1565 1563 1640 1590 enim
1657 1564 1704 1598 qui
1721 1564 1756 1591 ad

964 1613 1171 1637 sacrosanctum
1202 1608 1340 1643 baptisma
1371 1609 1487 1644 singulis
1508 1609 1588 1636 annis
1610 1610 1756 1641 accedunt.

964 1656 1046 1683 ﬁdem
1060 1655 1156 1683 Nicaea:
1167 1663 1182 1682 a
1197 1655 1300 1682 sanctis
1315 1655 1445 1682 Patribus
1462 1655 1616 1690 expositam
1632 1655 1757 1682 cdiscore

960 1701 1091 1736 jubcmus
1110 1710 1115 1726 :
1134 1705 1161 1727 et
1181 1700 1359 1727 instituentes
1380 1708 1439 1733 eos,
1465 1700 1536 1727 sicut
1560 1701 1628 1736 jussi
1650 1709 1756 1732 sumus,

963 1747 1137 1782 baptizamus
1162 1747 1189 1773 in
1217 1747 1330 1773 nomine
1351 1744 1441 1773 Patris
1467 1750 1495 1773 et
1524 1747 1757 1782 FitiietSpiritus

962 1793 1061 1825 sancti,
1073 1791 1258 1826 rsingulariter
1269 1790 1487 1825 unumquodque
1502 1799 1601 1818 nomen
1615 1791 1758 1826 proferen-

961 1841 1013 1864 tcs.
1028 1836 1100 1870 Quin
1119 1840 1147 1863 et
1162 1844 1257 1863 sacras
1272 1836 1400 1870 liturgias
1418 1836 1444 1862 in
1464 1836 1596 1864 Ecclesiis
1610 1837 1756 1867 obeuntes.

962 1888 1019 1910 tum
1050 1883 1164 1909 ineunte
1194 1881 1300 1916 1247
1318 1881 1373 1913 die.
1392 1886 1451 1908 tum
1478 1881 1633 1915 desinente,
1659 1883 1706 1910 sed
1728 1889 1756 1910 et

961 1929 1034 1956 diem
1051 1929 1140 1963 ipsum
1158 1928 1186 1954 in
1208 1928 1318 1954 tertiam
1341 1932 1448 1962 partem
1469 1929 1636 1962 dividentes,
1650 1930 1754 1964 glorifi-

960 1982 1056 2002 camus
1089 1974 1197 2001 Patrem
1224 1978 1253 2000 ct
1276 1972 1375 2000 Filium
1398 1977 1427 2000 et
1458 1979 1583 2001 sanctum
1609 1974 1743 2010 Spiritum

960 2019 1037 2053 Quod
1051 2019 1074 2047 si
1089 2019 1158 2046 duos
1172 2019 1254 2051 ﬁlios,
1267 2022 1298 2046 ut
1321 2018 1366 2046 isti
1388 2019 1604 2053 calumniantur,
1620 2021 1745 2055 praedicat

960 2073 1032 2098 mus,
1052 2072 1200 2099 quemnam
1229 2064 1416 2099 gloriﬁcamus
1429 2084 1436 2096 ,
1460 2069 1507 2092 aut
1528 2073 1674 2100 quemnam
1694 2067 1754 2094 sine

959 2110 1119 2139 adoratione
1134 2110 1335 2145 relinquimus?
1351 2111 1488 2138 Extrema:
1510 2119 1630 2147 namque
1642 2116 1685 2140 est
1703 2113 1753 2140 de-

959 2157 1079 2189 mcntim,
1101 2156 1171 2183 duos
1195 2156 1308 2190 quidem
1324 2157 1438 2185 credere
1459 2156 1532 2185 ﬁlios
1555 2165 1628 2191 esse,
1653 2163 1681 2186 et
1704 2160 1753 2187 uni

959 2204 1092 2231 duntaxat
1122 2201 1238 2237 gloriam
1261 2202 1404 2230 exhibere.
1429 2202 1496 2236 Quis
1518 2211 1603 2238 porro
1619 2204 1688 2232 adeo
1712 2211 1754 2232 est

960 2257 1069 2282 vecors,
1097 2254 1127 2276 ut
1154 2250 1269 2277 Paulum
1299 2250 1464 2277 clamantem
1492 2250 1610 2278 audiens
1627 2260 1634 2277 :
1651 2261 1660 2277 ι
1677 2252 1754 2280 Unus

960 2296 1104 2328 Dominus,
1119 2304 1172 2323 una
1188 2295 1266 2328 ﬁdes,
1282 2303 1368 2322 unum
1382 2294 1559 2330 baptisma”;
1573 2306 1581 2321 ι
1591 2300 1619 2324 et
1634 2296 1752 2324 iterum:

963 2352 972 2368 ε
984 2343 1060 2371 Unus
1071 2343 1204 2371 Dominus
1211 2343 1291 2370 Jesus
1303 2341 1496 2376 Christus,per
1503 2349 1585 2376 quem
1596 2343 1687 2369 omnia
1695 2343 1728 2374 ⁵⁵,
1741 2353 1750 2368 ι

960 2390 1126 2416 contrariam
1142 2389 1276 2416 doctrinae
1296 2388 1418 2422 Spiritus
1431 2387 1519 2423 legem
1536 2391 1648 2420 statuat,
1662 2392 1690 2415 et
1710 2388 1745 2415 bi-

958 2435 1054 2461 fariam
1073 2443 1158 2462 unum
1177 2434 1303 2462 dividat?
1326 2435 1428 2462 Verum
1454 2441 1505 2469 ego
1526 2434 1629 2461 frustra
1646 2434 1754 2469 longior

959 2488 1030 2507 sum.
1050 2480 1118 2507 Nam
1134 2488 1168 2507 ne
1186 2480 1238 2515 ipsi
1255 2480 1380 2515 quidem,
1397 2481 1463 2507 licet
1476 2479 1578 2507 assueti
1597 2479 1751 2512 mendacio,

960 2525 1054 2553 dicere
1073 2525 1178 2552 audent
1201 2525 1254 2552 ista
1274 2533 1303 2552 se
1329 2533 1451 2561 unquam
1479 2533 1513 2553 ex
1528 2532 1577 2552 ore
1591 2529 1686 2552 nostro
1702 2533 1752 2551 au—

960 2571 1044 2598 diisse
1060 2580 1065 2597 :
1085 2572 1132 2598 sed
1145 2571 1209 2606 quia
1221 2571 1323 2599 Christi
1335 2571 1442 2599 Domini
1456 2570 1525 2598 duas
1541 2574 1654 2598 naturas
1665 2571 1752 2597 conli-

962 2623 1062 2649 teznur,
1078 2617 1139 2644 ideo
1158 2617 1228 2644 ﬁlios
1249 2618 1319 2645 duos
1336 2617 1472 2645 allii-mare
1487 2616 1573 2644 aiunt.
1592 2616 1648 2644 Nec
1663 2616 1752 2643 anim-

962 2664 1107 2691 advertere
1122 2664 1218 2691 volunt
1237 2665 1379 2692 hominem
1404 2669 1630 2698 unumquemque
1647 2666 1675 2692 et
1697 2661 1753 2688 ιιιιί-

154 2855 204 2893 (ιὶ)
220 2856 306 2894 Neap.
320 2855 486 2885 Siruiondus
501 2857 620 2885 habebat
633 2865 638 2884 :
649 2856 814 2892 ἀρχομὲνης,
836 2865 862 2882 κ.
881 2855 904 2881 λ.

963 2855 1037 2890 :71?-
