1945 3058
182 131 250 163 1383

675 127 918 157 TllEUDURETI
938 127 1107 156 EPISCUPI
1127 126 1310 156 CYRENSIS

1747 124 1826 156 1334
1839 121 1842 124 ’

180 186 240 220 ligit
263 185 352 217 Pater,
370 184 433 218 quia
451 190 501 217 ego
520 189 591 216 pono
607 181 726 207 animam
743 187 831 206 meam
849 187 898 214 pro
916 179 969 206 ovi-

1027 189 1061 214 με
1073 180 1177 215 ἀγαπᾷ,
1192 181 1232 206 ὅτι
1246 179 1301 213 ἐγὼ
1315 178 1410 214 τίθημι
1427 179 1476 214 τὴν
1498 179 1587 214 ψυχήν
1604 188 1652 213 μου
1675 180 1744 214 ὑπὲρ
1761 181 1824 207 τῶν

182 231 261 258 bus‘.
288 241 296 255 ι
321 230 354 256 Et
381 230 504 255 iterum:
528 236 536 252 (
560 226 638 253 Nunc
663 225 754 252 anima
777 233 836 252 mea
865 225 973 251 turbata

180 279 223 301 est
235 276 255 301 ¹.
274 285 282 300 ι
298 275 331 302 Et
355 280 464 300 rursum
478 280 484 298 ε
501 282 509 297 ι
527 271 625 298 Tristis
647 275 689 297 est
706 271 796 296 anima
812 277 872 296 mea
886 277 973 303 usque

180 321 214 347 .d
231 319 376 347 mortem’.
393 328 402 344 ι
419 318 452 345 Ει
469 317 502 344 de
524 324 640 351 corpore
665 316 730 342 item
755 315 822 342 dicit
840 324 846 341 :
863 325 871 340 ι
891 315 973 342 Panis

180 373 263 402 quem
284 373 335 400 ego
344 364 416 391 dabo
433 371 498 390 caro
515 371 576 390 mea
591 367 643 393 est,
667 369 748 396 quam
767 369 817 396 ego
832 361 903 388 dabo
922 368 973 395 pro

180 410 276 438 mundi
289 410 344 437 vita
358 410 380 436 ⁸.
400 419 408 434 ι
424 409 459 436 Et
474 416 536 435 cum
554 408 646 434 di\ina
661 407 781 434 traderet
792 406 932 442 mysteria,
946 411 974 434 et

179 459 333 494 symbolum
357 457 484 492 fregisset
509 461 537 483 et
557 456 706 487 divisisset,
729 455 868 490 subjecit:
889 465 897 480 ι
916 455 974 482 Hoc

164 503 222 541 ‘lest
234 511 335 538 corpus
351 510 442 529 meum
465 502 538 536 quod
566 509 615 535 pro
640 501 719 528 vobis
733 501 870 535 frangitur
885 500 912 526 in
926 507 972 526 re-

179 550 338 577 missionem
361 553 538 583 peccatorum
553 548 580 580 ⁵;
600 558 609 573 ι
629 552 656 574 et
677 555 808 574 rursum:
826 557 834 572 ι
853 547 903 574 Hie
929 552 973 575 est

178 594 291 629 sanguis
306 601 394 626 meus,
412 593 460 627 qui
475 600 524 627 pro
538 592 631 619 multis
652 592 805 618 effunditur
821 591 849 618 in
874 592 972 618 remis-

179 642 286 668 sionem
296 644 474 675 peccatorum
486 639 506 666 “.
517 649 526 664 ι
539 639 572 665 Ει
586 646 713 664 rursum:
729 647 737 662 ι
751 638 807 664 Nisi
820 637 971 664 manduca-

177 687 275 714 veritis
290 693 401 712 carnem
418 685 480 712 Filii
501 685 632 716 hominis,
645 688 674 711 et
688 684 817 711 biberitis
833 685 892 719 ejus
905 692 970 710 san-

178 734 299 769 guinem,
309 740 363 759 non
380 731 518 758 habebitis
533 731 618 758 vitam
633 731 660 757 in
673 730 784 763 vobis’;
805 739 813 756 ι
831 735 860 757 et
873 739 878 756 :
893 739 901 755 ‹
918 730 971 762 Qui

177 778 327 805 manducat
351 785 440 804 meam
457 784 579 808 carnem,
597 781 625 802 et
647 776 718 802 bibit
739 784 830 802 meum
860 777 971 810 sangui-

177 832 252 856 nem,
267 824 351 851 habet
361 824 444 851 vitam
456 827 587 850 aeternam
605 823 632 848 in
649 822 765 857 scipso'.
786 832 794 847 ν
811 822 900 857 Atque
917 822 970 850 alia

177 869 336 904 hujusmodi
351 869 458 896 inﬁnita
471 868 594 903 reperire
610 872 662 899 est,
675 871 732 894 tum
752 868 779 894 in
793 868 896 900 Veteri,
913 873 969 895 tum

177 915 205 942 in
218 915 305 947 Novo,
320 915 418 941 animae
433 915 611 949 corporisque
626 914 839 949 assumptionem
857 914 971 941 demon-

176 961 304 992 strantia,
317 964 345 986 et
359 959 432 994 quod
449 959 483 986 ab
495 959 651 986 Abrahamo
661 964 688 986 et
702 959 803 986 Davide
820 960 870 986 ista
884 968 970 994 genus

176 1007 289 1034 ducant.
315 1007 417 1041 Joseph
438 1014 549 1041 quoque
572 1006 606 1033 ab
627 1005 780 1032 Arimathia
801 1006 915 1033 veniens
935 1006 969 1033 ad

176 1051 295 1079 Pilatum
313 1052 392 1086 petiit
407 1059 508 1086 corpus
532 1051 596 1078 Jesu
616 1061 622 1078 :
644 1051 780 1086 docetque
804 1059 854 1079 nos
875 1059 970 1079 sacro-

176 1105 238 1124 rum
256 1098 466 1132 Evangeliorum
484 1102 579 1132 aperte
591 1098 794 1131 quaternarius,
815 1105 870 1132 quo
888 1101 969 1132 pacto

176 1143 314 1178 acceperit
337 1151 437 1177 corpus
455 1147 484 1170 et
508 1143 618 1170 sindoni
640 1143 794 1171 involutum
810 1144 970 1178 deposuerit

176 1187 205 1214 in
220 1188 399 1216 monimento.

212 1290 269 1325 Ego
292 1289 345 1317 ﬁeo
357 1298 389 1317 ac
406 1291 496 1326 lugeo,
519 1291 625 1326 1252
637 1291 711 1326 quod
727 1299 788 1326 quze
803 1291 906 1318 dudum
921 1292 969 1319 ad-

176 1345 276 1366 versus
287 1337 432 1365 Marcionis
447 1337 509 1364 tabe
521 1342 666 1372 corruptos
676 1341 838 1372 argumenta
854 1338 966 1372 protuli,

175 1383 373 1418 convictosque
395 1383 444 1410 Dei
463 1383 597 1410 beneﬁcio
622 1383 714 1417 plures
728 1383 822 1410 decem
847 1383 969 1410 millibus

176 1430 211 1457 ad
227 1430 430 1457 sanctissimum
448 1429 584 1463 baptisma
597 1429 724 1464 perduxi.
741 1437 773 1457 ea
787 1438 861 1457 nunc
876 1430 902 1456 in
920 1438 969 1458 eos

175 1477 222 1512 qui
245 1476 308 1503 ﬁdei
324 1481 425 1504 nostra:
442 1476 593 1503 creduntur
611 1481 707 1503 exorta
721 1476 833 1503 haeresis
845 1477 968 1511 proferre

176 1526 263 1557 cogat.
284 1521 375 1556 Ecqua
397 1522 471 1549 enim
496 1521 530 1548 de
551 1521 595 1548 his
614 1529 734 1556 unquam
752 1522 823 1556 apud
839 1522 968 1549 Ecclesiae

176 1568 302 1595 alumnos
331 1568 436 1594 exstitit
464 1567 623 1594 dubitatio?
648 1567 703 1594 Aut
730 1568 792 1602 quis
809 1573 967 1595 sanctorum

176 1613 287 1640 Patrum
303 1613 457 1640 doctrinam
476 1613 554 1639 istam
575 1620 629 1639 non
647 1613 781 1639 tradidit?
797 1613 883 1648 llujus
893 1613 966 1640 enim

176 1659 256 1693 plena
270 1664 334 1685 sunt
349 1658 439 1693 magni
453 1659 546 1685 Basilii
560 1666 654 1692 opera,
675 1659 788 1693 ejusque
800 1660 966 1686 commilito-

177 1711 242 1732 num
270 1703 395 1738 Cregorii
420 1708 448 1730 et
477 1703 674 1738 Amphilochii,
696 1709 724 1730 et
750 1704 859 1731 illorum
877 1705 922 1739 qui
938 1705 966 1732 in

176 1747 325 1775 Occidente
347 1748 473 1775 doctrina
494 1749 588 1783 gratiae
609 1749 778 1781 claruerunt,
792 1750 898 1778 Damasi
910 1759 968 1778 ma-

176 1801 236 1829 gnte
262 1794 364 1826 Romze,
396 1799 423 1821 ct
449 1795 587 1822 Ambrosii
617 1795 772 1828 Mediolani,
795 1800 823 1823 et
838 1796 965 1832 Cypriani

176 1839 358 1875 Carthaginis,
374 1841 420 1875 qui
437 1840 562 1876 martyrii
583 1841 664 1867 etiam
691 1849 819 1868 coronam
846 1851 896 1876 pro
923 1843 966 1870 his

176 1884 351 1920 dogmatibus
362 1885 480 1920 adeptus
495 1890 547 1913 est.
560 1885 727 1913 Athanasius
741 1886 787 1913 ille
808 1886 878 1914 fama
893 1888 966 1915 cele-

177 1931 315 1959 berrimus
329 1931 477 1966 quinquies
491 1939 506 1958 a
523 1939 604 1966 grege
620 1939 670 1958 suo
684 1931 817 1966 depulsus
829 1939 880 1965 est,
895 1939 922 1960 ct
939 1935 966 1960 in

176 1977 274 2005 exsilio
296 1977 388 2005 vivere
411 1982 533 2009 coactus,
555 1982 583 2004 et
598 1977 753 2005 Alexander
764 1979 823 2013 ejus
837 1979 967 2014 magister

176 2031 226 2059 pro
241 2023 339 2051 iisdem
355 2023 529 2059 dogmatibus
552 2024 713 2051 decertavit.
738 2024 910 2058 Eustathius,
939 2031 968 2054 et

175 2069 312 2101 Meletius,
328 2074 356 2096 et
373 2070 529 2102 Flavianus,
540 2070 661 2097 Orientis
672 2070 786 2104 lumina,
797 2076 826 2098 et
836 2072 966 2106 Ephraim

176 2114 242 2141 tuba
259 2114 378 2148 Spiritus
395 2114 525 2150 Syrorum
543 2119 651 2149 gentem
664 2116 759 2150 gratiae
776 2116 887 2144 ﬂuentis
902 2117 967 2144 irri-

175 2166 244 2194 gans
269 2158 403 2193 quotidie,
428 2163 456 2186 et
484 2159 604 2186 Joannes
627 2161 635 2170 '
659 2163 687 2187 et
713 2160 820 2189 Atticus
843 2163 967 2190 veritatis

1026 225 1180 261 προϐάτων.
1199 235 1207 250 ι
1231 225 1286 251 Kal
1307 225 1388 251 πάλιν
1400 232 1406 238 ⁸
1425 233 1433 250 ι
1450 224 1507 250 Νῦν
1527 225 1543 260 ή
1561 224 1633 260 ψυχή
1661 233 1712 259 μου
1735 226 1824 252 τετά-

1026 279 1135 307 ρακται.
1150 281 1158 297 ι
1179 272 1233 297 Kal
1251 269 1329 303 αὖθις
1342 280 1348 285 ·
1368 280 1378 296 ε
1393 271 1547 306 Περίλυπός
1561 272 1635 297 ἐστιν
1647 271 1665 306 ἡ
1764 281 1822 307 μου

1024 317 1076 349 ἕως
1091 317 1217 344 Θανάτου.
1230 327 1239 342 ›
1253 318 1308 344 Καὶ
1323 318 1388 353 περ).
1401 317 1448 343 τοῦ
1464 317 1589 352 σώματος
1604 318 1632 344 δέ
1649 326 1731 352 φησιν
1743 327 1750 333 ⁸
1766 327 1775 343 ι
1787 315 1827 342 ὐ

1024 363 1053 389 δὲ
1072 362 1155 398 ἄρτος
1174 363 1203 390 ὃν
1225 362 1280 397 ἐγὼ
1297 362 1385 394 δώσω,
1408 364 1424 398 ἡ
1443 362 1511 398 σάρξ
1527 372 1578 398 μου
1600 364 1685 396 εστὶν,
1703 364 1736 398 ἣν
1760 363 1824 397 ἐγὼ

1024 409 1103 436 δώσω
1117 409 1187 444 ὑπὲρ
1202 409 1252 444 τῆς
1268 409 1316 435 τοῦ
1341 410 1443 444 κόσμου
1455 409 1564 445 Coiﬁ]qu
1587 410 1642 436 Kal
1657 410 1691 436 τὰ
1711 410 1772 436 Osis:
1787 410 1822 436 δὲ

1024 456 1163 491 παραδοὺς
1185 455 1340 490 μυστήρια,
1365 455 1411 481 καὶ
1431 454 1461 481 τὸ
1486 454 1621 490 σύμϐολον
1641 455 1745 487 κλάσας
1768 455 1821 482 καὶ

1023 502 1175 537 διανείμας,
1194 502 1334 536 ἐπήγαγε·
1354 510 1362 526 ι
1376 501 1461 527 Τοῦτό
1478 509 1527 535 μου
1551 501 1610 526 ἐστὶ
1626 500 1657 527 τὸ
1678 501 1769 535 σῶμα,
1785 501 1820 527 τὸ

1023 548 1094 583 ὑπὲρ
1108 548 1185 583 ὑμῶν
1205 548 1392 582 θρυπτόμενον
1408 548 1448 579 εἰς
1462 546 1560 581 ἄςξεσιν
1574 547 1727 582 ἁμαρτιῶν.
1741 548 1821 573 »Καὶ

1024 594 1105 621 πάλιν
1117 603 1123 609 ·
1144 604 1153 620 ι
1170 594 1255 620 Τοῦτό
1277 603 1328 630 μου
1348 594 1407 620 ἐστὶ
1425 594 1455 620 τὸ
1476 591 1556 629 αἷμα,
1575 593 1605 619 τὸ
1622 593 1691 628 ὑπὲρ
1711 593 1819 619 πολλῶν

1023 640 1206 676 ἐκχυνύμενον
1235 642 1275 672 εἰς
1302 641 1399 673 ἄφεσιν
1430 640 1584 675 ἁμαρτιῶν.
1608 649 1617 665 ι
1639 641 1695 666 Καὶ
1718 638 1816 670 αὖθις·

1026 697 1034 713 ι
1048 688 1096 713 "Av
1112 687 1150 722 μὴ
1165 687 1271 722 φάγητε
1286 687 1337 722 τὴν
1352 687 1443 722 σάρκα
1452 685 1500 713 τοῦ
1517 685 1582 712 Υίοῦ
1595 685 1641 712 τοῦ
1657 685 1815 720 ἀνθρώπων,

1022 734 1069 760 καὶ
1085 733 1166 767 πίητε
1188 732 1272 759 αὑτοῦ
1287 732 1318 759 τὸ
1345 729 1426 767 αἷμα,
1450 732 1501 758 οὐκ
1522 731 1598 766 ἔχετε
1615 731 1687 766 ζωὴν
1707 733 1735 758 ὲν
1752 732 1818 757 Exu-

1021 781 1089 809 τοῖς.
1109 790 1117 805 ι
1138 779 1208 806 Καί·
1232 789 1241 806 ι
1256 779 1286 805 '0
1301 778 1398 805 ἐσθίων
1415 786 1466 812 μου
1481 777 1531 813 τὴν
1547 778 1647 813 σάρκα,
1667 777 1714 803 καὶ
1727 777 1816 803 πίνων

1024 835 1074 861 μου
1091 825 1121 852 τὸ
1143 822 1223 860 αἷμα,
1248 825 1304 860 ἔχει
1332 824 1404 860 ζωὴν
1428 825 1457 851 ἐν
1480 823 1571 859 ἑαυτῷ
1587 823 1704 850 αἰώνιον.
1725 832 1734 848 ι
1759 823 1817 849 Καὶ

1023 872 1104 907 ἕτερα
1120 871 1149 898 δὲ
1176 870 1289 898 τοιαῦτα
1313 870 1397 905 μυρία
1420 868 1493 896 ἐστιν
1518 869 1619 903 εὑρεῖν,
1637 869 1688 895 κάν
1705 870 1738 903 τῇ
1756 869 1816 895 Πα-

1022 919 1098 953 λαιᾷ,
1113 919 1162 945 κὰν
1173 919 1206 953 τῇ
1220 917 1321 952 Καινῇ,
1338 916 1386 943 καὶ
1400 916 1448 942 τοῦ
1462 915 1588 950 σώματος
1601 915 1647 942 καὶ
1661 917 1712 951 τῆς
1724 915 1817 949 ψυχῆς

1021 962 1165 989 δεικνύντα
1184 963 1234 998 τὴν
1256 961 1420 997 πρόσληψιν,
1435 961 1482 987 καὶ
1503 960 1541 992 ὠς
1565 961 1594 993 ἐξ
1616 960 1742 995 Ἀδρσάμ
1767 961 1817 986 καὶ

1022 1007 1104 1034 Δαϐὶδ
1120 1008 1194 1034 ’ἐλκει
1210 1007 1298 1033 ταῦτα
1311 1006 1343 1033 τὸ
1357 1006 1446 1041 γένος.
1468 1006 1524 1032 Καὶ
1541 1005 1639 1040 Ἰωσὴφ
1662 1005 1690 1032 δὲ
1704 1006 1718 1032 6
1738 1005 1815 1040 ’Δρι-

1023 1054 1140 1089 μαθαῖος
1155 1054 1194 1089 τῷ
1209 1054 1318 1087 Πιλάτῳ
1337 1053 1505 1088 προσελθὼν,
1522 1052 1607 1088 ᾔτησε
1622 1051 1653 1077 τὸ
1670 1050 1750 1085 σῶμα
1766 1050 1815 1076 τοῦ

1028 1098 1126 1134 Ἰησοῦ.
1142 1098 1197 1124 Καὶ
1212 1098 1333 1125 διδάσκει
1347 1097 1421 1132 ἡμᾶς
1435 1097 1583 1132 διαρρήδην
1595 1094 1649 1121 τῶν
1666 1093 1747 1129 ἱερῶν
1761 1093 1816 1119 Εὐ-

1022 1145 1159 1180 αγγελίων
1171 1146 1187 1179 ἡ
1207 1143 1368 1178 τετρακτὺς,
1386 1144 1461 1173 ὅπως
1479 1151 1508 1168 τε
1522 1141 1602 1168 ἔλαϐε
1615 1141 1645 1166 τὸ
1662 1140 1753 1174 σῶμα,
1765 1140 1816 1165 aut

1020 1189 1093 1220 ὅπως
1109 1188 1232 1223 ὲνείλησε
1244 1188 1278 1222 τῇ
1291 1187 1400 1218 σινδόνι,
1421 1187 1469 1213 καὶ
1491 1187 1565 1217 ὅπως
1583 1185 1622 1219 τῷ
1642 1184 1721 1218 τάφῳ
1739 1192 1813 1218 παρα

1020 1233 1132 1261 έδιυκεν.

1061 1290 1132 1324 Ἐγὼ
1144 1290 1236 1325 θρηνῶ
1251 1290 1297 1316 καὶ
1317 1289 1457 1324 ὀδύρομαι,
1476 1289 1518 1315 ὅτι
1534 1288 1567 1320 ἃς
1581 1287 1677 1324 πρώην
1690 1288 1747 1318 τοῖς
1762 1286 1811 1313 τοῦ

1019 1336 1184 1371 Μαρκίωνος
1196 1335 1246 1370 τὴν
1270 1335 1360 1370 λύμην
1379 1334 1435 1369 (l7)
1459 1333 1617 1369 δεξαμένοις
1640 1333 1812 1369 προσέφερον

1019 1380 1171 1413 ἀποδείξεις
1193 1380 1251 1416 (καὶ
1266 1380 1374 1411 πλείους
1386 1380 1402 1415 ἢ
1423 1380 1538 1414 μυρίους
1547 1378 1591 1405 διὰ
1604 1380 1654 1414 τῆς
1673 1378 1748 1408 θείας
1761 1378 1812 1412 χὰ-

1021 1435 1094 1462 ριτος
1108 1426 1206 1457 πείσας
1229 1426 1405 1461 προσήγαγον
1419 1424 1458 1459 τῷ
1473 1424 1598 1458 παναγίῳ
1613 1423 1811 1458 βαπτίσματι),

1019 1473 1121 1504 ταύτας
1138 1472 1186 1499 νῦν
1208 1474 1265 1504 τοῖς
1287 1471 1454 1507 νομισθεῑσιν
1472 1470 1632 1505 ὀμοπίστοις
1657 1470 1673 1503 ἡ
1694 1470 1813 1502 ἐπισκή-

982 1539 1003 1567 c
1019 1519 1094 1554 ψασα
1112 1519 1189 1550 νόσος
1202 1518 1370 1554 προσφέρειν
1390 1517 1604 1551 καταναγκάζει.
1620 1516 1670 1547 Τίς
1682 1516 1737 1551 γὰρ
1751 1515 1811 1541 πώ-

1021 1573 1085 1592 ποτε
1109 1565 1173 1600 περὶ
1199 1564 1302 1591 τούτων
1326 1566 1382 1596 τοῖς
1408 1564 1458 1598 τῆς
1480 1563 1644 1598 Ἐκκλησίας
1666 1562 1813 1597 τροφίμοις

1019 1613 1226 1648 ἀμφισϐήτησις
1248 1613 1363 1646 γέγονε;
1383 1611 1431 1643 Τίς
1445 1611 1474 1637 δὲ
1496 1610 1550 1636 τῶν
1574 1611 1659 1644 ἁγίων
1681 1609 1812 1644 Πατέρων

1018 1659 1048 1685 οὐ
1072 1659 1150 1694 τήνδε
1165 1658 1215 1694 τὴν
1244 1657 1419 1685 διδασκαλίαν
1443 1658 1630 1693 προσήνεγκες
1643 1656 1738 1691 Πλήρη
1756 1655 1811 1690 γὰρ

1017 1705 1121 1740 ταύτης
1132 1705 1179 1731 καὶ
1191 1705 1225 1731 τὰ
1236 1705 1283 1731 τοῦ
1300 1704 1420 1739 μεγάλου
1435 1703 1577 1729 Βασιλείου
1593 1702 1811 1737 συγγράμματα,

1018 1751 1065 1777 καὶ
1082 1751 1116 1777 τὰ
1138 1750 1192 1777 τῶν
1217 1750 1323 1776 ἐκείνου
1354 1748 1563 1782 συναγωνιστῶν
1586 1748 1737 1782 Γρηγῳίου
1763 1747 1812 1772 καὶ

1024 1797 1212 1832 Ἀμφιλοχίου,
1228 1796 1276 1822 καὶ
1289 1795 1344 1822 τῶν
1360 1795 1389 1821 ἐν
1404 1796 1436 1830 τῇ
1453 1794 1532 1820 Δύσει
1552 1793 1761 1828 διαπρεψάντων
1782 1793 1811 1817 ἐν

1018 1845 1050 1878 τῇ
1063 1842 1224 1877 διδασκαλία
1241 1842 1290 1877 τῆς
1309 1841 1431 1876 χάριτος,
1447 1840 1576 1875 Δαμάσου
1594 1838 1640 1865 τοῦ
1658 1838 1709 1872 τῆς
1723 1838 1809 1872 μεγά-

1018 1889 1068 1924 λης
1084 1888 1204 1923 Ῥώμης,
1224 1887 1271 1914 καὶ
1302 1886 1466 1921 Ἀμὸροσίου
1495 1885 1542 1911 τοῦ
1559 1884 1742 1914 Μεδιολάνων,
1763 1883 1811 1909 καὶ

1019 1934 1179 1970 Κυπριανοῦ
1194 1933 1241 1959 τοῦ
1270 1932 1456 1968 Καρχηδόνος,
1472 1931 1501 1963 ὃς
1520 1931 1568 1957 καὶ
1589 1930 1637 1956 τοῦ
1658 1929 1810 1964 μαρτυρίου

1017 1981 1063 2007 τὸν
1075 1980 1208 2014 στέφανον
1222 1978 1365 2011 ἀνεδέξατο
1381 1977 1452 2013 ὑπὲρ
1464 1976 1578 2002 τουτωνὶ
1590 1975 1645 2002 τῶν
1655 1975 1809 2010 δογμάτων.

1026 2025 1184 2057 Ἀθανάσιος
1205 2025 1308 2056 ἐκεῖνος
1332 2024 1346 2050 ὁ
1374 2022 1594 2058 πολυθρύλλητος
1610 2021 1740 2051 πεντάκις
1765 2020 1810 2051 ἐξ·

1017 2072 1105 2106 ηλάθη
1119 2071 1170 2106 τῆς
1183 2071 1311 2106 ποίμνης,
1326 2070 1373 2097 καὶ¹
1394 2069 1444 2103 τὴν
1463 2068 1612 2103 ὑπερορίαν
1631 2068 1715 2093 οἰκεῖν
1726 2067 1812 2100 ἡναγ-

1018 2118 1119 2152 κάσθη.
1131 2117 1187 2144 Καὶ
1200 2116 1375 2150 Ἀλέξανδρος
1382 2115 1411 2141 δὲ
1419 2116 1433 2141 ὁ
1444 2114 1547 2140 ἐκείνου
1556 2111 1715 2143 διδάσκαλος
1739 2112 1810 2146 ὑπὲρ

1017 2163 1121 2191 τούτων
1143 2163 1297 2198 ἠγωνίσατο
1325 2162 1380 2188 τῶν
1409 2161 1563 2195 δογμάτων.
1580 2158 1740 2189 Εὖστὰοιος,
1763 2159 1811 2183 καὶ

176 2213 272 2241 magna
291 2213 357 2233 voce
367 2213 517 2240 pra>cones,
532 2209 614 2240 atque
626 2206 670 2233 his
684 2207 774 2234 adhuc
784 2208 964 2243 antiquiores,

1022 2209 1160 2240 Μελὲτιος,
1170 2209 1216 2234 καὶ
1225 2207 1384 2237 Φλαῦιανδς,
1397 2206 1447 2241 τῆς
1463 2205 1608 2239 ’Λνατολῆς
1615 2205 1639 2230 oi
1653 2204 1810 2238 φωστῆρες.

176 2252 308 2287 lgnatius,
325 2256 352 2278 et
368 2252 544 2287 Polycarpus,
565 2257 593 2279 et
606 2252 734 2284 lrenaaus,
751 2257 778 2280 et
792 2253 927 2286 Justinus,
940 2259 969 2282 et

175 2298 348 2335 Hippolytus,
363 2306 480 2333 quorum
498 2298 623 2332 plerique
636 2306 692 2325 non
708 2299 790 2326 modo
809 2299 881 2327 inter
898 2307 969 2334 pon-

177 2345 265 2372 tiﬁces
294 2344 457 2379 praelucent,
486 2343 534 2371 sed
563 2347 714 2380 martyrum
744 2345 826 2372 etiam
853 2346 968 2374 chorum

175 2394 320 2418 exornant.
344 2389 398 2417 Sed
422 2394 450 2417 et
474 2389 607 2422 quinunc
618 2397 743 2424 magnam
759 2390 872 2418 Romam
889 2393 968 2427 regit,

176 2439 369 2469 rectorumque
383 2434 542 2469 dogmatum
555 2434 646 2462 radios
661 2434 694 2461 ab
705 2434 808 2463 Occasu
830 2437 967 2472 undiqua-

175 2488 229 2515 que
259 2480 400 2513 dill'undit,
426 2480 616 2508 sanctissimus
641 2481 708 2513 Leo,
739 2482 844 2518 1253
864 2483 967 2512 hancce

176 2525 257 2553 nobis
274 2526 338 2553 ﬁdei
355 2526 479 2561 regulam
491 2526 592 2554 litteris
606 2527 664 2554 suis
675 2528 811 2562 exposuit.
831 2528 863 2555 Hi
874 2537 970 2558 omnes

175 2573 272 2605 aperte
295 2570 461 2601 docuerunt,
477 2571 550 2605 quod
571 2579 643 2598 unus
661 2571 696 2598 sit
709 2572 795 2599 Filius
811 2574 970 2609 unigenitus

175 2616 224 2645 Dei
242 2616 329 2644 Filius
344 2620 372 2643 et
384 2616 456 2643 Deus
468 2621 532 2644 ante
545 2617 644 2644 saecula
653 2625 687 2645 ex
701 2619 781 2646 Patre
792 2619 969 2649 ineﬁ‘abiliter

174 2663 345 2699 genitus;et
361 2662 434 2698 quod
455 2667 518 2698 post
541 2662 759 2692 incarnationem
777 2666 860 2693 etiam
883 2667 968 2695 Filius

224 2746 230 2760 '
251 2745 330 2772 Joan.
346 2754 372 2774 κ.
392 2745 435 2772 18.
471 2746 480 2760 ²
500 2745 642 2781 Joanrxu,
659 2746 704 2772 27.
726 2747 840 2775 ‘Matth.
854 2756 927 2781 xm,
941 2749 986 2776 38.

175 2780 186 2796 ’
205 2780 284 2808 Joan.
303 2789 340 2812 γι,
353 2781 397 2807 54.
437 2781 447 2797 ⁸
466 2780 534 2808 ibid.

210 2857 267 2893 (ιῖ)
283 2859 338 2889 τοῖς
351 2857 398 2893 τὴν
413 2858 504 2894 Μαρκ.
523 2858 612 2894 λύμην
628 2859 711 2895 Neap.

1020 2257 1065 2282 ml
1088 2255 1219 2290 Ἐφραὶμ,
1239 2256 1255 2290 ἡ
1273 2254 1319 2280 τοῦ
1352 2253 1511 2288 Πνεύματος
1535 2251 1616 2286 λύρα,
1633 2251 1647 2276 ὁ
1668 2251 1698 2276 τὸ
1714 2250 1810 2284 Σύρων

1019 2300 1095 2331 ἔθνος
1108 2299 1198 2335 ἄρδων
1215 2299 1352 2334 ὁσημέραι
1369 2300 1426 2329 τοῖς
1438 2298 1486 2331 τῆς
1502 2297 1613 2332 χάριτος
1631 2297 1745 2331 νάμασι,
1760 2296 1807 2321 καὶ

1026 2346 1150 2380 Ἰωάννης
1163 2346 1211 2371 καὶ
1229 2344 1353 2375 Ἀττικὸς
1365 2344 1388 2370 οἱ
1405 2345 1454 2379 τῆς
1467 2343 1596 2378 ἀληθείας
1622 2341 1809 2377 μεγαλόφωνοι

1020 2393 1157 2427 κήρυκες·
1175 2392 1222 2418 καὶ
1244 2391 1269 2417 οἱ
1289 2391 1390 2417 τούτων
1404 2389 1595 2425 πρεσΰύτεροι,
1614 2388 1743 2422 Ἰγνάτιος
1763 2388 1809 2413 καὶ

1022 2438 1222 2474 Πολύκαρπος,
1247 2437 1294 2463 καὶ
1326 2437 1486 2471 Εἰρηναῖος,
1512 2435 1558 2461 καὶ
1580 2435 1733 2465 ’Ῑουστϊνυς,
1762 2433 1810 2460 καὶ

1026 2485 1195 2516 Ἱππόλυτος,
1211 2483 1249 2510 ὧν
1266 2485 1290 2510 οἱ
1311 2484 1420 2514 πλείους
1439 2484 1489 2509 οὐκ
1507 2482 1658 2518 ἀρχιερέων
1681 2481 1806 2516 προλάμ-

1021 2539 1103 2556 must
1123 2531 1213 2565 μόνον,
1232 2530 1300 2556 ἀλλὰ
1319 2530 1365 2556 καὶ
1391 2529 1445 2556 τῶν
1467 2528 1614 2564 μαρτύρων
1630 2526 1808 2560 διακοσμοῦςι

1019 2576 1108 2611 χορόν.
1132 2576 1186 2602 Kal
1208 2576 1258 2611 μὲν
1275 2576 1307 2611 δὴ
1325 2576 1371 2601 καὶ
1393 2576 1406 2601 ὸ
1422 2575 1469 2601 νῦν
1486 2575 1536 2609 τὴν
1559 2573 1680 2608 μεγάλην
1699 2572 1810 2607 Ῥώμην

1020 2622 1129 2652 ἰθύνων,
1145 2621 1192 2648 καὶ
1206 2621 1261 2648 τῶν
1289 2621 1378 2656 ὀρθῶν
1404 2620 1548 2655 δογμάτων
1573 2620 1622 2650 τὰς
1645 2619 1756 2649 ἀκτῖνας
1779 2620 1810 2644 ὲκ

1018 2669 1067 2703 τῆς
1089 2668 1227 2703 Ἐσπέρας
1243 2668 1360 2694 πάντοσε
1377 2667 1505 2693 ἐκτείνων
1520 2667 1534 2692 ὸ
1549 2665 1699 2700 ἀγιὼτατος
1722 2664 1809 2696 Λέων,

1018 2749 1028 2765 ⁸
1039 2751 1118 2778 Joan.
1132 2757 1170 2782 τι,
1184 2749 1218 2776 52
1246 2750 1256 2766 ³
1269 2749 1364 2776 Matth.
1377 2756 1449 2781 τιτι,
1466 2748 1511 2775 26.
1539 2748 1549 2763 ⁸
1560 2746 1655 2774 Matth.
1671 2743 1809 2778 nvu,9.8.
