1945 3058
131 192 142 223 1
149 193 199 224 385

782 180 962 224 EPIS’i‘OLA
984 195 1090 226 CXLV.

1691 201 1758 234 i356

129 251 225 277 τοῦτον
250 251 315 287 ἡμῖν
341 249 390 284 τῆς
409 248 526 279 πίστεως
542 247 588 274 τὴν
615 246 777 282 χαρακτῆρα
801 246 845 272 διὰ
865 246 918 272 τῶν

971 247 1091 275 hominis
1111 253 1139 276 et
1160 248 1242 277 homo
1259 251 1422 285 appelletur.
1436 260 1492 280 non
1504 254 1531 280 in
1544 254 1597 283 hoc
1609 263 1762 285 conversus

127 295 238 322 οἰκείων
274 294 448 329 γραμμάτων
479 293 676 327 προσήνεγκεν,
705 288 785 317 Οὗτοι
819 291 918 322 πάντες

129 341 223 376 σαφῶς
245 338 501 373 ὲξεπαὶδευσαν,ὡς
523 334 564 369 εἷς
584 337 649 368 Tib;
666 337 680 362 6
705 335 851 371 μονογενὴς
873 335 919 362 τοῦ

127 388 196 413 Θεοῦ
220 387 284 418 Υἱὸς
319 386 365 412 καὶ
390 385 456 416 Θεὺς
484 382 647 420 προαιώνιος
673 383 706 409 ὲκ
738 382 786 408 τοῦ
815 381 920 417 Πατρὸς

127 434 257 468 ἀρρήτως
271 431 466 467 γεγενημένος·
490 431 538 456 καὶ
562 429 600 461 ὼς
619 428 689 464 μετὰ
710 427 759 463 τὴν
783 426 918 462 ἐνανθρώ-

127 488 211 514 πησιν
241 479 288 505 καὶ
317 478 380 509 Υἱὸς
408 477 554 514 ἀνθρώπου
586 476 633 502 καὶ
664 474 806 510 ἄνθρωπος
836 474 920 509 ἐχρη-

129 523 260 557 μάτισεν,
284 523 334 549 οὐκ
363 523 403 554 είς
429 521 511 548 τοῦτο
537 519 655 556 τραπεὶς
684 519 839 554 (ἄτρεπτον
865 518 920 553 γὰρ

130 568 188 603 ἔχει
204 568 254 604 τὴν
272 568 365 602 φύσιν)
376 589 382 600 ,
399 567 467 593 ἀλλὰ
482 565 645 602 προσλαϐὼν
659 565 689 592 τὸ
705 565 840 600 ἡμέτερον
851 572 857 578 ·
872 565 919 591 καὶ

127 615 168 641 ὅτι
183 615 262 646 αὐτὸς
293 615 340 640 καὶ
361 613 468 648 ἀπαθὴς
485 611 531 648 ἧν,
559 613 606 639 καὶ
628 612 762 642 ἀθάνατος
780 611 818 643 ὼς
839 611 918 643 Θεὸς,

127 662 175 687 καὶ
191 660 288 695 θνητὸς
304 660 351 686 καὶ
368 659 487 694 παθητὸς
501 659 539 690 ὼς
561 658 718 694 ἄνθρωπος·
737 658 806 693 μετά
824 657 853 683 δὲ
870 657 919 692 τὴν

127 706 289 737 ἀνάστασιν,
305 705 353 731 καὶ
372 705 442 731 κατά
468 705 498 730 τὸ
512 704 691 739 ἀνθρώπειον,
706 704 754 730 καὶ
780 703 830 738 τὴν
848 702 919 729 ἀπά-

128 752 204 778 θειαν
219 752 266 779 καὶ
282 751 331 786 τὴν
348 750 498 777 ἀθανασίαν
514 750 632 781 ἐδέξατο.
653 750 684 775 El
698 750 751 784 γὰρ
770 749 817 775 καὶ
833 747 919 783 μεμέ-

127 807 194 833 νηκε
207 798 287 832 σῶμα
300 797 330 823 τὸ
342 797 431 831 σῶμα,
448 796 505 823 ἀλλ’
520 795 626 827 ἀπαθές
639 796 696 821 ἐστι
710 795 757 821 καὶ
773 795 917 827 ἀθάνατον,

127 845 175 871 καὶ
190 844 261 870 θεῖον
273 843 358 874 ὄντως
376 842 456 876 σῶμα
469 862 475 874 ,
491 842 539 869 καὶ
558 841 618 877 θείᾳ
631 841 694 877 δόξῃ
708 840 900 875 δεδοξασμένον
909 847 916 855 ⁶

127 889 176 915 καὶ
197 888 277 914 τοῦτο
292 888 385 922 σαφῶς
405 887 478 922 ἡμᾶς
491 888 505 913 6
526 887 660 922 μακάριος
680 885 782 917 ἐδίδαξε
800 885 916 916 Παῦλος.

972 292 1066 326 (habet
1095 294 1169 321 enim
1196 299 1322 322 naturam
1350 296 1573 334 immutabilem),
1595 301 1642 328 sed
1661 309 1694 328 eo
1716 310 1759 329 as—

970 343 1080 374 sumpto
1097 339 1169 375 quod
1188 345 1313 368 nostrum
1326 346 1408 370 erat:
1432 344 1560 379 quodque
1581 345 1761 381 impassibilis
1802 336 1804 338 Ι

971 383 1029 418 ipse
1043 388 1071 411 et
1087 384 1251 413 immortalis
1265 391 1326 413 erat
1343 392 1372 414 ut
1386 387 1469 420 Deus,
1489 393 1518 416 et
1532 391 1656 418 mortalis
1675 393 1761 426 passi-

971 429 1089 465 bilisque
1108 435 1138 458 ut
1149 431 1231 459 homo
1244 441 1250 465 ;
1266 438 1329 468 post
1339 435 1572 463 resurrectionem
1581 443 1658 469 vero,
1669 438 1760 465 etiam

971 476 1123 503 secundum
1147 477 1298 511 hominem,
1323 479 1573 513 impassibilitatem
1596 482 1761 510 iinmortali~

971 524 1110 556 talemque
1130 522 1245 549 sortitus
1265 528 1316 550 est.
1339 523 1398 551 Etsi
1419 525 1493 552 enim
1518 533 1620 561 corpus
1648 523 1760 560 mansit,

970 570 1092 593 attamen
1118 567 1287 602 impassibile
1304 573 1347 596 est
1372 574 1400 597 et
1425 570 1598 603 immortale,
1625 580 1658 600 ac
1688 573 1761 600 divi-

970 620 1035 639 num
1062 621 1158 640 revera
1184 621 1306 649 corpus,
1346 620 1375 643 et
1411 615 1505 644 divina
1537 618 1624 652 gloria
1659 619 1764 654 gloriﬁ-

970 661 1072 684 catum.
1101 658 1136 686 Et
1160 658 1214 686 hoc
1237 665 1333 694 aperte
1355 667 1407 687 nos
1423 660 1519 688 docuit
1532 659 1629 689 beatus'
1647 663 1759 691 Paulus.

974 711 984 728 ἰ
1001 702 1101 730 Nostra
1123 704 1208 736 enim,
1230 704 1330 739 inquit,
1354 707 1527 734 conversatio
1554 707 1581 734 in
1605 709 1682 736 etelis
1708 714 1760 741 est,

971 748 1044 776 unde
1068 749 1152 776 etiam
1165 749 1334 778 Salvatorem
1351 755 1542 786 exspectamus
1557 753 1702 781 Dominum
1716 754 1763 782 Je-

970 802 1031 821 sum
1058 794 1207 828 Christum,
1229 796 1276 831 qui
1299 797 1458 825 reformabit
1479 806 1580 833 corpus
1596 800 1762 828 humilitatis

971 845 1080 873 nostrae,
1106 846 1136 868 ut
1161 841 1302 870 conformo
1329 842 1375 870 ﬁat
1393 844 1502 878 corpori
1519 845 1612 880 gloria:
1631 846 1690 880 ejus
1707 846 1727 873 θ.
1748 855 1756 871 ι

971 887 1006 915 Et
1022 895 1076 914 non
1094 886 1163 914 dixit
1178 887 1269 923 gloriw
1286 888 1356 923 ejus,
1381 888 1429 916 sed
1447 890 1552 924 corpori
1575 890 1667 925 gloriae
1692 892 1759 926 ejus.

130 944 139 958 ε
162 933 256 968 Ἡμῶν
277 933 332 968 γὰρ
343 953 351 964 ,
371 933 453 967 φησὶ,
470 933 500 958 τὸ
515 932 668 966 πολίτευμα
685 932 713 957 ὲν
730 930 854 965 οὐρανοῖς
871 929 918 956 61c-

970 933 1004 960 Et
1031 933 1164 960 Dominus
1187 933 1256 967 ipse,
1278 941 1341 960 cum
1358 933 1473 961 dixisset
1490 936 1641 971 apostolis:
1666 946 1675 962 ί
1690 937 1762 965 Sunt

128 978 218 1013 άρχει,
227 977 256 1010 ἐξ
265 975 295 1005 οὗ
307 978 353 1004 καὶ
364 978 479 1012 Σωτῆρα
489 976 698 1012 ἀπεκδεχόμεθα
708 975 809 1010 Κύριον
817 975 919 1010 Ἰησοῦν

127 1024 257 1059 Χριστὸν,
273 1024 303 1055 ὃς
322 1023 556 1058 μετασχηματίσει
569 1022 600 1049 τὸ
612 1022 691 1058 σῶμα
714 1022 765 1056 τῆς
784 1020 920 1047 ταπεινώ-

129 1079 198 1101 σεως
217 1069 296 1104 ἡμῶν
311 1070 351 1101 εἰς
361 1068 390 1096 τὺ
406 1069 534 1103 γενέσθαι
547 1068 613 1095 αὐτὸ
631 1068 793 1103 σύμμορφον
808 1066 847 1101 τῷ
865 1066 917 1092 σώ-

132 1124 197 1151 ματι
216 1116 265 1148 τῆς
279 1115 360 1149 δόξης
379 1113 473 1141 αὐτοῦ.
490 1124 499 1140 ι
517 1114 571 1141 Καὶ
583 1114 633 1140 οὐκ
646 1111 707 1139 εἷπε
721 1111 756 1146 τῇ
777 1112 851 1146 δόξῃ
868 1113 920 1138 αὺ-

128 1161 193 1194 τοῦ,
208 1161 276 1188 ἀλλά
291 1160 331 1194 τῷ
343 1161 456 1195 σώματι
467 1160 521 1194 τῆς
534 1160 630 1193 δόξης
643 1159 748 1186 αὑτοῦ.
771 1159 825 1185 Καὶ
839 1157 920 1189 αὐτὸς

127 1207 157 1234 δὲ
171 1208 184 1233 6
203 1206 304 1242 Κύριος
319 1205 406 1233 εἰπὼν
421 1207 476 1238 τοῖς
493 1206 653 1237 ἀποστόλοις
663 1213 669 1219 ·
684 1214 693 1231 ι
708 1204 768 1231 Eia!
782 1212 854 1235 τινες
866 1202 920 1230 τῶν

128 1249 180 1278 ὦδε
194 1251 330 1283 ἑστώτων,
352 1252 450 1283 οἵτινες
464 1252 494 1277 οὐ
512 1251 548 1287 μὴ
564 1250 708 1285 γεύσονται
731 1250 856 1282 θανάτου,
868 1249 920 1279 ἓως

129 1298 163 1324 ἂν
181 1297 256 1325 ἴδωσι
276 1297 322 1324 τὸν
347 1297 411 1324 Υἱὺν
435 1297 480 1324 τοῦ
500 1296 646 1332 ἀνθρώπου
672 1295 820 1332 ἐρχόμενον
837 1296 866 1320 ὲν
884 1297 917 1330 τῇ

128 1342 191 1378 δόξῃ
202 1342 248 1368 τοῦ
263 1342 378 1377 Πατρὺς,
396 1341 550 1378 παρέλαϐεν
568 1341 667 1372 αὐτοὺς
684 1341 752 1375 μετά
764 1339 794 1372 ἒξ
813 1339 919 1375 ἡμέρας

129 1389 168 1420 εἰς
185 1388 246 1423 ιρος
268 1387 367 1422 ὑψηλὸν
381 1387 453 1419 λίαν,
479 1387 526 1414 καὶ
548 1385 748 1421 μετεμορφώθη
764 1385 919 1421 ἔμπροσθεν

129 1433 229 1464 αὐτῶν,
248 1433 295 1459 καὶ
310 1433 418 1466 ἐγένετο
440 1432 470 1458 τὸ
488 1432 634 1466 πρόσωπον
650 1431 733 1457 αὑτοῦ
748 1431 785 1461 ὡς
803 1432 817 1457 6
832 1431 917 1466 ἥλιος,

129 1481 176 1506 καὶ
190 1479 223 1505 τὰ
237 1479 333 1514 ἱμάτια
343 1478 426 1505 αὑτοῦ
444 1478 560 1513 λαμπρὰ
575 1477 611 1509 ὡς
625 1477 654 1504 τὸ
668 1477 736 1511 φῶς.
753 1477 872 1510 Ἑδίδαξε
889 1477 918 1503 δὲ

127 1525 172 1551 διὰ
186 1525 289 1552 τούτων
309 1525 358 1559 τῆς
368 1524 496 1561 δευτέρας
510 1524 672 1559 ἐπιφανείας
684 1524 729 1550 τὸν
743 1524 851 1559 τρόπον.
864 1524 919 1551 Καὶ

129 1572 166 1604 ὡς
189 1570 377 1607 ἀπερίγραφος
409 1571 457 1606 μὲν
480 1572 497 1607 ἡ
520 1570 654 1606 ληφθεῖσα
679 1569 761 1605 φύσις
784 1570 835 1597 οὐκ
859 1570 917 1596 ἔστι

971 977 1083 1012 quidam
1103 978 1136 1005 de
1155 977 1201 1004 hie
1216 978 1363 1010 stantibus,
1382 979 1429 1014 qui
1449 988 1504 1007 non
1521 981 1671 1016 gustabunt
1685 990 1761 1009 mor-

971 1028 1037 1056 tem,
1065 1024 1154 1051 donec
1171 1024 1283 1052 videant
1304 1025 1406 1052 Filium
1421 1026 1542 1054 hominis
1559 1027 1716 1055 venientem
1733 1029 1761 1056 in

971 1071 1057 1105 gloria
1077 1070 1166 1097 Patr-is
1191 1070 1224 1102 ¹⁰,
1244 1080 1252 1095 ι
1283 1075 1345 1105 post
1373 1079 1420 1099 sex
1434 1071 1494 1099 dies
1510 1073 1658 1108 assumpsit
1670 1081 1719 1102 eos
1732 1075 1761 1102 iu

971 1120 1091 1142 montem
1101 1115 1240 1142 excelsum
1258 1116 1347 1148 valde,
1364 1121 1391 1143 et
1407 1117 1615 1153 transﬁguratus
1632 1124 1675 1147 est
1698 1124 1761 1148 ante

972 1161 1051 1194 illos;
1065 1166 1093 1189 et
1110 1162 1180 1189 facta
1197 1166 1240 1189 est
1261 1161 1345 1190 facies
1366 1163 1425 1198 ejus
1451 1163 1523 1190 sicut
1549 1165 1600 1198 sol,
1623 1170 1651 1193 et
1676 1167 1761 1194 vesti-

971 1211 1063 1234 menta
1074 1207 1134 1242 ejus
1150 1207 1241 1234 lucida
1258 1207 1331 1235 sicut
1344 1207 1390 1235 lux
1409 1208 1440 1235 ”.
1455 1209 1508 1237 Per
1518 1209 1577 1238 haac
1600 1215 1693 1238 autem
1718 1219 1761 1239 se-

970 1252 1053 1280 cundi
1067 1252 1201 1279 adventus
1215 1252 1326 1279 modum
1344 1253 1475 1286 ostendit,
1494 1258 1522 1281 et
1538 1255 1611 1289 quod
1632 1263 1687 1283 non
1706 1256 1761 1283 eir—

970 1297 1138 1332 eumscripta
1153 1297 1265 1331 quidem
1288 1302 1385 1325 natura
1402 1304 1541 1334 assumpta
1563 1308 1619 1328 non
1637 1305 1680 1328 est
1697 1301 1760 1337 (hoc

970 1344 1044 1371 enim
1059 1343 1143 1370 solius
1156 1343 1313 1371 Dirinitatis
1335 1343 1441 1380 1254
1466 1349 1508 1373 est
1531 1347 1695 1384 proprium),
1719 1348 1762 1376 di'-

969 1389 1041 1416 vina:
1067 1393 1157 1416 tamen
1186 1389 1280 1424 gloriae
1302 1390 1464 1424 splendores
1492 1392 1612 1425 emittet,
1639 1396 1667 1420 et
1689 1393 1760 1421 lucis

970 1433 1062 1461 radios
1075 1434 1206 1466 vibrabit,
1221 1434 1364 1461 oculorum
1374 1434 1461 1462 aciem
1473 1437 1677 1472 prmstringens.
1691 1437 1760 1466 Cum

969 1480 1022 1508 hac
1042 1480 1127 1515 gloria
1154 1480 1298 1508 ascendit:
1322 1481 1361 1508 sic
1389 1481 1480 1516 ipsum
1507 1483 1596 1518 angeli
1612 1488 1760 1512 venturam

970 1526 1109 1553 dixerunt.
1128 1527 1240 1554 Illorum
1256 1526 1330 1554 enim
1347 1534 1398 1554 vox
1409 1534 1469 1554 est:
1491 1537 1501 1553 ‹
1514 1527 1564 1556 Hic
1584 1530 1631 1565 qui
1652 1538 1760 1558 assum-

970 1576 1033 1606 ptus
1044 1576 1085 1599 est
1097 1580 1112 1599 a
1131 1572 1210 1599 vobis
1229 1572 1256 1599 in
1273 1573 1386 1604 cmlum,
1404 1573 1444 1600 sic
1464 1574 1556 1602 veniet
1581 1576 1760 1610 quemadmo-

129 1617 218 1650 (τοῦτο
233 1617 285 1653 γὰρ
315 1617 399 1652 μόνης
415 1617 463 1652 τῆς
487 1617 613 1652 θεότητος
639 1617 732 1650 ἴδιον),
752 1617 800 1648 τὰς
816 1615 845 1643 δὲ
867 1617 917 1651 τῆς

971 1618 1035 1645 dum
1062 1618 1171 1645 vidistis
1190 1626 1254 1646 eum
1271 1624 1382 1646 euntem
1398 1619 1426 1646 in
1444 1621 1543 1647 coelum
1563 1621 1594 1648 ¹’.
1611 1631 1620 1647 ι
1643 1621 1678 1648 Et
1696 1630 1758 1649 cum

129 1664 202 1696 θείας
213 1663 293 1699 δόξης
306 1664 407 1698 ἀφήσει
422 1663 619 1699 μαρμαρυγὰς,
635 1663 682 1689 καὶ
699 1663 788 1697 φωτὸς
805 1663 918 1694 ἀκτῖνας

129 1709 276 1745 ὲκπέμψει,
297 1709 346 1744 τῆς
361 1709 478 1743 ὀπτικῆς
500 1708 653 1744 αἰσθήσεως
667 1708 868 1743 ὑπερὸαίνουσα
884 1708 918 1734 τὰ

130 1755 226 1790 μέτρα.
252 1754 330 1781 Μετά
355 1753 461 1789 ταύτης
488 1754 626 1789 ἀνελήφθη
642 1754 691 1789 τῆς
713 1753 810 1789 δόξης·
831 1754 919 1786 οὕτως

129 1800 210 1826 αὑτὸν
232 1799 336 1835 ἔφασαν
361 1799 438 1835 ἥξειν
467 1800 492 1826 οἱ
516 1800 644 1834 ἄγγελον
662 1800 751 1826 αὐτῶν
777 1801 832 1836 γάρ
860 1801 919 1827 ἐστι

129 1846 204 1881 φωνή
215 1854 221 1860 ·
237 1854 245 1872 ‹
262 1843 346 1877 Οὗτος
357 1847 370 1872 6
386 1845 551 1881 ἀναληφθεὶς
567 1846 613 1879 ἀφ’
633 1845 710 1879 ὑμῶν
726 1846 765 1876 εἰς
777 1845 822 1871 τὸν
835 1845 918 1880 οὐρα-

127 1892 172 1918 νὸν
199 1891 287 1922 οὕτως
314 1891 466 1926 ἐλεύσεται,
485 1891 515 1917 ὃν
544 1891 647 1926 τρόπον
669 1890 817 1918 ἐθεάσασθε
837 1891 918 1917 αὑτὸν

128 1937 310 1973 πορευόμενον
330 1937 370 1967 εἰς
397 1935 443 1962 τὸν
464 1935 587 1970 οὐρανόν.
609 1944 618 1960 ι
637 1935 692 1962 Καὶ
707 1937 763 1965 τοῖς
786 1934 869 1966 θείοις
889 1935 918 1961 δὲ

128 1984 286 2013 ἀποστόλοις
312 1982 406 2016 ὀφθεὶς
430 1982 498 2016 μετά
515 1981 564 2016 τὴν
582 1981 741 2011 ἀνάστασιν,
757 1981 804 2007 καὶ
824 1981 919 2015 χεῖρας

128 2029 219 2059 αὐτοῖς
241 2028 287 2054 καὶ
311 2027 394 2058 πόδας
417 2026 560 2058 ὑπέδειξε·
586 2025 625 2061 τῷ
649 2026 677 2053 δὲ
697 2026 783 2061 Θωμᾷ
807 2026 854 2052 καὶ
868 2026 918 2061 τὴν

128 2075 259 2110 πλευρὰν,
272 2075 319 2101 καὶ
332 2073 387 2100 τῶν
402 2073 474 2108 ἥλων
491 2073 537 2100 καὶ
551 2073 601 2108 τῆς
616 2072 716 2107 λόγχης
730 2071 779 2103 τὰς
793 2070 916 2102 ὠτειλάς.

127 2121 177 2147 Διὰ
191 2121 244 2155 γὰρ
259 2120 291 2155 δὴ
304 2119 418 2150 τούτους
437 2117 501 2150 τοὺς
518 2117 648 2153 ἄντικρυς
665 2117 849 2153 ἀρνουμένους
869 2117 918 2152 τῆς

129 2166 227 2202 σαρκὸς
241 2165 289 2201 τὴν
303 2165 449 2200 ἀνάληψιν,
461 2165 508 2190 καὶ
522 2164 615 2198 μέντοι
630 2164 679 2190 καὶ
693 2164 757 2194 τοὺς
772 2163 879 2194 ἄλλους,
893 2162 917 2188 οἳ

130 2212 197 2248 μετά
209 2212 258 2246 τὴν
270 2211 418 2237 ἀνάστασιν
430 2211 469 2241 εἰς
482 2208 608 2244 θεότητος
621 2217 687 2243 φασι
700 2207 918 2243 μεταϐεϐλῆσθαι

128 2256 207 2291 φύσιν
220 2256 269 2290 τὴν
296 2255 343 2281 τοῦ
363 2254 490 2289 σώματος
511 2253 603 2288 φύσιν,
621 2252 754 2287 ἐφύλαξεν
773 2253 918 2288 ἀκεραίους

127 2301 180 2328 τῶν
192 2300 265 2335 ἥλων
285 2301 332 2327 καὶ
351 2301 401 2335 τῆς
423 2300 524 2334 λόγχης
537 2300 603 2330 τοὺς
625 2299 737 2329 τύπους.
761 2299 816 2325 Καὶ
832 2298 918 2325 τᾶλλα

129 2345 242 2382 σώματα
255 2345 350 2381 μώμου
371 2343 472 2375 παντὸς
484 2344 600 2379 ἐγείρων
614 2342 756 2377 ἐλεύθερα,
770 2343 808 2378 τῷ
825 2343 918 2378 οἰκείῳ

129 2391 234 2427 σώματι
251 2391 287 2418 τὰ
305 2391 359 2418 τῶν
375 2390 548 2425 παθημάτων
574 2391 676 2425 σημεῖα
699 2389 857 2422 κατέλιπεν,
874 2389 918 2416 ἵνα

129 2438 175 2465 καὶ
190 2438 252 2469 τοὺς
266 2437 450 2473 ἀρνουμένους
464 2436 511 2462 τοῦ
527 2435 653 2471 σώματος
666 2436 714 2470 τὴν
725 2435 858 2471 ἀνάληψιν
874 2435 919 2462 διὰ

128 2484 182 2510 τῶν
195 2482 368 2518 παθημάτων
393 2481 588 2516 πλανωμένους
599 2481 696 2517 ἐλέγξῃ
712 2501 719 2514 ,
738 2482 786 2508 καὶ
799 2483 863 2513 τοὺς
880 2483 919 2514 εἰς

129 2529 224 2563 ἑτέραν
242 2528 322 2562 φύσιν
339 2526 557 2563 μεταϐεϐλῆσθαι
571 2526 601 2552 τὸ
615 2527 695 2561 σῶμα
707 2527 867 2562 νομίζοντας
878 2528 917 2554 δι-

129 2572 195 2608 δάξῃ
213 2572 256 2598 διὰ
275 2571 323 2598 τοῦ
345 2571 433 2598 τύπου
446 2570 500 2597 τῶν
515 2570 599 2606 ἥλων,
618 2570 655 2603 ὡς
673 2571 720 2597 ἐπὶ
743 2572 797 2597 τῶν
810 2571 917 2598 οἰκείων

129 2619 313 2654 χαρακτήρων
342 2617 509 2653 μεμένηκεν.
534 2617 566 2643 Εἰ
580 2616 610 2643 δέ
630 2626 671 2648 τις
687 2616 824 2649 ἀπόδειξιν
845 2618 918 2653 ἔχειν

130 2665 214 2691 οἴεται
227 2664 274 2690 τοῦ
289 2663 325 2699 μὴ
342 2663 527 2698 μεμενηκέναι
536 2663 616 2698 σῶμα
633 2663 700 2698 μετὰ
709 2663 757 2698 τὴν
768 2664 917 2691 ἀνάστασιν

130 2710 175 2737 τοῦ
200 2709 302 2744 Κυρίου
327 2709 358 2735 τὸ
383 2708 478 2744 σῶμα,
504 2709 542 2740 ὡς
569 2709 770 2744 κεκλεισμένων
794 2709 848 2736 τῶν
870 2710 917 2736 θυ-

132 2755 184 2791 ρῶν
196 2754 264 2790 πρὸς
276 2755 339 2787 τοὺς
354 2754 477 2790 μαθητὰς
491 2754 634 2785 εἰσελθεῖν.
645 2755 846 2790 ἀναμνησθήτω
858 2756 917 2788 πῶς

130 2802 175 2828 ἐπὶ
188 2800 327 2836 θαλάσσης
344 2798 452 2827 ὲϐάδισε
465 2800 560 2836 θνητὸν
573 2801 642 2836 ἔχων
659 2801 699 2828 ἔτι
715 2801 744 2828 τὸ
766 2802 855 2838 σῶμα,
870 2803 918 2830 καὶ

167 2879 177 2895 θ
195 2879 314 2914 Philipp.
344 2887 385 2910 ιιι,
403 2878 447 2911 20,
467 2878 511 2905 ει.

566 2879 587 2894 ¹⁰
607 2878 702 2906 Matth.
718 2887 772 2913 xvi,
788 2880 834 2907 28.

288 2960 424 2991 PATROL.
449 2959 508 2990 GR.
527 2959 684 2990 LXXXIII.

883 2881 902 2897 "
922 2881 1017 2908 Matth.
1036 2890 1102 2915 xvu,
1122 2882 1134 2909 i
1161 2890 1236 2918 seqq.

969 1663 1071 1691 divinis
1083 1671 1179 1691 rursus
1192 1664 1324 1699 apostolis
1344 1665 1516 1699 apparuisset
1544 1669 1606 1700 post
1632 1675 1758 1696 resurre-

968 1707 1099 1740 ctionem,
1114 1713 1142 1736 et
1155 1716 1252 1736 manus
1269 1709 1324 1737 illis
1339 1714 1366 1736 et
1383 1710 1467 1745 pedes
1481 1711 1489 1720 '
1502 1711 1632 1744 ostendit,
1646 1712 1758 1741 Thomze

968 1763 1034 1782 vero
1046 1755 1129 1783 etiam
1143 1756 1226 1789 latus,
1247 1759 1275 1783 et
1300 1757 1440 1784 clavorum
1467 1765 1499 1784 ac
1521 1757 1623 1786 lanceae
1649 1759 1759 1786 cicatri-

968 1808 1014 1828 ces
1029 1801 1061 1827 η.
1078 1801 1194 1835 Propter
1205 1801 1273 1828 istos
1288 1801 1373 1833 enim,
1401 1802 1449 1836 qui
1471 1806 1566 1836 aperte
1592 1809 1692 1840 negant
1715 1813 1760 1833 as-

969 1846 1154 1880 sumptionem
1176 1846 1278 1879 carnis,
1304 1850 1333 1873 et
1353 1846 1422 1873 alios
1447 1847 1540 1880 simul,
1566 1849 1613 1883 qui
1633 1851 1759 1885 corporis

969 1895 1094 1918 naturam
1112 1897 1174 1926 post
1183 1892 1415 1919 resurrectionem
1435 1899 1595 1920 conversam
1620 1893 1704 1922 fuisse
1730 1896 1759 1923 in

969 1933 1122 1964 divinitﬁis
1141 1942 1264 1964 naturam
1285 1937 1391 1969 dicunt,
1412 1937 1516 1973 integra
1535 1939 1655 1966 servavit
1668 1940 1759 1968 clavo-

969 1989 1030 2008 rum
1044 1985 1073 2009 et
1091 1982 1192 2008 lanceae
1209 1981 1340 2016 vestigia:
1357 1986 1385 2009 et
1402 1990 1465 2008 cum
1476 1982 1530 2009 alia
1545 1990 1660 2018 corpora
1683 1985 1757 2012 omni

968 2027 1030 2054 labe
1052 2027 1139 2055 libera
1169 2028 1280 2060 excitet,
1308 2028 1335 2054 in
1355 2029 1467 2063 proprio
1484 2037 1599 2064 corpore
1613 2031 1758 2058 vulnerum

969 2074 1046 2107 signa
1063 2074 1186 2108 reliquit,
1205 2077 1235 2100 ut
1253 2081 1302 2101 cos
1321 2074 1368 2108 qui
1393 2075 1518 2110 corporis
1542 2077 1758 2111 assumptionem

969 2125 1070 2155 negant
1086 2127 1179 2147 errare
1197 2120 1343 2147 convincat
1361 2129 1395 2148 ex
1410 2121 1582 2155 vulneribus,
1603 2126 1630 2149 et
1647 2131 1694 2149 eos
1711 2124 1758 2158 qui

969 2165 997 2193 in
1008 2166 1125 2193 alteram
1144 2171 1272 2193 naturam
1290 2174 1392 2201 corpus
1411 2174 1576 2194 conversum
1593 2167 1678 2195 fuisse
1705 2177 1758 2203 pu-

969 2215 1038 2243 tant,
1049 2219 1081 2238 ex
1096 2211 1236 2238 clavorum
1254 2212 1379 2246 vestigiis
1392 2211 1489 2239 doceat
1498 2212 1526 2238 in
1538 2212 1654 2248 propriae
1663 2213 1759 2240 formae

969 2257 1042 2284 notis
1060 2257 1253 2291 permansisse.
1269 2257 1347 2290 Quod
1365 2257 1388 2284 si
1406 2257 1468 2292 quis
1483 2257 1665 2285 demonstrari
1679 2267 1759 2294 posse

970 2307 1057 2337 putet,
1076 2310 1177 2338 corpus
1193 2303 1301 2330 Domini
1318 2307 1380 2338 post
1402 2304 1633 2331 resurrectionem
1659 2312 1759 2340 corpus

969 2356 1026 2376 non
1042 2349 1237 2383 permansisse,
1252 2349 1326 2384 quod
1342 2349 1434 2384 januis
1447 2349 1548 2377 clausis
1563 2350 1596 2377 ad
1610 2350 1760 2386 discipulos

969 2395 1006 2422 sit,
1028 2395 1180 2430 ingressus,
1209 2395 1366 2423 meminerit
1390 2403 1446 2431 quo
1469 2396 1550 2424 modo
1579 2405 1662 2432 super
1683 2405 1760 2425 mare

970 2442 1086 2468 mortale
1100 2441 1191 2468 adhuc
1204 2440 1310 2469 habens
1322 2449 1423 2477 corpus
1438 2442 1602 2475 ambularit;
1621 2443 1760 2477 quomodo

969 2486 1036 2513 item
1055 2490 1137 2513 natus
1146 2486 1182 2513 sit
1192 2486 1360 2521 virginitatis
1371 2487 1509 2521 signacula
1521 2495 1635 2514 servans
1646 2487 1758 2519 intacta;

969 2534 997 2557 et
1024 2529 1163 2564 quomodo
1184 2529 1281 2557 itidem
1304 2530 1492 2558 insidiantium
1522 2538 1593 2566 saepe
1616 2540 1712 2559 manus
1725 2533 1761 2559 ab

969 2575 1024 2603 illis
1035 2576 1237 2611 circumseptus
1249 2576 1376 2603 evaserit.
1401 2576 1435 2603 Et
1454 2576 1559 2612 1255
1575 2577 1641 2612 quid
1669 2577 1761 2604 Domi-

969 2629 1036 2648 num
1048 2621 1120 2654 dico,
1139 2622 1187 2656 qui
1203 2629 1259 2649 non
1270 2622 1360 2649 solum
1376 2621 1469 2654 homo,
1488 2630 1583 2649 verum
1594 2623 1676 2649 etiam
1688 2623 1761 2650 Deus

969 2671 1029 2694 erat
1041 2672 1104 2695 ante
1117 2669 1226 2701 sacula,
1241 2669 1286 2695 cui
1300 2667 1380 2695 facile
1393 2673 1452 2695 erat
1468 2668 1575 2696 eﬂicere
1589 2668 1681 2695 omnia
1700 2675 1761 2703 qua:

969 2713 1074 2740 vellet?
1095 2713 1191 2741 Dicant
1208 2721 1261 2748 qua
1276 2714 1381 2741 ratione
1402 2713 1530 2741 llabacuc
1552 2721 1586 2741 ex
1610 2713 1704 2741 Judaza
1733 2714 1761 2740 in

971 2758 1134 2794 Babylonem
1151 2759 1284 2794 temporis
1302 2763 1442 2786 momento
1461 2759 1612 2791 transierit,
1630 2763 1659 2786 et
1675 2759 1760 2786 fovea-

971 2807 1066 2839 operta
1091 2805 1252 2839 penetrarit,
1275 2805 1435 2840 Danielique
1453 2804 1545 2833 cibum
1565 2804 1697 2839 intulerit,
1716 2810 1743 2832 at

1281 2883 1301 2899 “
1318 2882 1379 2911 Act.
1392 2891 1411 2916 ι,
1430 2883 1473 2910 Η.
1523 2883 1545 2899 ¹³
1562 2882 1639 2910 Joan.
1659 2890 1704 2915 xx,
1723 2881 1752 2909 ει

1521 2964 1560 2994 44
