1945 3058
155 158 223 194 1387
669 152 913 183 TIlEODOIiE’l‘i
933 151 963 181 El

1023 152 1102 182 COPJ.
1121 151 1306 182 CYRENSIS
1717 149 1798 183 1388

155 222 209 250 que
235 212 335 240 iterum
362 208 529 243 incorruptis
555 207 639 234 fovea:
655 206 804 242 signaculis
821 205 943 233 redierit.
960 234 963 238 Α

1023 207 1091 233 έντοι
1108 207 1166 238 πῶς
1183 206 1316 242 ἐγεννήθη
1329 207 1379 241 τῆς
1397 206 1545 242 παρθενίας
1557 206 1684 242 ἀκήρατα
1702 207 1800 241 φυλά-

154 259 210 286 Sed
224 264 304 284 'mera
325 260 367 282 est
389 253 494 281 insania
515 252 722 280 Dominicorum
749 251 945 279 miraculorum

1023 262 1046 284 ις
1061 254 1096 279 τὰ
1119 253 1274 289 σήμαντρα,
1299 253 1346 279 καὶ
1363 252 1396 280 αὖ
1419 253 1501 279 πάλιν
1525 253 1584 284 πῶς
1599 252 1653 279 τῶν
1676 253 1799 280 ἐπιδου-

155 304 253 332 modos
270 301 398 330 scrutari.
418 299 488 327 illud
506 305 598 328 autem
628 304 760 334 prmterea
790 298 945 333 intelliget].

1023 299 1131 325 ιυόντων
1147 299 1278 331 πολλάκις
1291 299 1339 330 τὰς
1355 301 1450 334 χεῖρας
1461 298 1589 333 διέφυγεν
1607 299 1652 324 ὑπ’
1676 298 1798 325 ἐκείνων

157 350 233 380 dum,
266 351 329 382 post
349 345 582 373 resurrectionem
614 348 707 370 nostra
735 344 817 371 etiam
832 351 946 378 corpora

1023 344 1220 379 εκυκλωμένος.
1239 345 1295 371 Καὶ
1311 344 1337 370 τί
1365 345 1437 379 λέγω
1461 344 1507 370 τὸν
1538 344 1688 379 Δεσπότην,
1706 344 1736 375 ὃς
1759 344 1797 370 οὐ

158 393 375 428 incorruptiliilia
391 392 449 418 fore
464 395 492 418 et
506 389 681 421 immortalia,
696 394 861 424 terrenoque
877 397 947 424 pon-

1023 391 1083 417 όνον
1099 390 1242 427 ἅνθρωπος
1255 388 1300 425 ἦν,
1322 391 1392 418 ἀλλὰ
1405 392 1452 417 καὶ
1469 390 1536 422 Θεὸς
1551 390 1726 426 προαιώνιος,
1743 391 1799 417 καὶ

158 441 223 467 dere
236 438 361 474 deposito
382 438 450 464 levia
466 437 558 464 futura
576 441 603 463 et
627 435 765 462 sublimia.
783 434 861 468 Quod
888 435 949 469 qui-

1023 437 1091 472 tam
1106 436 1140 473 ἦν
1156 437 1231 472 αὐτῷ
1242 438 1331 464 πάντα
1345 439 1432 464 ποιεῖν
1443 437 1462 464 ἃ
1473 437 1614 472 βούλεται;
1628 437 1800 464 Είπάτωσαν

158 488 220 515 dem
237 490 331 520 aperte
348 489 375 512 et
385 483 518 518 explicate
531 490 581 509 nos
594 482 704 509 divinus
717 481 816 508 l’aulus
827 481 947 508 edocuit.

1024 482 1060 514 ὧς
1076 484 1091 509 ὁ
1107 483 1268 519 Ἀμὸακοὺμ
1281 485 1314 510 ὲκ
1328 484 1379 519 τῆς
1395 483 1525 514 Ἰουδαίας
1541 484 1581 514 εἰς
1598 482 1747 510 Βαϐυλῶνα
1765 483 1799 508 ὲν

163 543 171 559 ε
189 532 348 561 Seminatur
375 530 458 563 enim,
491 528 539 560 ait,
558 529 585 555 in
599 527 786 562 corruptione,
809 531 905 562 surget
921 527 949 554 in

1023 529 1102 564 καρεῖ
1116 528 1163 555 τοῦ
1179 529 1276 564 χρόνου
1294 529 1406 564 μετέδη,
1421 529 1466 555 καὶ
1482 527 1558 563 διέϐη
1576 527 1623 554 τοῦ
1641 527 1744 554 λάκκου
1763 527 1799 553 τδ

161 578 392 612 incorruptione;
411 575 564 603 seminatur
591 575 618 601 in
639 573 808 607 inﬁrmitate,
821 577 913 608 surget
923 574 950 600 in

1023 575 1148 610 ἀλυμμα,
1163 576 1210 601 καὶ
1227 574 1266 609 τῷ
1288 575 1390 610 Δανιὴλ
1404 575 1586 609 προσενήνοχε
1610 573 1660 608 τὴν
1679 571 1797 608 τροφὴν.

159 623 282 655 virtute;
300 622 451 649 seminatur
468 620 495 647 in
511 619 692 654 ignobilitate,
705 622 798 653 surget
813 618 840 644 in
853 618 950 653 gloria;

1024 622 1052 648 al.
1069 619 1147 652 αὖθις
1169 620 1305 656 ἐπανῆλθε
1329 621 1367 656 μὴ
1387 620 1548 655 διαφθείρας
1564 619 1612 646 τοῦ
1635 618 1737 646 λάκκου
1761 619 1800 644 τὰ

162 668 314 696 seminatur
337 674 437 700 corpus
462 665 589 697 animale,
621 668 715 699 surget
743 671 842 698 corpus
869 664 951 699 spiri-

1023 668 1159 704 ήμαντρα.
1176 667 1258 694 ’Λλλά
1273 666 1357 702 μανία
1369 666 1468 701 σαφὴς,
1484 666 1531 692 καὶ
1547 665 1601 692 τῶν
1623 664 1800 690 Δεσποτικῶν

164 715 235 741 tuate
254 713 285 739 ⁸⁸.
303 722 312 739 ›
332 712 367 739 Ει
390 711 443 738 alio
466 711 545 738 loco:
581 720 589 736 ε
606 710 765 744 R’apiemur,
796 711 895 745 inquit,
924 710 951 737 in

1023 713 1153 748 αυμάτων
1168 713 1231 745 τοὺς
1250 713 1369 748 τρόπους
1384 712 1544 748 ἀνερευνᾷν.
1557 711 1694 746 Προσήκει
1707 710 1736 736 δὲ
1751 709 1802 736 καὶ

163 751 285 787 nubibus
311 758 337 784 in
364 765 438 789 aera,
459 756 485 783 in
509 764 654 783 occursum
672 755 780 782 Domini
795 755 825 782 ¹⁵.
844 765 853 782 ι
874 756 953 789 Quod

1023 759 1084 786 οὗτο
1108 759 1176 794 πρὸς
1200 759 1256 791 τοῖς
1283 757 1439 794 εἰρημένοις
1458 757 1573 789 εἰδέναι,
1595 756 1636 787 ὡς
1653 755 1723 791 μετά
1749 755 1801 790 τὴν

164 806 185 832 si
202 811 317 839 corpora
331 807 488 830 sanctorum
505 802 575 829 levia
600 801 678 833 ﬁunt,
702 806 730 829 et
755 809 865 828 sursum
894 807 949 830 ten-

1025 805 1155 832 νάστασιν
1172 805 1219 831 καὶ⁵
1235 805 1270 832 τὰ
1294 804 1418 840 ἡμέτεροι
1444 803 1559 839 σώματα
1581 802 1707 837 ἄφθαρτα
1721 801 1802 828 ἔσται

163 850 268 883 dentia,
296 853 324 876 et
351 855 442 875 aerem
469 847 548 874 facile
565 847 715 882 trajiciunt,
729 847 886 874 mirandum
898 854 953 874 non

1023 851 1054 878 καί
1069 851 1202 884 ἀθάνατα,
1220 851 1267 878 καὶ⁸
1279 851 1326 877 τοῦ
1339 850 1457 885 γεώδους
1470 849 1696 884 ἀπαλλαττόμενα
1711 847 1803 882 κοῦφα

164 899 208 923 est
222 895 246 923 si
259 902 360 930 corpus
372 893 555 925 Dominicum,
574 892 648 927 quod
663 892 802 927 Unigeniti
818 892 956 920 divinitati

1023 897 1115 923 ’ίνεται
1130 898 1177 922 καὶ
1202 896 1346 931 μετάρσια.
1368 896 1422 922 Καὶ
1439 895 1519 922 τοῦτο
1543 894 1692 930 διαρρήδην
1708 894 1804 928 σαφῶς

164 947 206 969 est
222 942 341 974 unitum,
355 944 417 976 post
435 939 668 967 resurrectionem
685 938 841 966 immortale
854 938 956 966 factum

1023 942 1084 976 “1.5.;
1100 941 1220 974 ἐδίδαξεν
1235 942 1249 968 ό
1263 941 1334 973 θεῖος
1349 941 1465 972 Παῦλος.
1483 950 1491 966 ι
1502 941 1647 976 Σπείρεται
1663 940 1717 975 γὰρ
1727 960 1734 972 ,
1751 947 1805 974 φη-

166 989 178 998 ‘
190 989 283 1024 januis
295 987 396 1015 clausis
408 986 562 1022 ingressum
577 985 622 1013 sit.

1023 986 1066 1019 ἡν,
1079 987 1108 1013 ὲν
1124 986 1223 1023 φθορᾷ,
1243 987 1382 1023 ἐγείρεται
1397 987 1426 1013 ἐν
1448 986 1604 1022 ἀφθαρσίᾳ·
1619 986 1761 1021 σπείρεται
1774 986 1805 1011 ὲν

166 1035 302 1070 ἀσθενείᾳ,
318 1033 456 1068 ἐγείρεται
470 1034 498 1058 ἐν
515 1031 638 1066 δυνάμει·
656 1031 798 1067 σπείρεται
814 1031 841 1057 ἐν
857 1031 964 1067 ἀτιμίᾳ,
978 1032 1115 1067 ἐγείρεται
1127 1033 1155 1059 ἐν
1167 1032 1245 1069 δόξῃ·
1268 1033 1409 1068 σπείρεται
1432 1032 1512 1068 σῶμα
1527 1032 1652 1067 ψυχικὸν,
1667 1032 1806 1067 ἐγείρεται

168 1082 246 1117 σῶμα
268 1079 457 1115 πνευματικόν.
475 1089 484 1105 ›
502 1079 558 1105 Καὶ
573 1078 690 1114 ἀλλαχοῦ
707 1087 713 1093 ·
731 1088 740 1104 ‹
753 1078 986 1114 ’Δρπαγησόμεθα
999 1080 1027 1106 ὲν
1039 1080 1165 1113 νεφέλαις
1185 1081 1225 1112 είς
1238 1081 1318 1116 ἀέρα,
1332 1081 1372 1112 εἰς
1388 1080 1541 1115 ἀπάντησιν
1553 1079 1601 1106 τοῦ
1619 1079 1733 1115 Κυρίου.
1749 1088 1758 1104 ι
1772 1079 1807 1104 Εἰ

166 1127 194 1153 δὲ
211 1129 244 1153 τὰ
267 1126 321 1152 τῶν
336 1125 423 1160 ἁγίων
449 1124 564 1160 σώματα
581 1124 669 1159 κοῦφα
688 1125 793 1158 γίνεται
809 1125 856 1151 καὶ
878 1125 1022 1160 μετάρσια,
1040 1126 1088 1153 καὶ
1107 1126 1208 1162 ῥᾳδίως
1224 1126 1270 1153 τὸν
1286 1127 1356 1161 ἀέρα
1375 1126 1509 1162 διαπερᾷ·
1528 1126 1559 1152 οὑ
1577 1125 1617 1152 δεῖ
1641 1125 1806 1160 θαυμάζειν,

168 1175 193 1200 εἰ
208 1173 239 1201 τὺ
252 1172 418 1200 Δεσποτικὺν
434 1172 525 1208 σῶμα,
540 1171 571 1199 τὸ
586 1173 619 1207 τῇ
641 1171 748 1207 θεότητι
759 1171 806 1198 τοῦ
823 1172 993 1206 Μονογενοῦς
1011 1174 1162 1210 ἡνωμένον,
1180 1173 1249 1210 μετά
1266 1174 1316 1209 τὴν
1332 1173 1481 1200 ἀνάστασιν
1501 1170 1684 1208 γεγενημένον
1703 1172 1805 1199 ἀθάνα-

168 1229 214 1247 τον
234 1218 437 1254 κεκλεισμένων
451 1217 505 1245 τῶν
522 1217 613 1253 θυρῶν
630 1217 798 1252 εἰσελήλυθε.

204 1267 352 1294 lnnumera
379 1272 463 1300 porro
488 1264 541 1292 alia
561 1268 618 1290 tum
642 1263 814 1298 prophetica,
830 1267 887 1290 tum
898 1271 962 1298 apo—

171 1312 267 1340 stolica
296 1309 454 1338 testimonia
482 1309 509 1336 in
528 1313 657 1344 promptu
679 1313 739 1335 erat
753 1309 896 1344 proferre:
915 1310 963 1335 sed

172 1358 310 1386 sutiieiunt
325 1364 386 1392 qua:
403 1356 475 1384 dicta
491 1359 565 1388 sunt,
580 1359 611 1382 ut
627 1355 701 1390 quod
718 1355 817 1382 docere
837 1355 964 1382 volumus

1047 1267 1102 1294 Καὶ
1115 1267 1216 1303 μυρίας
1230 1267 1258 1294 δὲ
1275 1267 1370 1303 ἑτέρας
1385 1267 1432 1294 καὶ
1443 1265 1615 1303 προφητικάς
1631 1265 1677 1292 καὶ
1689 1265 1807 1291 ἀποστο-

1012 1313 1091 1345 λικάς
1109 1314 1262 1349 μαρτυρίας
1288 1314 1461 1349 παραγαγεῖν
1479 1311 1604 1343 εὐπετές.
1636 1311 1708 1337 Ἀλλ’
1725 1311 1808 1345 ἀρκεῖ

1012 1359 1060 1386 καὶ
1076 1359 1111 1386 τὰ
1125 1359 1258 1394 εἰρημένα
1270 1358 1355 1392 δεῖξαι
1367 1359 1413 1385 τὸν
1427 1359 1474 1394 τῆς
1486 1358 1624 1394 ἡμετέρας
1633 1356 1810 1388 διδασκαλίας

172 1403 361 1432 ostendamus.
375 1401 521 1430 Credimus
543 1401 616 1428 enim
636 1398 662 1428 in
682 1408 766 1428 unum
789 1401 910 1432 Patrem,
936 1401 963 1427 in

1023 1403 1125 1431 ικοπόν.
1153 1404 1322 1440 Πιοτεύομεν
1349 1404 1404 1439 γὰρ
1429 1404 1468 1436 εἰς
1483 1404 1532 1430 ἕνα
1557 1404 1678 1439 Πατέρα,
1706 1405 1746 1435 είς
1761 1403 1810 1430 ἕνα

174 1458 258 1479 unum
290 1449 401 1482 Filium,
430 1449 458 1475 in
486 1455 571 1475 unum
597 1447 730 1482 Spiritum
758 1452 908 1474 sanctum:
937 1452 963 1474 et

1023 1449 1089 1482 Γὶδν,
1107 1450 1147 1481 εἰς
1169 1449 1198 1476 ἓν
1223 1449 1336 1485 Πνεῦμα
1356 1450 1449 1483 ἀγιον⁸
1472 1449 1520 1476 καὶ
1541 1449 1727 1484 ὁμολογοῦμεν
1745 1449 1810 1483 μίαν

173 1496 338 1525 confitemur
349 1503 432 1522 unam
444 1494 627 1526 divinitatem,
644 1501 724 1520 unam
737 1493 963 1525 dominationem,

1023 1493 1142 1528 )εότητα,
1167 1494 1232 1529 μίαν
1259 1493 1417 1529 κυριότητα,
1443 1493 1508 1529 μίαν
1523 1494 1629 1526 οὐσίαν,
1653 1495 1726 1528 τρεῖς
1742 1493 1805 1520 ὕπο-

175 1551 258 1571 unam
279 1542 437 1574 essentiam,
455 1545 511 1568 tres
522 1541 694 1576 hypostascs.
706 1539 846 1575 Unigeniti
861 1539 963 1574 1256

1023 1540 1140 1571 στάσεις.
1163 1540 1197 1566 Ἡ
1210 1540 1264 1574 γὰρ
1280 1539 1488 1575 ἔνανθρώπησις
1509 1539 1556 1566 τοῦ
1571 1539 1741 1574 Μονογενοῦς
1765 1539 1812 1565 τὸν

175 1596 294 1623 namque
308 1587 462 1615 incarnatio
478 1586 623 1613 Trinitatis
635 1593 779 1612 numerum
800 1593 855 1612 non
880 1585 963 1617 auxit,

1023 1586 1067 1621 τῆς
1085 1586 1200 1621 Τριάδος
1211 1587 1262 1614 οὐκ
1280 1586 1398 1622 ηὔξησεν
1416 1586 1544 1621 ἀριθμὸν,
1562 1587 1608 1613 καὶ
1628 1586 1744 1622 τετράδα
1761 1586 1812 1621 τὴν

176 1642 228 1662 nec
242 1621 308 1661 fecit
320 1636 350 1660 ut
367 1632 489 1660 Trinitas
499 1636 571 1658 esset
585 1631 767 1666 quaternitas,
781 1631 829 1658 sed
842 1638 963 1666 perman-

1023 1631 1124 1667 Τριάδα
1145 1621 1306 1668 πεποίηκεν,
1330 1632 1398 1660 ἀλλά
1418 1633 1574 1668 μεμένηκεν
1599 1631 1647 1660 καὶ
1666 1632 1735 1668 μετά
1761 1632 1811 1668 τὴν

177 1680 213 1708 sit
224 1679 346 1706 Trinitas
360 1677 444 1704 etiam
458 1681 520 1712 post
537 1676 754 1704 incarnationem
766 1676 896 1702 Trinitas.
914 1675 963 1702 llo-

1023 1677 1228 1712 ὲνανθρὼπησιν
1248 1679 1332 1714 Τριάς
1356 1680 1372 1714 ἡ
1402 1679 1498 1714 Τριάς.
1530 1679 1755 1714 Ἐνανθρωπῆσαι
1785 1679 1813 1706 δὲ

179 1725 281 1752 minem
307 1728 398 1751 autem
423 1722 524 1749 factum
550 1721 694 1750 credentes
722 1722 896 1757 unigenitum
921 1722 963 1749 Dei

1023 1723 1198 1754 πιστεύοντες
1215 1723 1261 1750 τὸν
1275 1724 1407 1759 μονογενῆ
1427 1725 1491 1751 Υἱδν
1501 1724 1548 1750 τοῦ
1560 1724 1639 1755 Θεοῦ,
1651 1725 1702 1752 οὔκ
1715 1724 1813 1760 ἀρνού-

180 1770 291 1805 Filium,
315 1773 443 1796 naturam
469 1776 550 1803 quam
574 1768 724 1803 assumpsit
749 1775 805 1795 non
827 1775 963 1803 negamus.

1023 1768 1093 1803 μεθα
1119 1769 1152 1804 ἢν
1167 1768 1247 1796 ἔλαϐε
1265 1769 1357 1803 φύσιν,
1376 1769 1435 1796 ἀλλ’
1452 1769 1649 1805 ὁμολογοῦμεν,
1675 1770 1713 1801 ὡς
1732 1770 1812 1804 ἔφην.

179 1816 226 1845 sed
239 1815 414 1847 confitemur,
427 1818 457 1842 ut
472 1814 602 1846 diximus,
619 1818 647 1841 et
662 1821 722 1841 eam
735 1821 796 1848 qua:
808 1814 963 1849 assumpsit

1023 1814 1069 1840 καὶ
1084 1813 1133 1849 τὴν
1144 1813 1291 1847 λαϐοῦσαν,
1305 1814 1350 1840 καὶ
1361 1814 1410 1850 τὴν
1425 1814 1585 1850 ληφθεῖσαν.
1603 1816 1635 1842 Ἡ
1653 1815 1706 1851 γὰρ
1717 1816 1814 1848 Eumer;

180 1868 208 1891 et
232 1870 292 1890 eam
318 1869 376 1897 quae
393 1865 533 1896 assumpta
549 1863 600 1887 est.
627 1860 697 1888 Unio
713 1859 787 1887 enim
801 1867 833 1887 ea
850 1867 911 1894 quae
923 1868 963 1887 na-

1023 1859 1054 1886 οὑ
1077 1859 1187 1894 συνέχεε
1201 1859 1235 1886 τὰ
1251 1860 1306 1886 τῶν
1319 1860 1427 1894 φύσεων
1451 1861 1514 1888 ἴδια.
1532 1861 1564 1887 Εἰ
1588 1861 1642 1896 γὰρ
1658 1861 1672 1887 ὁ
1688 1861 1742 1897 ἀὴρ
1755 1861 1815 1893 ὅλος

182 1914 307 1936 tnrarum
329 1911 409 1935 erant
424 1906 535 1942 propria
548 1914 602 1933 non
614 1905 748 1933 confudit.
764 1905 872 1933 Etenim
885 1905 909 1932 si
924 1913 963 1932 aet

1023 1902 1057 1929 δι’
1074 1903 1135 1929 ὅλου
1153 1903 1183 1930 τὸ
1198 1903 1256 1937 φῶς
1270 1904 1459 1939 εἰσδεχόμενος
1474 1905 1524 1931 οὐκ
1542 1905 1675 1932 ἀπόλλυσι
1689 1906 1720 1932 τὸ
1744 1904 1815 1933 εἶναι

182 1955 258 1983 omni
270 1962 302 1982 ex
315 1958 394 1989 parte
409 1954 500 1980 lucem
510 1951 652 1987 excipiens
663 1959 711 1979 aer
721 1959 782 1979 esse
793 1959 849 1978 non
858 1951 960 1979 desinit

1024 1949 1089 1985 ἀὴρ,
1107 1948 1169 1976 οὔτε
1182 1949 1234 1984 μὴν
1247 1949 1294 1976 τοῦ
1311 1950 1400 1984 φωτὸς
1412 1950 1562 1986 διαφθείρει
1577 1953 1626 1987 τὴν
1644 1951 1737 1986 φύσιν,
1749 1952 1816 1979 ἀλλὰ

182 2009 271 2035 neque
297 2000 367 2026 lucis
390 1999 455 2026 item
481 2001 608 2025 naturam
637 1997 800 2033 corrumpit,
822 1997 872 2025 sed
885 1998 963 2025 oculi:

1024 1997 1080 2026 τοῖς
1099 1996 1147 2030 μὲν
1163 1995 1314 2031 ὀφθαλμοῖς
1332 1995 1442 2032 ὁρῶμεν
1458 1997 1489 2023 τὸ
1504 1997 1573 2031 φῶς,
1598 1999 1632 2033 τῇ
1649 1997 1677 2024 δὲ
1696 1998 1750 2034 ἀφῇ
1771 1998 1816 2024 τὸν

183 2046 293 2081 quidem
317 2045 408 2072 lucem
431 2043 580 2076 cernimus,
603 2048 676 2071 tactu
692 2051 758 2070 vero
772 2051 863 2071 aerem
877 2044 963 2079 digno

1025 2041 1094 2076 ἀέρα
1108 2040 1292 2076 γινώσκομεν
1309 2041 1325 2077 ἢ
1341 2042 1394 2077 γὰρ
1414 2042 1518 2078 ψυχρὸς
1543 2044 1619 2078 ἡμῖν,
1637 2043 1653 2078 ἢ
1669 2043 1780 2078 θερμὸς.
1799 2043 1816 2079 ἢ

183 2092 304 2124 scimus;
324 2094 371 2117 aut
391 2089 507 2125 frigidus
524 2089 609 2121 enim,
627 2092 674 2116 aut
688 2088 803 2121 calidus,
821 2092 868 2115 aut
881 2089 963 2116 humi,

1027 2086 1120 2122 ὑγρὸς,
1138 2086 1154 2122 ἢ
1175 2086 1257 2122 ξηρὸς
1271 2087 1467 2122 προσπελάζει*
1482 2087 1574 2119 ἀνοίας
1585 2089 1703 2124 ἐσχάτης
1719 2089 1818 2123 σύγχυ-

183 2137 245 2168 dus,
258 2140 306 2163 aut
315 2135 407 2163 siccus
417 2134 524 2162 accedit
537 2144 543 2161 :
559 2139 689 2162 extrema:
703 2134 738 2161 sit
749 2133 897 2162 dementiae
907 2141 963 2162 con

1027 2139 1069 2158 σιν
1085 2132 1232 2159 ἀποκαλεῖν
1245 2133 1294 2168 τὴν
1308 2133 1358 2169 τῆς
1373 2133 1499 2169 θεότητος
1511 2135 1558 2161 καὶ
1572 2134 1622 2169 τῆς
1638 2135 1819 2170 ἀνθρωπότη-

185 2183 320 2210 t'usioncm
341 2181 479 2217 appellare
495 2180 648 2208 divinitatis
666 2179 900 2215 humanitatisque
910 2188 962 2207 con

1026 2186 1072 2210 τος
1088 2178 1196 2205 ἕνωσιν.
1213 2179 1244 2206 Εἰ
1257 2180 1312 2216 γὰρ
1329 2180 1356 2206 αἱ
1371 2180 1511 2216 ὁμόδουλοι
1536 2181 1584 2208 καὶ
1609 2182 1753 2217 όμόχρονοι
1771 2182 1819 2208 καὶ

183 2229 363 2265 junctioncm.
385 2227 414 2255 Si
430 2226 503 2254 enim
521 2233 662 2254 conserva:
670 2230 703 2252 et
718 2230 841 2261 tempore
855 2226 960 2260 ecquale

1027 2225 1136 2251 κτισταὶ
1161 2224 1258 2259 φύσεις
1283 2225 1436 2261 ἑνούμεναι,
1458 2227 1506 2254 καὶ
1524 2227 1606 2253 οίονεὶ
1618 2227 1820 2262 κεραννύμεναι

185 2279 214 2303 ct
232 2277 332 2302 creatae
356 2277 461 2300 natura:
476 2271 561 2299 uniue
577 2277 604 2299 et
616 2271 820 2307 quodammodo
837 2271 963 2306 permista

1029 2270 1155 2306 ἀκέραιοι
1169 2271 1337 2306 διαμένουσι,
1363 2272 1473 2300 καὶτοῦ
1495 2273 1585 2308 φωτὸς
1611 2273 1819 2308 ὑποχωροῦντος

182 2322 298 2356 integsz
314 2322 486 2355 permanent,
502 2322 530 2345 et
551 2318 612 2345 luce
638 2317 784 2346 recedente
809 2321 903 2345 manet
926 2325 963 2353 pe

1031 2316 1106 2352 μένει
1118 2317 1180 2344 καθ’
1191 2317 1277 2353 αὐτὴν
1292 2317 1339 2344 τοῦ
1354 2318 1434 2354 ἀέρος
1448 2319 1465 2354 ὴ
1481 2319 1572 2353 φύσις,
1584 2318 1674 2354 πολλῷ
1686 2319 1820 2354 δήπουθεν

185 2375 246 2395 sese
267 2367 340 2394 aeris
354 2369 452 2392 natura
469 2373 475 2391 ι
496 2365 583 2391 multo
595 2371 661 2392 sane
675 2367 716 2391 est
731 2363 837 2399 a'quius
849 2367 963 2390 naturan

1030 2362 1211 2398 δικαιότερον,
1228 2363 1278 2400 τὴν
1295 2364 1329 2390 τὰ
1349 2364 1438 2391 πάντα
1459 2365 1666 2401 τεκτηναμένην
1686 2365 1767 2400 φύσιν
1787 2367 1820 2402 τῇ

186 2413 270 2444 illam,
285 2419 346 2447 quae
359 2410 451 2438 omnia
463 2409 597 2442 condidit,
616 2413 723 2437 natura:
733 2417 814 2444 quam
842 2417 875 2436 ex
898 2409 961 2436 nobi

1031 2409 1061 2442 ἐξ
1084 2409 1161 2445 ἡμῶν
1186 2409 1321 2446 ληφθείσῃ
1349 2410 1531 2446 σνναφθεῖσάν
1549 2419 1578 2437 τε
1606 2411 1654 2438 καὶ⁸
1675 2411 1822 2438 ἑνωθεῖσαν

185 2458 303 2494 sumpsit
329 2457 503 2492 conjunctam
533 2459 562 2483 et
588 2455 704 2489 unitam,
729 2460 757 2482 et
778 2455 866 2490 ipsam
879 2462 963 2489 puran

1033 2457 1123 2491 φύσει,
1140 2457 1187 2484 καὶ
1201 2457 1288 2492 αὐτὴν
1312 2457 1452 2493 ἀκραιφνῆ
1467 2458 1653 2493 μεμενηκέναι
1668 2458 1821 2492 ὁμολογεῖν,

187 2503 369 2540 permansisse
391 2501 527 2533 conﬁteri,
542 2506 570 2529 et
581 2509 663 2536 quam
678 2501 827 2536 assumpsit
841 2501 963 2528 sinceran

1031 2502 1079 2529 καὶ
1097 2503 1131 2538 ἦν
1149 2502 1245 2530 ἔλαϐεν
1262 2502 1392 2535 ὡσαύτως
1415 2503 1548 2539 ἀκεραίαν
1565 2503 1740 2538 διαφυλάξαι.
1767 2504 1820 2530 Καὶ

189 2549 313 2578 similiter
327 2555 514 2578 conservasse.
532 2547 600 2575 Nam
614 2551 642 2574 et
654 2555 753 2574 aurum
766 2547 821 2582 igni
837 2547 963 2574 admotun

1031 2549 1086 2585 γὰρ
1101 2549 1148 2576 καὶ
1161 2551 1175 2576 ό
1191 2550 1290 2585 χρυσὸς
1305 2550 1343 2585 τῷ
1365 2550 1433 2585 πυρὶ
1449 2550 1623 2586 προσομιλῶν
1646 2548 1824 2585 μεταλαμϐά-

186 2595 259 2629 ignis
283 2594 395 2630 quidem
422 2594 544 2621 colorem
574 2597 602 2620 et
625 2593 681 2619 vim
707 2593 805 2628 agendi
819 2593 963 2628 participat

1031 2604 1071 2622 νει
1088 2595 1137 2631 μὲν
1151 2595 1200 2631 τῆς
1221 2595 1267 2622 τοῦ
1284 2596 1368 2631 πυρὸς
1385 2596 1430 2622 καὶ
1445 2596 1528 2632 χρόας
1543 2587 1590 2623 καὶ
1610 2595 1760 2632 ἐνεργείας1
1774 2596 1823 2631 τὴν

189 2640 328 2676 propriam
356 2643 446 2666 tamen
475 2644 600 2666 naturam
618 2646 673 2665 non
695 2639 807 2670 amittit,
823 2638 870 2666 sed
883 2647 936 2666 una
950 2647 963 2666 ε

1032 2642 1061 2668 δὲ
1081 2641 1184 2668 οἰκείαν
1197 2642 1246 2668 οὐκ
1264 2641 1395 2668 ἀπόλλυσι
1409 2641 1501 2676 φύσιν,
1520 2641 1588 2668 ἀλλά
1604 2642 1652 2668 καὶ
1670 2638 1744 2677 μένει
1756 2649 1822 2676 χρυ-

187 2694 285 2714 aurum
300 2690 402 2718 manet,
423 2689 450 2713 et
465 2686 535 2721 ignis
547 2693 623 2712 more
634 2684 699 2720 agit.
711 2683 756 2712 Sic
769 2689 797 2711 et
806 2683 963 2712 Dominicur

1034 2686 1091 2719 σὸς,
1106 2687 1154 2713 καὶ
1170 2687 1278 2722 ἐνεργεῖ
1297 2687 1331 2713 τὰ
1349 2687 1444 2723 πυρός.
1459 2687 1538 2714 Οὕτω
1549 2688 1597 2714 καὶ
1614 2688 1644 2714 τὸ
1657 2688 1823 2714 Δεσποτικὸν

187 2740 299 2767 corpus,
327 2739 426 2767 corpus
448 2731 560 2767 quidem
576 2736 628 2764 cst,
642 2731 690 2758 sed
713 2730 882 2765 impassibilc
895 2731 963 2758 etin

1035 2732 1125 2768 σῶμα,
1146 2733 1226 2768 σῶμα
1243 2734 1290 2769 μὲν
1304 2733 1388 2766 ἔστιν,
1407 2733 1464 2760 ἀλλ’
1478 2734 1593 2766 ἀπαθὲς,
1613 2733 1764 2769 ἄφθαρτον,
1778 2733 1824 2760 καὶ

188 2777 380 2814 ccrruptibiie,
408 2782 435 2805 ct
462 2777 628 2810 immortale,
651 2781 679 2803 et
695 2776 880 2810 Dominicum,
898 2781 926 2804 et
939 2777 963 2805 di

1034 2777 1177 2811 ἀθάνατον,
1202 2778 1249 2805 καὶ
1264 2778 1439 2811 Δεσποτικδν,
1469 2778 1515 2805 καὶ
1543 2777 1625 2811 θεῖον,
1645 2777 1692 2805 καὶ
1707 2778 1740 2813 τῇ
1764 2776 1824 2812 θείᾳ

225 2869 248 2886 ιδ
266 2869 275 2896 I
296 2869 362 2896 Cor.
375 2875 420 2901 xv,
433 2867 477 2901 42,
493 2867 536 2895 45.
565 2867 586 2882 ¹⁸
602 2867 613 2894 l
630 2866 726 2894 Thess.
740 2874 777 2900 tv,
794 2866 837 2895 {6.
