1945 3058
157 172 223 204 1389

806 170 986 201 EPISTULA
1005 170 1128 201 CXLVI.

1713 164 1779 195 1390

154 230 216 265 δόξῃ
227 229 429 265 δεδοξασμένο..
445 229 482 255 Οίι
493 228 547 264 γὰρ
565 227 788 263 κεχώρισταιτῆς
804 227 939 260 essm-.0;

1012 225 1097 257 inum,
1113 230 1140 252 et
1158 225 1250 252 divina
1266 224 1352 260 gloria
1367 222 1558 259 gloriﬁcatum.
1576 222 1635 250 Non
1648 221 1721 250 enim
1735 230 1779 250 se-

153 275 213 301 οὑδὲ
226 273 306 302 ἄλλου
330 274 400 305 τινός
416 275 503 305 ἐστιν,
527 272 584 299 ἀλλ’
603 271 683 298 αὑτοῦ
704 272 750 298 τοῦ
771 269 939 304 Μονογενοῦς

155 319 220 346 Υἱοῦ
236 319 283 346 τοῦ
308 319 386 346 Θεοῦ.
414 318 481 344 Οὐδὲ
494 317 548 352 γὰρ
568 317 661 352 ἕτερον
682 318 746 352 ἡμῖν
775 316 939 343 ἐπιδείκνυσι

155 366 311 400 πρόσωπον,
339 365 396 391 ἀλλ’
413 364 493 390 αὐτὸν
508 363 554 389 τὸν
579 363 719 398 Μονογενῆ
740 363 788 397 τὴν
802 362 940 397 ἡμετέραν

155 410 345 446 περικείμενον
360 410 450 444 φύσιν.

190 455 299 491 Ταύτην
320 457 401 490 ἡμεῖς
420 455 470 490 τὴν
496 453 671 481 διδασκαλίαν
694 452 869 487 διατελοῦμεν
891 461 941 486 κη-

156 501 308 537 ρύττοντες.
329 501 361 527 0i.
374 500 402 526 δὲ
419 501 468 535 τὴν
485 500 555 535 ὑπὲρ
572 499 650 534 ἡμῶν
669 498 856 533 γεγενημένην
871 498 942 523 οἰκο-

155 547 251 582 νομίαν
264 546 425 582 ἀρνούμενοι
447 547 601 582 αίρετικοὺς
618 546 691 580 ἡμᾶς
707 544 941 579 προσηγόρευσαν,

156 593 319 627 προσόμοιόν
333 601 359 618 τι
373 593 433 622 ταῖς
454 590 562 625 γυναιξὶ
583 592 643 622 ταῖς
661 590 820 620 ἀκολάστοις
836 588 942 615 ποιοῦν-

156 648 210 669 τες.
226 639 279 665 Καὶ
293 638 347 673 γὰρ
360 639 462 664 ἐκεῖναι
482 637 601 672 δημοσίᾳ
622 636 762 663 πωλοῦσαι
786 635 835 670 τὴν
849 634 924 669 ὥραν
935 654 942 665 ,

159 687 211 716 τοῖς
225 686 372 719 ἑταιρικοῖς
386 685 500 711 ὀνείδεσι
511 684 562 715 τὰς
583 683 726 718 σώφρονας
739 681 942 716 περιϐάλλουσι,

156 732 203 758 καὶ
218 731 251 756 τὰ
265 732 314 765 τῆς
331 730 433 761 οἰκείας
444 729 587 764 ἀσελγείας
603 729 722 764 ὀνόματα
734 729 793 760 ταῖς
803 727 852 762 τὴν
865 727 944 753 ἀσέλα

156 785 234 810 γειαν
249 776 474 811 βδελυττομέναις
487 775 670 810 περιτιθέασι.
695 774 781 800 Τοῦτο
801 773 876 807 καὶὴ
895 773 943 798 Αί-

157 822 259 856 γυπτία
281 822 425 856 πεποίηκε.
443 821 498 856 Τὴν
512 821 567 856 γὰρ
589 821 638 855 τῆς
656 820 772 854 αἰσχρᾶς
798 818 946 853 ἐπιθυμίας

157 867 278 895 δουλείαν
297 866 478 902 ἀσπασαμένη
490 886 497 898 ,
520 866 568 893 καὶ
594 864 644 901 τὴν
660 864 852 899 ἀνδραποδώδη
866 863 946 890 κολα-

993 275 1117 304 paratum
1132 275 1174 298 est
1187 278 1202 298 a
1217 270 1372 303 divinitate,
1390 277 1479 304 neque
1499 268 1612 295 alterius
1628 267 1779 302 eujuspiam

991 320 1042 347 est,
1055 316 1102 342 sed
1115 315 1200 351 ipsius
1214 316 1349 352 unigeniti
1363 315 1425 342 Filii
1440 315 1498 342 Dei.
1515 314 1571 341 Nec
1582 313 1654 340 enim
1668 313 1780 340 alteram

992 361 1072 388 nobis
1101 361 1214 388 exhibet
1237 369 1383 396 personam
1414 360 1519 395 1257
1533 359 1581 387 sed
1603 358 1780 394 Unigcnitum

993 406 1082 440 ipsum
1099 411 1192 434 nostra
1205 407 1331 434 indutum
1344 410 1452 433 natura.

1029 451 1104 479 llanc
1130 461 1181 479 nos
1208 452 1362 480 doctrinam
1391 451 1540 486 pra-dieare
1563 449 1711 485 pergimus.
1728 447 1780 481 Qui

993 505 1059 523 vero
1087 497 1186 524 factam
1213 505 1263 532 pro
1292 497 1374 524 nobis
1405 495 1638 531 dispensatiOnem
1663 497 1781 529 negant,

993 543 1140 570 haereticos
1153 551 1203 570 nos
1220 543 1404 578 appellarunt,
1426 541 1543 576 impuris
1557 540 1721 567 mulieribus
1746 539 1781 566 si-

994 589 1058 616 mile
1073 591 1079 599 '
1095 589 1199 623 aliquid
1215 589 1381 616 factitantes.
1408 588 1464 615 Illae
1486 595 1614 622 namque,
1637 593 1700 613 cum
1723 585 1782 612 for.-

993 643 1065 661 mam
1089 642 1165 662 suam
1189 636 1313 662 venalem
1339 635 1467 666 habeant,
1492 632 1656 660 meretriciis
1674 631 1783 666 probris

994 684 1083 708 castas
1105 685 1214 712 vexant,
1238 685 1267 708 et
1291 681 1514 715 intemperantia;
1538 687 1594 706 sua:
1619 677 1731 705 nomina
1749 676 1783 703 iis

995 734 1055 761 quac
1065 727 1172 754 illarum
1189 726 1428 762 intemperantiam
1440 725 1612 753 detestantur
1627 724 1783 758 imponunt.

996 772 1052 799 Hoc
1064 772 1190 808 (Egyptia
1208 772 1283 806 fecit,
1301 780 1362 807 qua:
1375 772 1465 807 turpis
1478 770 1607 799 desiderii
1623 769 1784 797 servitutem

995 818 1131 852 amplexa,
1147 825 1209 844 cum
1227 817 1320 844 servili
1347 816 1504 844 adulatione
1527 821 1653 850 aggressa
1679 816 1784 841 castum

997 867 1081 896 esset,
1097 871 1148 890 nec
1165 864 1298 896 inescare,
1317 861 1520 897 voluptatisque
1545 859 1651 895 laqueis
1674 858 1786 886 irretire

158 915 234 941 κείαν
255 913 475 949 προσενελίκοῦσα
500 913 538 949 τῷ
555 912 684 947 σώφρονι,
705 910 765 938 εἶτα
794 912 831 946 μὴ
852 910 945 937 δελεά-

1004 909 1143 944 )0ίυὶ55(¹1,
1167 909 1250 936 alieni
1267 908 1319 935 tori
1342 907 1500 943 praedonem
1513 905 1667 942 appellabat
1682 907 1786 931 amato-

160 969 239 991 σασα,
266 960 333 996 μηδὲ
354 961 414 992 ταῖς
437 961 487 995 τῆς
507 958 674 994 ἡδυπαθείας
688 957 876 993 περιπείρασα
893 956 947 983 πά-

159 1015 232 1041 γαις,
251 1005 393 1040 ἀλλοτρίας
411 1005 491 1040 εὐνῆς
503 1004 636 1031 ἀπεκάλει
649 1003 750 1039 λῃστὴν
774 1004 823 1037 τῆς
841 1009 947 1036 σωφρο-

160 1052 242 1086 σύνης
256 1052 301 1078 τὸν
315 1051 444 1086 ἐραστήν.
469 1050 538 1076 Ἀλλ’
557 1047 630 1076 οὗτοι
647 1049 694 1084 μὲν
709 1047 825 1075 δώσουσι
838 1047 875 1082 τῷ
886 1046 946 1081 Θεῷ

158 1096 208 1127 τὰς
222 1095 348 1128 εὐθύνας,
370 1097 418 1122 καὶ
433 1095 487 1122 τῶν
502 1094 571 1121 κατὰ
583 1094 633 1129 τῆς
648 1094 765 1124 πίστεως
782 1092 945 1128 μηχανημά-

159 1150 213 1168 των
225 1161 233 1174 ,
256 1141 304 1168 καὶ
321 1141 374 1168 τῶν
395 1141 456 1167 καθ’
483 1140 561 1176 ἡμῶν
576 1139 809 1175 σκευωρημάτων.
834 1137 904 1172 Ἐγὼ
916 1137 944 1163 δὲ

159 1189 222 1220 τοὺς
247 1188 422 1224 ὑπηγμένους
451 1189 511 1219 ταῖς
544 1186 742 1221 γεγενημέναις
760 1184 946 1220 ψευδολογίαις

160 1234 324 1269 παρακαλῶ,
339 1233 456 1269 θατέραν
470 1234 531 1259 ταῖν
546 1232 640 1258 ἀκοαῐν
655 1230 710 1263 (18)
724 1229 762 1265 τῷ
779 1237 946 1264 κατηγορου-

162 1280 236 1314 μένῳ
247 1280 402 1314 φυλάττειν,
422 1280 469 1306 καὶ
489 1278 527 1314 μὴ
551 1278 599 1309 τὰς
617 1277 663 1304 δύο
679 1278 734 1308 τοῖς
749 1275 948 1312 κατηγοροῦσιν

161 1325 282 1359 ὑπέχειν.
304 1325 382 1351 Οὕτω
399 1324 453 1359 γὰρ
472 1324 516 1350 τὸν
538 1323 609 1349 θεῖον
622 1321 798 1357 πληρώσουσι
812 1322 904 1356 νόμον,
921 1321 951 1352 ὃς

161 1371 311 1406 διαρρήδην
336 1370 402 1406 βοᾷ·
429 1379 438 1396 ι
465 1369 562 1405 ’Λκοὴν
580 1368 697 1404 ματαίαν
713 1368 743 1394 οὐ
764 1366 903 1402 παραδέξῃ
915 1374 922 1380 ’
938 1375 947 1391 ι

163 1418 223 1444 χαί’
250 1426 259 1442 ι
276 1416 374 1452 Κρίσιν
384 1416 492 1442 δικαίαν
511 1415 618 1449 κρίνετε
636 1413 687 1440 ἁνὰ
702 1413 783 1448 μέσον
796 1412 893 1447 ἀνδρὸς
905 1411 951 1438 καὶ

162 1463 212 1488 ἀνὰ
232 1463 313 1497 μέσον
324 1461 371 1488 τοῦ
385 1461 498 1496 πλησίον
518 1459 611 1486 αὑτοῦ.
625 1468 634 1484 ι
650 1459 699 1484 Διὰ
714 1458 768 1493 γὰρ
781 1457 814 1492 δὴ
826 1456 927 1483 τούτων
938 1457 952 1482 ὁ

998 964 1056 983 rem
1079 955 1265 983 continentim.
1287 954 1389 990 Verum
1407 952 1436 980 hi
1451 953 1508 980 Deo
1526 951 1637 986 quidem
1652 950 1786 978 rationem

997 1001 1124 1033 reddent,
1149 1005 1207 1028 tum
1231 1000 1265 1027 de
1287 1000 1322 1027 iis
1347 1007 1408 1035 quae
1426 1003 1521 1026 contra
1536 997 1617 1024 [idem
1638 995 1786 1023 machinati

997 1052 1073 1080 sunt,
1094 1051 1151 1074 tum
1167 1047 1201 1074 de
1221 1046 1328 1074 insidiis
1346 1053 1414 1081 quas
1430 1049 1526 1072 contra
1547 1051 1598 1071 nos
1615 1045 1786 1070 struxerunt.

998 1094 1054 1129 Ego
1070 1102 1135 1120 vero
1151 1093 1213 1120 illos
1228 1093 1364 1124 obtestor,
1379 1091 1427 1126 qui
1442 1090 1552 1127 jactatis
1576 1090 1604 1116 in
1632 1095 1683 1116 nos
1713 1095 1788 1114 men-

998 1139 1085 1167 daciis
1112 1138 1230 1174 permoti
1242 1143 1315 1171 sunt,
1332 1142 1362 1165 ut
1376 1145 1424 1165 reo
1435 1137 1547 1164 alteram
1562 1142 1656 1163 aurem
1669 1138 1788 1165 servent,

999 1194 1050 1213 nec
1062 1185 1156 1213 ambas
1177 1184 1331 1212 accusatori
1355 1183 1473 1211 tradant.
1503 1182 1549 1210 Sic
1571 1181 1645 1209 enim
1669 1179 1789 1208 divinam

1000 1232 1087 1266 legem
1107 1231 1271 1266 implebunt,
1288 1238 1349 1265 qua:
1369 1229 1470 1256 diserte
1487 1228 1586 1255 clamat
1602 1235 1608 1253 :
1629 1236 1637 1252 ι
1653 1225 1713 1253 Non
1728 1233 1790 1252 sus-

1001 1277 1088 1311 eipics
1103 1276 1273 1303 auditionem
1295 1282 1394 1302 vanam
1411 1274 1450 1306 '5;
1468 1283 1476 1298 ι
1493 1277 1520 1299 et
1536 1281 1542 1298 τ
1560 1281 1569 1296 ‹
1585 1270 1693 1298 Justum
1716 1268 1791 1304 judi-

1000 1323 1072 1349 cium
1094 1321 1217 1356 judicate
1242 1320 1315 1347 inter
1332 1320 1421 1347 virum
1436 1323 1464 1345 et
1480 1317 1634 1352 proximum
1654 1315 1714 1350 ejus
1730 1314 1761 1340 ”.
1779 1323 1789 1340 ι

999 1368 1150 1402 Propterea
1173 1367 1249 1394 enim
1275 1365 1367 1393 divina
1393 1365 1437 1392 lex
1464 1362 1590 1399 praecipit
1611 1369 1666 1389 non
1678 1360 1794 1388 credere

1001 1412 1148 1439 calumniis
1165 1411 1192 1439 in
1211 1411 1351 1443 absentes,
1369 1408 1417 1437 sed
1434 1407 1617 1444 prmsentibus
1644 1405 1698 1432 reis
1717 1403 1792 1439 judi-

1002 1465 1064 1486 CRTC
1069 1479 1075 1484 .

163 1507 233 1540 θεῖος
255 1507 337 1542 νόμος
350 1499 496 1542 παρεγῨυᾱ
515 1505 552 1541 μὴ
576 1503 715 1531 πιστεύειν
750 1504 808 1535 ταῖς
828 1503 898 1530 κατὰ
933 1502 987 1530 τῶν
1016 1504 1140 1531 ἀπόντων
1177 1502 1312 1534 διαϐολαῖς
1357 1501 1425 1528 ἀλλὰ
1450 1499 1566 1535 παροῦσι
1590 1500 1645 1530 τοῖς
1675 1504 1794 1531 κατηγο-

164 1554 302 1589 ρουμένοις
327 1553 446 1585 δικάζειν
458 1555 512 1589 (l9)
523 1572 529 1578 .

323 1610 422 1643 ΡΜιτ.
437 1625 470 1629 -
490 1609 611 1642 Ἰωάννῃ
636 1609 792 1642 οἰκονόμῳ.

207 1667 284 1701 Ἐμοὶ
306 1666 356 1701 μὲν
378 1665 478 1700 ἡσυχία
496 1665 634 1700 θυμήρης,
655 1665 702 1691 καὶ
725 1664 782 1698 βίος
805 1663 958 1698 φροντίδων

165 1710 317 1747 ἐλεύθερος.
343 1712 391 1738 Διά
408 1719 449 1737 τοι
474 1710 553 1737 τοῦτο
574 1710 621 1736 καὶ
643 1710 690 1736 τοῦ
707 1709 889 1744 μοναστηρίου
905 1709 954 1744 τὴν

166 1756 271 1782 αὔλειον
286 1755 483 1791 ἁνῳκοδόμησα
497 1754 592 1790 Θύραν,
609 1754 657 1780 καὶ
673 1754 727 1780 τῶν
742 1753 889 1788 γνωρίμων
905 1751 955 1783 τὰς

168 1801 313 1836 συντυχίας
327 1800 453 1827 ἐκκλίνω.
473 1799 582 1835 Ἐπειδὴ
596 1799 625 1826 δὲ
638 1798 813 1833 καινοτομίαν
825 1797 896 1824 κατὰ
906 1798 956 1832 τῆς

167 1847 346 1882 εὐαγγελικῆς
362 1847 480 1879 πίστεως
495 1845 629 1872 κινεῖσθαι
643 1844 803 1879 μεμάθηκα,
819 1843 957 1870 οὑκάκίν·

166 1895 243 1922 δυνον
267 1893 452 1928 ὑπολαμϐάνω
468 1893 517 1928 τὴν
541 1891 658 1926 σιωπήν.
678 1891 709 1916 El
729 1890 784 1925 γὰρ
811 1889 955 1924 ἀνθρώπου

168 1938 323 1975 βασιλεύειν
347 1937 475 1972 λαχόντος
499 1936 576 1973 παρά
600 1944 682 1963 τινων
709 1934 901 1970 ὑϐρισθέντος,
926 1935 956 1961 οὺ

169 1985 240 2012 κατὰ
250 1984 304 2010 τῶν
316 1983 468 2018 ὑϐρικότων
481 1983 573 2017 μόνον,
586 1981 653 2008 ἀλλὰ
665 1981 712 2008 καὶ
723 1981 794 2007 κατὰ
804 1980 858 2007 τῶν
872 1989 958 2016 παρα-

168 2030 357 2065 τετυχηκότων
382 2029 441 2062 μὲν,
464 2029 565 2063 ἣκιστα
587 2027 615 2054 δὲ
639 2027 702 2058 τοὺς
723 2026 958 2060 πεπαρῳνηκότας

169 2076 352 2111 ἀμυναμένων
368 2074 491 2105 κίνδυνος
505 2073 680 2109 ὲπῃώρηται,
697 2072 777 2098 ποίαν
795 2071 846 2098 οὑκ
864 2070 896 2097 ἂν
916 2071 957 2096 δι-

169 2122 255 2153 καίως
273 2121 384 2147 κόλασιν
402 2120 548 2146 ὑποσταῖεν
567 2119 591 2145 οί
605 2118 656 2150 τὰς
671 2118 742 2144 κατὰ
762 2116 809 2144 τοῦ
829 2117 897 2143 Θεοῦ
911 2117 959 2144 καὶ

170 2167 297 2202 Σωτῆρος
309 2165 442 2202 ἡμῶνίτε]
459 2164 633 2200 τολμημένας
649 2163 821 2198 βλασφημίας
835 2163 958 2198 παρορᾷν

171 2213 347 2248 ἀνεχόμενοις
373 2212 458 2238 Τοῦτό
489 2219 522 2246 με
548 2210 578 2236 τὸ
605 2209 664 2241 δέος
689 2209 735 2235 ἐπὶ
757 2208 804 2236 τοῦ
826 2209 958 2244 παρόντος

171 2259 310 2298 ἠναγκασε
337 2257 441 2293 γράψαι
463 2257 521 2288 νῦν,
540 2256 587 2282 καὶ
605 2254 723 2290 δηλῶσαι
747 2254 765 2281 ἃ
787 2254 863 2289 παρά
877 2262 959 2280 τινων

171 2304 392 2339 καινοτομεῖσθαι
408 2302 569 2338 μεμάθηκα.

206 2349 302 2376 Πολλοὶ
315 2349 380 2385 γὰρ,
400 2347 438 2380 ὥς
454 2348 529 2379 τινές
540 2355 632 2381 φασιν,
647 2348 675 2374 ὲν
696 2348 729 2382 τῇ
748 2347 823 2373 πόλει
835 2345 959 2382 θρυλλοῦ-

173 2404 223 2426 σιν,
239 2395 277 2426 ὼς
288 2394 483 2430 πρεσϐυτέρων
503 2393 584 2420 τινῶν
607 2392 854 2428 προσευξαμένων,
868 2392 915 2418 καὶ
930 2391 959 2417 τὸ

173 2439 286 2476 σύνηθες
301 2439 377 2471 τέλος
393 2438 605 2466 ἐπιτεθεικότων
618 2439 651 2473 τῇ
670 2439 820 2473 προσευχῇ,
838 2438 886 2466 καὶ
905 2437 959 2463 τῶν

173 2485 222 2521 μὲν
238 2485 397 2520 εἰρηκότων,
414 2485 455 2511 ὅτι
472 2484 514 2510 σοὶ
529 2484 629 2519 πρέπει
640 2482 714 2516 δόξα,
733 2485 779 2510 καὶ
796 2482 835 2518 τῷ
850 2483 960 2518 Χριστῷ

173 2540 230 2564 σου,
248 2531 295 2557 καὶ
311 2530 348 2566 τῷ
363 2531 432 2566 ἁγίῳ
446 2539 492 2556 σου
507 2529 648 2565 Πνεύματι
659 2538 666 2544 ·
686 2529 740 2555 τῶν
754 2529 793 2560 δὲ,
810 2528 902 2564 χάριτι
913 2528 961 2555 καὶ

173 2577 268 2612 φιλανθ
274 2577 363 2612 ρωπίᾳ
371 2576 418 2602 τοῦ
425 2576 446 2602 Χ
453 2575 544 2612 ριστοῦ
557 2584 615 2607 σου,
626 2575 684 2610 μεθ’
693 2571 722 2601 οὗ
735 2575 776 2601 σοὶ
788 2575 888 2609 πρέπει
897 2574 960 2607 δόξα

174 2623 221 2649 σὺν
233 2622 272 2657 τῷ
287 2622 357 2657 ἁγίῳ
377 2630 424 2648 σου
437 2621 587 2655 Πνεύματι,
605 2620 762 2655 ἐπέσκηψεν
775 2621 789 2646 ὀ
805 2619 962 2653 σοφώτατος

173 2668 369 2702 ἀρχιδιάκονος,
395 2667 432 2702 μὴ
450 2667 548 2703 χρῆναι
569 2667 658 2701 λέγειν
682 2667 727 2692 τὸν
742 2665 859 2701 Χριστὸν
870 2685 877 2697 ,
894 2665 961 2692 ἀλλὰ

173 2712 218 2738 τὶν
232 2713 372 2748 Μονογενῆ
386 2712 517 2745 δοξάζειν.
534 2712 564 2738 Et
580 2711 608 2738 δὲ
622 2711 700 2739 τοῦτο
710 2710 819 2746 ἀληθὲς,
834 2710 961 2745 οὐδεμίαν

210 2782 231 2797 ’⁸
247 2781 334 2808 Exod.
352 2789 409 2814 xm,
424 2781 449 2808 I.
486 2781 506 2797 ¹⁷
524 2781 605 2808 Deut.
619 2788 638 2812 ι,
656 2779 699 2807 16.

212 2849 267 2883 (18)
283 2849 332 2885 τὴν
348 2850 433 2885 ἀκοήν
447 2848 532 2885 Neap.

1182 1602 1296 1631 CXLVI.
1306 1616 1340 1621 —
1347 1599 1447 1628 Joanm'
1475 1605 1616 1625 ατοιιοιηο.

1040 1659 1105 1686 Mihi
1119 1658 1230 1694 quidem
1247 1661 1323 1693 grata
1332 1661 1376 1684 est
1391 1655 1480 1691 quies,
1495 1658 1524 1681 et
1540 1653 1596 1680 vita
1610 1652 1685 1680 curis
1696 1651 1794 1678 libera.

1005 1706 1153 1741 Propterea
1178 1704 1286 1739 1258
1312 1710 1378 1730 sane
1407 1705 1435 1729 et
1461 1699 1621 1728 monasterii
1647 1698 1797 1725 atriensem

1003 1752 1114 1787 januam
1125 1749 1260 1781 obstruxi,
1274 1752 1302 1776 et
1313 1748 1464 1775 amicorum
1475 1744 1685 1780 congressiones
1693 1742 1795 1770 devito.

1006 1797 1060 1825 Sed
1072 1801 1219 1831 postquam
1234 1797 1330 1822 contra
1346 1792 1533 1827 evangelicam
1548 1790 1629 1817 ﬁdem
1651 1796 1695 1817 res
1712 1796 1797 1816 novas

1006 1842 1111 1869 moveri
1133 1840 1229 1872 didici,
1255 1838 1381 1874 periculo
1403 1841 1498 1864 carere
1510 1836 1652 1863 silentium
1668 1842 1722 1862 non
1737 1834 1797 1862 exi-

1006 1889 1099 1916 stimo.
1120 1886 1229 1914 Etenim
1260 1885 1283 1913 si
1299 1884 1408 1912 mortali
1429 1891 1492 1918 rege
1514 1882 1614 1917 injuria
1626 1889 1676 1916 per
1689 1881 1798 1915 aliquos

1007 1935 1116 1965 utl‘eeto,
1142 1941 1196 1960 non
1225 1932 1259 1959 iis
1283 1930 1365 1957 modo
1385 1929 1433 1964 qui
1453 1928 1583 1963 injuriam
1600 1927 1735 1958 fecerunt,
1750 1927 1798 1953 sed

1007 1979 1041 2006 iis
1062 1978 1145 2005 etiam
1166 1977 1214 2011 qui
1231 1978 1381 2011 praesentes
1397 1981 1459 2001 cum
1473 1977 1566 2000 essent
1579 1971 1727 2007 injuriosos
1744 1971 1798 1998 mi-

1008 2025 1083 2052 nime
1109 2023 1279 2058 repulerunt,
1305 2019 1448 2054 impendet
1462 2017 1627 2054 periculum,
1644 2024 1726 2052 quam
1739 2024 1798 2051 pm—

1008 2080 1071 2100 nam
1096 2079 1154 2098 non
1171 2069 1271 2097 merito
1289 2065 1477 2097 sustinebunt,
1493 2064 1540 2099 qui
1560 2063 1649 2090 illatas
1668 2062 1696 2089 in
1712 2061 1798 2089 Deum

1008 2121 1037 2144 et
1065 2116 1389 2144 Salvatorem'nostrum
1415 2109 1601 2144 blasphemias
1621 2111 1799 2136 contemnere

1009 2171 1064 2190 non
1086 2160 1235 2189 dubitant?
1259 2159 1310 2186 Hic
1335 2165 1378 2185 me
1400 2156 1484 2184 timor
1497 2155 1524 2182 in
1538 2161 1661 2189 praesens
1677 2153 1800 2180 scribere

1010 2209 1153 2244 compulit,
1165 2210 1194 2235 et
1208 2206 1398 2234 demonstrare
1410 2210 1471 2238 quae
1488 2209 1504 2229 a
1522 2200 1663 2228 nonnullis
1673 2199 1798 2226 innovari

975 2267 997 2294 υ
1011 2255 1137 2291 cognovi.

1048 2341 1125 2370 Multi
1143 2341 1229 2372 enim,
1242 2344 1273 2367 ut
1284 2338 1395 2374 quidam
1410 2336 1556 2367 aﬂirmant,
1568 2334 1597 2362 in
1608 2333 1677 2361 urbe
1686 2333 1801 2368 iactant.

1013 2387 1088 2423 quod
1102 2385 1270 2422 presbyteris
1281 2383 1448 2420 quibusdam
1460 2380 1617 2412 orantibus,
1636 2383 1665 2406 et
1684 2377 1802 2405 orationi

1014 2422 1124 2461 solitum
1141 2432 1223 2459 ﬁnem
1249 2429 1471 2466 apponentibus,
1501 2425 1712 2459 dicentibusque
1742 2422 1804 2450 aliis

1013 2479 1125 2514 quidem
1140 2487 1147 2505 :
1167 2477 1237 2511 Quia
1261 2481 1288 2504 te
1304 2475 1384 2503 decet
1398 2473 1495 2509 gloria,
1512 2475 1541 2499 et
1555 2470 1696 2498 Christum
1713 2473 1802 2499 tuum,

1014 2530 1042 2553 et
1052 2528 1178 2553 sanctum
1199 2528 1278 2551 tuum
1296 2521 1451 2557 Spiritum;
1471 2518 1534 2545 aliis
1559 2524 1626 2544 vero
1643 2525 1650 2543 :
1665 2514 1759 2543 Gratia
1775 2518 1804 2541 et

1014 2571 1185 2606 benignitate
1210 2568 1314 2597 Christi
1341 2567 1390 2599 tui,
1415 2573 1478 2593 cum
1502 2567 1600 2600 quote
1623 2562 1703 2589 decet
1717 2560 1804 2596 gloria

1013 2605 1093 2644 cum,
1106 2620 1201 2643 sancto
1226 2619 1274 2642 tuo
1298 2613 1415 2648 Spiritu,
1435 2610 1572 2638 mandarit
1583 2605 1804 2643 sapientissimus

1015 2661 1239 2694 archidiaconus,
1257 2667 1314 2687 non
1327 2662 1455 2693 oportere
1469 2656 1610 2684 Christum
1631 2653 1734 2684 dicere,
1755 2649 1804 2678 sed

1015 2708 1191 2744 Unigenitum
1205 2706 1368 2743 gloriﬁcare.
1380 2706 1387 2714 '
1400 2703 1478 2737 Quod
1489 2701 1602 2737 quidem
1612 2700 1636 2728 si
1645 2705 1742 2727 verum
1750 2702 1803 2729 est,

214 2874 270 2920 (19’)
289 2874 423 2912 ᾖδε-δίχ’.
448 2874 625 2918 supplendum
655 2885 714 2908 erat
736 2888 750 2907 e
767 2879 884 2908 \‘indob.
915 2875 1076 2905 Sirmondus
1089 2874 1227 2901 omiserat.
