1945 3058
140 123 203 157 1391

642 123 885 153 TIlEODORETI
904 121 1073 152 EPISCOPI
1092 121 1275 152 CYRENSIS

1699 121 1770 154 1399

139 190 249 210 omnem
273 185 386 217 superat
404 180 514 208 modum
531 180 689 215 impietatis.
705 180 843 207 Autenim
859 180 925 206 duos

981 179 1107 210 ἀσεϐείας
1124 178 1276 214 ὑπερϐολὴν
1292 179 1458 205 καταλείπει.
1475 179 1508 205 Ἢ
1518 179 1571 214 γὰρ
1580 180 1620 211 είς
1633 180 1681 207 δύο
1690 181 1769 212 υίοὺς

140 228 167 254 in
186 227 256 254 tilios
269 227 369 254 dividit
391 234 476 253 unum
506 226 653 253 Dominum
682 229 807 252 nostrum
834 225 926 251 Jesuin

140 274 291 305 Christum,
315 276 343 299 et
368 271 543 307 Unigenitum
558 271 670 306 quidem
686 271 839 306 legitimum
852 274 927 304 putat

141 326 201 346 esse
215 318 302 345 ﬁlium
319 322 347 345 et
362 317 526 349 naturalem,
541 316 681 344 Christum
692 324 757 343 vero
769 316 927 350 adoptivum

140 368 168 390 et
192 363 318 394 nothum,
346 371 377 389 ac
402 362 516 397 proinde
543 361 686 397 indignum
704 361 926 396 gloriﬁcatione:

141 414 188 436 aut
215 409 424 436 insolescentem
446 416 520 435 nunc
553 408 669 435 haeresin
700 406 822 434 stabilire
846 413 928 433 cona-

144 457 200 480 tur.
225 454 263 480 Ac
283 453 412 488 quidem,
437 454 461 481 si
484 453 543 480 dira
568 457 716 487 tempestas
736 452 925 484 incumberet,

141 499 328 534 suspicaretur
347 499 463 527 fortasse
478 499 624 534 quispiam,
648 499 724 526 illum
742 499 855 526 haeresis
875 507 926 525 au-

141 550 247 573 ctorum
272 545 394 580 potentia
421 545 595 575 deterritum,
621 544 817 579 blasphemiam
834 543 927 571 indul-

140 599 203 626 gere
216 591 344 626 tempori.
361 591 508 625 Postquam
526 594 617 617 autem
637 590 659 617 is
677 590 723 625 qui
742 589 849 624 1259
868 590 926 617 bla-

140 638 301 672 sphematur
322 637 474 671 increpavit
497 642 595 664 ventos
619 641 646 664 et
660 644 746 668 mare,
764 636 927 671 jactatisque

140 683 271 710 Ecclesiis
296 682 521 717 tranquillitatem
543 682 630 714 dedit,
655 686 683 708 et
707 686 778 708 terra
803 682 926 716 marique

140 728 325 762 apostolorum
351 727 452 762 ubique
474 727 662 762 promulgatur
689 726 857 761 prae'dicatio,
880 734 926 754 ec-

140 779 221 807 quem
243 772 334 799 locum
361 771 444 798 habet
468 771 658 806 blasphemia?
683 771 790 798 Etenim
804 779 854 798 nec
870 771 926 803 isti,

141 819 187 853 qui
203 826 284 845 uuam
300 817 391 845 carnis
411 815 619 851 divinitatisque
644 821 770 843 naturam
796 824 926 851 perverse

142 871 214 890 nunc
230 863 423 890 ecclesiasticis
435 861 609 898 dogmatibus
627 862 762 894 inserunt,
786 862 924 890 Christum

141 908 284 935 Dominum
298 907 402 934 laudari
425 911 528 940 vetant,
554 911 636 942 atque
658 906 712 934 hoc
732 907 811 934 facile
833 912 874 935 est
892 915 925 935 cx

140 953 174 980 iis
195 954 241 988 qui
264 953 338 980 illinc
356 953 498 980 redierunt
522 951 921 988 cognoscerc.0p0rtebatau-

140 1003 194 1025 tem
225 999 312 1030 illum,
335 998 382 1033 qui
406 998 497 1025 ordini
522 1003 651 1033 praeesset
672 999 869 1032 ecclesiastico,
885 1000 925 1027 di-

140 1045 229 1072 vinam
249 1052 328 1072 nosse
346 1044 526 1080 Scripturam,
544 1048 572 1071 et
588 1052 621 1071 ex
651 1052 682 1071 ea
709 1044 825 1078 discere,
851 1046 924 1080 quod

139 1088 369 1123 quemadmodum
385 1088 556 1124 unigenitum
572 1088 670 1115 Filium
683 1096 744 1116 cum
759 1089 838 1117 Patre
858 1098 924 1117 con—

137 1134 255 1169 jungunt
271 1133 394 1161 veritatis
409 1141 560 1169 praecones,
577 1134 617 1160 sic
637 1133 721 1161 etiam
745 1134 847 1162 Christi
876 1143 926 1163 no-

139 1188 202 1207 men
235 1187 283 1214 pro
305 1179 366 1207 Filii
393 1179 504 1207 nomine
527 1183 701 1215 usurpantes,
725 1188 798 1208 nunc
814 1181 924 1215 quidem

139 1231 202 1251 cum
225 1224 315 1257 Patre,
341 1231 415 1252 nunc
436 1227 527 1251 autem
543 1231 605 1251 cum
622 1224 726 1260 Spiritu
743 1230 838 1252 sancto
860 1233 926 1253 con-

141 1275 287 1298 numerant
308 1279 314 1297 :
336 1270 400 1305 quia
423 1269 554 1297 nimirum
576 1270 646 1298 alius
664 1279 719 1298 non
742 1276 784 1299 est
799 1271 926 1300 Christus

141 1323 222 1351 quam
243 1315 401 1351 unigenitus
422 1316 470 1344 Dei
491 1316 586 1344 Filius.
611 1316 704 1351 llaque
724 1316 925 1344 divinissimum

141 1360 255 1387 Paulum
270 1360 367 1387 audire
382 1360 456 1392 licet,
466 1360 616 1388 Corinthiis
626 1361 738 1396 quidem
748 1361 924 1395 scribentem,

142 1406 188 1432 sed
208 1405 303 1433 orbem
318 1409 453 1433 terrarum
467 1405 610 1433 docentem
624 1415 631 1432 :
647 1416 656 1431 ι
674 1406 749 1434 Unus
761 1407 834 1434 Deus
848 1408 926 1435 Pater

140 1458 172 1476 ex
187 1457 241 1484 quo
257 1450 358 1483 omnia,
373 1454 401 1477 et
416 1457 486 1477 unus
502 1450 634 1478 Dominus
644 1450 723 1478 Jesus
733 1451 859 1479 Christus
875 1452 922 1485 “,1

139 1495 321 1530 cumdemque
335 1499 363 1523 et
374 1495 524 1528 Christum,
540 1500 567 1523 et
587 1496 690 1529 Iesum,
715 1501 742 1524 et
768 1497 923 1531 Dominum,

139 1546 167 1568 et
179 1541 337 1568 Creatorem
354 1541 477 1568 omnium
496 1542 689 1576 appellantem.
702 1542 742 1570 Ad
754 1543 925 1570 Thessaloni-

139 1594 235 1614 censes
263 1590 354 1613 autem
378 1587 502 1614 scribens
519 1586 558 1614 sic
577 1586 634 1614 ait:
654 1597 662 1612 ι
677 1587 737 1622 Ipse
748 1593 838 1615 autem
854 1589 926 1616 Deus

139 1637 167 1660 et
181 1633 263 1660 Pater
275 1637 380 1665 noster,
395 1636 423 1659 et
438 1633 572 1660 Dominus
587 1637 680 1660 noster
701 1634 780 1661 Jesus
800 1634 927 1662 Christus

139 1678 242 1713 dirigat
262 1678 335 1705 viam
359 1683 482 1705 nostram
497 1678 530 1705 ad
545 1685 594 1705 vos
612 1679 645 1706 ¹⁹.
661 1688 671 1704 ι
689 1679 719 1706 ln
731 1680 850 1707 secunda
861 1688 926 1708 vero

141 1724 175 1751 ad
193 1723 306 1751 eosdem
321 1724 451 1758 Epistola,
468 1724 551 1751 etiam
568 1724 708 1751 Christum
725 1725 798 1752 Patri
819 1733 926 1761 pracpo-

139 1770 206 1801 suit,
233 1776 290 1796 non
312 1769 436 1796 ordinem
458 1769 608 1801 invertens,
627 1770 675 1797 sed
688 1770 789 1799 docens
801 1771 927 1799 ordinem

139 1813 282 1841 nominum
315 1812 497 1840 diil‘erentiam
525 1813 688 1849 dignitatum
710 1821 738 1843 et
766 1820 926 1843 naturarum

138 1867 194 1886 non
208 1859 316 1886 docere.
349 1858 395 1886 Sic
424 1863 515 1886 autem
542 1859 687 1894 loquitur:
721 1869 731 1886 ι
749 1860 808 1895 Ipse
835 1867 926 1889 autem

139 1906 274 1934 Dominus
289 1908 384 1932 noster
405 1904 484 1932 Jesus
496 1904 632 1938 Christus,
648 1909 676 1933 et
690 1906 797 1942 1260
813 1907 882 1934 Deus
899 1912 927 1935 et

139 1952 220 1979 Pater
242 1956 345 1984 noster,
368 1951 414 1986 qui
439 1951 534 1978 dilexit
550 1959 609 1984 nos,
626 1957 654 1979 et
671 1952 746 1979 dedit
764 1953 928 1981 consolatio-

140 2006 202 2025 nem
218 2001 358 2030 mternam,
380 2001 408 2024 et
417 2005 493 2032 spem
510 1997 608 2024 bonam
623 1998 650 2024 in
675 1998 772 2033 gratia,
800 1999 927 2026 exhorte-

141 2047 185 2070 tur
198 2043 280 2070 corda
300 2047 402 2075 vestra,
428 2046 455 2070 et
476 2042 621 2070 conﬁrmet
646 2043 674 2069 in
698 2043 772 2070 omni
793 2051 877 2078 opere
899 2048 927 2071 et

140 2096 265 2116 sermone
287 2088 360 2115 bono
389 2088 421 2114 ".
437 2097 446 2113 ι
462 2087 520 2115 Sub
536 2088 616 2115 tinem
635 2096 700 2115 vero
722 2090 730 2099 '
747 2088 877 2123 Epistolas
892 2090 926 2116 ad

140 2133 287 2166 Romanos,
299 2142 361 2161 cum
372 2133 405 2160 de
415 2133 578 2168 quibusdam
590 2133 788 2166 admonuisset,
799 2135 925 2169 subjecit:

981 225 1085 260 μερίζει
1096 224 1140 250 τὸν
1155 225 1202 251 ἕνα
1219 224 1320 258 Κύριον
1333 225 1410 260 ήμῶν
1439 224 1542 258 Ἰησοῦν
1562 225 1696 259 Χριστὸν,
1717 226 1769 252 καὶ

978 271 1024 296 τὸν
1041 271 1171 305 μονογενῆ
1186 271 1235 305 μὲν
1246 270 1309 297 Υἱὺν
1323 271 1512 306 ὑπολαμϐάνει
1535 272 1646 306 γνήσιόν
1670 281 1699 298 τε
1717 273 1769 299 καὶ

980 316 1060 350 φύσει
1072 317 1265 352 γεγενημένον,
1279 317 1363 343 me:
1379 317 1496 351 Χριστὸν
1511 317 1666 352 είσποίητόν
1680 327 1710 344 τε
1718 320 1770 346 καὶ

979 362 1067 394 νόθον,
1086 361 1132 388 καὶ
1145 361 1188 388 διὰ
1204 361 1284 388 τοῦτο
1293 362 1447 396 δοξολογίας
1465 362 1589 395 ἀνάξιον
1603 363 1619 398 ἢ
1635 366 1769 400 πειρᾶται

978 404 1122 440 κρατύνειν
1151 405 1201 441 τὴν
1220 405 1267 432 νῦν
1289 407 1502 441 είσκωμάσασαν
1528 407 1643 442 αἵρεσιν.
1671 409 1725 435 Καὶ
1741 410 1768 436 εί

980 451 1029 485 μὲν
1047 451 1222 485 παγχάλεπος
1237 451 1363 477 ἐπέκειτο
1377 451 1479 478 κλύδων
1489 474 1497 485 ,
1513 453 1644 480 ὲτῦπασεν
1663 455 1694 481 ἄν
1709 463 1766 486 τις,

978 496 1059 523 αὑτὸν
1073 496 1210 523 δεδοικότα
1234 496 1283 532 τὴν
1306 497 1464 524 δυναστείαν
1487 497 1541 524 τῶν
1559 500 1769 534 γεγεννηκότων

977 541 1026 576 τὴν
1041 542 1156 577 αἵρεσιν,
1174 541 1212 577 τῷ
1226 543 1315 578 καιρῷ
1329 542 1378 578 τὴν
1400 543 1573 578 βλασφημίαν
1593 545 1765 580 χαρίζεσθαι.

983 587 1092 622 Ἐπειδὴ
1108 587 1136 614 δὲ
1155 587 1170 613 ὁ
1191 588 1436 624 βλασφημούμενος
1456 590 1605 625 ἐπετίμησε
1632 592 1688 622 τοῖς
1703 592 1767 618 ἀνέ-

979 640 1039 667 μοις
1057 633 1104 660 καὶ
1120 634 1153 668 τῇ
1174 633 1304 670 θαλάττῃ.
1327 635 1372 660 καὶ
1388 636 1449 666 ταῖς
1467 635 1683 672 χειμαζομέναις
1702 638 1767 664 Ἑκ-

978 677 1101 711 κλησίαις
1117 679 1237 714 παρέσχε
1261 679 1399 715 γαλήνην,
1420 681 1466 707 καὶ
1488 682 1625 717 πανταχοῦ
1649 683 1700 717 γῆς
1718 683 1768 709 καὶ

978 723 1112 759 θαλάττης
1121 724 1151 751 τὸ
1163 717 1383 752 τῶνὰποστόλων
1394 727 1609 761 καταγγέλλεται
1622 729 1766 764 κήρυγμα,

978 770 1056 796 ποίαν
1071 769 1127 805 ἔχει
1141 770 1233 805 χώραν
1249 771 1456 806 ήβλασφημία;
1487 772 1566 799 Ἀλλὰ
1585 772 1638 808 γὰρ
1661 774 1722 800 οὐδὲ
1739 775 1767 800 οἱ

977 815 1026 851 τὴν
1044 815 1108 850 μίαν
1122 815 1202 849 φύσιν
1215 816 1316 853 σαρκὸς
1331 817 1377 843 καὶ
1401 817 1525 852 θεότητος
1546 819 1602 849 τοῖς
1617 819 1767 854 ἐκκλησια-

980 863 1081 892 στικοῐς
1098 861 1145 888 νῦν
1156 861 1249 894 κακῶς
1260 862 1496 898 κατασπείραντες
1506 863 1649 898 δόγμασιν,
1662 865 1768 900 ἀπηγῶ

979 915 1078 942 ρευσαν
1093 907 1139 934 τὸν
1152 908 1291 943 Δεσπότην
1307 908 1450 944 ὑμνεῖσθαι
1460 909 1578 944 Χριστόν
1589 918 1595 924 ·
1611 911 1659 937 καὶ
1675 911 1767 946 ῥᾴδιον

979 953 1045 980 αὐτὸ
1054 953 1133 980 τοῦτο
1145 954 1314 989 καταμαθεῖν
1327 954 1383 989 (εο)
1396 955 1470 990 παρὰ
1479 955 1534 982 τῶν
1548 956 1653 982 ἐκεῖθεν
1681 957 1768 982 ὲπανο

979 1000 1156 1036 εληλυθότων.
1191 1001 1290 1036 Ἐχρῆν
1317 1001 1346 1027 δὲ
1370 1001 1451 1028 αὐτὴν
1475 1002 1525 1036 τῆς
1535 1002 1766 1037 ὲκκλησιαστικῆς

979 1047 1198 1082 προστατεύοντα
1222 1048 1326 1080 τάξεως
1344 1049 1393 1082 τὴν
1419 1048 1494 1074 θείαν
1513 1048 1612 1075 εἰδέναι
1640 1047 1765 1083 Γραφὴν,

979 1092 1026 1118 καὶ
1046 1091 1141 1127 μαθεῖν
1169 1093 1200 1119 ἐκ
1217 1092 1319 1126 ταύτης
1332 1112 1338 1124 ,
1359 1093 1400 1119 ὅτι
1424 1093 1548 1128 καθάπερ
1572 1093 1618 1119 τὸν
1634 1093 1765 1127 μονογενῆ

980 1137 1043 1163 Υίὺν
1058 1137 1096 1172 τῷ
1117 1137 1204 1172 Πατρὶ
1226 1137 1416 1164 συντάττονσιν
1433 1138 1456 1163 ot
1469 1137 1519 1172 τῆς
1533 1137 1662 1172 ἀληθείας
1677 1138 1765 1172 κήρυ-

979 1191 1036 1213 κες,
1059 1181 1130 1208 οὕτω
1153 1181 1184 1216 δὴ
1203 1182 1285 1208 πάλιν
1307 1181 1356 1217 τὴν
1371 1181 1418 1208 τοῦ
1436 1182 1556 1218 Χριστοῦ
1578 1182 1765 1217 προσηγορίαν

978 1228 1040 1255 ἀντὶ
1059 1227 1108 1263 τῆς
1119 1228 1181 1259 Υἱὸς
1196 1228 1330 1260 τιθέντες,
1345 1227 1412 1254 ποτὲ
1429 1228 1478 1263 μὲν
1495 1228 1533 1262 τῷ
1545 1228 1641 1264 Πατρὶ,
1659 1227 1723 1253 ποτὲ
1736 1227 1764 1253 δὲ

977 1273 1016 1308 τῷ
1030 1273 1168 1308 Πνεύματι
1182 1273 1221 1308 τῷ
1232 1274 1358 1309 παναγίῳ
1370 1273 1596 1309 συναριθμοῦσιν·
1609 1273 1703 1309 ἐπειδὴ
1715 1274 1765 1300 οὐκ

978 1319 1057 1349 ἄλλος
1073 1319 1146 1345 ἐστὶν
1157 1320 1171 1345 ὁ
1183 1318 1301 1353 Χριστὸς
1323 1319 1398 1354 παρὰ
1413 1319 1459 1346 τὸν
1485 1319 1615 1354 μονογενῆ
1636 1319 1700 1345 Υἰὺν
1716 1318 1764 1346 τοῦ

978 1363 1056 1390 Θεοῦ.
1075 1364 1130 1390 Καὶ
1149 1364 1221 1390 ἐστιν
1236 1364 1351 1391 ἀκοῦσαι
1369 1364 1414 1390 τοῦ
1431 1364 1570 1391 θειοτάτου
1588 1364 1692 1392 Παύλου
1711 1365 1766 1390 Κο-

980 1409 1093 1444 ρινθίοις
1111 1410 1159 1445 μὲν
1174 1409 1390 1441 ἐπιστέλλοντος,
1407 1410 1456 1444 τὴν
1472 1410 1500 1436 δὲ
1517 1410 1680 1445 οἰκουμένην
1696 1410 1766 1436 διδά-

980 1463 1090 1486 σκοντος
1103 1475 1110 1487 ,
1123 1456 1164 1481 ὅτι
1185 1464 1193 1480 ι
1211 1454 1257 1486 Εἲς
1273 1455 1340 1486 Θεὸς
1359 1455 1373 1480 ὁ
1396 1446 1507 1490 Πατὴρ,
1524 1455 1554 1487 ἐξ
1569 1451 1600 1481 οὗ
1616 1455 1648 1481 τὰ
1665 1454 1765 1487 πάντα,

980 1500 1027 1526 καὶ
1042 1498 1083 1531 εἷς
1097 1500 1199 1535 Κύριος
1221 1499 1324 1534 Ἰησοῦς
1346 1500 1473 1534 Χριστὸς,
1483 1500 1521 1526 δι’
1534 1497 1566 1526 οὗ
1579 1500 1613 1526 τὰ
1634 1500 1735 1529 πάντα,
1754 1509 1762 1524 ι

979 1545 1026 1571 καὶ
1040 1545 1086 1571 τὸν
1102 1545 1182 1570 αὐτὸν
1196 1545 1243 1571 καὶ
1257 1544 1385 1579 Χριστὸν,
1397 1544 1443 1571 καὶ
1459 1544 1573 1579 Ἰησοῦν,
1591 1544 1638 1570 καὶ
1651 1545 1763 1579 Κύριον,

978 1590 1024 1616 καὶ
1038 1590 1092 1616 τῶν
1103 1590 1171 1616 ὅλων
1190 1590 1360 1624 Δημιουργδν
1377 1589 1564 1625 ὀνομάζοντος.
1590 1590 1644 1616 Καὶ
1658 1589 1763 1615 Θεσσα-

971 1635 1111 1662 λονικεῦσι
1125 1636 1153 1662 δὲ
1172 1635 1286 1670 γράφων
1305 1635 1392 1667 οὕτως
1411 1635 1462 1671 ἔφη
1473 1644 1479 1650 ·
1501 1645 1511 1661 ι
1525 1635 1612 1667 Αὐτὸς
1627 1635 1654 1662 δὲ
1669 1636 1683 1661 ὁ
1697 1635 1764 1667 Θεὸς

977 1681 1023 1707 καὶ
1037 1680 1130 1715 Πατὴρ
1145 1679 1233 1715 ἡμῶν,
1244 1680 1291 1706 καὶ
1301 1680 1314 1705 ὁ
1327 1679 1427 1715 Κύριος
1442 1679 1519 1715 ἡμῶν
1537 1680 1641 1714 Ἰησοῦς
1649 1679 1765 1714 Χριστὸς

977 1724 1140 1751 κατευθύναι
1161 1725 1210 1759 τὴν
1228 1724 1286 1750 ὁδὸν
1307 1725 1385 1760 ήμῶν
1410 1725 1478 1760 πρὸς
1491 1725 1572 1759 ὑμᾶς.
1595 1734 1604 1750 ι
1630 1725 1673 1751 Ἐν
1688 1725 1715 1750 δὲ
1731 1726 1764 1760 τῇ

979 1770 1095 1804 δευτέρᾳ
1111 1769 1143 1804 τῇ
1156 1769 1225 1804 πρὸς
1240 1769 1354 1800 τούτους
1369 1769 1531 1804 Ἐπιστολῇ,
1551 1769 1600 1795 καὶ
1615 1769 1763 1804 προτέταχε

977 1814 1022 1840 τὸν
1044 1812 1161 1849 Χριστὸν
1185 1813 1231 1840 τοῦ
1255 1814 1372 1849 Πατρὺς,
1389 1814 1419 1840 οὐ
1433 1814 1483 1850 τὴν
1504 1814 1580 1847 τάξιν
1592 1814 1764 1849 ἀνατρέπων,

977 1858 1045 1886 ἀλλὰ
1059 1858 1204 1891 διδάσκων,
1217 1859 1281 1894 ὡςὴ
1299 1859 1375 1892 τάξις
1393 1858 1446 1886 τῶν
1461 1859 1602 1894 ὀνομάτων
1618 1860 1668 1886 οὐκ
1683 1860 1764 1892 ἀξιω-

979 1907 1070 1940 μάτων
1085 1905 1132 1931 καὶ
1154 1904 1262 1938 φύσεων
1281 1905 1401 1931 διδάσκει
1421 1905 1564 1941 διαφοράν.
1585 1906 1705 1939 Λέγειδὲ
1720 1905 1764 1932 οὖ-

976 1957 1049 1981 τως·
1081 1959 1090 1975 ί
1109 1949 1195 1980 Αὐτὸς
1213 1949 1240 1975 δὲ
1253 1951 1266 1976 ὁ
1289 1949 1392 1986 Κύριος
1415 1951 1493 1986 ἡμῶν
1513 1950 1617 1986 Ἰησοῦς
1636 1951 1762 1986 Χριστὸς,

977 1997 1023 2022 καὶ
1039 1996 1053 2022 ὁ
1067 1995 1133 2027 Θεὸς
1143 1995 1190 2022 καὶ
1202 1995 1297 2030 Πατὴρ
1309 1996 1388 2031 ἡμῶν
1402 2015 1409 2027 ,
1422 1997 1436 2022 ὸ
1451 1997 1597 2030 ἀγαπήσας
1616 1997 1701 2031 ἡμᾶς,
1717 1998 1764 2024 καὶ

976 2042 1037 2073 δοὺς
1052 2041 1226 2077 παράκλησιν
1244 2040 1363 2073 αἰώνιον,
1381 2041 1427 2067 καὶ
1441 2041 1535 2067 ἐλπίδα
1552 2041 1656 2074 ἀγαθὴν
1672 2042 1700 2067 ὲν
1714 2041 1763 2076 χά-

979 2095 1042 2122 ριτι,
1055 2086 1246 2122 παρακαλέσαι
1269 2086 1346 2121 ὑμῶν
1367 2086 1416 2117 τὰς
1434 2086 1558 2121 καρδίας,
1574 2087 1622 2112 καὶ
1639 2086 1763 2121 στηρίξαι

977 2134 1005 2159 ὲν
1018 2134 1098 2160 παντὶ
1111 2132 1184 2168 ἔργῳ
1197 2133 1244 2158 καὶ
1256 2131 1328 2167 λόγῳ
1341 2132 1448 2167 ἀγαθῷ.
1468 2142 1477 2158 ι
1497 2133 1541 2158 Ἐν
1556 2132 1584 2158 δέ
1597 2141 1628 2167 γε
1642 2132 1680 2167 τῷ
1692 2133 1763 2159 τέλει

143 2191 152 2206 α
166 2180 286 2209 Obsecro
297 2187 362 2215 ergo
374 2187 431 2212 vos,
444 2180 552 2211 lratres,
567 2187 616 2213 per
635 2179 781 2207 Dominum
801 2186 925 2207 nostrum

978 2178 1025 2213 τῆς
1045 2178 1113 2213 πρὸς
1145 2177 1297 2213 Ῥωμαίους
1321 2177 1494 2212 Ἰξῖπιστολῆς,
1509 2178 1570 2205 τινὰ
1595 2179 1763 2214 παραινέσας

138 2227 232 2254 Jesum
247 2225 398 2256 Christum,
418 2229 445 2252 et
469 2232 518 2259 per
537 2224 699 2252 charitatcm
727 2227 813 2253 sancti
839 2226 927 2261 Spiri-

140 2278 184 2300 tus
198 2273 230 2299 ²¹.
247 2282 256 2298 ι
273 2272 350 2305 Quod
366 2271 388 2299 si
401 2271 540 2298 Christum
554 2271 637 2298 alium
658 2272 814 2307 quempiam
830 2272 926 2300 scivis-

138 2323 182 2346 set
203 2325 264 2346 esse
286 2325 367 2352 quam
385 2317 497 2348 Filium,
513 2316 627 2344 minime
645 2316 721 2343 illum
735 2318 928 2352 praeposuisset

140 2364 254 2400 Spiritui
276 2367 380 2390 sancto.
409 2362 450 2389 Ad
471 2362 629 2390 Corinthios
653 2370 719 2390 vero
739 2363 873 2395 scribens,
900 2364 927 2391 in

151 2417 200 2445 pso
210 2409 346 2444 prommio
360 2408 445 2436 solius
461 2407 562 2435 Christi
577 2415 678 2435 nomen
690 2408 782 2443 posuit
795 2416 801 2435 :
826 2409 927 2444 quippe

160 2455 212 2483 uod
240 2456 329 2482 solum
356 2454 493 2482 sutliceret
519 2454 553 2481 ad
582 2453 676 2482 ﬁdeles
705 2454 926 2489 permovendos:

148 2507 157 2524 ι
168 2501 290 2528 Obsecro
315 2505 406 2528 autem
428 2507 488 2533 vos,
511 2499 620 2532 fratres,
637 2507 686 2534 per
704 2507 804 2527 nomen
818 2500 926 2528 Domini

142 2546 226 2573 nostri
243 2545 307 2573 Jesu
328 2546 441 2579 Christi,
455 2549 486 2573 ut
500 2545 618 2581 idipsum
642 2545 740 2572 dicatis
756 2553 852 2573 omnes
863 2547 895 2573 ".
913 2556 923 2572 ›

143 2591 176 2617 Et
188 2590 228 2617 bis
239 2591 272 2617 ad
287 2598 335 2618 eos
346 2591 470 2619 scribens
486 2597 632 2625 utramque
651 2590 795 2624 epistolam
811 2591 864 2618 hoc
875 2590 927 2619 [inc

141 2635 296 2663 conclusit:
319 2645 327 2661 ι
346 2635 439 2662 Gratia
460 2635 567 2663 Domini
581 2635 667 2662 nostri
680 2635 744 2662 Jesu
769 2635 881 2667 Christi,
898 2640 926 2663 et

138 2678 260 2707 charitas
275 2680 323 2707 Dei
334 2684 364 2707 et
377 2679 514 2712 Patris,et
526 2679 739 2707 communicatio
753 2680 839 2707 sancti
865 2680 927 2716 Spi-

175 2755 196 2772 ¹⁸
214 2756 224 2784 l
242 2756 306 2784 Cor.
320 2764 376 2788 vin,
391 2756 418 2783 6.
454 2756 474 2771 “
494 2756 504 2784 Ι
521 2755 618 2784 Thess.
639 2764 679 2790 ιιι,
699 2755 742 2783 Η.

176 2823 231 2860 (90)
247 2824 344 2860 μαθεῖν
357 2823 442 2858 Neap.

976 2225 1176 2259 ἐπεισήγαγεν⁴
1196 2233 1205 2250 ι
1224 2224 1380 2260 Παρακαλῶ
1395 2232 1442 2250 ουν
1468 2225 1556 2260 ὑμᾶς,
1579 2225 1699 2260 ἀδελφοὶ,
1720 2225 1763 2252 διὰ

977 2270 1024 2298 τοῦ
1042 2270 1145 2305 Κυρίου
1159 2270 1240 2305 ἡμῶν
1258 2270 1343 2305 Ἰησοῦ
1360 2270 1479 2305 Χριστοῦ
1491 2290 1498 2302 ,
1519 2271 1565 2297 καὶ
1580 2270 1625 2297 διὰ
1640 2271 1688 2306 τῆς
1698 2271 1764 2305 ἀγά-

981 2325 1035 2352 πης
1047 2315 1094 2342 τοῦ
1107 2315 1273 2350 Πνεύματος.
1282 2325 1290 2340 ι
1304 2316 1335 2341 Εἰ
1347 2316 1374 2341 δὲ
1387 2316 1465 2342 ἄλλον
1480 2316 1540 2342 τινὰ
1555 2316 1632 2352 παρὰ
1643 2316 1690 2343 τὸν
1701 2316 1764 2344 Υἰὸν

976 2363 1111 2398 ἠπίστατο
1124 2362 1169 2389 τὸν
1194 2362 1321 2397 Χριστὸν,
1346 2363 1397 2389 οὐκ
1422 2362 1454 2389 ἂν
1472 2362 1553 2390 αὐτὸν
1569 2363 1702 2399 προέταξε
1718 2362 1763 2389 τοῦ

977 2409 1110 2443 παναγίου
1124 2408 1290 2443 Πνεύματος.
1305 2408 1458 2443 Κορινθίοις
1471 2409 1499 2436 δὲ
1514 2410 1638 2445 γράφων,
1651 2411 1679 2435 ἐν
1691 2409 1764 2444 αὐτῷ

977 2462 1009 2488 γε
1022 2453 1060 2489 τῷ
1071 2453 1216 2489 προοιμίῳ,
1231 2453 1312 2489 μόνου
1325 2454 1371 2480 τοῦ
1390 2454 1509 2490 Χριστοῦ
1529 2454 1559 2480 τὸ
1574 2454 1660 2490 ὁνομα
1675 2454 1763 2480 τέθει-

977 2508 1034 2531 κεν,
1050 2500 1088 2531 ὼς
1100 2499 1203 2535 ἀρκοῦν
1215 2500 1262 2527 καὶ
1277 2500 1356 2535 μόνον
1372 2501 1434 2532 τοὺς
1448 2501 1625 2532 πιστεύοντας
1641 2500 1764 2527 καταιδέ-

979 2554 1041 2572 σαι·
1061 2554 1071 2571 ‹
1095 2545 1253 2580 Παρακαλῶ
1273 2543 1321 2572 οὖν
1339 2546 1420 2580 ὑμᾶς,
1441 2545 1560 2580 ἀδελφοὶ,
1583 2545 1628 2572 διὰ
1644 2545 1691 2572 τοῦ
1707 2545 1762 2571 ὀνό-

981 2599 1064 2627 ματος
1078 2590 1124 2618 τοῦ
1137 2591 1239 2627 Κυρίου
1252 2591 1331 2627 ἡμῶν
1349 2591 1436 2626 Ἰησοῦ
1454 2591 1584 2626 Χριστοῦ,
1601 2591 1644 2618 ἴνα
1657 2591 1688 2618 τὺ
1701 2591 1763 2618 αὐτὸ

980 2636 1078 2671 λέγητε
1093 2636 1202 2669 πάντες.
1220 2646 1229 2663 ›
1249 2637 1303 2664 Καὶ
1315 2637 1356 2669 δῖς
1367 2637 1394 2664 δὲ
1407 2638 1498 2669 αὐτοῖς
1509 2637 1677 2670 ἐπιστείλας,
1689 2636 1765 2663 τοῦτο

980 2683 1037 2714 τοῖς
1053 2683 1214 2718 γράμμασιν
1243 2682 1379 2710 ὲντέθεικε
1409 2683 1502 2715 τέλος·
1528 2692 1537 2708 ι
1563 2683 1596 2710 Ἦ
1618 2683 1699 2719 χάρις
1719 2682 1764 2708 τοῦ

783 2757 805 2773 ’⁸
826 2756 848 2784 ιι
866 2757 964 2786 Thess.
977 2766 1006 2792 ιι,
1021 2759 1064 2787 lii.
1100 2760 1122 2776 ²¹
1141 2760 1221 2789 Rom.
1236 2769 1280 2794 xv,
1295 2761 1341 2789 50.
1376 2762 1400 2778 "
1418 2761 1429 2789 Ι
1445 2761 1508 2790 Cor.
1524 2769 1543 2796 ι,
1563 2761 1606 2790 10.
