1945 3058
141 183 211 216 1393

793 186 975 215 EPISTGLA
990 186 1111 216 CXLVI.

1699 181 1767 214 139-1

140 241 244 276 Κυρίου
260 239 338 275 ἡμῶν
353 240 440 275 Ἰησοῦ
454 239 583 276 Χριστοῦ,
597 241 644 267 καὶ
659 241 676 276 ἡ
691 239 784 274 ἀγάπη
796 240 843 266 τοῦ
860 239 927 266 Θεοῦ

982 241 1051 268 ritus
1065 240 1100 268 sit
1112 247 1175 267 cum
1190 239 1318 266 omnibus
1330 238 1407 266 vobis
1419 238 1458 270 "',
1477 247 1486 262 ι
1503 238 1705 272 prmposuitque
1717 239 1770 266 hoc

139 287 188 314 καὶ
206 286 331 322 Πατρὶς,
350 287 397 313 καὶ
417 288 433 323 ἡ
454 287 580 314 κοινωνία
603 287 650 314 τοῦ
664 287 747 321 ’ἁγίου
770 286 928 321 Πνεύματος

139 333 184 368 εἴη
203 332 272 367 μετὰ
286 333 394 360 πάντων
411 333 497 368 ὑμῶν.
517 342 526 358 ι
549 333 604 359 Καὶ
620 333 796 369 προτέθεικεν
811 333 929 359 ἐνταῦθα

139 379 171 404 οὐ
187 379 268 414 μόνον
279 378 327 405 τοῦ
338 379 505 414 Πνεύματος,
517 379 584 405 ἀλλὰ
599 379 646 406 καὶ
656 379 737 406 αὑτοῦ
752 379 798 405 τοῦ
811 378 927 414 Πατρλς,

140 424 191 458 τὴν
205 424 251 450 τοῦ
270 424 390 459 Χριστοῦ
406 424 602 459 προσηγορίαν.
620 425 707 451 Τοῦτο
731 425 759 450 δὲ
778 425 807 450 ὲν
827 424 929 455 πάσαις

140 470 201 502 ταῖς
237 470 411 505 Ἐκκλησίαις
437 470 488 504 τῆς
517 471 650 506 μυστικῆς
677 471 735 496 ἐστι
758 469 930 505 λειτουργίας

142 515 295 551 προοίμιον.
308 516 447 551 Προσήκει
457 516 547 542 τοίνυν
560 516 630 543 κατὰ
645 516 690 542 τὸν
703 515 855 550 θαυμάσιον
867 515 930 542 τοῦ-

141 570 187 588 τον
197 561 288 596 νόμον,
303 562 350 588 καὶ
365 562 396 588 ἐκ
405 561 459 588 τῶν
477 561 616 596 μυστικῶν
629 561 827 596 ἀπολειφθῆναι
839 569 930 596 γραμ-

144 606 237 641 μάτων
257 606 287 632 τὸ
307 606 469 632 σεπτότατον
490 605 574 640 ονομα
588 605 634 632 τοῦ
649 606 716 632 Θεοῦ
733 606 779 632 καὶ
804 606 930 641 Σωτῆρος

141 653 158 687 ἡ
163 651 220 687 μῶν
241 651 326 686 Ἰησοῦ
342 650 471 686 Χριστοῦ.
494 651 574 678 Ἀλλὰ
584 651 638 686 γὰρ
654 652 778 686 περιττὸν
792 652 855 686 περὶ
865 651 928 678 τοι)-

141 705 189 724 του
204 697 345 731 μηκύνειν.
362 697 497 723 Ἔκαστον
509 696 563 731 γὰρ
579 697 742 730 Ἐπιστολῆς
760 697 902 732 προοίμιοθ
915 698 929 723 ὁ

141 742 211 774 Θετος
241 743 399 774 Ἀπόστολος
427 743 490 777 τῇδε
517 744 549 778 τῇ
578 743 748 778 προσηγορίᾳ
774 742 929 778 λαμπρύνει

141 786 189 813 νῦν
207 787 256 822 μὲν
278 787 384 820 λέγων·
403 796 413 813 ‹
434 786 539 818 Παῦλος
564 786 657 818 δοῦλος
687 786 773 821 Ἰησοῦ
798 787 927 821 Χριστοῦ,

141 831 238 867 κλητὸς
254 831 417 863 ἀπόστολος·
432 841 440 857 ι
460 831 507 857 νῦν
522 831 565 857 δὲ-
583 841 592 856 ι
613 831 720 862 Παῦλος
741 830 840 866 κλητὸς
861 831 928 857 ἀπό-

143 877 234 908 στολος
246 877 331 913 Ἰησοῦ
344 877 462 912 Χριστοῦ
473 886 479 891 ·
494 887 503 903 ι
521 877 568 904 καί
581 886 586 892 ·
603 886 612 902 ι
628 877 733 908 Παῦλος
745 877 838 908 δοῦλος
847 877 927 908 Θεοῦ,

979 286 1040 313 loco
1059 293 1115 312 non
1138 285 1227 312 solum
1247 284 1373 319 Spiritui,
1389 283 1437 310 sed
1451 283 1503 318 ipsi
1520 283 1602 310 etiam
1615 283 1700 315 Patri,
1717 292 1769 311 ιιο-

979 339 1043 359 men
1070 331 1183 358 Christi.
1209 330 1265 357 lloc
1284 337 1367 365 porro
1384 329 1412 356 in
1423 329 1553 356 omnibus
1567 329 1698 356 Ecelesits
1714 337 1769 365 my-

980 378 1054 404 stica:
1068 377 1186 411 liturgize
1199 380 1242 403 est
1254 375 1408 402 exordium.
1437 374 1551 410 Oportet
1577 375 1670 409 igitur,
1693 375 1771 410 juxta

980 423 1134 450 mirabilem
1152 423 1223 450 hanc
1240 422 1337 457 legem,
1355 421 1438 448 etiam
1463 429 1497 448 ex
1525 421 1647 456 mysticis
1670 421 1771 448 litteris

979 477 1136 504 expungere
1163 468 1389 496 colendissimum
1405 475 1504 494 nomen
1517 467 1566 494 Dei
1579 472 1606 494 et
1621 467 1771 494 Salvatoris

979 514 1066 541 nostri
1091 513 1155 541 Iesu
1171 513 1285 540 Christi.
1309 514 1343 540 At
1366 513 1440 540 enim
1468 519 1701 547 supervacaneum
1728 516 1772 539 est

979 561 1014 587 de
1032 560 1085 586 hoc
1099 560 1178 594 plura
1193 559 1296 586 dicere.
1314 559 1489 594 Singularum
1504 558 1578 585 enim
1591 557 1771 592 epistolarum

980 604 1113 639 proasmia
1127 603 1238 631 divinus
1254 603 1401 638 Apostolus
1424 603 1544 630 illustrat
1565 602 1619 630 hoe
1647 602 1770 635 nomine,

980 658 1052 677 nunc
1066 649 1178 684 quidem
1191 649 1306 676 dicens:
1331 658 1339 673 ι
1357 648 1457 676 Paulus
1479 656 1575 675 servus
1593 648 1658 675 Iesu
1667 647 1770 676 Cbrisli

980 700 1093 722 voratus
1117 695 1265 730 Apostolus
1281 694 1319 726 ’ῖς
1338 704 1346 720 ι
1368 702 1440 721 nunc
1464 701 1549 721 vero:
1575 703 1583 719 ι
1597 694 1698 721 Paulus
1721 702 1770 722 v0-

980 746 1056 768 catus
1075 741 1222 776 Apostolus
1235 741 1298 768 Iesu
1311 740 1413 767 Christi
1426 740 1464 772 ";
1482 750 1490 765 ι
1512 744 1538 767 et
1554 748 1560 766 :
1577 750 1586 765 ι
1601 740 1702 767 Paulus
1714 748 1772 767 ser-

980 795 1031 814 vus
1047 787 1106 819 Dei,
1122 787 1271 822 Apostolus
1288 793 1353 813 vero
1377 786 1480 821 1261
1497 785 1562 812 Iesu
1584 784 1687 812 Christi
1710 786 1743 812 “.
1759 795 1768 810 ι

980 833 1014 859 Ει
1027 832 1161 867 prooemio
1175 831 1396 859 benedictionem
1409 835 1550 864 coaptans,
1563 837 1597 857 ex
1622 829 1675 857 hoc
1697 829 1771 856 illam

981 879 1055 906 fonte
1077 879 1200 911 deducit,
1229 878 1346 912 Filiique
1371 877 1582 912 appellationem
1596 884 1657 904 cum
1673 877 1729 903 Deo
1743 881 1771 903 ct

141 923 290 954 ἀπόστολος
304 923 333 948 at
351 923 437 959 Ἰησοῦ
452 923 582 958 Χριστοῦ.
600 923 653 949 Καὶ
666 923 705 958 τῷ
729 923 866 958 προοιμίῳ
881 924 928 958 τὴν

982 925 1059 951 Patre
1087 923 1228 951 connectit
1249 923 1366 950 dicens:
1384 931 1393 947 ι
1413 921 1506 949 Gratia
1531 921 1609 948 vobis
1636 924 1663 948 et
1688 928 1737 955 pax
1756 927 1771 946 ιι

141 969 268 1003 εὐλογίαν
292 969 447 1001 συνάπτων,
463 970 496 995 ἐκ
510 969 611 1004 ταύτης
623 969 725 1003 ταύτην
741 968 856 1004 ἀρύεται
878 968 929 1003 τῆς

141 1015 243 1050 πηγῆς,
256 1015 302 1041 καὶ
317 1015 355 1050 τῷ
369 1015 428 1050 Θεῷ
443 1015 490 1041 καὶ
514 1015 602 1050 Πατρὶ
616 1016 666 1048 τὴν
682 1014 729 1040 τοῦ
755 1014 820 1041 Υίοῦ
843 1023 929 1049 προσ-

140 1061 256 1096 ηγορίαν
274 1059 436 1094 συζεύγνυσι
450 1059 537 1093 λέγων
548 1069 555 1075 ·
567 1069 576 1085 ‹
592 1059 678 1094 Χάρις
691 1059 755 1094 ὑμῖν
772 1058 818 1084 καὶ
833 1060 927 1094 εἰρήνη

141 1105 196 1132 ἀπὸ
208 1105 274 1131 Θεοῦ
291 1105 396 1139 Πατρὸς
410 1104 488 1139 ἡμῶν
500 1104 547 1130 καὶ
562 1103 663 1139 Κυρίου
673 1103 762 1138 Ἰησοῦ
781 1104 926 1137 Χριστοῦδ

984 970 1039 996 Deo
1051 970 1130 996 Patre
1148 974 1241 996 nostro
1255 973 1283 996 et
1301 967 1416 994 Domino
1434 967 1499 994 Iesu
1518 965 1629 994 Christo
1649 965 1680 992 ’⁷.
1703 975 1711 990 ι
1737 965 1772 992 Et

981 1015 1157 1050 epistularum
1175 1023 1284 1049 quoque
1299 1014 1366 1041 lines
1378 1013 1429 1040 hac
1439 1016 1555 1040 exornat
1567 1011 1770 1039 benedictione:

985 1071 994 1086 ς
1012 1061 1106 1088 Gratia
1127 1060 1234 1088 Domiui
1256 1061 1320 1088 Iesu
1333 1059 1436 1087 Christi
1455 1067 1518 1086 cum
1536 1058 1665 1085 omnibus
1681 1057 1771 1085 vobis.

982 1108 1068 1134 Amen
1093 1107 1125 1134 ".
1142 1116 1151 1132 ι

142 1150 197 1177 Καὶ
211 1150 264 1177 τῶν
277 1149 443 1176 Ἐπιστολῶν
455 1149 482 1176 δὲ
497 1150 530 1176 τὰ
547 1150 610 1186 τέλη
626 1150 689 1185 τῇδε
705 1152 738 1185 τῇ
757 1150 867 1186 εὐλογίᾳ
887 1151 1045 1188 διακοσμεῖ·
1065 1163 1073 1179 ι
1094 1154 1125 1180 'il
1145 1153 1224 1189 χάρις
1255 1153 1301 1180 τοῦ
1319 1153 1422 1189 Κυρίου
1447 1152 1534 1187 Ἰησοῦ
1563 1151 1681 1187 Χριστοῦ
1703 1151 1772 1186 μετὰ

142 1197 251 1225 πάντων
268 1196 356 1231 ὑμῶν.
375 1196 470 1231 Ἀμήν.

176 1244 232 1270 Καὶ
245 1243 340 1278 ἐτέρας
355 1243 382 1269 δὲ
399 1242 560 1277 παμπόλλας
577 1241 728 1277 μαρτυρίας
739 1241 812 1268 ἐστιν
826 1243 927 1278 εὑρεῖν,

141 1288 175 1315 δι’
192 1285 230 1314 ὧν
244 1288 412 1323 καταμαθεῖν
430 1288 553 1319 εὐπετὲς,
568 1289 605 1319 ὡς
623 1289 636 1314 ὁ
651 1288 751 1323 Κύριος
776 1288 854 1323 ἡμῶν
877 1289 930 1323 Ἰη-

143 1334 206 1366 σοῦς
225 1334 340 1369 Χριστὸς
361 1335 411 1360 οὐκ
434 1333 497 1361 ἄλλο
525 1334 671 1369 πρόπωπὸν
699 1335 757 1360 ἐστι
788 1334 864 1369 παρὰ
884 1335 930 1361 τὸν

142 1377 206 1406 Tth
232 1379 280 1414 τῆς
302 1379 416 1414 Τριάδος
442 1379 627 1415 πληρωτικόν.
656 1379 684 1406 ὐ
699 1379 753 1414 γὰρ
779 1380 860 1411 αὐτὸς
878 1380 931 1416 πρὸ

143 1425 193 1460 μὲν
212 1425 264 1452 τῶν
278 1425 384 1452 αἰώνων
400 1426 464 1457 Υἱὸς
476 1424 509 1462 ἧν
527 1426 675 1461 μονογενὴς
690 1426 738 1452 καὶ
755 1427 820 1458 Θεὸς
831 1427 928 1461 Λόγος,

143 1471 211 1506 μετὰ
231 1471 259 1498 δὲ
284 1471 333 1506 τὴν
352 1471 557 1506 ὲνανθρώῒτησιν
577 1471 723 1507 ὠνομάσθη
752 1473 799 1498 καὶ
825 1471 928 1507 Ἰησοῦς

142 1517 188 1543 καὶ
204 1517 330 1552 Χριστὸς,
349 1517 402 1543 ἀπὸ
417 1517 470 1543 τῶν
487 1517 658 1552 πραγμάτων
678 1517 727 1549 τὰς
742 1517 928 1553 προσηγορίας

140 1560 295 1596 δεξάμενος,
324 1562 427 1597 Ἰησοῦς
456 1563 505 1597 μὲν
530 1563 584 1598 γὰρ
610 1563 711 1597 Σωτὴρ
735 1564 927 1599 ἑρμηνεύεται.

144 1617 153 1632 ι
174 1608 308 1640 Καλέσεις
325 1609 378 1644 γὰρ
393 1609 422 1635 τὸ
441 1609 526 1643 ὄνομα
544 1609 627 1636 αὑτοῦ
651 1610 766 1644 Ἰησοῦν,
785 1611 825 1636 ὅτι
849 1611 929 1642 αὐτὸς

1014 1243 1047 1270 Ει
1064 1244 1116 1271 alia
1135 1252 1217 1279 porro
1238 1244 1355 1280 plurima
1383 1244 1540 1271 testimonia
1564 1244 1688 1278 reperire
1713 1249 1767 1275 est.

979 1295 1012 1315 ex
1039 1289 1141 1323 quibus
1157 1289 1280 1324 proclive
1306 1288 1342 1315 sit
1366 1295 1533 1323 cognoscere
1553 1287 1699 1315 Dominum
1723 1297 1773 1316 no—

979 1337 1067 1360 strum
1086 1333 1179 1361 IeSum
1194 1333 1333 1361 Christum
1362 1339 1418 1360 non
1449 1333 1531 1359 aliam
1548 1340 1609 1360 esse
1626 1339 1772 1367 personam

980 1388 1062 1417 quam
1077 1376 1188 1413 Filium,
1200 1380 1249 1408 sed
1266 1380 1431 1408 Trinitatem
1446 1380 1597 1415 complere.
1608 1380 1682 1408 ldem
1697 1381 1772 1408 enim

981 1426 1040 1461 ipse
1065 1430 1128 1453 ante
1144 1425 1242 1452 sarcula
1255 1425 1367 1460 quidem
1390 1424 1476 1452 Filius
1498 1429 1558 1452 erat
1572 1424 1730 1460 unigenitus
1745 1430 1774 1452 et

982 1471 1055 1498 Deus
1070 1470 1191 1498 Verbum
1208 1479 1214 1497 :
1233 1474 1295 1504 post
1317 1470 1534 1497 incarnationem
1557 1478 1623 1497 vero
1643 1474 1671 1498 et
1693 1470 1774 1498 Iesus

982 1521 1010 1543 et
1036 1516 1164 1544 Christus
1179 1516 1332 1551 appellatus
1348 1519 1400 1548 est,
1417 1524 1451 1543 ex
1472 1516 1555 1543 rebus
1579 1516 1710 1544 voeabula
1725 1516 1774 1544 tle—

982 1568 1104 1588 sumens.
1123 1561 1204 1589 Iesus
1220 1561 1321 1596 quippe
1338 1561 1491 1596 explicatur
1504 1561 1636 1588 Salvator.

1020 1616 1029 1632 ι
1047 1607 1164 1634 Voeabis
1182 1607 1256 1634 enim
1286 1613 1387 1634 nomen
1412 1607 1472 1642 ejus
1485 1606 1579 1634 Iesum
1598 1615 1604 1633 :
1621 1607 1678 1642 ipse
1698 1607 1773 1635 enim

142 1652 223 1679 σώσει
246 1654 290 1679 τὸν
313 1653 376 1680 λαὸν
391 1654 472 1680 αὑτοῦ
496 1654 550 1680 ἀπὸ
569 1655 623 1681 τῶν
639 1655 785 1690 ἁμαρτιῶν
801 1655 895 1682 αὑτοῦ.
916 1665 925 1680 ι

983 1653 1088 1680 salvum
1106 1653 1188 1681 faciet
1203 1653 1334 1687 populum
1351 1660 1432 1679 suum
1451 1660 1465 1679 a
1482 1653 1602 1687 peccatis
1615 1660 1712 1680 eorum
1721 1653 1770 1679 ‘9.»

141 1697 257 1732 Χριστὸς
282 1698 310 1724 δὲ
328 1698 461 1734 κέκληται
473 1718 481 1730 .
499 1699 537 1730 ὡς
554 1699 626 1725 κατὰ
641 1700 670 1726 τὸ
695 1700 866 1735 ἀνθρώπειον
890 1700 929 1735 τῷ

141 1743 279 1778 Πνεύματι
290 1743 328 1779 τῷ
340 1745 464 1779 παναγίῳ
477 1745 609 1780 χρισθεὶς,
627 1746 671 1772 καὶ
687 1747 862 1781 χρηματίσας
878 1747 929 1783 ἀρ-

140 1790 248 1825 χιερεὺς
262 1790 352 1825 ἡμῶν,
383 1790 430 1817 καὶ
454 1791 614 1824 ἀπόστολος,
641 1792 689 1818 καὶ
712 1793 866 1828 προφήτης,
883 1794 930 1820 καὶ

142 1834 277 1867 βασιλεύς.
296 1837 414 1872 Μωῦσῆς
432 1837 480 1872 μὲν
497 1836 552 1872 γὰρ
568 1838 582 1864 ὁ
599 1837 743 1869 θεσπέσιος
757 1838 807 1873 βοᾷ
822 1838 930 1874 mapm-

141 1880 187 1907 θεν
198 1889 205 1896 ·
222 1890 231 1906 ι
252 1881 398 1916 Προφήτην
419 1882 483 1916 ὑμῖν
499 1882 646 1916 ἀναστήσει
663 1881 766 1916 Κύριος
777 1883 791 1908 ὁ
806 1881 872 1913 Θεὸς
897 1883 930 1909 ἐκ

140 1925 194 1953 τῶν
209 1926 331 1960 ἀδελφῶν
347 1926 435 1961 ὑμῶν,
451 1926 488 1958 ὼς
503 1927 564 1960 ἐμέ.
582 1935 590 1952 ι
612 1927 641 1953 Ὀ
658 1927 686 1953 δὲ
700 1927 771 1958 θεῖος
784 1927 867 1953 Δαὸὶδ
882 1927 930 1953 κέ-

141 1979 244 2006 κραγεν
257 1970 360 2004 λέγων’
376 1979 384 1996 ι
406 1971 507 2006 Ὠμοσε
524 1970 636 2006 Κύριος,
654 1971 700 1997 καὶ
721 1971 752 1996 οὐ
772 1971 930 2006 μεταμελη-

142 2016 264 2050 θήσεται,
293 2017 325 2042 σὺ
353 2016 443 2050 ἱερεὺς
467 2012 506 2047 εἷς
532 2017 577 2043 τὸν
601 2016 687 2043 αἰῶνα
702 2016 772 2043 κατὰ
786 2016 834 2052 τὴν
854 2016 930 2049 τάξιν

141 2060 318 2096 Μελχισεδέκ.
332 2061 441 2088 Βεόαιοί
455 2061 483 2088 δὲ
495 2061 544 2096 τὴν
559 2062 728 2098 προφητείαν
739 2063 752 2088 ὁ
767 2062 838 2094 θεῖος
853 2061 932 2088 ’Λπό-

142 2106 234 2138 στολος
250 2106 297 2133 καὶ
314 2107 394 2133 πάλιν
407 2117 413 2122 ·
443 2117 452 2133 ι
474 2109 602 2143 Ἔχοντες
626 2106 673 2135 οὖν
696 2109 826 2144 ἀρχιερέα
844 2109 930 2145 μέγαν

141 2151 316 2186 διεληλυθότα
341 2153 404 2185 τοὺς
428 2154 571 2189 οὐρανοὺς.
603 2155 707 2188 Ἰησοῦν
735 2155 780 2180 τὸν
796 2154 860 2181 Υίὸν
883 2155 929 2180 τοῦ

141 2197 220 2230 Θεοῦ,
232 2199 378 2234 κρατῶμεν
390 2199 439 2234 τῆς
454 2200 609 2234 ὁμολογίας.
627 2201 686 2226 Ὀτι
703 2200 730 2227 δὲ
743 2200 790 2226 καὶ
804 2200 930 2235 βασιλεύς

142 2242 200 2268 ἐστι
219 2243 380 2278 προαιώνιος
394 2244 432 2275 ὡς
447 2244 525 2276 Θεὸς,
541 2245 556 2279 ή
572 2245 728 2280 προφητικὴ
750 2245 832 2272 πάλιν
857 2245 930 2280 ἡμᾶς

144 2287 261 2323 μελῳδία
281 2289 411 2317 διδάσκει.
436 2300 445 2316 ‹
473 2290 502 2316 '0
527 2290 621 2326 (θρόνος
641 2299 687 2317 σου
710 2291 774 2326 γὰρ,
800 2292 898 2326 φησὶν,
915 2293 929 2318 ὁ

142 2334 217 2367 Θεὸς,
231 2335 271 2366 εἰς
286 2334 331 2361 τὸν
346 2335 431 2362 αἰῶνα
446 2336 493 2362 τοῦ
511 2336 621 2368 αἰῶνος
637 2337 735 2372 ῥάϐδος
748 2337 894 2372 εὐθύτητος
911 2339 927 2373 ἡ
947 2325 967 2352 D

143 2379 240 2414 ῥάϐδος
263 2380 313 2415 τῆς
337 2380 476 2415 βασιλείας
494 2390 551 2408 σου.
573 2391 582 2407 ι
611 2382 800 2408 ’Υποδείκνυσι
819 2383 848 2409 δὲ
863 2384 928 2418 ἡμῖν

143 2425 189 2451 καὶ
205 2425 236 2451 τὸ
259 2425 428 2460 ἀνθρώπειον
444 2427 527 2454 αὐτοῦ
554 2427 664 2463 κράτος.
684 2428 773 2463 Ἔχων
793 2428 847 2464 γὰρ
875 2429 929 2455 τῶν

142 2471 209 2497 ὅλων
225 2470 273 2506 τὴν
289 2471 447 2498 δεσποτείαν
461 2472 498 2504 ὠς
516 2473 582 2504 Θεὸς
602 2474 647 2500 καὶ
666 2473 842 2509 δημιουργὸς,
861 2474 929 2509 λαμο

142 2516 217 2543 ϐάνει
231 2515 333 2551 ταύτην
352 2517 390 2549 ὠς
403 2517 557 2553 ἄνθρωπος.
572 2517 609 2545 05
625 2519 657 2554 δὴ
674 2520 753 2554 χάριν
772 2520 925 2555 ἐπήγαγεν·

145 2571 154 2587 ι
169 2562 330 2597 Ἢγάπησας
357 2563 543 2599 δικαιοσύνην,
564 2565 611 2591 καὶ
636 2565 771 2600 ἐμίσησας
793 2565 927 2601 ἀνομίαν

141 2607 184 2634 διὰ
197 2607 275 2635 τοῦτο
289 2609 381 2644 ἐχρισέ
396 2618 425 2635 σε
439 2611 452 2636 ὸ
466 2610 542 2643 Θεὸς,
556 2611 571 2638 ὁ
586 2611 652 2642 Θεὸς
669 2620 726 2642 σου,
744 2612 834 2639 ἔλαιον
845 2612 930 2645 ἀγαλ-

143 2653 257 2686 λιάσεως
271 2656 346 2690 παρὰ
359 2655 423 2687 τοὺς
441 2656 571 2692 μετόχους
589 2665 646 2684 σου,
661 2667 670 2682 ι
688 2657 743 2683 Καὶ
766 2658 794 2683 ἐν
815 2657 853 2692 τῷ
872 2658 932 2684 δευ-

142 2699 214 2734 τέρῳ
227 2700 255 2726 δέ
272 2709 355 2735 φησιν
370 2701 470 2736 ψαλμῷ
490 2702 570 2734 αὐτὸς
593 2703 607 2729 ὁ
623 2702 744 2738 χρισοείς
756 2710 762 2716 “
782 2712 791 2728 ι
816 2703 888 2736 ’ῐεῖγὼ
901 2703 929 2729 δὲ

143 2745 314 2781 κατε-πάθην
344 2747 471 2782 βασιλεὺς
493 2748 538 2775 ὑπ’
561 2748 644 2775 αὐτοῦ
670 2749 716 2775 ἐπὶ
740 2748 808 2775 Σιὼν
825 2749 887 2784 ὄρος
900 2750 931 2776 τὸ

177 2825 201 2840 ’³
219 2824 240 2851 ll
254 2824 318 2852 Cor.
335 2833 392 2858 xui,
414 2826 455 2853 15.

144 2860 166 2875 ⁵9
186 2859 282 2886 Matth.
296 2868 314 2892 ι,
329 2861 373 2887 21.

145 2894 166 2910 ³⁵
185 2894 253 2921 ibid.
272 2895 298 2923 8.

511 2826 532 2842 ’λ
552 2827 631 2853 Rom.
648 2835 667 2857 ι,
691 2827 715 2854 l.

413 2861 434 2876 3°
446 2861 526 2888 Deut.
546 2869 620 2894 xvnt,
641 2861 683 2889 l5.

773 2827 794 2842 "
816 2827 824 2854 l
848 2826 912 2854 Cor.

719 2862 738 2878 "
756 2862 826 2889 Psal.
845 2870 898 2894 crx,
910 2863 926 2890 4

982 2848 987 2853 .
1044 2827 1065 2843 ’⁸
1084 2827 1138 2854 Tit.
1153 2835 1170 2859 ι,
1187 2827 1210 2854 l.
1263 2827 1286 2843 ’⁷
1306 2828 1385 2855 Rom.
1400 2835 1419 2859 ι,
1434 2827 1460 2854 7.
1513 2828 1535 2842 ²¹¹
1555 2827 1633 2853 Rom.
1654 2835 1709 2857 xvr,
1726 2826 1760 2853 24

982 2863 996 2876 "
1015 2862 1097 2889 llebr.
1120 2871 1166 2895 vn,
1184 2863 1228 2889 2|.
1257 2863 1278 2879 ³³
1298 2863 1368 2890 Psal.
1389 2871 1424 2895 ιν,
1444 2862 1485 2889 Η.
1524 2862 1545 2877 ³³
1566 2861 1635 2890 Psal.
1656 2869 1727 2895 ιιιιν,
1745 2860 1760 2886 7

982 1698 1110 1725 Christus
1122 1705 1187 1725 vero
1203 1698 1358 1732 appellatus
1376 1701 1429 1730 est,
1447 1701 1576 1732 tanquam
1597 1697 1700 1732 Spiritu
1712 1706 1774 1725 san-

983 1749 1027 1772 cto
1044 1745 1195 1772 secundum
1210 1745 1350 1772 hominem
1370 1749 1480 1777 unctus,
1501 1749 1529 1771 et
1546 1745 1635 1772 factus
1652 1745 1774 1780 pontifex

982 1795 1087 1821 noster,
1105 1794 1134 1817 et
1157 1790 1308 1824 apostolus,
1325 1791 1371 1816 'ct
1391 1789 1536 1824 propheta,
1552 1794 1580 1816 et
1602 1797 1659 1816 rex.
1685 1790 1774 1818 Moses

983 1836 1057 1862 enim
1083 1835 1195 1862 divinus
1223 1835 1304 1870 longe
1323 1839 1387 1862 aute
1410 1835 1565 1862 clamabat:
1581 1845 1590 1861 ‹
1607 1835 1774 1870 Prophetam

983 1880 1061 1907 vobis
1074 1880 1217 1908 suseitabit
1239 1880 1372 1907 Dominus
1390 1880 1462 1906 Deus
1474 1879 1508 1906 de
1523 1879 1655 1907 fratribus
1672 1880 1774 1908 vestris

983 1927 1055 1954 sicut
1069 1934 1113 1953 me
1122 1926 1161 1959 ³⁰;
1182 1936 1191 1951 ι
1212 1931 1240 1953 et
1260 1926 1371 1952 divinus
1392 1925 1478 1952 David
1495 1925 1662 1953 vociferatus
1675 1930 1718 1953 est
1731 1926 1774 1953 di-

983 1979 1066 1998 cens:
1084 1981 1092 1995 ι
1109 1971 1214 1998 Iuravit
1239 1970 1382 2003 Dominus,
1406 1974 1434 1997 et
1451 1978 1506 1997 non
1528 1971 1673 2005 paenitebit
1698 1979 1773 2003 eum,

984 2016 1024 2043 Tu
1042 2023 1072 2043 es
1097 2016 1226 2043 sacerdos
1251 2016 1279 2043 in
1305 2020 1439 2043 wternuln
1465 2016 1616 2043 secundum
1648 2017 1774 2045 ordinem

984 2061 1184 2090 Melchisedech
1201 2062 1233 2089 ³³.
1253 2071 1260 2086 ι
1285 2061 1494 2096 Conlirmatque
1512 2062 1686 2096 prophetiam
1704 2063 1775 2090 divi-

984 2116 1035 2135 nus
1051 2108 1199 2143 Apostolus
1211 2108 1243 2134 ".
1267 2108 1301 2135 Et
1327 2108 1429 2135 iterum
1448 2108 1487 2135 ait
1503 2117 1509 2134 :
1526 2119 1534 2133 «
1559 2109 1698 2137 Habentes
1708 2117 1775 2145 ergo

985 2154 1141 2188 pontificem
1163 2162 1302 2189 magnum,
1316 2154 1363 2189 qui
1388 2154 1545 2189 penetravit
1564 2155 1658 2186 cados,
1681 2155 1774 2183 Iesum

984 2199 1082 2226 Filium
1098 2199 1310 2231 Dei,teneamus
1325 2199 1566 2226 confessionem“.
1584 2210 1592 2224 ι
1613 2199 1690 2232 Quod
1708 2209 1774 2227 vero

984 2245 1019 2272 sit
1041 2245 1125 2272 etiam
1149 2253 1197 2272 rex
1222 2249 1285 2272 ante
1303 2245 1402 2273 saecula
1424 2245 1499 2273 velut
1515 2246 1598 2278 Deus,
1613 2247 1774 2281 prophetica

984 2298 1083 2321 rursm
1097 2290 1214 2318 melodia
1232 2298 1283 2317 nos
1299 2290 1388 2318 docet.
1410 2291 1516 2325 1262
1531 2301 1539 2316 ι
1560 2290 1654 2323 Sedes,
1674 2291 1772 2327 inquit,

983 2340 1043 2369 tua,
1074 2336 1166 2369 Deus,
1198 2336 1226 2363 in
1251 2337 1381 2364 saeculum
1408 2337 1517 2369 saeculi;
1541 2338 1617 2372 virga
1641 2337 1773 2365 directio-
1861 2343 1866 2347 ’

982 2381 1035 2413 nis,
1073 2380 1150 2416 virga
1185 2381 1261 2416 regni
1297 2381 1335 2408 tui
1355 2381 1388 2408 ³⁸.
1417 2391 1426 2407 ›
1456 2381 1580 2409 Ostendit
1611 2385 1702 2410 autem
1727 2391 1774 2417 pa-
1806 2387 1818 2396 ³
1842 2384 1844 2389 ‘

982 2426 1050 2453 riter
1065 2430 1093 2453 et
1110 2427 1261 2453 humanum
1280 2427 1341 2462 ejus
1356 2427 1514 2462 imperium.
1530 2426 1599 2454 Cum
1615 2428 1689 2454 enim
1710 2428 1773 2455 uni-

982 2480 1124 2499 versorum
1149 2472 1249 2500 habeat
1275 2472 1447 2500 dominatum
1471 2478 1500 2500 ut.
1517 2473 1589 2500 Deus
1611 2477 1639 2500 et
1653 2479 1772 2506 creator,

983 2518 1058 2545 hunc
1069 2518 1168 2553 accipit
1181 2522 1211 2545 ut
1230 2518 1322 2545 homo.
1340 2517 1431 2551 Quare
1446 2519 1588 2553 subjunxit
1603 2527 1610 2545 ε
1629 2528 1638 2544 ι
1650 2519 1773 2546 Dilexisti
1795 2553 1798 2558 .

978 2564 1124 2598 justitiam,
1138 2570 1166 2592 et
1180 2564 1262 2592 odisti
1278 2564 1451 2599 iniquitatem
1466 2573 1473 2591 :
1488 2569 1635 2600 propterea
1654 2565 1733 2592 unxit
1746 2570 1773 2592 te

980 2610 1062 2642 Deus,
1087 2610 1159 2637 Deus
1190 2615 1265 2642 tuus,
1297 2610 1358 2637 oleo
1389 2610 1492 2637 laetitia:
1516 2617 1572 2644 pra:
1599 2609 1774 2637 consortibus

979 2657 1035 2683 tuis
1052 2656 1084 2683 ³⁸.
1101 2666 1109 2681 ι
1128 2656 1157 2683 In
1171 2656 1294 2684 secundo
1305 2664 1415 2691 quoque
1429 2656 1536 2691 psalmo
1548 2659 1648 2683 unctus
1663 2655 1721 2691 ipse
1735 2656 1774 2684 sic

979 2702 1036 2729 ait:
1058 2712 1066 2728 ι
1087 2703 1142 2738 Ego
1161 2708 1253 2730 autem
1270 2702 1438 2730 constitutus
1453 2710 1514 2730 sum
1527 2710 1575 2729 rex
1587 2701 1623 2729 ab
1639 2709 1673 2730 eo
1689 2710 1774 2737 super

979 2749 1044 2776 Sion
1059 2753 1179 2778 montem
1206 2754 1331 2777 sanetum
1346 2744 1416 2786 ejus;
1432 2749 1586 2785 praedicans
1604 2752 1772 2784 praeceptum

1044 2827 1065 2843 "
1084 2827 1138 2854 Tit.
1153 2835 1170 2859 ι,
1187 2827 1210 2854 l.
1263 2827 1286 2843 ’⁷
1306 2828 1385 2855 Rom.
1400 2835 1419 2859 ι,
1434 2827 1460 2854 7.
1513 2828 1535 2842 ²¹¹
1555 2827 1633 2853 Rom.
1654 2835 1709 2857 xvr,
1726 2825 1766 2853 24.
