1945 3058
147 150 216 181 i395

636 145 878 176 THEUDUHETI
899 143 1066 174 EPISCOPI
1087 142 1268 172 CYllENSIS

1705 139 1774 173 1396

145 207 212 240 ejus.
231 205 363 232 Dominus
375 204 443 231 dixit
457 203 490 230 ad
504 210 565 229 me:
579 202 665 228 Filius
684 208 762 228 meus
779 208 809 227 es
826 206 865 231 tu,
881 207 930 234 ego

984 197 1060 231 ἆγιον
1072 196 1165 230 αὑτοῦ,
1182 196 1347 230 διαγγέλλων
1363 196 1392 223 τὸ
1409 196 1573 232 πρόσταγμα
1588 196 1704 232 Κυρίου.
1715 197 1772 224 Κύ-

146 251 228 278 hodie
243 250 324 286 genui
349 253 385 276 te.
400 249 510 276 Postula
531 255 545 274 a
568 255 622 279 me,
644 251 671 274 et
683 246 753 274 dabo
769 245 818 273 tibi
839 250 933 280 gentes

146 296 331 324 h:ereditatem
350 300 434 326 tuam,
451 297 479 321 et
494 293 695 328 possessionem
714 297 788 332 tuam
801 291 933 318 terminos

147 341 266 370 terrm“.
286 350 295 367 ι
320 340 382 367 [hec
402 347 468 367 vero
493 344 622 374 tanquam
641 339 724 365 homo
751 338 851 365 effatus
879 341 931 364 est.

145 386 285 420 Tanquam
301 385 383 412 homo
395 385 496 420 quippe
509 384 609 418 accipit
622 391 682 418 qua:
701 383 784 410 habet
801 386 832 410 ut
849 383 930 409 Dens.

143 431 233 466 Atque
246 431 273 458 in
289 431 348 465 ipso
361 430 444 457 etiam
459 429 555 464 psalmi
569 428 704 463 principio
720 435 782 455 cum
803 427 884 454 Patre
905 431 933 454 et

143 477 199 503 Deo
214 476 291 502 illum
302 475 397 503 statuit
409 475 568 510 prophetica
581 473 676 509 gratia.
693 482 702 498 ι
717 473 815 506 Quare,
832 472 931 507 inquit,

143 521 315 549 fremuerunt
330 526 435 556 gentes,
448 524 477 548 et
490 520 583 555 populi
604 518 729 546 meditati
745 522 810 545 sunt
821 517 933 544 inania?

143 567 299 594 Astiterunt
320 574 399 601 reges
417 571 510 597 teme,
528 569 556 592 et
582 564 722 600 principes
743 568 933 590 convenerunt

143 613 171 639 in
188 620 273 639 unum
290 612 423 639 adversus
434 611 591 643 Dominum,
604 614 632 637 et
646 609 780 637 adversus
790 609 931 637 Christum

142 659 204 694 ejus
211 659 245 686 ".
263 668 272 684 ι

179 754 266 781 Nemo
285 753 368 789 igitur
384 753 468 780 alium
481 752 636 787 quempiam
649 751 732 779 stulte
758 755 836 786 putet
852 751 932 778 Chri-

143 805 217 829 stum
241 807 313 833 esse,
336 807 419 834 quam
445 798 544 826 Filium
560 798 749 833 unigenitum;
769 805 858 832 neque
881 805 932 824 nos

142 846 324 882 sapientiores
343 845 462 880 Spiritus
483 844 570 879 gratia
587 844 777 871 existimemus
795 850 866 874 esse,
883 842 930 869 sed

143 898 271 926 magnum
300 891 411 917 Petrum
441 889 585 917 audiamus
609 889 794 917 clamantem:
814 897 823 913 ι
842 887 882 914 Tu
899 895 930 914 es

141 936 270 963 Christus
284 935 368 962 Filius
376 935 425 962 Dei
440 935 495 962 vivi
509 935 548 967 '5;
566 944 574 960 ι
594 934 738 961 audiamus
752 937 780 960 et
789 933 929 961 Christum

143 979 289 1006 Dominum
304 978 506 1006 confessionem
525 978 596 1005 hanc
615 977 835 1005 confirmantem.
853 987 861 1003 ι
876 977 929 1004 Su-

143 1033 192 1060 per
207 1025 278 1052 hanc
292 1025 365 1052 enim
385 1028 502 1059 petram,
513 1024 611 1059 inquit,
627 1024 768 1051 aedificabo
779 1024 929 1051 Ecclesiam

145 1071 250 1106 1263
262 1079 362 1104 meam,
375 1074 404 1098 et
419 1075 505 1106 porta:
518 1070 598 1098 inferi
612 1078 666 1097 non
680 1069 869 1105 praevalebunt
884 1069 931 1096 ad-

142 1125 240 1145 versus
256 1124 316 1144 eam
328 1117 360 1144 ³⁹.
372 1126 381 1142 ›
395 1117 503 1145 Idcirco
519 1116 742 1151 sapientissimus
754 1115 865 1146 Paulus,
878 1115 930 1142 Ec-

142 1162 289 1190 clesiarum
308 1162 552 1197 praestantissimus
568 1161 745 1193 architectus,
768 1169 824 1188 non
843 1161 928 1192 aliud,

142 1209 190 1235 sed
206 1208 258 1236 hoc
272 1209 361 1243 ipsum
376 1208 471 1235 defixit
484 1207 704 1235 fundamentum.
722 1207 779 1243 Ego
794 1207 879 1237 enim,
893 1207 931 1234 in-

142 1253 212 1288 quit,
233 1262 241 1278 ι
261 1258 292 1280 ut
305 1253 414 1288 sapiens
427 1253 594 1281 architectus
614 1253 822 1280 fundamentum
839 1253 929 1287 posui,

143 1299 213 1326 alius
229 1303 320 1326 autem
339 1299 548 1334 supertediticat.
563 1299 758 1334 Unusquisque
784 1304 876 1326 autem
891 1299 931 1326 vi-

142 1345 205 1372 deat
221 1344 359 1379 quomodo
382 1344 591 1379 super-aedificet.
614 1344 833 1372 Fundamentum
856 1346 930 1372 enim

142 1390 217 1418 aliud
234 1398 316 1418 nemo
328 1394 420 1426 potest
436 1398 538 1425 ponere
550 1392 559 1400 '
570 1395 668 1426 prteter
687 1391 714 1418 id
729 1392 801 1426 quod
811 1392 931 1426 positum

142 1441 193 1467 est,
215 1436 288 1470 quod
303 1440 346 1463 est
372 1436 499 1464 Christus
514 1436 595 1464 Jcsus
607 1436 640 1463 ⁸ο.
667 1445 676 1462 ι
699 1436 842 1469 Quomodo
865 1445 932 1472 ergo

142 1481 217 1509 aliud
242 1482 399 1518 excogitant
432 1481 652 1514 fundamentum,
675 1482 722 1517 qui
750 1490 805 1510 non
828 1490 931 1518 ponere

141 1528 360 1560 fundamentum,
385 1528 433 1556 sed
468 1536 550 1563 super
579 1528 699 1564 positum
722 1529 930 1557 fundamentum

142 1573 277 1601 aediﬁcare
294 1574 363 1609 jussi
385 1574 467 1601 sunt?
479 1574 515 1601 At
538 1574 649 1602 divinus
666 1575 711 1602 ille
731 1575 774 1602 vir
790 1575 930 1603 Christum

142 1619 253 1654 agnovit
268 1619 488 1652 fundamentum,
504 1625 532 1647 et
550 1620 603 1648 hoc
617 1621 728 1648 nomine
741 1629 769 1648 se
785 1625 904 1648 ostentat
923 1630 929 1647 :

143 1673 175 1692 ac
188 1672 260 1691 nttnc
274 1664 385 1698 quidem
401 1665 456 1691 ait:
473 1674 481 1690 ι
498 1664 608 1692 Christo
625 1665 749 1693 confixus
764 1674 824 1693 sum
838 1666 929 1698 cruci;

143 1711 206 1736 vivo
221 1714 311 1737 autem
332 1717 387 1736 non
408 1710 463 1744 jam
483 1718 533 1745 ego
554 1719 561 1742 ς
580 1711 647 1737 vivit
664 1719 729 1738 vero
746 1711 773 1738 in
789 1719 832 1738 me
850 1711 930 1739 Chri-

143 1754 244 1781 stus“.
260 1763 269 1779 ι
289 1753 367 1781 Nunc
385 1759 475 1780 autem
493 1763 500 1781 :
518 1763 527 1780 ι
543 1754 608 1781 Mihi
625 1754 718 1782 vivere
737 1755 865 1783 Christus
878 1760 930 1788 est,

143 1803 171 1826 et
187 1798 258 1826 mori
273 1799 381 1825 lucrum
390 1798 422 1824 “.
438 1808 446 1823 ι
469 1799 501 1825 Et
519 1799 619 1826 iterum
637 1808 643 1825 :
666 1808 675 1825 ι
694 1799 754 1826 Non
771 1801 844 1827 enim
859 1800 932 1835 judi-

145 1844 203 1871 (ιιινὶ
218 1852 262 1871 me
280 1844 350 1871 scire
368 1844 471 1879 aliquid
500 1845 572 1872 inter
593 1853 652 1877 vos,
670 1845 724 1872 nisi
740 1846 832 1873 Jesum
850 1846 931 1873 Chri-

144 1894 226 1922 stum,
244 1894 273 1918 et
290 1889 364 1917 hunc
382 1890 586 1917 crucifixum".
605 1900 614 1916 ›
636 1891 670 1918 Ει
689 1891 771 1926 paulo
783 1892 930 1926 superius:

147 1935 227 1963 «Nos
260 1940 352 1963 autem
383 1937 563 1971 praedicamus
589 1937 728 1964 Christum
759 1937 930 1970 crucifixum,

143 1981 245 2009 Judmis
260 1982 371 2016 quidem
394 1982 562 2014 scandalum,
581 1983 709 2018 gentibus
732 1988 823 2010 autem
842 1984 933 2011 stulti-

144 2027 234 2054 tiam:
254 2027 320 2062 ipsis
349 2032 440 2056 autem
468 2028 573 2056 vocatis
602 2029 704 2056 Judaeis
731 2034 813 2064 atque
830 2029 931 2058 (ἱππεῖς

143 2073 283 2100 Christum
313 2073 360 2100 Dei
380 2073 522 2105 virtutem,
540 2077 567 2100 et
582 2073 630 2101 Dei
648 2074 808 2108 sapientiam
821 2074 853 2102 ⁸⁵.
871 2084 880 2100 ι
899 2075 932 2102 Et

143 2118 246 2146 Calatis
263 2118 374 2153 quidem
389 2119 512 2146 scribens
529 2119 566 2146 ait
586 2127 592 2146 :
613 2129 623 2145 ‹
642 2119 710 2146 Cum
723 2124 814 2146 autem
829 2120 932 2154 placuit

143 2164 180 2196 ei,
196 2165 243 2200 qui
257 2172 300 2191 me
317 2164 469 2200 segregavit
485 2173 519 2192 ex
537 2169 615 2192 utero
633 2165 729 2192 matris
751 2173 828 2198 meae,
846 2170 874 2192 et
885 2173 932 2193 ro—

143 2211 215 2237 earit
234 2219 283 2246 per
298 2211 412 2245 gratiam
429 2219 516 2243 suam,
528 2215 558 2239 ut
579 2211 713 2239 revelaret
731 2211 829 2239 Filium
849 2219 929 2239 suum

145 2265 192 2292 per
203 2265 256 2289 me,
285 2261 315 2283 ut
342 2257 557 2292 evangelizarem
578 2257 654 2284 illum
672 2258 700 2285 in
726 2258 896 2293 gentibus“.
919 2268 928 2284 ι

143 2302 296 2330 Corinthiis
311 2309 377 2329 vero
391 2302 514 2329 scribens
536 2309 591 2329 non
613 2302 682 2329 dixit
701 2303 777 2330 :Nos
797 2304 932 2338 przediea-

143 2356 206 2376 mns
224 2348 334 2380 Filium,
351 2348 398 2374 sed
415 2347 549 2375 Christum
568 2348 725 2382 cruciﬁxum
740 2357 749 2376 :
764 2357 818 2376 non
836 2354 931 2377 contra

142 2394 246 2420 faciens
260 2401 342 2428 quam
357 2394 451 2429 jussus
465 2397 533 2425 erat,
549 2394 596 2421 sed
618 2395 745 2422 eumdem
766 2403 826 2423 esse
841 2389 932 2423 sciens

143 2445 169 2467 et
191 2439 295 2473 Jesum,
311 2444 338 2467 et
358 2439 510 2472 Christum,
528 2444 555 2467 et
580 2440 737 2472 Dominum,
753 2445 780 2468 et
803 2441 933 2476 Unigeni-

143 2490 213 2516 ltllll,
235 2489 262 2511 et
277 2485 363 2511 Deum
375 2484 504 2512 Verbum.
528 2485 676 2520 Propterea
690 2486 810 2513 scribere
826 2486 859 2513 ad
879 2487 933 2514 Ro-

143 2536 240 2556 manos
258 2529 364 2564 1265,
383 2529 519 2564 incipiens
532 2537 641 2557 servum
658 2538 687 2557 se.
704 2530 850 2565 appellavit
867 2531 930 2558 Jesu

141 2575 255 2608 Christi,
275 2575 398 2609 dixitque
416 2584 423 2601 :
443 2585 451 2600 ι
467 2580 638 2610 segregatum
658 2574 691 2603 se
701 2576 787 2602 fuisse
802 2577 829 2603 in
843 2577 926 2603 Evan-

141 2621 243 2655 gelium
267 2621 326 2652 Dei,
339 2621 412 2656 quod
439 2626 502 2648 ante
530 2622 692 2656 promiserat
715 2629 764 2656 per
782 2623 931 2656 prophetas

142 2674 208 2694 suos
220 2667 248 2694 in
265 2666 415 2702 Scripturis
431 2667 534 2695 sanctis
553 2667 586 2694 de
605 2667 672 2694 Filio
690 2668 760 2702 ejus,
779 2667 825 2702 qui
841 2668 929 2695 factus

180 2744 201 2759 ³⁴²
222 2744 292 2771 Psal.
309 2752 338 2774 tt.
351 2745 377 2775 ti.
391 2746 416 2772 8.
456 2746 477 2760 ³⁷
495 2745 566 2772 Psal.
583 2753 612 2775 ιι,
631 2745 653 2771 l.

144 2780 166 2796 δ’
181 2779 299 2813 Philipp.
316 2787 335 2809 ι,
350 2781 393 2807 2i.
432 2781 454 2796 υ
469 2781 478 2808 Ι
491 2781 554 2807 Cor.
569 2789 596 2812 ιι⁷
608 2780 634 2806 2.
675 2780 696 2795 “
709 2781 718 2808 l
729 2781 792 2807 Cor.
806 2789 824 2811 ι,
836 2782 879 2807 :25.

182 2859 238 2892 (21)
255 2856 302 2883 καὶ
322 2858 367 2883 τοῦ
398 2858 499 2893 Κυρῖου
520 2858 597 2893 ἡμῶν
619 2859 706 2893 Ἰησοῦ
739 2859 856 2894 Χριστοῦ
878 2860 961 2894 Neap.

693 2745 714 2760 "
735 2745 829 2772 Matth.
845 2754 898 2777 nt,
917 2746 957 2772 16.
992 2746 1013 2762 ³⁹
1028 2747 1094 2774 ibid.
1113 2748 1152 2774 18.
1191 2750 1212 2764 ⁸ο
1232 2749 1319 2778 lCot‘.
1336 2758 1380 2783 ttt,
1402 2749 1449 2783 10,
1467 2751 1509 2777 Η.

693 2781 792 2808 ‘lCor.
806 2789 824 2809 ι.
836 2782 879 2807 :25.
919 2781 941 2795 “’
955 2781 1043 2809 Galat.
1058 2791 1076 2809 ι.
1092 2783 1130 2809 lii.

986 252 1042 279 ριος
1059 241 1119 270 εἷπε
1140 243 1207 279 πρός
1219 251 1266 278 με’
1283 243 1346 274 Υἱός
1364 252 1414 278 μου
1430 241 1455 269 εἷ
1470 244 1513 275 σὺ,
1527 243 1582 277 ἐγὼ
1597 244 1716 279 σήμερον
1728 253 1774 277 γε·

984 290 1104 324 γέννηκά
1124 298 1163 316 σε.
1179 290 1294 321 Λῐτησαι
1309 289 1374 325 παρ’
1386 289 1466 324 ἐμοῦ,
1482 289 1529 316 καὶ
1555 289 1633 316 δώσω
1654 298 1695 316 σοι
1709 290 1772 325 ἔθνη

984 335 1031 370 τὴν
1049 335 1232 371 κληρονομίαν
1248 343 1304 367 σου,
1323 336 1368 361 καὶ
1381 334 1428 370 τὴν
1439 335 1604 370 κατάσχεσιν
1618 345 1665 362 σου
1677 337 1710 362 τὰ
1726 337 1774 363 πέ-

986 389 1054 415 ρατα
1070 381 1119 416 τῆς
1137 381 1198 416 γῆς.
1211 390 1220 406 ›
1240 380 1333 408 Ταῦτα
1349 381 1376 407 δέ
1387 381 1424 412 ὡς
1437 381 1580 416 ἄνθρωπος
1592 382 1713 417 είρηκεν.
1729 383 1773 414 Ὠς

984 426 1038 462 γὰρ
1053 426 1196 463 ἄνθρωπος
1217 426 1349 462 λαμϐάνει
1371 426 1443 460 ἅπερ
1458 426 1514 461 ἔχει
1531 427 1569 458 ὡς
1585 427 1661 459 Θεός.
1677 428 1732 454 Καὶ
1745 429 1773 454 ἐν

985 472 1060 507 αὑτῷ
1075 481 1106 506 γε
1119 472 1158 507 τῷ
1169 472 1216 498 τοῦ
1230 472 1338 507 ψαλμοῦ
1355 471 1491 506 προοιμίῳ
1504 472 1542 506 τῷ
1556 472 1615 507 Θεῷ
1627 473 1674 499 καὶ
1686 474 1774 508 Πατρὶ

985 517 1129 549 συνέταξεν
1154 517 1235 543 αὑτὸν
1261 518 1277 551 ἡ
1298 516 1454 552 προφητικὴ
1470 516 1561 552 χάρις.
1577 527 1587 542 ί
1608 517 1688 544 Ἱνατὶ
1707 518 1772 553 γὰρ,

985 564 1076 598 φησὶν,
1089 563 1227 598 ἐφρύαξαν
1250 563 1324 598 ἔθνη,
1340 563 1387 589 καὶ
1412 563 1471 589 λαοὶ
1489 563 1658 598 ἐμελέτησαν
1685 565 1771 597 κενά;

985 609 1165 644 Παρέστησαν
1184 610 1208 635 οί
1239 609 1358 644 βασιλεῖς
1386 610 1435 644 τῆς
1450 609 1513 644 γῆς,
1531 610 1578 636 καὶ
1602 611 1626 636 οί
1642 610 1774 646 ἄρχοντες

984 655 1156 690 συνήχθησαν
1174 655 1220 681 ἐπὶ
1237 655 1268 681 τὸ
1280 654 1345 681 αὐτὸ
1360 655 1430 681 κατὰ
1447 655 1493 682 τοῦ
1510 656 1624 689 Κυρίου,
1639 657 1686 683 καὶ
1703 657 1773 683 κατὰ

982 700 1028 727 τοῦ
1046 701 1164 736 Χριστοῦ
1182 701 1265 728 αὐτοῦ
1282 702 1348 737 (21).

1018 746 1121 782 Μηδεὶς
1135 749 1225 774 τοίνυν
1241 748 1363 783 ἀνοήτως
1378 748 1458 776 ἄλλον
1471 747 1531 775 τινὰ
1545 748 1591 775 τὸν
1601 749 1622 774 Χ
1628 748 1718 783 ριστὸν
1730 757 1772 774 νο-

985 791 1087 826 μιζέτω
1103 792 1178 827 παρὰ
1192 792 1238 819 τὸν
1253 793 1316 820 Υίὺν
1332 794 1378 820 τὸν
1397 794 1528 829 μονογενῆ
1541 803 1548 809 ·
1570 794 1638 829 μηδέ
1654 794 1773 827 σοφωτέ-

984 845 1047 869 ρους
1065 837 1178 869 ἑαυτοὺς
1193 837 1373 873 ὑπολάόωμεν
1388 839 1438 874 τῆς
1457 839 1504 866 τοῦ
1520 839 1680 874 Πνεύματος
1693 839 1773 874 χάρι-

983 892 1037 914 τος.
1061 884 1140 910 ’Λλλά
1157 884 1317 919 ἀκούσωμεν
1329 884 1376 911 τοῦ
1394 885 1512 920 μεγάλου
1525 885 1630 920 Πέτρου
1646 883 1771 918 βοῶντος·

985 939 994 955 α
1013 930 1048 956 Σὺ
1066 927 1090 956 εἷ
1103 930 1117 955 ὀ
1130 930 1246 965 Χριστος
1259 932 1274 957 ό
1290 930 1354 962 Υίὸς
1367 930 1414 957 τοῦ
1429 931 1496 957 Θεοῦ
1510 930 1556 958 τοῦ
1571 930 1682 962 ζῶντος.
1695 938 1704 955 ι
1718 930 1773 956 Καὶ

982 975 1142 1010 ἀκούσωμεν
1157 976 1203 1002 τοῦ
1214 977 1349 1003 Δεσπότου
1367 977 1498 1010 Χριστοῦ,
1510 977 1590 1012 τήνδε
1606 977 1657 1012 τὴν
1674 977 1770 1015 ὁμολο-

982 1021 1045 1054 γίαν
1061 1021 1256 1056 κρατύνοντος·
1278 1031 1287 1047 ι
1308 1023 1370 1048 Ἐπὶ
1379 1022 1465 1058 ταύτῃ
1481 1024 1545 1058 γὰρ,
1561 1024 1624 1059 ἔφη.
1638 1027 1671 1060 τῇ
1685 1026 1773 1061 πέτρᾳ

982 1066 1152 1102 οἰκοδομήσω
1167 1076 1218 1102 μου
1234 1069 1284 1103 τὴν
1304 1068 1478 1104 Ἐκκλησίαν,
1500 1070 1546 1096 καὶ
1566 1070 1648 1097 πύλαι
1663 1071 1726 1106 ᾅδου
1741 1073 1771 1098 οὺ

983 1113 1194 1148 κατισχύσουσιν
1211 1114 1306 1149 αὐτῆς.
1327 1123 1336 1140 ι
1354 1114 1404 1141 Διά
1418 1123 1458 1141 τοι
1478 1115 1557 1142 τοῦτο
1571 1116 1619 1143 καὶ
1641 1116 1746 1149 Παῦλος
1758 1117 1773 1143 ὀ

982 1159 1130 1194 πάνσοφος,
1157 1161 1170 1186 ὁ
1192 1160 1246 1186 τῶν
1267 1161 1436 1196 Ἐκκλησιῶν
1463 1162 1574 1196 ἄριστος
1593 1162 1771 1197 ἀρχιτέκτων,

982 1203 1030 1238 οὐχ
1044 1203 1148 1239 ἕτερον,
1163 1204 1231 1231 ἀλλὰ
1245 1204 1339 1231 τοῦτον
1354 1205 1435 1232 αὐτὸν
1454 1206 1608 1240 κατέπηξεν
1628 1207 1674 1233 τὸν
1689 1207 1772 1242 θεμέ-

983 1248 1049 1276 λιον.
1075 1249 1146 1283 Ἐγὼ
1159 1251 1223 1285 γὰρ,
1237 1250 1330 1285 φησιν,
1350 1260 1359 1276 ι
1380 1251 1418 1282 ὡς
1437 1251 1520 1285 eosub;
1543 1252 1712 1287 ἀρχιτέκτων
1728 1253 1771 1279 οε-

984 1296 1076 1330 μέλιον
1092 1295 1212 1327 τέθεικα,
1244 1295 1323 1327 ἄλλος
1347 1296 1376 1322 δὲ
1394 1296 1577 1332 ἐποικοδομεῖ.
1594 1298 1729 1329 Ἕκαστος
1744 1298 1772 1324 δὲ

983 1342 1106 1376 βλεπέτω
1121 1341 1178 1373 πῶς
1192 1341 1372 1376 ἐποικοδομεῖ.
1385 1342 1516 1376 Θεμέλιον
1527 1343 1580 1379 γὰρ
1594 1343 1672 1370 ἄλλον
1685 1344 1772 1376 οὐδεὶς

982 1387 1093 1414 δύναται
1109 1387 1193 1414 θεῖναι
1207 1387 1282 1423 παρὰ
1302 1387 1348 1414 τὸν
1372 1388 1508 1423 κείμενον,
1526 1389 1555 1420 ὃς
1572 1389 1646 1416 ἐστιν
1669 1390 1773 1425 Ἰησοῦς

983 1432 1111 1468 Χριστός.
1129 1442 1138 1457 ι
1171 1432 1232 1464 Πῶς
1249 1432 1338 1459 τοίνυν
1363 1433 1457 1468 ἕτερον
1480 1434 1617 1460 ἐπινοοῦσι
1637 1434 1771 1469 θεμέλιον,

982 1480 1013 1506 οὐ
1026 1479 1160 1515 πηγνύναι
1173 1479 1308 1514 θεμέλιον,
1324 1479 1382 1505 ἀλλ’
1397 1480 1585 1514 ἐποικοδομεῖν
1598 1479 1636 1513 τῷ
1653 1480 1773 1516 κειμένῳ

986 1525 1239 1560 προστεταγμένοι;
1264 1525 1292 1551 ’0
1311 1525 1339 1551 δὲ
1360 1525 1431 1557 θεῖος
1443 1527 1547 1558 ἐκεῖνος
1562 1526 1631 1561 ἀνὴρ
1644 1526 1690 1552 τὸν
1705 1527 1774 1561 Χρι.

959 1576 965 1584 ⁸
986 1571 1047 1597 στὸν
1063 1568 1118 1597 οἶδε
1131 1570 1267 1606 θεμέλιον,
1280 1570 1428 1606 καὶταύτῃ
1451 1572 1483 1607 τῇ
1506 1572 1679 1607 προσηγορίᾳ
1700 1572 1773 1608 λαμ-

983 1617 1126 1652 πρύνεται.
1139 1617 1193 1643 Καὶ
1207 1617 1255 1644 νῦν
1269 1617 1317 1652 μέν
1332 1626 1398 1652 φησι
1410 1626 1417 1633 ³
1436 1627 1446 1642 ε
1461 1618 1572 1653 Χριστῷ
1586 1619 1774 1654 συνεσταύρω-

984 1671 1046 1698 μαι·
1068 1662 1107 1695 ζῶ
1121 1663 1149 1689 δὲ
1160 1662 1252 1689 οὐκέτι
1267 1661 1332 1696 ἐγὼ,
1346 1663 1378 1698 ζῇ
1390 1663 1419 1689 δὲ
1431 1663 1460 1690 ἐν
1471 1664 1533 1698 ἐμοὶ
1545 1664 1672 1699 Χριστός.
1693 1674 1701 1690 ι
1715 1665 1773 1691 Νῦν

981 1709 1009 1735 δέ
1021 1717 1028 1725 ι
1048 1718 1057 1734 ι
1083 1708 1159 1743 Ἐμοὶ
1174 1708 1203 1734 τὸ
1219 1707 1269 1744 ζῇν
1280 1709 1408 1743 Χριστὸς,
1425 1709 1472 1735 καὶ
1495 1709 1525 1735 τὺ
1549 1709 1694 1736 ἀποθανεῖν
1709 1711 1773 1745 κέρ-

982 1754 1036 1785 δος.
1059 1763 1068 1780 ι
1087 1754 1142 1781 Καὶ
1167 1753 1266 1780 ’πάλιν⁵
1291 1763 1300 1779 t
1319 1755 1357 1780 υὺ
1373 1753 1428 1789 γὰρ
1444 1754 1540 1790 ἔκρινα
1555 1754 1602 1780 τοῦ
1626 1755 1723 1782 εἰδέναι
1746 1765 1771 1782 τι

982 1799 1011 1825 ἐν
1026 1799 1101 1834 ὑμῖν,
1119 1799 1143 1825 εἰ
1157 1798 1194 1834 μὴ
1212 1798 1316 1834 Ἰησοῦν
1332 1799 1460 1834 Χριστὸν,
1472 1800 1517 1826 καὶ
1528 1799 1621 1826 τοῦτον
1635 1801 1759 1836 ὲσταυρω

984 1845 1074 1879 μένον.
1087 1854 1096 1870 ι
1108 1844 1163 1870 Καὶ
1179 1844 1275 1879 μικρὸν
1289 1844 1343 1879 πρὸ
1353 1843 1456 1870 τούτων
1465 1853 1471 1859 -
1494 1854 1503 1870 ι
1524 1844 1619 1879 Ἡμεῖς
1633 1845 1662 1872 δὲ
1672 1846 1773 1881 κηρύτ-

983 1898 1065 1925 τομεν
1079 1891 1198 1925 Χριστὸν
1214 1891 1435 1926 ἐσταυρωμένον,
1463 1891 1603 1922 Ἰουδαίοις
1624 1891 1673 1926 μὲν
1695 1892 1773 1919 σκάν-

982 1936 1071 1969 δαλον,
1092 1936 1181 1963 ἔθνεσι
1191 1936 1220 1963 δὲ
1236 1937 1352 1972 μωρίαν,
1365 1937 1457 1968 αὐτοῖς
1469 1945 1497 1963 τε
1510 1937 1619 1972 κλητοῖς
1636 1938 1772 1970 Ἰουδαίοις

981 1991 1011 2009 τε
1027 1983 1072 2009 καὶ
1085 1982 1207 2018 Ἕλλησι.
1223 1982 1340 2018 Χριστὸν
1356 1982 1424 2009 Θεοῦ
1436 1982 1561 2017 δύναμιν,
1580 1983 1626 2009 καὶ
1643 1983 1711 2010 Θεοῦ
1728 1993 1757 2010 σο

983 2028 1057 2060 φίαν.
1075 2038 1084 2054 ›
1098 2029 1152 2055 Καὶ
1166 2028 1301 2059 Γαλάταις
1317 2027 1367 2063 μὲν
1383 2029 1547 2055 ἐπιστέλλων
1557 2029 1608 2064 ἔφη
1620 2037 1627 2044 ·
1643 2039 1653 2055 ε
1669 2030 1733 2056 Ὅτε
1745 2030 1772 2056 δέ

981 2073 1132 2109 ηὐδόκησεν
1145 2075 1159 2100 ό
1173 2073 1307 2109 ἀφορίσας
1326 2082 1359 2108 με
1370 2075 1403 2100 ὲκ
1415 2074 1517 2106 κοιλίας
1531 2074 1635 2109 μητρός
1651 2083 1712 2110 μου,
1725 2077 1772 2102 καὶ

983 2119 1100 2151 καλέσας
1119 2119 1164 2146 διὰ
1182 2120 1232 2154 τῆς
1252 2119 1363 2155 χάριτος
1390 2120 1472 2147 αὑτοῦ
1487 2141 1494 2153 ,
1524 2121 1698 2156 ἀποκαλύψαι
1728 2122 1772 2148 τὶν

983 2164 1047 2190 Υίδν
1062 2163 1146 2191 αὑτοῦ
1159 2165 1188 2190 ἐν
1205 2165 1276 2199 ἐμοὶ,
1288 2164 1331 2191 ἴνα
1341 2165 1561 2200 εὐαγγελίζωμαι
1578 2166 1659 2193 αὑτὸν
1673 2167 1702 2192 ὲν
1715 2168 1772 2198 τοῖς

949 2229 969 2256 D
984 2210 1081 2237 ἔθνεσι.
1096 2211 1249 2245 Κορινθίοις
1262 2210 1290 2236 δέ
1300 2210 1414 2245 γράφων
1434 2211 1485 2237 οὐκ
1505 2209 1599 2244 εἶπεν,
1613 2212 1654 2239 ὅτι
1677 2212 1772 2247 Ὶῖμεῖς

985 2255 1035 2291 μὲν
1050 2255 1222 2291 κηρύττομεν
1234 2256 1280 2283 τὸν
1298 2255 1371 2288 Υίὸν,
1391 2256 1459 2283 ἀλλὰ
1475 2258 1606 2291 Χριστὸν
1623 2258 1771 2292 ἐσταυρω-

981 2302 1088 2336 μένον·
1100 2302 1150 2328 οὐκ
1166 2302 1274 2329 ἐναντία
1290 2302 1374 2329 ποιῶν
1390 2300 1431 2334 οἷς
1444 2303 1629 2339 προσετάχθη,
1646 2304 1713 2331 ἀλλὰ
1728 2306 1772 2332 το)

983 2347 1064 2373 αὑτὸν
1082 2346 1159 2379 εἰδὼς
1185 2347 1231 2374 καῖ
1251 2347 1355 2383 Ἰησοῦν
1368 2368 1375 2380 ,
1393 2349 1439 2375 καὶ
1453 2349 1581 2384 Χριστὸν,
1595 2351 1642 2376 καὶ
1658 2350 1770 2385 Κύριον,

983 2396 1030 2421 καὶ
1045 2395 1196 2430 Μονογενῆ,
1212 2396 1259 2421 καὶ
1275 2395 1341 2422 Θεὸν
1354 2395 1450 2430 Λόγον.
1466 2396 1566 2423 Τούτου
1581 2397 1613 2432 δὴ
1631 2398 1710 2432 χάριν
1726 2398 1772 2423 καὶ

988 2440 1135 2476 Ῥωμαίοις
1153 2441 1271 2478 γράφειν
1284 2442 1447 2477 ἀρξάμενος,
1461 2443 1552 2469 δοῦλον
1563 2443 1658 2470 ἑαυτὸν
1669 2444 1772 2478 ὠνόμα-

982 2495 1027 2512 σεν
1052 2487 1137 2522 Ἰησοῦ
1153 2487 1282 2523 Χριστοῦ.
1302 2487 1369 2514 Εἷπε
1383 2488 1422 2519 δέ,
1443 2498 1452 2514 ‹
1464 2489 1617 2524 ἀφωρίσθαι
1634 2490 1674 2521 είς
1688 2490 1771 2522 Εὐαγ-

981 2532 1072 2567 γέλιον
1085 2533 1152 2559 Θεοῦ
1165 2554 1172 2564 ,
1193 2533 1207 2559 ὃ
1229 2535 1466 2569 προεπηγγείλατο
1489 2535 1534 2562 διὰ
1550 2536 1604 2562 τῶν
1625 2535 1772 2570 προφητῶν

981 2578 1063 2605 αὑτοῦ
1077 2579 1105 2604 ἐν
1125 2579 1246 2614 Γραφαῖς
1268 2579 1360 2614 ἁγίαις
1385 2581 1449 2616 περῖ
1464 2581 1510 2608 τοῦ
1530 2582 1594 2608 Υξοῦ
1614 2581 1706 2613 αὑτοῦ,
1723 2582 1771 2608 τοῦ

984 2625 1130 2659 γενομένου
1147 2626 1177 2651 ἐκ
1192 2625 1349 2660 σπέρματος
1359 2627 1441 2654 Δα6“ιδ
1457 2627 1527 2654 κατὰ
1540 2628 1639 2663 σάρκα,
1652 2627 1700 2654 τοῦ
1714 2628 1768 2662 ὁρι-

985 2669 1093 2701 σθέντος
1110 2670 1172 2696 Υἱοῦ
1183 2670 1251 2697 Θεοῦ
1264 2672 1293 2698 ἐν
1305 2671 1429 2707 δυνάμει,
1446 2682 1454 2697 ι
1466 2673 1512 2698 καὶ
1524 2672 1558 2699 τὰ
1574 2673 1647 2707 ἑξῆς.
1663 2673 1717 2699 Καὶ
1728 2673 1772 2699 τον

1548 2750 1568 2766 ⁵¹
1583 2750 1671 2778 Galat.
1684 2758 1713 2783 It,
1731 2750 1769 2777 l9.
