1945 3058
153 127 222 160 1397

806 130 987 161 EPISTOLA
1002 131 1124 161 CXLVI.

1711 128 1779 160 1398

150 181 235 208 αὐτὸν
252 181 364 208 ἐκάλεσε
380 181 426 208 καὶ
445 181 548 217 Ἰησοῦν
558 183 685 218 Χριστὸν,
700 182 747 209 καὶ
757 183 815 209 υἱὸν
829 183 875 209 τοῦ
889 184 940 209 Δα-

998 187 1033 210 :st
1044 191 1077 210 ex
1087 182 1192 210 semine
1209 182 1319 210 Davidis
1334 181 1484 210 secundum
1498 188 1607 209 carnem
1621 189 1634 208 τ
1648 181 1694 216 qui
1711 190 1780 217 pra.»-

150 227 207 259 6‘18,
225 227 272 253 καὶ
287 227 351 253 Υἱὸν
367 227 413 253 τοῦ
431 227 498 254 Θεοῦ
510 248 516 260 ,
540 228 578 260 ὡς
590 228 656 254 Θεὸν
671 229 718 254 καὶ
734 229 788 255 τῶν
808 228 877 255 ὅλων
893 229 941 254 Δε-

152 273 268 307 σπότην.
287 273 342 299 Καὶ
364 273 455 308 μέντοι
477 274 528 300 κάν
546 273 583 308 τῷ
608 273 683 309 μέσῳ
706 274 755 309 τῆς
779 273 942 308 Ἐπιστολῆς

159 318 294 346 Ἰουδαίων
313 319 513 354 μνημονεύσας,
536 321 675 354 ἐπήγαγεν
688 329 694 334 ·
715 329 724 345 ε
743 318 794 346 τΩν
813 320 837 346 oi
857 320 942 346 ποιτέ-

152 372 211 398 pec,
228 363 257 396 ἐξ
269 360 306 390 ὧν
318 366 331 390 ὁ
345 365 462 400 Χριστὸς
477 365 506 390 τὸ
522 365 592 391 κατὰ
611 365 699 400 σάρκα
713 385 719 396 ,
735 366 749 391 ὁ
763 365 800 391 ὣν
813 365 859 391 ἐπὶ
875 365 942 392 πάν-

151 418 208 435 ⁵των
224 410 290 441 Θεὸς
313 410 458 445 εὐλογητὸς
485 411 524 441 είς
543 411 605 442 τοὺς
631 410 731 442 αἰῶνας
750 411 805 437 τῶν
823 410 940 444 αἰώνων,

160 455 257 490 Ἀμήν.
274 466 282 481 ι
306 457 360 482 Καὶ
382 456 427 482 τὸν
449 456 528 482 αὐτὸν
555 456 626 483 κατὰ
646 457 734 492 σάρκα
755 457 804 491 μὲν
820 456 848 489 ἐξ
877 457 942 483 ’1ου-

151 501 237 526 δαίων
252 501 302 536 ἔφη
320 501 450 536 κατάγειν
460 502 490 527 τὸ
506 502 594 536 γένος,
617 501 724 528 αἰώνιον
738 502 765 528 δὲ
781 500 850 528 εἶναι
864 502 940 534 Θεὸν,

152 546 202 572 καὶ
214 546 322 572 πάντων
343 547 413 581 ὁμοῦ
427 547 481 573 τῶν
495 547 617 582 γενητῶν
636 548 774 582 Δεσπότην
796 549 871 582 παρὰ
887 548 942 573 τῶν

152 592 335 627 εὐγνωμόνων
358 593 538 629 ὑμνούμενον.
570 593 626 628 Τὴν
646 593 732 628 αὐτὴν
741 593 769 619 δὲ
791 593 858 627 ἡμῖν
869 593 942 619 διδα-

153 638 269 664 σκαλίαν
292 640 478 674 προσήνεγκεν
495 639 543 665 καὶ
562 639 596 665 δι’
616 635 653 665 ὧν
675 638 713 673 τῷ
728 638 874 674 θαυμασίῳ
897 639 942 673 γέ-

151 692 243 718 γραφε
259 683 340 719 Τίτῳ.
359 695 369 711 ‹
386 686 599 721 Προσδεχόμενοι
619 685 683 721 γὰρ,
699 686 775 720 φησὶ,
790 687 838 720 τὴν
854 695 942 722 μακα-

153 730 216 765 ρίαν
227 730 330 763 ἐλπίδα,
346 732 393 758 καὶ
408 732 570 766 ἐπιφάνειαν
590 732 640 767 τῆς
662 731 742 766 δόξης
751 732 798 758 τοῦ
823 732 941 767 μεγάλου

152 775 222 802 ε)εοῦ
239 777 285 803 καὶ
301 777 427 813 Σωτῆρος
440 777 519 813 ἡμῶν
537 777 624 813 Ἰησοῦ
645 777 775 813 Χριστοῦ.
796 787 805 804 ›
825 778 880 804 Καὶ
897 778 942 804 τὸν

153 819 235 845 αὐτὸν
263 821 311 847 καὶ
330 822 460 858 Σωτῆρα,
487 822 533 848 καὶ
555 823 642 857 μέγαν
668 822 744 854 Θεὸν,
772 823 818 849 καὶ
839 823 943 857 Ἰησοῦν

153 865 273 900 Χριστὸν
289 852 505 902 προσηγορευσε.
523 852 577 895 Καὶ
593 852 711 903 σιλλαχοῦ
722 852 761 894 ⁸.(
783 868 830 894 Ἐν
839 852 877 903 τῇ.
893 868 942 903 βα·
960 852 980 881 Β

155 911 244 947 σιλείᾳ
257 912 303 938 τοῦ
316 913 434 948 Χριστοῦ
452 914 500 940 καὶ
515 914 594 941 Θεοῦ.
616 925 626 941 ι
644 915 699 941 Καὶ
713 914 805 950 μέντοι
821 914 867 941 καὶ
887 916 944 946 τοῖς

154 958 283 992 ποιμέσιν
297 959 310 984 ὁ
325 959 378 985 τῶν
390 959 512 993 ἀγγέλων
530 960 580 994 ἔφη
596 960 689 995 χορός·
711 970 720 986 ‹
743 960 808 986 Ἰδοὺ
822 960 944 988 τίκτεται

155 1003 221 1039 ὑμῖν
234 1005 353 1039 σήμερον
368 1005 486 1040 Χριστὸς
504 1006 603 1041 Κύριος
616 1007 644 1032 ὲν
656 1007 731 1033 πόλει
748 1006 839 1033 Δαϐίδ.
862 1017 870 1032 ι

199 1135 279 1162 Ἀλλὰ
298 1136 354 1172 γὰρ
376 1136 512 1171 παρέλκοι]
538 1137 628 1169 πάσας
650 1137 700 1169 τὰς
723 1137 850 1168 τοιαύτας
876 1145 947 1171 μαρ-

156 1182 252 1217 τυρίας
269 1182 327 1216 (2‘2)
342 1183 453 1218 ἀνδράσι
465 1183 581 1218 γράφειν
597 1184 652 1214 τοῖς
668 1183 816 1218 μελετῶσιν
829 1184 857 1209 ὲν
873 1183 947 1218 νόμῳ

158 1228 260 1263 Κυρίου
283 1228 389 1263 ἡμέρας
420 1230 468 1255 καὶ
487 1229 609 1268 νυκτός·
638 1230 779 1265 ἀποχρῶσί
806 1238 836 1256 τε
867 1228 946 1257 αὗται

158 1274 250 1299 πεῖσαι
268 1273 315 1299 καὶ
334 1274 397 1304 τοὺς
421 1273 492 1307 ἄγαν
521 1274 767 1305 δυσπειθεστάτους
794 1274 844 1305 τὰς
871 1274 947 1306 θείας

158 1319 197 1354 μὴ
227 1319 348 1354 μερίζειν
377 1320 573 1355 προσηγορίας.
611 1321 714 1346 Ἐκεῖνο
735 1320 828 1355 μέντοι
859 1329 948 1356 παρα-

157 1366 248 1392 λιπεῖν
267 1366 316 1392 οὺκ
336 1366 476 1400 ἀνέξομαι.
503 1366 573 1392 Φασὶ
598 1366 652 1401 γὰρ
679 1365 760 1392 αὐτὸν
790 1366 947 1401 εἰρηκέναι,

158 1412 287 1446 πριστοὺς
316 1411 367 1446 μὲν
400 1409 469 1437 εἶναι
490 1410 613 1442 πολλοὺς,
640 1411 704 1436 Υίὸν
731 1411 759 1437 δὲ
780 1411 837 1437 ἕνα.
862 1411 948 1438 Τοῦτο

157 1456 187 1483 δὲ
218 1457 248 1491 ἐξ
279 1456 390 1491 ἀγνοίας
425 1457 505 1484 αὐτὸν
534 1456 672 1492 ὑπείληφα
706 1456 886 1492 πλημμελεῖν.
917 1458 951 1484 Ei‘

159 1502 214 1538 γὰρ
243 1503 291 1538 τὴν
316 1502 391 1529 θείαν
423 1502 528 1537 ἀνέγνω
556 1502 687 1537 Γραφὴν,
711 1502 826 1536 ἐγνώκει
849 1502 882 1529 ἂν
909 1503 946 1534 ὡς

160 1549 208 1575 καὶ
229 1548 278 1583 τὴν
300 1548 346 1574 τοῦ
367 1548 430 1574 Υἰοῦ
453 1547 641 1582 προσηγορίαν
667 1547 776 1578 πολλοῖς
798 1548 847 1583 μὲν
863 1548 920 1583 (25)
933 1549 947 1574 ὀ

161 1594 348 1629 μεγαλόδωρος
359 1594 497 1628 Δεσπότης
508 1593 666 1628 δεδώρηται.
683 1594 805 1628 Munia—ﬁ;
829 1594 878 1629 μὲν
894 1595 948 1630 γὰρ

160 1641 174 1667 6
193 1639 352 1675 νομοθέτης,
377 1641 390 1666 ὁ
412 1639 461 1674 τὴν
491 1639 608 1666 παλαιὰν
636 1640 756 1674 ἱστορίαν
777 1642 947 1676 συγγράψας,

162 1686 243 1721 φησίν
253 1695 259 1701 ·
277 1696 286 1711 ‹
304 1686 416 1717 Ἰδόντες
427 1687 450 1712 οἱ
463 1686 515 1712 υἱοὶ
526 1685 571 1712 τοῦ
590 1686 657 1712 Θεοῦ
673 1686 720 1717 τὰς
735 1685 888 1722 θυγατέρας
895 1687 948 1713 τῶν

161 1731 324 1767 ἀνθρώπων,
342 1732 382 1758 ὅτι
398 1731 478 1758 καλαί
495 1732 574 1763 εἰσιν,
598 1731 693 1758 ἔλαϐον
712 1732 804 1764 αὐτοῖς
817 1733 846 1765 ἐξ
860 1733 949 1759 αὐτῶν

162 1779 303 1811 γυναῖκας.
321 1787 329 1803 ι
354 1777 440 1808 Αὐτὸς
456 1778 483 1804 δὲ
505 1779 518 1804 ὁ
535 1777 590 1804 τῶν
607 1778 675 1804 ὅλων
688 1778 754 1809 Θεὸς
771 1779 839 1812 πρὸς
855 1778 949 1805 τοῦτον

162 1824 212 1860 ἔφη
228 1825 274 1851 τὸν
290 1825 451 1860 Προφήτην·
470 1835 479 1850 (
491 1825 558 1851 Εἰπὲ
574 1824 642 1859 πρὸς
660 1824 773 1858 Φαραώ·
794 1825 856 1856 Υἱὸς
874 1834 948 1860 πρω-

160 1871 270 1902 τότοκος
295 1879 345 1905 μου
363 1870 480 1906 Ἰσραήλ.
494 1879 503 1895 ι
523 1870 580 1896 Κάν
594 1871 627 1904 τῇ
647 1869 708 1905 ᾮδῇ
726 1870 754 1896 δὲ
771 1871 804 1905 τῇ
822 1870 928 1906 μεγάλῃ
940 1879 947 1886 ·

166 1917 377 1953 (Εὐφράνθητε,
395 1917 488 1950 φησιν,
510 1916 584 1952 ἔθνη,
610 1916 679 1951 μετὰ
704 1917 751 1942 τοῦ
771 1917 836 1943 λαοῦ
853 1917 949 1948 αὐτοῦ,

163 1962 210 1989 καὶ
235 1963 455 1997 ὲνισχυσάτωσαν
475 1961 549 1997 αὐτῷ
569 1962 669 1993 πάντες
689 1962 745 1988 υἱοὶ
772 1962 850 1989 Θεοῦ.
866 1972 879 1988 ι
901 1962 951 1989 Διὰ

162 2009 190 2035 δὲ
211 2009 322 2036 Ἡσαΐου
339 2009 386 2035 τοῦ
403 2009 543 2044 προφήτου
569 2009 667 2043 φησίν·
695 2018 704 2034 ι
717 2008 798 2040 Υἱοὺς
819 2009 951 2043 ἐγέννησα

163 2055 210 2082 καὶ
236 2055 342 2090 ὕψωσα,
363 2056 439 2082 αὐτοὶ
454 2055 483 2082 δέ
504 2064 538 2090 με
564 2055 711 2090 ἠθέτησαν.
726 2064 735 2080 )
766 2055 821 2082 Καὶ
837 2055 882 2082 διὰ
902 2055 950 2082 τοῦ

163 2103 362 2138 τρισμακαρίου
388 2102 488 2128 Δαϐίδ·
522 2110 531 2126 ί
551 2101 632 2135 Ἐγὼ,
659 2101 753 2136 φησιν,
780 2099 861 2127 εἶπα·
889 2101 951 2128 Θεοί

163 2149 236 2179 ἔστε,
261 2148 307 2174 καὶ
334 2147 386 2174 υἱοὶ
407 2146 536 2181 Ὑψίστου
563 2145 673 2177 πάντες.
688 2155 697 2171 ι
725 2146 754 2172 Ὀ
768 2146 796 2172 δὲ
815 2146 951 2180 πάνσοφος

960 1525 980 1553 C

993 228 1146 256 destinatus
1171 233 1213 256 est
1244 228 1328 255 Filius
1355 228 1403 255 Dei
1427 228 1454 254 in
1476 228 1576 255 virtute
1594 228 1626 260 ",
1648 238 1656 253 ³
1675 232 1703 255 et
1720 236 1780 262 qua.-

993 278 1156 308 sequuntur.
1169 273 1356 308 Eumdemque
1369 273 1476 300 vocavit
1490 277 1517 300 et
1527 273 1779 304 JcsumChristum.

993 323 1023 347 et
1037 320 1122 347 ﬁlium
1140 319 1260 351 Davidis,
1277 323 1304 346 et
1321 319 1418 346 Filium
1430 318 1489 351 Dei,
1500 320 1575 346 velut
1586 319 1672 346 Deum
1688 319 1780 346 etDo-

993 367 1098 393 minum
1121 366 1322 393 universorum.
1341 365 1394 393 Sed
1419 370 1447 392 et
1479 365 1506 392 in
1531 365 1620 392 medio
1640 365 1779 399 Epistolzr,

994 420 1056 439 cum
1082 411 1190 439 .Iudteos
1212 416 1462 442 commemorasset,
1475 411 1611 446 subjecit:
1632 420 1640 436 ί
1658 410 1778 443 Quorum

994 462 1094 492 patres,
1114 465 1147 485 ex
1175 457 1276 492 quibus
1293 461 1334 484 est
1355 456 1480 484 Christus
1497 456 1647 483 secundum
1660 462 1779 486 carnem,

993 504 1041 538 qui
1057 508 1098 530 est
1111 511 1193 538 super
1208 503 1299 530 omnia
1315 503 1387 529 Deus
1399 502 1560 529 benedictus
1573 502 1600 528 in
1613 502 1712 528 srecula
1731 508 1780 529 ste-

993 549 1128 575 eulorum.
1143 548 1228 576 Amen
1241 549 1274 574 δτ.
1291 558 1300 574 ι
1316 548 1349 575 Et
1362 548 1488 575 eumdem
1505 547 1656 575 secundum
1667 554 1779 574 carnem

993 594 1103 628 quidem
1124 602 1157 621 ex
1173 593 1274 621 Judaeis
1297 601 1384 628 genus
1402 593 1504 620 dueere
1517 593 1565 625 ait,
1582 592 1781 627 sempiternum

994 644 1085 666 autem
1107 647 1166 667 esse
1186 640 1282 670 Deum,
1297 639 1475 674 omniumque
1503 639 1584 666 simul
1607 638 1782 666 conditorum

994 686 1138 712 Dominum
1161 693 1177 712 a
1189 693 1244 712 non
1266 685 1381 720 ingratis
1403 685 1548 712 celebrari.
1562 684 1695 711 Eamdem
1712 691 1781 718 quo-

994 739 1047 766 que
1063 731 1144 758 nobis
1158 730 1311 758 doctrinam
1327 731 1453 765 exposuit
1467 730 1496 757 in
1512 730 1546 757 iis
1560 737 1621 765 quae
1637 729 1699 757 Tito
1716 729 1784 757 scri-

995 778 1049 813 psit
1067 787 1075 804 :
1091 787 1100 803 ‹
1118 777 1316 811 Exspectantes
1341 776 1448 803 beatam
1465 783 1553 810 spem,
1580 781 1607 803 et
1634 776 1782 804 adventum

995 824 1088 860 gloria:
1104 823 1194 858 magni
1221 822 1268 849 Dei
1286 826 1314 849 et
1336 822 1487 849 Salvatoris
1511 822 1598 848 nostri
1622 822 1686 849 Jesu
1704 820 1784 848 Chri-

996 871 1030 898 sti
1046 870 1080 896 ⁸⁸.
1097 880 1105 895 1
1132 869 1320 903 Eumdcmque
1345 874 1373 895 et
1399 867 1578 899 Salvatorem,
1602 872 1630 894 et
1655 874 1783 901 magnum

995 917 1092 948 Deum,
1107 920 1134 943 et
1146 916 1239 943 .Iesnm
1257 914 1398 942 Christum
1413 913 1565 941 nominavit
1579 922 1585 939 ε
1599 913 1690 940 etalio
1703 912 1781 939 loco:

999 971 1008 987 ι
1023 962 1053 989 In
1077 968 1160 996 regno
1177 959 1278 988 Christi
1290 963 1318 986 et
1334 960 1342 969 ‘
1356 959 1403 986 Dei
1417 959 1448 986 ⁵⁵.
1467 969 1476 984 ι
1493 958 1565 992 Quin
1584 962 1612 985 et
1628 958 1784 992 pastoribus

996 1015 1106 1042 quoque
1127 1007 1286 1042 angelorum
1302 1005 1404 1032 cborns
1420 1005 1489 1032 dixit
1504 1014 1510 1031 :
1527 1014 1536 1030 ι
1557 1005 1627 1032 Ecce
1648 1008 1728 1031 natus
1742 1008 1785 1030 est

996 1054 1075 1081 vobis
1099 1053 1180 1080 hodie
1204 1052 1331 1079 Christus
1353 1051 1485 1078 Dominus
1508 1050 1535 1078 in
1565 1050 1676 1078 civitate
1700 1049 1784 1076 Davi-

997 1100 1041 1127 dis
1052 1101 1086 1126 ⁸⁸.
1102 1109 1110 1125 ι

1032 1146 1227 1173 Verumtamen
1254 1151 1489 1180 supervacaneum
1507 1147 1549 1171 est
1573 1143 1665 1170 omnia
1687 1143 1785 1177 hujus--

998 1193 1070 1220 modi
1091 1192 1248 1219 testimonia
1265 1191 1386 1219 scribere
1399 1190 1466 1217 viris
1477 1190 1524 1225 qui
1547 1190 1574 1216 ιιι
1597 1189 1656 1224 lege
1675 1188 1785 1216 Domini

997 1238 1165 1265 meditantur
1178 1237 1222 1264 die
1239 1245 1271 1264 ac
1284 1241 1364 1264 nocte
1377 1245 1383 1263 :
1398 1236 1590 1271 sulIieiuntque
1609 1235 1660 1262 ista
1676 1238 1707 1261 ut
1723 1242 1786 1269 per-

997 1282 1129 1310 suadeant
1144 1282 1187 1309 vel
1203 1282 1321 1309 maxime
1341 1281 1541 1316 pertinacibus,
1558 1289 1593 1308 ne
1613 1280 1720 1308 divinas
1736 1287 1786 1314 ap-

996 1328 1159 1364 pellationes
1171 1327 1302 1354 dividant.
1314 1327 1372 1354 Hoc
1387 1326 1496 1361 quidem
1515 1333 1580 1353 sane
1600 1332 1654 1352 non
1667 1320 1787 1351 adducar

998 1377 1028 1400 ut
1046 1371 1263 1407 praetermittam.
1276 1371 1360 1398 Aiunt
1376 1370 1481 1405 1265
1499 1370 1573 1397 enim
1592 1369 1669 1396 illum
1685 1368 1787 1396 dixisse

998 1418 1117 1444 christos
1140 1417 1252 1452 quidem
1279 1424 1340 1444 esse
1358 1417 1471 1448 multos,
1491 1415 1539 1443 scd
1569 1423 1655 1442 unum
1676 1414 1786 1442 Filium.

997 1463 1074 1497 Quod
1090 1464 1165 1491 illum
1180 1471 1214 1490 ex
1228 1462 1380 1498 ignorantia
1396 1470 1524 1497 peccasse
1540 1461 1670 1488 arbitror.
1680 1461 1747 1488 Nam
1764 1460 1788 1488 si

998 1509 1119 1536 divinam
1134 1508 1304 1543 Scripturam
1327 1508 1449 1543 legisset,
1473 1507 1556 1534 sciret
1578 1507 1700 1542 profecto
1727 1505 1789 1535 Filii

999 1561 1109 1589 quoque
1132 1561 1231 1581 nomen
1247 1561 1261 1580 a
1277 1553 1384 1580 liberali
1404 1553 1520 1579 Domino
1540 1552 1674 1580 tributum
1694 1551 1789 1578 multis

999 1600 1093 1627 fuisse.
1111 1599 1196 1627 Moses
1211 1599 1284 1625 enim
1299 1599 1448 1633 legislator,
1458 1598 1504 1632 qui
1514 1601 1635 1625 veterem
1647 1597 1789 1623 historiam

999 1646 1163 1680 conscripsit
1181 1654 1187 1671 :
1211 1654 1219 1669 ι
1235 1644 1377 1675 Videntes,
1404 1643 1452 1675 ait,
1471 1643 1517 1670 ﬁlii
1537 1643 1584 1670 Dei
1603 1642 1672 1669 ﬁlias
1699 1642 1789 1669 homi-

1000 1701 1077 1724 num,
1095 1692 1169 1726 quod
1189 1695 1281 1718 essent
1298 1689 1430 1725 pulchrae,
1444 1695 1610 1724 acceperunt
1626 1689 1678 1716 sibi
1690 1695 1790 1715 uxores

999 1746 1033 1765 ex
1049 1738 1090 1765 eis
1105 1738 1138 1764 δι.
1159 1747 1167 1763 ι
1195 1737 1230 1763 Ει
1259 1737 1317 1771 ipso
1345 1736 1537 1762 universorum
1569 1735 1640 1761 Deus
1665 1734 1698 1761 ad
1716 1734 1791 1760 hunc

1001 1784 1090 1818 ipsum
1106 1783 1268 1817 prophetam
1284 1790 1291 1807 ι
1308 1791 1316 1806 ι
1329 1781 1424 1813 'Dices,
1443 1781 1542 1815 inquit,
1559 1779 1592 1806 ad
1608 1780 1789 1811 Pharaonem.

1001 1830 1086 1857 Filius
1109 1835 1186 1855 meus
1200 1827 1397 1862 primogenitus
1413 1826 1537 1853 Israel".
1557 1834 1565 1851 ι
1587 1825 1621 1852 Ει
1643 1826 1671 1851 in
1694 1832 1792 1860 magno

1001 1875 1067 1902 item
1083 1873 1196 1901 Cantico
1213 1882 1219 1899 :
1240 1882 1249 1897 ‹
1263 1872 1414 1904 Ltetanlini,
1424 1876 1528 1906 gentes,
1538 1879 1600 1897 eum
1611 1871 1711 1906 populo
1720 1871 1789 1905 ejus.

1001 1925 1029 1947 et
1045 1918 1236 1947 confortentur
1264 1918 1290 1944 ei
1307 1925 1402 1944 omnes
1417 1917 1464 1943 ﬁlii
1481 1917 1529 1943 Dei
1542 1916 1576 1942 ⁸³.
1597 1925 1605 1941 ›
1622 1916 1675 1942 Per
1694 1916 1791 1943 Isaiam

1001 1973 1067 1993 vero
1081 1965 1243 2000 prophetam
1258 1963 1325 1990 dicit
1338 1972 1344 1989 :
1362 1972 1371 1988 ι
1385 1963 1468 1989 Filios
1482 1961 1638 1989 enutrivi‘et
1653 1961 1768 1989 exaltavi
1783 1970 1790 1988 :

1002 2010 1053 2045 ipsi
1073 2014 1162 2037 autem
1180 2012 1342 2044 spreverunt
1359 2015 1402 2034 me
1410 2007 1441 2034 ".
1459 2016 1468 2032 ›
1484 2007 1517 2033 Ει
1536 2015 1586 2042 per
1603 2006 1792 2034 beatissimum

1001 2057 1132 2084 Davidem
1152 2065 1158 2082 τ
1177 2065 1185 2080 ι
1207 2055 1263 2090 Ego
1286 2053 1343 2080 dixi
1363 2062 1369 2080 :
1387 2053 1429 2080 Dii
1454 2053 1532 2085 estis,
1555 2057 1583 2080 et
1614 2051 1662 2078 ﬁlii
1683 2052 1791 2079 Excelsi

1002 2110 1097 2130 omnes
1109 2102 1141 2128 θ’.
1158 2111 1167 2126 ι
1185 2101 1285 2128 Paulus
1300 2105 1390 2127 autem
1405 2098 1623 2134 sapientissimus
1641 2097 1674 2125 ad
1690 2098 1790 2125 Roma-

1002 2157 1052 2176 nos
1069 2147 1178 2182 scripsit
1203 2147 1232 2174 in
1254 2146 1328 2174 hunc
1348 2145 1459 2172 modum
1475 2153 1481 2171 :
1499 2154 1508 2170 ι
1527 2143 1689 2178 Quicunque
1717 2143 1791 2170 cnim

164 2193 269 2224 [Ιαῦλος
292 2192 436 2227 Ῥωμαίοις
451 2192 500 2228 μὲν
517 2192 654 2226 γέγραφεν
671 2191 769 2223 οὕτως’
788 2201 797 2216 ι
810 2192 885 2218 Ὅσοι
896 2192 945 2228 γὰρ

1003 2195 1105 2230 Spiritu
1118 2194 1164 2221 Dei
1181 2197 1308 2228 aguntur,
1328 2191 1346 2218 ii
1360 2195 1423 2218 sunt
1444 2191 1490 2217 ﬁlii
1506 2190 1564 2218 Dei.
1580 2190 1640 2217 Non
1654 2189 1728 2216 enim
1745 2196 1791 2216 ac-

164 2238 302 2273 Πνεύματι
329 2238 396 2264 Θεοῦ
420 2238 542 2272 ἄγονται,
560 2235 632 2264 οὗτοί
652 2238 720 2263 εἰσιν
743 2238 796 2263 υἱοὶ
816 2237 894 2263 Θεοῦ.
913 2237 949 2263 Οὐ

164 2283 218 2318 γὰρ
234 2283 344 2310 ἐλάϐετε
359 2282 466 2318 πνεῦμα
486 2282 607 2314 δουλείας
630 2282 711 2309 πάλιν
731 2283 771 2314 εἰς
787 2282 877 2316 φόϐον,
893 2282 950 2309 ἀλλ’

164 2328 273 2355 ἐλάϐετε
298 2328 408 2363 πνεῦμα
429 2327 574 2360 υἱοθεσίας,
598 2323 661 2361 ἐνῷ
690 2327 844 2362 κράζομεν·
867 2327 952 2354 Ἀὄϐᾶ

164 2375 177 2400 ό
190 2375 294 2410 Πατήρ.
309 2375 379 2401 Αὐτὸ
391 2375 421 2401 τὸ
435 2375 542 2410 πνεῦμα
555 2376 746 2410 συμμαρτυρεί
760 2375 798 2409 τῷ
813 2374 950 2410 πνεύματι

167 2420 252 2456 ἡμῶν,
270 2421 310 2447 ὅτι
333 2420 416 2455 ἐσμὲν
433 2421 516 2447 τέκνα
537 2421 614 2448 Θεοῦ.
629 2421 660 2447 El
673 2421 700 2447 δὲ
713 2420 806 2452 τέκνα,
825 2421 870 2446 καλ¹
885 2420 949 2455 κλη⁴

166 2466 284 2502 ρονόμοι,
315 2467 479 2502 κληρονόμοι
506 2466 554 2501 μὲν
576 2466 655 2498 Θεοῦ,
684 2467 901 2501 συγχληρονόμοι
923 2466 951 2492 δὲ

164 2512 293 2549 Χριστοῦ,
308 2513 389 2548 εἴπερ
409 2512 615 2548 συμπάσχομεν,
640 2513 683 2539 ἵνα
702 2513 749 2538 καὶ
769 2511 952 2544 συνδοξασθῶ-

167 2568 226 2594 μεν.
238 2569 247 2585 ›
262 2559 397 2590 Γαλάταις
411 2558 439 2585 δὲ
455 2558 620 2585 ἐπιστέλλων
639 2558 725 2588 οὕτως
736 2558 788 2592 ἔφη
802 2566 808 2573 ·
826 2568 834 2583 ι
851 2559 910 2584 Ὅτι
922 2558 950 2583 δέ

165 2606 225 2631 ὲστε
241 2605 305 2637 υἱοὶ,
319 2604 510 2636 ἐξαπέστειλεν
529 2606 543 2630 ὁ
558 2604 624 2636 Θεὸς
641 2603 671 2630 τὸ
687 2604 799 2639 Πνεῦμα
816 2603 863 2630 τοῦ
884 2603 950 2630 Υἱοῦ

166 2651 246 2678 αὐτοῦ
260 2652 300 2682 εἰς
319 2651 368 2682 τὰς
387 2651 500 2687 καρδίας
513 2650 598 2686 ὑμῶν,
615 2649 715 2686 κράζον
728 2658 735 2665 ο
755 2649 840 2676 ’Λέλϐᾶ
861 2651 874 2675 ὁ
893 2650 949 2675 Πα-

205 2729 226 2745 ⁵⁶
244 2729 322 2756 Rom.
338 2738 356 2760 ι.
374 2730 429 2757 1-4.
485 2728 508 2745 ⁸⁷
528 2729 607 2755 Rom.
626 2736 662 2758 Ix,
692 2728 717 2755 5.

166 2765 188 2781 "
200 2766 285 2792 Exod.
301 2774 337 2797 IV,
350 2765 394 2792 2⁵2.
433 2764 456 2780 ⁵⁸
468 2764 547 2791 Deut.
566 2772 646 2795 xxx",
658 2763 701 2790 45.
742 2763 763 2778 "
780 2763 831 2790 Isa.
844 2771 861 2794 ι,
874 2763 901 2788 2.

202 2843 257 2880 (‘22)
276 2824 413 2878 σολλέγειν
431 2842 582 2878 μαρτυρίας
595 2842 734 2877 γράψοντα
751 2842 806 2873 τοῖς
831 2841 914 2875 Neap.

775 2728 797 2743 ⁸⁸
811 2727 865 2754 Tit.
884 2735 912 2758 ιι,
931 2726 973 2753 15.
1029 2726 1051 2741 ⁸³³
1066 2726 1166 2760 Εριιοε.
1184 2733 1200 2750 ν

780 2763 831 2790 Isa.
844 2771 861 2792 ι,
874 2763 901 2788 2.
942 2762 963 2777 ⁸⁸
981 2761 1050 2787 Psal.
1069 2768 1156 2792 LXXXI,
1173 2760 1200 2786 6.

999 2240 1109 2275 cepistis
1125 2239 1253 2274 spiritum
1263 2237 1405 2265 servitutis
1419 2236 1519 2262 iterum
1539 2235 1565 2262 in
1586 2235 1727 2266 timorem,
1743 2233 1791 2261 sed

999 2284 1143 2320 accepistis
1150 2283 1275 2318 spiritum
1282 2281 1478 2316 adoptionis,in
1486 2288 1539 2315 quo
1545 2280 1693 2306 clamamus
1701 2288 1707 2305 :
1714 2278 1791 2305 Abba

1000 2332 1090 2358 Pater.
1119 2330 1180 2364 Ipse
1207 2328 1319 2364 spiritus
1343 2326 1530 2354 testimonium
1562 2325 1652 2353 reddit
1683 2324 1791 2360 spiritui

1000 2379 1105 2405 nostro,
1119 2373 1191 2408 quod
1203 2381 1298 2400 sumus
1315 2371 1363 2398 ﬁlii
1375 2371 1432 2398 Dei.
1447 2371 1476 2398 Si
1487 2375 1577 2397 autem
1593 2371 1651 2402 ﬁlii,
1667 2374 1695 2397 et
1706 2370 1793 2397 luere-

1004 2420 1062 2451 (les,
1072 2420 1195 2446 hacredes
1208 2418 1319 2453 quidem
1332 2417 1391 2449 Dei,
1404 2416 1559 2444 cohaeredcs
1569 2420 1659 2442 autem
1670 2415 1791 2447 Christi;

1002 2467 1023 2494 si
1050 2470 1140 2492 tamen
1169 2464 1366 2499 eompatimur,
1392 2467 1423 2489 ut
1445 2466 1472 2489 et
1503 2461 1750 2496 eongloriﬁcemur.
1778 2470 1788 2485 ι

1003 2512 1036 2538 Ει
1060 2512 1093 2538 ad
1110 2511 1220 2538 Galatas
1235 2510 1360 2537 scribens
1378 2508 1417 2535 sic
1435 2508 1472 2535 ait
1490 2516 1497 2534 :
1517 2517 1526 2533 ι
1543 2506 1678 2539 Quoniam
1700 2510 1791 2533 autem

1002 2558 1069 2584 estis
1096 2556 1155 2588 ﬁlii,
1174 2556 1248 2583 misit
1273 2556 1345 2582 Deus
1361 2554 1493 2589 Spiritum
1512 2552 1572 2579 Filii
1598 2552 1639 2579 sui
1658 2552 1686 2578 in
1706 2551 1789 2578 corda

1001 2607 1091 2629 vestra
1104 2601 1287 2629 clamantem:
1306 2599 1381 2627 Abba
1398 2599 1490 2626 Pater.
1512 2598 1604 2632 Itaque
1616 2598 1671 2632 jam
1691 2604 1745 2623 non
1764 2604 1793 2624 es

1005 2648 1110 2683 1263
1131 2655 1237 2679 servus,
1259 2645 1306 2673 sed
1327 2645 1409 2672 ﬁlius.
1428 2644 1538 2677 Quodsi
1559 2643 1640 2675 ﬁlius,
1654 2647 1682 2669 et
1702 2642 1789 2669 hreres

1309 2723 1330 2739 '°
1347 2723 1412 2750 an.
1429 2731 1457 2755 ιι,
1477 2721 1516 2748 li.
1574 2721 1596 2736 “
1611 2720 1680 2747 Gen.
1715 2727 1751 2752 vt,
1764 2717 1793 2750 2,

1029 2725 1051 2741 ⁸³³
1066 2725 1166 2760 Ephes.
1184 2733 1210 2756 ν,
1227 2725 1252 2752 5.

1025 2839 1080 2875 (23)
1101 2838 1148 2874 μέν
1166 2837 1243 2865 abest
1259 2846 1273 2864 a
1289 2837 1373 2872 Neap.
