1945 3058
129 117 197 149 1599

613 114 858 144 TIIEODORE'TI
878 113 1047 143 EPlSCOPI
1066 112 1247 143 CYRENSIS

1690 107 1758 139 1400

129 171 177 198 Dei
195 178 245 205 per
261 169 354 197 Jesum
369 168 509 197 Christum
524 168 556 195 ".
567 178 576 193 ι
597 168 699 195 Eadem
716 168 798 195 etiam
824 167 918 195 docuit

979 168 1032 203 τήρ.
1051 168 1132 194 Ὥστε
1154 168 1244 193 οὐκέτι
1267 164 1293 193 εἷ
1307 166 1410 197 δοῦλος,
1431 165 1488 192 ἀλλ’
1512 165 1568 196 υἱός
1580 171 1587 178 “
1601 164 1625 190 εί
1642 163 1670 190 δὲ
1687 163 1754 194 υίὸς,

129 216 264 250 Ephesios
280 224 285 242 :
302 225 311 241 ι
330 215 399 248 Quia
418 215 445 242 in
460 215 605 246 charitate,
620 214 719 249 inquit,
740 213 918 249 praedestina-

130 262 170 288 vit
183 269 234 288 nos
249 261 277 288 in
295 261 470 296 adoptionem
481 260 600 287 ﬁliorum
614 268 664 295 per
676 260 768 287 Iesum
779 259 919 287 Christum

131 307 160 333 in
176 307 267 341 ipsum
280 307 313 332 ".
336 316 344 331 ι
362 306 391 333 Si
407 314 481 341 ergo,
496 306 560 341 quia
577 314 723 334 commune
748 311 790 334 est
817 314 919 333 nomen

130 352 243 384 Christi,
263 352 417 387 gloriﬁcare
433 352 573 379 Christum
591 360 644 379 non
657 357 766 388 oportet
779 356 809 379 ut
822 353 919 385 Deum,

131 405 220 433 neque
240 402 269 425 ut
281 397 380 425 Filium
400 398 476 425 illum
491 398 679 430 adorabimus,
693 399 757 434 quia
773 399 851 425 multi
868 399 921 426 hoc

130 452 240 480 quoque
262 452 361 471 nomen
380 444 471 471 sortiti
500 448 573 472 sunt.
592 445 626 472 Et
655 444 721 479 quid
749 444 812 471 dico
840 444 921 471 Filii?

130 489 222 524 Ipsum
242 489 316 516 enim
332 489 381 516 Dei
399 497 501 516 nomen
525 489 604 516 multi
618 497 634 516 a
658 490 714 516 Deo
732 489 825 516 datum
842 497 920 516 acce-

130 542 206 569 pere.
230 543 238 560 ι
262 535 335 562 Deus
356 535 470 562 deorum
488 535 620 562 Dominus
640 535 750 562 locutus
763 539 816 568 est,
834 540 862 562 et
874 543 922 562 vo-

131 580 204 607 cavit
229 583 330 607 terram
341 580 375 607 ".
391 590 400 606 ›
427 581 458 607 Et
476 590 482 607 :
503 591 512 606 ι
533 581 589 616 Ego
616 580 672 607 dixi
693 590 699 607 :
717 580 759 608 Dii
778 582 845 608 estis
857 581 891 614 ⁸⁸,
909 591 918 606 ι

131 627 141 636 ⁹
155 631 183 653 et
201 635 208 652 :
227 635 236 652 ι
252 626 310 653 Diis
323 634 378 653 non
395 626 524 654 dctrahes
540 627 572 653 ⁸ο.
592 637 601 652 ›
623 627 700 653 Multi
724 627 806 654 etiam
829 627 920 654 subri~

132 672 240 707 pientes
255 672 309 699 hoc
326 672 379 699 sibi
396 673 561 700 vocabulum
580 672 766 700 vindicarunt.
783 672 834 706 Qui
847 673 920 700 enim

132 718 260 746 homines
286 718 457 753 deceperunt
479 718 617 746 dmmones
640 725 741 745 nomen
764 718 817 746 hoc
842 719 922 746 idolis

133 764 335 799 imposuerunt.
348 763 426 791 Unde
436 763 536 791 clamat
546 763 680 792 Jeremias
693 774 700 792 :
717 775 725 790 ι
740 764 794 796 Dii,
805 765 852 799 qui
868 772 923 792 ca:-

133 809 174 836 los
183 813 212 836 et
224 813 324 837 terram
345 817 400 836 non
418 809 552 842 fecerunt,
567 814 681 845 pereant
694 811 728 838 de
745 815 829 842 terra,
846 815 874 838 ct
887 811 922 838 de

133 854 178 880 his
197 861 257 888 qua;
271 853 322 880 sub
335 853 405 881 cmlo
421 857 487 881 sunt
500 854 533 881 σι.
549 864 558 879 ι
575 854 610 881 Et
621 853 721 881 iterum
740 864 746 881 :
764 865 772 880 (
789 855 923 882 Fecerunt
938 849 958 876 Β

134 900 185 928 sibi
201 900 269 927 deos
284 904 439 935 argenteos,
463 903 490 928 et
513 900 579 928 deos
595 902 734 928 aureos".
749 910 758 927 ι
777 901 812 928 Et
827 901 922 933 lsaias,

134 953 197 973 cum
222 945 359 972 idolorum
375 950 542 974 structuram
561 946 713 978 derisisset,
733 947 922 982 dixissetque:

136 1002 146 1017 ι
170 992 288 1019 Medium
310 993 370 1027 ejus
395 992 548 1020 combussit
574 993 640 1027 igni,
666 997 694 1020 et
718 1000 780 1020 cum
806 993 925 1020 coxisset

133 1044 240 1069 carnes,
258 1037 387 1069 comedit,
407 1042 434 1064 et
451 1037 519 1064 dixit
535 1047 541 1064 ς
561 1037 620 1065 Vah
642 1037 790 1064 calefactus
810 1045 880 1068 sum,
896 1041 924 1064 et

134 1082 189 1109 vidi
208 1082 300 1110 focum
310 1083 349 1116 ⁶³;
366 1093 376 1108 ι
397 1086 455 1110 tum
472 1083 610 1118 subjecit:
630 1093 638 1108 ι
657 1083 803 1118 Reliquum
830 1087 922 1109 autem

134 1126 194 1161 ejus
206 1126 270 1153 fecit
286 1127 368 1154 deum
381 1131 408 1154 et
421 1127 548 1162 sculptile
565 1127 629 1159 sibi,
644 1131 672 1154 et
688 1127 784 1154 adorat
795 1127 862 1154 illud
880 1127 923 1154 di-

135 1180 201 1199 cens
213 1181 219 1199 :
231 1172 331 1200 Libera
346 1181 400 1206 me,
417 1173 482 1208 quia
497 1173 567 1200 deus
588 1181 666 1200 meus
677 1181 707 1200 es
721 1179 750 1200 tu
764 1174 795 1200 εδ.
817 1183 825 1198 ι
839 1173 925 1206 Quam

135 1217 171 1244 ob
188 1225 298 1244 causam
310 1218 407 1253 lugens
422 1218 483 1245 illos
503 1218 562 1245 ait:
580 1227 589 1243 α
608 1218 682 1245 Scito
702 1218 776 1252 quod
800 1218 869 1245 cinis
885 1222 928 1245 est

135 1271 184 1290 eor
197 1271 295 1290 eorum
305 1264 337 1290 ⁶⁵.
350 1273 359 1289 ι
374 1264 408 1290 Ει
424 1264 578 1291 carminum
591 1263 691 1291 artifex
709 1263 795 1291 David
809 1264 926 1298 psallere

136 1317 187 1337 nos
199 1309 309 1337 docuit:
321 1319 329 1334 ι
341 1309 475 1343 Quoniam
487 1317 583 1337 omnes
595 1309 632 1336 dii
647 1308 770 1343 gentium
781 1308 926 1341 dminonia,

135 1356 269 1384 Dominus
285 1360 375 1384 autem
388 1356 472 1384 caelos
487 1355 553 1383 fecit
565 1357 598 1382 “.
616 1365 624 1382 ι

136 1401 180 1427 6ὶό
195 1401 306 1435 ψάλλειν
327 1403 402 1438 ἡμᾶς
429 1401 564 1434 ἐδίδαξεν·

136 1447 272 1483 ἐποίησεν.
283 1458 293 1475 ι

170 1495 307 1523 Caeterum
325 1495 360 1523 iis
375 1496 422 1531 qui
442 1496 572 1531 pietatem
590 1497 682 1524 colere
709 1501 812 1524 norunt
839 1496 926 1523 nomi-
940 1497 961 1526 (ι

136 1548 203 1567 num
219 1541 400 1575 tequivocatio
420 1541 490 1568 nihil
509 1541 603 1568 oliicit.
630 1541 739 1569 Scimus
758 1541 831 1568 enim
852 1541 926 1575 quod

136 1586 274 1614 daemones
288 1586 341 1613 sibi
356 1586 422 1621 ipsis
435 1590 462 1613 et
480 1587 560 1614 idolis
582 1587 687 1622 1267
706 1587 774 1614 falso
805 1586 926 1613 divinam

137 1632 348 1667 appellationem
375 1632 537 1664 indiderint,
563 1633 650 1660 sancti
672 1641 738 1660 vero
751 1632 825 1660 hunc
838 1633 926 1659 hono-

138 1686 197 1705 rem
217 1678 305 1713 gratia
326 1678 381 1705 sint
404 1678 495 1713 adepti
514 1687 521 1705 :
539 1686 636 1705 revera
652 1684 743 1706 autem
762 1679 813 1705 hac
829 1683 928 1706 natura

137 1723 225 1750 Deum
240 1730 300 1750 esse
315 1723 400 1749 Deum
416 1723 618 1755 universorum,
635 1727 663 1750 et
677 1723 847 1758 unigenitum
868 1724 929 1758 ejus

138 1767 249 1800 Filium,
265 1772 293 1794 et
309 1767 441 1803 Spiritum
463 1774 599 1796 sanctum.
614 1768 703 1803 Atque
716 1769 769 1796 hoc
784 1769 928 1804 perspicue

139 1812 344 1841 landatissimus
357 1813 458 1841 Paulus
473 1821 524 1842 nos
536 1813 640 1842 docuit.
664 1814 730 1849 Ejus
750 1814 825 1841 enim
845 1814 928 1841 verba

140 1863 224 1886 sunt:
247 1859 338 1886 oNam
367 1859 420 1886 etsi
447 1863 513 1886 sunt
538 1859 586 1894 qui
614 1859 742 1887 dicantur
768 1860 807 1886 dii
836 1859 927 1893 multi,

140 1905 197 1933 sive
210 1905 238 1932 in
254 1905 334 1938 cutio,
348 1905 405 1932 sive
418 1905 445 1932 in
459 1909 531 1933 terra
545 1905 694 1941 (siquidem
708 1909 773 1934 sunt
785 1905 823 1933 dii
837 1906 927 1939 multi,

140 1954 169 1978 et
185 1950 289 1977 domini
310 1951 411 1986 multi),
426 1951 506 1979 nobis
519 1956 611 1979 tamen
622 1959 694 1979 unus
708 1951 780 1979 Deus
793 1952 884 1982 Pater,
895 1960 930 1979 ex

141 2003 196 2031 quo
211 1995 314 2036 omnia,
330 1999 358 2024 et
376 2004 427 2024 nos
444 1996 472 2024 in
491 1997 567 2024 illum
582 2005 588 2024 :
609 2001 636 2024 et
653 2004 725 2024 unus
734 1997 867 2024 Dominus
883 1997 929 2024 Je-

141 2051 189 2070 sus
204 2042 341 2077 Christus,
354 2051 403 2078 per
412 2051 494 2078 quem
507 2044 610 2076 omnia,
622 2048 650 2071 et
664 2051 715 2071 nos
727 2052 776 2079 per
789 2044 865 2072 illum
878 2044 926 2071 ⁸⁷.»

143 2088 262 2124 Spiritus
278 2096 388 2124 quoque
406 2089 454 2116 Dei
474 2092 586 2117 sanctus
602 2094 716 2117 vocatur
735 2090 866 2125 Spiritus,
882 2090 930 2118 sed

141 2138 170 2162 et
199 2134 320 2162 hominis
344 2135 427 2162 etiam
442 2135 543 2162 anima.
563 2145 571 2161 ι
587 2135 689 2168 Exibit,
706 2136 804 2171 inquit,
817 2136 931 2171 spiritus

968 214 1015 240 καὶ
1036 213 1205 248 κληρονόμος
1225 212 1293 239 Θεοῦ
1319 211 1362 238 διὰ
1384 211 1470 246 Ἰησοῦ
1495 209 1645 245 Χριστοῦ.»
1665 208 1756 235 Ταῦτα

968 260 997 286 δὲ
1010 260 1056 286 καὶ
1078 259 1217 294 Ἐφεσίους
1239 258 1376 291 ἐδίδαξεν·
1400 267 1408 283 ι
1428 258 1473 284 Ἐν
1489 257 1583 291 ἀγάπῃ
1598 255 1664 290 γὰρ,
1679 255 1756 289 φησὶ.

970 305 1117 341 προορίσας
1141 305 1215 341 ἡμᾶς
1238 306 1277 336 εἰς
1303 304 1440 331 υἱοθεσίαν
1460 302 1504 329 διὰ
1526 301 1614 338 Ἰησοῦ
1639 300 1757 336 Χριστοῦ

971 352 1009 382 εἰς
1022 350 1112 376 αὐτόν.
1127 360 1136 376 ι
1154 351 1184 376 Ei
1197 349 1296 381 τοίνυν,
1313 349 1373 376 ἐπεὶ
1385 348 1473 375 κοινόν
1490 349 1548 374 ἐστι
1561 347 1591 373 τὸ
1609 347 1695 381 ΰνομα
1711 345 1758 372 τοῦ

970 395 1100 432 Χριστοῦ,
1118 395 1242 428 δοξάζειν
1260 396 1290 422 οὐ
1310 396 1350 421 δεῖ
1377 395 1423 421 τὸν
1437 395 1552 430 Χριστὸν
1568 393 1605 424 ὡς
1618 393 1694 424 Θεὺν,
1708 400 1759 427 μη-

969 441 998 469 δὲ
1015 442 1053 474 ὡς
1069 441 1132 468 Υἱὸν
1147 441 1228 468 αὐτὸν
1245 441 1488 477 προσκυνήσομεν⁹
1511 438 1604 470 πολλοὶ¹
1631 437 1685 472 γὰρ
1712 436 1758 463 καὶ

970 487 1047 513 τοῦδε
1075 486 1221 522 μετέλαχον
1247 486 1294 513 τοῦ
1317 485 1460 520 ὀνόματος.
1483 484 1538 510 Καὶ
1561 483 1587 509 τί
1616 483 1689 516 λέγω
1711 481 1759 508 τοῦ

972 532 1053 563 Ἠοῦς
1070 532 1155 567 αὐτὴν
1171 532 1225 566 γὰρ
1244 532 1294 567 τὴν
1314 531 1380 562 Θεὸς
1400 529 1585 565 προσηγορίαν
1603 527 1696 554 πολλοὶ
1711 526 1762 560 μὲν

971 577 1068 605 ἐλαὸον
1082 578 1129 604 τοῦ
1147 578 1214 604 Θεοῦ
1226 577 1382 608 δεδωκότος.
1404 586 1412 602 ι
1424 576 1489 607 Θεὸς
1500 575 1569 602 θεῶν
1583 574 1684 610 Κύριος
1699 573 1756 599 ἐλά·
1791 582 1795 584 ·

972 625 1048 659 λησε,
1062 624 1110 650 καὶ⁸
1133 623 1246 650 ἐκάλεσε
1266 623 1316 659 τὴν
1341 622 1404 657 γῆν.
1421 632 1430 647 ι
1460 622 1529 649 Καί’
1562 631 1571 647 ι
1589 619 1659 654 Ἐγὼ
1677 619 1759 645 εἶπα·

974 670 1034 697 Θεοί
1057 671 1129 696 ἐστε.
1143 679 1150 695 ι
1171 670 1240 696 Καί·
1260 670 1361 701 «Θεοὺς
1380 669 1410 695 οὐ
1424 668 1630 703 κακολογήσεις.
1646 676 1656 692 ι
1667 665 1762 693 Πολλοὶ

972 716 1002 743 δὲ
1023 716 1071 743 καὶ
1087 716 1260 752 ἁρπάσαντες
1281 715 1360 749 τήνδε
1373 714 1422 750 τὴν
1436 713 1533 748 κλῆσιν
1552 713 1711 748 ἐσχήκασιν.
1730 711 1762 737 Οἱ

972 762 1027 798 γὰρ
1042 763 1104 794 τοὺς
1120 761 1280 798 ἀνθρώπους
1300 761 1526 795 ἐξαπατήσαντες
1549 759 1678 794 δαίμονες
1705 758 1762 788 τοῖς

973 808 1093 839 εἰδώλοις
1111 808 1187 843 τήνδε
1211 807 1259 843 τὴν
1285 807 1474 843 προσηγορίαν
1503 805 1648 832 ἐπέθεσαν.
1673 800 1710 830 Οῦ
1730 802 1762 837 δὴ

972 854 1052 889 χάριν
1076 854 1212 890 Ἱερεμίας
1227 853 1292 889 βοᾷ-
1315 862 1324 878 ι
1340 853 1413 885 Θεοὶ,
1429 853 1454 879 οἳ
1469 852 1514 879 τὸν
1529 851 1642 887 οὐρανὸν
1654 849 1701 876 καὶ
1714 849 1762 884 τὴν

972 901 1024 934 γῆν
1044 900 1095 926 οὐκ
1112 900 1253 933 ἐποίησαν,
1270 898 1468 926 ἀπολέσθωσαν
1482 897 1537 924 ἀπὸ
1552 895 1697 931 προσώπου
1711 893 1763 928 τῆς

972 946 1033 980 γῆς.
1049 946 1096 972 καὶ
1113 945 1167 972 ἀπὸ
1189 945 1336 981 προσώπου
1355 944 1402 970 τοῦ
1420 943 1545 979 οὐρανοῦ,
1558 953 1567 967 ι
1589 943 1645 968 Καὶ
1662 940 1743 966 πάλιν
1754 947 1762 953 ·

979 992 1125 1026 Ἐποίησαν
1147 991 1254 1022 ἑαυτοῖς
1279 990 1357 1021 θεοὺς
1382 988 1520 1024 ἀργυροῦς
1539 987 1586 1014 καιὶ
1604 986 1681 1016 θεοὺς
1697 993 1764 1019 χρυ-

975 1038 1049 1069 σοῦς.
1061 1047 1069 1062 I
1087 1037 1143 1064 Καὶ
1157 1038 1171 1063 ὁ
1189 1037 1303 1068 Ἡσαΐας
1322 1035 1492 1071 κωμῳδήσας
1510 1034 1559 1068 τὴν
1575 1033 1629 1059 τῶν
1646 1031 1763 1058 εἰδώλων

974 1084 1167 1118 κατασκευὴν,
1188 1081 1323 1118 εἰρηκὼς,
1343 1083 1384 1108 ὅτι
1410 1081 1466 1107 ιΤδ
1479 1081 1567 1115 ἥμισυ
1591 1077 1673 1105 αὑτοῦ
1701 1085 1763 1103 κατ-

977 1129 1092 1156 έκαυσεν
1107 1130 1135 1154 ἐν
1150 1129 1226 1163 πυρὶ,
1243 1128 1290 1154 καὶ
1307 1128 1429 1162 ὀπτήσας
1446 1126 1528 1161 κρέας
1548 1125 1643 1160 ἔφαγε,
1659 1122 1706 1150 καὶ
1723 1119 1762 1147 εἷ-

978 1183 1027 1201 πεν
1037 1183 1044 1190 ’
1069 1173 1131 1201 Ἡδύ
1148 1182 1193 1209 μοι
1210 1174 1250 1200 ὅτι
1262 1172 1445 1208 ὲθερμάνθην,
1461 1172 1507 1198 καὶ
1518 1169 1588 1197 εἶδον
1600 1169 1658 1204 φῶς
1670 1188 1677 1200 ,
1689 1178 1697 1193 ι
1717 1167 1764 1194 καὶ

975 1220 1116 1256 ἐπήγαγε·
1149 1219 1206 1246 «Τὸ
1231 1219 1260 1245 δὲ
1285 1218 1378 1245 λοιπὸν
1406 1217 1521 1252 ἔγλυψεν
1546 1216 1583 1248 ὡς
1607 1215 1683 1246 Θεὸν,
1716 1212 1764 1256 και

975 1266 1124 1301 προσκυνεῖ
1139 1264 1214 1300 αὑτῴ
1227 1264 1314 1298 λέγων
1324 1272 1331 1279 ⁸
1357 1263 1463 1295 Ἐξελοῦ
1483 1271 1529 1297 με,
1547 1262 1587 1288 ὅτι
1602 1260 1663 1291 θεός
1675 1268 1725 1294 μου
1739 1255 1765 1284 εἷ

976 1311 1018 1338 σύ.
1035 1321 1044 1337 ι
1058 1308 1095 1338 Οὖ
1113 1311 1144 1346 δὴ
1157 1311 1238 1346 χάριν
1255 1310 1353 1340 αὐτοὺς
1370 1309 1535 1345 ὀδυρόμενος
1550 1307 1625 1341 λέγει
1637 1314 1644 1322 ·
1662 1303 1766 1331 «Γνῶθι

976 1358 1018 1384 ὅτι
1032 1357 1129 1388 σποδὸς
1139 1357 1156 1392 ἡ
1171 1356 1269 1391 καρδία
1287 1356 1388 1382 αὐτῶν.
1405 1356 1461 1382 Καὶ
1473 1355 1486 1381 ὁ
1507 1352 1650 1389 μελοποιὸς
1671 1351 1700 1378 δὲ
1713 1351 1766 1376 Δα-

606 1402 690 1429 (Ὂτι
715 1402 815 1434 πάντες
841 1403 865 1428 οἱ
904 1401 961 1429 θεοὶ
980 1404 1034 1430 τῶν
1065 1403 1149 1430 ἐθνῶν
1178 1403 1315 1438 δαιμόνια,
1333 1403 1348 1429 ὁ
1372 1402 1400 1429 δὲ
1423 1401 1525 1437 Κύριος
1548 1400 1612 1432 τοὺς
1636 1397 1768 1434 οὐρανοὺς

1020 1495 1099 1521 Ἀλλὰ
1118 1495 1149 1521 τὸ
1166 1495 1220 1521 τῶν
1241 1494 1379 1529 ὀνομάτων
1398 1493 1542 1528 ὁμώνυμον
1559 1492 1634 1518 οὐδὲν
1651 1493 1706 1522 τοῖς
1723 1491 1768 1517 εὑ-

981 1541 1070 1568 σεῧεῖν
1088 1541 1280 1576 ἐπισταμένοις
1301 1540 1471 1575 λυμαίνεται.
1499 1540 1594 1573 Ἴσμεν
1619 1538 1673 1573 γὰρ
1687 1537 1724 1568 ὡς
1743 1537 1768 1563 οἱ

980 1588 1105 1624 δαίμονες
1121 1588 1228 1623 ψευδῶς
1245 1587 1337 1622 σφίσιν
1353 1596 1382 1613 τε
1400 1588 1492 1618 αὐτοῖς
1512 1588 1559 1613 καὶ
1579 1587 1635 1618 τοῖς
1647 1585 1769 1616 εἰδώλοις

980 1633 1031 1668 τὴν
1048 1634 1123 1660 θείαν
1137 1633 1323 1669 προσηγορίαν
1336 1632 1470 1659 ἐπέθεσαν
1483 1642 1488 1648 ·
1504 1633 1528 1659 0i
1547 1632 1574 1658 δὲ
1587 1632 1660 1666 amo;
1676 1631 1770 1665 χάριτι

980 1679 1083 1713 ταύτην
1104 1679 1228 1711 ἐδέξαντο
1249 1679 1300 1714 τὴν
1317 1679 1415 1714 τιμήν·
1435 1678 1545 1713 ἀληθῶς
1571 1677 1601 1704 δὲ
1623 1677 1671 1703 καὶ
1689 1677 1770 1711 φύσει

981 1723 1047 1754 Θεὸς
1064 1724 1078 1749 ὁ
1092 1723 1146 1750 τῶν
1164 1723 1233 1750 ὅλων
1247 1724 1324 1755 Θεὸς,
1340 1724 1388 1750 καὶ
1401 1723 1415 1749 ὁ
1431 1722 1578 1758 μονογενὴς
1593 1721 1676 1758 αὑτοῦ
1693 1721 1769 1753 Υἱὸς,

982 1770 1073 1796 καὶτὸ
1090 1769 1362 1805 πανάγιονίῐῐνεῦμα.
1381 1770 1435 1796 Καὶ
1452 1769 1532 1795 τοῦτο
1552 1768 1647 1802 σαφῶς
1666 1768 1681 1794 ὀ
1702 1776 1770 1793 παν-

982 1815 1106 1851 εύιρημος
1138 1815 1256 1848 ἐδίδαξεν
1284 1816 1358 1851 ἡμᾶς
1383 1814 1498 1846 Παῦλος.
1524 1814 1594 1849 Φησὶ
1610 1813 1639 1840 δὲ
1663 1813 1768 1844 οὕτως·

986 1872 995 1888 ι
1007 1862 1061 1888 Καὶ
1076 1863 1130 1897 γὰρ
1149 1863 1229 1898 εἷπερ
1244 1863 1298 1889 εἰσὶ
1317 1861 1459 1897 λεγόμενοι
1476 1861 1534 1888 θεοὶ
1553 1861 1656 1893 πολλοὶ,
1675 1861 1729 1886 εἴτε
1742 1860 1771 1885 ἐν

983 1908 1100 1944 οὐρανῷ,
1118 1909 1173 1935 εἴτε
1195 1909 1241 1935 ἐπὶ
1261 1909 1324 1944 γῆς,
1349 1909 1444 1945 ὥσπερ
1459 1909 1512 1935 εἰσὶ
1533 1908 1589 1934 θεοὶ
1608 1907 1711 1938 πολλοὶ,
1723 1906 1771 1933 καὶ

983 1954 1074 1990 κύριοι
1095 1954 1199 1988 πολλοὶ,
1217 1955 1275 1981 ἀλλ’
1291 1956 1357 1990 ἡμῖν
1374 1952 1415 1986 εἷς
1427 1954 1493 1991 Θεὸς
1505 1955 1519 1980 ὁ
1532 1953 1637 1988 Πατὴρ,
1650 1953 1680 1985 ἐξ
1692 1949 1721 1979 οὗ
1736 1952 1771 1978 τὰ

983 2002 1083 2034 πάντα,
1096 2001 1142 2028 καὶ
1157 2002 1239 2036 ἡμεῖς
1252 2002 1291 2032 εἰς
1314 2001 1394 2028 αὐτόν
1409 2000 1465 2036 (24)
1476 2009 1483 2015 ·
1496 2000 1542 2026 καὶ
1556 1996 1595 2031 εἷς
1613 1999 1725 2034 Κύριος,
1736 1998 1771 2024 δι’

983 2043 1013 2074 οὗ
1029 2046 1064 2073 τὰ
1089 2047 1187 2078 πάντα,
1206 2048 1254 2074 καὶ
1267 2048 1349 2082 ἡμεῖς
1363 2047 1396 2073 δι’
1410 2046 1504 2073 αὑτοῦ.
1519 2055 1527 2071 ι
1545 2046 1600 2072 Καὶ
1616 2044 1729 2079 Πνεῦμα
1742 2044 1771 2071 δὲ

983 2092 1051 2119 Θεοῦ
1067 2093 1097 2119 τὸ
1112 2093 1245 2127 πανάγιον
1259 2093 1385 2119 καλεῖται
1397 2092 1524 2127 ἷΙνεῦμα”
1542 2091 1612 2118 ἀλλὰ
1629 2091 1676 2118 καὶ
1692 2091 1708 2126 ἡ
1724 2089 1772 2117 τοῦ

983 2137 1128 2173 ἀνθρώπου
1156 2137 1240 2173 ψυχή.
1277 2147 1285 2163 ι
1305 2137 1493 2170 Ἐξελεύσεται
1522 2137 1597 2172 γὰρ.
1627 2136 1711 2171 φησὶ,
1741 2136 1772 2163 τὸ

142 2180 204 2216 ejus
226 2180 258 2207 ⁸⁸.
277 2190 285 2206 ι
302 2180 337 2207 Et
352 2189 359 2207 :
385 2189 395 2206 ι
407 2179 577 2213 Benedicite,
590 2180 704 2215 spiritus
727 2185 755 2208 et
775 2182 872 2209 animae
884 2182 926 2217 ju-

983 2183 1095 2219 Πνεῦμοι
1115 2183 1229 2210 αὑτοῦ.»
1251 2184 1323 2210 Καί-
1352 2193 1361 2209 ι
1377 2184 1530 2217 Εὐλογεῖτε,
1551 2182 1697 2217 πνεύματα
1725 2181 1772 2208 καὶ

142 2231 261 2259 storum,
272 2225 389 2253 Domino
403 2225 452 2252 ⁸⁸.»
469 2226 503 2253 Et
514 2227 624 2261 angelos
636 2227 700 2254 item
713 2227 826 2262 spiritus
839 2227 934 2263 appel-

143 2271 211 2298 lavit
222 2271 387 2307 hymnorum
398 2271 525 2299 condilor
534 2271 618 2298 David
631 2280 638 2298 :
656 2281 665 2297 ι
680 2271 731 2305 Qui
742 2272 810 2300 Facis
822 2273 934 2308 angelos

145 2322 207 2344 tuos
227 2317 350 2352 spiritus,
366 2321 394 2344 et
410 2316 551 2344 ministros
565 2321 626 2344 tuos
636 2316 773 2344 flammam
788 2317 857 2352 ignis
871 2318 903 2344 τυ.
921 2328 930 2344 ι

145 2362 180 2389 Et
195 2361 262 2397 quid
278 2362 390 2397 angelos
407 2361 480 2394 dico,
494 2365 521 2388 et
537 2362 678 2399 hominum
690 2362 816 2390 animas?
829 2363 896 2390 Nam
907 2367 934 2391 et

145 2407 284 2436 datmones
306 2408 346 2435 sic
365 2408 500 2436 Dominus
520 2408 685 2443 appellavit:
708 2418 717 2435 ι
730 2409 869 2442 Assumet,
889 2409 926 2436 in-

145 2453 216 2488 quit,
241 2459 346 2489 septem
371 2454 441 2482 alios
459 2454 572 2490 spiritus
584 2462 677 2482 secum
694 2455 840 2490 nequiores
854 2463 893 2487 se,
906 2461 934 2483 et

148 2499 338 2534 ingrediantur
359 2499 386 2527 in
407 2499 484 2527 illum
499 2508 506 2526 :
522 2503 551 2527 et
571 2500 636 2528 ﬁent
650 2501 798 2529 novissima
815 2501 934 2528 hominis

147 2545 222 2572 illius
233 2545 324 2580 pejora
340 2546 481 2581 prioribus
499 2545 531 2573 '".
548 2555 557 2572 ι
576 2546 630 2573 Sed
653 2554 742 2582 neque
760 2547 836 2581 pium
861 2547 935 2574 lzedit

146 2592 200 2619 ista
214 2592 405 2627 atquivocatio.
417 2592 493 2621 Unus
504 2593 578 2620 cnim
593 2597 692 2620 natura
704 2593 777 2620 Deus
790 2599 833 2621 est
843 2594 934 2626 Pater,

184 2681 309 2718 ‘f‘VCalat.
328 2691 363 2713 Iv,
377 2683 403 2713 6,
415 2684 441 2710 7.
480 2683 503 2699 ""
518 2683 618 2718 Ephes.
638 2692 656 2713 ι,
675 2684 701 2711 5.

147 2725 178 2747 κ,
193 2716 234 2743 πΙιΙ.
275 2718 295 2732 ⁵⁸
313 2718 431 2745 llaruch.
449 2727 493 2748 γι.
512 2716 549 2745 5.’
580 2719 602 2734 ⁵³
615 2719 665 2746 lsa.
685 2727 761 2751 xLIv,
783 2720 824 2746 l6.

147 2751 175 2782 5,
190 2753 216 2778 6.
255 2751 277 2766 ⁵⁸
294 2753 365 2779 l’snl.
384 2760 460 2784 CXLV,
473 2754 500 2780 «ί.
538 2754 560 2769 ³³
577 2754 643 2780 Dan.
661 2762 698 2786 ιιι⁷
715 2754 759 2782 56.

740 2684 762 2699 ⁵⁸
781 2683 850 2711 [‘sal.
866 2692 938 2715 nix,
956 2685 980 2711 1.
1021 2684 1042 2700 ⁵⁸
1058 2684 1129 2712 Psal.
1149 2692 1232 2711 Lxxu.

740 2728 761 2759 ε,
783 2720 851 2759 t§_._
865 2719 967 2759 °"_ibid.
983 2720 1025 2759 ιτ.
1056 2719 1168 2759 _°_°_ibid.
1189 2719 1232 2759 eo;

800 2755 820 2770 ⁷⁰
835 2755 905 2782 Psal.
925 2763 979 2787 CIII,
991 2755 1016 2782 4.
1056 2755 1078 2770 ⁷¹
1094 2755 1162 2782 Luc.
1177 2762 1206 2788 ιι,
1219 2755 1264 2782 26.

982 2229 1067 2264 ψυχαὶ
1083 2229 1266 2262 ὃικαίων,.τὺν
1283 2229 1395 2265 Κύριον.
1407 2239 1416 2255 ι
1437 2229 1491 2255 Καὶ
1513 2229 1576 2260 τοὺς
1599 2228 1732 2263 ἀγγέλους
1744 2228 1773 2254 δὲ

983 2275 1128 2311 πνεύματα
1154 2276 1378 2312 προσηγόρευσεν
1395 2277 1409 2302 ό
1431 2275 1579 2310 amoma;
1602 2274 1694 2301 Δαϐίδ.
1719 2284 1728 2300 ‹
1743 2274 1772 2300 '0

983 2320 1068 2346 ποιῶν
1084 2320 1148 2355 γὰρ,
1172 2321 1249 2356 φησι,
1270 2321 1332 2353 τοὺς
1355 2321 1486 2355 ἀγγέλους
1503 2320 1585 2347 αὑτοῦ
1618 2319 1772 2354 πνεύματα,

985 2365 1031 2391 καὶ
1053 2365 1116 2396 τοὺς
1143 2365 1317 2401 λειτουργοὺς
1339 2365 1422 2393 αὑτοῦ
1437 2366 1523 2400 ’πυρὸς
1543 2365 1638 2399 φλόγα.
1653 2375 1662 2391 ι
1680 2365 1736 2391 Καὶ
1747 2365 1774 2391 τί

985 2411 1058 2445 λέγω
1072 2411 1134 2444 τοὺς
1148 2412 1290 2446 ἀγγέλους,
1303 2411 1350 2438 καὶ
1370 2412 1425 2438 τῶν
1437 2411 1589 2447 ἀνθρώπων
1602 2411 1651 2442 τὰς
1662 2411 1751 2446 ψυχάς
1764 2419 1772 2443 ;

987 2458 1034 2484 καὶ
1049 2459 1104 2492 γὰρ
1120 2458 1183 2489 τοὺς
1201 2457 1331 2493 δαίμονας
1353 2457 1438 2489 οὕτως
1450 2458 1464 2484 ὸ
1480 2458 1618 2492 Δεσπότης
1634 2457 1771 2492 ὠνόμασε.

990 2513 998 2529 ι
1013 2503 1208 2538 Παραλήψεται
1233 2503 1298 2538 γὰρ,
1314 2503 1408 2539 φησὶν,
1429 2503 1510 2539 ἕτερα
1538 2502 1609 2529 ἑπτὰ
1631 2501 1774 2536 πνεύματα

988 2549 1158 2584 πονηρότερα
1174 2549 1283 2582 ἑαυτοῦ,
1299 2550 1346 2576 καὶ
1360 2549 1547 2575 εἰσελεύσεται
1565 2549 1604 2579 είς
1617 2547 1711 2579 αὑτὸν,
1726 2548 1774 2573 καὶ

988 2593 1064 2621 ἔσται
1076 2594 1110 2621 τὰ
1124 2595 1227 2630 ἔσχκτσ.
1245 2593 1292 2621 τοῦ
1307 2593 1452 2629 ἀνθρώπου
1468 2594 1571 2620 ἐκείνου
1595 2593 1704 2628 χείρονα
1722 2591 1775 2618 τῶν

1021 2684 1042 2700 ⁵⁸
1058 2684 1129 2712 Psal.
1149 2692 1237 2716 ειμι,
1254 2684 1280 2711 6.
1321 2684 1343 2700 ³⁸
1360 2683 1447 2711 Exod.
1461 2691 1527 2714 xxn,
1541 2682 1585 2709 28.
1635 2681 1656 2697 ⁶¹
1671 2681 1773 2708 Jerem.

1285 2719 1307 2736 °°
1325 2719 1398 2747 Psal.
1415 2726 1482 2751 xcv,
1502 2718 1528 2745 5.
1573 2717 1595 2733 ⁶⁷
1613 2717 1698 2745 lCor.
1712 2723 1774 2748 vni,

186 2830 240 2863 (24)
260 2829 320 2856 Haec
341 2831 409 2858 :xa‘t
432 2832 510 2866 ἡμεῖς
542 2831 580 2862 εἰς
607 2831 670 2866 aut.
684 2847 719 2852 -—
745 2832 843 2865 πάντα,
871 2840 926 2867 qua

979 2837 1015 2860 mt
1035 2832 1062 2860 in
1078 2832 1174 2868 Neap,
1190 2833 1301 2861 aberant
1319 2841 1334 2860 a
1345 2831 1427 2860 Sirm.
1442 2836 1527 2860 textu.
