1945 3058
100 159 167 192 1401

754 165 934 195 EPISTULA
954 165 1075 197 CXLVI.

1661 169 1729 198 1ιῖῦὲ

98 217 227 254 πρώτων.
241 227 262 244 ι·
275 219 343 245 Ἀλλ’
361 219 420 246 οὐδὲ
434 221 449 255 ἡ
465 220 609 256 ὁμωνυμία
623 221 668 247 τὸν
681 221 781 257 εὐσεϐῆ
797 221 886 249 λωϐᾶ-

956 223 1135 258 tunigenitus
1155 224 1214 258 ejus
1234 222 1329 254 Filius,
1346 224 1374 249 et
1393 225 1504 248 sanctus
1523 221 1582 256 ejus
1596 220 1727 255 Spiritus.

97 271 155 290 ται.
170 260 216 295 Εἷς
230 264 284 299 γὰρ
304 264 384 299 φύσει
400 266 466 297 Θεὸς
481 267 494 292 ὁ
514 267 620 303 Πατὴρ,
637 267 684 294 καὶ
710 269 724 294 ὁ
741 269 889 304 μονογενὴς

98 309 184 336 αὐτοῦ
211 310 286 342 Υἱὸς,
307 311 354 337 καὶ
375 312 405 338 τὸ
429 313 562 347 πανάγιον
589 313 671 340 αὐτοῦ
697 314 827 348 Πνεῦμα’
842 314 888 341 καὶ

99 352 141 386 εἷς
160 355 238 389 φύσει
255 355 329 388 Υἱὸς,
349 356 395 382 τοῦ
413 357 479 383 Θεοῦ
499 359 658 393 μονογενὴς,
684 359 698 385 ὁ
718 360 890 395 ἐνανθρωπή-

101 409 153 433 σοις
173 401 239 433 Θεὸς
256 402 352 436 Λόγος,
372 403 386 429 ό
406 403 507 439 Κύριος
525 405 603 439 ἡμῶν
627 405 730 440 Ἰησοῦς
756 406 887 440 Χριστός·

101 448 150 474 καὶ
167 447 195 474 ἓν
216 448 328 483 Πνεῦμα
350 448 426 482 ἅγιον
439 451 452 476 ὁ
472 450 662 485 Παράκλητος,
677 451 706 482 ὃς
728 451 828 485 πληροῖ
841 451 890 487 τῆς

101 494 218 529 Τριάδος
234 495 279 521 τὸν
295 495 421 531 ἀριθμόν.
448 496 526 522 Οὕτω
553 497 658 523 πολλῶν
681 497 889 532 ὀνομαζομένων

101 541 231 575 πατέρων
253 541 300 567 ἕνα
327 542 534 577 προσκυνοῦμεν
549 543 669 577 Πατέρα,
694 544 740 569 τὸν
764 543 818 578 πρὸ
836 543 890 570 τῶν

101 585 210 612 αἰώνων
226 587 344 621 Πατέρα,
362 587 408 614 τὸν
425 588 473 614 καὶ
487 587 589 623 ταύτην
604 590 660 620 τοῖς
673 588 829 624 ἀνθρώποις
839 589 889 623 τὴν

102 631 249 666 ἐπίκλησιν
265 632 411 666 δεδωκότα,
427 633 496 660 κατὰ
511 634 560 669 τὴν
583 634 630 660 τοῦ
654 635 815 661 Ἀποστόλου
832 643 890 669 φω-

103 677 163 711 νήν.
187 678 332 712 «Κάμπτω
348 679 413 722 γὰρ,
432 681 509 715 φησὶ,
523 680 558 706 τὰ
579 680 680 714 γόνατά
695 689 744 716 μου
761 681 829 716 πρὸς
846 681 891 707 τὸν

103 724 216 759 Πατέρα
240 723 287 750 τοῦ
315 725 419 759 Κυρίου
442 725 521 760 ἡμῶν
547 725 636 760 Ἰησοῦ
662 726 791 761 Χριστοῦ,
815 726 845 759 ἐξ
860 722 892 752 οὗ

103 768 180 796 πᾶσα
197 769 301 805 πατριὰ
315 771 344 796 ὲν
357 770 464 806 οὐρανῷ
484 771 531 798 καὶ
546 771 593 797 ἐπὶ
609 772 661 806 γῆς
675 772 848 806 ὀνομάζεται.
861 781 870 797 ι

139 816 185 851 Μὴ
197 816 287 842 τοίνυν
304 816 342 852 τῷ
361 817 458 848 ἄλλους
467 816 649 852 ὀνομάζεσθαι
661 818 806 852 Χριστοὺς,
824 819 893 844 ἀπο·

105 863 281 898 στερήσωμεν
303 863 416 895 ἑαυτοὺς
437 864 486 899 τῆς
505 864 553 890 τοῦ
577 864 679 900 Κυρίου
705 864 784 898 ἡμῶν
805 864 892 899 Ἰησοῦ

104 908 226 943 Χριστοῦ
239 910 458 944 προσκυνήσεως.
481 909 524 942 Ὠς
538 910 592 945 γὰρ
607 910 712 936 πολλῶν
730 910 890 945 ὠνομασμέ-

105 963 160 981 νων
184 954 253 980 θεῶν
277 964 306 981 τε
325 955 372 982 καὶ
397 955 535 990 πατέρων,
549 953 589 987 εἷς
605 957 678 982 ἐστιν
695 957 708 982 ὀ
720 955 766 981 ἐπὶ
781 955 891 982 πάντων

105 1000 173 1032 Θεὸς
191 1003 238 1027 και¹
259 1001 312 1036 πρὸ
331 1001 437 1028 αἰώνων
454 1001 560 1037 Πατήρ.
573 1002 628 1028 Καὶ
638 1001 744 1028 πολλῶν
755 1001 891 1036 κεκλημέ-

106 1055 160 1073 νων
176 1046 253 1078 υἱῶν,
268 1045 308 1078 εἷς
320 1049 333 1073 ὀ
350 1047 476 1082 ἀληθινὸς
494 1047 542 1074 καὶ
564 1047 723 1083 φύσεμΥἱός
736 1055 743 1062 ·
760 1047 808 1073 καὶ
826 1047 892 1073 πολ-

106 1092 161 1119 λῶν
177 1093 442 1128 προσηγορευμὲνων
455 1093 628 1128 πνευμάτων,
649 1093 678 1119 ἓν
697 1093 755 1119 ἐστι
777 1093 808 1118 τὸ
827 1101 894 1119 παν-

107 1138 185 1172 άγιον
203 1139 330 1174 Πνεῦμα·
347 1139 419 1165 οὕτω
443 1139 548 1166 πολλῶν
574 1139 729 1173 κληθέντων
756 1139 893 1173 Χριστῶν,

107 1187 148 1219 εἷς
163 1187 264 1224 Κῦριος
289 1188 394 1221 Ἰησοῦς
415 1187 545 1222 Χριστὸς,
557 1187 590 1214 δι’
606 1183 637 1213 οὗ
654 1186 688 1213 τὰ
703 1187 801 1213 πάντα.
814 1186 895 1213 Μάλα

107 1234 135 1261 δὲ
149 1234 261 1265 εἰκότως
274 1235 291 1268 ὴ
310 1234 460 1268 Ἐκκλησία
477 1233 555 1260 τοίδε
573 1233 720 1268 ἐξήρτηται
739 1232 785 1258 τοῦ
802 1232 897 1267 ὀνόμα-

107 1288 164 1311 τος.
182 1279 300 1305 Ἤκουσε
317 1279 371 1314 γὰρ
385 1278 432 1305 τοῦ
448 1278 634 1313 νυμφοστόλου
651 1279 756 1304 Παύλου
769 1278 895 1312 βοῶντος·

113 1334 122 1350 ι
140 1324 320 1360 Ἦρμοσόιμην
344 1324 416 1358 ὑμᾶς
431 1323 472 1350 ἑνὶ
490 1323 578 1358 ἀνδρὶ,
599 1322 733 1358 παρθένον
748 1323 833 1357 ἁγνὴν
846 1331 897 1348 πα-

111 1370 247 1405 ραστῆσαι
270 1370 308 1405 τῷ
334 1369 455 1405 Χριστῷ.
470 1379 479 1394 ι
504 1369 560 1396 Καὶ
580 1369 674 1396 πάλιν·
712 1378 720 1394 ι
735 1370 765 1395 Οἱ
791 1369 896 1404 ἄνδρες,

109 1416 235 1450 ἀγαπᾶτε
253 1416 300 1447 τὰς
316 1416 449 1450 γυναῖκας
464 1416 551 1450 ὑμῶν,
562 1415 600 1446 ὡς
611 1415 658 1442 καὶ
674 1416 688 1441 ὁ
698 1415 816 1450 Χριστὸς
829 1415 898 1449 ἠγά-

110 1470 180 1496 πησε
196 1461 246 1496 τὴν
273 1460 446 1495 Ἐκκλησίαν.
463 1469 471 1486 ι
488 1460 543 1486 Καὶ
566 1458 644 1492 αὖθις
673 1460 774 1486 εἰπών’
798 1470 806 1485 ι
824 1460 898 1485 ’Λντὶ

109 1505 204 1532 τούτου
218 1505 374 1540 καταλείψει
389 1505 532 1541 ἄνθρωπος
546 1505 592 1532 τὸν
601 1506 707 1541 πατέρα.
720 1506 767 1532 καὶ
780 1506 829 1542 τὴν
845 1514 898 1541 μη-

939 268 972 296 Ει
991 276 1061 295 unus
1073 273 1170 296 natura
1182 268 1265 295 Filius
1276 267 1325 294 Dei
1338 266 1504 301 unigenitus.
1516 266 1588 293 Deus
1595 265 1726 300 Verbum,

939 315 987 350 qui
1001 315 1085 342 homo
1099 314 1187 342 factus
1200 319 1253 346 est,
1275 313 1408 341 Dominus
1429 315 1523 339 noster
1545 311 1626 338 Iesus
1646 311 1729 338 Chri-

940 367 999 389 stus
1014 370 1020 388 :
1045 365 1074 389 et
1090 369 1163 388 unus
1178 360 1297 395 Spiritus
1308 363 1420 386 sanctus
1435 357 1606 389 Paraclctus,
1624 357 1670 391 qui
1683 365 1729 383 ex-

940 407 995 442 plet
1023 415 1169 434 numerum
1201 406 1309 441 1258
1338 404 1491 432 Trinitatis.
1513 404 1551 431 lta
1574 403 1653 430 multi
1666 410 1727 430 cum

940 453 1111 488 appellentur
1136 456 1243 487 patres,
1266 459 1352 479 unum
1374 450 1520 477 adoramus
1541 450 1660 480 Patrem,
1681 449 1729 482 qui

941 504 1004 527 ante
1024 499 1122 527 saecula
1134 504 1176 526 est
1187 499 1278 532 Pater,
1294 498 1340 533 qui
1357 501 1385 525 et
1401 497 1472 524 hanc
1494 495 1654 523 hominibus
1680 502 1729 529 ap-

941 545 1118 581 pellationem
1140 545 1227 577 dedit,
1248 545 1319 572 sicut
1336 544 1404 570 dicit
1418 542 1585 577 Apostolus:
1610 551 1619 566 ι
1635 541 1730 569 Flcclo

941 599 1030 627 genua
1058 599 1118 618 mea
1141 591 1173 618 ad
1189 591 1300 618 Patrem
1312 589 1421 617 Domini
1438 588 1522 615 nostri
1535 588 1600 615 Jesu
1616 586 1730 618 Christi.

942 645 976 664 ex
995 645 1050 672 quo
1067 637 1158 664 omnis
1175 635 1326 671 paternitas
1340 635 1367 661 in
1379 634 1458 661 ccelis
1470 637 1497 660 et
1512 633 1540 659 in
1556 636 1629 659 terra
1641 633 1731 659 uomi-

943 686 1024 712 natur
1043 683 1075 708 ⁷².
1091 691 1101 708 ι

979 816 1019 843 Ne
1047 815 1131 850 igitur
1153 821 1187 841 eo
1208 811 1286 848 quod
1304 812 1352 840 alii
1364 812 1542 839 nominentur
1557 809 1668 840 Christi,
1681 815 1733 835 nos

946 862 1020 897 ipsos
1044 861 1152 888 Domini
1179 859 1265 886 nostri
1279 859 1344 886 Jesu
1366 857 1469 885 Christi
1483 856 1643 884 adoratione
1659 853 1734 880 frau-

948 909 1054 936 demus.
1073 905 1311 940 Quemadmodum
1328 905 1413 936 enim,
1430 911 1492 930 eum
1507 901 1586 929 multi
1599 899 1733 927 nominati

946 956 1003 982 sint
1027 954 1066 981 dii
1090 957 1118 980 et
1142 956 1245 987 patres.
1271 958 1342 978 unus
1363 954 1405 977 est
1419 956 1502 984 super
1515 955 1611 975 omnes
1623 945 1696 972 Deus
1707 949 1734 972 et

946 1003 1027 1030 Pater
1037 1007 1101 1028 ante
1111 999 1211 1027 saecula
1227 1008 1234 1025 τ
1251 1002 1351 1026 etcum
1364 996 1443 1023 multi
1456 993 1584 1030 appellati
1600 993 1656 1020 sint
1676 992 1734 1024 ﬁlii,

946 1055 1017 1075 unus
1036 1051 1078 1074 est
1096 1053 1178 1073 verus
1196 1049 1224 1072 et
1245 1049 1343 1071 natura
1359 1042 1445 1070 Filius
1461 1050 1467 1068 :
1483 1045 1512 1068 et
1522 1047 1583 1068 cum
1595 1038 1673 1066 multi
1685 1045 1735 1064 vo-

946 1092 998 1119 cali
1014 1091 1070 1118 sint
1090 1091 1214 1125 spiritus,
1238 1096 1310 1116 unus
1334 1092 1377 1115 est
1401 1086 1520 1121 Spiritus
1543 1089 1673 1115 sanctus;
1697 1082 1736 1110 sic

946 1146 1009 1166 cum
1022 1137 1101 1164 multi
1118 1135 1271 1170 nuncupati
1284 1135 1339 1162 sint
1359 1132 1472 1164 Christi,
1496 1139 1569 1158 unus
1583 1133 1626 1157 est
1645 1128 1736 1156 Domi-

946 1192 998 1211 nus
1012 1184 1092 1211 Jesus
1104 1183 1241 1213 Christus,
1253 1189 1302 1216 per
1313 1188 1395 1215 quem
1409 1177 1585 1206 omnia..lure
1600 1179 1692 1203 autem
1705 1182 1737 1202 ac

947 1230 1046 1258 merito
1063 1229 1184 1256 Ecclesia
1198 1228 1264 1255 huic
1278 1225 1382 1254 nomini
1396 1225 1527 1252 adhaeret.
1540 1221 1651 1249 Audivit
1661 1228 1737 1247 nam-

947 1284 1001 1312 que
1015 1274 1232 1310 parauymphum
1245 1273 1359 1300 Paulum
1375 1271 1537 1298 clamantem
1553 1278 1560 1295 :
1579 1277 1587 1293 ι
1599 1265 1737 1301 Despondi

948 1329 997 1348 vos
1008 1321 1054 1348 uni
1069 1321 1130 1347 viro
1142 1318 1276 1353 virginem
1289 1321 1391 1344 castam
1407 1315 1538 1342 exhibere
1551 1312 1661 1340 Christo
1675 1311 1707 1336 ⁷³.
1726 1320 1734 1334 ι

949 1368 982 1394 Et
998 1374 1108 1394 rursum
1127 1375 1133 1392 :
1151 1375 1160 1391 ι
1178 1365 1248 1394 Viri,
1262 1363 1369 1398 diligite
1383 1369 1482 1388 uxores
1495 1363 1611 1391 vestras,
1629 1358 1701 1384 sicut
1712 1361 1740 1383 et

949 1413 1076 1440 Christus
1088 1411 1184 1439 dilexit
1198 1409 1349 1437 Ecclesiam
1362 1407 1394 1434 7".
1413 1417 1422 1432 ›
1440 1406 1474 1433 Et
1497 1412 1594 1432 rursus
1614 1410 1676 1430 cum
1695 1401 1740 1428 di-

950 1458 1054 1484 xisset:
1079 1466 1087 1482 ι
1107 1456 1222 1490 Propter
1238 1454 1291 1481 hoc
1317 1453 1455 1486 relinquet
1475 1450 1558 1477 homo
1585 1452 1690 1483 patrem
1712 1449 1740 1472 et

950 1508 1065 1530 matrem
1080 1510 1168 1533 suam,
1185 1505 1214 1528 et
1242 1499 1394 1527 adlnercbit
1417 1497 1494 1524 uxori
1513 1503 1580 1528 sum,
1606 1498 1634 1520 et
1660 1497 1742 1519 erunt

110 1552 176 1587 τέρα
198 1552 292 1583 αὑτοῦ,
311 1553 357 1578 καὶ
369 1551 639 1587 προσκολληθήσεται
653 1552 721 1586 πρὸς
734 1552 784 1586 τὴν
803 1539 897 1586 γυναῖ-

953 1550 1006 1577 duo
1021 1550 1141 1576 income
1154 1555 1218 1579 una,
1235 1557 1244 1572 ι
1263 1544 1422 1580 subjunxit:
1443 1553 1451 1568 ι
1470 1542 1676 1569 Sacr-amentum
1689 1539 1741 1565 hoc

111 1606 147 1623 κα
161 1597 255 1629 αὐτοῦ,
273 1597 318 1624 καὶ
334 1597 439 1623 ἔσονται
455 1598 479 1624 οἱ
492 1597 537 1624 δύο
554 1598 593 1628 είς
611 1597 701 1632 σάρκα
720 1597 801 1632 μίαν·
814 1606 822 1622 ι
849 1598 898 1622 ἐπ-

111 1645 213 1678 ήγαγε·
234 1644 289 1669 (Τὸ
317 1644 465 1679 μυστήριον
492 1643 571 1670 τοῦτο
596 1643 667 1678 μέγα
691 1643 782 1669 ἐστίν·
801 1643 857 1677 ἐγὼ
871 1643 898 1669 δὲ

112 1688 184 1723 λέγω
199 1689 237 1720 εἰς
253 1688 381 1724 Χριστὸν,
401 1689 447 1714 καὶ
463 1690 503 1720 εἰς
520 1689 569 1724 τὴν
589 1689 763 1724 Ἐκκλησίαν.
774 1699 783 1714 ι
802 1690 900 1715 Ἄκου-

114 1743 158 1761 σον
176 1733 257 1760 αὐτοῦ
277 1734 419 1768 λέγοντος·
438 1734 574 1770 (Χριστὸς
590 1735 664 1770 ἡμᾶς
688 1734 855 1770 ἐξηγόρασεν
868 1735 900 1761 ἐκ

113 1780 163 1814 τῆς
180 1779 304 1813 κατάρας
323 1779 367 1805 τοῦ
385 1780 480 1815 νόμου,
492 1781 639 1815 γενόμενος
660 1779 730 1815 ὑπὲρ
743 1779 822 1814 ἡμῶν
835 1788 900 1806 κατ-

113 1827 177 1861 άρα.
192 1834 200 1850 ι
221 1826 273 1852 Καὶ
289 1825 403 1860 ἑτέρωθι
414 1833 421 1840 ’
442 1835 450 1851 ι
464 1825 499 1852 ’Ἡ
513 1827 645 1859 ἀγνοεῖτε,
655 1826 697 1852 ὅτι
711 1827 767 1852 ὅσοι
780 1827 818 1856 εἰς
831 1826 900 1860 Χρι-

115 1872 175 1898 στὸν
188 1871 380 1906 ἐϐαπτίσθητε,
395 1871 434 1903 εἰς
449 1871 493 1899 τὸν
509 1871 623 1898 θάνατον
638 1871 720 1897 αὑτοῦ
736 1870 901 1905 ἐϐαπτίσθη-

114 1927 158 1951 τε;
175 1927 183 1944 ι
201 1919 255 1944 Καὶ
273 1918 388 1952 ἀλλαχοῦ
400 1925 406 1931 ·
427 1927 436 1942 ι
449 1917 526 1943 ’Ὅσοι
543 1919 582 1949 εἰς
601 1918 718 1953 Χριστὸν
734 1917 901 1952 ἐϐαπτίσθη-

113 1972 153 1996 τε,
169 1962 285 1997 Χριστὸν
297 1963 467 1989 ἐνεδύσασθε.
487 1972 496 1988 )
514 1964 569 1989 Καὶ
592 1963 672 1990 πάλιν
685 1971 692 1978 ’
711 1972 722 1989 ι
740 1962 901 1989 Ἐνδύσασθε

113 2009 159 2036 τὸν
180 2008 282 2044 Κύριον
303 2008 406 2042 Ἰησοῦν
428 2010 556 2045 Χριστὸν,
578 2009 625 2036 καὶ
645 2009 696 2044 τῆς
720 2009 821 2044 σαρκὶς
838 2009 903 2044 πρό-

115 2063 188 2082 νοιαν
204 2055 240 2091 μὴ
254 2054 372 2082 ποιεῖσθε
388 2056 428 2086 είς
441 2055 600 2090 ἐπιθυμίας.
616 2065 625 2081 ι

150 2100 243 2128 Ταῦτα
256 2100 303 2128 καὶ
316 2100 422 2132 τούτοις
439 2101 590 2136 προσόμοια
605 2100 795 2136 μεμαθηκότες
807 2100 832 2126 οί
850 2100 903 2126 τῶν

116 2147 194 2175 θείων
219 2147 329 2182 δωρεῶν
353 2147 544 2182 τετυχηκότες,
571 2146 653 2182 ἔρωτι
680 2147 726 2173 τοῦ
756 2145 903 2180 φιλοδώρου

116 2193 262 2224 Δεσπότου,
284 2193 330 2219 καὶ
344 2193 392 2228 τὴν
415 2192 579 2228 τριπόθητον
604 2192 687 2218 αὑτοῦ
717 2191 904 2228 προσηγορίαν

954 1603 1081 1631 magnum
1097 1599 1157 1622 est:
1183 1601 1233 1629 ego
1255 1597 1346 1619 autem
1363 1591 1425 1618 dico
1447 1590 1475 1616 in
1496 1588 1635 1616 Christum
1662 1590 1690 1612 et
1714 1585 1742 1611 iu

953 1641 1104 1670 Ecclesium
1132 1641 1164 1666 ⁷³.
1185 1649 1193 1665 ι
1217 1638 1288 1665 Audi
1303 1638 1392 1672 ipsum
1406 1635 1544 1662 dicentem
1562 1642 1569 1659 :
1591 1641 1599 1657 ι
1616 1631 1742 1658 Christus

954 1696 1005 1715 nos
1032 1687 1149 1714 redemit
1176 1685 1210 1712 de
1234 1683 1381 1711 maledicto
1408 1681 1476 1715 legis
1492 1680 1580 1706 factus
1597 1686 1647 1713 pro
1664 1677 1744 1704 nobis

954 1732 1131 1761 maledictum
1159 1731 1190 1757 ⁷⁸.
1208 1740 1216 1756 ι
1246 1730 1279 1756 ΕΙ.
1302 1728 1366 1755 alibi
1386 1736 1392 1753 :
1416 1736 1424 1751 ι
1441 1727 1483 1753 An
1506 1724 1647 1760 ignoratis,
1670 1721 1744 1756 quod

954 1780 1111 1814 quicunque
1131 1776 1262 1812 baptizati
1291 1775 1359 1802 estis
1387 1773 1426 1804 ⁷⁷,
1456 1772 1484 1799 in
1515 1775 1631 1798 mortem
1659 1768 1746 1803 ipsius

935 1828 938 1829 ⁷
955 1826 1085 1860 baptizati
1110 1824 1196 1851 estis?
1211 1833 1220 1848 ›
1243 1822 1277 1849 Et
1291 1821 1376 1848 alibi:
1403 1829 1411 1844 ι
1430 1818 1592 1852 Quicunque
1613 1815 1642 1842 in
1662 1814 1744 1842 Chri-

956 1876 1027 1899 stum
1042 1869 1149 1904 1289
1161 1866 1290 1902 baptizali
1301 1865 1378 1897 estis,
1394 1864 1533 1891 Christum
1547 1860 1675 1888 induistis
1686 1860 1716 1886 ⁷⁸.
1732 1869 1741 1885 ι

957 1918 991 1944 Et
1014 1917 1135 1943 iterum:
1167 1911 1339 1941 «ludnimini
1369 1910 1515 1938 Dominum
1544 1908 1637 1935 Jesum
1665 1905 1746 1932 Cbri».

957 1966 1040 1994 stum,
1051 1965 1078 1988 et
1089 1959 1180 1987 carnis
1194 1965 1287 1985 curam
1299 1965 1333 1984 ne
1349 1955 1471 1983 feceritis
1481 1954 1509 1981 in
1524 1951 1670 1980 desideriis
1684 1950 1718 1976 τ’.
1734 1959 1743 1975 ι

992 2101 1055 2128 Haec
1082 2104 1110 2127 et
1133 2100 1177 2127 his
1203 2098 1303 2126 similia
1332 2096 1422 2124 edocti
1450 2095 1496 2130 qui
1516 2094 1608 2121 divina
1633 2100 1747 2119 munera

958 2145 1099 2174 consecuti
1115 2148 1189 2175 sunt,
1203 2142 1325 2169 muniﬁci
1344 2140 1452 2168 Domini
1478 2147 1581 2170 amore,
1605 2137 1747 2165 desidera-

958 2192 1119 2219 bilissimam
1142 2197 1254 2225 quoque
1273 2188 1346 2215 illius
1364 2186 1575 2222 appellationem
1593 2184 1621 2211 in
1633 2191 1681 2210 ore
1693 2183 1748 2210 cir-

116 2238 195 2274 ἐντῷ
212 2239 326 2273 στόματι
350 2239 539 2274 περιφέρουσι,
558 2239 605 2264 καὶ
629 2238 664 2265 τὰ
690 2238 736 2265 τοῦ
767 2238 897 2273 ᾋσματοι

958 2238 1124 2268 cuinl‘eruut,
1155 2240 1183 2264 et
1210 2235 1254 2262 illa
1271 2233 1376 2262 Cautici
1394 2232 1564 2260 canticorum
1577 2230 1725 2257 inclamant
1740 2237 1747 2255 :

116 2285 168 2311 τῶν
184 2285 314 2320 ᾀσμάτων
337 2284 449 2319 βοῶσιν·
471 2293 479 2310 4
496 2284 669 2319 ’Λδελφιδοῦς
696 2293 747 2319 μου
764 2285 836 2320 ἐμοὶ,
856 2285 906 2311 κά-

118 2331 157 2364 γὼ
184 2330 272 2365 αὐτῷ·
298 2331 327 2357 ἐν
340 2332 373 2366 τῇ
389 2331 455 2366 σκιᾷ
471 2331 553 2357 αὑτοῦ
569 2330 740 2366 ἐπεθύμησα,
760 2332 808 2357 καὶ
827 2331 906 2357 ἐκάθ-

119 2386 179 2410 ισα,
198 2378 245 2404 καὶ
262 2378 276 2403 ὁ
289 2377 395 2412 καρπὸς
416 2377 498 2403 αὐτοῦ
519 2377 620 2410 γλυκὺς
639 2378 667 2403 ὲν
683 2377 802 2411 λάρυγγί
819 2385 879 2411 μου.
895 2385 904 2402 ι

118 2423 188 2458 Πρὸς
202 2423 231 2449 δὲ
242 2423 357 2454 τούτοις,
376 2423 423 2449 καὶ
435 2422 486 2458 τὴν
500 2423 653 2458 ἐπέραστον
668 2423 857 2458 προσηγορίαν
874 2423 904 2458 ἣι

119 2470 215 2505 ἔχομεν
235 2471 266 2496 ἐκ
286 2471 334 2504 τῆς
356 2469 402 2496 τοῦ
418 2469 540 2504 Χριστοῦ
555 2469 740 2504 προσηγορίας
760 2468 905 2503 ἐλάϐομεν.

118 2515 276 2551 Χριστιανοὶ
292 2515 346 2550 γὰρ
360 2515 561 2550 όνομαζόμεθα.
586 2515 652 2550 Περὶ
668 2515 762 2542 τούτου
786 2515 832 2541 τοῦ
850 2515 908 2541 ὀνό-

121 2570 204 2596 ματος
219 2561 414 2597 προαγορεύων
435 2561 449 2586 ὁ
462 2561 516 2587 τῶν
531 2561 600 2587 ὅλων
616 2561 667 2596 ἔφη
684 2561 764 2592 Θεός·
782 2570 791 2586 ι
804 2561 866 2592 Τοῖς
880 2560 908 2587 δὲ

118 2606 271 2633 δουλεύουσί
287 2615 330 2642 μοι
345 2606 510 2642 κληθήσεται
521 2606 606 2641 ὄνομα
620 2606 722 2638 καινὸν,
732 2607 746 2633 ὂ
760 2606 908 2642 εὐλογηθή-

121 2660 196 2679 σεται
211 2653 258 2679 ἐπὶ
276 2653 326 2687 τῆς
343 2653 403 2687 γῆς.
417 2663 426 2678 ›
444 2652 546 2679 Τούτου
572 2653 604 2688 δὴ
630 2653 710 2688 χάριν
725 2653 906 2688 διαφερόντως

119 2698 135 2732 ὴ
158 2698 304 2734 Ἐκκλησία
318 2699 399 2734 τῆσδε
413 2700 462 2734 τῆς
473 2699 658 2735 προσηγορίας
673 2699 830 2734 ἐξήρτηται.
844 2700 907 2726 Ὅτε

121 2744 172 2780 γὰρ
195 2744 404 2780 ἐνηνορὼπησεν
420 2746 433 2771 ὁ
457 2745 660 2781 μονογενὴςτοῦ
673 2746 741 2772 Θεοῦ
758 2746 833 2778 Υἱὸς,
847 2747 906 2773 τότε

121 2790 237 2826 Χριστὸς
250 2791 407 2827 ὠνομάσθη.
426 2792 487 2818 τότε
501 2792 554 2819 τῶν
568 2792 720 2828 ἀνθρώπων
736 2794 752 2828 ἡ
766 2793 846 2827 φύσις
862 2792 907 2818 τοῦ

154 2849 177 2865 "'
192 2849 291 2884 Ephcs.
310 2858 348 2879 Ill,
372 2851 411 2877 ιι.

123 2884 143 2900 τθ
158 2883 245 2912 Galat.
262 2885 360 2918 iu,_27.
400 2886 421 2901 ⁷⁵
439 2885 518 2912 Rom.
537 2894 593 2919 xui,
611 2886 653 2912 14.
692 2886 714 2901 ’³
732 2883 809 2913 Cant.
824 2894 852 2918 ιι,
871 2885 896 2912 5.

450 2851 473 2866 ⁷⁸
485 2850 507 2877 ll
519 2850 582 2878 Cor.
598 2858 634 2880 x1,
647 2851 675 2878 9.
711 2852 734 2866 ⁷⁸
752 2850 852 2885 Eplies.
866 2859 892 2881 ν,
909 2851 952 2876 Eii.
993 2850 1015 2864 ⁷⁵
1036 2850 1102 2875 ibid.
1119 2850 1148 2872 3|

450 2886 518 2911 tom.
537 2894 593 2911 xm.
611 2886 653 2911 Η.
692 2886 714 2901 ’⁸
732 2886 809 2911 Gaul.
824 2894 852 2911 ιι.
871 2885 896 2911 5.
936 2885 956 2900 "‘
975 2885 1024 2911 In“.
1046 2891 1105 2911 Lxr.
1127 2883 1156 2909 lli

987 2892 1024 2910 nil.
1046 2891 1105 2915 LX“,
1127 2891 1166 2909 to.

960 2295 968 2310 ι
984 2283 1173 2312 Consobrinus
1199 2289 1278 2308 meus
1297 2280 1376 2311 mihi,
1400 2283 1428 2306 et
1450 2286 1501 2313 ego
1524 2276 1563 2304 illi
1580 2285 1586 2303 :
1606 2276 1634 2303 in
1651 2275 1749 2302 umbra

955 2331 1016 2366 ejus
1036 2327 1203 2359 desideravi,
1235 2330 1263 2353 et
1290 2325 1360 2357 sedi.
1387 2328 1416 2351 et
1442 2323 1550 2350 fructus
1573 2323 1634 2357 ejus
1661 2320 1749 2347 dulcis

956 2376 1060 2411 gutturi
1088 2382 1150 2402 meo
1178 2374 1212 2400 ⁸ο.
1231 2382 1241 2398 ι
1272 2372 1385 2399 Accedit
1405 2369 1478 2404 quod
1503 2367 1621 2396 amabile
1636 2374 1747 2397 nomen,

957 2423 1030 2458 quod
1044 2422 1174 2457 gerimus,
1186 2427 1220 2447 ex
1231 2419 1334 2447 Christi
1351 2417 1461 2444 nomine
1477 2414 1655 2449 sumpsimus.
1667 2411 1749 2439 Chri-

957 2469 1038 2497 stiaui
1050 2468 1125 2496 enim
1136 2472 1340 2501 nuneupantur.
1357 2464 1394 2491 De
1407 2463 1459 2490 hoc
1475 2460 1586 2489 nomine
1596 2458 1750 2486 vaticinans

959 2515 1150 2543 universorum
1172 2513 1245 2540 Deus
1268 2511 1337 2538 dixit
1352 2518 1359 2536 :
1384 2519 1394 2534 ι
1408 2506 1600 2535 Servientibus
1616 2503 1686 2531 mihi
1703 2510 1751 2529 vo-

958 2562 1065 2590 cabitur
1074 2567 1175 2588 nomen
1184 2565 1295 2590 novum,
1305 2556 1378 2592 quod
1388 2554 1569 2582 benedicetur
1578 2551 1606 2579 in
1617 2554 1690 2578 terra
1697 2550 1729 2576 ⁸¹.
1737 2559 1746 2574 ι

959 2609 1000 2637 0b
1021 2609 1093 2635 hanc
1116 2613 1226 2634 causam
1243 2602 1366 2631 Ecclesia
1378 2601 1444 2628 huic
1459 2597 1632 2634 potissimum
1646 2594 1749 2623 nomini

961 2654 1093 2682 adhaeret.
1118 2651 1187 2679 Nam
1212 2648 1321 2685 quando
1344 2647 1501 2674 incarnatus
1526 2647 1569 2671 est
1590 2641 1675 2669 Filius
1689 2640 1748 2671 Dei,

963 2704 1028 2727 tunc
1043 2697 1170 2727 Christus
1188 2694 1342 2730 appellatus
1360 2695 1421 2719 est:
1445 2694 1510 2717 tunc
1531 2686 1673 2715 hominum
1699 2691 1751 2710 na-

963 2750 1022 2772 tura
1034 2741 1226 2771 intellectualis
1241 2739 1352 2766 luminis
1367 2736 1459 2764 radios
1470 2733 1610 2768 suscepit:
1625 2736 1690 2758 tunc
1702 2738 1750 2756 vc-

964 2791 1053 2818 ritatis
1068 2795 1208 2824 praecones
1218 2786 1313 2814 orbem
1327 2789 1406 2811 terra:
1420 2782 1602 2809 illustrarunt.
1621 2776 1750 2804 Ecelcsin

993 2849 1015 2864 ⁷⁵
1036 2847 1102 2875 ibid.
1119 2847 1164 2877 3|,
1179 2847 1223 2872 3‘3.
1263 2845 1285 2861 ⁷⁸
1300 2843 1387 2872 (ὶιιίειι.
1401 2850 1440 2875 ιιι,
1458 2841 1500 2868 15.
1540 2839 1562 2855 ⁷⁷
1579 2838 1655 2864 ιὶοιη.
1673 2843 1709 2868 γι,
1721 2834 1752 2862 2.
