1945 3058
167 121 236 156 1403

671 124 912 154 TIIEODORETI
933 125 1102 155 EPISCOI’I
1123 124 1305 154 CYRENSIS

1734 123 1810 156 1405

167 186 232 205 sane
245 177 368 213 magistri
383 177 521 212 Uuigeniti
535 185 642 212 semper
656 179 664 186 '
676 178 837 205 nominibus
850 178 958 205 indill'e-

1014 180 1108 215 νοεροῦ
1123 179 1211 214 φωτὸς
1224 179 1272 210 τὰς
1286 179 1398 210 ἀκτῖνας
1411 178 1529 209 ἐδέξατο,
1539 178 1598 204 τότε
1614 178 1664 213 τῆς
1674 178 1808 214 ἀληθείας

165 228 260 251 renter
279 223 321 251 usi
339 228 411 251 sunt.
430 223 570 250 Interdum
583 224 655 250 enim
669 225 823 259 gloriﬁcant
836 224 957 256 Patrem,

166 272 194 295 et
212 268 321 300 Filium,
342 272 368 295 et
394 268 524 302 Spiritum
551 273 700 295 sanctum:
727 269 865 296 interdum
891 276 957 296 vero

167 313 275 340 Patrem
299 321 360 340 cum
389 313 499 340 Christo
518 317 546 340 et
571 318 664 341 sancto
690 314 957 349 Spiritu;ca=terum

166 357 238 391 quod
257 357 291 384 ad
305 366 415 385 sensum
431 358 539 392 attinet,
556 359 631 386 nulla
648 363 690 386 est
712 359 784 386 inter
808 365 957 393 utrumque

166 403 331 431 differentia.
362 405 511 439 Propterea
543 413 605 432 cum
636 405 768 432 Dominus
795 405 958 440 praeceperit

165 449 305 484 baptizare
327 450 354 476 in
369 458 470 477 nomen
487 450 576 478 Patris
591 456 618 478 et
634 451 694 478 Filii
712 456 740 478 et
754 451 874 486 Spiritus
895 459 958 478 san-

166 495 400 526 cti,bcatissimus
414 497 513 524 Petrus
533 498 568 525 ab
597 498 631 525 iis
658 497 705 532 qui
732 498 956 532 pmdicationem

165 546 344 575 susceperant
373 541 557 577 interrogatus
586 542 652 577 quid
681 543 771 570 facere
797 546 954 577 oporteret,

170 595 178 611 ι
196 586 318 619 Credite,
345 587 444 622 inquit,
467 592 495 615 ct
518 588 672 623 baptizatur
696 588 885 622 unusquisque
908 595 956 613 ve-

166 638 252 660 strum
267 633 294 660 in
314 633 420 668 1270
434 642 533 660 nomen
550 633 657 660 Domini
681 633 769 660 nostri
787 634 852 661 Jesu
877 633 957 660 Chri—

166 679 200 705 sti
214 679 252 710 ";
269 688 278 703 ι
296 679 372 713 quasi
393 686 493 706 nomen
512 679 565 706 hoc
579 678 633 705 vim
647 686 756 706 onmem
773 678 859 706 divini
878 686 956 705 man-

166 723 222 749 dati
237 723 402 750 contineret.
427 723 505 756 Quod
530 723 640 758 quidem
668 728 763 758 aperte
787 732 838 751 nos
861 723 956 750 docuit

166 768 345 803 Cappadocia
357 769 400 796 vel
418 769 494 796 orbis
514 769 605 804 potius
629 769 751 796 universi
776 769 880 801 lumen,
896 777 955 796 nia-

167 821 236 848 guus
251 814 376 842 Basilius.
399 814 444 842 Sic
456 815 530 842 enim
543 815 581 842 ait
597 824 603 842 :
623 825 630 840 ι
646 814 749 842 Christi
762 815 836 842 enim
860 815 955 849 appel-

1011 226 1035 252 οἰ
1053 226 1172 260 κήρυκες
1187 225 1236 259 τὴν
1253 224 1416 259 οἰκουμένην
1439 223 1628 259 κατηύγασαν.
1652 225 1684 250 Οἱ
1711 225 1809 259 μέντοι

1011 271 1061 305 τῆς
1082 271 1245 305 Ἐκκλησίας
1263 270 1420 297 διδάσκαλοι
1449 270 1604 306 ἀδιαφόρως
1624 271 1667 297 ἀεὶ
1682 272 1740 302 ταῖς
1754 270 1809 297 τοῦ

1013 315 1186 349 Μονογενοῦς
1207 316 1405 351 προσηγορίαις
1421 316 1582 351 ἐχρήσαντο.
1597 316 1664 342 Ποτὲ
1684 316 1733 350 μὲν
1749 316 1808 351 γὰρ

1011 361 1150 393 δοξάζουσι
1172 362 1218 388 τὸν
1246 362 1367 397 Πατέρα,
1385 362 1433 388 καὶ
1451 362 1497 388 τὸν
1512 362 1587 392 Υἰὸν,
1603 363 1650 389 καὶ
1671 363 1700 389 τὸ
1725 362 1808 396 ἅγιον

1012 406 1138 441 Πνεῦμα·
1154 407 1218 433 ποτὲ
1231 407 1259 433 δὲ
1279 406 1324 433 τὸν
1341 407 1451 442 Πατέρα
1466 407 1514 433 σὺν
1528 407 1568 441 τῷ
1582 407 1692 443 Χριστῷ
1704 408 1750 434 καὶ
1764 407 1807 442 τῷ

1013 452 1084 487 ἁγίῳ
1114 452 1265 487 Πνεύματι.
1295 452 1366 478 Ἀλλ’
1389 453 1463 487 ὅμως
1491 452 1619 487 οὐδεμίαν
1650 453 1706 488 ἔχει
1733 453 1808 481 κατὰ

1011 498 1130 524 διάνοιαν
1152 497 1231 524 τοῦτο
1255 498 1324 533 πρὸς
1340 499 1429 525 ἐκεῖνο
1445 498 1586 533 διαφοράν.
1603 500 1652 526 Διά
1666 508 1705 526 τοι
1723 499 1807 526 τοῦτο

1010 544 1057 570 τοῦ
1085 543 1186 579 Κυρίου
1210 544 1427 579 προστεταχότος
1455 544 1597 579 βαπτίζειν
1611 546 1650 576 είς
1664 546 1694 571 τδ
1716 545 1806 580 ονομα

1010 589 1056 615 τοῦ
1075 590 1191 624 Πατρὺς,
1206 590 1253 616 καὶ
1272 589 1319 616 τοῦ
1344 589 1423 622 Υίοῦ,
1443 589 1491 616 καὶ
1507 590 1554 615 τοῦ
1579 589 1656 623 ἁγίου
1673 590 1804 625 Πνεύμα-

1010 643 1065 667 τος,
1080 636 1094 661 ὁ
1109 636 1312 671 τρισμακάριος
1329 635 1432 670 Πέτρος
1450 636 1506 667 τοῖς
1515 634 1547 672 to
1558 636 1692 671 κήρυγμα
1710 636 1805 669 δεδεγο

1012 680 1112 714 μένοις,
1123 680 1263 715 ἐρομένοις
1273 681 1299 707 τί
1311 681 1365 716 χρὴ
1378 681 1508 716 ποιῆσαι·
1524 690 1532 706 ι
1544 681 1722 712 Πιστεύσατε,
1737 682 1802 718 ἔφη,

1011 725 1059 751 καὶ
1072 724 1251 760 βαπτισθήτω
1263 725 1379 757 ἕκαστος
1395 726 1472 761 ὑμῶν
1487 726 1527 758 είς
1543 727 1574 753 τὸ
1584 726 1670 761 ὄνομα
1685 727 1732 753 τοῦ
1743 728 1803 753 Κυ-

1012 769 1069 804 ρίου
1088 769 1166 804 ἡμῶν
1178 770 1264 805 Ἰησοῦ
1279 771 1397 805 Χριστοῦ
1410 780 1417 786 '
1433 781 1441 796 ι
1463 771 1500 802 ὼς
1518 772 1632 806 ταυτησὶ
1649 772 1699 807 τῆς
1712 780 1801 807 προσ-

1009 815 1123 850 ηγορίας
1148 816 1239 842 πᾶσαν
1264 815 1379 851 ἐχούσης
1394 815 1441 842 τοῦ
1464 815 1537 842 θείου
1552 816 1730 851 κηρύγματος
1750 816 1803 852 τὴν

167 859 233 886 latio
260 860 344 887 totius
365 865 406 887 est
430 860 574 888 confessio.
596 871 604 886 ι
632 860 736 888 [ndicat
757 861 831 888 enim
847 861 957 888 Patrem

1013 861 1136 895 Ξύναμιν.
1151 861 1208 886 Καὶ
1222 860 1302 887 τοῦτο
1322 861 1415 894 σαφῶς
1434 861 1508 896 ἡμᾶς
1533 861 1655 893 ἐδίδαξεν
1675 862 1688 887 ὁ
1713 862 1804 896 μέγας

167 905 214 938 qui
243 905 330 938 unxit,
357 905 455 933 Filium
477 907 524 941 qui
542 910 642 933 unctus
666 910 718 939 est,
744 906 877 941 Spiritum
891 914 956 934 sau-

167 955 242 978 ctum
260 959 315 986 quo
333 956 433 979 unctus
452 956 503 979 est.
525 953 558 980 Et
575 952 622 987 qui
638 952 710 987 apud
724 952 841 980 Nicaeam
858 960 957 980 conve-

131 1002 134 1009 '
167 1004 232 1024 nere
259 997 410 1024 beatissimi
432 999 536 1030 Patres,
559 1006 622 1026 cum
643 998 776 1026 dixissent
788 998 957 1026 credendum

169 1050 229 1070 csse
244 1043 271 1070 in
284 1051 367 1070 unum
381 1044 467 1071 Deum
477 1044 595 1076 Patrem,
619 1044 802 1071 subdiderunt
817 1053 824 1071 :
854 1054 863 1069 ι
879 1044 913 1070 ΕΙ.
929 1043 956 1070 in

167 1095 253 1114 unum
273 1088 418 1115 Dominum
443 1092 569 1115 nostrum
589 1089 682 1116 Jesum
700 1089 840 1116 Christum
858 1089 957 1115 Filium

167 1133 215 1160 Dei
243 1133 430 1170 unigenitum,
449 1144 457 1160 ι
486 1135 616 1162 docentes
644 1134 789 1162 Dominum
816 1134 956 1162 Christum

167 1176 256 1210 ipsum
274 1185 333 1204 esse
347 1178 517 1212 unigenitum
536 1178 581 1205 Dei
598 1179 710 1206 Filium.

1010 906 1159 938 Βασίλειος,
1170 906 1184 932 ὁ
1195 906 1245 940 τῆς
1261 906 1471 939 Καππαδοκῶν,
1490 906 1591 941 μᾶλλον
1604 907 1632 933 δὲ
1647 907 1697 942 τῆς
1709 908 1802 933 οἰκου-

1012 953 1096 987 μένης
1114 952 1245 988 φωστήρ*
1267 952 1318 988 ἔφη
1339 952 1368 978 δὲ
1395 952 1498 984 οὕτως·
1521 962 1531 978 ι
1547 952 1579 979 Ἦ
1598 953 1653 988 γὰρ
1669 953 1716 979 τοῦ
1733 953 1804 987 Χρι-

1010 997 1057 1022 τοῦ
1076 997 1246 1032 προσηγορία
1263 996 1310 1023 τοῦ
1331 997 1432 1029 παντός
1455 998 1528 1024 ἐστιν
1540 997 1680 1033 ὁμολογία.
1692 1008 1701 1024 ι
1719 998 1804 1033 Δηλοῖ

1011 1042 1066 1078 γὰρ
1079 1042 1123 1068 τὸν
1137 1043 1247 1078 Πατέρα
1263 1043 1307 1070 τὸν
1321 1043 1463 1078 χρίσαντα,
1474 1043 1519 1070 τὸν
1533 1043 1596 1070 Υίὺν
1610 1044 1656 1070 τὸν
1674 1043 1801 1078 χρισθέν-

1011 1097 1054 1121 τα,
1069 1088 1098 1114 τὸ
1116 1087 1228 1123 Πνεῦμα
1240 1088 1271 1114 τὸ
1281 1088 1357 1122 ἃγιον
1371 1086 1393 1122 ᾧ
1405 1089 1529 1124 ἑχρίσθη.
1552 1090 1606 1116 Καὶ
1617 1090 1641 1115 οἱ
1653 1089 1681 1116 ἐν
1698 1089 1802 1124 Νικαίᾳ

1011 1133 1038 1159 δὲ
1064 1133 1274 1169 συνεληλυθότες
1293 1135 1490 1171 τρισμακάριοι
1514 1135 1644 1170 Πατέρες,
1676 1135 1803 1167 εἰπόντες

1012 1179 1111 1214 χρῆναι
1129 1179 1270 1206 πιστεύειν
1292 1181 1330 1211 εἰς
1350 1180 1398 1206 ἓνα
1415 1180 1480 1206 Θεὸν
1503 1180 1622 1213 Πατέρα,
1645 1181 1802 1215 ἐπήγαγον-

170 1234 178 1249 ε
190 1224 242 1250 Καὶ
260 1225 300 1256 εἰς
319 1226 366 1252 ἕνα
384 1227 486 1261 Κύριον
502 1227 606 1261 Ἰησοῦν
623 1227 751 1261 Χριστὸν,
767 1227 810 1253 τὶν
827 1227 890 1253 Υἰδν
921 1226 967 1253 τοῦ
986 1226 1053 1253 Θεοῦ
1073 1227 1119 1253 τὸν
1141 1227 1287 1262 μονογενῆ·
1303 1237 1311 1253 ι
1334 1227 1504 1259 διδάσκοντες
1538 1226 1575 1259 ὡς
1591 1228 1604 1253 ὁ
1631 1226 1731 1263 Κύριος
1749 1227 1804 1261 ’1η-

166 1271 229 1303 σοῦς
244 1273 371 1307 Χριστὸς,
388 1274 551 1305 αὑτόςὲστιν
561 1275 575 1300 ὁ
591 1275 738 1310 μονογενὴς
755 1275 818 1306 Υἱὸς
826 1274 873 1301 τοῦ
884 1274 963 1302 Θεοῦ.

201 1334 254 1362 Sed
271 1339 299 1362 et
322 1336 374 1363 hoc
399 1340 530 1371 prmterca
549 1337 740 1371 superioribus
755 1337 953 1372 adjiciendum,

165 1381 221 1408 dici
250 1389 304 1408 non
338 1387 476 1417 oportere,
507 1382 646 1410 Christum
676 1387 739 1418 post
767 1383 955 1410 ascensionem

166 1426 306 1454 Christum
320 1435 375 1454 non
391 1435 462 1461 esse,
477 1429 524 1456 sed
537 1429 636 1456 Filium
653 1429 835 1463 unigenitum.
849 1429 958 1456 Etenim

167 1477 229 1507 post
238 1473 427 1501 ascensionem
452 1482 517 1501 sane
534 1474 625 1501 divina
640 1475 785 1510 Evangelia
805 1474 961 1508 conscripta

167 1523 241 1551 sunt,
252 1523 279 1546 et
287 1519 403 1546 Aetuum
415 1520 540 1553 historia,
552 1525 579 1547 et
588 1521 675 1555 ipsius
686 1520 809 1555 Apostoli
819 1520 958 1555 Epistolm.

167 1564 232 1591 Post
244 1565 430 1592 ascensionem
442 1567 539 1593 clamat
550 1566 659 1593 divinus
670 1567 784 1593 Paulus:
802 1576 811 1591 ι
821 1565 958 1592 Habentes

168 1611 326 1645 pontiﬁcem
345 1619 472 1647 magnum
490 1612 537 1646 qui
562 1612 717 1646 penetravit
746 1612 840 1643 caelos,
864 1611 957 1638 .lesum

168 1655 308 1683 Christum
323 1657 469 1683 Dominum
482 1661 619 1688 nostrum,
643 1661 785 1683 teneamus
806 1656 957 1683 confessio-

169 1709 232 1728 nem
253 1701 286 1728 ⁸³.
305 1710 314 1727 ι
341 1701 375 1728 Et
397 1701 497 1729 iterum
515 1711 521 1728 :
552 1712 561 1727 ‹
579 1702 639 1729 Non
663 1702 736 1729 enim
762 1702 788 1728 in
804 1701 957 1729 manufacta

169 1749 263 1773 sancta
278 1746 405 1773 Christus
418 1746 554 1779 introivit,
572 1746 739 1781 exemplaria
755 1753 896 1778 verorum,
911 1746 959 1773 sed

171 1792 197 1818 in
216 1792 304 1826 ipsum
321 1792 432 1824 cmlum,
456 1796 486 1819 ut
510 1797 641 1827 appareat
663 1800 738 1820 nunc
757 1792 785 1819 in
810 1797 961 1827 conspectu

170 1838 219 1864 Dei
240 1846 289 1872 pro
310 1838 390 1865 nobis
406 1838 445 1871 ³⁵;
469 1848 478 1864 ι
500 1843 527 1866 et
540 1846 635 1866 rursus
647 1846 710 1865 cum
724 1838 758 1865 de
772 1846 819 1873 spe
835 1838 861 1864 in
875 1839 960 1865 Deum

171 1884 261 1918 aliqua
292 1884 415 1916 dixisset,
445 1885 565 1919 adjecit:
584 1895 592 1910 ι
611 1884 698 1918 Quam
727 1885 797 1911 sicut
813 1885 960 1911 auclioram

172 1930 306 1958 habemus
321 1935 407 1957 tutam
423 1939 455 1958 ac
474 1930 590 1963 ﬁrmam,
607 1936 634 1958 et
656 1931 855 1966 ingredientem
875 1938 961 1965 usque

171 1975 206 2002 ad
231 1976 360 2003 interiora
382 1977 536 2009 velaminis,
566 1977 612 2004 ubi
635 1985 789 2012 prrecursor
814 1985 862 2012 pro
883 1977 962 2004 nobis

173 2022 297 2049 introivit
324 2023 414 2054 Jesus,
447 2023 600 2050 secundum
633 2023 756 2050 ordinem
782 2023 963 2050 Melchiscdec

172 2069 293 2103 pontifex
303 2069 390 2096 factus
401 2069 428 2096 in
441 2074 573 2097 aeternum
585 2070 618 2096 ³⁵.
636 2079 645 2094 ι
672 2070 706 2096 Ει
728 2069 760 2096 ad
786 2069 896 2095 beatum
918 2069 964 2094 Ti-

174 2119 231 2140 tum
258 2113 292 2141 de
312 2114 433 2141 secundo
451 2114 576 2141 scribens
595 2114 713 2141 adventu
729 2114 833 2148 1271
849 2113 888 2140 sic
902 2113 939 2140 ait
955 2123 961 2140 ε

177 2169 185 2185 ι
202 2160 397 2195 Exspectantes
415 2160 522 2187 beatam
533 2169 610 2195 spem
621 2165 648 2188 et
660 2161 859 2195 apparitioncm
871 2160 963 2194 glorize

1043 1336 1104 1371 Χρὴ
1121 1335 1149 1362 δὲ
1172 1335 1284 1361 κάκεῖνο
1306 1334 1463 1370 προσθεῖναι
1487 1334 1544 1364 τοῖς
1572 1333 1743 1368 εἰρημένοις,
1763 1332 1804 1364 ὡς

1010 1381 1040 1408 οὐ
1056 1381 1108 1416 χρὴ
1130 1380 1240 1414 λέγειν·
1257 1380 1335 1407 Μετὰ
1357 1379 1407 1414 τὴν
1431 1378 1565 1413 ἀνάληψιν
1587 1377 1636 1404 οὐκ
1653 1377 1711 1403 ἔστι
1736 1378 1804 1412 Χρι-

1013 1427 1075 1458 στος
1099 1427 1113 1452 ὁ
1135 1426 1275 1460 Δεσπότης
1293 1425 1428 1460 Χριστός·
1448 1425 1532 1456 ἀλλὰ,
1555 1423 1618 1455 Υἱὸς
1643 1424 1802 1458 μονογενής.

1011 1472 1087 1499 Μετὰ
1103 1472 1157 1507 γὰρ
1173 1471 1204 1506 δὴ
1220 1471 1267 1506 τὴν
1285 1471 1421 1506 ἀνάληψιν
1440 1470 1487 1496 καὶ
1511 1469 1546 1495 τὰ
1569 1469 1628 1495 θεῖα
1646 1469 1802 1502 Εὑαγγέλια

1013 1517 1182 1553 συνεγρέιᾳη,
1202 1518 1248 1543 καὶ
1264 1518 1279 1551 ἡ
1296 1517 1350 1543 τῶν
1367 1516 1493 1550 πράξεων
1520 1515 1635 1550 ἱστορία,
1653 1515 1700 1541 καὶ
1719 1513 1802 1540 αὐτοῦ

1016 1563 1177 1589 Ἀποστόλου
1198 1561 1365 1588 Ἐπιστολαί.
1387 1561 1464 1588 Μετὰ
1484 1561 1534 1596 τὴν
1549 1559 1684 1595 ἀνάληψιν
1703 1563 1718 1588 ὁ
1731 1560 1802 1591 θεῖος

1013 1610 1062 1645 βοᾷ
1084 1609 1207 1640 Παῦλος·
1227 1618 1237 1634 ι
1250 1609 1380 1643 Ἔχοντες
1399 1608 1532 1643 ἀρχιερέα
1560 1608 1657 1643 μέγαν,
1680 1607 1802 1642 διεληλυ-

1011 1655 1076 1682 οότα
1099 1655 1162 1686 τοῦς
1183 1655 1325 1690 οὐρανοὺς,
1358 1653 1461 1689 Ἰησοῦν
1485 1653 1612 1688 Χριστὸν,
1633 1653 1678 1679 τὸν
1699 1653 1802 1688 Κύριον

1009 1699 1099 1735 ἡμῶν,
1119 1699 1265 1735 κρατῶμεν
1281 1700 1331 1734 τῆς
1350 1699 1506 1734 ὁμολογίας.
1519 1709 1528 1724 ι
1552 1700 1606 1725 Καὶ
1620 1699 1715 1726 πάλιν·
1740 1709 1748 1724 ι
1764 1699 1801 1725 Οὐ

1013 1746 1067 1782 γὰρ
1079 1747 1119 1777 εἰς
1132 1746 1307 1781 χειροποίητα
1322 1746 1387 1779 ἆγια
1405 1745 1530 1780 εἰσῆλθεν
1546 1745 1675 1780 Χριστὸς,
1693 1745 1802 1771 ἀντίτυ-

1012 1800 1049 1818 πα
1066 1791 1119 1818 τῶν
1137 1791 1281 1826 ἀληθινῶν,
1304 1791 1362 1818 ἀλλ’
1383 1792 1422 1823 εἰς
1445 1791 1525 1817 αὑτὸν
1548 1791 1593 1817 τὸν
1616 1791 1739 1826 οὐρανὸν,
1755 1790 1803 1816 νῦν

1012 1837 1211 1873 ἐμφανισθῆναι
1233 1837 1272 1872 τῷ
1287 1836 1425 1872 προσώπῳ
1441 1836 1488 1863 τοῦ
1507 1836 1573 1863 Θεοῦ
1597 1836 1667 1871 ὑπὲρ
1687 1836 1776 1871 ἡμῶν.
1791 1845 1800 1862 ι

1013 1883 1068 1910 Καὶ
1083 1881 1171 1915 αὖθις,
1185 1883 1309 1918 περὶτῆς
1324 1884 1362 1914 είς
1372 1883 1418 1910 τὸν
1430 1884 1495 1910 Θεὸν
1511 1882 1617 1914 ἐλπίδος
1631 1882 1715 1909 εἰπών
1728 1890 1800 1913 τινα.

1012 1930 1167 1965 ἐπήγαγεν·
1186 1938 1194 1954 ι
1210 1930 1264 1955 ’Ἢν
1280 1929 1318 1960 ὡς
1335 1929 1459 1964 ἄγκυραν
1475 1929 1570 1964 ἔχομεν
1587 1928 1694 1963 ἀσφαλῆ
1711 1937 1740 1954 τε
1755 1928 1802 1954 καὶ

1014 1975 1136 2011 βεϐαίαν,
1153 1975 1198 2001 καὶ
1214 1974 1408 2009 εἰσερχομένην
1429 1975 1468 2005 είς
1485 1975 1514 2000 τὸ
1530 1973 1665 2008 ἐσώτερον
1683 1973 1731 1999 τοῦ
1751 1982 1800 1999 κα-

1012 2020 1233 2055 ταπετάσματος,
1247 2020 1315 2045 ὅπου
1334 2019 1487 2054 πρόδρομος
1503 2019 1626 2054 εἰσῆλθεν
1645 2018 1802 2053 ὑπὲρὴμῶν

1020 2065 1135 2100 Ἰησοῦς,
1155 2065 1226 2091 κατὰ
1246 2064 1296 2099 τὴν
1315 2063 1392 2095 τάξιν
1407 2064 1576 2098 Μελχισεδὲκ
1597 2064 1743 2098 ἀρχιερεὺς
1756 2071 1803 2097 γε·

1014 2111 1125 2146 νόμενος
1147 2111 1186 2141 εἰς
1213 2109 1258 2137 τδν
1280 2109 1377 2136 αἰῶνα.
1393 2118 1402 2134 ι
1426 2110 1481 2136 Καὶ
1492 2109 1530 2144 τῷ
1547 2109 1674 2145 μακαρίῳ
1690 2109 1718 2135 δὲ
1734 2109 1804 2144 Τίτῳ

1015 2156 1080 2191 περὶ
1098 2157 1147 2190 τῆς
1158 2155 1289 2190 δευτέρας
1304 2155 1418 2190 γράφων
1431 2155 1603 2189 ἐπιφανείας,
1620 2154 1707 2186 οὕτως
1724 2153 1784 2181 εἷπε
1796 2161 1805 2167 “

173 2205 263 2240 magni
289 2205 336 2232 Dei
364 2209 391 2232 et
415 2205 564 2232 Salvatoris
588 2206 674 2232 nostri
699 2205 763 2232 Jcsu
777 2205 880 2232 Christi
893 2205 926 2231 ⁸⁵.
950 2214 958 2229 ι

1018 2213 1027 2227 ‹
1040 2202 1255 2237 Προσδεχόμενοι
1281 2202 1331 2236 τὴν
1358 2201 1496 2236 μακαρίαν
1517 2200 1624 2231 ἐλπίδα,
1640 2200 1688 2227 καὶ
1704 2199 1804 2233 ἐπιπρὸ.-

173 2251 207 2278 Et
234 2251 267 2278 ad
288 2251 544 2278 Thessalonicenses
568 2258 677 2286 quoque
701 2250 800 2277 similia
832 2250 959 2285 scripsit:

178 2307 186 2320 ‹
202 2296 256 2330 Ipsi
275 2297 349 2323 enim
359 2297 524 2323 annuntiant
536 2296 570 2323 de
589 2295 679 2327 nobis,
691 2296 801 2330 qualem
817 2295 960 2322 introitum

175 2341 353 2369 habuerimus
368 2341 402 2368 ad
418 2349 478 2373 vos,
493 2346 520 2367 et
533 2341 672 2375 quomodo
693 2341 820 2368 conversi
838 2340 904 2368 estis
927 2341 961 2368 ad

175 2387 258 2413 Deum
280 2395 295 2414 a
320 2386 483 2418 simulacris,
510 2387 614 2413 servire
639 2387 693 2413 Deo
705 2386 768 2413 vivo
777 2387 826 2413 et‘
845 2394 920 2418 vero,
935 2391 964 2414 et

173 2437 332 2467 exspectare
348 2432 445 2459 Filium
467 2432 527 2467 ejus
544 2432 577 2459 de
594 2433 682 2464 caelis,
695 2440 777 2467 quem
792 2432 935 2459 suscitavit
947 2441 961 2459 a

174 2479 300 2511 mortuis,
314 2479 417 2510 Jesum,
437 2478 483 2512 qui
498 2477 601 2512 eripuit
614 2486 663 2504 nos
676 2477 710 2504 ab
723 2478 761 2504 ira
773 2482 890 2504 ventura
899 2478 928 2505 ⁸⁷.
951 2487 958 2502 ι

173 2525 208 2552 Et
221 2525 320 2552 iterum
340 2533 346 2550 :
370 2534 378 2548 α
393 2525 445 2551 Vos
467 2528 558 2551 autem
582 2524 714 2551 Dominus
738 2523 913 2558 multiplicct,
936 2527 963 2550 ct

173 2570 315 2597 abundare
343 2570 424 2597 faciat
447 2570 609 2597 charitatem
627 2574 748 2596 vestram
763 2570 789 2596 in
802 2569 918 2596 invicem
937 2573 964 2596 et

175 2617 201 2642 in
217 2624 323 2646 omnes,
338 2616 571 2650 quemadmodum
582 2620 609 2643 et
622 2623 672 2642 nos
690 2615 717 2642 in
735 2623 793 2646 vos,
811 2615 844 2642 ad
860 2615 962 2642 conﬁr-

176 2662 274 2688 uanda
297 2662 380 2688 corda
404 2667 494 2689 vestra
518 2661 654 2696 inculpata
673 2661 700 2688 in
716 2661 858 2688 sanctitate
872 2669 963 2688 coram

175 2707 231 2734 Deo
245 2713 272 2735 et
291 2708 369 2734 Patre
384 2711 487 2738 nostro,
505 2707 531 2734 in
546 2707 663 2734 adventu
677 2707 785 2735 Domini
799 2707 884 2734 nostri
899 2707 963 2734 Jcsu

179 2835 194 2856 η
212 2799 313 2859 '"wAcl.
331 2807 357 2830 ιι,
377 2801 419 2826 τε.
458 2800 479 2815 ⁸³
497 2798 579 2826 llclu'.
597 2807 631 2830 Iv,
651 2798 691 2824 Η.
731 2798 750 2813 ⁸⁵
767 2797 848 2825 Hebr.
868 2805 903 2828 ix,
922 2797 965 2823 21,Δ

180 2852 204 2866 υ,
229 2852 266 2859 .ν.

1015 2256 1090 2274 νειαν
1117 2249 1166 2281 τῆς
1193 2246 1272 2282 δόξης
1297 2246 1345 2272 τοῦ
1374 2245 1492 2281 μεγάλου
1512 2245 1579 2272 Θεοῦ
1605 2246 1654 2271 καὶ
1681 2245 1804 2283 Σωτῆρος

1015 2293 1094 2329 ἡμῶν
1118 2292 1205 2328 Ἰησοῦ
1220 2292 1347 2328 Χριστοῦ.
1365 2301 1374 2318 ›
1406 2293 1460 2318 Καὶ
1486 2291 1711 2318 Θεσσαλονικεῦσι
1728 2291 1756 2317 δὲ
1772 2291 1805 2318 τὰ

1016 2338 1195 2374 παραπλήσια
1225 2339 1383 2373 γέγραφεν·
1420 2337 1523 2364 (Αὐτοὶ
1547 2336 1602 2372 γὰρ
1630 2337 1695 2371 περὶ
1727 2336 1805 2371 ἡμῶν

1015 2385 1230 2419 ἀπαγγελοῦσιν,
1259 2385 1355 2411 ὁποίαν
1380 2383 1482 2410 εἴσοδον
1510 2383 1607 2418 ἔχομεν
1632 2383 1700 2418 πρὸς
1722 2383 1803 2416 ὑμᾶς,

1016 2432 1064 2459 καὶ
1079 2431 1136 2463 πῶς
1159 2430 1345 2465 ἐπεστρέψατε
1364 2430 1432 2466 πρὸς
1446 2429 1492 2456 τὸν
1507 2430 1574 2456 Θεὸν
1596 2429 1651 2456 ἀπὸ
1661 2429 1717 2455 τῶν
1730 2428 1804 2455 εἰδώ-

1016 2479 1079 2511 λων,
1100 2477 1234 2504 δουλεύειν
1250 2476 1309 2512 Θεῷ
1329 2476 1410 2509 ζῶντι
1432 2477 1479 2502 καὶ
1493 2475 1625 2511 ἀληθινῷ,
1640 2475 1687 2502 καὶ
1703 2474 1805 2509 ἀναμέ-

1016 2533 1071 2551 νειν
1087 2525 1132 2550 τὸν
1152 2524 1215 2550 Υίὸν
1241 2523 1324 2550 αὑτοῦ
1339 2523 1370 2549 ἐκ
1384 2521 1439 2548 τῶν
1450 2521 1583 2557 οὐρανῶν,
1600 2521 1629 2548 ὃν
1648 2521 1758 2556 ἤγειρεν
1773 2522 1804 2547 ὲκ

1017 2570 1069 2596 τῶν
1083 2569 1201 2604 νεκρῶν,
1223 2568 1337 2603 Ἰησοῦν,
1359 2568 1405 2594 τὸν
1431 2567 1562 2602 ῥυόμενον
1592 2567 1664 2601 ἡμᾶς
1681 2566 1735 2592 ἀπὸ
1757 2565 1804 2599 τῆς

1016 2615 1100 2650 ὀργῆς
1117 2615 1278 2650 ἐρχομένης.
1291 2624 1301 2640 ι
1320 2614 1375 2640 Καὶ
1392 2613 1487 2640 πάλιν·
1505 2622 1514 2638 ι
1530 2613 1618 2646 ’Υμᾶς
1634 2612 1661 2638 δὲ
1675 2612 1690 2638 ὁ
1705 2611 1804 2647 Κύριος

1019 2661 1176 2691 πλεονάσαι,
1188 2660 1234 2687 καὶ
1252 2659 1430 2694 περισσεύσαι
1445 2660 1478 2694 τῇ
1495 2659 1590 2694 ἀγάπῃ
1606 2659 1646 2689 εἰς
1663 2657 1803 2692 ἀλλήλους,

1019 2706 1064 2732 καὶ
1079 2706 1118 2737 εἰς
1133 2706 1246 2736 πάντας,
1269 2704 1394 2738 καθάπερ
1410 2704 1456 2730 καὶ
1468 2705 1548 2738 ἡμεῖς
1568 2704 1608 2734 εἰς
1625 2704 1707 2738 ὑμᾶς,
1726 2703 1765 2733 εἰς
1777 2702 1805 2727 τὸ

1021 2795 1043 2810 ⁸⁸
1062 2794 1144 2820 llcbr.
1160 2802 1194 2825 γι,
1209 2793 1251 2825 19,
1264 2793 1299 2820 20
1349 2793 1371 2808 ¹⁶
1390 2793 1443 2819 ΤΗ.
1463 2799 1492 2823 ιι,
1522 2791 1562 2818 15.
1602 2793 1624 2808 ⁸⁷
1642 2791 1651 2818 l
1679 2791 1774 2817 Thess.
1787 2797 1804 2822 I,
