1945 3058
97 134 133 166 Μ
137 136 179 167 05

771 135 952 166 EPISTULA
973 137 1093 168 CXLVI.

1666 140 1734 171 1106

95 190 235 226 στηρίξαι
253 190 331 226 ὑμῶν
347 190 396 223 τὰς
410 190 523 226 καρδίας
536 190 698 226 ἀμέμπτους
712 192 740 216 ἐν
756 190 895 226 ἁγιωσύνῃ

952 192 1048 220 Christi
1061 201 1125 220 cum
1139 194 1268 221 omnibus
1279 194 1381 222 sanctis
1392 195 1451 230 ejus
1461 195 1492 221 ⁸⁸.
1508 206 1516 220 ι
1533 195 1633 223 lterum
1645 203 1735 224 autem

95 235 265 272 ἔμπροσθεν
280 235 327 263 τοῦ
339 236 406 263 Θεοῦ
419 237 465 263 καὶ
484 236 590 271 Πατρὸς
604 236 692 271 ἡμῶν,
706 237 734 263 ἐν
746 238 777 272 τῇ
794 244 897 271 παρου-

96 282 151 317 σίᾳ
172 281 219 308 τοῦ
234 282 337 317 Κυρίου
354 282 432 317 ἡμῶν
457 281 544 316 Ἰησοῦ
557 281 687 317 Χριστοῦ,
707 282 775 316 μετὰ
787 282 897 308 πάντων

94 329 162 356 τῶν
180 330 265 363 ἁγίων
282 329 375 356 αὐτοῦ.
392 339 401 355 ν
427 330 481 356 Καὶ
505 327 582 361 αὖθις
606 330 634 356 δὲ
655 331 712 360 τοῖς
734 330 825 361 αὐτοῖς
839 330 898 355 ἐπι-

97 375 219 406 στείλας
236 375 283 401 καὶ
296 376 382 402 ταῦτα
400 369 523 402 τέθεικεν
536 383 543 390 ·
558 386 567 401 ι
587 376 749 411 Ἐρωτῶμεν
762 376 791 402 δὲ
811 376 897 411 ὑμᾶς,

97 420 232 454 ἀδελφοὶ,
260 421 329 455 ὑπὲρ
355 421 405 456 τῆς
439 421 592 456 παρουσίας
614 421 661 447 τοῦ
687 421 789 456 Κυρίου
821 421 899 456 ἡμῶν

103 464 205 500 Ἰησοῦ
219 465 349 501 Χριστοῦ,
364 467 410 493 καὶ
422 466 500 502 ἡμῶν
516 467 725 502 ἐπισυναγωγῆς
735 467 778 493 ἐπ’
790 467 896 494 αὐτόν.»

98 511 164 537 Καὶ
194 512 251 546 μετ’
277 511 355 545 ὀλίγα
381 511 427 544 δὲ,
450 511 497 538 τοῦ
522 512 707 546 Ἀντιχρίστου
727 512 772 538 τὸν
790 512 899 547 ὖλεθρον

101 556 313 591 προθεσπίζων,
333 558 489 592 ἐπήγαγεν·
508 566 518 582 ι
538 559 585 584 Ὃν
601 558 616 584 ὁ
641 557 742 593 Κύριος
765 557 899 584 ἀναλώσει

101 602 146 637 τῷ
174 602 311 637 πνεύματι
335 603 382 629 τοῦ
401 603 534 638 στόματος
551 602 643 634 αὑτοῦ,
664 604 711 630 καὶ
733 605 900 640 καταργήσει

101 648 139 682 ἰιῇ
173 648 319 683 ἐπιφανείᾳ
342 648 392 683 τῆς
416 649 568 683 παρουσίας
591 649 685 676 αὐτοῦ.
700 659 710 675 ι
745 650 800 676 Καὶ
834 650 901 676 Ῥω-

107 694 211 728 μαίους
231 694 258 720 δὲ
282 695 322 726 εἰς
338 695 464 728 ὁμόνοιαν
488 695 643 729 προτρέψας
659 695 706 721 καὶ
719 695 804 722 ταῦτα
819 703 901 730 προσ-

105 739 221 765 τέθεικε
233 748 239 755 ·
256 749 265 765 ι
276 740 311 766 Σὺ
336 739 364 766 δὲ
390 740 415 766 τί
432 740 535 775 κρίνεις
550 740 594 767 τὸν
614 740 727 776 ἀδελφόν
745 749 809 773 σου;
825 741 841 777 ἦ
856 741 901 767 καὶ

109 786 145 812 σὺ
165 785 193 812 τί
214 785 362 818 ἐξουθενεῖς
378 786 423 813 τὸν
440 786 554 820 ἀδελφόν
573 795 637 820 σου;
655 787 758 819 Πάντες
774 787 828 822 γὰρ
847 796 902 814 πα-

108 831 308 866 ραστησόμεθα
330 831 368 866 τῷ
393 832 496 867 βήματι
519 831 566 859 τοῦ
591 833 720 868 Χριστοῦ.
747 833 902 869 Γέγραπται

106 878 183 911 γάρ·
204 877 247 904 Ζῶ
263 877 329 912 ἐγὼ,
345 878 419 912 λέγει
435 878 547 913 Κύριος,
563 879 604 905 ὅτι
633 879 695 914 ἐμοὶ
717 879 821 914 κάμψει
846 880 900 906 πᾶν

107 923 189 958 γόνυ,
207 924 254 950 καὶ
277 925 352 951 πᾶσα
374 925 485 958 γλῶσσα
512 924 737 960 ἐξομολογήσεται
753 925 792 960 τῷ
805 925 873 960 Θεῷ.
888 935 897 951 ι

107 970 168 996 Καὶ
189 970 269 1001 αὐτὸς
285 970 314 997 δὲ
335 972 349 997 ὁ
366 971 477 1006 Κύριος,
496 970 545 1006 τὴν
559 970 688 1006 δευτέραν
701 971 783 997 αὐτοῦ
799 980 902 1007 παρου-

108 1015 173 1042 σίαν
190 1016 396 1051 προαγορεύων,
410 1016 478 1051 πρὸς
501 1015 609 1048 πολλοῖς
639 1016 729 1048 ἄλλοις
746 1016 794 1043 καὶ
815 1016 902 1042 ταῦτα

107 1064 209 1100 εἴρηκε
219 1071 226 1079 ·
246 1073 254 1088 ι
265 1062 332 1089 Τότε
350 1062 397 1089 ἐάν
414 1070 456 1093 τις
470 1061 534 1096 ὑμῖν
547 1061 610 1096 εἴπῃ
623 1069 630 1076 ·
651 1061 719 1088 Ἰδοὺ
741 1057 792 1087 ὧδε
808 1062 822 1086 ὁ
834 1061 901 1096 Χρι-

108 1109 185 1140 στὸς,
203 1109 257 1135 ίδοὺ
274 1108 348 1134 ὲκεῖ’
364 1107 400 1142 μὴ
414 1105 589 1141 πιστεύσητε.
604 1106 711 1142 Ὥσπερ
727 1106 780 1140 γὰρ
796 1106 896 1141 ἀστρα-

109 1153 149 1189 πὴ
165 1149 306 1188 ἐξέρχεται
320 1151 373 1178 ἀπὸ
381 1151 528 1182 ἀνατολῶν,
541 1151 587 1177 καὶ
595 1151 719 1184 φαίνεται
733 1151 771 1182 εἰς
785 1151 900 1185 δυσμὰς,

108 1198 198 1229 οὕτως
215 1198 291 1224 ἔσται
303 1198 320 1232 ἡ
343 1197 479 1232 παρουσία
497 1196 544 1222 τοῦ
566 1195 631 1221 Υἱοῦ
649 1195 697 1221 τοῦ
716 1194 873 1230 ἀνθρώπου.
889 1205 898 1220 ι

110 1244 168 1271 Καὶ
184 1244 253 1279 μετὰ
269 1243 319 1278 τὴν
338 1242 384 1269 τοῦ
403 1242 529 1277 σώματος
550 1241 699 1268 ἀθανασίαν
728 1241 774 1267 καὶ
795 1241 901 1276 ἀφθαρ-

111 1290 185 1323 σίαν,
201 1290 266 1316 Υίδν
291 1288 434 1326 ἀνθρώπου
461 1287 557 1314 ἑαυτὸν
584 1287 815 1323 προσηγόρευσεν,
847 1287 902 1314 ἀπὸ

111 1337 162 1371 τῆς
175 1335 315 1371 ὀρωμένης
333 1335 439 1369 φύσεως
452 1334 598 1369 ὀνομάσας.
616 1334 688 1369 Αὕτη
706 1334 760 1369 γὰρ
780 1333 828 1360 καὶ
841 1334 901 1359 τότε

111 1382 273 1417 φανήσεται.
297 1381 330 1408 Ἦ
344 1381 397 1416 γὰρ
416 1379 476 1407 θεία
496 1379 576 1414 φύσις
596 1380 643 1406 καὶ
667 1380 793 1413 ἀγγέλοις
818 1379 901 1413 ἀόρα-

111 1436 167 1460 τος.
187 1437 196 1452 ε
208 1427 274 1453 Θεὸν
289 1427 343 1462 γὰρ
366 1426 454 1457 οὐδεὶς
477 1425 582 1461 ἑώρακε
600 1424 742 1457 πώποτε,›
762 1425 832 1450 κατὰ
852 1425 901 1458 τὴν

112 1474 195 1501 αὑτοῦ
218 1473 265 1500 τοῦ
290 1472 390 1508 Κυρίου
414 1472 515 1507 φωνήν.
534 1472 589 1498 Καὶ
610 1471 648 1506 τῷ
664 1471 776 1506 μεγάλῳ
788 1471 902 1497 Μωῦσεῖ

948 239 982 266 ad
997 239 1108 266 eosdem
1124 240 1249 268 scribens
1267 241 1324 268 haec
1336 241 1426 275 posuit
1444 250 1451 267 :
1474 250 1482 266 ι
1496 240 1633 276 Rogamus
1645 247 1737 270 autem

949 293 1007 318 vos,
1024 286 1132 318 fratres,
1150 294 1200 321 per
1209 287 1356 314 adventum
1367 287 1474 314 Domini
1485 288 1570 314 nostri
1582 288 1643 315 Jesu
1657 288 1737 315 Chri—

949 331 993 363 sti,
1013 336 1041 358 et
1065 337 1184 359 nostram
1212 333 1451 368 congregationem
1469 333 1502 360 ad
1517 333 1606 368 ipsum
1623 334 1656 360 ⁸³.
1676 344 1684 359 ι
1705 334 1738 361 Et

949 382 1010 412 post
1033 387 1119 412 pauca
1144 379 1306 406 Antichristi
1330 379 1482 413 praedicans
1499 379 1653 410 interitum,
1678 380 1736 406 haec

949 424 1077 451 addidit:
1100 434 1109 449 ‹
1127 424 1212 457 Quem
1233 424 1366 452 Dominus
1389 418 1538 451 interfieict
1557 424 1656 458 spiritu
1681 425 1739 450 oris

950 469 1003 502 sui,
1016 474 1044 497 et
1062 469 1187 497 destruet
1199 470 1384 497 illustratione‘
1396 470 1530 497 adventus
1552 470 1593 496 sui
1622 469 1654 496 9".
1670 479 1678 494 ›
1705 470 1738 496 Et

951 516 1088 543 Romanos
1112 516 1262 543 exhortans
1276 516 1309 543 ad
1325 515 1511 548 concordiam,
1529 515 1647 550 adjecit:
1669 525 1677 540 ‹
1697 515 1736 542 Tu

950 565 1041 588 autem
1066 560 1133 595 quid
1158 560 1264 596 judicas
1287 560 1400 588 fratrem
1429 561 1527 587 tuum?
1545 560 1645 587 Omnes
1664 561 1737 587 enim

950 606 1084 634 stabimus
1098 610 1162 633 ante
1181 606 1300 633 tribunal
1311 606 1423 633 Christi.
1445 606 1583 640 Scriptum
1594 610 1638 632 est
1646 606 1718 633 enim
1731 616 1737 632 τ

951 651 1018 678 Vivo
1024 650 1436 686 ego,dicitDominus,qnoniam
1446 651 1513 677 mihi
1524 651 1649 678 ﬂectetur
1658 658 1738 677 omne

951 705 1034 732 genu,
1056 701 1084 724 et
1108 697 1200 724 omnis
1225 697 1318 732 lingua
1343 695 1520 723 conﬁtebitur
1545 696 1600 723 Deo
1623 697 1655 722 θ’.
1672 706 1682 721 ι
1706 697 1740 723 Et

951 742 1083 769 Dominus
1099 742 1169 776 ipse,
1190 742 1338 769 adventum
1353 749 1433 768 suum
1450 741 1648 776 praenuntiam,
1667 741 1740 768 inter

952 788 1004 815 alia
1026 788 1111 815 multa
1133 788 1192 815 haec
1215 788 1298 815 etiam
1316 788 1386 815 dixit
1401 796 1406 814 :
1433 797 1442 812 ι
1456 787 1534 814 Tunc
1547 788 1569 815 si
1584 787 1646 822 quis
1662 787 1741 814 vobis

952 833 1053 860 dixerit
1066 843 1072 860 :
1090 834 1160 861 Ecce
1175 833 1219 860 hic
1236 837 1279 860 est
1292 832 1429 864 Christus,
1440 837 1487 859 aut
1499 832 1563 865 illic,
1582 833 1665 859 nolite
1678 839 1739 859 ere-

952 879 1029 907 dere.
1051 879 1128 906 Sicut
1146 879 1219 906 enim
1235 879 1326 914 fulgur
1344 880 1451 914 1272
1479 878 1535 906 exit
1561 870 1596 905 ab
1622 879 1739 910 oriente,

951 930 979 953 et
996 930 1074 960 paret
1089 934 1176 961 usque
1200 926 1227 952 in
1243 925 1423 957 occidentem,
1442 925 1480 952 ita
1496 925 1550 952 erit
1567 929 1594 952 et
1606 924 1745 951 adventus

952 973 1013 1000 Filii
1033 972 1154 999 hominis
1170 972 1203 998 θ’.
1222 982 1230 997 ι
1247 972 1280 998 Et
1293 976 1355 1006 post
1366 971 1489 1006 corporis
1507 970 1738 997 immortalitatem

951 1022 979 1044 et
1007 1016 1307 1051 incorruptibilitatem,
1338 1016 1439 1043 Filium
1469 1015 1588 1042 hominis
1619 1015 1738 1049 seipsum

952 1061 1107 1096 appellavit,
1121 1069 1154 1088 ex
1170 1066 1267 1088 natura
1279 1061 1424 1088 nominans
1435 1068 1496 1095 quae
1506 1060 1593 1087 oculis
1606 1059 1742 1086 cernitur-

952 1107 1015 1135 Haec
1038 1107 1112 1134 enim
1142 1112 1207 1134 tunc
1235 1107 1317 1134 etiam
1339 1106 1504 1141 apparebit:
1524 1105 1616 1132 divina
1637 1106 1740 1140 quippe

951 1156 1050 1180 natura
1066 1153 1149 1180 etiam
1162 1153 1265 1188 angelis
1285 1157 1327 1179 cst
1351 1152 1508 1179 invisibilis.
1535 1161 1543 1176 ι
1558 1151 1642 1177 Deum
1653 1151 1738 1181 enim,

949 1200 1026 1234 juxta
1038 1199 1125 1233 ipsius
1137 1199 1243 1226 Domini
1256 1206 1361 1231 vocem,
1380 1206 1460 1226 nemo
1478 1198 1546 1224 vidit
1559 1198 1737 1232 nnquam’b

952 1246 986 1273 Et
1009 1252 1107 1280 magno
1130 1244 1197 1271 Mosi
1220 1244 1279 1270 ait:
1302 1253 1310 1268 ι
1325 1243 1409 1270 Nemo
1425 1242 1529 1270 videbit
1540 1242 1635 1270 faciem
1651 1250 1739 1269 meam

952 1296 979 1320 et
994 1292 1068 1319 vivet
1092 1290 1124 1317 ⁸⁸.
1141 1300 1149 1316 ι
1167 1290 1235 1317 lllnd
1259 1290 1331 1317 enim
1345 1299 1352 1316 :
1373 1300 1381 1315 ‹
1394 1289 1536 1317 Neminem
1554 1289 1680 1316 novimus
1692 1296 1736 1316 se-

952 1337 1073 1365 cundum
1101 1344 1235 1364 carnem:
1260 1340 1288 1363 et
1317 1336 1339 1363 si
1366 1335 1544 1370 cognovimus
1577 1334 1738 1368 (secundum

952 1382 1074 1417 carnem)
1087 1382 1238 1414 Christum,
1252 1381 1298 1408 scd
1314 1389 1387 1408 nunc
1401 1382 1456 1416 jam
1475 1389 1530 1408 non
1547 1381 1673 1407 novimus
1688 1380 1738 1411 ³⁵,ι

952 1436 1006 1456 non
1020 1428 1053 1455 ad
1066 1427 1212 1455 tollendam
1224 1432 1349 1454 naturam
1364 1431 1530 1461 assumptam
1546 1426 1615 1453 dixit
1631 1425 1742 1452 divinus

951 1474 1107 1509 Apostolus,
1115 1473 1162 1500 sed
1174 1473 1207 1500 ad
1216 1472 1452 1500 conﬁrmationem
1470 1471 1603 1499 futurzein
1613 1471 1691 1498 nobis
1699 1471 1741 1497 in—

112 1519 182 1554 ἔφη*
207 1529 216 1544 ι
231 1519 325 1550 Οὐδεὶς
347 1518 443 1553 ὄψεται
460 1517 490 1543 τὸ
510 1517 655 1552 πρόσωπόν
679 1526 741 1551 μου,
762 1517 808 1543 καὶ
824 1516 899 1551 ζήσε-

953 1519 1192 1555 corruptibilitatis
1200 1523 1227 1546 et
1243 1518 1464 1549 immortalitatis,
1474 1521 1501 1544 et
1509 1517 1659 1552 spiritualis
1667 1517 1740 1543 vitae.

113 1574 167 1593 ται.
180 1575 188 1591 ι
204 1565 241 1591 Τὸ
254 1565 307 1600 γάρ
319 1574 325 1580 ⁸
347 1575 355 1590 ι
368 1564 469 1590 Οὐδένα
489 1564 599 1598 οἴδαμεν
620 1563 690 1589 κατὰ
705 1563 804 1598 σάρκα,
828 1563 852 1588 εὶ
872 1562 900 1588 δὲ

115 1612 162 1639 καὶ
179 1611 340 1646 ἐγνώκαμεν
362 1609 490 1644 Χριστὸν,
514 1609 581 1635 ἀλλὰ
595 1608 643 1635 νῦν
659 1608 751 1634 οὐκέτι
766 1607 900 1642 γινώσκο-

117 1665 175 1693 μεν·
191 1667 201 1683 ι
222 1657 273 1683 οὐκ
293 1657 333 1687 εἰς
360 1654 500 1687 ἀναίρεσιν
526 1655 575 1690 τῆς
596 1654 745 1689 ληφθείσης
767 1654 873 1688 φύσεως
888 1654 901 1680 ὁ

115 1705 185 1736 θεῖος
200 1700 277 1729 εἶπεν
298 1701 468 1732 ’Ᾱπόστο>.ος,
485 1699 542 1726 ἀλλ’
556 1700 596 1732 εἰς
616 1700 760 1735 βεϐαίωσιν
776 1700 825 1735 τῆς
842 1701 901 1726 ἐσο-

117 1751 198 1786 μένης
211 1750 278 1785 ἡμῖν
293 1747 446 1783 ἀφθαρσίας
463 1755 498 1774 τε⁴
511 1747 558 1773 καὶ
572 1746 731 1778 ἀθανασίας,
750 1747 798 1773 καὶ
819 1755 901 1772 πνευ-

116 1796 232 1832 ματικῆς
245 1795 326 1830 ζωῆς.
342 1791 378 1821 Οὖ
392 1794 423 1828 δὴ
440 1793 520 1828 χάριν
540 1794 677 1827 ἐπήγαγεν
687 1801 693 1806 ’
713 1802 722 1818 σ
733 1792 812 1817 Ὥστε
825 1791 902 1822 εἴτις

115 1843 143 1868 ἐν
159 1841 266 1876 Χριστῷ
283 1840 364 1874 καινὴ
383 1839 481 1871 κτίσις,
503 1838 537 1864 τὰ
556 1839 657 1872 ἀρχαῖα
679 1836 828 1871 παρῆλθεν,
847 1836 901 1862 ἰδοὺ

115 1888 207 1922 γέγονε
220 1887 255 1912 τὰ
269 1886 358 1912 πάντα
370 1884 461 1910 καινά.
476 1893 485 1908 ι
505 1883 545 1909 Τὰ
561 1882 588 1908 δὲ
604 1881 720 1916 ἐσόμενα
736 1881 773 1912 ὡς
787 1889 902 1915 γεγενη-

118 1934 183 1965 μένα
199 1932 320 1967 εἴρηκεν.
337 1929 449 1956 Οὐδέπω
463 1928 516 1963 γὰρ
529 1928 579 1962 τῆς
595 1927 744 1958 ἀθανασίας
757 1927 900 1961 ἐτύχομεν,

117 1977 262 2012 τευξόμεθα
276 1976 315 2008 δὲ,
331 1975 377 2002 καὶ
390 1975 516 2010 τυχόντες
530 1974 578 2000 οὐκ
587 1973 735 2007 ἀσώματοι
752 1972 902 2006 γενησόμε-

118 2023 158 2055 θα,
179 2022 235 2050 ἀλλ’
252 2021 401 2049 ἀθανασίαν
421 2021 596 2055 ὲνδνσὸμεθα.
618 2031 626 2046 ι
640 2021 676 2047 0'5
700 2021 813 2054 θέλομεν
836 2019 900 2053 γὰρ,

120 2070 200 2104 φησὶν
214 2070 228 2095 ὁ
245 2069 315 2100 θεῖος
337 2067 507 2099 Ἀπόστειλος,
528 2067 703 2099 ἐκδύσασθαι,
718 2067 774 2094 ἀλλ’
790 2065 901 2093 ἐπενδύ-

118 2115 220 2145 σασθαι,
240 2115 284 2141 ἵνα
308 2113 449 2148 καταποθῇ
471 2113 501 2139 τὸ
525 2113 620 2149 θνητὸν
643 2114 695 2140 ὑπὸ
721 2114 771 2148 τῆς
793 2112 874 2146 ζωῆς.
889 2121 898 2136 ³

118 2160 167 2186 Καὶ
181 2160 276 2186 πάλιν
299 2169 308 2185 ι
321 2160 366 2186 Δεῖ
376 2159 429 2194 γὰρ
445 2159 475 2185 τὸ
490 2159 609 2194 φθαρτὸν
634 2160 712 2186 τοῦτο
736 2157 899 2185 ἐνδύσασθαι

951 1566 1039 1600 Quare
1049 1565 1154 1592 addidit
1167 1573 1173 1590 :
1186 1574 1195 1589 ‹
1208 1564 1236 1591 Si
1247 1572 1300 1598 qua
1312 1564 1338 1590 in
1348 1563 1457 1590 Christo
1468 1571 1537 1590 nova
1548 1567 1685 1594 creatura,
1695 1570 1742 1589 ve-

953 1616 1010 1638 tera
1023 1611 1271 1641 transierunt,ecce
1282 1609 1352 1636 facta
1361 1608 1524 1635 suntomnia
1533 1616 1603 1635 nova
1611 1608 1644 1634 π.
1656 1617 1664 1633 ›
1676 1608 1742 1640 Quae

951 1661 1042 1685 autem
1064 1657 1156 1684 futura
1169 1660 1257 1688 erant,
1278 1660 1307 1682 ut
1326 1655 1396 1682 facta
1415 1655 1494 1681 dixit.
1521 1654 1648 1681 Nondum
1668 1654 1740 1681 enim

952 1711 1047 1730 sumus
1078 1702 1313 1729 immortalitatem
1349 1699 1512 1728 consecuti:
1540 1707 1742 1734 consequemur

952 1755 1053 1780 autem,
1086 1753 1114 1775 et
1139 1756 1202 1775 cum
1228 1748 1362 1774 fuerimus
1389 1747 1491 1780 adepti,
1515 1753 1570 1773 non
1586 1746 1741 1780 incorporei

953 1795 1063 1827 fiemus,
1079 1794 1126 1820 sed
1140 1793 1373 1820 immortalitatem
1388 1791 1560 1818 induemus.«
1576 1792 1709 1818 Nolumus
1730 1802 1738 1817 ι

952 1841 1035 1871 enim,
1048 1841 1086 1867 ait
1100 1839 1208 1866 divinus
1220 1838 1375 1874 Apostolus,
1390 1848 1398 1863 ι
1416 1838 1571 1872 exspoliari,
1584 1838 1631 1865 sed
1645 1846 1742 1873 super-

953 1885 1058 1917 vestiri,
1076 1890 1106 1912 ut
1122 1885 1301 1911 absorbeatur
1312 1884 1384 1918 quod
1398 1883 1512 1910 mortale
1523 1887 1565 1910 est
1577 1891 1591 1910 a
1603 1885 1611 1893 '
1622 1884 1678 1910 vita
1690 1885 1737 1909 97.:

952 1932 986 1958 Et
1003 1938 1112 1957 rursum
1130 1938 1136 1956 :
1158 1939 1166 1955 ι
1184 1929 1298 1964 Oportet
1322 1929 1396 1956 enim
1422 1928 1601 1962 corruptibile
1621 1929 1673 1956 hoc
1699 1929 1741 1956 in--

952 1977 1037 2004 ducre
1052 1976 1297 2010 incorruptionem,
1316 1980 1344 2002 et
1356 1975 1470 2002 mortale
1486 1975 1538 2001 hoc
1554 1975 1668 2002 induere
1687 1975 1740 2002 im—

953 2023 1147 2050 mortalitatem
1171 2022 1203 2048 9‘.
1220 2031 1227 2047 ι
1254 2022 1299 2049 Sic
1316 2021 1400 2056 igitur
1418 2021 1564 2048 Dominum
1581 2029 1634 2048 non
1653 2021 1743 2048 incor-

953 2077 1065 2104 poreum
1088 2068 1168 2099 dixit,
1188 2067 1235 2095 sed
1257 2067 1497 2102 iucorruptibilem
1511 2066 1593 2093 etiam
1607 2074 1667 2101 quae
1684 2074 1743 2093 cer-

952 2115 1028 2142 nitur
1050 2119 1175 2141 naturam
1193 2122 1263 2145 esse,
1284 2117 1366 2148 atque
1383 2113 1575 2145 immortalem,
1595 2112 1741 2146 divinaque

952 2162 1037 2197 gloria
1064 2160 1241 2196 glorificatam
1254 2160 1368 2187 credere
1384 2159 1487 2186 docuit.
1502 2158 1559 2185 Hoc
1573 2159 1646 2186 enim
1662 2158 1742 2185 nobis

118 2205 277 2241 ἀφθαρσίαν,
292 2205 339 2231 καὶ
354 2203 386 2230 τὸ
409 2204 505 2239 θνητὸν
529 2204 608 2230 τοῦτο
623 2203 783 2230 ἐνδύσασθαι
799 2203 899 2229 ἀθανα-

952 2196 978 2235 in
1004 2207 1123 2242 Epistola
1138 2206 1171 2233 ad
1186 2206 1376 2240 Philippenses
1391 2205 1491 2232 clarius
1507 2204 1638 2232 ostendit.
1660 2213 1668 2228 ‹
1689 2203 1742 2230 No-

120 2252 183 2279 σίαν.
202 2261 210 2276 ι
231 2250 309 2278 Οὕτω
325 2250 416 2276 τοίνυν
431 2249 475 2276 τὸν
492 2249 591 2285 Κύριον
603 2251 651 2276 οὐκ
664 2249 810 2284 ἀσώματον
823 2249 899 2283 εἴρη-

119 2307 170 2329 κεν,
192 2297 249 2324 ἀλλ’
264 2296 403 2332 ἄφθαρτον
428 2293 498 2322 εἶναι
521 2296 568 2322 καὶ
585 2296 632 2331 τὴν
652 2296 792 2330 ὁρωμένην
810 2295 901 2330 φύσιν,

119 2344 160 2370 καὶ
185 2343 328 2375 ἀθάνατον,
355 2343 401 2369 καὶ
421 2344 454 2378 τῇ
480 2342 539 2377 θείᾳ
558 2342 620 2377 δόξῃ
642 2341 840 2376 δεδοξασμένην
859 2349 904 2366 πι-

119 2389 216 2415 στεύειν
230 2388 343 2420 ὲδίδαξε.
355 2388 441 2414 Τοῦτο
456 2389 509 2423 γὰρ
523 2389 551 2415 ἐν
573 2390 606 2423 τῇ
619 2387 686 2423 πρὸς
701 2387 898 2422 Φιλιππησίους

119 2435 277 2470 σαφέστερον
299 2434 372 2469 ἡμᾶς
397 2434 597 2467 ὲξεπαίδευσεν.
615 2443 623 2458 ι
640 2433 734 2468 Ἧμῶν
749 2433 813 2467 γὰρ,
833 2433 897 2467 ἔφη,

117 2481 144 2507 τὸ
160 2480 307 2515 πολίτευμα
323 2481 353 2506 ὲν
375 2481 498 2515 οὐρανοῖς
523 2480 639 2515 ὑπάρχει
653 2488 658 2494 ·
680 2480 708 2511 ἐξ
724 2476 755 2505 οὗ
772 2479 819 2505 καὶ
841 2479 898 2505 Σω-

118 2527 183 2562 τῆρα
198 2525 407 2562 ἀπεκδεχομεθα
422 2525 524 2560 Κύριον
543 2525 656 2561 Ἰησοῦν,
677 2525 706 2556 ὃς
722 2533 899 2560 μετασχημα-

120 2571 182 2598 τίσει
197 2571 227 2597 το
242 2571 322 2606 σῶμα
340 2571 390 2606 τῆς
399 2571 594 2603 ταπεινώσεως
610 2571 688 2606 ἡμῶν
709 2571 748 2602 εἰς
771 2570 801 2596 τὸ
824 2570 900 2603 γενέ-

120 2617 173 2643 σθαι
188 2617 253 2643 αὐτὸ
268 2617 430 2653 σύμμορφον
446 2617 485 2652 τῷ
504 2616 609 2652 σώματι
622 2617 671 2652 τῆς
693 2616 771 2650 δόξης
783 2617 874 2643 αὐτοῦ,
888 2627 897 2642 ι

125 2663 253 2698 Ὶκίναργῶς
267 2663 294 2688 δὲ
307 2663 352 2689 διὰ
365 2663 466 2690 τούτων
479 2663 607 2696 ἐδίδαξεν,
620 2663 660 2689 ὅτι
679 2662 757 2697 σῶμα
780 2663 829 2697 μὲν
841 2663 898 2688 ἔστι

119 2708 145 2734 τὺ
162 2707 322 2734 Δεσποτικδν
340 2707 428 2743 σῶμα,
446 2707 517 2734 θεῖον
545 2708 573 2734 δὲ
601 2708 690 2742 σῶμα,
713 2708 760 2734 καὶ
781 2709 812 2742 τῇ
838 2707 898 2743 θείᾳ.

150 2787 171 2804 ⁸⁵
187 2788 304 2815 lThess.
322 2797 360 2820 in,
378 2788 474 2820 12,15.

123 2823 142 2838 ’³
156 2823 230 2849 .loan.
251 2832 269 2855 ι,
288 2824 330 2850 l8.

124 2859 142 2874 ἐ’
153 2859 264 2894 f-‘inttpp.
278 2866 316 2890 nr,
332 2857 375 2884 20.

530 2786 552 2803 ⁸⁵
571 2787 591 2814 ll
606 2787 702 2814 Thess.
721 2795 749 2815 ιι.
772 2787 794 2813 l.

852 2786 874 2801 9°
895 2785 960 2812 ίὶιίᾱ.
985 2785 1009 2812 8.

376 2823 400 2839 ’³
418 2823 503 2850 Exod.
521 2831 612 2856 χχχιιι,
625 2823 668 2849 20.
707 2822 729 2838 οδ
747 2822 766 2848 Il
781 2822 842 2848 Cor.
863 2829 888 2853 ν,
908 2821 948 2847 16.

952 2257 1008 2281 stra
1025 2257 1115 2280 autem
1129 2252 1311 2283 conversatio,
1329 2251 1427 2285 inquit,
1440 2251 1468 2277 in
1485 2250 1562 2277 caelis
1582 2253 1624 2277 est
1641 2258 1646 2275 :
1669 2249 1741 2276 unde

952 2299 1034 2326 etiam
1049 2299 1219 2326 Salvatorem
1246 2301 1436 2332 exspectamus
1462 2296 1608 2323 Dominum
1635 2296 1738 2325 Jcsum,

952 2346 999 2380 qui
1024 2344 1183 2372 reformahit
1211 2351 1310 2378 corpus
1333 2343 1498 2369 humilitatis
1512 2341 1616 2376 1273
1630 2345 1740 2371 nostraz,

953 2395 983 2417 ut
1003 2390 1049 2417 fiat
1065 2389 1205 2417 conforme-
1220 2389 1328 2423 corpori
1354 2388 1448 2422 glorize
1474 2389 1534 2422 ejus
1558 2386 1591 2412 ⁵³.
1614 2395 1623 2411 ι
1654 2385 1740 2412 Mani-

947 2435 1015 2462 feste
1033 2439 1126 2461 autem
1145 2442 1193 2469 per
1214 2434 1272 2461 ltzec
1293 2433 1398 2465 docuit,
1420 2440 1520 2467 corpus
1542 2431 1652 2466 quidem
1681 2438 1743 2458 esse

949 2489 1049 2516 corpus
1066 2481 1252 2512 Dominieum,
1265 2479 1312 2506 sed
1331 2479 1454 2506 divinum
1477 2485 1576 2511 corpus
1599 2480 1627 2503 et
1649 2476 1742 2503 divina

950 2526 1035 2562 gloria
1061 2526 1252 2561 glorificatum.
1276 2524 1315 2551 Ne
1328 2523 1411 2558 igitur
1424 2522 1634 2558 appellationem
1653 2522 1742 2556 fugia-

952 2580 1023 2603 mus,
1042 2579 1091 2606 per
1106 2578 1187 2605 quarti
1200 2570 1287 2596 salttte
1302 2569 1382 2603 potiti
1397 2576 1501 2599 sumus,
1523 2576 1572 2602 per
1592 2575 1673 2602 quant
1699 2574 1742 2593 rc-

951 2622 1049 2645 novata
1064 2621 1129 2644 sunt
1142 2616 1244 2648 omnia,
1267 2619 1297 2642 ut
1316 2615 1445 2649 magister
1467 2614 1524 2649 ipsc
1552 2613 1585 2640 ad
1608 2613 1742 2648 Ephesios

951 2662 1076 2689 scribens
1089 2661 1145 2688 ait:
1170 2671 1178 2686 ι
1194 2660 1351 2688 Secundum
1368 2659 1569 2694 heneplacitum
1586 2659 1654 2693 ejus,
1668 2658 1741 2692 quod

949 2707 1093 2743 proposuit
1111 2706 1138 2733 in
1160 2714 1194 2734 eo
1209 2707 1236 2733 in
1257 2705 1463 2741 dispensatione
1477 2705 1657 2740 plenitudinis
1671 2708 1740 2732 tem-

1067 2785 1088 2800 ⁹¹
1109 2785 1187 2811 Rom.
1209 2792 1260 2810 xtv.
1286 2783 1327 2809 10.
1384 2783 1406 2798 θ’
1423 2782 1518 2809 Matth.
1543 2790 1614 2813 μιν,
1629 2780 1673 2813 2."),
1695 2782 1740 2808 9.7.

1006 2821 1026 2835 δ”
1046 2820 1112 2846 ihid.
1132 2819 1174 2845 l7.
1230 2819 1251 2834 "
1271 2819 1292 2845 ll
1303 2818 1366 2845 Cor.
1379 2826 1404 2851 ν,
1419 2818 1445 2844 ι.
1502 2818 1522 2833 9"
1538 2818 1545 2844 l
1561 2818 1623 2844 Cor.
1640 2825 1681 2849 xv,
1696 2817 1745 2843 55.
