1945 3058
184 141 196 173 1
204 142 249 174 £07

674 140 920 170 THEODORETI
944 140 1116 172 EPISCOPI
1137 141 1318 172 CYRENSIS

1742 135 1813 166 1403

182 205 291 232 porum,
317 197 469 224 instaurare
492 193 583 221 omnia
607 193 634 220 in
647 193 757 221 Christo
767 192 867 228 quaein
883 192 969 224 caelis,

1023 193 1085 230 δόξῃ
1111 193 1313 229 δεδοξασμένον.
1338 192 1383 227 Μὴ
1400 191 1490 218 τοίνυν
1512 189 1642 225 φύγωμεν
1674 198 1815 224 προσηγο-

181 249 209 270 ‹-ι
227 251 288 278 quze
305 243 332 269 in
348 246 420 269 terra
439 244 502 268 sunt
515 240 542 267 in
558 239 617 274 ipso
635 240 656 265 ‘.
673 249 681 264 ι
696 239 839 266 Discamus
850 241 940 265 autem
954 245 969 264 a

183 288 260 316 beata
278 289 329 315 hac
346 288 438 322 lingua
451 286 534 314 etiam
551 293 605 320 quo
623 285 704 312 modo
713 283 868 319 gloriﬁcare
887 290 970 318 opor-

183 337 238 360 teat
264 332 477 362 benefactorem,
502 331 557 357 Deo
587 333 615 357 et
637 329 712 356 Patri
740 336 840 355 nomen
866 327 970 355 Christi

181 379 381 406 consociantcs.
413 377 545 405 Romanis
572 377 646 404 enim
675 377 800 404 scribens
836 375 876 403 sic
907 375 968 401 ait:

186 433 195 449 ‹
209 423 309 458 (Juxta)
323 423 502 457 Evangelium
519 429 610 449 meum
622 425 651 448 et
665 421 888 456 prredicationem
904 420 970 447 Jesu

179 468 293 500 Christi,
316 467 468 495 secundum
496 466 692 494 revelationem
719 465 842 501 mystcrii
867 469 971 499 tempo-

181 513 258 540 ribus
279 513 389 540 aaternis
415 513 514 540 taciti:
540 512 614 547 quod
641 519 715 538 nunc
737 511 904 546 patefactum
928 514 971 537 est

181 566 230 593 per
247 558 402 593 Scripturas
418 558 615 593 prophetarum
633 558 785 585 secundum
801 560 969 592 praeceptum

180 604 274 631 :eterni
286 604 346 636 Dei,
364 608 392 630 et
407 605 440 630 ad
458 603 644 631 obeditionem
660 602 723 630 ﬁdei
738 603 765 629 in
783 603 890 630 cunctis
903 610 969 637 gen-

182 650 258 676 tibus
269 649 381 684 cogniti,
394 649 445 676 soli
456 649 573 684 sapienti
585 649 641 675 Deo
653 656 702 683 per
714 648 808 675 Jesum
817 648 969 681 Christum,

180 696 225 722 cui
247 695 332 730 gloria
353 695 381 721 in
403 695 512 722 saecula.
529 694 617 722 Amen
631 695 652 721 ¹.
667 704 676 720 ι
701 694 740 721 Ad
757 694 891 729 Ephesios
905 702 970 721 vero

180 741 306 768 scribens
330 740 370 767 sic
393 740 532 767 laudavit:
559 749 568 765 ‹
584 740 616 767 Ei
640 744 731 767 autem
751 740 797 775 qui
816 744 913 774 potens
929 744 971 767 est

181 787 271 813 omnia
298 786 388 813 facere
412 785 669 820 superabundanter
689 793 770 820 quam
791 785 910 820 petimus
924 789 972 812 aut

181 831 369 867 intelligimus,
391 832 542 859 secundum
564 831 693 858 virtutem
718 839 779 866 quas
793 835 924 866 operatur
943 832 970 858 in

1024 240 1095 274 ρίαν.
1110 240 1144 266 δι’
1160 238 1194 276 ἧς
1220 238 1413 273 ἀπελαύσαμεν
1440 236 1586 272 σωτηρίας,
1605 236 1637 262 δι’
1652 232 1686 269 ἧς
1705 235 1816 262 ἀνεκαι-

1021 285 1099 320 νίσῠη
1114 287 1147 312 τὰ
1171 285 1270 316 πάντα,
1294 284 1332 316 ὼς
1351 284 1432 315 αὐτὸς
1456 283 1509 318 ἔφη
1528 283 1542 309 6
1557 281 1717 311 διδάσκαλος
1733 280 1815 313 Ἐφε-

1023 332 1092 364 σίοις
1117 332 1229 367 γράφων
1238 340 1244 346 ·
1268 341 1277 357 ι
1289 331 1368 358 Κατὰ
1381 331 1430 365 τὴν
1450 329 1575 356 εὐδοκίαν
1589 327 1683 360 αὑτοῦ,
1698 327 1732 362 ἥν
1745 335 1814 360 προ-

1021 377 1098 404 έθετο
1114 378 1142 403 ὲν
1159 377 1234 412 αὑτῷ
1256 378 1295 408 είς
1319 375 1475 411 οἰκονομίαν
1491 373 1539 401 τοῦ
1557 374 1742 409 πληρώματος
1756 373 1813 399 τῶν

1022 423 1136 458 καιρῶν,
1148 421 1442 457 ἀνακεφαλαιώσασθαι
1451 420 1486 447 τὰ
1496 420 1585 446 πάντα
1593 420 1622 445 ὲν
1635 419 1674 454 τῷ
1690 418 1812 454 Χριστῷ,

1021 469 1055 496 τὰ
1070 470 1100 496 ἐν
1111 470 1167 501 τοῖς
1183 469 1308 504 οὐρανοῖς
1335 467 1382 495 καὶ
1396 467 1441 493 ἐπὶ
1456 468 1505 501 τῆς
1520 466 1571 501 γῆς
1584 466 1612 491 ἐν
1626 464 1710 500 αὐτῷ.
1725 474 1734 490 ι
1751 464 1815 491 Μά-

1022 515 1113 550 ῠωμεν
1126 515 1155 541 δὲ
1180 514 1255 550 παρὰ
1270 514 1320 548 τῆς
1337 512 1475 549 μακαρίας
1500 511 1615 546 ταυτησὶ⁹
1628 510 1749 545 γλώττης
1763 510 1813 536 καὶ¹

1021 562 1094 592 ὅπως
1113 561 1153 587 δεῖ
1169 560 1292 593 δοξάζειν
1304 560 1348 585 τον
1366 558 1523 595 εὐεργέτην,
1542 558 1580 592 τῷ
1597 557 1656 592 Θεῷ
1667 557 1714 583 καὶ
1723 557 1813 592 Πατρὶ

1021 606 1070 642 τὴν
1090 605 1138 632 τοῦ
1163 605 1282 640 Χριστοῦ
1305 604 1490 639 ἣροσηγορίαν
1506 602 1725 638 προσάπτοντας.
1743 602 1812 628 Ῥω-

1023 661 1059 688 μα
1065 652 1114 683 tot;
1127 652 1175 686 μὲν
1182 652 1238 685 γὰρ
1247 650 1412 677 ἐπιστέλλων
1422 647 1473 677 ὧδέ
1483 658 1519 685 φη
1525 658 1550 675 σι
1559 658 1564 664 ·
1579 659 1588 675 ι
1602 649 1638 675 Τὸ
1645 648 1812 682 Εὑαγγέλιόν

1024 705 1085 731 μου,
1097 697 1144 722 καὶ
1158 696 1189 722 τὸ
1200 696 1331 731 κήρυγμα
1347 694 1436 729 Ἰησοῦ
1447 694 1576 729 Χριστοῦ,
1589 693 1659 720 κατὰ
1674 693 1813 720 ἀποκάλυ-

1021 741 1067 776 ψιν
1087 741 1234 776 μυστηρίου
1260 741 1365 775 χρόνοις
1381 739 1501 771 αἰωνίοις
1522 739 1712 774 σεσιγημένου.
1733 747 1814 773 φανε-

1023 785 1155 819 ρωθέντος
1167 794 1196 811 τε
1207 784 1254 811 νῦν
1266 784 1310 811 διά
1320 793 1349 810 τε
1358 784 1474 820 Γραφῶν
1485 784 1662 819 προφητικῶν
1672 784 1731 810 κατ’
1748 785 1812 810 Em-

1022 831 1107 866 ταγὴν
1130 831 1177 858 τοῦ
1203 831 1311 857 αἰωνίου
1335 831 1414 861 Θεοῦ,
1433 830 1531 861 καὶείς
1547 829 1672 865 ὑπακοὴν
1692 830 1813 861 πίστεως

181 877 272 910 nobis,
297 877 348 912 ipsi
368 877 453 912 gloria
476 878 505 904 in
528 877 651 904 Ecclesia
672 878 700 904 in
719 876 829 904 Christo
847 877 923 908 Jesu,
942 877 970 904 in

1023 878 1062 908 et;
1077 877 1166 903 πάντα
1185 876 1219 903 τὰ
1242 876 1303 911 ἑονη
1322 875 1532 911 γνωρισθέντος,
1561 875 1634 911 μόνῳ
1661 875 1734 910 σοφῷ
1750 875 1813 909 Θεῷ

179 930 276 950 omnes
289 922 481 957 generationes
493 923 665 950 saeculorum.
683 923 769 950 Amen
783 924 803 949 ³.
818 933 826 948 ι
844 923 877 950 Ει
889 923 970 957 paulo

180 969 307 1002 superius
324 977 329 995 :
358 978 365 994 ι
385 968 471 1004 Hujus
496 969 536 995 rei
561 968 648 1004 gratia
668 968 747 995 ﬂecto
761 977 850 1003 genua
865 977 925 996 mea
937 969 970 996 ad

180 1013 288 1040 Patrem
308 1013 415 1040 Domini
437 1013 525 1042 nostri
545 1013 610 1040 Jesu
640 1012 755 1045 Christi,
783 1021 817 1040 ex
833 1021 888 1048 quo
910 1021 971 1040 om“

180 1059 225 1085 nis
244 1059 394 1094 paternitas
416 1060 444 1086 in
468 1059 546 1086 caelis
569 1063 597 1086 et
614 1059 641 1085 in
657 1064 728 1086 terra
754 1059 910 1086 nominatur
923 1059 944 1085 ’⁵.
958 1069 966 1084 ι

181 1102 215 1129 Et
231 1107 293 1137 post
310 1103 426 1137 plurima
444 1113 450 1130 :
473 1113 482 1129 ι
497 1103 605 1131 Gratias
617 1104 733 1139 agimus,
754 1104 852 1138 inquit,
864 1112 972 1139 semper

182 1156 232 1183 pro
249 1149 378 1176 omnibus
392 1149 471 1176 vobis
495 1149 523 1176 in
539 1150 649 1176 nomine
667 1149 775 1177 Domini
800 1150 886 1177 nostri
906 1150 969 1177 Jesu

180 1193 283 1221 Christi
305 1195 360 1221 Deo
377 1199 405 1222 ct
422 1195 496 1222 Patri
508 1195 528 1221 ¹¹.
546 1205 555 1221 ›
575 1195 791 1230 Philippensium
804 1196 886 1223 etiam
901 1196 971 1223 libe—

182 1239 319 1266 ralitatem
356 1239 463 1275 1274.
492 1241 734 1268 benedictionibus
764 1249 945 1269 remunerans
963 1263 971 1270 .

185 1294 193 1309 ι
210 1284 282 1312 Deus
296 1288 387 1312 autem
403 1293 490 1317 meus,
507 1286 607 1320 inquit,
623 1286 734 1320 impleat
750 1294 858 1313 omnem
875 1295 972 1314 neces-

180 1329 289 1356 sitatem
301 1334 420 1357 vestram
431 1330 582 1357 secundum
597 1331 708 1358 divitias
722 1339 785 1358 suas
800 1331 826 1358 in
841 1332 926 1366 gloria
943 1332 971 1358 ia

181 1374 291 1402 Christo
312 1375 375 1402 Jcsu
401 1375 421 1402 ⁸.
441 1386 449 1401 ι
466 1375 588 1404 Hebraeis
605 1380 695 1404 autem
711 1377 747 1404 ita
762 1381 890 1411 precatus
905 1382 947 1404 est
964 1387 970 1404 ε

184 1428 194 1444 ι
208 1419 279 1446 Deus
302 1420 386 1454 pacis,
405 1420 452 1455 qui
467 1421 562 1448 eduxit
579 1421 612 1448 de
628 1422 745 1449 mortuis
760 1427 897 1456 pastorem
916 1431 972 1450 ma-

180 1472 262 1499 guum
272 1466 363 1492 ovium
379 1466 406 1492 in
420 1467 551 1501 sanguine
565 1468 720 1494 testamenti
734 1469 842 1500 :cterni,
857 1469 864 1477 '
876 1468 970 1495 Domi-

179 1518 245 1537 num
258 1515 383 1538 nostrum
399 1512 502 1544 Jcsum,
516 1517 590 1547 aptet
602 1521 651 1540 vos
664 1513 690 1540 in
703 1513 778 1540 omni
791 1521 873 1548 opere
887 1514 969 1545 hono,

181 1561 211 1583 ut
237 1556 344 1583 faciatis
371 1558 432 1591 ejus
452 1558 632 1591 voluntatem,
648 1559 752 1586 faciens
766 1560 794 1586 in
809 1559 886 1586 vobis
897 1560 970 1594 quod

180 1602 286 1635 placeat
301 1610 395 1633 coram
409 1611 437 1630 se
455 1603 607 1637 pechsuin
623 1604 775 1637 Christum,
788 1605 832 1632 cui
851 1609 892 1632 est
911 1606 970 1640 glo-

180 1649 220 1676 ria
247 1649 274 1676 in
297 1650 397 1676 szncula
421 1650 595 1677 seculorum.
622 1650 709 1677 Amen
735 1652 754 1678 ".
772 1661 780 1676 ι
799 1651 859 1678 Non
882 1653 970 1678 solum

180 1699 272 1721 autem
285 1694 350 1721 dum
362 1695 507 1729 giorilieat,
525 1694 572 1722 sed
588 1695 670 1722 etiam
686 1695 751 1722 dum
767 1695 929 1722 exhortatur
944 1701 972 1723 ct

180 1740 343 1771 obtestatur,
366 1740 506 1766 Christum
524 1741 653 1767 Cucho
675 1745 703 1767 ct
729 1741 807 1768 Patre
819 1741 970 1776 conjungit,

179 1791 208 1812 et
231 1785 312 1812 beato
336 1785 480 1813 Timotheo
507 1786 632 1813 scribens
659 1787 779 1814 clamat:
801 1797 809 1812 ί
827 1787 972 1815 Testiticor

180 1839 271 1858 coram
292 1831 347 1858 Deo
366 1835 393 1858 et
412 1831 474 1859 Jcsu
490 1832 600 1860 Christo
615 1833 635 1859 ⁸.
655 1843 663 1858 ι
683 1834 716 1860 Et
734 1834 833 1862 iterum
849 1843 855 1860 ε
875 1844 882 1858 ι
898 1835 972 1862 Prm-

180 1877 252 1911 cipio
270 1877 317 1904 tibi
335 1885 427 1904 coram
442 1879 497 1905 Deo
510 1879 557 1913 qui
569 1879 689 1906 viviticat
704 1881 806 1913 omnia,
822 1885 849 1908 et
863 1881 972 1908 Christo

179 1922 243 1949 .lesu
270 1923 317 1957 qui
342 1924 529 1951 testimonium
553 1925 675 1952 reddidit
699 1926 752 1953 sub
771 1926 869 1954 Pontio
884 1927 972 1955 I’iiato

181 1967 281 1994 bonam
311 1969 523 2001 confessionem,
553 1975 584 1997 ut
613 1978 707 1998 serves
726 1972 883 1999 mandatum
913 1973 972 2000 sine

181 2013 287 2040 macula
302 2013 549 2048 irreprehensibilc
566 2024 652 2051 usque
665 2017 691 2043 in
703 2017 853 2045 adventura
864 2018 971 2045 Domini

180 2059 268 2086 nostri
283 2059 346 2087 Jesu
362 2059 475 2092 Christi,
493 2069 574 2096 quem
591 2062 648 2089 suis
663 2063 833 2097 temporibus
846 2064 972 2092 ostendet

180 2104 277 2132 beatus
288 2108 316 2132 et
332 2105 406 2132 solus
418 2111 525 2140 potens,
541 2107 599 2134 Rex
616 2116 721 2142 regum,
732 2109 863 2136 Dominus
882 2110 972 2137 domin

181 2150 315 2183 nautium,
330 2151 377 2185 qui
393 2152 468 2178 solus
480 2152 563 2179 habet
577 2153 823 2186 immortalitatem,
839 2160 866 2182 ct
880 2156 969 2183 lucem

1021 923 1064 949 διὰ
1096 923 1181 957 Ἰησοῦ
1207 921 1325 958 Χριστοῦ
1341 943 1347 955 ,
1373 918 1395 956 ᾧ
1419 923 1436 956 ἡ
1453 921 1516 954 δόξα
1540 922 1578 953 εις
1610 922 1673 952 τοὺς
1696 921 1812 951 αἰῶνας.

1028 969 1143 1004 ’Λμήν.ι
1168 968 1300 1003 Ἐφεσίοις
1312 968 1340 994 δὲ
1364 967 1478 1002 γράφων
1497 967 1583 998 οὕτως
1606 967 1726 1002 ὖμνησε’
1747 966 1814 1001 (Τῷ

1022 1016 1049 1041 δὲ
1062 1015 1203 1050 δυναμένῳ
1223 1015 1292 1049 ὑπὲρ
1313 1014 1402 1040 πάντα
1428 1013 1540 1047 ποιῆσαι
1566 1013 1635 1047 ὑπὲρ
1659 1012 1690 1038 ὲκ
1720 1020 1815 1047 περισ-

1023 1061 1069 1087 σοῦ
1084 1059 1121 1088 ὧν
1136 1060 1295 1095 αἰτούμεθα,
1313 1059 1328 1094 ἣ
1347 1058 1472 1093 νοοῦμεν,
1489 1058 1558 1084 κατὶ
1570 1059 1619 1092 τὴν
1635 1058 1747 1091 δύναμιν
1762 1057 1814 1092 τὴν

1022 1107 1221 1142 ἐνεργουμένην
1239 1107 1268 1132 ὲν
1281 1107 1358 1140 ἡμῖν.
1372 1104 1446 1139 αὐτῷ
1462 1106 1478 1139 ή
1492 1104 1556 1136 δόξα
1581 1105 1610 1130 ὲν
1636 1105 1668 1139 τῇ
1694 1104 1794 1138 Ἐκκὶη
1805 1120 1811 1124 -

1023 1152 1068 1187 σία
1094 1153 1122 1178 ἐν
1147 1152 1258 1188 Χριστῷ
1282 1150 1369 1186 Ἰησοῦ
1400 1151 1440 1182 εἰς
1463 1151 1554 1182 πάσας
1579 1150 1628 1181 τὰς
1653 1150 1749 1184 γενεὰς
1763 1150 1813 1176 τοῦ

1023 1197 1119 1229 αίῶνος
1136 1198 1190 1224 τῶν
1206 1197 1322 1224 αἰώνων.
1343 1197 1439 1233 Ἀμήν,
1457 1207 1466 1224 ι
1480 1198 1535 1223 Καὶ
1553 1195 1650 1231 μικρὸν
1665 1196 1692 1222 δὲ
1709 1195 1813 1222 τούτων

1023 1243 1177 1279 ἔμπροσθεν
1203 1243 1289 1274 οὕτως
1305 1243 1357 1278 ἔλθη
1369 1251 1375 1258 ·
1397 1253 1405 1268 ι
1421 1242 1522 1269 Τούτου
1539 1241 1620 1276 χάριν
1639 1241 1759 1276 κάμπτω
1775 1241 1813 1267 τὰ

1023 1289 1123 1324 γόνατά
1141 1298 1191 1324 μου
1209 1289 1277 1324 πρὸς
1291 1289 1336 1315 τὸν
1353 1289 1460 1324 Πατέρα
1473 1288 1521 1314 τοῦ
1539 1287 1643 1323 Κυρίου
1660 1287 1740 1322 ἡμῶν
1763 1287 1815 1322 Ὶη-

1024 1336 1070 1362 σοῦ
1085 1334 1213 1370 Χριστοῦ,
1232 1335 1261 1367 ἐξ
1279 1332 1309 1361 οῦ
1322 1335 1396 1360 πᾶσα
1414 1333 1516 1368 πατριὰ
1539 1334 1568 1359 ὲν
1582 1332 1689 1368 οὐρανῷ
1702 1332 1748 1358 καὶ
1766 1332 1814 1359 ἐπὶ

1022 1382 1074 1416 γῆς
1104 1381 1275 1416 ὀνομάζεται,
1293 1389 1301 1405 ι
1332 1380 1387 1406 Kal.
1419 1380 1488 1414 μετὰ
1519 1378 1652 1405 πλεῖστα·
1673 1378 1815 1413 «Εὖχαρι-

1024 1426 1150 1461 στοῦμεν,
1168 1427 1244 1460 φησι,
1268 1426 1382 1452 πάντοτε
1399 1425 1469 1460 ὑπὲρ
1488 1424 1595 1451 πάντων
1612 1424 1689 1458 ὑμῶν
1711 1425 1739 1450 ἐν
1752 1424 1816 1450 ἐνόν

1024 1480 1089 1506 ματι
1101 1470 1147 1497 τοῦ
1168 1471 1270 1505 Κυρίου
1287 1469 1365 1504 ἡμῶν
1388 1467 1476 1503 Ἰησοῦ
1494 1466 1624 1503 Χριστοῦ.
1641 1466 1680 1501 τῷ
1695 1465 1755 1501 Θεῷ
1765 1466 1815 1492 καὶ

1022 1517 1119 1552 Πατρί.
1133 1526 1142 1542 ι
1161 1516 1217 1543 Καὶ
1229 1516 1319 1551 μέντοι
1336 1514 1382 1541 καὶ
1396 1514 1444 1549 τὴν
1458 1512 1644 1546 Φιλιππησίων
1659 1512 1815 1546 φιλοτιμίαν

1023 1565 1083 1595 ταῖς
1100 1563 1235 1595 εὐλογίαις
1249 1560 1400 1596 ἠμείψατο·
1422 1569 1431 1585 ι
1452 1559 1481 1586 ὐ
1497 1559 1524 1586 δὲ
1547 1558 1612 1589 Θεό;
1635 1567 1685 1593 μου
1701 1558 1810 1593 πληρώ-

1023 1617 1068 1635 σαι
1087 1609 1177 1635 πᾶσαν
1201 1607 1295 1642 χρείαν
1310 1606 1386 1641 ὑμῶν
1402 1604 1474 1632 κατὰ
1497 1604 1542 1630 τὸν
1560 1603 1675 1630 πλοῦτον
1687 1602 1770 1629 αὑτοῦ
1785 1603 1815 1627 ἐν

1022 1653 1084 1688 δόξῃ
1097 1654 1126 1679 ὲν
1142 1651 1252 1687 Χριστῷ
1273 1651 1372 1686 Ἰησοῦ.
1387 1659 1395 1676 ι
1420 1650 1559 1687 Ἑϐραίοις
1576 1649 1604 1675 δὲ
1626 1647 1712 1679 οὓτως
1733 1646 1816 1681 ἐπηύ-

1024 1700 1085 1732 ξατο
1098 1707 1105 1714 ”
1124 1707 1133 1724 ι
1152 1699 1180 1724 'O
1196 1698 1225 1724 δὲ
1237 1698 1304 1729 Θεὸς
1324 1697 1373 1732 τῆς
1385 1697 1508 1731 εἰρήνης,
1526 1697 1540 1722 6
1551 1694 1696 1729 ἀναγαγὼν
1711 1694 1744 1720 ἐκ
1757 1693 1814 1719 τῶν

1022 1745 1126 1780 νεκρῶν
1143 1744 1188 1771 τὸν
1207 1743 1323 1779 ποιμένα
1335 1743 1387 1769 τῶν
1399 1742 1543 1778 προϐάτων
1560 1741 1604 1768 τὸν
1621 1741 1707 1775 μέγαν
1724 1741 1751 1765 ἐν
1769 1739 1815 1766 di:-

1024 1799 1088 1826 ματι
1113 1790 1246 1825 διαθήκης
1261 1788 1382 1821 αἰωνίου,
1408 1789 1453 1815 τον
1477 1787 1578 1822 Κύριον
1596 1786 1674 1822 ἡμῶν
1693 1785 1813 1820 Ἰησοῦν,

1023 1836 1186 1871 καταρτίσαι
1201 1836 1273 1870 ὑμᾶς
1288 1836 1316 1861 ὲν
1332 1835 1412 1862 παντὶ
1428 1834 1500 1870 ἔργῳ
1512 1833 1618 1868 ἀγαθῷ,
1632 1833 1671 1864 εἰς
1687 1831 1717 1858 τὸ
1734 1832 1815 1866 ποιῆ-

1023 1891 1068 1908 σαι
1087 1881 1117 1917 το
1141 1881 1247 1916 θέλημα
1267 1880 1362 1912 αὐτοῦ,
1380 1880 1464 1906 ποιῶν
1480 1881 1508 1906 ἐν
1533 1879 1597 1913 ὑμῖν
1614 1878 1645 1904 τὸ
1667 1877 1816 1911 εὐάρεστον

1022 1927 1136 1954 ἐνώπιον
1149 1927 1231 1953 αὑτοῦ
1245 1927 1289 1953 διὰ
1307 1925 1394 1960 Ἰησοῦ
1411 1925 1540 1961 Χριστοῦ,
1554 1921 1575 1958 ᾧ
1587 1925 1603 1959 ἡ
1614 1924 1677 1957 δόξα
1696 1924 1735 1954 εἰς
1751 1924 1815 1954 τοὺς

1023 1973 1134 2005 αἰῶνας.
1160 1972 1257 2008 Ἀμήν.
1272 1981 1280 1997 ι
1295 1972 1332 1998 Οὐ
1353 1972 1432 2007 μόνον
1457 1971 1485 1997 δὲ
1509 1970 1666 2004 δοξολογῶν.
1684 1969 1751 1996 ἀλλὰ
1768 1969 1816 1995 καὶ

1023 2017 1229 2053 παραγγέλλων,
1253 2017 1299 2043 καὶ
1323 2017 1587 2052 διαμαρτυρόμενος,
1615 2015 1744 2041 συνάπτει
1767 2014 1814 2040 τὸν

1022 2064 1138 2099 Χριστὸν
1150 2063 1189 2099 τῷ
1202 2063 1262 2098 Θεῷ
1282 2063 1330 2090 καί
1344 2063 1441 2097 Πατρί.
1459 2063 1514 2088 Καὶ
1531 2062 1568 2096 τῷ
1590 2061 1718 2096 μακαρίῳ
1730 2060 1816 2093 Τιμο-

1022 2111 1076 2145 θέῳ
1089 2110 1202 2144 γράφων
1218 2109 1267 2144 βοᾷ
1278 2117 1284 2123 ·
1299 2118 1307 2134 ι
1319 2109 1545 2143 Διαμαρτύρομαι
1556 2107 1670 2134 ἐνώπιον
1685 2106 1730 2132 τοῦ
1744 2104 1814 2131 Θεοῦ

1022 2157 1070 2183 καὶ
1094 2155 1181 2190 Ἰησοῦ
1196 2154 1326 2189 Χριστοῦ.
1341 2164 1348 2178 ι
1365 2154 1420 2180 Καὶ
1431 2153 1526 2180 πάλιν·
1544 2163 1553 2178 ι
1570 2151 1757 2186 Παραγγέλλω
1770 2159 1814 2177 σοι

181 2195 317 2222 inhabitat
346 2195 565 2224 inacccssibilem
583 2206 590 2224 :
612 2206 694 2233 quem
719 2199 811 2227 utilius
828 2200 969 2228 hominum

1023 2202 1138 2229 ἐνώπιον
1160 2201 1208 2227 τοῦ
1223 2201 1290 2228 Θεοῦ
1317 2200 1362 2227 τοῦ
1384 2200 1580 2234 ζωογονοῦντος
1596 2199 1629 2226 τὰ
1651 2199 1751 2230 πάντα,
1767 2198 1816 2224 καὶ

180 2240 258 2272 vidit,
277 2241 325 2268 sed
343 2250 394 2269 nec
409 2243 502 2270 videre
513 2247 612 2278 potest,
625 2244 669 2271 cui
683 2244 772 2271 honor
783 2249 810 2272 et
824 2246 970 2281 imperium

180 2287 387 2320 sempiternum.
400 2289 487 2315 Amen
503 2289 523 2316 ν.
538 2299 547 2314 ›

1025 2247 1143 2284 Χριστοῦ
1174 2246 1271 2281 Ἰησοῦ,
1303 2246 1350 2273 τοῦ
1381 2247 1608 2282 μαρτυρήσαντος
1631 2245 1677 2271 ἐπὶ
1700 2244 1815 2270 Ποντίου

1027 2294 1141 2321 Πιλάτου
1154 2292 1204 2327 τὴν
1216 2292 1301 2327 καλὴν
1322 2291 1479 2326 ὁμολογίαν,
1494 2290 1613 2326 τηρῆσαί
1630 2298 1658 2315 σε
1673 2289 1722 2324 τὴν
1739 2290 1816 2314 ἐντοη

180 2331 229 2366 ~’3'.“
246 2332 360 2358 ἄσπιλον
378 2333 560 2369 ἀνεπίληπτον
577 2335 656 2370 μέχρι
672 2337 720 2371 τῆς
747 2337 907 2372 ἐπιῳανείας
919 2340 965 2367 τοῦ
984 2341 1085 2375 Κυρίου
1109 2339 1187 2374 ἡμῶν
1210 2338 1297 2373 Ίησοῦ
1330 2337 1459 2373 Χριστοῦ,
1473 2338 1506 2372 ἣν
1536 2337 1644 2373 καιροῖς
1669 2336 1745 2366 ἰδίοις
1760 2335 1815 2360 δεί-

183 2379 221 2412 ξει
237 2381 251 2407 6
269 2380 403 2416 μακάριος
417 2381 463 2408 καὶ
489 2383 567 2416 μόνος
581 2382 724 2418 δυνάστης,
741 2385 754 2410 6
768 2385 894 2418 βασιλεὺς
909 2386 962 2413 τῶν
983 2386 1179 2422 βασιλευόντων
1192 2406 1198 2417 ,
1212 2385 1259 2411 καὶ
1292 2384 1394 2419 Κύριος
1424 2384 1477 2410 τῶν
1495 2383 1686 2418 κυριευόντων,
1701 2383 1715 2408 6
1734 2381 1814 2415 μόνος

181 2428 250 2462 ἔχων
270 2427 429 2458 ἀθανασίαν,
445 2429 502 2462 φῶς
519 2429 601 2456 οἰκῶν
624 2430 785 2465 ἀπρόσιτον·
800 2431 828 2458 ὃν
843 2430 911 2459 εἶδεν
942 2434 1028 2466 οὐδεὶς
1056 2433 1218 2469 ἀνθρώπων,
1233 2433 1294 2460 οὔτε
1327 2433 1390 2460 ἰδεῖν
1416 2431 1544 2458 δύναται-
1558 2426 1580 2464 ᾧ
1597 2430 1664 2465 τιμὴ
1680 2429 1726 2455 καὶ
1745 2430 1814 2464 κρά-

181 2482 226 2504 τος
239 2473 356 2500 αίώνιον.
381 2473 476 2508 Ἀμήν.

216 2532 279 2560 [late
307 2542 323 2560 a
350 2534 451 2561 divinis
471 2535 602 2569 apostolis
625 2535 783 2567 didicimus,
807 2536 878 2564 hanc.
890 2537 972 2565 nobis

181 2579 337 2606 doctrinam
360 2584 388 2607 et
402 2580 522 2607 Joannes
541 2584 569 2607 et
582 2581 734 2613 Matthacus,
752 2582 971 2616 evangelicarum

182 2625 370 2652 narrationum
381 2625 456 2653 ﬂuvii
468 2626 589 2657 maximi,
602 2627 788 2662 protulerunt.
802 2627 851 2655 llic
861 2629 972 2663 quidem

180 2670 299 2698 dicens:
323 2680 331 2695 ι
347 2670 430 2699 Liber
447 2673 634 2706 generationis
652 2674 716 2701 Jesu
736 2673 838 2701 Christi
857 2675 905 2701 ﬁlii
923 2675 974 2702 Da-

181 2715 264 2747 \idis,
287 2715 337 2742 ﬁlii
356 2717 473 2745 Abrahm
498 2719 536 2751 '°;
557 2729 566 2744 ι
584 2719 629 2747 ille
643 2727 708 2747 vero
725 2727 785 2754 qua:
800 2724 862 2747 ante
875 2720 972 2747 stecnla

221 2818 228 2832 '
247 2817 348 2852 Ephcs.
368 2825 386 2848 l,
405 2818 433 2844 9.
470 2819 479 2833 ’
495 2819 572 2845 Rom.
589 2827 641 2849 XVI,
656 2819 747 2846 25-27.

188 2854 195 2868 ⁷
214 2851 367 2883 Περικχιιι,
386 2852 430 2884 20,
447 2851 491 2879 2|.
530 2853 539 2868 '
559 2854 579 2880 ll
592 2854 662 2880 Tim.
679 2862 715 2887 ιγ,
734 2855 765 2881 15

787 2820 795 2834 ⁸
812 2820 911 2853 Εμιιρς,
931 2828 969 2850 lll,
985 2820 1028 2846 20.

815 2855 825 2870 '
841 2856 849 2882 Ι
867 2855 936 2882 Tim.
953 2863 988 2887 vi,
1003 2855 1083 2881 15-16
1097 2862 1137 2888 sq.
1160 2854 1180 2869 "
1197 2853 1290 2880 Matth.
1308 2853 1363 2882 ι,1.

1060 2536 1153 2563 Ταῦτα
1171 2534 1247 2570 παρὰ
1267 2534 1323 2561 τῶν
1337 2534 1418 2560 iisth
1445 2533 1624 2568 ἐδιδάχθημεν
1645 2531 1814 2563 ἀποστόλων,

1025 2583 1126 2618 ταύτην
1146 2582 1194 2608 καὶ
1217 2581 1344 2614 Ἰωάννης
1362 2580 1409 2606 καὶ
1439 2579 1588 2610 Ματθαῖος.
1604 2578 1659 2605 τῶν
1673 2578 1816 2612 εὐαγγελι-

1026 2629 1081 2656 κῶν
1096 2627 1282 2663 κηρυγμάτων
1298 2628 1323 2653 οἱ
1342 2626 1466 2662 μέγιστοι
1484 2626 1612 2660 ποταμοὶ,
1623 2625 1673 2660 τὴν
1684 2625 1816 2651 διδασκα-

1026 2674 1085 2700 λίαν
1115 2673 1180 2707 ήμῖν
1209 2672 1413 2708 προσήνεγκαν·
1443 2671 1458 2697 ὁ
1487 2670 1536 2705 μὲν
1565 2669 1666 2696 εἰπών’
1697 2669 1816 2700 «Βίϐλος

1027 2719 1158 2754 γενέσεως
1172 2718 1260 2753 Ἰησοῦ
1270 2716 1390 2752 Χριστοῦ
1402 2716 1460 2743 υἱοῦ
1473 2716 1565 2749 Δαῦὶδ,
1581 2715 1639 2742 υἱοῦ
1654 2715 1778 2751 Ἀϐραάμ
1789 2723 1814 2741 ἰ

1079 2821 1089 2834 ⁸
1107 2819 1174 2846 ibid.
1190 2819 1229 2845 Η.

1276 2818 1286 2832 ⁵
1304 2817 1403 2852 Ephcs.
1419 2825 1444 2850 v,
1456 2817 1500 2843 20.
1558 2817 1568 2831 “
1583 2815 1702 2851 Philipp.
1717 2823 1753 2847 Iv,
1771 2815 1814 2842 l9.
