1945 3058
105 176 116 209 i
127 178 175 210 £09
755 176 893 206 EPISTOl

954 176 1093 207 CXLVII.

102 232 118 256 ὁ
133 231 162 257 δὲ
179 229 214 256 τὰ
237 230 290 265 πρὸ
310 230 363 256 τῶν
390 229 495 256 αἰώνων
510 228 650 268 ’ἐπιδείξας
661 236 667 242 ·
686 238 695 254 ι
714 228 759 255 Ἑν
774 229 843 264 ἀρχῇ
860 226 893 264 ἦν

946 229 1022 257 fuere
1049 228 1228 256 manifestans
1248 239 1254 256 ς

102 277 117 302 ὁ
135 276 230 309 Λέγος,
247 275 293 302 καὶ
309 276 322 302 ὁ
339 276 422 310 Λόγος
440 273 474 310 ἦν
489 275 556 309 πρὸς
573 274 618 300 τὸν
630 273 705 305 Θεὸν,
721 274 768 300 καὶ
783 275 848 306 Θεὸς
859 273 893 310 ἦν

103 323 117 346 ὺ
137 321 229 354 Λόγος.
244 318 328 352 Οὗτος
342 319 376 356 ἦν
395 322 422 346 ἐν
437 321 508 355 ἀρχῇ
526 320 595 355 πρὸς
609 319 655 346 τὸν
679 319 762 346 Θεὸν·
782 320 829 346 καὶ
853 321 894 347 ὃτι

103 366 195 392 ταντα
210 366 244 392 δι’
255 365 337 392 αὑτοῦ
354 365 463 400 ἐγένετο
476 365 545 400 (27S).
562 374 573 391 ›

1667 179 1735 212 141)

1286 240 1294 253 ι
1311 230 1338 256 ln
1366 230 1501 265 principio
1521 235 1581 258 erat
1602 232 1732 266 Verbum,

947 279 975 301 et
991 275 1113 303 Verbum
1129 279 1190 302 erat
1208 275 1281 310 apud
1296 276 1392 308 Deum,
1407 281 1435 303 et
1448 277 1519 304 Deus
1529 283 1589 305 erat
1605 278 1733 307 Verbum.

948 321 1005 348 Hoc
1034 326 1095 348 erat
1117 321 1145 348 in
1168 321 1305 356 principio
1331 322 1403 357 apud
1418 323 1515 356 Deum,
1538 329 1565 351 et
1581 325 1672 353 omnia
1687 333 1737 362 per

948 367 1037 401 ipsum
1055 368 1125 395 facta
1141 372 1206 395 sunt
1221 368 1253 394 “.
1269 378 1278 394 ι

105 479 213 514 1275
221 480 401 524 Sequuntur
413 479 572 524 Epistulae,
585 490 663 524 quer,
680 491 698 510 ιι
710 481 877 524 St'rrnondo
894 483 926 512 in
937 482 1091 524 columine
1104 482 1303 524 cpistolarum
1318 483 1735 524 Theodoretipra’termzsste,

287 521 321 550 t'n
339 520 488 552 Garmrii
510 521 659 564 ductarii)
682 520 808 564 et_alt'l_)_i_
825 521 914 564 edita
936 522 1083 564 fuerunt;
1103 520 1272 564 secundum
1297 523 1448 564 ordinem,
1470 520 1558 564 quem

515 560 687 590 Garnerius
712 560 957 601 ianheodoreti
974 561 1167 601 aliorumque
1191 562 1330 601 epistolis

658 599 885 630 constituendis
902 600 1092 633 observavit.

158 661 243 688 PMZ'.
258 677 293 681 —
309 661 431 696 Ἰωάννῃ
447 662 602 695 ἐπισκόπῳ
616 663 901 702 Γερμανικείαςῌϐ).

140 718 181 744 Τὰ
197 719 246 753 μὲν
262 718 383 753 πρότερα
400 717 552 753 γράμματα
565 718 615 753 τῆς
635 718 686 753 σῆς
699 718 837 753 ὁσιότητος
848 718 893 745 εὑ-

103 763 153 794 θὺς
167 763 312 797 δεξάμενος
330 763 528 798 ἀντιγέγραφα.
545 763 612 799 Περὶ
626 763 654 789 δὲ
677 763 731 790 τῶν
745 764 894 798 προκειμέ-

103 817 158 834 νων
175 808 249 834 οὐδέν
263 809 336 835 ἐστιν
350 808 459 834 ἐλπίσαι
471 807 598 843 χρηστόν.
610 807 666 842 Τῆς
677 807 732 842 γὰρ
747 807 894 840 παντελοῦς

101 853 272 885 ἀποστασίας
293 853 476 888 ὑπολαμϐάνω
500 853 587 880 ταῦτα
609 851 678 880 εἶναι
704 853 842 888 προοίμια.
858 853 895 879 Τὸ

101 900 157 934 γὰρ
182 899 245 931 τοὺς
274 900 440 934 θρηνοῦντας
463 901 496 926 τὰ
523 899 593 926 κατὰ
611 899 681 935 βεαν,
695 899 732 930 ὦς
751 907 842 933 φασιν,
865 900 894 925 ὲν

108 946 214 981 Ἐφέσῳ
226 945 396 980 γεγενημένα
409 945 445 980 μὴ
458 944 668 980 μεταμέλεσθαι,
684 944 742 971 ἀλλ’
753 944 894 978 ἐπιμένειν

1016 663 1142 690 CXLVII.
1165 679 1190 684 ——
1212 663 1310 690 Joumu‘
1326 663 1454 699 Episcopo
1475 664 1656 692 Germanicip.

981 719 1022 747 Ad
1039 720 1147 755 priores
1163 720 1318 748 sanctitatis
1332 727 1385 748 tuae
1400 721 1507 748 litteras
1528 723 1656 756 rescripsi
1674 729 1736 749 cum

947 767 1066 802 primum
1094 767 1197 801 accepi.
1221 767 1259 794 De
1280 767 1409 802 prtesenti
1430 771 1522 794 autem
1546 776 1640 795 rerum
1665 773 1735 796 statu

948 812 1017 839 nihil
1044 812 1109 839 boni
1135 820 1247 847 sperare
1270 812 1346 842 licet.
1365 812 1582 847 defectionisque
1607 814 1738 841 absolutae

948 858 1027 885 initia
1043 857 1102 885 haec
1118 865 1178 885 esse
1191 857 1319 884 arbitror.
1335 857 1413 890 Quod
1424 857 1498 884 enim
1513 858 1552 891 hi,
1571 859 1678 894 1276
1690 859 1736 894 qui

948 911 992 930 res
1005 911 1054 938 per
1066 904 1132 936 vim,
1156 907 1187 930 ut
1206 903 1363 938 perhibent,
1390 903 1491 938 Ephesi
1516 908 1606 938 gestas
1623 904 1736 936 deﬂent,

948 954 1068 976 mentem
1087 957 1143 976 non
1167 952 1286 981 mutant,
1310 949 1357 976 sed
1386 949 1414 976 in
1436 949 1471 976 iis
1491 953 1654 984 permanent
1677 957 1738 984 quae

101 992 159 1022 τοῖς
181 991 350 1025 παρανόμοις
377 990 442 1026 παρ’
459 991 547 1017 αὐτῶν
575 990 758 1025 τολμηθεῖσιν,
783 990 829 1016 καὶ
846 990 893 1016 ἐπ-

947 996 1042 1019 contra
1057 993 1130 1028 leges
1139 997 1299 1028 patrarunt,
1321 997 1348 1020 et
1368 993 1531 1028 injustitiam
1546 994 1627 1021 simul
1642 994 1738 1028 impie-

101 1037 254 1072 οικοδομεῖν
270 1036 341 1063 κατὰ
353 1036 451 1063 ταυτὸν
470 1037 520 1072 τήν
535 1045 565 1063 τε
583 1036 689 1063 ἀδικίαν
708 1035 754 1062 καὶ
766 1036 815 1070 τὴν
831 1034 895 1061 ἀσέ-

80 1114 83 1118 ,
102 1083 190 1113 ϐειαν,
206 1083 253 1109 καὶ
270 1083 300 1108 τὸ
322 1083 384 1114 τοὺς
410 1082 507 1113 ἄλλους
538 1083 606 1118 μήτε
630 1081 836 1116 συμόουλεύειν,
853 1081 896 1108 ἴνα

102 1128 196 1159 αὐτοῖς
217 1127 352 1164 ἐξαρνηθῇ
374 1128 408 1154 τὰ
423 1127 601 1163 τολμηθέντα,
621 1129 689 1163 μήτε
710 1127 896 1162 ἐπιμενόντων

103 1171 145 1205 οἷς
164 1174 332 1209 παρανόμως
360 1174 476 1208 ἔδρασαν
503 1173 614 1208 φεύγειν
631 1173 680 1209 τὴν
698 1173 852 1205 κοινωνίαν,
870 1173 896 1199 τι

103 1220 158 1246 τῶν
177 1220 303 1256 χρηστῶν
327 1220 447 1252 ἐλπίζειν
462 1221 514 1256 es;
535 1221 565 1247 Et
583 1221 630 1256 μὲν
643 1221 698 1256 γὰρ
721 1220 838 1255 ἐπῄνουν
861 1219 897 1246 τὰ

104 1266 277 1301 γεγενημένα
301 1266 338 1297 ὡς
363 1264 392 1292 εὖ
416 1266 463 1292 καὶ
479 1266 570 1298 καλῶς
586 1266 692 1302 ἔχοντα,
710 1267 823 1298 εἰκότως
839 1268 896 1298 τοῖς

104 1312 180 1347 παρὰ
194 1312 268 1346 σφῶν
282 1312 487 1346 ἐπαινουμένοις
499 1312 640 1347 ἐπέμενον.
655 1313 686 1339 Εἰ
699 1312 726 1339 δὲ
740 1312 893 1348 θρηνοῦσιν,

104 1358 142 1388 ὡς
156 1357 290 1391 λέγουσιν,
314 1358 361 1383 καὶ
378 1358 483 1393 ἀνάγκῃ
499 1359 546 1384 καὶ
560 1357 605 1393 βίᾳ
620 1358 707 1385 ταῦτα
723 1359 894 1394 πεπραχέναι

105 1403 182 1436 φασὶ,
200 1402 226 1428 τί
249 1403 349 1437 δήποτε
372 1403 409 1438 μὴ
431 1403 487 1438 (‘27)
505 1403 680 1439 ἐξαρνοῦνται
695 1404 713 1430 ἃ
730 1405 895 1439 παρανόμως

103 1447 275 1482 δεδράκασιν,
292 1446 359 1474 ἀλλὰ
377 1447 407 1473 τὸ
420 1447 517 1482 παρὸν,
536 1448 584 1474 καὶ
597 1448 700 1483 σφόδρα
714 1447 742 1474 ὃν
755 1449 894 1484 ὀλιγοχρό-

104 1501 169 1525 νιον,
183 1492 230 1520 τοῦ
247 1493 390 1528 μέλλοντος
406 1493 623 1528 «pararim-rat;
640 1493 672 1519 Tt
687 1493 787 1529 δήποτε
804 1494 831 1520 δὲ
849 1494 895 1520 καὶ

104 1539 250 1574 προφανῶς
263 1538 417 1573 ψεύδονται,
438 1539 484 1566 καί
498 1547 563 1574 φασι
581 1539 715 1574 μηδεμίαν
731 1539 895 1574 γεγενῆσθαι

105 1585 170 1619 περὶ
190 1584 220 1610 τὸ
234 1584 322 1618 δόγμα
345 1585 535 1619 καινοτομίαν;
559 1584 608 1610 Διὰ
624 1585 717 1616 ποίους
732 1585 828 1620 φόνους
849 1586 896 1612 καὶ

105 1630 231 1664 γοητείας
258 1629 392 1663 ὲξηλάθην
424 1630 496 1663 ὲγώ;
516 1631 545 1656 Ὀ
575 1629 650 1657 δεῖνά
673 1639 748 1663 τινας
774 1631 896 1666 μοιχείας

106 1675 272 1710 ὲτὸλμησεν;
288 1675 384 1706 Ποίους
407 1676 420 1700 ὁ
436 1674 509 1701 δεῖνα
522 1674 652 1710 διὼρυξεν
668 1675 786 1709 τάφους;
810 1676 893 1710 Δῆλόν

105 1722 163 1747 ἐστι
185 1721 232 1747 καὶ
252 1722 307 1752 τοῖς
332 1719 489 1755 βαρϐάροις,
509 1720 547 1751 ὡς
565 1720 708 1756 δογμάτων
724 1721 804 1756 χάριν
822 1721 895 1756 κάμὲ

105 1766 151 1792 καὶ
168 1766 232 1797 τοὺς
247 1766 343 1797 ἄλλους
357 1766 501 1800 ἐξήλασαν.
523 1766 577 1793 Καὶ
603 1767 658 1802 γὰρ
676 1766 721 1793 τδν
738 1766 830 1801 κύριον
846 1767 895 1793 Δό-

106 1821 181 1847 μνον,
197 1812 234 1844 ὡς
261 1812 294 1839 τὰ
312 1812 446 1846 κεφάλαια
475 1811 514 1847 μὴ
541 1811 698 1847 δεξάμενον,
723 1812 847 1839 καθεῖλον
870 1813 895 1839 οἱ

105 1858 248 1893 βέλτιστοι,
264 1858 432 1892 πανεύφημα
448 1857 536 1884 ταῦτα
552 1858 726 1890 καλέσαντες,
743 1857 789 1883 καὶ
808 1858 894 1893 ἐμμέ-

104 1913 159 1931 νειν
187 1903 292 1934 τούτοις
313 1903 540 1938 ὁμολογήσαντες.
574 1902 644 1936 Ἐγὼ
659 1902 713 1937 γὰρ
734 1903 824 1929 αὐτῶν
845 1903 894 1934 τὰς

106 1949 263 1980 καταῦὲσεις
277 1948 408 1982 ἀνέγνων·
421 1948 469 1983 ἐμὲ
484 1948 512 1974 δὲ
524 1948 561 1980 ὼς
575 1948 623 1982 τῆς
639 1948 769 1981 αἱρέσεως
781 1948 895 1983 ἔξαρχον

104 1993 292 2029 ἁπεκήρυξαν,
310 1993 356 2019 καὶ
367 1994 430 2024 τοὺς
444 1993 540 2024 ἄλλους
552 1993 683 2024 ὡσαύτως
694 1993 738 2019 διὰ
751 1993 800 2028 τὴν
811 1994 894 2028 αὐτὴν

104 2041 192 2067 αἰτίαν
207 2039 343 2071 ἐξέϐαλον.
353 2039 414 2065 Ὅτι
429 2039 483 2074 γὰρ
498 2039 546 2074 τὴν
561 2039 715 2074 πρακτικὴν
727 2039 826 2074 ἀρετὴν
838 2041 895 2071 τοῖς

111 2086 281 2122 Ἀμαξυϐίοις
298 2084 424 2120 μᾶλλονῆ
440 2085 529 2116 αὐτοῖς
543 2084 745 2119 νομοῦετεῖσθαι
761 2085 835 2120 παρὰ
846 2085 892 2112 τοῦ

105 2134 227 2168 Σωτῆρος
245 2131 390 2160 ὑπέλαϐον.
408 2130 476 2156 αὐτὰ
507 2130 555 2166 βοᾷ
578 2130 614 2156 τὰ
632 2131 791 2166 πράγματα.
815 2131 894 2158 Κατὰ

104 2179 156 2214 γὰρ
170 2178 345 2206 Κανδιδιανοῦ
359 2177 406 2204 τοῦ
421 2176 530 2204 Πισιδου
543 2176 598 2210 (28)
611 2177 749 2208 λιὸἐλλους
762 2177 893 2205 ἐπέδοσαν

103 2233 183 2257 τινες,
212 2224 333 2260 μοιχείας
358 2223 439 2250 αὐτοῦ
468 2222 687 2257 κατηγοροῦντες
708 2222 818 2255 πολλὰς,
846 2223 893 2249 καὶ

104 2271 199 2306 ἐτέρας
215 2270 394 2306 παρανομίας.
412 2269 465 2295 Καί
479 2277 559 2303 φασιν
571 2268 710 2303 εἰρηκέναι
722 2270 771 2303 τῆς
784 2269 891 2295 συνόδου

103 2318 147 2344 τὸν
165 2316 288 2351 ἔξαρχον·
315 2316 347 2342 Εἰ
376 2315 518 2349 δογμάτων
548 2315 740 2349 κατηγορεῖτε,
758 2314 891 2349 δεχόμεθα

104 2362 164 2393 τοὺς
181 2360 327 2391 λιϐέλλους·
356 2360 386 2385 οὺ
411 2360 465 2394 γὰρ
486 2359 602 2393 ἤλθομεν
623 2359 755 2393 μοιχείαις
769 2359 887 2386 δικάσαι.

104 2408 151 2434 Διά
167 2416 207 2433 τοι
223 2406 301 2432 τοῦτο
320 2405 367 2432 καὶ
383 2405 505 2440 Ἀϐήνιον
519 2405 565 2430 καὶ
583 2403 753 2435 Ἀοανάσιον,
773 2404 825 2430 ὑπὸ
841 2404 889 2439 τῆς

104 2453 263 2486 ἀνατολικῆς
283 2451 463 2486 ἐκϐληθέντας
484 2450 604 2482 συνόδου,
622 2449 671 2481 τὰς
693 2449 795 2481 οἰκείας
821 2450 889 2476 ἀπο-

105 2499 193 2526 λαϐεῖν
210 2497 372 2532 Ἐκκλησίας
385 2496 540 2523 ἐκέλευσαν·
552 2495 590 2527 ὡς
602 2495 678 2522 οὐδὲν
691 2495 740 2530 μὲν
755 2495 818 2531 περὶ
831 2495 889 2530 βίου

138 2576 158 2592 ¹¹
176 2576 255 2603 Joan.
274 2583 293 2607 ι,
312 2574 369 2601 1-5.

139 2642 192 2674 (25)
212 2642 316 2669 Ctetera
332 2641 534 2668 desiderantur.

138 2675 192 2712 (26)
209 2678 284 2704 Hanc
299 2677 451 2711 epistolam,
473 2684 534 2711 qua:
551 2677 578 2703 in
603 2676 732 2712 omnibus
746 2676 888 2712 codicibus

104 2711 147 2740 est
168 2712 317 2739 centesima
341 2712 470 2738 vicesima
496 2712 602 2746 quinta,
631 2711 795 2738 Sirmondus
822 2719 836 2737 a
858 2719 888 2738 se

124 2747 312 2774 nrtermissam
328 2745 511 2774 collocaverat
525 2747 553 2773 in
567 2745 718 2780 appendice
732 2746 765 2772 ad
782 2751 886 2773 tomum

118 2782 136 2808 V
154 2782 274 2816 Operum
298 2782 474 2812 Theodoreti,
496 2790 524 2816 p.
540 2782 592 2808 702
603 2789 672 2814 seq.;
685 2788 766 2815 quam
779 2789 813 2808 ex
829 2782 888 2815 ejus

104 2817 243 2844 voluntate
260 2817 446 2851 posuissemus
467 2825 517 2843 suo
534 2822 603 2848 loco,
620 2816 673 2842 nisi
687 2819 824 2851 etromnes
839 2824 890 2842 nu-

106 2852 171 2878 meri
197 2850 274 2886 seqq.
305 2852 492 2886 epistolarum,
519 2859 588 2886 quos
612 2851 701 2878 solent
722 2850 889 2886 incitandis

106 2885 269 2915 Theodoreti
290 2885 416 2922 epistolis
432 2885 536 2921 sequi,’
548 2885 699 2921 perturbati
724 2885 850 2919 fuissent,
861 2889 890 2912 et

947 1043 1086 1074 tatemque
1109 1043 1305 1074 superstruunt
1333 1047 1340 1067 :
1363 1039 1409 1066 alii
1431 1047 1498 1067 vero
1518 1048 1570 1067 nec
1591 1040 1736 1067 consilium

946 1085 1013 1112 dant
1024 1089 1055 1112 ut
1071 1086 1180 1120 ejurent
1189 1094 1251 1121 quae,
1262 1090 1368 1120 patrata
1387 1091 1461 1118 sunt,
1478 1094 1529 1113 nec
1541 1094 1636 1114 eorum
1649 1086 1696 1121 qui
1708 1086 1736 1113 in

946 1139 1090 1165 perperam
1114 1131 1199 1166 gestis
1218 1136 1398 1166 perseverant
1418 1132 1641 1159 communionem
1662 1131 1737 1158 devi-

948 1177 1020 1207 tant,
1038 1177 1103 1212 quid
1123 1177 1189 1204 boni
1208 1185 1319 1212 sperare
1343 1178 1503 1213 permittit?
1527 1178 1634 1205 Etenim
1661 1177 1683 1204 si
1703 1185 1735 1204 ea

946 1230 1007 1257 qua:
1025 1223 1095 1249 facta
1111 1227 1185 1255 sunt,
1204 1227 1334 1258 tanquam
1360 1223 1430 1251 bene
1442 1231 1474 1250 ac
1498 1228 1572 1250 recte
1589 1227 1664 1257 gesta
1676 1222 1736 1249 lau-

946 1268 1052 1300 darent,
1064 1269 1126 1303 jure
1146 1269 1173 1295 in
1187 1269 1220 1296 iis
1235 1277 1295 1303 qua:
1313 1269 1365 1304 ipsi
1377 1269 1522 1296 laudarent
1542 1269 1735 1303 persisterent.

946 1312 980 1339 At
998 1313 1019 1340 si
1042 1313 1153 1347 lugent,
1182 1317 1210 1339 ut
1234 1313 1348 1344 dicunt,
1372 1317 1401 1339 et
1418 1312 1443 1338 \‘i
1468 1319 1500 1339 ac
1518 1311 1682 1338 necessitate
1695 1310 1735 1337 fe-

946 1359 1016 1386 cisse
1046 1367 1075 1386 se
1105 1359 1193 1390 aiunt,
1223 1366 1273 1386 cur
1300 1366 1354 1384 non
1388 1357 1535 1392 repudiant
1561 1364 1622 1392 quze
1642 1359 1736 1383 contra

946 1404 1019 1439 leges
1035 1408 1159 1439 egerunt,
1190 1403 1238 1430 sed
1271 1403 1344 1438 quod
1366 1410 1485 1437 praesens
1519 1406 1579 1433 est,
1609 1401 1736 1436 quamvis

946 1450 1036 1485 exigui
1065 1450 1101 1477 sit
1129 1449 1272 1484 temporis,
1298 1449 1392 1476 futuro
1412 1448 1560 1475 antelatum
1576 1447 1640 1475 est?
1666 1447 1738 1480 Quid

946 1501 1039 1523 autem
1053 1496 1135 1523 etiam
1152 1499 1246 1530 aperte
1257 1495 1477 1526 mentiuntur,et
1491 1494 1593 1521 nullam
1605 1493 1737 1520 doctrinas

947 1541 1155 1568 innovationem
1170 1541 1268 1568 factam
1288 1539 1403 1567 dicunt?
1414 1539 1550 1573 Quasnam
1560 1538 1595 1565 ob
1610 1538 1697 1565 etedes
1709 1543 1737 1564 et

946 1586 1080 1614 maleﬁcia
1093 1587 1225 1621 expulsus
1238 1594 1289 1621 ego
1303 1594 1363 1613 sum
1378 1585 1389 1612 ?
1405 1592 1530 1619 quietiam
1544 1584 1589 1611 hic
1601 1583 1736 1611 adulteria

947 1633 1107 1660 commisit?
1125 1641 1186 1667 qua:
1220 1632 1347 1666 sepulcra
1376 1631 1422 1658 ille
1448 1630 1585 1665 perfodit?
1607 1629 1737 1656 Barbaris

946 1678 1012 1714 ipsis
1023 1685 1197 1713 perspectum
1214 1682 1256 1704 est
1269 1678 1329 1705 illos
1344 1681 1399 1704 tum
1422 1684 1476 1709 me,
1496 1681 1554 1703 tum
1574 1676 1653 1708 alios,
1671 1675 1737 1710 dog-

945 1729 1050 1751 matum
1080 1731 1163 1751 causa
1191 1723 1314 1759 eiecisse.
1344 1723 1411 1750 Nam
1434 1723 1487 1750 et'
1511 1721 1653 1749 dominum
1682 1721 1737 1747 Do-

945 1778 1051 1802 mnum,
1075 1769 1149 1804 quod
1166 1769 1292 1804 Capitula
1319 1777 1374 1796 non
1395 1769 1541 1803 reciperet,
1565 1768 1618 1795 viri
1639 1767 1734 1802 optimi

945 1815 1144 1849 deposuerunt,
1161 1814 1235 1840 omni
1256 1814 1336 1840 laude
1348 1813 1430 1848 digna
1444 1813 1502 1840 lucc
1513 1812 1689 1845 aiﬁrmantes,
1708 1817 1735 1840 et

945 1859 972 1886 in
987 1859 1030 1886 his
1042 1867 1071 1886 se
1089 1858 1265 1893 acquiescere
1278 1858 1455 1892 proﬁtentes;
1471 1866 1566 1884 eorum
1582 1858 1654 1884 enim
1671 1866 1735 1892 pro-

944 1905 1080 1932 fessiones
1096 1911 1146 1939 ego
1163 1904 1234 1939 legi:
1252 1911 1295 1930 me
1312 1911 1379 1930 vero
1392 1904 1467 1930 velut
1482 1903 1618 1930 haereseos
1633 1900 1735 1938 princi-

944 1956 1007 1983 pem
1024 1948 1200 1980 abdicarunt,
1222 1953 1249 1976 ct
1270 1944 1340 1976 alitis
1354 1949 1457 1984 pariter
1476 1949 1600 1976 eamdem
1620 1949 1655 1976 ob
1669 1957 1734 1976 cau-

945 2001 1003 2021 sam
1020 1994 1196 2028 expulerunt.
1216 1994 1339 2020 Activam
1367 1994 1469 2028 quippe
1487 1993 1618 2021 virtutem
1636 1994 1734 2021 Hama-

944 2039 1035 2067 xobiis
1059 2039 1152 2074 potius
1181 2047 1262 2074 quam
1285 2039 1338 2067 sibi
1362 2048 1377 2066 a
1402 2040 1547 2067 Servatore
1571 2040 1732 2074 imperatam

945 2085 1019 2121 ipsos
1031 2086 1212 2117 existimasse,
1228 2094 1272 2113 res
1291 2087 1418 2113 clamant.
1437 2085 1576 2113 Adversus
1587 2085 1734 2114 Candidia—

944 2139 1010 2158 num
1032 2132 1106 2159 enim
1125 2124 1246 2160 Pisidam
1267 2141 1329 2160 cum
1344 2133 1453 2160 libellos
1467 2133 1579 2168 quidam
1595 2133 1733 2168 porrexis—

944 2182 1015 2210 sent,
1029 2178 1114 2205 multa
1129 2179 1190 2213 ejus
1206 2179 1341 2206 adulteria
1359 2183 1386 2206 et
1397 2179 1449 2205 alia
1467 2179 1571 2206 scelera
1583 2179 1733 2206 criminan-

944 2227 994 2255 tes,
1007 2225 1113 2259 1277
1127 2225 1224 2260 synodi
1234 2225 1377 2259 przesidem
1393 2225 1567 2259 respondisse
1578 2225 1670 2252 ferunt
1686 2225 1732 2252 :Si

943 2270 1069 2305 dogmata
1090 2271 1219 2306 arguitis,
1236 2271 1343 2298 libellos
1361 2270 1532 2297 admittimus
1557 2280 1562 2297 :
1587 2279 1641 2298 non
1657 2271 1732 2298 enim

942 2315 1080 2347 venimus,
1091 2321 1121 2342 ut
1131 2316 1165 2343 de
1180 2316 1324 2343 adulteriis
1335 2316 1500 2351 judicemus.
1514 2316 1592 2344 Unde
1603 2321 1631 2343 et
1649 2317 1734 2343 Athe-

942 2361 1018 2387 nium
1040 2365 1068 2388 et
1084 2361 1275 2393 Athanasium,
1292 2362 1325 2388 ab
1342 2362 1470 2389 orientali
1487 2362 1590 2397 synodo
1604 2367 1733 2389 exaucto-

943 2410 1027 2437 ratos,
1041 2406 1120 2433 sedes
1130 2415 1193 2434 suas
1210 2407 1334 2441 recipere
1351 2408 1512 2442 jusserunt:
1530 2407 1608 2441 quasi
1625 2407 1659 2433 de
1676 2407 1732 2434 vita

943 2450 1072 2478 Servator
1091 2457 1186 2479 noster
1207 2452 1294 2487 legem
1319 2453 1422 2479 nullam
1449 2452 1587 2484 statuerit,
1607 2452 1654 2479 sed
1666 2451 1733 2486 dog-

943 2501 1015 2524 mata
1034 2497 1093 2525 sola
1114 2505 1225 2525 servare
1245 2498 1417 2533 praeceperit,
1441 2506 1502 2533 quae
1526 2497 1648 2524 omnium
1673 2505 1737 2524 ma-

940 2641 1090 2670 Garnerius
1103 2642 1160 2677 ipse
1177 2643 1203 2669 in
1216 2642 1349 2673 auctario,
1366 2641 1413 2668 ubi
1428 2644 1627 2677 commentatur
1640 2639 1668 2666 in
1680 2639 1730 2667 has

940 2677 1081 2711 epistolas,
1094 2676 1195 2704 nostrae
1212 2685 1274 2704 eum
1295 2677 1414 2704 dedisset
1434 2676 1524 2703 locum
1538 2683 1569 2702 ac
1583 2683 1729 2711 numerum

941 2710 1022 2746 quem
1035 2721 1084 2738 nos
1094 2713 1143 2747 ipsi
1155 2712 1291 2739 dedimus.
1308 2712 1356 2738 Est
1367 2716 1459 2739 autem
1469 2711 1526 2747 inec
1543 2710 1658 2747 epistola
1671 2710 1728 2736 col-

941 2745 994 2773 lata
1013 2754 1074 2773 cum
1104 2745 1199 2774 codice
1228 2747 1443 2780 Vindobonensi,
1468 2745 1545 2781 cujus
1570 2745 1728 2779 discrepan-

940 2786 982 2808 tes
996 2782 1128 2809 lectiones
1146 2782 1262 2817 margini
1278 2782 1464 2817 ascripsimus.

989 2817 1033 2851 27)
1046 2818 1086 2843 ἐκ.
1101 2817 1218 2844 Vindob.

990 2852 1035 2886 28)
1057 2852 1185 2879 Πισιδῐου.
1207 2851 1288 2879 Vind.
