1945 3058
200 155 263 186 liii

707 150 950 181 THEODORETI
971 149 1140 180 EPISCOPI
1158 149 1342 179 CYBENSIS

1759 145 1835 177 14ἓὲ

197 213 269 239 xime
292 208 487 245 sapientissimi
522 208 567 237 isti
602 208 799 243 depravarunt.
833 207 872 234 Ne
902 207 985 241 igitur

1039 207 1082 232 τοῦ
1099 207 1225 241 Σωτῆρος
1242 206 1297 241 (29)
1311 205 1553 241 νομοθετήσαντος,
1575 206 1642 240 μόνα
1671 206 1698 232 δὲ
1725 206 1759 233 τὰ
1781 206 1833 232 δά-

189 256 323 288 ιιιυᾱωη,
344 256 566 290 impietatcmque
582 258 684 289 tegant,
700 261 781 288 quam
798 257 826 280 et
842 253 943 286 linguis
955 256 983 279 et

198 304 325 330 manibus
340 302 547 329 conﬁrmarunt.
562 300 639 333 Quod
655 300 678 327 si
698 301 756 327 hmc
771 300 808 327 ita
827 307 855 327 se
869 307 924 326 non
937 299 986 325 ha—

197 349 277 379 bent,
302 347 417 375 caedium
439 354 536 374 causas
561 347 690 377 edicant,
712 345 866 373 Servatoris
898 344 985 371 nostri

197 399 361 421 naturarum
389 392 538 419 discrimen
553 413 560 425 ,
585 392 770 427 unionemque
795 391 984 423 inconfusam,

196 439 300 473 scripto
313 437 507 470 conliteantur,
526 437 661 472 integram
682 441 744 471 post
768 436 899 463 unionem
927 441 985 462 tum

196 482 370 509 divinitatem
394 485 452 508 tum
479 481 679 508 humanitatem
707 480 839 508 mansisse
864 488 986 515 pronun-

196 528 275 555 tient.
298 529 371 554 Deus
392 535 449 554 non
468 527 610 554 irridetur.
629 527 817 562 Explodantur
839 535 912 553 nunc
926 531 986 553 tan—

196 574 258 601 dem
290 574 429 608 capitula,
465 582 525 609 qua:
560 574 659 608 saepius
686 578 766 601 antea
799 574 984 606 damnarunt,

197 619 298 654 Ephesi
321 624 413 647 autem
432 627 521 654 nuper
542 620 740 654 approbarunt.
766 619 826 646 Non
847 619 987 653 decipiant

198 665 370 692 sanctitatem
403 668 476 691 tuam
504 664 683 690 mendacibus
695 664 797 690 verbis.
826 663 987 690 Laudabant

197 717 258 744 qua:
285 718 300 737 ιι
326 716 370 735 me
394 709 547 736 Antiochiae
574 717 624 743 pro
650 709 782 736 concione
812 709 985 740 dicebantur,

198 760 257 782 tum
281 763 296 782 e
316 763 431 782 numero
455 755 569 782 fratrum
597 763 659 781 cum
686 758 788 786 essent,
817 758 874 781 tum
901 755 988 782 lecto-

199 808 242 827 res
262 800 337 833 facti,
353 804 381 827 et
399 800 507 827 diaconi
528 799 656 831 ordinati,
671 804 698 826 et
710 799 874 835 presbyteri,
891 803 918 826 et
930 799 988 834 epi-

198 847 272 880 scopi
293 854 299 872 :
318 849 345 872 et
363 845 440 872 [inito
459 853 596 876 sermone,
616 845 853 879 amplexabantur,
873 845 988 872 deoscu—

1037 261 1130 287 γματα
1147 253 1291 286 φυλάττειν
1308 251 1495 283 κελεύσαντος,
1511 252 1528 278 ἂ
1546 252 1599 286 πρὸ
1610 251 1663 278 τῶν
1681 252 1767 279 ἄλλων
1785 252 1834 278 δι-

1038 295 1166 331 έφθειραν
1178 296 1202 321 οἱ
1218 295 1377 330 σοφώτατοι.
1397 294 1442 331 Μὴ
1451 297 1541 323 τοίνυν
1555 296 1738 329 παιζέτωσαν,
1759 297 1833 332 μηδὲ

1037 342 1234 376 κρυπτέτωσαν
1258 342 1306 377 τὴν
1335 342 1470 374 ἀσέϐειαν,
1491 342 1524 378 ἣν
1546 343 1593 369 καὶ
1615 343 1676 374 ταῖς
1693 342 1834 376 γλώτταις

1037 388 1084 414 καὶ
1100 390 1159 420 ταῖς
1174 389 1267 424 χερσὶν
1285 388 1464 415 ἐϐεϐαίωσαν.
1478 389 1508 414 Εἰ
1531 388 1559 414 δὲ
1589 388 1626 423 μὴ
1645 388 1721 415 ταῦθ’
1741 387 1834 420 οὕτως

1037 433 1104 468 ἔχει,
1116 433 1270 460 εἰπάτωσαν
1287 433 1341 460 τῶν
1352 433 1463 468 σφαγῶν
1478 432 1527 464 τὰς
1543 433 1643 465 αἰτίας,
1659 433 1833 468 ὁμολογησά-

1036 487 1126 505 τωσαν
1140 479 1286 514 ἐγγράφως
1302 479 1357 506 τῶν
1371 478 1416 505 τοῦ
1436 479 1561 514 Σωτῆρος
1578 479 1656 513 ἡμῶν
1671 479 1777 512 φύσεων
1799 478 1833 504 τὸ

1037 524 1174 560 διάφορον,
1193 525 1242 560 τῆς
1256 523 1379 555 ἑνώσεως
1395 524 1425 550 τὸ
1438 524 1600 559 ἀσύγχυτον·
1616 524 1771 550 εἰπάτωσαν
1789 523 1831 555 ὡς

1037 569 1084 596 καὶ
1101 569 1170 604 μετὰ
1183 569 1232 604 τὴν
1246 569 1342 595 ἕνωσιν
1357 567 1510 603 ἀκραιφνὴς
1527 568 1573 594 καὶ
1594 568 1610 602 ἡ
1626 567 1721 602 Θεότης
1745 566 1793 592 καὶ
1811 567 1830 601 ή

1037 614 1236 649 ἀνθρπωπότης
1255 613 1398 649 διέμεινεν.
1419 613 1447 639 Ὀ
1463 612 1518 648 (50)
1534 612 1599 643 Θεὸς
1613 612 1642 638 οὺ
1660 611 1830 646 μυκτηρίζε-

1036 668 1090 686 ται.
1111 659 1277 695 Ἀρνηοῶσιν
1301 658 1349 684 νῦν
1376 658 1410 684 τὰ
1432 657 1575 691 κεφάλαια,
1593 656 1611 683 ἃ.
1626 656 1754 687 πολλάκις
1778 656 1832 690 μὲν

1037 704 1223 740 ἅπεκήρυξαν,
1241 705 1269 731 ὲν
1293 704 1398 738 Ἐφέσῳ
1415 703 1443 729 δὲ
1461 702 1508 730 νῦν
1526 702 1701 729 ἐϐεϐαίωσαν.
1722 701 1768 736 Μὴ
1783 701 1832 733 ἑξ-

1037 751 1220 777 απατάτωσάν
1252 758 1298 776 σου
1325 749 1376 785 τὴν
1399 748 1525 784 ὁσιότητα
1549 748 1638 781 λόγοις
1665 747 1833 783 κεχρημένοι

1037 797 1173 831 ψευδέσιν.
1195 796 1325 832 Ἑπῄνουν
1349 795 1383 821 τὰ
1406 796 1470 828 παρ’
1485 794 1553 830 ἐμοῦ
1575 795 1603 821 ἐν
1623 794 1773 829 Ἀντιοχείᾳ
1789 793 1833 819 λε-

1038 842 1153 876 γόμενα,
1171 842 1218 867 καὶ
1235 841 1344 876 ἀδελφοὶ
1359 841 1444 873 ὅντες,
1461 841 1508 868 κα)⁵
1527 840 1699 874 ἁναγνῶσται
1716 839 1832 874 γενόμε-

198 891 396 925 labanturque,
413 894 440 917 et
462 896 553 925 caput,
574 894 602 917 et
624 894 730 924 pectus,
753 894 780 917 et
793 898 900 922 manus,
917 898 986 917 non-

1039 895 1087 918 νοι,
1105 887 1151 913 καὶ
1167 887 1284 913 διάκονοι
1299 885 1541 922 χειροτονηθέντες,
1563 885 1610 912 καὶ
1634 884 1830 920 πρεσϐύτεροι,

199 935 266 962 nulli
286 935 367 962 etiam
393 942 481 969 genua
500 934 656 968 tangebam,
681 934 834 961 doctrinam
862 938 984 961 nostram

199 980 375 1015 apostolicam
391 979 579 1014 appellantes:
591 985 619 1007 et
634 980 704 1007 hanc
718 980 799 1006 modo
810 979 985 1011 damnarunt,

200 1026 271 1053 hanc
285 1026 458 1053 anathemate
470 1025 652 1053 conﬁxerunt.
667 1027 755 1061 Atque,
772 1033 823 1061 ego
835 1026 891 1058 ille,
903 1034 986 1060 quem

199 1072 293 1099 lumen
319 1072 464 1103 vocabant,
489 1079 544 1098 non
570 1071 689 1099 Orientis
710 1072 812 1104 solius,
839 1072 886 1098 sed
911 1072 987 1099 orbis

200 1117 332 1149 universi,
353 1118 524 1152 proscriptus
548 1125 619 1149 sum,
645 1125 677 1144 ac
704 1125 738 1144 ne
765 1117 844 1152 panis
862 1117 985 1152 quidem,

199 1168 331 1198 quantum
349 1163 377 1190 in
396 1164 463 1198 ipsis
476 1168 527 1196 est,
543 1171 627 1190 usura
643 1163 729 1190 fruor.
747 1163 815 1190 Nam
840 1168 868 1190 et
895 1163 927 1190 iis
939 1163 987 1197 qui

200 1217 249 1236 nos
263 1209 451 1244 alloquuntur,
467 1210 574 1244 1278
588 1209 734 1236 anathema
746 1209 893 1236 dixerunt:
905 1217 986 1244 quem

199 1262 265 1280 vero
281 1254 363 1288 paulo
384 1259 447 1282 ante
463 1255 660 1288 deposuerunt,
683 1259 711 1281 et
724 1255 873 1283 Valentini.
895 1255 988 1290 Apoli-

199 1299 328 1333 narisque
346 1299 489 1326 erroribus
511 1300 642 1326 infectum
664 1301 897 1334 pronuntiarunt,
913 1300 988 1328 hunc

202 1350 328 1379 tanquam
340 1344 349 1355 ‘
360 1344 423 1372 ﬁdei
438 1345 569 1372 victorem
587 1345 723 1377 colebant,
742 1346 855 1381 ejusque
871 1346 988 1381 pedibus

200 1390 418 1417 advolvebantur
431 1411 438 1423 ,
461 1395 489 1418 et
509 1391 616 1418 veniam
641 1391 808 1425 poscebant,
834 1395 862 1418 et
882 1395 986 1426 patrem

201 1435 373 1470 spiritualem
391 1436 596 1470 nuncupabant.
609 1435 769 1471 Ciijusmodi
781 1436 931 1472 polypodes
949 1437 988 1464 sic

200 1480 234 1507 ad
251 1487 315 1508 saxa
329 1481 447 1508 colorem
465 1489 544 1508 suum
559 1482 675 1514 variant,
699 1486 746 1509 aut
759 1487 849 1509 cutem
868 1482 902 1509 ad
924 1482 989 1509 folia

199 1527 378 1558 chammleon,
408 1527 480 1553 sicut
505 1527 534 1553 hi
552 1531 672 1554 mentem
688 1527 721 1554 ad
740 1531 865 1563 tempora
886 1533 913 1556 et
926 1537 989 1556 sen-
1001 1547 1022 1575 ϐ

201 1573 313 1599 tentiam
330 1573 519 1599 commutant?
532 1573 587 1599 Nos
601 1580 665 1599 vero
678 1573 732 1599 illis
746 1578 773 1600 ct
786 1574 943 1606 cathedras,
960 1579 988 1601 et

201 1618 358 1653 dignitates,
372 1622 400 1645 et
415 1617 507 1644 brevis
519 1618 652 1652 temporis
664 1618 776 1645 delicias
788 1619 987 1650 cedimus,cum

200 1662 358 1698 apostolicis
370 1667 462 1689 autem
474 1662 649 1697 dogmatibus
659 1683 665 1694 ,
683 1671 743 1696 quae.
759 1663 873 1690 molesta
891 1667 988 1698 putant

199 1709 282 1736 exilia
295 1708 497 1742 praestolamur,
525 1708 650 1735 idoneam
676 1708 808 1736 habentes
825 1709 989 1737 consolatio—

200 1761 263 1781 nem
277 1753 386 1781 Domini
402 1753 533 1780 tribunal.
543 1753 690 1788 Speramus
701 1754 773 1780 enim
792 1754 851 1781 fore
863 1760 892 1781 ut
904 1755 988 1782 multa

200 1800 281 1827 nobis
293 1804 404 1834 peccata
418 1804 510 1826 nostra
525 1799 632 1834 injuria:
646 1799 727 1835 hujus
748 1801 833 1835 gratia
857 1800 985 1827 dimittat.

200 1846 379 1873 Sanctitatem
407 1853 491 1880 porro
516 1850 590 1872 tuam
616 1845 749 1878 obtestor,
783 1850 814 1872 ut
839 1847 988 1881 impietatis

199 1889 420 1917 communionem
436 1889 549 1922 devitet,
562 1890 707 1925 exigatque
719 1891 753 1917 ab
766 1891 806 1918 eis
827 1895 858 1917 ut
878 1893 988 1927 ejurent

199 1943 260 1970 qua:
270 1935 340 1962 facta
353 1939 426 1962 sunt.
438 1934 515 1967 Quod
527 1935 550 1962 si
564 1935 663 1969 nolint,
677 1936 764 1971 fugiat
779 1941 908 1971 tanquam
925 1937 987 1964 ﬁdei

198 1981 365 2016 proditores.
391 1981 537 2015 Tantisper
558 1986 649 2009 autem
676 1987 837 2017 exspectare
856 1984 987 2018 pietatem

200 2032 286 2059 tuam,
305 2031 335 2054 ut
353 2026 455 2060 videat,
469 2035 535 2054 num
547 2028 640 2062 aliqua
655 2028 826 2063 tempestatis
845 2028 937 2055 futura
952 2029 988 2056 sit

198 2073 325 2104 mutatio,
348 2072 461 2100 minime
484 2073 721 2107 reprehenderim.
747 2074 811 2101 Post
837 2074 988 2102 ordinatio—

199 2127 262 2146 nem
279 2127 345 2147 sane
357 2119 483 2154 praesidis
500 2119 632 2152 Orientis,
658 2119 768 2154 pateliet
785 2126 898 2154 prorsus
909 2128 986 2148 mens

198 2170 226 2193 et
238 2165 374 2192 sententia
388 2166 615 2200 uniuscujusque.
630 2165 682 2192 Pro
700 2165 780 2192 nobis
795 2174 874 2193 orare
892 2166 986 2201 digne-

1038 933 1084 959 καὶ
1108 932 1262 959 ἐπίσκοποι·
1282 933 1330 959 καὶ
1358 932 1426 966 μετὰ
1453 931 1483 958 τὸ
1513 931 1588 962 τέλος
1613 931 1662 966 τῆς
1685 930 1832 963 διαλέξεως

1037 977 1279 1014 περιεπτύσσοντο,
1302 979 1348 1004 καὶ
1373 977 1547 1012 κατεφίλουν,
1564 977 1610 1003 καὶ
1635 976 1765 1011 κεφαλὴν,
1781 975 1832 1002 καὶ

1038 1024 1137 1059 στήθη,
1166 1024 1214 1051 καὶ
1243 1024 1347 1059 χεῖρας·
1375 1024 1447 1056 τινὲς
1472 1024 1500 1050 δὲ
1527 1023 1616 1050 αὐτῶν
1643 1023 1691 1050 καὶ.
1707 1023 1831 1057 γονάτων

1037 1070 1164 1106 ἥπτοντο,
1182 1070 1231 1105 τὴν
1247 1070 1419 1097 διδασκαλίαν
1437 1069 1515 1105 ἡμῶν
1530 1069 1713 1103 ἀποστολικὴν
1729 1069 1831 1103 ὀνομά-

1038 1116 1140 1148 ζοντες·
1161 1116 1207 1142 καὶ
1221 1115 1323 1151 ταύτην
1340 1116 1388 1142 νῦν
1407 1114 1595 1151 ἀπεκήρυξαν,
1614 1115 1716 1150 ταύτην
1736 1114 1831 1141 ἀνεθε-

1040 1162 1166 1196 μάτισαν,
1185 1163 1240 1189 Καὶ
1255 1162 1310 1197 ἐγὼ
1327 1163 1385 1198 μὲν,
1398 1162 1427 1190 ὂν
1440 1163 1574 1198 φωστῆρα
1591 1162 1716 1194 ἐκάλουν,
1731 1162 1761 1188 οὔ
1779 1162 1831 1197 τῆς

1038 1208 1171 1242 ἀνατολῆς
1191 1208 1285 1243 μόνης,
1307 1208 1376 1235 ἀλλὰ
1394 1209 1441 1235 καὶ
1463 1210 1512 1244 τῆς
1531 1208 1703 1243 οἰκουμένης,
1725 1208 1832 1242 ἀπεκη-

1039 1253 1152 1289 ρύχθην,
1167 1254 1214 1280 καὶ
1229 1254 1289 1280 οὐδὲ
1302 1254 1397 1290 ἄρτου,
1408 1254 1438 1280 τό
1453 1262 1484 1288 γε
1498 1254 1537 1286 είς
1547 1254 1644 1285 αὐτοὺς
1656 1251 1733 1289 ἧκον,
1747 1261 1831 1288 μετα-

1038 1299 1176 1335 λαγχάνω.
1193 1300 1247 1326 Καὶ
1259 1299 1313 1334 γὰρ
1326 1301 1389 1332 τοὺς
1407 1299 1689 1335 προσδιαλεγομένους
1702 1300 1767 1334 ἡμῖν
1782 1299 1830 1324 ἁν-

1039 1345 1205 1380 εθεμὰτισαν
1214 1353 1220 1359 ·
1233 1344 1263 1371 ὃν
1276 1345 1304 1371 δὲ
1321 1345 1373 1380 πρὸ
1386 1344 1500 1380 βραχέος
1511 1344 1647 1376 καθεῖλον,
1664 1344 1710 1370 καὶ
1725 1344 1760 1370 τὰ
1774 1343 1830 1369 Βα-

1038 1389 1156 1416 λεντίνου
1174 1390 1221 1417 καὶ
1236 1390 1424 1426 ’Λπολιναρίου
1436 1391 1543 1426 φρονεῖν
1555 1390 1670 1425 ἔφασαν,
1686 1390 1780 1416 τοῦτον
1792 1389 1831 1421 ὡς

1039 1437 1185 1473 νικηφόρον
1211 1438 1351 1472 περιεῖπον
1374 1437 1423 1472 τῆς
1444 1437 1570 1469 πίστεως,
1593 1437 1638 1463 καὶ
1659 1436 1713 1462 τῶν
1733 1435 1830 1462 τούτου

1039 1483 1280 1518 προεκυλινδοῦντο
1294 1482 1392 1516 ποδῶν,
1410 1483 1455 1509 καὶ
1472 1483 1635 1518 συγγνώμην
1647 1482 1769 1517 ἐζήτουν,
1782 1482 1831 1509 καὶ

1039 1529 1145 1564 πατέρα
1162 1529 1346 1563 πνευματικὸν
1358 1529 1480 1557 ἐκάλουν.
1494 1530 1569 1556 Ποῐοι
1581 1528 1730 1561 πολύποδες
1743 1527 1831 1560 οὕτως

1039 1574 1107 1609 πρὸς
1129 1575 1178 1605 τὰς
1201 1574 1304 1609 πέτρας
1328 1574 1378 1609 τὴν
1397 1575 1500 1601 οἰκείαν
1522 1574 1713 1601 ὲναλλάττουσι
1733 1573 1848 1608 χρόαν,⁶

1038 1620 1054 1654 ἢ
1081 1619 1136 1656 (51)
1158 1619 1353 1655 χαμαιλέοντες
1377 1620 1446 1656 πρὸς
1464 1620 1498 1647 τὰ
1513 1619 1599 1654 φύλλα
1622 1620 1652 1646 τὸ
1666 1619 1775 1654 χρῶμα,
1791 1619 1830 1650 ὡς

1038 1662 1110 1692 οὗτοι
1126 1666 1174 1701 τὴν
1191 1666 1304 1701 γνώμην
1317 1666 1384 1701 πρὸς
1396 1666 1459 1698 τοὺς
1474 1667 1586 1702 καιροὺς
1599 1666 1829 1702 μεταϐάλλουσιν;

1045 1711 1140 1747 Ἡμεῖς
1165 1712 1194 1737 δὲ
1218 1712 1310 1743 αὐτοῖς
1332 1711 1561 1747 παραχο)ροῦμεν,
1580 1713 1626 1738 καὶ
1652 1712 1765 1747 θρόνων,
1781 1713 1829 1738 καὶ

1038 1757 1202 1792 ἀξιωμάτων
1213 1758 1260 1784 καλ⁸
1273 1757 1323 1792 τῆς
1339 1758 1505 1793 προσκαίρου
1519 1758 1633 1793 τρυφῆς·
1652 1758 1720 1792 μετὰ
1733 1758 1761 1784 δὲ
1775 1758 1829 1783 τῶν

1038 1801 1225 1828 ὰποστολικῶν
1253 1802 1397 1836 δογμάτων
1420 1801 1470 1834 τὰς
1496 1802 1618 1837 χαλεπὰς
1647 1803 1829 1837 νομιζομένας

1038 1848 1231 1883 προσμένωμεν
1248 1845 1366 1882 ἐξορίάς,
1383 1848 1522 1883 ἀρκοῦσαν
1537 1847 1643 1883 ἔχοντες
1663 1848 1827 1883 παραψυχὴν

1037 1893 1068 1920 τὸ
1095 1893 1142 1919 τοῦ
1168 1893 1303 1919 Δεσπῦτου
1327 1893 1479 1928 κριτήριον.
1512 1893 1673 1928 Ἐλπίζομεν
1697 1892 1762 1929 γὰρ,
1789 1893 1827 1924 ὡς

1039 1939 1122 1966 πολλὰ
1144 1939 1198 1965 τῶν
1220 1939 1361 1974 ἡμετέρων
1378 1939 1583 1974 ἁμαρτημάτων
1611 1939 1654 1965 διὰ
1677 1939 1757 1974 τήνδε
1776 1939 1826 1975 τὴν

1038 1985 1144 2011 ἀδικίαν
1168 1985 1182 2010 ὁ
1205 1985 1344 2019 Δεσπότης
1371 1985 1481 2019 ἀφήσει.
1503 1984 1558 2020 Τὴν
1575 1985 1604 2011 δὲ
1629 1985 1678 2020 σὴν
1699 1986 1826 2021 ὁσιότητα

1038 2030 1189 2066 παρακαλῶ
1203 2029 1371 2064 φυλάξασθαι
1391 2030 1441 2065 τῆς
1460 2030 1587 2062 ἀσεϐείας
1603 2031 1653 2065 τὴν
1672 2032 1814 2058 κοινωνίαν

1038 2077 1085 2103 καὶ
1100 2077 1238 2111 προτεῖναι
1252 2076 1301 2111 μὲν
1312 2076 1404 2107 αὐτοῖς
1418 2076 1569 2112 ἀρνηθῆναι
1582 2077 1616 2104 τὰ
1632 2077 1822 2113 πεπραγμένα·

1037 2124 1061 2149 εἰ
1077 2124 1104 2150 δὲ
1121 2124 1157 2160 μὴ
1169 2125 1321 2161 Θελήσαιεν,
1332 2128 1427 2160 φυγεῖν
1439 2126 1476 2158 ὡς
1488 2127 1621 2162 προδότας
1636 2127 1686 2162 τῆς
1697 2127 1824 2159 πίστεως.

1037 2169 1112 2201 Τέως
1138 2170 1166 2196 δὲ
1187 2171 1392 2206 προσμείνασάν
1420 2180 1466 2198 σου
1490 2171 1541 2207 τὴν
1567 2171 1722 2199 θεοσέϐειαν
1749 2172 1824 2205 ἰδεῖν,

198 2211 247 2244 ris,
259 2211 383 2238 Domine.
403 2210 482 2238 Nunc
496 2211 570 2238 enim
586 2211 758 2246 potissimum
771 2219 821 2246 ope
843 2212 894 2239 ista
915 2212 986 2239 indi-

1039 2215 1062 2240 εί
1078 2215 1132 2250 (52)
1148 2216 1202 2251 ἄρα
1218 2225 1259 2248 τις
1275 2216 1351 2243 ἔσται
1366 2217 1413 2243 τοῦ
1431 2218 1565 2252 χειμῶνος
1583 2217 1729 2252 μεταϐολὴ,
1747 2218 1825 2244 οὖδα-

197 2265 303 2292 gemus,
327 2257 499 2284 utresistere
522 2257 660 2291 possimus
684 2257 817 2285 adversus
831 2265 864 2284 ea
876 2265 936 2292 qua:
956 2259 984 2284 in

198 2311 248 2330 nos
260 2302 459 2338 excogitantur.

1041 2258 1098 2293 μῶς
1117 2260 1310 2295 ἐμεμψάμεθα.
1329 2261 1408 2288 Μετὰ
1425 2261 1516 2296 μέντοι
1530 2262 1579 2296 τὴν
1596 2262 1763 2297 χειροτονίαν
1778 2261 1824 2288 τοῦ

1038 2304 1087 2338 τῆς
1101 2305 1246 2340 ’Δνατολῆς
1259 2306 1400 2341 προέδρου,
1410 2306 1476 2342 δήλη
1488 2307 1596 2338 πάντως
1605 2309 1620 2342 ὴ
1629 2307 1744 2334 ἑκάστου
1758 2307 1823 2342 γενή
1832 2321 1839 2325 -

199 2359 275 2376 σεται
296 2349 403 2385 γνώμη.
424 2349 599 2382 Εΰξασθαιδὲ
619 2350 688 2386 ὑπὲρ
708 2350 799 2385 ἡμῶν,
824 2350 952 2382 δέσποτα,
975 2350 1153 2382 καταξίωσον.
1171 2351 1228 2378 Νῦν
1243 2352 1298 2388 γὰρ
1320 2353 1501 2389 διαφερόντως
1528 2354 1608 2389 τῆσδε
1622 2354 1673 2388 τῆς
1692 2353 1819 2389 βοηθείας

197 2396 324 2432 δεόμεθα,
338 2396 382 2422 ἵνα
390 2395 548 2430 δυνηθῶμεν
559 2395 695 2430 ἀντισχεῖν
708 2395 776 2430 πρὸς
798 2394 831 2421 τὰ
851 2396 911 2422 καθ’
927 2395 1006 2430 ἡμῶν
1027 2396 1212 2431 μελετώμενα.

199 2451 307 2486 1279
318 2450 454 2478 CXLVIII.
466 2466 500 2470 —
509 2450 743 2477 Commonitorium
759 2450 917 2477 sanctissimi
932 2451 987 2485 epi-

233 2485 302 2520 scopi
325 2485 428 2520 Cyrilli,
451 2486 544 2512 datum
577 2486 726 2517 Posidonio,
749 2494 808 2512 cum
838 2486 985 2512 mitteretur

231 2520 344 2548 Romam
356 2525 463 2556 propter
473 2520 590 2548 Nestorii'
598 2521 740 2556 negotium.

1037 2451 1130 2478 PMll'.
1144 2452 1428 2489 -Ὑπομνηστικὸν
1449 2453 1502 2481 τοῦ
1518 2453 1681 2489 ἀγιωτάτου
1700 2455 1824 2481 ἐπισκό-

1072 2494 1132 2523 που
1152 2488 1315 2520 Κυρίλλου,
1337 2489 1502 2522 γενόμενον
1526 2489 1601 2523 ,πρὸς
1625 2490 1824 2517 Ποσειδώνιον

1071 2522 1284 2560 ᾀςιοσζιιλένζίι
1295 2523 1361 2557 παρ’
1370 2523 1464 2551 αὑτοῦ
1473 2524 1508 2551 ἐν
1518 2522 1554 2559 τῇ
1567 2524 1675 2559 Ῥώμῃ,
1686 2524 1745 2551 τῶν
1750 2525 1824 2560 μετὰ

1071 2557 1236 2591 Νεστόριον
1249 2558 1364 2586 ἕνεκεν.

593 2623 641 2651 Est
657 2622 750 2659 Cyrilli
765 2623 881 2658 cpistola
897 2623 948 2656 XI;
965 2623 1027 2651 vide
1044 2628 1147 2651 tomum
1162 2624 1291 2658 LXXVII,
1307 2625 1359 2652 col.
1372 2625 1416 2653 85.

234 2699 288 2734 (29)
309 2700 384 2735 ἡμῶν
400 2700 476 2728 addit
493 2700 573 2728 Vind.

245 2735 277 2761 50
302 2736 315 2760 ο
329 2736 405 2763 abest
418 2736 452 2762 ab
467 2735 574 2762 eodem.
599 2746 604 2751 -

232 2735 288 2805 iin
307 2769 368 2797 llaec
382 2771 550 2805 ἢ-χρῶμα
568 2770 667 2799 absunt
682 2778 698 2798 a
714 2770 745 2799 Vi

244 2770 288 2804 51)
307 2770 368 2797 llaec
382 2771 550 2806 ἢ-χρῶμα
568 2770 667 2799 absunt
682 2778 698 2798 a
714 2770 796 2799 Vind.

1058 2700 1123 2741 .(3?)
1140 2701 1215 2741 Et—
1227 2702 1361 2741 μεταϐολή
1383 2704 1476 2741 nescio
1491 2711 1526 2731 an
1544 2705 1676 2741 omissum
1692 2704 1777 2741 fuerit
1796 2703 1824 2731 in

1032 2735 1184 2798 Iligldéab
1212 2735 1371 2774 apographo
1396 2739 1507 2774 quidem
1531 2739 1565 2767 ad
1589 2748 1641 2768 nos
1663 2739 1826 2768 transmisso
