1945 3058
135 200 204 232 1413

830 193 1011 223 EPISTOLA
1029 193 1082 222 CL.

1701 190 1770 223 1414

134 258 224 284 PMQ’.
241 271 276 277 —
296 255 491 289 Ἀντίτραςοον
506 250 672 289 ἐπιστολῆς
687 250 852 289 γραφείσης
869 257 923 289 ,τια-

980 248 1087 289 ι28ρ
1104 248 1220 289 CXLIX:
1241 263 1275 268 --
1295 243 1454 289 Είῖῖνηριιιηι
1483 248 1600 289 epistolae
1624 249 1729 289 scripta:
1754 257 1770 274 ιι

166 294 206 326 ρὰ
227 291 366 318 Ἰωάννου
380 284 557 315 ’ἓπὶσκόπου
577 285 753 320 Ἀντιοχείας
776 284 851 318 πρὸς
870 285 923 310 Ne-

170 327 302 360 σείριον.

170 382 214 416 Τῷ
229 381 346 416 δεσπότῃ
364 389 413 415 μου
428 377 628 413 θεοφιλεστάτῳ
656 375 703 403 καὶ⁹
715 374 854 410 όσιωτάτῳ
867 374 925 400 ἐπι-

135 429 228 462 σκόπῳ
240 427 390 461 Νεστορὶῳ,
413 425 540 460 Ἰωάννης
555 425 584 450 ἐν
601 422 695 458 Κυρίῳ
706 422 821 457 χαίρειν.

171 473 222 498 Τὸν
244 471 363 506 ἐμαυτοῦ
388 470 488 496 σκοπὸν
518 469 581 504 περὶ
610 468 658 504 τὴν
683 467 732 502 σὴν
759 465 924 498 θεοσέϐειαν,

135 527 161 543 κ.
179 526 203 543 τ.
220 517 243 543 λ.

1053 283 1158 310 Joanne
1171 284 1292 318 episcopo
1310 284 1470 311 Antiochum
1483 285 1517 310 ad
1537 283 1699 310 Nestorium.

1014 374 1131 401 Domino
1148 382 1209 401 meo
1225 374 1366 409 piissimo.
1392 373 1620 407 sanctissimeque
1641 373 1771 408 episcopo

981 420 1118 451 Nestorio,
1132 420 1252 447 Joannes
1269 420 1295 446 in
1312 419 1427 447 Domino
1439 420 1566 446 salutem.

1015 466 1100 492 Meam
1116 465 1150 493 de
1169 470 1215 492 tua
1231 466 1332 500 pietate
1349 465 1523 497 sententiam,
1541 469 1595 491 etc.

240 575 336 602 Exstat
348 575 417 601 inter
429 573 555 609 epistolas
576 573 687 600 Joannis
703 571 868 601 Antiocheni,
887 569 994 604 hujusce
1011 569 1172 605 Patrologiw
1194 570 1292 597 (ἔταττε
1315 574 1377 596 tom.
1393 568 1520 601 LXXVII,
1536 569 1585 595 col.
1603 569 1681 596 1449.

133 632 198 660 PN’.
214 647 250 652 —
269 630 431 663 Ἐπιστολὴ
447 629 627 663 Θεοδωρίτου
644 628 814 655 ἐπισκόπου
823 626 923 663 lippo!)

133 668 208 702 πρὸς
225 666 370 699 Ἰωάννην
385 661 561 699 ’Δάτιοχείιὶς
577 665 746 690 ἐπίσκοπον
760 661 878 698 (55-55).

171 724 238 751 Αἶαν
249 724 356 759 ῆλγησα
365 723 421 754 τοῖς
429 721 660 756 ἀναθεματισμοῖς
669 719 796 755 ἐντυχὼν,
812 718 858 750 οὓς
868 717 923 752 (56)

133 770 296 801 ἀπέστειλας
319 769 470 804 ἀνατρέψαι
493 767 605 799 τούτους
622 766 769 802 ἐγγράφως
783 766 854 800 ἡμῖν
868 763 922 799 (57)

133 816 274 847 κελεύσας,
291 815 338 842 καὶ
352 815 401 850 τὴν
422 813 563 849 αἱρετικὴν
583 813 674 839 αὐτῶν
698 812 802 838 ἔννοιαν
817 809 924 845 γυμνὴν

133 861 219 887 ἅπασι
247 861 427 895 καταστῆσαι.
441 859 568 894 Ἥλγησα
587 859 616 884 δὲ
635 858 690 893 (58)
706 858 746 884 ὅτι
766 856 836 892 ἀνὴρ
862 864 922 882 ποι-

981 625 1215 660 1281-1288
1228 625 1281 652 CL.
1296 640 1330 645 -—
1341 625 1494 652 Theodoreti
1510 625 1624 660 episcopi
1638 624 1700 660 Cyri
1716 625 1772 660 epi-

1051 660 1119 687 stola
1133 662 1167 686 ad
1181 661 1312 687 Joannem
1332 661 1522 686 Antiochenam
1538 661 1697 694 episcopum.

1014 716 1097 743 Valde
1113 715 1200 747 dolui,
1219 723 1280 743 cum
1294 715 1541 743 anathematismos
1559 715 1770 750 lcgisscm,quos

978 761 1115 793 direxisti,
1134 762 1215 789 nobis
1226 761 1401 796 praecipiens,
1425 767 1455 788 ut
1468 769 1516 789 eos
1527 762 1630 796 scripto
1645 761 1772 788 destrue—

977 815 1081 840 remus,
1108 813 1137 835 et
1163 813 1194 835 ut
1216 808 1378 835 hrereticum
1406 815 1502 834 eorum
1528 815 1640 834 sensum
1665 807 1769 834 nudum

976 854 1106 881 omnibus
1119 854 1155 880 ob
1170 854 1265 880 oculos
1281 861 1460 888 poneremus.
1474 853 1553 880 Dolui
1574 858 1677 885 autem,
1696 853 1769 887 quod

135 906 240 940 μαίνειν
253 905 342 940 λαχὼν
357 906 404 932 καί⁴
417 905 535 940 ποίμνην
546 903 681 938 τοσαύτην
694 901 921 937 πεπιστευμένος,

980 901 1018 927 vir
1030 901 1160 935 pascendi
1180 900 1297 927 sortitus
1308 900 1438 932 olllcium,
1463 904 1491 927 et
1508 899 1552 927 cui
1571 907 1636 934 grex
1661 900 1771 934 1289

134 951 181 978 καὶ
197 951 360 986 θεραπεύειν
377 950 411 977 τὰ
423 950 522 985 ἀσθενῆ
538 949 592 976 τῶν
610 949 755 985 προϐάτων
773 956 923 983 προστετα-

134 997 244 1032 γμένος,
261 998 334 1023 νοσεῖ
348 997 396 1031 μὲν
412 996 504 1027 αὐτὸς,
519 996 566 1022 καὶ
579 995 639 1022 λίαν
655 995 788 1029 σφοδρῶς,
801 994 923 1028 ἀναπιμ-

134 1043 205 1078 πλᾷν
223 1051 252 1068 τε
269 1043 396 1077 πειρᾶται
412 1042 461 1076 τῆς
477 1041 556 1067 νόσου
577 1042 624 1067 καὶ
649 1041 684 1067 τὰ
699 1040 856 1074 θρέμματα,
877 1039 923 1064 καὶ

133 1089 189 1115 τῶν
211 1088 315 1124 ἀγρίων
342 1088 444 1123 θηρίων
468 1086 649 1123 χαλεπώτερα
666 1085 700 1112 τὰ
724 1085 924 1120 ποιμαινόμενα

135 1135 307 1169 καθίστησιν.
330 1135 362 1160 οι
383 1134 432 1169 μὲν
460 1134 514 1168 γὰρ
540 1134 576 1160 τὰ
597 1132 796 1168 διεσπαρμένα,
810 1132 857 1158 καὶ
875 1131 923 1166 τῆς

135 1182 253 1216 ποίμνης
267 1180 459 1216 κεχωρισμένα
471 1180 622 1206 διασπῶσιν
637 1178 815 1214 ἁρπάζοντες·
828 1179 841 1204 ὁ
853 1177 880 1203 δὲ
895 1178 924 1204 ἐν

137 1226 212 1262 μέσῳ
228 1226 328 1261 ταύτης
345 1225 499 1261 τυγχάνων,
516 1225 564 1252 καὶ
583 1225 673 1260 σωτὴρ
689 1223 759 1251 εἶναι
775 1225 822 1251 καὶ
837 1223 924 1258 φύλαξ

134 1271 340 1306 νενομισμένος,
353 1270 486 1306 λαθραίαν
498 1271 548 1306 τὴν
563 1270 667 1304 πλάνην
681 1272 736 1301 τοῖς
753 1269 924 1304 πειθομένοις

133 1317 230 1350 ἐνίησι.
249 1317 285 1342 Τὸ
300 1316 350 1351 μὲν
361 1316 414 1351 γὰρ
427 1315 574 1351 προφανῶς
596 1315 739 1350 πολεμοῦν,
756 1315 867 1341 δυνατὸν
877 1314 924 1341 καὶ

135 1361 314 1397 φυλάξασθαι·
331 1362 361 1388 τὸ
375 1362 403 1388 δὲ
421 1362 449 1387 ὲν
468 1362 587 1396 σχήματι
606 1360 697 1395 φιλίας
713 1361 763 1396 τὴν
777 1360 923 1394 ἐπιϐουλὴν

135 1407 299 1443 προσφέρον,
325 1407 479 1441 ἀφύλακτον
502 1406 626 1442 εὑρίσκει
647 1406 693 1432 τὸν
711 1405 923 1440 πολεμούμενον,

135 1453 182 1480 καὶ
203 1453 259 1487 (59)
284 1452 377 1487 ῥᾳδίαν
393 1451 467 1486 αὐτῷ
483 1451 532 1487 τὴν
547 1451 649 1487 βλάϐην
665 1451 796 1486 ὲντίθησι’
820 1451 860 1477 διὸ
878 1451 924 1478 καὶ

135 1499 188 1524 τὶν
200 1498 299 1530 ἔξωθεν
312 1498 504 1533 πολεμούντων
514 1499 539 1525 οἰ
555 1497 661 1525 ἔνδοθεν
680 1497 861 1532 πολεμοῦντες
872 1497 924 1523 εἰσι

135 1543 273 1579 χαλεπὼτε
280 1553 330 1580 ροι.

170 1590 250 1616 Tauri
265 1598 297 1624 με
314 1589 442 1625 μειζόνως
455 1590 560 1625 ἠνίασε,
573 1590 602 1616 τὸ
618 1591 646 1615 ἐν
659 1589 799 1621 εὐσεϐείας
814 1588 925 1624 ὀνόματί

135 1644 164 1662 τε
178 1636 224 1662 καὶ
241 1637 371 1671 σχήματι,
393 1637 440 1663 καὶ
465 1638 493 1663 ἐν
518 1637 646 1671 ποιμένος
662 1636 797 1671 ἀξιώματι
822 1636 924 1670 τυγχὰ-

135 1690 215 1708 νοντα
240 1681 287 1713 τὰς
308 1681 448 1717 αἰρετικὰς
464 1682 510 1708 καὶ
528 1681 704 1716 βλασφήμους
728 1681 808 1716 ῥῆξαι
822 1681 922 1715 φωνάς·

136 1728 183 1754 καὶ
208 1727 258 1762 τὴν
280 1727 362 1754 πάλαι
387 1727 547 1754 σϐεσθεῖσαν
570 1727 758 1762 Ἀπολιναρίου
785 1727 925 1762 φλήναφον

135 1772 203 1808 ὁμοῦ
225 1774 272 1799 καὶ
288 1772 404 1808 δυσσεϐῆ
419 1773 594 1800 διδασκαλίαν
615 1772 830 1800 ἀνανεώσασθαι.
855 1774 925 1808 Πρός

134 1827 164 1845 τε
178 1819 283 1850 τούτοις
302 1819 333 1846 τὸ
349 1819 386 1855 μὴ
402 1813 480 1854 μόνον
491 1819 576 1846 ταῦτα
593 1819 771 1854 πρεσϐεῦσαι,
788 1818 857 1846 ἀλλὰ
876 1820 924 1846 καὶ

134 1864 197 1896 τοὺς
219 1864 256 1900 μὴ
274 1864 454 1899 πειθομένους
480 1863 552 1899 αὐτῷ
576 1863 802 1899 συμὸλασφημεῖν
827 1863 924 1890 ἀναθε-

138 1909 248 1944 ματίσαι
273 1909 418 1944 τολμῆσαι·
447 1909 526 1944 εἴπερ
552 1907 660 1942 ἀληθῶς
680 1907 763 1934 αὑτοῦ
782 1907 868 1934 ταῦτα
890 1908 925 1935 τὰ

136 1955 303 1989 γεννήματα,
322 1954 369 1980 καὶ
384 1955 414 1980 οὐ
428 1953 482 1980 τῶν
496 1953 599 1989 ἐχθρῶν
611 1961 653 1984 τις
668 1953 716 1988 τῆς
733 1953 870 1989 ἀληθείας,
887 1954 924 1985 ὡς

136 1999 166 2032 ἐξ
177 1999 280 2025 ἐκείνου
296 1998 381 2024 ταῦτα
398 1998 577 2029 συντεθεικὼς
590 1997 702 2033 ἔρριψεν
713 1999 742 2024 ἒν
756 1998 842 2033 μέσῳ,
854 1999 925 2025 κατὰ

136 2045 166 2072 τδ
187 2044 369 2080 μυθευόμενον
396 2044 485 2071 ὲκεῖνο
512 2043 596 2080 μῆλον
613 2044 660 2080 τῆς
681 2043 777 2079 ἔριδος,
796 2045 835 2076 είς
859 2044 925 2080 ὕψος

137 2091 252 2126 ἐγείρων
262 2090 310 2126 τὴν
324 2090 421 2124 φλόγα.

177 2136 248 2171 Ἐγὼ
273 2137 373 2169 τοίνυν,
397 2137 446 2163 εἴτ’
465 2137 577 2169 ἐκεῖνος,
596 2136 645 2163 εἰτ’
663 2137 741 2168 ἄλλος
767 2145 818 2169 τις,
841 2137 879 2168 ὼς
895 2137 925 2168 ἐξ

137 2182 240 2209 ἐκείνου
268 2176 354 2208 ταῦτα
379 2181 544 2214 συντέθεικε,
561 2181 600 2216 τῷ
627 2182 697 2216 φωτὶ
717 2181 764 2208 τοῦ
791 2181 924 2216 παναγίου

138 2228 295 2263 Πνεύματος
311 2227 433 2262 συνέργῳ
446 2226 516 2262 πρὸς
532 2227 581 2262 τὴν
597 2227 711 2263 ἔρευναν
723 2229 773 2263 τῆς
786 2228 925 2264 αἱρετικῆς
940 2223 964 2252 D

138 2273 297 2306 κακοδοξίας
317 2274 500 2308 χρησάμενος,
519 2274 590 2300 κατὰ
611 2274 642 2300 τὸ
656 2273 756 2309 μέτρον
770 2274 821 2308 τῆς
839 2274 926 2300 δοθεί-

138 2328 188 2354 σης
207 2327 253 2354 μοι
271 2319 412 2354 δυνάμεως
434 2318 562 2353 διήλεγξα
585 2318 682 2352 ταῦτα,
699 2319 737 2350 ὡς
750 2317 805 2346 οἷόν
829 2328 859 2346 τε
881 2317 925 2354 ἦν·

137 2366 185 2392 καὶ
206 2366 254 2396 τὰς
274 2364 455 2399 εύαγγελιχὰς
472 2365 520 2391 καὶ
535 2365 717 2397 ἀποστολικὰς
733 2365 870 2401 ἀντέθηκα
886 2366 926 2392 δι-

137 2412 295 2444 δασκαλίαςσ
323 2413 369 2439 καὶ
388 2412 418 2438 τὸ
440 2411 584 2438 ἀλλόκοτον
606 2411 653 2438 τοῦ
671 2412 806 2447 δόγματος
827 2411 925 2444 ἔδειξα·

137 2458 183 2484 καὶ
192 2457 257 2490 ὅσην
275 2457 331 2491 ἕχει
348 2456 496 2490 διαφωνίαν
517 2455 584 2490 πρὸς
602 2457 635 2483 τὰ
655 2456 716 2482 θεῖα
734 2457 856 2492 δόγματα
877 2466 924 2483 πε-

138 2503 236 2538 ποίηκσ
263 2503 388 2538 φανερόν·
409 2501 596 2537 παρεξετάσας
620 2503 690 2529 αὐτὰ
710 2504 766 2534 τοῖς
786 2502 833 2530 τοῦ
852 2503 924 2530 Θείου

138 2547 294 2583 Πνεύματος
318 2547 417 2582 λόγοις,
433 2548 480 2573 καὶ
495 2547 602 2580 διδάξας
613 2547 687 2580 ὅπως
700 2548 862 2584 ἀσύμφωνα,
878 2551 925 2576 καὶ

137 2593 191 2619 τῶν
203 2592 281 2619 θείων
298 2592 437 2627 ἀλλότρια.

174 2639 245 2673 Πρὸς
261 2639 288 2665 δὲ
304 2639 353 2674 τὴν
369 2639 416 2665 τοῦ
439 2639 662 2674 ἀναθεματισμοῦ
679 2640 782 2674 τόλμαν
799 2641 926 2669 τοσοῦτον

139 2683 204 2717 ἐρῶ,
223 2684 264 2710 ὅτι
282 2684 398 2717 Παῦλος,
422 2685 436 2710 6
462 2684 721 2719 μεγαλοφωνότατος
738 2687 786 2721 τῆς
800 2686 927 2721 ἀληθείας

140 2729 236 2764 κῆρυξ,
250 2730 313 2760 τοὺς
325 2730 566 2766 παραφθείραντας
578 2731 612 2757 τὰ
623 2731 788 2766 εὐαγγελικὰ
802 2733 849 2759 καὶ
861 2733 928 2759 ἀπο-

141 2774 251 2802 nemo
266 2776 418 2812 διδάγματα
435 2777 626 2813 ἀνεθεμάτισε,
656 2778 704 2804 καὶ
730 2777 784 2804 τῶν
805 2778 929 2812 ἀγγέλων

175 2844 277 2880 (33—35)
293 2844 369 2872 Hanc
377 2846 542 2872 contulimus
554 2853 617 2872 cum
631 2845 697 2872 edit.
709 2845 846 2873 Mansiana
862 2845 926 2874 Col-

139 2881 201 2910 lect.
221 2881 343 2936 ampliss.
355 2881 460 2908 Cencil.
475 2885 540 2907 tom.
554 2881 587 2914 ν,
598 2888 626 2915 p.
640 2880 684 2908 85.

174 2915 229 2936 ίῗικλ
245 2924 259 2936 n
272 2924 286 2936 ξ
301 2916 381 2936 Carn,

174 2915 229 2952 (56)
245 2915 286 2948 οἷς
301 2916 384 2944 Garn.

975 951 1067 974 tantus
1079 952 1121 974 est
1137 947 1270 978 creditus,
1289 950 1316 974 et
1333 954 1400 973 oves
1420 946 1543 973 inﬁrmas
1568 953 1667 973 curare
1695 954 1769 980 prae-

974 997 1095 1027 ceptum,
1116 1000 1171 1019 non
1196 992 1285 1020 solum
1311 993 1423 1027 languet
1435 993 1504 1027 ipse,
1522 997 1549 1019 et
1561 992 1672 1027 quidem
1686 991 1770 1018 vehe-

974 1043 1092 1071 menter,
1111 1038 1159 1065 sed
1172 1038 1270 1065 nititur
1282 1038 1365 1065 etiam
1381 1046 1447 1065 oves
1461 1037 1626 1073 aegritudine
1640 1037 1767 1072 implere,

973 1090 1001 1112 et
1016 1085 1084 1112 feris
1095 1085 1190 1112 bestiis
1202 1086 1301 1112 suavius
1315 1093 1347 1112 ea
1370 1093 1431 1120 qua:
1442 1084 1651 1119 suntpascenda
1665 1084 1769 1112 discer-

974 1131 1023 1166 pit.
1044 1132 1083 1158 llli
1102 1140 1219 1166 namque
1232 1139 1263 1159 ea
1276 1140 1337 1166 qua:
1362 1136 1427 1159 sunt
1449 1132 1584 1166 dispersa,
1602 1134 1629 1158 et
1647 1138 1662 1158 a
1685 1138 1768 1166 grege

974 1177 1071 1209 divisa,
1100 1177 1238 1212 rapientes
1261 1177 1432 1205 dilacerant:
1449 1177 1494 1204 hic
1515 1180 1607 1203 autem
1630 1176 1658 1203 in
1675 1176 1768 1203 medio

973 1224 1064 1258 gregis
1085 1224 1231 1256 exsistens,
1256 1228 1284 1250 et
1305 1224 1426 1250 salvator
1445 1227 1590 1258 reputatus
1616 1226 1644 1250 et
1662 1226 1766 1254 custos,

974 1269 1106 1296 latentem
1118 1277 1241 1296 errorem
1259 1269 1286 1296 in
1297 1278 1355 1301 eos,
1369 1270 1416 1304 qui
1433 1269 1470 1296 illi
1482 1273 1590 1304 parent,
1604 1269 1765 1296 introducit.

973 1314 1051 1347 Quod
1065 1315 1139 1341 enim
1155 1319 1250 1350 aperte
1272 1320 1422 1350 oppugnat,
1449 1315 1591 1342 observari
1610 1315 1689 1341 facile
1705 1319 1766 1344 est;

973 1359 1046 1394 quod
1063 1367 1128 1387 vero
1145 1360 1196 1387 sub
1208 1360 1338 1387 amicitia:
1349 1361 1440 1396 specie
1455 1360 1570 1387 insidias
1587 1364 1676 1395 parat,
1690 1360 1769 1387 inve-

974 1404 1014 1431 nit
1026 1412 1090 1432 eum
1107 1409 1204 1432 contra
1223 1413 1305 1440 quem
1325 1409 1439 1440 pugnat,
1462 1405 1616 1437 incautum,
1632 1406 1713 1440 eique
1726 1405 1766 1432 fa.

974 1450 1025 1476 cile
1040 1449 1124 1477 infert
1140 1450 1280 1477 laesionem
1298 1451 1392 1478 :unde
1404 1451 1438 1478 iis
1465 1451 1512 1486 qui
1537 1451 1660 1478 exterius
1681 1458 1768 1486 oppu~

974 1500 1069 1530 gnam,
1085 1495 1201 1522 interius
1214 1501 1369 1532 pugnantes
1382 1501 1447 1524 sunt
1461 1497 1603 1524 saeviores.

1012 1586 1068 1614 lloc
1081 1595 1124 1614 mc
1139 1588 1226 1615 multo
1244 1588 1330 1623 magis
1346 1589 1502 1620 contristat,
1523 1588 1597 1623 quod
1615 1588 1667 1616 sub
1682 1589 1769 1623 pieta-

977 1631 1012 1658 tis
1032 1632 1143 1659 nomine
1167 1637 1249 1667 atque
1272 1633 1369 1668 figura,
1397 1638 1425 1661 et
1448 1634 1474 1660 in
1493 1634 1612 1669 pastoris
1635 1634 1769 1669 dignitate

976 1679 1142 1710 consistens,
1154 1679 1181 1705 in
1195 1679 1340 1707 luerctieas
1351 1684 1379 1707 et
1393 1680 1570 1715 blasphemas
1579 1688 1662 1708 voces
1671 1687 1750 1707 erum
1757 1694 1768 1701 -

976 1726 1027 1759 pit,
1043 1730 1071 1752 et
1083 1725 1188 1752 dudum
1205 1727 1370 1754 exstinctam
1391 1726 1543 1762 Apolinarii
1559 1727 1667 1754 inanem
1686 1726 1768 1754 simul

977 1772 1148 1807 impiamque
1171 1772 1325 1800 doctrinam
1343 1777 1465 1800 revocat.
1487 1772 1575 1807 Super
1594 1772 1652 1800 lucc
1665 1776 1768 1804 autem,

976 1825 1031 1845 non
1056 1818 1144 1844 solum
1165 1818 1229 1845 talia
1246 1818 1360 1850 sentire,
1384 1817 1432 1845 sed
1456 1822 1484 1845 et
1506 1818 1565 1845 suis
1588 1818 1770 1852 blasphemiis

976 1871 1031 1890 non
1053 1863 1260 1890 consentientes
1283 1863 1518 1890 anathematizare
1543 1863 1768 1898 praesumpserit;

976 1909 1000 1936 si
1021 1913 1113 1936 tamen
1134 1909 1222 1943 ipsius
1240 1909 1293 1936 ista
1317 1913 1383 1936 sunt
1399 1909 1536 1944 germina,
1555 1913 1583 1936 et
1601 1917 1657 1936 non
1675 1909 1769 1936 inimi-

977 1962 1072 1981 corum
1102 1954 1240 1989 quispiam
1271 1954 1410 1987 veritatis,
1437 1959 1568 1988 tanquam
1589 1962 1623 1981 ex
1649 1955 1695 1982 illo
1712 1955 1770 1982 hmc

977 2008 1158 2036 componens,
1180 2000 1298 2035 projecit
1320 2000 1349 2026 in
1376 2000 1510 2032 medium,
1527 2000 1679 2027 secundum
1702 2001 1769 2027 illud

976 2047 1050 2082 quod
1067 2051 1110 2074 est
1136 2046 1163 2073 in
1184 2045 1287 2079 fabula,
1309 2053 1422 2080 pomum
1449 2046 1605 2079 discordim,
1629 2046 1658 2073 in
1681 2047 1767 2074 altum

976 2092 1114 2119 flammam
1136 2092 1271 2119 exaltans.

1011 2138 1069 2173 Ego
1083 2138 1211 2173 proinde,
1230 2138 1288 2165 sive
1303 2137 1336 2170 is,
1359 2137 1417 2165 sive
1433 2137 1504 2165 alius
1518 2137 1670 2173 quispiam,
1691 2139 1769 2166 velut

977 2192 1010 2212 ex
1029 2184 1106 2212 illius
1123 2192 1252 2219 persona,
1278 2184 1336 2211 haec
1354 2184 1553 2218 composuerit,
1570 2184 1674 2212 auxilio
1697 2185 1769 2212 lucis

977 2230 1147 2258 sanctissimi
1175 2230 1298 2264 Spiritus
1333 2230 1367 2257 ad
1393 2229 1602 2264 inquisitionem
1626 2238 1716 2265 prava;
1741 2236 1769 2258 et

977 2276 1114 2303 luereticw
1140 2275 1282 2310 opinionis
1310 2283 1387 2307 usus,
1415 2284 1465 2310 pro
1483 2275 1566 2303 modo
1583 2276 1691 2311 1290
1704 2284 1769 2303 eon-

977 2329 1061 2349 cessaa
1072 2321 1139 2348 mihi
1149 2321 1299 2354 facultatis,
1316 2321 1407 2356 quoad
1420 2321 1478 2348 fieri
1491 2322 1627 2356 potuit,ea
1640 2322 1767 2354 refutari,

977 2367 1174 2402 doctrinasque
1191 2367 1366 2402 evangelicas
1382 2372 1410 2394 et
1427 2368 1592 2402 apostolicas
1609 2367 1620 2379 ⁴
1638 2368 1766 2402 opposui,

977 2419 1010 2439 ac
1030 2412 1166 2447 dogmatis
1179 2412 1379 2439 absurditatem
1390 2412 1518 2447 patefeci,
1530 2417 1558 2439 et
1568 2416 1700 2447 quantum
1713 2413 1768 2440 dis-

977 2463 1072 2492 crepet
1089 2465 1104 2484 a
1124 2458 1226 2485 divinis
1250 2457 1443 2493 dogmatibus,
1465 2458 1576 2492 planum
1595 2458 1659 2491 feci,
1681 2465 1714 2484 ea
1733 2458 1767 2485 ad

977 2504 1065 2530 sancti
1095 2503 1218 2538 Spiritus
1249 2504 1359 2538 eloquia
1386 2504 1577 2538 perpendens,
1611 2503 1769 2538 docensque

978 2549 1099 2584 qualiter
1112 2557 1126 2576 a
1140 2549 1243 2576 divinis
1258 2549 1348 2576 aliena
1363 2549 1418 2576 sint
1435 2552 1463 2575 et
1477 2548 1666 2575 dissentanea.

1013 2641 1152 2668 Adversus
1182 2644 1275 2668 autem
1302 2639 1446 2667 audaciam
1473 2638 1693 2666 anathematismi
1718 2638 1770 2667 hoc

977 2687 1111 2719 dixerim,
1140 2694 1240 2720 nempe
1269 2686 1407 2717 Paulum.
1440 2685 1625 2712 clarissimum
1645 2684 1769 2712 veritatis

976 2740 1144 2768 praaconem,
1165 2733 1226 2759 illos
1239 2731 1495 2763 anathematizasse,
1510 2731 1557 2765 qui
1572 2730 1727 2765 erangelica
1742 2734 1770 2757 et

978 2779 1130 2814 apostolica
1150 2779 1317 2806 documenta
1344 2781 1527 2812 corruperant
1545 2786 1550 2803 :
1573 2777 1656 2812 idque
1671 2783 1763 2804 ausutr

1029 2844 1073 2880 37)
1086 2847 1150 2880 ἡμῖν
1167 2845 1243 2872 addit
1257 2845 1291 2872 M.

1029 2881 1072 2907 38)
1089 2889 1117 2906 τε
1132 2880 1214 2907 Gam.

1017 2881 1062 2915 (38
1089 2889 1117 2906 τε
1132 2881 1214 2907 Gam.

976 2919 982 2927 ’
1017 2881 1072 2952 (59;
1087 2916 1133 2943 καί
1152 2916 1247 2943 aberat
1262 2922 1277 2942 a
1295 2914 1378 2943 Garn.
