1945 3058
174 162 243 193 1415

657 163 899 193 TllEODORETI
918 163 1087 193 EPISCOPI
1104 163 1287 194 CYRENSIS

1726 161 1803 193 1416

173 217 257 244 etiam
273 215 406 243 adversus
418 215 541 250 angelos,
559 223 615 242 non
634 216 698 243 item
715 220 813 243 contra
834 223 893 247 eos,
909 216 957 250 qui

1014 217 1164 252 ιατατολμή
1169 226 1228 249 σας,
1238 218 1269 243 οὐ
1279 217 1343 247 τοὺς
1354 216 1520 251 ἐμμένοντας
1536 214 1591 247 τοῖς
1602 216 1717 242 δοθεῖσιν
1727 217 1807 251 ὅροις

174 263 203 288 in
223 262 335 289 traditis
354 269 369 288 a
396 261 531 296 theologis
558 261 678 288 decretis
700 266 887 296 permanent:
911 261 964 287 hoc

174 308 248 334 enim
277 308 362 334 etiam
388 308 630 336 benedictionibus
666 308 806 340 munivit,
837 307 961 334 dicens:

179 363 187 377 ι
203 352 368 387 Quicunque
396 353 467 381 hanc
489 354 611 390 regulam
637 359 799 390 sequentur,
813 363 865 390 pax
879 361 964 389 super

175 399 250 434 ipsos
260 402 291 430 οι,
301 399 503 432 misericordia,
533 404 558 427 el
583 408 667 435 super
687 400 815 427 lsraelem
836 400 885 426 Dei
902 401 934 426 ”.
951 409 959 424 ι

209 445 324 480 Colligat
349 446 434 481 igitur
454 446 610 473 istiusmodi
636 454 793 474 sermonum
818 451 914 473 auctor
930 454 963 472 ex

175 491 327 525 apostolica
341 495 531 519 exsecratione
545 492 669 519 laborum
681 499 793 519 suorum
807 491 964 526 pranuia,et

175 537 370 564 haereticorum
391 538 529 565 seminum
550 539 715 573 manipulos.
738 538 794 565 Nos
809 545 875 564 vero
898 544 964 563 con-

174 583 350 617 quiescemus
362 583 388 610 in
406 583 531 623 doctrina
548 589 707 611 sanctorum
719 585 842 611 Patrum.

209 671 345 699 Caeterum
360 672 426 699 huic
434 672 559 707 epistolae
572 673 766 701 subtexuimus
779 676 963 710 oppugnatio-

174 725 235 749 nes,
261 722 292 744 ut
311 725 345 744 ex
371 718 428 752 ipsa
448 718 569 746 lectione
596 720 757 754 perspicias,
783 728 817 747 an
836 721 963 749 lizet'etica

175 763 346 798 problemata
359 769 471 792 strenue
492 765 665 792 diluerimus.
681 765 720 792 Ad
734 766 856 800 singulos
871 772 964 794 autem

175 809 420 837 analhematismos
436 818 562 837 seorsum
576 811 681 845 positos
701 812 804 846 protuli
821 813 963 839 refutatio-

174 862 249 886 nem,
264 858 294 881 ut
312 855 430 882 lectores
451 855 560 882 facilius
582 856 745 891 intelligant,
768 864 800 884 ac
818 857 965 892 perspicua

175 900 211 927 sit
225 900 384 936 dogmatum
397 901 566 937 redargutio.

177 1014 280 1048 1291
299 1013 570 1050 CLl.-—7Theadoreti
583 1016 667 1041 oratio
678 1015 714 1050 [td
734 1023 785 1045 eos,
807 1015 892 1050 quiin
909 1015 963 1042 Eu—

209 1050 342 1084 p/irutesia
357 1054 381 1075 et
399 1049 516 1076 Osroeuu
536 1050 650 1084 regione,
670 1049 759 1084 Syria,
783 1049 916 1077 Pliasnit'ia
938 1055 962 1077 et

210 1083 304 1111 Cilicia
323 1084 403 1110 vitam
420 1083 594 1111 monasticam
611 1083 717 1120 (legunt.

210 1150 378 1184 Respieienti
403 1150 472 1177 mihi
490 1155 654 1185 praesentem
675 1151 806 1179 Ecclesiae
826 1152 962 1180 conditio-

174 1202 247 1226 nem,
269 1199 297 1222 et
311 1195 460 1229 procellam
477 1203 538 1230 qua:
557 1203 646 1230 nuper
667 1197 696 1223 in
722 1196 842 1223 divinam
869 1197 961 1224 navim

173 1241 343 1272 surrexerit,
375 1241 625 1276 vehemente-mque
657 1246 802 1268 ventorum
828 1243 961 1277 impetum

174 1289 256 1320 atque
282 1285 415 1313 ﬂuctuum
443 1286 602 1313 violentiam
626 1291 655 1314 et
674 1286 871 1314 obscuritatem
898 1296 961 1323 pro-

172 1332 303 1364 fundam;
325 1332 530 1359 contentionem
550 1336 682 1366 przeterea
696 1333 893 1368 navigantium,
909 1343 960 1369 pu—

173 1384 309 1412 gnamque
330 1384 438 1408 eorum,
458 1377 559 1411 quibus
578 1378 662 1404 remis
683 1378 843 1406 incumbere
866 1379 960 1406 datum

171 1427 224 1456 est,
246 1424 461 1459 gubernatorum
482 1423 656 1454 ebrietatem,
682 1424 817 1450 malorum
841 1424 960 1460 denique

173 1470 432 1505 importunitatem;
460 1470 586 1497 Jercmia:
608 1470 688 1497 ﬂetus
710 1470 737 1497 in
765 1475 885 1498 mentem
912 1479 960 1498 ve-

171 1516 263 1548 niunt,
279 1520 360 1550 atque
373 1523 436 1542 cum
450 1515 497 1542 illo
514 1515 604 1542 clamo
618 1524 624 1541 :
653 1525 661 1539 ι
685 1516 786 1543 Ventre
804 1523 875 1547 meo,
895 1524 960 1543 ven-

1014 262 1066 289 ῡπὸ
1075 262 1129 288 τῶν
1144 263 1276 297 θεολόγων
1290 261 1405 297 ἀνδρῶν·
1421 261 1532 293 τούτους
1542 262 1596 296 γὰρ
1612 261 1657 288 καὶ
1668 261 1808 295 εὐλογίαις

1014 307 1170 343 ὠχύρωσεν,
1187 308 1282 335 εἰπών·
1306 317 1314 334 ι
1335 309 1412 334 Ὅσοι
1428 307 1466 342 τῷ
1484 309 1575 334 κανόνι
1589 307 1675 343 τούτῳ
1693 309 1807 343 στοιχή-

1015 361 1106 379 σουσιν
1128 354 1194 388 (40),
1219 354 1314 389 εἰρήνη
1339 354 1382 380 ἐπ’
1398 354 1507 385 αὐτοὺς,
1528 353 1576 380 κα)⁸
1590 353 1673 385 ἕλεος,
1694 354 1740 380 καὶ
1756 354 1807 380 ἐπὶ

1013 398 1059 425 τὸν
1079 400 1186 435 Ἰσραὴλ
1204 399 1249 426 τοῦ
1262 399 1341 426 Θεοῦ.
1357 409 1366 425 ι

1049 446 1194 480 Δρεπέσθω
1210 446 1299 472 τοίνυν
1327 447 1341 472 ὁ
1367 445 1420 472 τῶν
1444 445 1529 479 λόγων
1543 445 1645 471 τούτων
1658 445 1751 480 πατὴρ
1768 446 1804 472 ὲκ

1014 491 1064 526 τῆς
1077 491 1258 526 ἁποστολικῆς
1274 492 1343 526 ἀρᾶς
1353 491 1407 518 τῶν
1420 492 1528 519 οἰκείων
1542 491 1631 517 πόνων
1648 491 1683 517 τὰ
1698 491 1804 526 ἐπίχει-

1016 545 1060 572 ρα,
1083 537 1129 563 καὶ
1145 537 1199 563 τῶν
1219 536 1365 572 αἱρετικῶν
1389 537 1555 572 σπερμάτων
1581 537 1615 563 τὰ
1640 537 1800 572 δράγματα·

1014 583 1097 618 ἡμεῖς
1113 583 1141 608 δὲ
1166 584 1199 618 τῇ
1218 583 1273 610 τῶν
1295 583 1381 618 ἁγίων
1396 583 1525 619 Πατέρων
1542 583 1712 618 ἐμμενοῦμεν
1728 583 1803 609 διδα-

1015 628 1122 664 σκαλίᾳ.

1055 673 1190 706 Ύπέταξα
1204 673 1231 700 δὲ
1246 674 1292 701 καὶ
1306 674 1354 706 τὰς
1369 675 1554 710 γεγενημένας
1565 675 1735 710 ἀντιρρήσεις
1752 676 1801 709 τῇ-

1014 718 1042 745 δέ
1058 728 1107 753 μου
1124 721 1156 754 τῇ
1169 720 1307 755 ἐπιστολῇ,
1323 720 1366 746 ἵνα
1382 721 1514 754 ἀναγνοὺς
1524 720 1685 755 δοκιμάσαις
1699 719 1766 755 (Η),
1776 720 1802 746 εἰ

1014 763 1133 795 δυνατῶς
1141 764 1195 790 τῶν
1204 765 1350 800 αἱρετικῶν
1359 765 1559 801 προϐλημάτων
1570 765 1618 800 τὴν
1626 765 1701 791 λύσιν
1712 767 1802 801 ἐποιη-

1016 808 1130 843 σάμεθα.
1145 810 1278 836 Ἕκαστον
1294 810 1322 836 δὲ
1341 810 1395 836 τῶν
1410 810 1638 845 ἁναθεματισμῶν
1660 810 1722 837 καθ’
1734 811 1801 837 ἑαυ-

1013 853 1059 879 τὸν
1072 853 1211 886 τεθεικὼς,
1225 854 1358 888 ἐξήγαγον
1374 854 1423 890 τὴν
1434 855 1603 890 ἀντίρρησιν,
1615 854 1688 885 ὅπως
1702 854 1734 880 ἂν
1751 855 1802 889 ρᾳ-

979 899 1001 928 Β
1015 898 1079 930 δίως
1100 901 1155 931 τοῖς
1174 901 1380 935 ἐντυγχάνουσιν
1403 900 1419 935 ἠ
1435 901 1596 935 κατανόησις
1612 899 1735 935 γένηται,
1752 899 1802 926 καὶ

1016 944 1105 979 σαφὴς
1121 945 1174 970 τῶν
1194 945 1336 979 δογμάτων
1351 946 1365 972 ὀ
1379 945 1499 979 ἔλεγχος.
1754 948 1762 964 ‘

1013 1009 1101 1037 PNA’.
1116 1024 1152 1030 —
1163 1010 1353 1044 Θεοδωρήτου
1369 1010 1424 1045 (4‘2)
1440 1010 1515 1044 πρὸς
1540 1012 1611 1045 τοὺς
1635 1012 1670 1038 ἐν
1683 1011 1721 1045 τῇ
1740 1013 1799 1038 Εὐ-

1048 1046 1268 1079 φρατησίᾳ,(45)
1277 1047 1324 1072 καὶ
1335 1045 1494 1079 Ὀσροηνῇ,
1508 1047 1557 1072 καὶ
1569 1047 1801 1080 Συρίᾳ,καὶψοι-

1047 1080 1119 1113 νίκῃ
1139 1080 1193 1115 (44)
1215 1080 1263 1107 καὶ
1279 1082 1397 1114 Κιλικίᾳ
1413 1081 1606 1114 μοι-ἀίοντας.

1053 1146 1140 1181 Ὀρῶν
1154 1147 1203 1182 τὴν
1215 1147 1244 1173 ὲν
1262 1147 1300 1182 τῷ
1320 1148 1434 1182 παρόντι
1460 1148 1548 1184 καιρῷ
1563 1148 1615 1183 τῆς
1636 1149 1799 1184 Ἐκκλησίας

1012 1192 1178 1219 κατάστασιν
1191 1193 1238 1220 καὶ
1250 1193 1298 1228 τὴν
1312 1193 1425 1228 ἔναγχος
1439 1195 1629 1221 ὲπαναστᾶσαν
1637 1195 1669 1229 τῇ
1684 1195 1744 1229 ἱερᾷ
1754 1194 1799 1229 νη⁴ί

1012 1238 1106 1273 ζάλην,
1124 1239 1171 1265 καὶ
1188 1239 1236 1270 τὰς
1252 1239 1368 1274 σφοδρὰς
1390 1240 1550 1273 καταιγίδας
1573 1241 1619 1266 καὶ
1635 1241 1688 1266 τῶν
1710 1241 1800 1275 κυμάι

1011 1292 1065 1310 των
1080 1284 1128 1319 τὴν
1145 1285 1296 1319 προσϐολὴν
1311 1286 1358 1312 κα)¹
1370 1285 1419 1320 τὴν
1432 1285 1541 1320 βαθεῖαν
1558 1287 1737 1321 σκοτομήνην,
1750 1287 1799 1313 καὶ

1012 1329 1080 1365 πρὸς
1099 1330 1202 1361 τούτοις
1214 1329 1267 1357 τῶν
1282 1331 1432 1365 πλωτήρων
1446 1331 1495 1366 τὴν
1514 1332 1580 1367 ἔριν,
1597 1333 1642 1358 καὶ
1656 1332 1709 1358 τῶν
1721 1333 1800 1367 ὲρέτε

1011 1383 1068 1401 τειν
1085 1375 1221 1409 λαχόντων
1236 1376 1285 1410 τὴν
1302 1376 1401 1410 μάχην,
1419 1376 1466 1402 καὶ
1480 1376 1530 1411 τὴν
1554 1376 1608 1402 τῶν
1624 1376 1798 1411 κυϐερνητῶν

1013 1420 1108 1454 μέθην,
1127 1420 1173 1446 καὶ
1188 1420 1354 1452 ἁπαξαπλῶς
1374 1421 1421 1456 τὴν
1439 1421 1492 1447 τῶν
1504 1421 1597 1447 κακῶν
1614 1422 1728 1457 διωρίαν,
1744 1423 1798 1448 τῶν

1018 1465 1150 1501 Ἰερεμίου
1172 1466 1278 1502 θρήνων
1292 1467 1545 1502 ἀναμιμνήσκομαι,
1558 1468 1604 1494 καὶ
1619 1468 1677 1502 μετ’
1692 1468 1798 1494 ἐκείνου

1013 1510 1076 1545 βοῶ·
1091 1520 1100 1536 ι
1117 1512 1171 1546 Τὴν
1185 1512 1289 1538 κοιλίαν
1305 1521 1366 1547 μου,
1381 1513 1431 1546 τὴν
1452 1513 1556 1540 κοιλίαν
1576 1522 1626 1548 μου
1643 1512 1697 1547 ἐγὼ
1711 1513 1797 1547 ἀλγῶ,

172 1565 214 1588 tre
228 1569 289 1588 meo
301 1561 392 1593 doleo,
418 1565 446 1588 et
470 1568 568 1588 sensus
585 1561 676 1588 cordis
700 1562 754 1588 mei
778 1561 853 1588 dolet
869 1561 957 1588 anima

1014 1556 1059 1582 καὶ
1072 1557 1107 1582 τὰ
1126 1557 1289 1593 αἰσθητήρια
1309 1558 1357 1592 τῆς
1372 1559 1486 1593 καρδίας
1504 1568 1554 1594 μου
1576 1560 1725 1595 μαιμὰσσει
1742 1559 1798 1594 (45)

171 1614 250 1639 mea;
267 1607 351 1634 etiam
366 1607 534 1641 discerpitur
545 1615 593 1634 cor
608 1614 700 1633 meum
717 1608 748 1638 ”,
762 1617 770 1632 ι
785 1611 812 1634 et
828 1607 960 1642 lacryma-

172 1660 234 1679 rum
249 1652 338 1678 fontes
349 1652 472 1685 requiro,
482 1656 513 1677 ut
527 1652 669 1678 oculorum
684 1651 830 1678 stillicidiis
846 1652 958 1678 densan

171 1697 290 1725 tristitia
311 1697 414 1724 nubem
441 1696 599 1725 discutiam.
623 1697 737 1731 Oportet
759 1698 843 1730 enim,
868 1698 959 1726 hieme

172 1742 242 1769 adeo
261 1741 329 1772 fera,
347 1745 375 1768 et
388 1741 590 1776 gubernatores
607 1741 730 1777 vigilare,
759 1747 787 1769 et
805 1743 958 1777 tempestati

170 1787 320 1819 adversari,
346 1791 374 1814 et
402 1787 436 1814 de
452 1787 531 1814 navis
553 1788 640 1814 salute
662 1788 800 1820 meditari,
815 1793 843 1815 et
861 1793 959 1816 nautas

170 1835 266 1861 relicta
285 1838 378 1860 mutua
395 1834 584 1867 contentione,
610 1835 739 1870 precibus
750 1839 778 1862 ct
797 1839 856 1862 arte
876 1835 958 1862 tinem

171 1880 250 1906 malis
264 1880 415 1914 imponere,
434 1884 462 1906 et
480 1880 640 1915 navigantes
656 1881 810 1915 quiescere,
824 1886 853 1908 et
868 1889 958 1916 neque

170 1924 297 1956 invicem,
315 1932 404 1958 neque
417 1931 480 1951 cum
497 1926 729 1960 gubernatoribus
747 1926 848 1959 rixari;
873 1927 958 1954 maris

169 1974 261 1996 autem
284 1970 400 1996 Domino
429 1971 594 2005 supplicare,
619 1976 649 1998 ut
661 1975 729 1998 nutu
742 1971 880 1999 tristitiam
895 1980 957 1998 mu-

169 2019 217 2043 tet.
239 2015 344 2050 1292
362 2015 464 2042 Horum
483 2020 574 2043 tamen
589 2017 692 2051 aliquid
706 2024 785 2051 agere
803 2017 954 2051 unusquis-

168 2070 222 2096 que
244 2066 372 2093 recusat;
392 2065 419 2087 at
434 2062 519 2089 veluti
539 2062 566 2088 in
589 2070 679 2097 pugna
693 2066 828 2089 nocturna
843 2071 894 2090 nos
916 2063 957 2090 in-

166 2108 255 2135 vicem
274 2116 330 2135 non
348 2112 541 2143 agnoscentes,
556 2113 638 2142 atque
661 2108 781 2135 inimicis
792 2109 906 2141 relictis,
927 2110 955 2136 in

167 2154 352 2188 nosmetipsos
376 2155 470 2181 omnia
493 2154 683 2181 consumimus
709 2154 780 2186 tela,
796 2159 823 2181 et
845 2160 956 2183 nostros

166 2206 296 2233 tanquam
317 2199 410 2226 hostes
434 2199 633 2231 vulneramus;
659 2198 698 2226 illi
716 2206 782 2226 vero
796 2207 882 2234 prope
905 2208 956 2228 nos

165 2249 279 2277 stantes,
308 2245 425 2273 irrident
444 2249 570 2272 nostram
597 2245 771 2278 ebrietatem,
797 2246 954 2281 nostrisque

165 2290 295 2317 fruuntur
320 2291 458 2322 miseriis,
484 2295 512 2318 et
535 2290 666 2326 gaudent,
685 2295 809 2318 mutuam
831 2296 953 2319 nostram

163 2335 290 2363 videntes
311 2336 559 2370 consumptionem.
589 2336 693 2363 Horum
716 2341 809 2363 autem
837 2336 858 2363 ii
889 2341 953 2364 sunt

198 2412 219 2427 ¹¹
231 2411 318 2439 Galat.
331 2420 368 2445 v1,
383 2412 426 2440 ιϐ.
465 2412 486 2428 ¹³
503 2412 605 2440 Jerem.
619 2420 655 2445 IV,
676 2412 719 2440 l9.

213 2489 253 2524 ιο)
269 2490 418 2525 στοιχοῦσιν
434 2489 469 2517 Μ.
485 2490 512 2517 in
526 2490 657 2525 margine.

210 2525 254 2559 Η)
270 2525 315 2552 Sic
329 2526 364 2552 M.
385 2526 412 2552 in
428 2533 529 2560 marg.;
549 2530 656 2552 textus:
668 2525 825 2560 δοκιμάσας.

210 2560 253 2594 42)
268 2561 394 2587 Nondum
410 2561 482 2588 edita
494 2561 581 2587 fuerat
592 2561 649 2587 haec
658 2560 728 2587 inter
738 2564 849 2589 caeteras
859 2562 950 2590 Theo-

163 2593 250 2632 doreti
271 2595 409 2632 epistrlasr,
421 2595 470 2632 sed
482 2596 542 2632 ejus
557 2600 644 2632 tamen
658 2595 852 2632 fragmentum,
866 2597 949 2632 idque

163 2629 308 2667 _1_.ati_nutp,_
321 2631 444 2658 exstabat
466 2629 641 2667 in’Garnerii
661 2630 798 2667 Auctario,
820 2639 879 2667 pag.
902 2629 946 2660 62.

164 2663 259 2700 Totius
274 2665 358 2698 igitur
376 2665 498 2700 epistolte
517 2667 671 2700 exemplum
691 2665 773 2697 nacti,
786 2663 913 2694 accurate
932 2675 948 2695 e

163 2697 257 2727 codice
272 2697 574 2733 quodam'bibliotheete
585 2697 713 2727 Ctesarcm
729 2700 948 2730 Vindobonensis

163 2733 343 2770 descriptum.
359 2743 420 2762 cum
433 2743 520 2770 eoque
533 2736 632 2762 iterum
645 2735 789 2770 diligenter
808 2737 947 2769 collatum,

163 2767 209 2794 hic
222 2767 358 2796 edendum
367 2767 532 2797 curavimus.
543 2771 617 2802 Post,
627 2777 689 2796 cum
697 2767 865 2798 'vidissemus
876 2767 951 2799 Man;

163 2803 236 2838 sium
257 2804 284 2830 in
309 2805 476 2838 amplissima
493 2805 673 2832 conciliorum
695 2804 855 2833 collectione
875 2811 950 2834 tomo

166 2837 196 2868 V.
218 2845 244 2871 p.
274 2838 342 2876 η)ξᾷ
356 2837 440 2876 ερατ,
470 2840 605 2873 eamdem,
621 2840 714 2876 nescio
731 2840 802 2868 unde
821 2841 950 2876 deprom-

164 2875 250 2905 ptam,
264 2873 392 2906 edidisse,
407 2874 467 2908 ejus
482 2882 590 2909 quoque
613 2874 800 2910 discrepantes
817 2873 951 2904 lectiones

1010 1602 1110 1637 ἡψυχή
1133 1611 1195 1637 μου,
1211 1604 1399 1639 σπαράσσεται
1423 1605 1470 1631 καὶ
1488 1606 1503 1639 ή
1526 1605 1625 1640 καρδία
1647 1613 1708 1640 μου,
1724 1614 1733 1630 ι
1751 1605 1799 1631 καὶ

1010 1649 1101 1683 πηγὰς
1112 1649 1237 1684 δακρύων
1250 1650 1381 1685 ἐπιζητῶ,
1394 1650 1437 1677 ἵνα
1449 1652 1508 1682 ταῖς
1524 1651 1614 1678 λιϐάσι
1628 1651 1683 1677 τῶν
1696 1651 1798 1686 ὀφθαλ-

1012 1695 1080 1729 μῶν,
1095 1695 1124 1721 τὸ
1140 1696 1206 1723 πολὺ
1229 1697 1277 1732 τῆς
1294 1696 1413 1732 ἀθυμίας
1429 1698 1662 1733 ὰποσκευάσωμαι
1684 1698 1740 1733 (56)
1753 1698 1799 1724 νέκ

1010 1748 1069 1774 φος.
1083 1741 1146 1768 Δέον
1159 1741 1213 1777 γὰρ
1227 1743 1254 1769 ἐν
1271 1742 1357 1774 οὕτως
1371 1743 1461 1778 ἀγρίῳ
1474 1744 1589 1779 χειμῶνι
1608 1744 1655 1771 καὶ
1671 1745 1735 1775 τοὺς
1750 1753 1799 1770 xu.

1009 1786 1144 1822 ϐερνήτας
1167 1788 1356 1824 ἐγρηγορέναι,
1376 1789 1431 1815 καὶ⁸
1451 1789 1489 1824 τῷ
1511 1789 1625 1816 κλύδωνι
1650 1790 1796 1825 μάχεσθαι,

1009 1833 1056 1859 καὶ
1072 1834 1120 1867 τῆς
1137 1833 1183 1859 τοῦ
1204 1835 1323 1868 σκάφους
1341 1835 1479 1870 σωτηρίας
1499 1835 1651 1871 φροντίζειν
1667 1837 1714 1863 καὶ
1734 1837 1797 1868 τοὺς

1008 1877 1108 1909 ναύτας
1121 1878 1170 1912 τῆς
1184 1880 1243 1905 κατ’
1255 1879 1375 1914 ἀλλήλων
1387 1881 1474 1916 ἔριδος
1486 1881 1656 1913 ἀποστάντας
1669 1882 1734 1917 εὐχῇ
1751 1882 1797 1908 καὶ

1007 1923 1089 1959 τέχνῃ
1112 1924 1145 1950 τὰ
1159 1925 1231 1951 δεινὰ
1248 1925 1376 1952 διαλύειν·
1399 1927 1446 1952 καὶ
1464 1927 1525 1958 τοὺς
1539 1927 1685 1962 πλωτῆρας
1707 1928 1795 1962 ἡσυχῆ

1008 1969 1154 2004 καθῆσθαι·
1172 1972 1219 1997 καὶ
1238 1971 1306 2006 μήτε
1319 1971 1443 2007 ἀλλήλοις
1457 1973 1524 2007 μήτε
1540 1974 1595 2003 τοῖς
1615 1973 1795 2007 κυϐερνήταις

1008 2015 1183 2050 ζυγομαχεῖν·
1197 2016 1243 2042 τὸν
1253 2016 1280 2042 δὲ
1290 2017 1338 2051 τῆς
1352 2016 1486 2053 θαλάττης
1500 2018 1631 2044 ἱκετεύειν
1644 2019 1793 2053 Δεσπότην,

1008 2061 1051 2086 ἵνα
1065 2061 1178 2096 νεύματι
1198 2062 1336 2098 μεταϐάλῃ
1363 2062 1398 2089 τὰ
1428 2063 1588 2098 σκυθρωπά.
1610 2064 1719 2090 Τούτων
1745 2065 1794 2099 μὲν

1007 2105 1093 2137 οὐδεὶς
1105 2107 1179 2133 οὐδὲν
1196 2107 1281 2134 ὲθέλει
1298 2109 1395 2134 ποιεῖν⁹
1412 2108 1449 2140 ὡς
1467 2110 1496 2136 ὲν
1519 2110 1689 2145 νυκτομαχίᾳ
1701 2110 1730 2136 δὲ
1743 2110 1792 2136 ἀλ-

1007 2151 1104 2186 λήλους
1118 2152 1310 2187 ἀγνοήσαντες,
1332 2154 1379 2180 καὶ
1396 2155 1459 2186 τοὺς
1473 2154 1610 2186 ἐναντίους
1631 2155 1795 2182 καταλιπόν-

1007 2205 1061 2229 τες,
1081 2197 1141 2223 καθ⁴
1158 2198 1235 2232 ἡμῶν
1254 2198 1343 2225 αὐτῶν
1367 2200 1456 2226 πάντα
1477 2200 1641 2235 δαπανῶμεν
1663 2201 1696 2227 τὰ
1717 2200 1792 2235 βέλη,

1007 2243 1054 2269 καὶ
1065 2243 1129 2274 τοὺς
1140 2243 1291 2279 ὁμοφύλους
1305 2245 1342 2276 ὡς
1355 2245 1499 2280 πολεμίους
1508 2245 1704 2281 τιτρώσκομεν,
1722 2247 1747 2273 οἱ
1763 2247 1793 2273 δὲ

1008 2290 1122 2326 πλησίον
1143 2291 1259 2323 ἑστῶτες
1275 2292 1330 2327 (47)
1349 2292 1464 2324 γελῶσιν
1477 2293 1554 2327 ἡμῶν
1567 2293 1617 2328 τὴν
1632 2293 1727 2328 μέθην,
1746 2294 1793 2320 καὶ

1006 2338 1062 2369 τοῖς
1079 2337 1223 2374 ἡμετέροις
1241 2338 1430 2373 ὲπεντρυφῶσι
1456 2340 1559 2371 κακοῖς,
1586 2340 1633 2366 καὶ
1651 2339 1793 2374 χαίρουσιν

1003 2491 1227 2530 addidimus.A—
1244 2494 1320 2522 Hanc
1349 2495 1493 2529 epistolam
1525 2503 1587 2523 cum
1613 2495 1791 2530 subsequenti

1002 2528 1145 2565 opusculo,
1162 2527 1237 2565 Quod
1256 2533 1316 2564 post
1330 2527 1494 2565 assumptum
1506 2527 1712 2561 humanilatcm:
1723 2535 1789 2565 etc.,

1000 2563 1087 2600 edidit
1102 2564 1183 2600 etiam
1198 2563 1366 2596 Gallandius,
1384 2563 1449 2592 tom.
1463 2565 1508 2597 1x,
1522 2574 1551 2600 p.
1570 2566 1630 2593 605.
1646 2566 1719 2592 Enrr.

1048 2598 1090 2633 45)
1106 2598 1275 2633 Εὑφρατισίᾳ
1287 2600 1402 2627 Vindob.
1419 2600 1525 2628 vitiose.

1048 2627 1091 2662 44)
1105 2627 1197 2660 καθ).
1215 2643 1241 2661 κ.
1256 2627 1283 2660 Σ.
1301 2635 1397 2662 Mansi.

1048 2668 1091 2702 45)
1115 2676 1147 2702 με
1166 2669 1263 2702 μάσσει
1278 2669 1358 2698 Vind.
1377 2671 1484 2698 vitiose.

1048 2703 1091 2741 .ttj)
1107 2704 1336 2741 αποσχεδάσωμαι
1348 2706 1432 2733 Mans.
1449 2707 1476 2733 in
1493 2706 1624 2741 margine.

1047 2738 1091 2776 :47)
1112 2738 1199 2776 Hujus
1212 2739 1265 2776 loci
1278 2738 1325 2776 ἴοι
1336 2741 1364 2767 δὲ
1390 2741 1503 2774 πλησίον
1521 2738 1637 2772 ἑστῶτες
1654 2748 1740 2776 usque
1754 2740 1790 2767 ad

999 2773 1107 2811 verba;
1121 2774 1170 2805 τὰς
1181 2775 1265 2811 ἀκοὰς
1275 2775 1368 2806 αὐτοῖς
1385 2773 1496 2810 ὑπέχειν
1515 2773 1704 2811 ἁνεχομένωνξ
1716 2776 1790 2802 Lali-

1001 2815 1064 2834 nam
1090 2808 1356 2847 interpretationem,
1373 2808 1503 2847 tanquam
1518 2808 1641 2846 epistolae
1653 2810 1790 2847 fragmen-

1003 2846 1060 2869 tum
1073 2844 1198 2871 ediderat
1210 2844 1372 2878 Garnerius,
1388 2844 1500 2873 Auctar.
1516 2844 1544 2881 p:
1558 2847 1602 2874 6‘2.
