1945 3058
104 142 181 176 1417

800 145 980 176 EPISTULA
1000 142 1071 173 CLI.

1672 143 1740 176 iii-i8

103 199 157 224 ὑπ’
170 197 292 232 ἀλλήλων
308 198 381 232 ἡμᾶς
399 198 514 233 ὁρῶντες
537 199 759 234 δαπανωμένους·
776 199 856 226 αἴτιοι
870 199 896 225 δὲ

951 201 1088 228 auctores.
1113 196 1159 230 qui
1184 197 1361 231 apostolicam
1378 195 1458 223 [idem
1482 204 1660 231 corrumpere
1683 203 1741 226 len—

100 244 212 270 τούτων
221 245 245 269 οἱ
255 244 304 279 τὴν
318 245 498 280 ἀποστολικὴν
511 245 663 281 διαφθεῖραι
678 246 769 272 πίστιν
784 246 899 280 φιλονει-

102 291 245 324 κήσαντες
262 290 309 316 καὶ
326 291 383 321 τοῖς
400 291 585 324 εὐαγγελικοῖς
601 291 733 326 δόγμασιν
756 292 899 318 ἀλλόκοτον

101 337 286 364 διδασκαλίαν
301 337 434 363 ἐπιθεῖναι
453 336 647 371 τολμήσαντες·
662 337 709 363 καὶ
728 337 761 363 τὰ
782 336 898 371 δ’)σσεῦἦ

102 384 257 417 κεφάλαια,
277 383 295 409 ἃ
314 382 382 417 μετὰ
397 381 627 416 ἀναθεματισμῶν
651 383 692 414 είς
705 383 754 417 τὴν
776 382 899 417 βασιλίδα

103 428 188 455 πόλιν
206 428 374 463 ἐξέπεμψαν,
390 427 600 463 δεξάμενοι,·καὶ
618 428 678 458 ταῖς
698 428 811 458 οἰκείαις
831 428 898 453 ὑπο-

101 475 239 509 γραφαῖς,
260 474 298 505 ὡς
316 473 457 508 ᾠήθησαν,
486 472 694 507 βεϐαιώσαντες,
711 473 728 500 ἆ
758 473 851 507 σαφῶς
867 475 898 499 ἐκ

101 521 159 555 τῆς
187 521 288 555 πικρᾶς
317 519 504 554 Ἀπολιναρίου
531 519 699 554 βεϐλάστηκε
723 519 810 554 ῥίζης.
826 519 899 545 Μετ-

102 566 165 600 ἑχει
187 565 214 592 δὲ
240 565 286 592 καὶ
306 566 355 600 τῆς
375 565 480 599 Ἀρείου
502 565 549 591 καὶ
573 565 705 599 Εὑνομίου
728 565 895 596 δυσσεϐείας·

102 613 128 637 εἰ
158 612 188 637 δέ
212 619 254 642 τις
276 611 398 646 ἀκριϐῶς
428 611 545 637 κατιδεῖν
572 610 737 645 ἐθελήσειεν,
761 610 822 637 οὐδὲ
850 611 898 645 τῆς

102 655 286 681 Οὐαλεντίνου
299 655 347 681 καὶ
362 654 526 689 Μαρκίωνος
538 654 641 690 ἄμοιρα
657 654 819 686 δυσσεϐείας
832 664 898 689 τυγ-

103 701 195 735 χὰνει.

151 745 197 771 Ἐν
217 745 266 780 μὲν
280 746 334 781 γὰρ
350 745 389 780 τῷ
404 744 504 780 πρώτῳ
517 745 655 780 κεφαλαίῳ
670 746 719 781 τὴν
737 747 807 782 ὑπὲρ
821 746 899 782 ἡμῶν

103 791 297 826 γεγενημένην
323 791 478 825 οἰκονομίαν
502 791 638 817 ἐκϐάλλεν
656 791 706 817 οὐκ
725 791 899 826 ἀνειληφέναι

103 837 152 862 τὸν
175 835 241 862 Θεὸν
269 836 354 869 Λόγον
381 835 461 869 φύσιν
483 836 666 870 ἀνθρωπείαν,
686 836 838 863 ἁλλάὒτὸν
861 838 900 868 ei;

952 247 1056 274 larunt,
1071 247 1098 269 et
1122 242 1148 268 in
1172 242 1341 276 evangelicis
1352 241 1527 276 dogmatibus
1542 242 1659 269 alienam
1680 245 1739 271 ausi

950 292 1013 314 sunt
1037 288 1167 316 inducere
1189 288 1342 316 doctrinam
1356 297 1364 322 ;
1378 293 1460 323 atque
1477 288 1558 323 impia
1572 289 1662 324 capita
1680 298 1742 324 qufe

950 342 1012 361 cum
1032 333 1270 362 anathematismis
1290 334 1317 361 in
1341 334 1445 369 regiam
1470 335 1566 361 urbem
1597 335 1739 366 miserant.

951 383 1126 415 receperunt,
1147 385 1175 407 et
1195 381 1325 416 propriis,
1343 385 1425 415 prout
1450 381 1574 408 arbitrati
1590 386 1664 414 sunt,
1677 390 1741 416 pro-

950 425 1085 453 baverunt
1107 426 1370 461 subscriptionibus.
1391 427 1454 454 H1130
1475 427 1510 454 ab
1528 435 1623 455 amara
1636 429 1741 463 Apolli—

950 471 1123 504 narii‘radice
1134 472 1284 506 pullulasse
1298 472 1326 499 in
1337 473 1485 507 propatulo
1500 477 1558 506 est;
1575 474 1643 508 quiti
1655 475 1738 502 etiam

949 517 1079 544 Eunomii
1099 517 1216 553 Ariique
1250 519 1399 553 impietatis
1420 519 1604 554 participant;
1621 524 1704 554 atque
1717 520 1739 547 si

950 564 1012 598 quis
1023 564 1169 599 diligenter
1191 567 1309 592 scrutari
1331 565 1460 597 voluerit,
1480 573 1570 600 neque
1591 566 1739 598 Valentini,

951 617 1040 644 neque
1061 610 1206 637 Marcionis
1227 611 1360 638 carebunt
1376 611 1527 646 impietate.

986 747 1016 774 In
1039 748 1128 781 primo
1152 748 1226 775 enim
1252 749 1351 784 capite,
1368 748 1415 777 Dei
1431 751 1612 778 meonomiam
1630 755 1742 786 propter

951 800 1002 820 nos
1022 793 1122 820 factam
1151 794 1257 829 rejicit,
1280 795 1384 823 docens
1405 796 1529 823 divinum
1546 797 1668 824 Verbum
1687 805 1740 824 non

951 839 1106 873 suscepisse
1113 840 1262 867 humanam
1275 846 1414 874 naturam,
1427 843 1474 869 sed
1488 842 1576 877 ipsum
1591 844 1617 870 in
1631 851 1740 871 carnem

105 882 199 916 σάρκα
213 881 413 916 μεταδληθῆναι
425 881 568 907 διδάσκωψ
584 884 630 908 καὶ
645 882 753 917 δοκήσει
771 882 817 909 καὶ
833 891 896 916 φαν-

952 889 1086 911 mutatum
1110 893 1190 918 esse;
1216 891 1244 913 et
1268 887 1466 922 dogmatizans,
1492 889 1583 923 specie
1610 893 1639 916 et
1657 898 1742 925 appa—

103 928 188 964 τασίᾳ
201 929 250 963 τὴν
261 927 308 954 τοῦ
323 928 449 962 Σωτῆρος
462 927 541 962 ἡμῶν
554 927 770 963 ἐνανθρώπησιν,
783 928 840 954 ἀλλ’
850 929 900 954 οὐκ

104 973 223 1008 ἀληθείᾳ
239 973 401 1007 γεγενῆσθαι
417 972 598 1007 δογματίζων.
617 972 710 999 Ταῦτα
722 973 749 998 δὲ
760 974 809 1008 τῆς
824 974 900 1009 Μαρ-

106 1020 206 1051 κίωνος
224 1020 269 1046 καὶ
283 1019 330 1045 τοῦ
344 1019 482 1050 Μάνεντος
493 1019 540 1045 καὶ
552 1018 729 1045 Οὐαλεντίνου
741 1018 900 1051 δυσσεϐείας

106 1067 228 1102 ὑπάρχει
244 1066 411 1100 γεννήματα.
433 1066 476 1091 Ἐν
505 1065 532 1091 δὲ
551 1065 589 1100 τῷ
617 1065 734 1101 δευτέρῳ
751 1065 798 1091 καὶ
816 1065 900 1101 τρίτῳ

105 1112 261 1148 κεφαλαίῳ,
277 1112 372 1148 ὥσπερ
389 1111 583 1146 ἐπιλαθόμενος
597 1107 633 1137 ὧν
645 1112 674 1137 ὲν
688 1111 842 1146 προοιμίοις
855 1111 899 1145 ἐξ-

107 1161 196 1191 έθετο,
211 1160 261 1194 τὴν
275 1159 336 1185 καθ’
355 1159 503 1185 ὑπόστασιν
525 1157 620 1183 ἕνωσιν
636 1157 749 1191 εἰσάγει,
766 1157 814 1183 καὶ
836 1157 898 1183 σύν-

105 1206 168 1232 οδον
183 1205 243 1231 καθ’
260 1205 358 1232 ἕνωσιν
378 1204 505 1239 φυσικὴν,
526 1203 625 1239 κρᾶσίν
639 1213 699 1230 τινα
710 1204 757 1230 καὶ
769 1204 899 1239 σύγχυσιν

105 1252 152 1278 διὰ
164 1251 267 1278 τούτων
286 1251 338 1277 τῶν
353 1250 493 1284 ὀνομάτων
510 1249 673 1285 γεγενῆσθαι
688 1250 821 1277 διδάσκων
850 1253 899 1286 τῆς

105 1305 137 1323 τε
156 1296 213 1332 (48)
232 1297 307 1327 θείας
324 1296 432 1330 φύσεως
457 1295 504 1321 καὶ
522 1295 572 1329 τῆς
595 1295 641 1321 τοῦ
658 1295 750 1322 δούλου
779 1298 897 1332 μορφῆς.

107 1343 194 1369 Τοῦτο
206 1343 255 1377 τῆς
270 1342 412 1377 αἱρετικῆς
436 1341 624 1376 Ἀπολιναρίου
643 1343 818 1376 καινοτομίας
839 1343 899 1369 ἐστὶ

107 1387 213 1423 κύημα.
230 1388 273 1414 Ἐν
287 1387 314 1414 δὲ
328 1386 368 1421 τῷ
379 1386 500 1421 τετάρτῳ
515 1386 654 1421 κεφαλαίῳ
664 1387 830 1422 ἀπαγορεύει
844 1387 899 1413 τῶν

108 1431 296 1466 εὐαγγελικῶν
310 1431 357 1457 καὶ
374 1430 558 1457 ἀπστολικῶν
577 1431 673 1464 φωνῶν
689 1431 738 1466 τὴν
754 1432 897 1467 διαίρεσιν,

107 1477 155 1503 καὶ
176 1476 227 1502 οὐκ
248 1477 280 1511 ἑᾷ
297 1475 368 1502 κατὰ
384 1475 434 1507 τὰς
452 1475 505 1501 τῶν
521 1475 669 1510 ὀρθοδόξων
683 1476 813 1511 Πατὲρων
825 1477 899 1503 διδα-

109 1520 223 1551 σκαλίας
239 1520 288 1551 τὰς
304 1520 354 1555 μὲν
370 1519 533 1555 Θεοπρεπεῖς
550 1519 641 1554 φωνὰς
667 1521 732 1555 περὶ
755 1521 804 1556 τῆς
822 1521 898 1553 θείας

109 1565 328 1599 ὲκλαμδάνεσθαι
344 1565 452 1599 φύσεως
474 1565 524 1596 τὰς
536 1565 564 1591 δὲ
577 1565 710 1596 ταπεινὰς
728 1566 776 1592 καὶ
791 1567 898 1601 ἀνθρω-

109 1611 194 1641 πίνως
205 1610 353 1646 είρημένας
366 1612 400 1646 τῇ
415 1610 600 1647 ἁναληφθείσῃ
611 1608 779 1646 προσάπτειν
793 1612 898 1647 ἀνθρω-

110 1656 216 1691 πότητι·
230 1657 276 1682 καὶ
293 1656 418 1683 ἐντεῦθεν
431 1657 522 1683 τοίνυν
537 1656 612 1682 ἐστιν
626 1657 715 1692 εὑρεῖν
727 1657 790 1689 τοὺς
803 1658 898 1693 εὐφρο-

109 1703 220 1734 νοῦντας
235 1703 285 1738 τὴν
303 1703 353 1738 τῆς
374 1703 502 1733 ἀσεῦείας
524 1703 694 1737 συγγένειαν.
712 1704 821 1739 ’Ἄρειος
842 1705 897 1740 γὰρ

110 1750 156 1776 nt
172 1749 314 1784 Εὐνόμιος,
335 1749 437 1783 κτίσμα
453 1749 500 1775 καὶ
513 1748 543 1781 ἐξ
558 1748 607 1775 οὐκ
624 1749 719 1782 ὄντων,
738 1750 785 1776 καὶ
805 1749 896 1777 δοῦλον

108 1795 154 1822 τὸν
171 1795 305 1830 μονογενῆ
323 1794 383 1821 Υίὺν
399 1794 447 1821 τοῦ
461 1794 528 1821 Θεοῦ
540 1793 609 1821 εἶναι
624 1795 783 1828 φάσκοντες,
798 1795 831 1821 τὰ
848 1804 897 1822 τα-

109 1841 208 1873 πεινῶς
233 1841 286 1867 ὑπὸ
302 1840 348 1867 τοῦ
365 1841 501 1867 Δεσπότου
516 1839 635 1875 Χριστοῦ
658 1840 705 1865 καὶ
719 1840 896 1874 ἀνθρωπίνως

109 1887 240 1922 εἰρημένα
253 1888 286 1921 τῇ
298 1886 405 1920 θεότητι
418 1885 499 1912 αὑτοῦ
513 1885 650 1920 προσάψαι
661 1886 853 1921 τετολμήκασι·
866 1887 896 1913 τὸ

109 1931 275 1967 ὲτεροούσιον
288 1931 413 1957 ἐντεῦθεν
431 1930 478 1957 καὶ
491 1931 520 1956 τὸ
532 1931 659 1965 ἀνόμοιον
675 1931 895 1963 κατασκευάζον-

109 1985 161 2008 τες.
180 1976 251 2011 Πρὸς
277 1975 390 2007 τούτοις,
408 1976 451 2002 ἵνα
477 1975 594 2002 συνελὼν
623 1976 701 2008 εἴπω,
730 1975 816 2011 αὐτὴν
846 1978 895 2012 τὴν

109 2021 199 2056 ἀπαθῆ
219 2022 265 2048 καὶ
282 2021 415 2057 ἄτρεπτον
437 2021 484 2047 τοῦ
507 2021 626 2055 Χριστοῦ
650 2021 764 2056 θεότητα
784 2023 831 2049 καὶ
844 2031 896 2048 πα-

109 2067 173 2100 θεῖν,
186 2067 232 2093 καὶ
246 2066 435 2102 σταυρωθῆναι
448 2067 494 2093 καὶ
506 2067 653 2094 ἀποθανεῖν
666 2067 713 2094 καὶ
726 2068 845 2102 ταφῆναι
858 2068 896 2094 δι-

109 2111 242 2147 αγορεύει.
260 2111 345 2138 Τοῦτο
374 2111 401 2137 δὲ
432 2112 479 2137 καὶ
501 2111 550 2146 τῆς
571 2112 677 2146 Ἀρείου
700 2113 746 2138 καὶ
763 2113 896 2148 Εὑνομίου

111 2157 205 2192 μανίας
220 2156 358 2183 ἑπέκεινα’
372 2156 433 2182 οὐδὲ
445 2156 499 2191 γὰρ
511 2157 534 2182 οἱ
546 2156 648 2191 κτίσμα
662 2156 815 2191 τολμῶντες
829 2158 895 2183 διπο-

953 930 1042 956 rentia
1058 934 1175 963 tantum,
1197 931 1311 960 minime
1329 936 1394 960 vet-0
1415 941 1511 968 reapse
1534 935 1635 962 factam
1658 936 1742 963 fuisse

952 973 1103 1001 Salvatoris
1120 975 1206 1002 nostri
1223 976 1452 1010 incarnationem;
1470 987 1530 1013 qua:
1544 980 1656 1014 quidem
1671 980 1742 1008 Mar—

952 1017 1050 1049 cionis,
1065 1018 1200 1046 Manentis
1210 1025 1238 1047 et
1251 1020 1390 1048 Valentini
1409 1022 1559 1057 impietatis
1576 1028 1642 1051 sunt
1659 1025 1742 1052 fetus.
1757 1045 1759 1048 .

952 1063 981 1089 ln
994 1064 1116 1091 secundo
1136 1073 1205 1092 vero
1223 1070 1251 1092 et
1272 1067 1354 1093 tertio
1367 1068 1467 1102 capite,
1483 1069 1587 1097 oblitus
1599 1071 1679 1105 quasi
1693 1078 1743 1098 eo-

952 1117 1025 1142 rum,
1055 1118 1116 1145 quae
1141 1111 1169 1138 in
1195 1112 1330 1146 protentio
1345 1119 1521 1148 exposuerat,
1542 1116 1742 1151 hypostaticam

952 1156 1082 1183 unionem
1103 1158 1220 1190 inducit,
1243 1162 1271 1185 et
1297 1167 1465 1187 concursum
1483 1163 1636 1190 secundum
1648 1163 1741 1199 physi-

951 1210 1010 1229 cam
1021 1203 1162 1235 unionem,
1173 1204 1268 1230 ettieri
1278 1212 1327 1238 per
1341 1205 1399 1232 hac
1413 1207 1533 1240 nomina,
1545 1208 1625 1235 docet
1637 1209 1742 1236 mistio-

951 1255 1013 1275 nem
1020 1248 1166 1282 quamdam
1178 1254 1206 1276 et
1218 1250 1408 1278 confusionem
1417 1251 1491 1279 inter
1504 1254 1611 1289 1293
1619 1255 1739 1282 divinam

950 1299 1079 1322 naturam
1104 1299 1133 1322 et
1155 1295 1355 1323 humanitatem
1374 1307 1381 1323 :
1400 1301 1428 1324 et
1452 1298 1505 1325 hoc
1524 1299 1558 1326 ab
1579 1300 1741 1334 Apollinarii

951 1341 1080 1368 haaretica
1103 1341 1282 1370 innovatione
1304 1342 1442 1378 originem
1461 1344 1555 1371 trahit.
1588 1345 1616 1372 ln
1641 1351 1741 1380 quarto

950 1386 1062 1413 demum
1090 1389 1196 1422 capite,
1225 1388 1445 1423 evangelicarum
1468 1394 1495 1417 et
1525 1391 1740 1425 apostolicarum

949 1439 1047 1459 vocum
1074 1433 1191 1468 denegat
1211 1433 1431 1468 distinctionem;
1454 1443 1544 1470 neque
1560 1437 1636 1470 sinit,
1654 1444 1684 1465 ut
1697 1428 1742 1465 se;

951 1478 1074 1505 cundum
1097 1478 1317 1506 orthodoxorum
1344 1480 1456 1508 Patrum
1481 1480 1636 1509 doctrinam
1659 1491 1741 1511 voces

950 1530 1011 1557 quae
1026 1524 1083 1550 Deo
1098 1524 1278 1557 conveniunt,
1298 1525 1332 1553 de
1352 1526 1399 1553 Dei
1416 1531 1516 1554 natura
1534 1527 1739 1564 intelligantur;

951 1576 1012 1603 qua:
1024 1577 1091 1597 vero
1107 1570 1226 1597 humiles
1239 1575 1267 1598 et
1282 1579 1360 1598 more
1374 1572 1516 1600 hominum
1531 1574 1620 1605 dieue.
1635 1579 1665 1602 ut
1679 1583 1739 1603 sus-

951 1620 1036 1649 cepta:
1059 1616 1232 1650 applicentur
1259 1617 1440 1651 humanitati;
1461 1627 1492 1646 ac
1515 1620 1578 1647 inde
1602 1621 1648 1655 qui
1669 1629 1741 1648 same

951 1661 1053 1688 mentis
1067 1665 1142 1694 sunt,
1157 1662 1236 1689 facile
1252 1663 1381 1697 detegent
1398 1664 1548 1698 impietatis
1570 1665 1739 1694 aﬂinitatem.

950 1703 1033 1731 Arius
1047 1704 1122 1731 enim
1150 1709 1177 1732 et
1198 1705 1361 1738 Eunomius,
1384 1711 1540 1734 creaturam
1563 1713 1645 1743 atque
1658 1717 1740 1736 enon

950 1749 1148 1777 exsistentibus
1159 1750 1273 1781 factum.
1295 1754 1321 1777 et
1338 1759 1451 1780 servum
1468 1753 1657 1781 existimantes
1679 1761 1742 1781 esse

951 1793 1051 1820 Filium
1071 1793 1119 1820 Dei
1144 1793 1330 1828 unigenitum,
1349 1802 1410 1829 quae
1437 1795 1579 1822 humiliter
1601 1802 1684 1832 atque
1707 1799 1741 1825 de

950 1838 1122 1865 humanitate
1138 1838 1211 1865 dicta
1227 1844 1292 1865 sunt
1308 1846 1322 1865 a
1342 1839 1453 1866 Christo
1467 1840 1594 1872 Domino,
1617 1843 1739 1876 ejusdem

950 1883 1088 1910 divinitati
1108 1883 1167 1909 ausi
1186 1887 1251 1910 sunt
1267 1883 1421 1910 attribuere
1435 1892 1442 1916 ;
1464 1884 1582 1919 indeque
1595 1885 1737 1913 diversita-

949 1934 1004 1955 tem
1031 1928 1159 1955 essentia:
1180 1932 1263 1962 atque
1279 1928 1535 1956 dissimilitudinem
1549 1930 1737 1958 confecerunt.

949 1973 1096 2004 Praeterea,
1112 1976 1143 1998 ut
1158 1972 1280 1999 breviter
1301 1972 1400 2003 dicam,
1420 1972 1523 2000 Christi
1548 1974 1636 2008 ipsam
1667 1975 1739 2002 divi-

949 2018 1074 2050 nitatem,
1089 2017 1224 2052 passionis
1235 2021 1263 2044 et
1275 2018 1438 2045 mutationis
1454 2019 1615 2052 immunem,
1631 2024 1658 2047 et
1671 2022 1737 2055 pati,

948 2069 976 2091 et
992 2063 1125 2098 crucifigi,
1139 2067 1167 2090 et
1187 2064 1268 2095 mori,
1288 2068 1315 2090 et
1334 2064 1439 2091 tumulo
1450 2065 1556 2099 contegi
1571 2072 1652 2099 posse
1669 2073 1738 2100 prae—

948 2110 1036 2142 dicat;
1055 2109 1128 2144 quod
1139 2117 1206 2136 sane
1225 2109 1284 2136 Arii
1302 2115 1330 2136 et
1355 2109 1484 2137 Eunomii
1503 2110 1637 2138 insaniam
1657 2119 1738 2146 supe-

947 2160 998 2182 rat.
1017 2155 1077 2181 Non
1096 2155 1170 2182 enim
1180 2162 1213 2182 eo
1225 2155 1372 2189 impietatis
1380 2156 1627 2189 processeruntvel
1645 2156 1663 2183 ii
1689 2158 1735 2191 qui

109 2203 198 2229 καλεῖν
220 2202 266 2229 τδν
283 2202 402 2237 Ποιητὴν
418 2202 471 2228 τῶν
489 2203 556 2228 ὅλων
581 2203 628 2228 καὶ
649 2204 832 2237 Δημιουργὸν,
854 2204 894 2236 είς

949 2199 1068 2227 universi
1075 2199 1246 2227 conditorem
1253 2204 1436 2226 etcreatorem
1444 2199 1503 2226 ausi
1509 2204 1574 2226 sunt
1582 2205 1736 2228 creaturam

108 2249 207 2284 ταύτην
221 2248 367 2281 ἐξώκειλαν
375 2248 423 2283 τὴν
434 2248 570 2274 ἀσέϐειαν.
583 2248 744 2283 Βλασφημεῖ
753 2249 780 2274 δὲ
793 2249 838 2275 καὶ
854 2249 894 2280 είς

109 2294 137 2321 τδ
161 2294 237 2328 ἅγιον
260 2293 382 2329 Πνεῦμα·
402 2294 451 2320 οὐκ
468 2294 499 2320 ὲκ
520 2294 568 2319 τοῦ
596 2294 702 2329 Πατρδς
722 2294 787 2320 αὐτὸ
807 2293 893 2327 λέγων

110 2339 314 2373 ἐκπορεύεσθαι,
330 2339 400 2365 κατὰ
418 2338 467 2374 τὴν
482 2338 529 2365 τοῦ
551 2339 653 2374 Κυρίου
670 2339 772 2374 φωνὴν,
788 2339 845 2365 ἀλλ’
864 2339 894 2371 ἐξ

109 2384 170 2410 Υίοῦ
186 2384 235 2418 τὴν
250 2384 367 2420 ὕπαρξιν
384 2383 465 2419 ἔχειν.
485 2385 540 2410 Καὶ
554 2380 632 2415 οὗτος
644 2384 672 2410 δὲ
685 2384 739 2410 τῶν
751 2383 893 2410 Ἀπολινα-

111 2431 164 2467 ρίου
177 2431 341 2466 σπερμάτων
353 2431 368 2456 ὁ
384 2429 498 2465 καρπός·
515 2429 663 2463 γειτνιάζει
679 2429 707 2455 δὲ
724 2429 771 2455 καὶ
785 2431 817 2465 τῇ
832 2430 892 2456 Μα-

111 2477 223 2504 κεδονίου
236 2477 343 2512 πονηρᾷ
356 2476 487 2511 γεωργίᾳ.
502 2475 619 2501 Τοιαῦτα
632 2474 679 2500 τοῦ
697 2475 843 2508 Αἰγυπτίου
859 2475 892 2502 τὰ

110 2523 156 2559 χυή
161 2531 242 2558 ματα.
259 2522 379 2558 πονηροῦ
396 2520 501 2556 πατρὸς
516 2520 625 2555 ἀληθῶς
637 2520 736 2554 ἔγγονα
747 2521 892 2556 πονηρότε-

111 2577 150 2603 ρα.
178 2567 271 2595 Ταῦτα
289 2567 317 2594 δὲ
336 2567 395 2594 δέον
413 2566 430 2601 ἢ
451 2565 638 2601 ὰμὸλωθρίδια
662 2565 773 2600 ποιῆσαι
793 2574 892 2600 κυοφο-

111 2615 233 2650 ρούμενα,
247 2615 263 2649 ἢ
280 2614 361 2644 εὐθὺς
375 2612 506 2648 τεχθέντα
519 2611 673 2647 διαφθεῖραι
688 2612 752 2643 τοὺς
768 2612 821 2638 τῶν
838 2613 889 2646 ψυ-

110 2658 159 2692 χῶν
173 2657 222 2692 τὴν
238 2657 358 2692 ἰατρείαν
374 2657 640 2692 ἐγκεχειρισμένους,
656 2656 693 2687 ὡς
717 2656 827 2692 ὀλέθρια
841 2658 888 2683 καὶ

110 2703 153 2737 τῆς
163 2703 298 2738 ἡμετέρας
308 2702 415 2736 φύσεως
430 2702 593 2737 δηλητήρια,
605 2702 650 2727 ἐκτ
656 2701 780 2736 ρέφουσιν
792 2702 816 2727 οί
829 2710 889 2734 γενι

110 2747 189 2778 νὰδαι,
203 2748 249 2774 καὶ
265 2747 364 2781 πολλῆς
380 2747 485 2778 ἀξιοῦσι
504 2741 621 2781 σπουδῆς
638 2747 681 2771 ἐπ’
699 2746 801 2781 ὀλέθρῳ
817 2748 891 2781 σφῶν

111 2792 190 2819 αὐτῶν
205 2793 250 2818 καὶ
264 2792 317 2818 τῶν
329 2793 377 2823 τὰς
389 2793 472 2823 ἀκοὰς
486 2792 575 2823 αὐτοῖς
590 2792 699 2825 ὑπέχειν
713 2791 890 2828 ἀνεχομένων.

143 2854 193 2890 (53)
208 2854 252 2881 Sic
263 2854 347 2880 Mans.
368 2853 446 2880 Vind.
461 2852 498 2878 δέ.

244 2902 379 2931 ΡΑΤιιυι.
406 2900 462 2928 (in.
491 2898 648 2928 LXXXI”.

945 2246 1077 2273 vocitare.
1088 2245 1275 2280 Blasphemias
1285 2244 1369 2271 etiam
1379 2245 1483 2279 profert
1492 2245 1519 2272 in
1529 2245 1661 2280 Spiritum
1671 2255 1734 2274 san-

945 2295 1030 2323 ctum,
1045 2298 1172 2318 asserens
1188 2298 1243 2318 non
1259 2298 1293 2318 ex
1311 2290 1391 2317 Patre
1408 2290 1570 2325 procedere,
1583 2291 1734 2318 secundum

945 2336 1054 2363 Domini
1067 2335 1161 2368 verba,
1177 2336 1224 2362 sed
1240 2344 1273 2363 ex
1288 2335 1358 2362 Filio
1372 2335 1476 2363 habere
1490 2335 1691 2370 substantiam;
1707 2343 1734 2364 et

945 2381 991 2408 hic
1002 2385 1044 2407 est
1056 2380 1218 2415 Apollinarii
1231 2380 1368 2407 seminum
1379 2380 1496 2411 fructus,
1517 2380 1564 2414 qui
1586 2385 1614 2407 et
1627 2381 1660 2408 ad
1673 2389 1735 2415 per-

944 2433 1032 2453 versa:
1059 2426 1210 2453 Macedonii
1242 2426 1417 2462 agriculturze
1454 2425 1583 2452 viciniam
1616 2426 1732 2453 accedit.

944 2473 1023 2500 Tales
1042 2476 1107 2500 sunt
1130 2473 1248 2508 IEgyptii
1279 2473 1361 2503 fetus,
1393 2471 1511 2506 improbi
1530 2472 1617 2506 patris
1639 2480 1733 2500 revera

944 2519 1030 2553 magis
1054 2519 1178 2553 improba
1199 2518 1302 2553 proles.
1324 2519 1387 2545 Haec
1408 2517 1531 2552 quidem,
1549 2526 1667 2552 quorum
1690 2520 1732 2545 vel

943 2564 1035 2591 adhuc
1058 2565 1086 2591 in
1109 2569 1188 2591 utero
1215 2564 1406 2591 exsistentium
1427 2563 1533 2591 abortio
1558 2563 1733 2591 sollicitanda

943 2608 1050 2641 fuisset,
1071 2611 1113 2636 vel
1139 2614 1266 2636 recenter
1290 2614 1364 2641 nata,
1391 2613 1519 2643 tanquam
1533 2609 1687 2643 perniciosa
1705 2614 1733 2636 et

942 2654 1022 2682 noxia
1045 2659 1147 2682 nostra:
1171 2654 1278 2690 1294
1298 2658 1411 2686 naturze,
1433 2654 1632 2686 labefactanda,
1656 2655 1731 2682 alunt

943 2701 1069 2736 generosi
1097 2701 1138 2728 illi
1156 2701 1217 2733 viri,
1238 2705 1266 2727 et
1282 2701 1368 2728 multo
1382 2700 1474 2727 studio
1490 2708 1520 2727 ca
1533 2700 1684 2728 defendunt
1697 2701 1732 2728 ad

946 2748 1082 2782 propriam
1111 2747 1278 2782 perniciem,
1302 2755 1452 2782 eorumque
1478 2748 1524 2782 qui
1558 2747 1624 2782 ipsis
1652 2755 1723 2775 aure'

948 2793 1080 2828 prmbent.
