1945 3058
222 123 292 156 1419

255 184 312 211 Nos
341 187 432 209 autem
463 185 605 216 paternam
637 181 827 208 lia‘reditatem
863 181 1051 209 immunemA

224 229 295 258 tueri
317 229 471 261 studemus,
493 231 521 255 et
546 227 627 254 (idem
645 234 727 261 quam
750 227 917 261 accepimus,
943 231 970 253 et
987 226 1014 252 in

222 284 277 311 qua
299 273 431 309 baptizati
451 281 547 300 sumus
567 277 594 300 et
618 273 798 307 baptizamus,
814 272 1014 307 irrcprehensi-

222 320 307 347 bilem
327 323 410 354 atque
432 318 567 353 integram
583 325 741 351 servamus;
762 323 790 345 et
805 318 950 345 Dominum
967 325 1016 345 no-

223 369 309 393 strum
329 364 423 392 Jesum
441 364 582 391 Christum
601 371 699 390 verum
733 371 793 391 esse
811 364 898 391 Deum
930 363 1014 398 proﬁ-

219 415 323 444 temur,
341 414 370 438 et
388 418 485 438 verum
512 410 652 437 hominem
677 418 712 437 ex
734 417 850 444 corpore
872 415 900 436 et
924 410 1015 436 anima

222 456 362 489 rationali,
377 460 440 483 ante
458 455 557 483 saecula
574 463 607 482 ex
625 455 705 482 Patre
722 455 846 489 genitum
863 455 1013 482 secundum

222 501 413 534 divinitatem;
431 500 579 535 postremis
601 508 667 527 vero
691 500 803 532 diebus,
828 504 941 534 propter
965 508 1015 527 nos

221 551 251 575 et
264 552 378 582 propter
395 551 517 574 nostram
538 547 666 578 salutem,
684 554 718 573 ex
733 546 818 573 Maria
836 546 947 581 Virgine
965 554 1014 573 na-

222 597 280 620 tum
302 592 467 624 asserimus;
489 597 516 619 et
534 591 796 619 consubstantialem
816 591 898 618 nobis
917 599 1016 618 secun—

222 638 287 665 dum
306 638 504 664 humanitatem
517 645 580 664 eum
596 637 753 665 credimus:
769 644 804 664 ex
820 637 927 663 duabus
940 637 1014 663 enim

222 683 331 710 naturis
345 683 409 710 unio
424 683 494 710 facta
508 687 560 709 est.
579 682 753 716 Quapropter
764 690 849 709 unum
861 682 1013 714 Christum,

222 735 308 755 unum
327 728 437 758 Filium,
456 735 541 754 unum
560 727 708 754 Dominum
730 727 906 762 profitemur;
925 736 1015 762 neque

223 774 352 801 unionem
377 773 524 805 solvimus;
539 777 567 800 et
588 773 691 807 absque
713 773 874 801 confusione
895 782 956 801 eam
977 775 1016 802 fa-

222 824 293 846 ctam
316 827 376 846 essc
400 819 548 850 credimus,
571 824 599 846 et
621 819 737 846 Domino
754 819 782 846 in
804 820 858 847 hoc
875 828 1013 855 paremus,

222 866 270 901 qui
281 865 382 893 Iudaeis
398 865 436 891 ait
450 874 456 891 :
477 875 485 890 ι
502 864 605 892 Solvite
621 865 749 899 templum
765 866 826 898 hoc,
840 870 868 893 et
884 867 911 893 in
925 867 1015 894 tribus

222 911 320 938 diebus
341 911 467 938 excitabo
489 910 556 937 illud
573 910 604 937 “.
623 920 632 935 ι
653 910 731 943 Quod
752 911 775 937 si
793 911 885 938 mistio
900 919 933 938 ac
950 919 1016 938 con-

222 957 293 984 l‘usio
311 957 381 983 facta
401 960 483 989 esset,
502 956 595 983 dicere
613 956 757 990 oportebat
774 957 897 984 :Solvite
916 965 969 989 me,
987 961 1015 984 et

222 1003 249 1029 in
264 1002 353 1029 tribus
366 1002 464 1029 diebus
482 1009 632 1036 resurgam.
647 1001 681 1028 At
692 1009 757 1028 sane
770 1002 927 1034 ostendens,
940 1003 1014 1029 aliud

161 1075 168 1081 ,
221 1056 282 1075 esse
304 1048 388 1074 Deum
412 1048 563 1075 secundum
588 1051 714 1074 naturam
738 1055 828 1080 suam,
851 1048 925 1075 aliud
949 1056 1015 1076 vero

176 1089 181 1095 '
222 1092 365 1126 templum,
379 1096 526 1126 utrumque
542 1100 608 1119 vero
623 1099 684 1120 esse
701 1092 853 1125 Christum,
875 1103 884 1119 ι
900 1093 1013 1126 Solvite,

223 1132 322 1172 inquit,
340 1139 471 1172 templum
490 1138 551 1170 hoc,
569 1142 597 1165 et
621 1139 649 1165 in
670 1138 759 1165 tribus
775 1138 873 1166 diebus
888 1140 1014 1167 excitabo

223 1183 311 1215 illud;
336 1193 345 1208 ›
372 1183 517 1218 perspicue
547 1180 652 1210 docens
669 1183 743 1218 quod
765 1191 821 1210 non
837 1184 915 1212 'Deus
938 1185 1014 1212 solu-

223 1229 291 1255 tioni
309 1228 520 1263 subjiciebatur,
538 1228 586 1255 sed
608 1228 751 1262 templum.
766 1228 798 1255 Et
810 1228 893 1264 hujus
907 1233 1014 1256 tantum

221 1278 319 1300 natura
342 1274 470 1300 solutioni
491 1278 548 1300 erat
567 1273 700 1305 obndxia;
719 1273 794 1300 illius
811 1281 876 1301 vero
895 1277 1015 1308 potestas

221 1319 343 1345 solutum
367 1318 518 1345 suscitavit.
539 1319 627 1352 Atque
642 1318 710 1344 adeo
725 1318 811 1345 Deum
828 1319 910 1345 simul
926 1323 954 1345 et
966 1319 1016 1345 ho-

222 1365 324 1392 minem
344 1365 437 1392 Jesum
456 1363 598 1391 Christum
615 1361 787 1398 proﬁtemur,
803 1364 912 1392 divinas
927 1366 1014 1392 secuti

222 1410 388 1445 Scripturas.
402 1410 469 1437 Nam
482 1410 554 1444 quod
567 1409 700 1436 Dominus
711 1414 805 1437 noster
816 1410 896 1438 Jesus
909 1411 1014 1445 1295

220 1456 348 1484 Christus
363 1456 398 1483 sit
418 1456 500 1487 Deus,
518 1455 615 1482 beatus
633 1455 752 1482 Joannes
774 1456 940 1490 evangelista
959 1456 1015 1483 cla-

222 1505 280 1528 mat
296 1511 302 1528 :
326 1511 334 1527 ι
349 1502 379 1529 In
400 1500 536 1536 principio
556 1505 616 1527 erat
628 1500 760 1532 Verbum,
773 1505 800 1527 et
814 1501 934 1528 Verbum
954 1505 1013 1528 erat

222 1547 294 1582 apud
306 1547 403 1579 Deum,
418 1552 445 1574 et
457 1547 529 1574 Deus
540 1551 600 1573 erat
612 1546 743 1574 Verbum.
758 1546 815 1574 lloc
824 1552 885 1574 erat
898 1547 925 1574 in
939 1547 1014 1582 prin-

221 1593 295 1628 cipio
310 1594 382 1628 apud
397 1594 493 1620 Deum.
518 1592 616 1620 Omnia
628 1600 677 1627 per
693 1593 781 1626 ipsum
799 1592 870 1620 facta
890 1597 955 1620 sunt
967 1602 974 1620 :
987 1598 1015 1620 et

222 1639 282 1666 sine
300 1639 358 1673 ipso
374 1639 475 1665 factum
492 1642 535 1664 est
550 1637 630 1669 nihil,
643 1637 716 1671 quod
736 1637 838 1665 factum
851 1642 894 1665 est
905 1639 935 1664 ‘5.
955 1648 963 1664 ι
981 1639 1015 1666 Et

224 1684 324 1711 iterum
342 1692 349 1709 ι
369 1693 377 1708 ε
395 1683 461 1710 Erat
490 1683 536 1709 lux
559 1690 635 1715 vera,
654 1689 714 1717 quae
740 1682 876 1709 illuminat
904 1691 1014 1710 omnem

224 1729 362 1756 hominem
378 1729 534 1755 venientem
551 1729 579 1755 in
596 1729 670 1755 hunc
687 1728 819 1755 mundum
831 1728 862 1755 ¹⁶.
879 1738 888 1753 ι
905 1729 939 1755 Et
956 1729 1014 1763 ipse

220 1774 356 1801 Dominus
371 1774 523 1801 luculenter
538 1774 627 1805 docet,
639 1774 734 1801 dicens
752 1783 758 1800 :
776 1784 785 1799 ε
803 1773 855 1807 Qui
870 1774 946 1802 videt
959 1783 1012 1807 me,

223 1820 297 1847 videt
317 1824 345 1847 et
367 1820 475 1846 Patrem
489 1819 520 1845 ¹⁷.
537 1829 545 1844 ι
565 1819 598 1846 Et
617 1828 623 1846 :
639 1829 648 1844 ‹
664 1819 720 1854 Ego
731 1823 758 1846 et
769 1819 849 1846 Pater
865 1828 948 1847 unum
967 1828 1014 1847 su-

223 1873 285 1893 mus
300 1866 331 1891 ¹⁸.
348 1875 356 1891 ι
373 1865 406 1892 Et
422 1875 428 1892 ;
444 1865 518 1899 (Ego
530 1865 557 1891 in
570 1865 659 1897 Patre,
672 1869 700 1892 et
711 1866 792 1892 Pater
807 1865 834 1892 in
847 1873 890 1893 me
905 1870 946 1893 est
959 1867 990 1893 ‘9.
1002 1876 1011 1893 ι

220 1912 257 1939 -Ει
273 1912 369 1938 beatus
381 1911 484 1938 Paulus
497 1910 524 1937 in
535 1911 657 1945 Epistola
670 1910 704 1937 ad
721 1911 850 1938 Hebrmos
864 1912 902 1939 ait
914 1921 920 1938 :
938 1921 948 1937 ι
962 1911 1014 1945 Qui

223 1965 286 1984 cum
302 1957 338 1984 sit
352 1956 482 1991 splendor
499 1956 602 1992 gloriae,
622 1960 651 1983 et
669 1956 752 1991 ﬁgura
771 1957 931 1984 substantia:
943 1957 1012 1992 ejus,

223 2007 390 2037 portansque
403 2002 494 2028 omnia
506 2002 591 2029 verbo
606 2002 716 2029 virtutis
732 2010 787 2029 sum
800 2003 833 2029 ὀ.
850 2012 858 2028 ι
877 2003 911 2029 Ει
927 2002 953 2030 in
968 2003 1014 2030 illa

222 2049 257 2076 ad
277 2049 468 2083 Philippenses
483 2057 489 2074 :
507 2057 515 2073 ‹
531 2048 580 2075 llic
595 2056 693 2075 sensus
705 2048 741 2075 sit
755 2048 782 2075 in
797 2048 886 2080 vobis,
900 2049 949 2080 ait,
967 2049 1013 2083 qui

222 2095 289 2122 etin
301 2094 411 2121 Christo
421 2094 503 2126 Jesu;
522 2094 568 2128 qui
585 2101 648 2120 cum
661 2094 688 2120 in
703 2093 789 2120 forma
801 2094 849 2121 Dei
860 2099 943 2126 esset,
959 2102 1013 2121 non

222 2140 344 2174 rapinam
362 2139 512 2166 arbitratus
529 2144 571 2166 est
592 2147 651 2167 esse
674 2147 702 2166 se
723 2140 855 2174 aqualem
875 2139 947 2171 Deo,
966 2140 1014 2167 sed

222 2185 400 2220 semetipsum
418 2185 569 2211 exinanivit
585 2184 698 2211 formam
713 2185 783 2211 servi
798 2185 935 2219 accipiens
947 2186 979 2211 “.
1000 2196 1008 2212 ι

222 2230 253 2257 ln
270 2230 316 2256 illa
331 2237 396 2256 vero
415 2229 449 2256 ad
470 2229 608 2255 Romanos
628 2238 633 2254 :
656 2238 664 2252 ι
682 2228 803 2261 Quorum
821 2233 923 2263 patres,
939 2234 966 2255 et
979 2238 1013 2256 ex

222 2274 326 2310 quibus
338 2278 378 2300 est
395 2274 522 2300 Christus
540 2273 691 2300 secundum
708 2281 830 2304 carnem,
848 2273 895 2307 qui
911 2279 953 2300 cst
969 2282 1014 2301 su-

223 2328 272 2354 per
289 2319 380 2346 omnia
395 2319 468 2346 Deus
488 2318 650 2346 benedictus
670 2319 696 2344 in
718 2319 826 2345 saecula.
848 2320 934 2346 Amen
948 2320 980 2346 ".
1001 2330 1009 2345 ι

220 2366 254 2392 .ln
280 2366 324 2392 illa
347 2365 450 2399 pariter
469 2364 503 2391 ad
524 2363 615 2391 Titum
636 2373 642 2390 :
663 2375 671 2389 ι
692 2365 886 2399 Exspectantes
906 2365 1012 2393 beatam

223 2418 311 2446 spem,
326 2415 354 2437 et
370 2410 517 2437 adventum
532 2410 624 2445 gloria:
641 2411 731 2445 magni
748 2411 806 2443 Dei,
823 2416 850 2438 et
864 2411 1013 2439 Salvatoris

224 2456 311 2484 nostri
319 2456 382 2483 Jesu
393 2456 496 2482 Christi
508 2456 541 2482 ".
557 2465 565 2481 ι
586 2456 620 2482 Ει
630 2456 713 2483 Isaias
724 2457 822 2483 clamat
834 2465 840 2482 :
856 2467 865 2481 ι
878 2457 1011 2484 Parvulus

224 2504 297 2529 enim
315 2507 397 2529 natus
417 2505 459 2529 est
479 2501 567 2533 nobis.
586 2507 614 2529 et
632 2502 705 2529 ﬁlius
727 2502 806 2529 datus
822 2506 864 2529 cst
883 2503 972 2534 nobis,
984 2507 1012 2529 et

224 2548 314 2576 factus
327 2553 369 2575 est
386 2548 556 2583 principatus
572 2556 654 2583 super
673 2549 817 2575 humerum
837 2549 905 2583 ejus,
919 2553 948 2576 et
963 2557 1010 2576 vo-

254 2623 275 2639 “
287 2622 354 2650 Joan
380 2624 466 2651 ".19.

218 2657 251 2672 ⁸⁵·
271 2659 385 2692 ιῚιΗίρμ
405 2668 431 2687 ιι.
452 2661 476 2686 Γὶ.

508 2624 528 2639 ¹⁸
544 2623 622 2650 .lnan.
637 2631 654 2653 ι,
674 2625 696 2656 Ι,

515 2660 536 2675 ¹¹
556 2659 632 2686 llom.
653 2667 691 2690 Ix,
711 2660 737 2686 5i.
774 2661 796 2675 "

256 2726 314 2760 (ιθ)
334 2726 365 2751 δι¹
378 2726 392 2751 ὃ
406 2725 490 2752 Mans.
505 2725 575 2751 liber
590 2723 687 2750 vitiose

258 2758 314 2797 (50)
327 2762 339 2786 ό
352 2761 416 2797 ῷεδς
433 2760 511 2797 Vind.
537 2759 618 2797 Abest
631 2759 743 2785 omnino
761 2766 775 2784 a
796 2758 892 2788 Mans.
911 2758 958 2785 sed
976 2759 1003 2785 in

223 2793 345 2829 margine
360 2795 424 2826 Θεὸς
443 2793 576 2827 ἀληθινός.

259 2825 315 2866 (5Ἰ)
330 2831 375 2855 xal.
393 2825 454 2864 (tu)
471 2825 493 2856 δ’
505 2829 590 2862 Λόγος
603 2825 636 2863 ἦν
650 2829 750 2865 Κύριος
766 2827 849 2854 Mans.

720 122 961 152 TllEOl)ORETl
981 121 1150 151 EPISCOI’I
1170 119 1350 151 CYRENSIS

1788 123 1862 156 “'20

1105 179 1201 214 Ἡμεῖς
1220 179 1249 205 δὲ
1273 178 1460 213 τδνπατρῴον
1476 178 1575 214 κλῆρον
1588 178 1687 206 ἄσυλον
1706 179 1861 214 φυλάττειν

1068 224 1266 259 σπουδάζομεν,
1289 225 1336 251 καὶ
1365 225 1398 259 ἢν
1415 224 1606 259 παρελάϐομεν
1626 224 1718 251 πίστιν
1745 227 1807 261 μεθ’
1823 225 1861 262 ἧς

1067 270 1113 296 καὶ
1134 269 1338 304 ἐδαπτίσθημεν
1359 270 1406 295 καὶ
1433 268 1616 304 βαπτίζομεν,
1639 270 1780 304 ἀνέπαφον
1808 273 1861 298 καὶ

1065 316 1203 350 ἀκήρατον
1217 314 1398 349 διατηροῦμεν
1410 321 1417 328 ⁸
1434 314 1482 340 καὶ
1492 314 1675 349 ὁμολογοῦμεν
1695 315 1742 341 τὸν
1752 315 1861 350 Κύριον

1065 360 1143 396 ήμῶν
1165 359 1268 394 Ἰησοῦν
1291 360 1419 396 Χριστὸν,
1436 359 1503 386 Θεὺν
1525 360 1628 387 τέλειον
1650 361 1697 387 καὶ
1710 361 1861 397 ἄνθρωπον

1065 407 1177 438 τέλειον,
1194 407 1224 432 ἐκ
1242 405 1330 440 ψυχῆς
1345 405 1457 440 λογικῆς
1475 406 1522 433 καὶ
1536 406 1664 441 σώματος
1679 406 1733 442 πρὸ
1748 406 1862 434 αἰώνων

1067 453 1117 488 μὲν
1145 454 1176 478 ὲκ
1191 451 1239 478 τοῦ
1258 451 1364 487 Harpe;
1377 451 1541 486 γεννηθέντα
1567 452 1637 478 κατὰ
1652 452 1702 487 τὴν
1728 452 1860 488 θεότητα·

1066 498 1109 524 ἐπ’
1125 498 1245 533 ἐσχάτων
1263 497 1292 524 δὲ
1314 498 1368 524 τῶν
1394 497 1505 533 ἡμερῶν
1527 498 1561 524 δι’
1573 499 1647 534 ἡμᾶς
1670 498 1717 524 καὶ
1738 498 1782 525 διὰ
1807 499 1862 533 τὴν

1066 544 1204 579 ἡμετέραν
1222 544 1359 579 σωτηρίαν
1376 544 1408 570 ὲκ
1430 544 1538 578 Μαρίας
1558 545 1608 579 τῆς
1634 543 1785 579 Παρθένου·
1809 545 1861 571 τὸν

1067 593 1148 619 αὑτὸν
1169 592 1312 627 όμοούσιον
1334 591 1373 626 τῷ
1396 591 1484 627 Πατρὶ
1505 591 1575 618 κατὰ
1589 591 1638 627 τὴν
1663 591 1790 625 θεότητα,
1808 592 1861 618 καὶ

1066 637 1209 672 όμοούσιον
1234 638 1301 672 ἡμῖν
1324 638 1395 664 κατά
1410 637 1461 671 τὴν
1483 637 1690 673 ἀνθρωπότητα.
1716 638 1768 664 Δύο
1797 637 1858 673 (49)

1066 683 1120 718 γὰρ
1143 683 1251 717 φύσεων
1275 682 1371 714 ἕνωσις
1395 683 1502 716 γέγονε.
1523 683 1568 709 Διὸ
1589 684 1637 710 ἕνα
1661 684 1792 719 Χριστὸν,
1807 683 1860 710 ἕνα

1066 729 1141 760 Υἱὸν,
1158 728 1206 755 ἕνα
1220 728 1322 763 Κύριον
1333 728 1529 763 ὁμολογοῦμεν·
1545 728 1608 755 οὔτε
1621 729 1676 764 γὰρ
1690 728 1739 765 τὴν
1755 729 1858 755 ἱνωσιν

1067 773 1175 808 λύομεν,
1203 773 1249 799 καὶ
1264 772 1416 808 ἀσύγχυτον
1441 773 1526 808 αὐτὴν
1545 774 1709 809 γεγενῆσθαι
1728 774 1860 801 πιστεύο-

1069 827 1130 853 μεν,
1154 818 1192 853 τῷ
1212 818 1306 854 Κυρίῳ
1327 819 1482 854 πειθόμενοι
1503 819 1609 853 λέγοντι
1628 821 1685 851 τοῖς
1704 819 1859 852 Ἰουδαίοις·

1030 856 1051 883 Β
1069 873 1079 890 ι
1105 863 1213 890 Λύσατε
1235 864 1280 890 τὸν
1299 863 1362 890 ναὸν
1386 864 1491 896 τοῦτον,
1510 865 1557 891 καὶ
1583 865 1613 891 ὲν
1631 865 1720 899 τρισὶν
1736 865 1861 900 ἡμέραις

1066 909 1155 945 ιγερῶ
1170 909 1262 935 αὐτόν.
1281 918 1290 935 ι
1313 910 1345 936 Εί
1360 909 1388 935 δὲ
1403 910 1501 944 κρᾶσις
1516 910 1638 944 ἐγεγόνει
1651 911 1699 937 καὶ
1711 911 1858 946 σύγχυσις,

1066 954 1113 981 καὶ
1124 954 1174 989 μία
1189 953 1269 987 φύσις
1285 954 1314 986 ἐξ
1336 954 1437 988 ἀμφοῖν
1455 954 1634 990 ἀπετελέσθη,
1652 955 1737 990 ἐχρῆν
1756 957 1858 982 εἰπεῖν’

1065 999 1173 1026 Λύσατέ
1200 1008 1245 1034 με,
1272 999 1319 1025 καὶ
1347 1000 1375 1026 ὲν
1398 999 1487 1034 τρισὶν
1512 1000 1631 1035 ἡμέραις
1656 1000 1858 1036 ἐγερθήσομαι.

1065 1045 1123 1072 Νῦν
1137 1045 1165 1071 δὲ
1181 1045 1290 1076 δεικνὺς
1301 1045 1339 1077 ὡς
1355 1045 1418 1072 ἄλλο
1435 1045 1485 1080 μὲν
1503 1046 1517 1072 ό
1533 1045 1600 1077 Θεὸς
1614 1047 1684 1073 κατὰ
1698 1047 1748 1082 τὴν
1761 1047 1857 1081 φύσιν.

1066 1091 1129 1118 ἄλλο
1140 1091 1167 1117 δὲ
1177 1092 1191 1118 ὁ
1204 1091 1278 1124 ναὸς,
1290 1088 1330 1122 εἷς
1344 1090 1372 1117 δὲ
1392 1090 1509 1126 Χριστὸς
1531 1091 1685 1126 ἀμφότερα,
1704 1101 1715 1117 ι
1734 1092 1856 1123 Λύσατε,

1065 1137 1143 1172 φησι,
1159 1136 1204 1163 τὸν
1218 1137 1280 1163 ναὸν
1294 1136 1398 1168 τοῦτον,
1414 1137 1461 1164 καὶ
1477 1138 1506 1164 ὲν
1526 1138 1615 1173 τρισὶν
1629 1138 1749 1173 ἡμέραις
1763 1139 1856 1174 ἐγερῶ

1066 1182 1157 1213 αὑτὸν,
1175 1191 1185 1208 ι
1203 1181 1295 1216 σαφῶς
1313 1181 1456 1214 διδάσκων,
1482 1182 1519 1214 ὼς
1542 1183 1583 1210 ὅτι
1599 1183 1648 1218 οὺχ
1669 1184 1683 1210 ό
1701 1183 1768 1215 Θεὸς
1784 1181 1819 1218 ἦν
1841 1184 1856 1210 ὁ

1065 1227 1206 1262 λυόμενος,
1227 1227 1284 1254 ἀλλ’
1304 1228 1318 1254 ό
1343 1228 1416 1260 ναός.
1446 1229 1502 1254 Καὶ
1526 1228 1572 1255 τοῦ
1591 1229 1640 1263 μὲν
1664 1229 1682 1264 ὴ
1702 1229 1783 1263 φύσις
1805 1229 1859 1266 τὴν

1065 1274 1141 1300 λύσιν
1157 1274 1310 1309 ὑπεδέχετο,
1332 1274 1378 1300 τοῦ
1393 1274 1421 1300 δὲ
1437 1275 1453 1310 ἡ
1468 1274 1583 1310 δύναμις
1597 1275 1692 1310 ἠγειρε
1704 1275 1734 1302 τὸ
1748 1275 1855 1309 λυόμε-

1066 1328 1121 1347 νον.
1133 1319 1198 1346 Θεὸν
1212 1319 1241 1346 δὲ
1255 1320 1302 1346 καὶ
1313 1319 1455 1356 ἄνθρωπον
1475 1320 1521 1346 τὸν
1536 1320 1652 1355 Χριστὸν
1668 1320 1857 1356 ὁμολογοῦμεν

1065 1367 1126 1397 ταῖς
1143 1366 1229 1397 θείαις
1254 1365 1465 1397 ἀκολουθοῦντες
1486 1366 1617 1401 Γραφαῖς.
1633 1366 1694 1392 Ὅτι
1723 1367 1773 1401 μὶν
1799 1367 1857 1401 γὰρ

1065 1411 1131 1442 Θεὸς
1147 1411 1203 1446 (50)
1216 1411 1317 1447 Κύριος
1333 1411 1412 1446 ἡμῶν
1430 1411 1532 1446 Ἰησοῦς
1546 1411 1674 1447 Χριστὸς,
1688 1413 1702 1438 ὁ
1718 1412 1857 1447 μακάριος

1071 1456 1197 1491 Ἰωάννης
1217 1458 1230 1483 ό
1251 1456 1446 1492 εὐαγγελιστὴς
1471 1456 1529 1493 βοᾷ·
1550 1467 1558 1482 ι
1579 1457 1623 1484 Ἑν
1638 1458 1709 1493 ἀρχῇ
1721 1455 1754 1493 ἦν
1773 1458 1789 1484 ό
1801 1458 1857 1484 Λόο

1027 1519 1050 1548 C
1066 1511 1124 1536 γος,
1149 1502 1225 1548 καὶ-ὀ
1244 1502 1331 1548 Λόγος
1343 1500 1376 1538 ἧν
1392 1502 1460 1538 πρὸς
1477 1503 1523 1530 τὸν
1540 1503 1618 1535 Θεὸν,
1637 1503 1684 1530 καὶ
1704 1503 1771 1535 Θεὸς
1793 1501 1828 1538 ἦν
1842 1505 1856 1530 ό

1065 1548 1161 1581 Λόγος·
1183 1544 1259 1579 οὗτος
1273 1545 1307 1582 ἦν
1330 1549 1359 1574 ὲν
1379 1548 1449 1584 ἀρχῇ
1467 1549 1534 1584 πρὸς
1551 1549 1597 1575 τὸν
1614 1549 1692 1576 Θεόν·
1710 1549 1801 1576 πάντα
1821 1550 1857 1576 δι’

1065 1591 1147 1618 αὑτοῦ
1170 1592 1288 1625 ἐγένετο,
1309 1591 1356 1618 καὶ
1381 1593 1465 1627 χωρὶς
1492 1592 1575 1620 αὐτοῦ
1599 1592 1710 1626 ἐγένετο
1724 1593 1786 1620 οὐδὲ
1798 1593 1855 1620 ενδ

1065 1636 1187 1670 γέγονε.»
1206 1636 1260 1662 Καὶ
1269 1636 1363 1663 πάλιν·
1375 1635 1444 1663 (Ἦν
1457 1637 1488 1663 τὸ
1504 1636 1561 1672 φῶς
1576 1637 1606 1663 τὺ
1619 1637 1756 1672 ἀληθινὸν,
1770 1638 1784 1664 ὃ
1799 1646 1856 1672 φω-

1065 1681 1134 1712 τίζει
1155 1681 1243 1708 πάντα
1257 1681 1400 1716 ἄνθρωπον
1419 1682 1565 1717 ἐρχόμενον
1585 1683 1624 1713 εἰς
1644 1682 1690 1708 τὸν
1709 1682 1823 1717 κόσμον.
1843 1693 1852 1708 ι

1066 1727 1120 1753 Καὶ
1142 1727 1221 1759 αὐτὸς
1241 1727 1269 1753 δὲ
1284 1729 1298 1754 ὁ
1315 1727 1418 1762 Κύριος
1436 1728 1490 1763 (5i)
1507 1728 1658 1763 διαρρήδην
1672 1728 1794 1755 διδάσκει
1809 1729 1853 1755 λέτ

1065 1780 1130 1805 γων·
1152 1781 1161 1797 ‹
1185 1772 1213 1798 '0
1231 1772 1361 1807 ἑωρακὼς
1375 1773 1435 1808 ἐμὲ,
1451 1772 1558 1809 ἑώρακε
1574 1773 1619 1799 τὸν
1636 1774 1747 1809 Πατέρα
1761 1783 1822 1809 μου.
1841 1785 1851 1800 ι

1065 1817 1130 1844 Καί·
1147 1827 1156 1843 ε
1183 1818 1252 1852 Ἐγὼ
1272 1819 1319 1845 καὶ
1342 1820 1356 1845 ὀ
1385 1819 1480 1855 Πατὴρ
1495 1820 1524 1847 ἓν
1550 1821 1643 1855 ἐσμεν·
1671 1819 1748 1854 κάγὼ
1765 1821 1794 1846 ὲν
1815 1821 1856 1856 τῷ

1065 1863 1175 1898 lla-.91,
1203 1865 1250 1891 καὶ
1273 1866 1287 1891 ὁ
1318 1865 1413 1901 Πατὴρ
1435 1867 1464 1892 ὲν
1490 1867 1563 1902 ἐμοί.
1583 1875 1593 1892 ι
1613 1867 1667 1893 Kal.
1685 1868 1699 1893 ό
1718 1867 1854 1901 μακάριος

1066 1908 1172 1940 Παῦλος
1190 1910 1218 1935 ἐν
1234 1910 1283 1944 μὲν
1299 1912 1331 1945 τῇ
1359 1911 1426 1946 πρὸς
1445 1911 1587 1947 Ἐὁρσῖίους
1610 1912 1703 1947 φησίν
1722 1922 1730 1937 ι
1752 1913 1800 1942 ’¹ος
1816 1911 1854 1937 ὢν

1065 1954 1236 1989 ἀπαύγασμα
1247 1956 1295 1990 τῆς
1306 1956 1384 1990 δόξης
1398 1957 1444 1982 καὶ
1455 1957 1599 1992 χαρακτὴρ
1611 1957 1661 1991 τῆς
1677 1957 1854 1989 ὑποστάσεως

1065 2000 1157 2032 αὑτοῦ,
1177 2001 1268 2036 φέρων
1284 2010 1311 2028 τε
1329 2002 1386 2037 (52)
1408 2003 1442 2029 τὰ
1469 2003 1557 2029 πάντα
1572 2002 1611 2037 τῷ
1627 2003 1727 2038 ῥήματι
1743 2004 1792 2038 τῆς
1808 2003 1854 2029 δυ-

1064 2046 1174 2079 νάμεως
1200 2046 1292 2073 αὑτοῦ.
1324 2056 1333 2071 ι
1368 2048 1411 2074 Ἐν
1435 2047 1462 2074 δὲ
1486 2049 1519 2083 τῇ
1544 2049 1612 2084 πρὸς
1632 2049 1830 2083 Φιλιππησίυυς
1845 2059 1852 2065 ·

1067 2100 1076 2115 ι
1092 2090 1176 2116 Τοῦτο
1188 2091 1339 2126 φρονείοθω
1354 2092 1382 2118 ἐν
1401 2093 1475 2128 ὑμῖν,
1497 2094 1590 2128 φησιν,
1607 2093 1621 2120 ὃ
1639 2094 1684 2120 καὶ
1699 2095 1727 2120 ὲν
1742 2094 1854 2129 Χριστῷ

1070 2135 1168 2169 Ἰησοῦ,
1178 2136 1206 2167 ὃς
1219 2137 1246 2162 ἐν
1258 2138 1348 2172 μορφῇ
1361 2137 1426 2164 Θεοῦ
1439 2138 1579 2174 ὑπάρχων.
1592 2139 1641 2174 οὐχ
1653 2140 1782 2174 ἁρπαγὴν
1795 2141 1852 2175 (55)

1032 2182 1186 2221 υὴγήσατο
1214 2182 1244 2220 τρ
1274 2180 1343 2209 εῖναι
1368 2184 1413 2210 an
1437 2184 1506 2219 Θεῷ·
1535 2184 1593 2211 ἀλλ’
1616 2184 1711 2212 ἑαυτὸν
1733 2187 1852 2213 ὲκένωσς

1066 2227 1173 2261 μορφὴν
1191 2226 1284 2254 δούλου
1300 2227 1398 2255 λαϐὼν.
1421 2239 1428 2253 ι
1452 2230 1495 2255 Ἑν
1508 2229 1535 2256 δὲ
1547 2231 1580 2265 τῇ
1598 2231 1664 2265 πρὸς
1685 2231 1850 2266 Ῥωμαίους·

1065 2282 1073 2297 ι
1090 2270 1139 2298 Ὧν
1160 2273 1214 2307 (Si)
1232 2274 1256 2299 οἱ
1276 2274 1391 2310 πατέρες
1409 2275 1455 2300 καὶ
1470 2275 1499 2306 ea
1513 2272 1551 2301 ὧν
1566 2277 1579 2301 ὸ
1595 2275 1712 2311 Χριστὸς
1731 2276 1762 2302 τὸ
1780 2276 1852 2303 κατὰ

1063 2319 1162 2352 σάρκα,
1180 2320 1194 2345 ὸ
1213 2319 1251 2345 ὢν
1278 2319 1324 2345 ἐπὶ
1347 2320 1457 2346 πάντων
1479 2321 1543 2352 Θεὸς
1571 2320 1716 2356 εὐλογητὸς
1732 2322 1771 2353 εἰς
1787 2322 1851 2353 τοὺς

1062 2364 1173 2396 αἰῶνας.
1196 2365 1293 2400 Ἀμήν.
1320 2375 1328 2390 ι
1353 2366 1397 2391 Ἐν
1414 2366 1441 2392 δὲ
1461 2367 1491 2401 τῇ
1516 2367 1583 2402 πρὸς
1600 2367 1688 2393 Τίτον·
1703 2378 1711 2392 ε
1733 2367 1851 2402 [19065:-

1062 2410 1171 2444 χόμενοι
1180 2410 1237 2444 (55)
1247 2410 1295 2445 τὴν
1307 2411 1444 2446 μακαρίαν
1462 2411 1557 2438 ἐλπίδα
1573 2413 1619 2438 καὶ
1628 2413 1790 2446 ἐπιφάνειαν
1797 2413 1848 2447 τῆς

1064 2455 1142 2490 δόξης
1168 2455 1216 2482 τοῦ
1237 2456 1355 2490 μεγάλου
1371 2457 1439 2483 Θεοῦ
1462 2459 1509 2483 καὶ
1524 2458 1649 2493 Σωτῆρος
1665 2458 1742 2493 ἡμῶν
1761 2458 1849 2493 Ἰησοῦ

1064 2501 1193 2537 Χριστοῦ.
1211 2512 1220 2527 ι
1240 2503 1291 2528 Kal
1314 2503 1427 2535 Ἰἰσαῖας
1440 2503 1468 2530 δὲ
1485 2504 1544 2539 βοᾷ,
1560 2505 1601 2531 ὅτι
1618 2515 1630 2530 ι
1646 2505 1756 2531 Παιδίον
1771 2506 1849 2537 ὲγεν-

1064 2548 1133 2584 νήθη
1150 2549 1225 2583 ἡμῖν,
1247 2548 1303 2580 υἱὸς
1326 2549 1372 2575 καὶ
1388 2549 1464 2576 ἐδόθη
1479 2550 1554 2584 ἡμῖν,
1573 2546 1604 2576 οὗ
1621 2551 1638 2585 ἡ
1653 2551 1724 2585 ἁρχὴ
1743 2551 1790 2577 ἐπὶ
1801 2550 1850 2577 τοῦ

738 2625 758 2639 ⁸³
775 2625 838 2651 ibid.
854 2625 879 2652 9.
921 2625 940 2640 ¹⁷
956 2624 1014 2652 Joal

1070 2633 1107 2656 Iv,
1123 2623 1149 2650 9.
1189 2625 1210 2639 “‘
1224 2622 1302 2649 Joan.
1321 2632 1346 2654 Χ,
1362 2621 1405 2650 50.
1446 2621 1466 2636 ¹⁹
1484 2621 1548 2648 ibid.
1568 2621 1612 2647 58.
1651 2620 1674 2636 ‘°
1691 2619 1773 2646 llcbr.
1788 2627 1809 2650 ι,
1822 2619 1850 2646 3.

827 2659 879 2686 Tit.
897 2668 925 2692 ll,
945 2661 987 2687 15.
1026 2660 1048 2675 ’⁸
1067 2660 1117 2686 lsa.
1136 2667 1172 2691 Ix,
1191 2660 1216 2686 li.

1095 2723 1149 2757 (32)
1169 2723 1205 2750 Ita
1219 2723 1303 2750 Mans.
1322 2723 1400 2750 Vind.
1414 2723 1452 2749 δέ.

1096 2759 1150 2794 (55)
1171 2758 1227 2794 Sic_
1235 2759 1313 2794 Vind.
1327 2758 1379 2785 Sed
1395 2757 1482 2794 Mans.
1495 2759 1651 2794 ἁρπαγμόν.

1095 2790 1150 2826 (5t)
1168 2794 1195 2818 ὲν
1211 2790 1232 2826 ᾧ
1242 2793 1359 2820 habebat
1375 2798 1402 2820 et
1415 2790 1531 2820 Vindob.
1546 2790 1658 2822 et'iilans

1098 2829 1153 2863 (53$)
1165 2829 1380 2864 προσδεχόμενος
1401 2828 1485 2857 Mans,
