1945 3058
87 134 163 169 1421

776 140 958 171 EPISTOLA
977 141 1048 172 CLI.

1660 141 1730 176 1422

84 195 172 230 ὤμου
191 194 284 226 αὑτοῦ,
305 195 353 223 καὶ
373 195 498 223 καλεῖται
516 196 546 223 τὸ
556 196 642 232 ῦνομα
660 196 742 224 αὑτοῦ
761 197 883 234 μεγάλης

935 198 1044 226 cabitur
1058 205 1160 226 nomen
1176 199 1236 235 ejus
1252 199 1373 235 Angelus
1387 199 1476 235 magni
1497 200 1616 233 consilii,
1636 202 1726 229 admi-

86 241 194 276 βουλῆς
210 241 352 275 Ἄγγελος,
366 241 532 276 θαυμαστὸς,
547 242 710 277 σύμϐουλος,
722 244 790 276 Θεὸς
808 244 884 279 ισχυ-

88 287 152 322 ρὸς,
166 287 350 322 ὲξουσιαστὴς,
365 288 458 323 ἄρχων
469 289 591 324 εἰρήνης,
605 289 700 325 Πατὴρ
710 290 758 316 τοῦ
775 290 886 324 μέλλον-

84 340 138 364 τος
164 333 273 364 αἰῶνος.
291 342 300 358 ι
318 333 374 360 Καὶ
391 334 482 361 πάλιν·
500 344 508 360 ι
525 334 627 361 Ὀπίσω
643 344 700 368 σου,
716 337 809 371 φησὶν,
822 336 885 365 ἀκο-

85 378 256 414 λουθήσουσι
280 379 418 414 δεδεμένοι
434 381 617 415 χειροπέδαις,
635 382 682 408 καὶ
696 382 726 408 ὲν
743 383 785 409 σοι
801 391 886 418 προσ-

87 423 230 456 εύξονται,
246 425 286 451 ὅτι
304 426 332 451 ἒν
359 425 400 452 σοὶ
426 425 492 458 Θεός
507 427 576 459 ἐστι,
604 427 652 454 καὶ
675 428 726 455 οὐκ
742 428 799 454 ἔστι
820 428 886 460 Θεὸς

86 469 168 504 πλὴν
191 469 249 496 σοῦ.
272 470 308 497 Σὺ
333 471 387 506 γὰρ
407 468 434 498 εἴ
447 471 523 504 Θεὸς,
541 473 589 499 καὶ
607 473 658 500 οὐχ
674 473 795 508 ᾔδεισαν,
818 473 886 505 Θεὸς

85 516 140 542 τοῦ
164 515 269 551 Ἰσραὴλ
283 516 388 552 Σωτήρ.
410 526 419 545 ι
435 518 490 544 Καὶ
508 518 539 544 τὸ
558 518 733 555 Ἐμμανουὴλ
748 519 776 546 δὲ
788 520 884 555 ὖνομα,

86 560 163 587 Θεοῦ
177 561 224 587 καὶ
240 561 384 596 ἀνθρώπου
398 563 528 597 τυγχάνει
542 564 719 598 σημαντικὸν,
736 565 886 600 ἑρμηνεύε-

86 606 216 641 ται’γὰρ,
235 608 304 634 κατὰ
318 608 368 643 τὴν
378 608 424 635 τοῦ
439 609 604 642 Εὐαγγελίου
618 610 801 643 διδασκαλίαν,
815 612 885 638 Μεθ’

89 652 208 686 ἡμῶνό
222 654 305 686 Θεὸς,
323 654 476 686 τουτέστιν,
503 655 532 681 ὲν
551 655 687 690 ἀνθρώπῳ
709 656 786 688 Θεὸς,
804 657 833 683 ἐν
849 658 882 692 τῇ

87 698 216 734 ἡμετέρᾳ
231 698 310 733 φύσει
328 699 403 730 Θεός.
421 699 476 726 Καὶ
493 700 507 726 ὁ
523 699 593 731 θεῖος
609 700 637 726 δὲ
662 701 798 736 Ἱερεμίας
818 710 886 736 προ-

88 743 219 775 θεσπίζει
235 744 331 777 λέγων·
356 754 365 770 ι
386 741 470 776 Οὗτος
484 746 498 772 ὸ
518 745 585 778 Θεὸς
602 747 690 781 ἡμῶν,
708 747 738 773 οὺ
756 747 885 782 λογισθή-

90 797 171 815 σεται
181 789 274 824 ἔτερος
284 790 352 824 πρὸς
366 790 461 816 αὐτόν·
480 790 574 826 ἐξεῦρε
592 792 681 818 πᾶσαν
697 792 755 818 ὁδὸν
773 793 886 827 ἐπιστή-

91 843 161 869 μης,
177 835 224 861 καὶ
243 835 343 861 ἔδωκεν
357 837 443 871 αὐτὴν
466 836 564 863 Ἰακὼϐ
583 837 622 872 τῷ
636 838 712 864 παιδὶ
727 838 821 871 αὑτοῦ,
839 839 885 865 καὶ

935 245 1046 278 rabilis,
1068 245 1259 278 consiliarius,
1284 245 1357 273 Deus
1378 245 1472 278 fortis,
1496 253 1629 281 regnans,
1653 248 1729 283 prin-

935 298 1000 325 ceps
1024 291 1109 326 pacis,
1126 291 1207 318 Pater
1220 291 1306 318 futuri
1330 291 1433 319 saeculi.
1456 301 1465 317 ι
1490 292 1524 319 Et
1547 292 1647 320 iterum
1669 294 1726 321 ait:

938 345 947 361 ι
968 336 1033 363 Post
1053 342 1079 364 te
1095 336 1202 372 1296
1217 337 1408 370 ambulabunt,
1427 337 1511 364 vincti
1531 338 1645 365 manicis
1663 346 1727 373 per—

935 385 1011 416 gent,
1024 386 1052 408 et
1074 385 1100 409 te
1118 382 1290 415 adorabunt;
1312 386 1419 409 tantum
1443 383 1471 409 in
1494 386 1522 410 te
1541 387 1584 411 est
1601 383 1682 414 Deus,
1699 389 1728 411 et

936 434 991 455 non
1005 430 1048 453 est
1063 427 1166 462 absque
1178 431 1204 455 te
1220 428 1302 455 Deus.
1322 428 1394 456 Vere
1407 432 1435 455 tu
1452 436 1482 455 es
1493 428 1567 456 Deus
1582 428 1728 456 abscondi-

937 476 992 504 tus,
1004 473 1077 499 Deus
1090 472 1200 500 Israelis
1211 472 1335 501 Salvator
1345 473 1389 499 ιν.
1402 482 1410 498 ι
1423 473 1529 500 Nomen
1541 480 1608 500 vero
1619 473 1728 500 Emma-

935 517 1026 544 nuelis
1042 518 1129 545 Deum
1142 518 1224 545 simul
1236 523 1265 546 et
1277 518 1417 546 hominem
1434 519 1572 554 signiﬁcat
1584 519 1607 534 ’³
1621 528 1627 544 :
1642 519 1728 554 expli-

936 565 1015 590 catur
1028 562 1102 590 enim
1118 563 1269 590 secundum
1285 563 1438 590 doctrinam
1456 563 1642 599 evangelieam
1659 563 1727 590 Deus

936 607 1079 640 nobiscum,
1096 607 1124 635 id
1137 612 1191 640 est,
1205 608 1231 635 in
1246 608 1359 636 homine
1372 609 1456 640 Deus,
1474 609 1501 636 in
1514 615 1612 636 natura
1634 613 1728 636 nostra

935 652 1018 680 Deus.
1036 653 1121 681 Divus
1140 654 1223 681 etiam
1244 654 1377 682 Jeremias
1393 654 1560 682 vaticinatur
1575 655 1702 690 inquiens
1719 664 1726 682 :

940 708 949 724 ι
964 698 1014 726 Hic
1026 703 1067 726 est
1080 699 1152 727 Deus
1164 703 1268 732 noster,
1285 704 1314 727 et
1329 707 1384 726 non
1397 700 1580 728 aastimabitnr
1593 701 1663 728 alius
1677 701 1727 728 ad—

934 751 1032 770 versus
1044 751 1117 773 eum.
1134 743 1182 773 Hic
1194 744 1336 772 adinvenit
1347 752 1456 772 omnem
1475 746 1547 773 viam
1565 746 1726 781 disciplina,

936 793 964 816 et
976 788 1092 816 tradidit
1104 789 1179 818 illam
1193 789 1295 817 Iacobo
1307 798 1396 824 puero
1407 798 1467 823 suo,
1480 796 1508 817 et
1519 791 1613 818 lsraeli
1628 792 1728 819 dilecto

936 842 996 863 suo.
1013 834 1078 863 Post
1092 835 1151 862 haec
1166 835 1193 862 in
1206 835 1288 862 terris
1299 835 1376 863 visus
1388 840 1439 868 est,
1454 841 1553 864 etcum
1570 837 1728 865 hominibus

97 880 210 915 Ἰσραὴλ
226 880 264 915 τῷ
280 881 453 916 ἠγαπημένῳ
475 882 521 909 ὑπ’
535 882 629 910 αὑτοῦ.
646 883 723 909 Μετὰ
734 883 820 910 ταῦτα
837 883 883 910 ἐπὶ

935 884 1113 908 conversatus
1130 884 1172 907 est
1185 880 1218 907 ".
1235 890 1245 905 ι
1267 880 1482 915 Quamplurimte
1501 882 1560 909 alia:
1581 883 1643 909 erui
1662 890 1727 918 pos-

89 926 143 960 τῆς
163 927 215 960 γῆς
235 926 324 961 ὤφθη,
341 928 388 953 καὶ
404 928 461 959 τοῖς
473 927 628 963 ἀνθρώποις
643 929 880 964 συνανεστράφη.»

89 971 150 997 Καὶ
166 971 248 1006 ἄλλας
262 972 284 998 δ’
299 973 331 999 ἄν
351 981 394 1004 τις
413 973 513 1008 μυρίας
529 973 605 1009 εὖροι
621 974 713 1007 φωνὰς
727 975 760 1001 ἐκ
772 983 803 1000 τε
827 974 882 1001 τῶν

91 1016 177 1043 Θείων
203 1017 380 1051 Εὑαγγελίων
397 1018 444 1044 καὶ
458 1018 513 1044 τῶν
535 1018 724 1046 ἀποπολικῶν
739 1027 884 1054 συγγραμ-

94 1065 200 1099 μάτων,
218 1064 265 1091 καὶ
279 1065 311 1091 ὲκ
330 1064 384 1090 τῶν
410 1065 588 1099 προφητικῶν
608 1065 819 1100 θεσπισμάτων,
834 1065 886 1092 δει-

90 1108 239 1140 κνυούσας,
251 1109 292 1135 ὃτι
306 1109 372 1141 Θεὸς
393 1109 518 1144 ἀληθινὸς
536 1111 550 1136 ὁ
566 1109 669 1144 Κύριος
685 1110 764 1145 ἡμῶν
780 1110 884 1144 Ἰησοῦς

91 1154 222 1188 Χριστός.

129 1199 194 1226 ’Ότι
208 1200 237 1226 δὲ
263 1199 310 1226 καὶ
335 1200 480 1235 ἄνθρωπος
500 1201 569 1235 μετὰ
599 1201 650 1236 τὴν
678 1200 884 1236 ὲνανθρώπησιν

91 1246 338 1280 προσαγορεύεται,
359 1245 478 1274 διδάσκει
494 1246 542 1280 μὲν
556 1245 638 1277 αὐτὸς
655 1247 670 1272 ὁ
683 1245 795 1281 Κύριος,
817 1247 884 1272 Ἰου-

91 1290 178 1321 δαίοις
193 1290 383 1326 διαλεγόμενος
399 1291 446 1317 καὶ
460 1290 540 1325 βοῶν·
563 1299 573 1316 ι
598 1291 630 1318 Τί
646 1300 679 1326 με
692 1291 799 1327 ζητεῖτε
815 1291 883 1318 ἁπο-

92 1337 209 1368 κτεῖναι,
237 1335 392 1371 ἄνθρωπον,
408 1336 482 1367 ὅστις
506 1335 556 1371 τὴν
570 1335 701 1371 ἀλήθειαν
720 1337 785 1371 ὑμῖν
804 1336 884 1364 λελά-

92 1381 186 1417 ληκας
206 1391 217 1407 ι
235 1382 281 1408 καὶ
300 1383 314 1409 ὁ
329 1382 465 1418 μακάριος
486 1381 594 1413 Παῦλος
611 1383 639 1408 ὲν
654 1383 686 1417 τῇ
704 1381 773 1417 πρὸς
786 1383 885 1417 Κοριν-

93 1427 169 1460 θίους
190 1428 310 1463 προτέρᾳ
331 1428 427 1462 λέγων’
442 1438 452 1454 ι
475 1427 583 1463 Ἐπειδὴ
594 1428 649 1464 γὰρ
657 1428 690 1455 δι’
705 1428 850 1464 ἀνθρώπου
869 1430 883 1456 ὁ

93 1473 218 1506 θάνατος,
231 1474 279 1500 καὶ
290 1474 323 1501 δι’
337 1474 483 1509 ἀνθρώπου
498 1473 648 1505 ἀνάστασις
663 1474 780 1509 νεκρῶν.
797 1483 808 1502 ι
826 1474 881 1501 Kal.

95 1518 202 1550 δεικνὺς
220 1519 284 1554 περὶ
308 1519 380 1551 τίνος
398 1519 484 1553 λέγει,
507 1519 654 1555 ἑρμηνεύει
679 1519 710 1545 τὸ
726 1520 882 1554 εἰρημένον,
898 1546 919 1574 C

95 1564 194 1590 οὑτωσὶ
210 1563 306 1597 λέγων’
331 1574 340 1590 ι
362 1565 467 1600 Ὥσπερ
482 1564 536 1600 γὰρ
557 1564 585 1590 ὲν
607 1563 646 1599 τῷ
665 1563 750 1598 ’Δδὰμ
764 1564 884 1600 ἀποθνή-

95 1616 216 1641 σκουσιν,
242 1607 313 1635 οὕτω
338 1609 384 1635 καὶ
401 1609 430 1636 ὲν
445 1609 484 1643 τῷ
506 1608 617 1644 Χριστῴ
633 1608 735 1640 πάντες
751 1608 885 1644 ζωοποιη-

95 1654 232 1689 οήσονται.
252 1663 262 1680 ›
283 1654 336 1680 Καὶ
350 1654 475 1688 Τιμοοέῳ
491 1654 519 1681 δὲ
538 1654 652 1689 γράφων
673 1655 771 1688 ὁμοίως
787 1655 880 1690 φησίν·

97 1709 105 1725 ι
127 1697 173 1730 Εἷς
187 1700 263 1730 Θεὸς.
288 1697 329 1731 εἷς
353 1700 399 1726 καὶ
423 1699 535 1734 μεσίτης
550 1700 618 1726 Θεοῦ
645 1700 692 1726 καὶ
720 1700 882 1736 ἀνθρώπων,

95 1744 236 1780 ἄνθρωπος
247 1745 364 1780 Χριστὸς
388 1745 500 1778 Ἰησοῦς.
519 1755 528 1771 ι
547 1745 602 1772 Καὶ
620 1747 647 1772 ἐν
662 1747 722 1777 ταῖς
737 1747 882 1781 Πράξεσιν,

95 1792 125 1819 ἐν
143 1792 268 1827 Ἀθήναις
278 1792 457 1828 δημηγορῶν·
478 1802 486 1818 ι
498 1793 567 1824 Τοὺς
584 1793 634 1828 μὲν
643 1791 689 1819 οὖν
703 1793 816 1828 χρόνους
831 1795 882 1828 τῆς

95 1838 205 1872 ἀγνοίας
219 1837 355 1873 ὑπεριδὼν
372 1839 386 1864 ὀ
400 1837 477 1869 Θεὸς,
496 1838 573 1872 φησι,
589 1837 623 1863 τὰ
634 1837 681 1863 νῦν
698 1838 883 1873 παραγγέλλει

95 1884 159 1910 πᾶσι
182 1883 318 1918 πανταχοῦ
345 1885 494 1918 μετανοεῖν·
508 1882 604 1909 καθότι
624 1882 738 1916 ἔστησεν
762 1882 881 1917 ἡμέραν,

97 1929 125 1954 ὲν
178 1927 270 1962 μέλλει
295 1927 398 1962 κρίνειν
415 1926 464 1960 τὴν
482 1925 644 1960 οἰκουμένην
668 1927 696 1952 ὲν
713 1925 882 1961 δικαιοσύνῃ.

97 1972 125 1998 ὲν
139 1972 216 2005 ἀνδρὶ
266 1970 360 2005 ὥρισε,
381 1970 473 1997 πίστιν
486 1969 635 2005 παρασχὼν
655 1971 749 2003 πᾶσιν,
764 1971 883 2005 ἀναστή-

98 2024 145 2047 σας
164 2016 246 2042 αὑτὸν
269 2017 302 2042 ἐκ
328 2015 443 2051 νεκρῶν.
464 2025 474 2042 υ
499 2016 555 2042 Καὶ
583 2016 597 2042 ὁ
621 2015 756 2051 μακάριος
780 2015 883 2050 Πέτρος

103 2062 234 2093 Ἰουδαίοις
248 2061 450 2097 διαλεγόμενος,
466 2071 475 2088 ι
497 2061 620 2094 Ἄνδρες,
634 2061 727 2096 φησιν,
748 2060 882 2096 Ἰσραηλῖ-

96 2116 149 2140 ται,
161 2108 295 2135 ἀκούσατε
312 2108 375 2139 τοὺς
389 2107 485 2142 λόγους
499 2107 621 2139 τούτους·
644 2107 748 2142 Ἰησοῦν
764 2106 809 2132 τὸν
827 2106 882 2132 Να-

96 2154 226 2190 ζωραῖον,
251 2154 336 2189 ἄνδρα
355 2153 409 2181 ἀπὸ
430 2153 478 2180 τοῦ
505 2152 572 2179 Θεοῦ
599 2152 825 2187 ἀποδεδειγμένον
843 2152 882 2183 εἰς

98 2200 165 2234 ὑμᾶς
182 2200 303 2234 σημείοις
318 2199 364 2226 καὶ
375 2199 481 2234 τέρασι,
498 2199 544 2225 καὶ
560 2196 761 2234 δυνάμεσιν,οἷς
787 2197 880 2232 ἑποίη-
897 2212 920 2240 D

98 2253 141 2272 σεν
151 2245 165 2271 ὁ
183 2245 248 2276 Θεὸς
264 2245 298 2271 δι’
310 2244 402 2272 αὑτοῦ.
422 2253 430 2270 ι
446 2245 501 2271 Kal.
524 2245 539 2270 ὀ
558 2244 700 2279 προφήτης
715 2243 744 2269 δὲ
766 2242 879 2274 Ἦσαῖας

98 2290 141 2316 τοῦ
160 2290 294 2317 Δεσπότου
322 2290 440 2325 Χριστοῦ
464 2290 500 2317 τὰ
524 2289 598 2324 πάθη
622 2287 832 2325 προαγορεύων,
852 2288 882 2314 ὃν

99 2334 148 2370 πρὸ
159 2334 282 2370 βραχέων
299 2335 425 2369 ὠνόμασε
441 2334 518 2366 Θεὸν,
533 2334 629 2361 τοῦτον
653 2332 796 2368 ἄνθρωπον
814 2333 883 2360 ἀπο-

102 2381 174 2408 καλεῖ
188 2381 284 2415 λέγων¹
304 2390 313 2407 ι
333 2382 490 2416 Ἀνθρωπος
505 2381 534 2407 ὲν
550 2380 642 2416 πληγῇ
660 2379 708 2411 ὢν,
732 2379 780 2406 καὶ
803 2377 882 2409 εἰδὼς

103 2427 190 2462 φέρειν
209 2426 355 2462 μαλακίαν·
384 2423 463 2458 οὗτος
489 2426 538 2457 τὰς
555 2425 669 2461 ἀνομίας
689 2425 769 2461 ἡμῶν
791 2424 879 2460 φέρει,

101 2473 143 2500 καὶ
155 2472 225 2508 ὑπὲρ
254 2472 334 2508 ἡμῶν
358 2472 413 2508 (56)
441 2471 577 2498 ὀδυνᾶται.
604 2481 613 2498 ι
639 2471 694 2498 Καὶ
710 2470 792 2502 ἄλλας
810 2470 879 2497 δ’ἂν

99 2517 250 2553 ὁμοφώνους
267 2517 420 2553 μαρτυρίας
437 2516 566 2548 συλλέξας
593 2517 625 2542 ἐκ
649 2516 698 2550 τῆς
712 2515 791 2549 ἁγίας
807 2515 879 2550 Γρα-

99 2564 157 2599 φῆς,
178 2563 297 2598 ἐνέθηκα
314 2563 347 2590 ἂν
369 2564 402 2598 τῇ
417 2563 557 2598 ἐπιστολῇ,
574 2563 598 2588 εἰ
623 2561 660 2597 μὴ
678 2561 727 2597 τὴν
743 2561 880 2596 ὑμετέραν

99 2610 251 2637 θεοσέϐειαν
267 2610 428 2644 ἠπιστάμην
447 2608 502 2644 βίον
524 2608 596 2643 ἔχειν
611 2608 660 2643 τὴν
675 2607 728 2633 τῶν
746 2607 826 2634 θείων
839 2607 882 2633 λο-

131 2711 159 2727 ¹¹·
179 2711 230 2738 lsa.
247 2719 307 2741 XLV,
323 2711 365 2738 14.
404 2710 427 2727 ’³
439 2710 533 2738 Matth.
547 2718 565 2742 ι,
579 2710 622 2736 25.

133 2848 186 2885 (56)
204 2848 279 2884 ὑμῶν
297 2849 411 2876 Vindob.

675 2709 697 2724 ελ
715 2708 833 2735 Baruch.
852 2715 880 2738 ιι,
897 2707 942 2737 56.
964 2707 998 2734 58

101 2741 119 2756 ”
134 2746 199 2773 ibid.
213 2746 257 2772 2'2.
295 2747 318 2761 “
332 2747 340 2773 Ι
356 2746 475 2773 Timoth.
493 2754 521 2779 ιι,
598 2747 619 2761 ’³⁵
634 2746 692 2771 Act.
715 2751 778 2776 xv",
793 2743 836 2774 30,
850 2743 894 2769 51,

935 929 996 953 sent
1017 933 1100 953 voces
1124 929 1178 953 tam
1203 926 1233 953 in
1256 926 1358 954 divinis
1391 927 1545 962 Evangeliis
1572 932 1600 955 et
1618 928 1729 963 scriptis

935 969 1134 1004 apostolorum,
1149 978 1231 1004 quam
1248 971 1274 998 in
1290 971 1487 1006 prophetarum
1503 972 1651 1004 vaticiniis,
1667 981 1729 1007 qua:

934 1015 1095 1046 ostendunt,
1115 1015 1188 1050 quod
1210 1017 1283 1044 Deus
1308 1024 1392 1044 verus
1414 1021 1456 1044 est
1479 1017 1611 1045 Dominus
1634 1024 1727 1045 noster

935 1060 1016 1089 Jesus
1030 1061 1169 1089 Christus.

970 1192 1048 1227 Quod
1064 1201 1132 1220 vero
1148 1197 1176 1220 et
1192 1194 1275 1221 homo
1288 1199 1402 1223 vocetur
1419 1199 1482 1229 post
1497 1195 1725 1229 incarnationem.

935 1238 1016 1266 docet
1029 1239 1141 1273 quidem
1159 1239 1275 1274 ipsemet
1295 1240 1427 1268 Dominus
1444 1248 1506 1268 cum
1519 1241 1621 1268 Iudaeis
1634 1242 1727 1277 dispn-

935 1289 1006 1315 tans,
1025 1289 1053 1312 et
1073 1285 1195 1312 clamans
1213 1294 1220 1311 :
1243 1295 1252 1310 ι
1274 1285 1344 1317 Quid
1360 1293 1403 1313 me
1419 1286 1542 1320 quzeritis
1558 1286 1726 1320 interﬁcere,

935 1329 1087 1361 hominem.
1109 1330 1155 1364 qui
1169 1330 1314 1358 veritatem
1329 1331 1406 1359 vobis
1422 1331 1532 1358 locutus
1544 1339 1604 1359 sum
1618 1333 1659 1359 ³⁸⁸1
1675 1343 1684 1359 ι
1699 1339 1729 1361 et

935 1375 1032 1402 beatus
1057 1375 1158 1402 Paulus
1182 1375 1209 1402 in
1236 1375 1324 1410 prima
1351 1376 1385 1403 ad
1411 1376 1583 1410 Corinthios,
1608 1378 1726 1406 dicens:

938 1429 947 1446 ε
967 1420 1102 1453 Quoniam
1122 1420 1233 1455 quidem
1253 1428 1302 1454 per
1319 1420 1458 1448 hominem
1475 1429 1559 1454 mors,
1572 1426 1600 1449 et
1612 1431 1662 1457 per
1675 1423 1726 1450 ho-

935 1466 1037 1493 minem
1054 1466 1221 1495 resurrectio
1235 1470 1408 1495 mortuorum
1420 1468 1456 1500 ¹⁶;
1473 1477 1482 1492 ι
1501 1475 1532 1494 ac
1547 1472 1576 1495 ut
1588 1470 1726 1502 ostendat,

935 1511 970 1538 de
992 1518 1047 1546 quo
1068 1512 1152 1538 verba
1177 1511 1269 1543 faciat,
1287 1519 1348 1546 quae
1371 1512 1451 1542 dixit.
1470 1512 1598 1547 explicat,
1619 1514 1660 1541 sic
1684 1514 1728 1541 in-

936 1555 1035 1589 quiens
1054 1563 1060 1581 :
1077 1565 1087 1580 ‹
1108 1555 1141 1582 Et
1154 1555 1226 1582 sicut
1248 1555 1275 1582 in
1291 1555 1399 1583 ‘Adamo
1419 1557 1587 1590 moriuntur,
1602 1558 1638 1585 ita
1652 1565 1680 1586 et
1699 1560 1728 1587 in

935 1600 1045 1627 Christo
1065 1608 1161 1627 omnes
1185 1600 1398 1628 viviﬁcabuntur
1411 1602 1443 1627 ’⁷.
1460 1611 1470 1628 ι
1491 1601 1533 1629 Ad
1551 1602 1727 1631 Timotheum

935 1653 1045 1680 quoque
1073 1647 1214 1678 scribens,
1243 1647 1370 1674 similiter
1397 1647 1491 1675 dicit:
1514 1657 1523 1673 ‹
1546 1648 1622 1676 Unus
1642 1649 1726 1681 Deus.

936 1699 1008 1719 unus
1024 1696 1051 1719 et
1070 1692 1206 1721 mediator
1222 1692 1269 1719 Dei
1291 1697 1318 1720 et
1335 1692 1488 1725 hominum,
1507 1693 1590 1721 homo
1601 1694 1728 1723 Christus

934 1737 1014 1764 Jesus
1027 1737 1060 1763 ’⁸.
1078 1747 1087 1763 ›
1103 1738 1132 1765 ln
1152 1737 1227 1766 Actis
1247 1738 1340 1770 etiam,
1360 1738 1425 1765 dnm
1449 1739 1563 1767 Athenis
1583 1740 1731 1768 concinna-

936 1788 990 1816 tur,
1013 1784 1052 1815 ait
1073 1793 1079 1810 :
1097 1793 1106 1809 ι
1125 1784 1159 1810 Ει
1181 1789 1303 1818 tempora
1325 1784 1438 1818 quidem
1462 1785 1545 1820 hujus
1568 1785 1728 1820 ignorantia:

937 1829 1042 1865 1297
1065 1829 1221 1863 despiciens
1240 1829 1322 1859 Deus,
1339 1837 1413 1856 nunc
1429 1830 1585 1858 enuntiabit
1607 1830 1728 1858 homini-

935 1874 996 1906 bus,
1012 1879 1042 1902 ut
1056 1882 1151 1902 omnes
1170 1873 1272 1908 ubique
1289 1874 1478 1908 pwniteutiam
1495 1880 1586 1909 agant.
1601 1876 1640 1903 Eo
1653 1877 1728 1911 quod

934 1921 1031 1948 statuit
1046 1920 1130 1951 diem,
1146 1920 1173 1949 in
1187 1927 1241 1954 quo
1250 1920 1425 1954 judicaturus
1434 1925 1476 1948 est
1487 1921 1582 1948 orbem
1589 1921 1626 1948 “in
1640 1924 1725 1956 aequi-

934 1969 1000 1997 tate,
1022 1973 1071 2000 per
1088 1964 1178 1991 virum
1198 1972 1247 1998 per
1269 1972 1350 1999 quem
1372 1965 1477 1996 statuit,
1499 1965 1579 1994 fidem
1601 1966 1728 2000 praebens

934 2010 1074 2043 omnibus,
1088 2010 1224 2037 suscitans
1239 2018 1302 2037 eum
1323 2018 1337 2037 a
1355 2010 1471 2038 mortuis
1482 2011 1515 2036 ²³.
1533 2020 1542 2036 ι
1563 2010 1663 2040 Beatus
1677 2019 1726 2045 pa-

933 2057 1002 2084 riter
1019 2056 1118 2083 Pctrus
1133 2055 1235 2083 Judseis
1257 2055 1412 2090 praedicans
1429 2064 1435 2081 :
1456 2065 1465 2081 ι
1486 2055 1555 2088 Viri,
1571 2055 1618 2087 ait,
1640 2055 1728 2083 Israe-

932 2103 1000 2135 litae,
1019 2102 1113 2135 audite
1131 2101 1213 2129 verba
1231 2101 1289 2128 haec
1305 2110 1312 2127 :
1329 2101 1422 2131 .lesum
1438 2101 1620 2139 Nazarcnum,
1635 2101 1724 2129 virum

933 2148 1115 2184 approbatum
1128 2155 1143 2175 a
1156 2147 1212 2174 Deo
1228 2147 1299 2173 inter
1314 2153 1363 2173 vos
1376 2146 1527 2177 virtutibus
1548 2151 1577 2176 et
1593 2146 1726 2182 prodigiis

933 2198 961 2222 et
972 2194 1058 2229 signis
1071 2201 1132 2228 qua
1144 2192 1209 2220 fecit
1229 2193 1302 2220 Deus
1315 2200 1364 2226 per
1377 2192 1455 2221 illum
1470 2192 1502 2218 ³ο.
1520 2201 1528 2217 ι
1546 2192 1580 2219 Ει
1593 2192 1725 2226 propheta

933 2240 1017 2267 lsaias
1027 2239 1130 2267 Christi
1141 2239 1249 2266 Domini
1262 2238 1417 2273 passionem
1430 2237 1629 2272 praenuntiam,
1643 2245 1724 2272 quem

931 2294 1022 2321 nuper
1041 2286 1128 2312 Deum
1149 2284 1317 2315 nominavit,
1345 2283 1419 2313 hunc
1444 2283 1584 2312 hominem
1606 2283 1726 2317 appellat

931 2332 976 2360 his
990 2331 1084 2359 verbis
1103 2340 1108 2356 :
1131 2340 1138 2355 ι
1157 2331 1205 2357 Ἧι·
1223 2330 1360 2361 dolorum,
1383 2334 1411 2356 et
1429 2329 1519 2359 sciens
1537 2329 1660 2364 perferre
1681 2329 1724 2357 in-

916 2377 1100 2414 ﬁrmitatem.
1124 2376 1283 2411 Lauguores
1307 2379 1416 2406 nostros
1442 2375 1500 2410 ipse
1524 2375 1602 2407 tulit,
1623 2380 1652 2402 et
1675 2381 1726 2409 pro

932 2423 1013 2451 nobis
1039 2423 1127 2450 doluit
1146 2422 1178 2448 ³¹.
1197 2431 1206 2448 ι
1235 2421 1294 2450 Alia
1317 2429 1427 2456 quoque
1444 2428 1459 2447 ο
1485 2428 1563 2450 sacra
1583 2420 1725 2455 Scriptura

933 2469 1047 2496 collecta
1066 2467 1225 2496 testimonia
1238 2467 1264 2494 in
1283 2467 1400 2502 epistola
1414 2466 1580 2501 posuissem,
1595 2465 1648 2494 nisi
1664 2473 1726 2500 per-

934 2519 1058 2550 spectum
1069 2513 1136 2541 mihi
1147 2517 1231 2545 esset,
1238 2513 1325 2541 vitam
1334 2520 1394 2540 esse
1405 2512 1501 2548 pietati
1510 2516 1608 2540 vestra:
1618 2511 1726 2539 divino-

934 2568 995 2589 rum
1011 2567 1168 2588 sermonum
1182 2557 1390 2586 meditationem
1404 2556 1557 2588 secundurn
1574 2556 1724 2588 hominem,

935 2606 981 2641 qui
998 2614 1026 2633 in
1044 2604 1160 2632 Psalmis
1182 2604 1278 2631 beatus
1299 2603 1410 2630 dicitur.
1429 2601 1574 2633 lndustriaa
1592 2605 1724 2636 praeterea

1064 2707 1086 2722 ’⁵
1101 2706 1179 2733 Joan.
1195 2713 1242 2736 vn,
1257 2703 1306 2734 19;
1327 2710 1383 2733 vm,
1397 2701 1430 2728 40
1481 2701 1503 2718 ’⁸
1518 2701 1526 2728 l
1539 2700 1602 2728 Cor.
1618 2708 1662 2734 xv,
1675 2701 1722 2729 2L

935 2743 956 2758 ³⁶
972 2743 1029 2770 Act.
1048 2750 1075 2768 ιι.
1091 2742 1134 2769 22.
1177 2741 1196 2755 δ’
1214 2741 1264 2767 lsa.
1283 2746 1337 2769 un,
1354 2737 1379 2764 5.
