1945 3058
217 107 285 139 1423

711 102 956 133 THEODORETI
974 100 1142 130 EPISCUPI
1156 101 1339 130 CYRENSIS

1781 99 1798 132 1.
1803 99 1873 132 εει

214 168 314 192 vestrm
332 160 550 190 testimoniorum
574 162 764 189 collectionem
787 159 956 194 relinquens,
973 159 1006 185 ad

1068 158 1127 191 {iam
1147 159 1273 193 μελέτην,
1294 158 1365 184 κατὰ
1379 157 1423 183 τὸν
1436 158 1464 183 ἐν
1483 156 1608 192 Ψαλμοῖς
1627 157 1874 193 μακαριζόμενον

215 209 388 245 propositum
408 213 524 235 transeo.

251 351 335 377 Deum
351 349 434 384 igitur
453 356 548 376 verum
567 353 595 376 ct
612 357 707 375 verum
726 348 864 375 hominem
880 355 940 375 esse
955 348 1007 375 Do—

215 396 320 423 minum
342 400 466 422 nostrum
486 394 578 422 Jesum
597 394 735 421 Christum
761 393 938 428 profitemur;
958 401 1006 419 ne-

215 448 268 476 que
290 440 317 466 in
341 439 409 466 duas
428 430 559 473 personas
581 438 731 465 dividimus
749 444 823 468 cum,
841 436 888 470 qui
908 437 1007 464 unicus

214 491 257 513 csl.
267 507 273 517 ,
287 485 334 513 sed
350 485 417 512 duas
432 490 545 511 naturas
558 484 661 518 absque
673 482 834 510 confusione
846 482 1008 516 conjunctas

214 532 299 559 fuisse
320 531 468 559 credimus.
488 529 534 558 Sic
553 530 636 557 etiam
656 528 837 564 multiplicem
861 528 1007 555 haeretico-

209 586 276 605 rum
294 577 491 612 blasphemiam
507 575 586 603 facile
602 575 729 602 refellere
748 576 910 609 poterimus.
930 574 1008 600 Multi

215 624 327 659 quidem
344 627 372 650 ct
385 623 454 649 varii
469 626 533 649 sunt
547 629 658 648 errores
677 629 784 654 eorum,
801 622 846 656 qui
864 629 878 648 a
894 621 1009 648 veritate

215 669 401 699 desciverunt,
419 671 449 694 ut
473 666 565 693 statim
586 666 778 694 indicabimus.
797 667 866 694 Nam
890 666 1007 693 Marcion

200 728 203 731 -
215 718 243 740 et
253 714 346 740 Manes
360 720 449 747 neque
470 712 577 746 1298
590 711 712 739 divinum
727 712 845 739 Verbum
859 713 1008 739 humanam

215 757 369 792 suscepisse
381 761 508 783 naturam
523 756 668 787 afﬁrmant,
684 764 774 790 neque
787 764 820 783 ex
834 756 946 791 Virgine
959 764 1008 783 na-

215 806 273 828 tum
290 808 349 828 esse
366 800 513 827 Dominum
534 804 660 827 nostrum
679 800 772 827 Iesum
790 801 930 828 Christum
949 809 1008 828 cre-

1058 203 1210 238 ἅνθρωπον.
1231 204 1270 238 Τῇ
1287 203 1409 238 ὑμετέρᾳ.
1419 203 1508 228 τοίνυν
1530 202 1673 237 φιλοπονίᾳ
1690 203 1873 230 καταλιπὼν

1058 248 1172 283 τὴντῶν
1199 248 1356 284 μαρτυριῶν
1387 247 1535 282 συλλογὴν,
1556 247 1603 274 ἐπὶ
1623 247 1657 273 τὰ
1679 249 1873 284 προκείμενα.

1059 294 1212 329 βαδιοῦμαι.

1101 342 1167 367 Θεὸν
1201 341 1291 367 τοίνυν
1324 341 1449 376 ἀληθινὸν
1478 342 1523 368 καὶ
1550 343 1694 378 ἄνθρωπον
1722 343 1872 376 ἀληθινὸν

1059 391 1104 414 τὸν
1129 387 1231 422 Κύριον
1255 387 1333 422 ἡμῶν
1364 386 1468 422 Ἰησοῦν
1499 388 1616 423 Χριστὸν
1640 388 1845 424 ὁμολογοῦμεν
1862 409 1869 419 ,

1059 434 1108 460 οὐκ
1127 435 1167 465 εὶς
1194 433 1241 459 δύο
1267 433 1401 468 πρόσωπα
1433 433 1599 469 διαιροῦντες
1617 435 1665 461 τὸν
1691 435 1740 461 ἕνα
1754 454 1763 466 ,
1784 435 1871 461 ἀλλά

1058 479 1104 506 δύο
1129 479 1225 514 φύσεις
1248 479 1409 514 ἀσυγχὺτως
1435 479 1556 514 ἡνῶσθαι
1574 480 1750 516 πιστεύομεν.
1774 481 1869 507 Οὕτω

1059 523 1113 558 γὰρ
1134 524 1181 550 καὶ
1195 523 1245 558 τὴν
1260 523 1413 558 πολυσχεδῆ
1440 524 1494 550 τῶν
1509 525 1655 559 αἱρετικῶν
1673 525 1868 560 βλασφημίαν

1061 570 1160 606 ῥᾳδίως
1174 569 1310 603 διελέγξαι
1322 569 1502 604 δυνησόμεθα·
1522 570 1605 606 πολλὴ
1617 571 1663 597 καὶ
1673 572 1786 607 ποικίλη
1801 572 1867 598 τῶν

1060 615 1269 642 ἐπαναστάντων
1290 617 1322 651 τῇ
1349 615 1495 650 ἀληθείᾳὴ
1516 616 1614 651 πλάνη,
1636 617 1674 648 ὼς
1688 617 1793 644 αὐτίκα
1812 617 1867 652 δη-

1061 661 1196 695 λώσομεν.
1214 661 1348 696 Μαρκίων
1371 661 1420 695 μὲν
1446 660 1500 696 γὰρ
1522 662 1569 687 καὶ
1596 662 1691 696 Μάνης
1713 662 1778 688 οὗτε
1810 663 1866 689 (iv-

1060 706 1201 742 ειληφέναι
1220 706 1394 741 ἀνθρωπείαν
1412 706 1492 740 φύσιν
1512 707 1558 733 τὸν
1571 707 1636 734 Θεὸν
1653 708 1739 742 Λόγον
1751 709 1846 742 φασιν
1857 728 1864 737 .

1029 755 1032 759 ’
1060 751 1121 779 οὕτε
1137 753 1169 779 ὲκ
1181 752 1322 788 Παρθένου
1337 752 1382 779 τὸν
1398 752 1499 787 Κύριον
1515 753 1595 787 ἡμῶν
1616 753 1719 787 Ἰησοῦν
1733 754 1866 788 Χριστὴν

1061 799 1241 833 γεγεννῆσθαι
1270 799 1504 825 πεπιστεύκασιν·
1520 799 1578 825 ἀλλ’
1602 799 1683 825 αὑτὸν
1711 799 1758 825 τὸν
1787 799 1865 826 Θεὸν

214 846 359 878 diderunt;
388 846 435 872 sed
464 845 535 872 idem
567 845 684 872 Verbum
711 845 836 872 divinum
857 846 1008 873 humanam

1068 846 1146 879 λόγον
1161 844 1381 880 σχηματισθῆναι
1403 845 1442 876 είς
1458 843 1528 875 εἶδος
1541 844 1710 880 ἀνθρώπειον
1733 845 1783 871 καὶ
1803 854 1866 879 φα-

207 892 333 926 speeiem
360 891 516 926 accepisse,
540 895 567 917 et
592 890 643 917 sub
666 890 785 918 humana
809 891 897 919 forma
924 900 1007 927 appa-

216 937 316 970 ruisse,
337 937 428 972 specie
455 936 548 971 potius
573 944 655 971 quam
681 937 779 971 reipsa.
801 937 1009 965 Valentinianus

214 989 243 1011 et
258 983 421 1010 Bardisancs
442 983 613 1010 nativitatem
638 983 749 1017 quidem
776 983 941 1015 admittunt,
961 984 1008 1011 sed

215 1032 326 1063 negant
350 1032 452 1055 nostra:
485 1032 591 1054 natura:
619 1028 851 1062 assumptionem,
879 1033 906 1054 et
931 1028 1010 1054 aiunt

215 1074 315 1100 Filium
340 1073 386 1099 [)ei
416 1077 545 1107 tanquam
569 1073 656 1100 canali
686 1073 778 1107 aliquo
801 1073 910 1107 Virgine
929 1081 1009 1100 usum

216 1127 286 1146 esse.
308 1118 443 1145 Sabellius
470 1122 560 1145 autem
585 1126 618 1144 ex
641 1118 741 1154 Libya,
763 1123 791 1145 et
814 1118 963 1151 Photinus,
982 1123 1011 1145 et

216 1164 360 1192 Marcellus
373 1171 407 1190 ex
418 1163 534 1196 Galatia,
547 1168 575 1190 et
589 1164 690 1190 Paulus
701 1163 907 1196 Samosatenus,
920 1164 1010 1191 homi-

217 1218 280 1237 nem
303 1209 455 1244 simplicem
474 1217 508 1237 ex
523 1209 634 1245 Virgine
654 1215 748 1237 natum
769 1217 829 1238 esse
845 1215 1010 1242 asserentes,

216 1259 311 1290 aperte
329 1260 429 1290 negant
442 1254 582 1282 Christum
599 1259 731 1281 :eternum
743 1262 804 1282 esse
819 1255 916 1282 Deum.
931 1255 1013 1282 Arius

217 1305 245 1326 et
265 1299 418 1327 Eunomius
439 1306 540 1334 corpus
565 1303 669 1326 tantum
689 1307 723 1326 ex
742 1300 852 1335 Virgine
873 1301 1012 1335 accepisse

218 1347 343 1374 divinum
354 1346 473 1374 Verbum
494 1345 674 1372 contendunt.
697 1345 883 1380 Apollinarius
903 1346 1012 1374 tandem

219 1391 327 1425 corpori
348 1391 442 1426 adjicit
460 1395 487 1418 et
507 1391 626 1417 animam
643 1391 842 1423 irrationalem,
861 1399 916 1418 non
935 1392 1014 1419 aliter

219 1445 252 1464 ac
272 1437 295 1463 si
319 1436 407 1464 divini
426 1436 508 1463 Verbi
536 1436 689 1463 incarnatio
717 1445 768 1471 pro
796 1437 1012 1471 irrationalibus,

220 1481 334 1509 minime
349 1489 414 1508 vero
428 1489 477 1516 pro
494 1481 676 1508 rationalibus
691 1481 761 1508 facta
776 1481 884 1509 fuisset.
899 1482 933 1508 At
946 1490 1014 1517 apo-

220 1528 354 1555 stolorum
379 1527 504 1554 doctrina
527 1527 674 1560 perfectam
698 1527 898 1555 humanitatem
921 1536 937 1555 a
957 1529 1013 1556 Deo

221 1581 285 1600 vere
307 1577 461 1607 susceptam
482 1580 542 1599 esse
564 1572 689 1604 allii-mat,
711 1572 764 1600 hoc
782 1573 855 1600 enim
879 1573 1014 1609 significat

221 1620 288 1647 illud
303 1629 309 1646 :
332 1629 341 1644 ι
359 1619 410 1652 Qui
429 1626 491 1646 cum
509 1619 535 1644 in
550 1618 637 1645 forma
654 1619 702 1645 Dei
722 1625 805 1652 esset,
822 1620 943 1647 hominis
957 1620 1013 1647 for-

222 1673 294 1692 mam
310 1664 415 1698 accepit
432 1665 471 1696 ³²;
492 1673 500 1688 ι
518 1663 605 1690 forma
625 1664 699 1690 enim
714 1664 775 1691 loco
789 1669 894 1691 natura;
907 1669 934 1692 et
951 1665 1015 1692 sub—

211 1710 329 1737 stantia:
349 1709 470 1744 ponitur,
497 1709 559 1735 ideo
585 1709 658 1743 quod
684 1709 820 1744 signiﬁcat
838 1710 928 1744 quod,
951 1718 1014 1737 cum

224 1756 271 1783 Dei
294 1755 409 1782 haberet
430 1758 575 1787 naturam,
601 1755 721 1782 hominis
746 1759 872 1782 naturam
898 1757 1013 1791 accepit.

223 1801 313 1834 Quare
339 1808 402 1827 cum
427 1800 524 1835 primis
545 1800 694 1835 impietatis
717 1800 923 1834 inventoribus,
946 1802 1017 1829 Mar:

223 1847 306 1878 eioni,
326 1846 445 1873 Manenti
465 1849 493 1873 et
511 1846 656 1873 Valentino
673 1847 856 1882 disputantes,
877 1856 910 1874 ex
930 1848 1015 1875 sacris

225 1893 376 1928 Scriptnris
393 1892 583 1919 demonstrare
601 1892 753 1925 studemus,
776 1893 848 1928 quod
867 1902 922 1921 non
944 1895 1016 1921 Deus

217 1943 346 1971 tantum,
371 1937 420 1965 sed
446 1938 529 1964 homo
555 1938 639 1965 etiam
664 1939 700 1965 sit
722 1939 847 1967 Christus
871 1940 1014 1967 Dominus.

224 1984 281 2012 Arii
303 1988 395 2011 autem
419 1987 447 2010 et
465 1983 593 2010 Eunomii
613 1988 641 2010 et
660 1983 823 2019 Apollinarii
840 1993 964 2013 mancam
980 1986 1014 2013 de

224 2029 378 2057 mcenomia
399 2029 553 2056 doctrinam
570 2029 686 2057 rudibus
702 2030 923 2059 demonstrantes
937 2039 953 2059 e
971 2032 1014 2058 di-

223 2075 298 2102 vinis
317 2075 438 2110 Spiritus
458 2075 576 2102 oraculis
596 2075 745 2109 perfectam
766 2083 826 2103 csse
846 2082 1014 2111 assumptam

226 2126 353 2149 naturam
369 2120 510 2148 docemus.
532 2120 640 2155 1299
661 2120 773 2148 Sabellii
791 2129 883 2156 porro,
899 2126 926 2149 et
943 2122 1015 2149 Pho-

1028 1507 1049 1534 C

1061 892 1139 926 νῆναι
1160 890 1197 922 ὡς
1225 890 1387 926 ἄνθρωπον,
1414 891 1549 925 φαντασία
1576 890 1712 926 μᾶλλονῆ
1738 890 1868 925 ἀληθεία

1061 937 1243 972 χρησάμενον.
1260 936 1417 968 Βαλεντῖνος
1440 936 1468 962 δὲ
1490 937 1537 962 καὶ
1552 936 1721 971 Βαρδισάνης
1735 937 1788 970 τὴν
1808 936 1867 971 μὲν

1061 983 1187 1018 γέννησιν
1202 983 1333 1017 δέχονται’
1351 983 1400 1017 τὴν
1423 982 1451 1008 δὲ
1480 982 1614 1016 ἀνάληψιν
1633 981 1780 1016 ἀρνοῦνται
1808 983 1867 1016 τῆς

1060 1029 1199 1064 ἡμετέρας
1221 1028 1338 1063 φύσεως,
1360 1026 1416 1055 οἶόν
1442 1037 1493 1055 τινι
1521 1028 1620 1063 σωλῆνι
1635 1027 1792 1064 χρήσασθαι
1827 1030 1865 1063 τῇ

1062 1074 1194 1109 Παρθένῳ
1212 1073 1336 1107 λέγοντες
1357 1073 1403 1099 τὸν
1423 1073 1486 1099 Υἱὸν
1502 1072 1548 1098 τοῦ
1566 1072 1645 1099 Θεοῦ.
1664 1072 1816 1104 Σαϐἐλλιος
1835 1072 1867 1099 δὲ

1062 1121 1076 1146 ό
1090 1119 1239 1151 Λίϐυς,καὶ
1247 1118 1389 1150 Φωτεινὸς,
1398 1119 1444 1145 καὶ
1458 1117 1617 1153 Μάρκελλος
1630 1119 1643 1144 ὁ
1658 1118 1793 1152 Γαλάτης,
1813 1118 1866 1143 καὶ

1063 1164 1168 1195 Παῦλος
1186 1165 1200 1189 ὁ
1215 1164 1401 1198 Σαμοσατεὺς,
1421 1163 1564 1198 ἄνθρωπον
1580 1162 1658 1196 ψιλὸν
1673 1163 1704 1188 ἐκ
1716 1162 1765 1196 τῆς
1782 1163 1865 1197 Παρ-

1064 1211 1142 1236 θένου
1160 1209 1322 1244 γεννηθῆναι
1340 1209 1461 1243 λέγουσι*
1484 1209 1513 1235 τὸ
1529 1208 1556 1234 δὲ
1573 1208 1622 1235 καὶ
1636 1208 1703 1234 Θεὸν
1720 1205 1791 1234 εἶναι
1814 1209 1865 1233 τὸν

1063 1256 1226 1292 προαιὼνιον
1245 1254 1373 1290 Χριστὸν,
1395 1253 1543 1289 διαρρήδην
1558 1253 1720 1288 ἀρνοῦνται·
1745 1253 1865 1286 ΙΛρειος

1064 1303 1092 1329 δὲ
1122 1303 1168 1329 καὶ
1196 1302 1328 1336 Εὐνόμιος
1353 1300 1433 1335 σῶμα
1461 1300 1540 1335 μόνον
1560 1299 1734 1334 ἀνειληφέναι
1755 1299 1790 1325 ὲκ
1806 1298 1863 1332 τῆς

1065 1348 1203 1384 Παρθένου
1221 1347 1265 1374 τὸν
1283 1346 1348 1373 Θεὸν
1365 1346 1450 1380 Λόγον
1477 1345 1558 1379 φασιν
1578 1345 1645 1379 (57)·
1668 1344 1864 1379 Ἀπολινάριος

1064 1395 1091 1421 δὲ
1106 1394 1144 1430 τῷ
1166 1394 1272 1429 σώματι
1285 1392 1448 1428 προστίθησι
1464 1392 1510 1418 καὶ
1525 1391 1613 1426 ψυχὴν
1628 1391 1736 1424 ἄλογον,
1755 1389 1794 1421 ὠς
1807 1390 1862 1423 τῆς

1066 1441 1299 1476 ὲνανθρωπήσεως
1317 1438 1364 1464 τοῦ
1384 1437 1451 1464 Θεοῦ
1475 1438 1561 1471 Λόγου
1578 1436 1648 1471 ὑπὲρ
1671 1436 1785 1469 ἀλόγων,
1809 1435 1861 1468 οὐχ

1067 1487 1136 1522 ὑπὲρ
1159 1485 1275 1520 λογικῶν
1304 1483 1504 1519 γεγενημένης·
1530 1483 1547 1517 ὴ
1571 1482 1598 1508 δὲ
1618 1481 1672 1508 τῶν
1698 1479 1861 1507 ἀποστόλων

1068 1532 1227 1560 διδασκαλία
1240 1531 1343 1558 τέλειον
1359 1530 1502 1564 ἄνθρωπον
1516 1527 1568 1554 ὑπὸ
1580 1527 1684 1554 τελείου
1701 1526 1768 1553 Θεοῦ
1783 1526 1859 1552 ἀνει-

1068 1581 1170 1615 λῆφθαι
1184 1578 1314 1605 διδάσκει*
1329 1577 1358 1603 τὸ
1371 1576 1435 1611 γὰρ,
1449 1585 1458 1601 ι
1480 1577 1529 1606 Ὃς
1542 1575 1570 1600 ὲν
1588 1575 1679 1609 μορφῇ
1691 1572 1759 1599 Θεοῦ
1774 1573 1858 1607 ὑπᾶρ-

1069 1634 1124 1662 χων
1135 1625 1241 1660 μορφὴν
1253 1623 1345 1650 δούλου
1358 1622 1446 1654 ἔλαϐε,
1461 1631 1469 1647 ι
1485 1620 1564 1647 τοῦτο
1573 1619 1663 1655 δηλοῖ·
1678 1619 1738 1645 ἀντὶ
1751 1618 1858 1652 φύσεως

1068 1669 1122 1703 γὰρ
1147 1668 1194 1694 καὶ
1210 1668 1302 1698 οὐσίας
1318 1667 1334 1701 ὴ
1354 1666 1445 1702 μορφὴ
1460 1665 1603 1700 πρόκειται
1620 1663 1675 1699 (58)
1690 1671 1697 1678 '
1713 1663 1790 1697 δηλοῖ
1803 1663 1857 1698 γὰρ

1069 1713 1109 1740 ὅτι
1132 1713 1211 1747 φύσιν
1230 1712 1297 1747 ἔχων
1315 1710 1393 1742 Θεοῦ,
1412 1710 1492 1745 φύσιν
1517 1709 1595 1736 ἔλαϐε
1614 1709 1719 1736 δούλου.
1737 1708 1783 1735 Διὺ
1803 1710 1858 1739 τοῖς

1071 1759 1120 1794 μὲν
1145 1757 1262 1794 πρώτοις
1290 1759 1340 1792 τῆς
1365 1756 1492 1788 ἀσεΰείας
1509 1755 1633 1790 εὑρεταῖς
1650 1754 1795 1789 Μαρκίωνι
1812 1754 1858 1779 καὶ

1069 1804 1108 1839 τῷ
1125 1805 1242 1831 Μάνεντι
1264 1803 1311 1829 καὶ
1327 1802 1479 1837 Βαλεντίνῳ
1497 1801 1682 1836 διαλεγόμενοι
1697 1799 1857 1826 ἀποδεικνὺ-

1069 1860 1112 1877 vat:
1135 1850 1323 1884 σπουδάζομεν
1343 1850 1375 1875 ἐκ
1394 1848 1448 1875 τῶν
1466 1848 1545 1874 θείων
1558 1847 1683 1882 Γραφῶν,
1700 1847 1741 1873 ὅτι
1757 1846 1788 1872 οὗ
1813 1847 1855 1880 μό-

1070 1906 1113 1924 νον
1129 1897 1207 1928 om,
1223 1896 1291 1922 ἀλλὰ
1313 1896 1361 1921 καὶ
1379 1894 1520 1929 ἄνθρωπος
1543 1894 1557 1920 ὁ
1576 1892 1714 1926 Δεσπότης
1729 1891 1855 1926 Χριστός.

1076 1943 1182 1978 ’Λρείου
1208 1941 1237 1967 δὲ
1260 1941 1307 1968 καὶ
1325 1939 1458 1975 Εὑνομίου
1476 1938 1524 1965 καὶ
1541 1937 1731 1972 ’Λπολιναρίου
1749 1937 1779 1962 τὸ
1795 1936 1856 1970 περὶ

1069 1989 1118 2023 τὴν
1133 1988 1288 2022 οἰκονομίαν
1300 1986 1393 2018 ἀτελὲς
1405 1985 1483 2020 δῆλον
1498 1983 1638 2015 ποιοῦντες
1653 1984 1708 2014 τοῖς
1717 1981 1852 2016 ἀγνοοῦσι,

1069 2033 1174 2060 τελείαν
1184 2030 1253 2059 εἶναι
1267 2032 1317 2067 τὴν
1333 2031 1482 2066 ληφθεῖσαν
1508 2028 1718 2063 ἀποφαινόμεθα
1731 2027 1810 2062 φύσιν
1824 2028 1854 2052 ἐκ

1069 2079 1123 2106 τῶν
1137 2079 1217 2106 θείων
1233 2078 1331 2111 λογίων
1345 2077 1392 2103 τοῦ
1414 2075 1583 2110 Πνεύματυς·
1599 2074 1746 2102 Σαδελλίου
1763 2074 1790 2100 δὲ
1808 2072 1853 2099 καὶ

1069 2125 1201 2152 Φωτεινοῦ
1219 2125 1266 2151 καὶ
1278 2123 1438 2159 Μαρκέλλου
1468 2123 1515 2149 καὶ
1541 2121 1648 2149 Παύλου
1665 2121 1714 2155 τὴν
1731 2119 1852 2146 ἀσέϐειαν

227 2167 289 2199 tini,
308 2170 335 2194 et
352 2165 483 2198 Marcelli,
500 2168 527 2192 et
541 2165 616 2192 Pauli
636 2166 805 2200 impietatem
825 2167 1012 2196 convincimus

1070 2171 1229 2206 ὲλέηομεν,
1244 2171 1361 2205 μάρτυρι
1375 2171 1407 2204 τῇ
1431 2168 1490 2203 θείᾳ
1509 2168 1606 2203 Γραφῇ
1629 2165 1853 2211 κεχρημένοιὼκαὶ

226 2211 392 2239 testimoniis
405 2219 439 2238 ex
459 2218 535 2238 sacra
551 2210 693 2246 Scriptura
711 2212 811 2243 allatis,
827 2216 909 2247 atque
926 2217 1017 2240 osten-

221 2256 322 2284 dentes
340 2263 395 2283 non
413 2256 555 2283 hominem
573 2260 688 2289 tantum,
708 2265 803 2284 verum
827 2259 911 2285 etiam
930 2259 1015 2287 Deum

224 2306 360 2330 :eternum
377 2307 405 2329 et
421 2302 495 2328 Patri
516 2302 779 2330 consubstantialem
795 2311 855 2331 esse
875 2304 1015 2332 Christum

228 2349 383 2376 Dominum.
404 2348 482 2381 Quod
501 2355 568 2375 vero
584 2348 702 2376 animam
718 2350 824 2385 accepit
842 2351 1014 2384 rationalem,

226 2395 284 2430 ipse
299 2394 432 2421 Dominus
450 2393 540 2427 docet,
556 2394 684 2429 inquiens
701 2404 707 2421 :
726 2405 734 2420 ι
750 2395 828 2424 Nunc
845 2393 936 2424 anima
954 2405 1015 2425 mea

221 2440 336 2467 turbata
356 2443 411 2470 est;
427 2444 454 2467 et
474 2439 539 2474 quid
553 2440 660 2468 dicam?
676 2441 767 2474 Pater,
785 2442 905 2469 salviiiea
925 2451 968 2470 me
983 2452 1016 2470 ex

223 2487 280 2513 hac
293 2486 376 2518 hora;
393 2485 441 2513 sed
461 2490 607 2520 propterea
623 2486 685 2513 veni
708 2486 736 2513 in
759 2486 854 2513 horam
870 2487 940 2514 hanc
950 2487 984 2514 ³³.
1004 2497 1013 2513 ›

229 2533 261 2559 Et
279 2532 378 2559 iterum
393 2541 399 2559 :
420 2542 428 2557 ‹
445 2532 546 2559 Tristis
558 2536 599 2559 est
613 2533 703 2559 anima
719 2541 778 2560 mea
792 2541 878 2568 usque
895 2534 928 2560 ad
947 2542 1020 2561 mor-

229 2584 283 2605 tem
300 2578 332 2604 3‘.
354 2587 362 2603 ι
386 2579 420 2605 Ει
444 2579 509 2605 alibi
533 2587 540 2606 :
564 2587 572 2604 ‹
595 2579 760 2606 Potestatem
786 2579 875 2606 habeo
899 2580 1018 2614 ponendi

231 2624 350 2652 animam
372 2632 477 2656 meam,
500 2629 527 2652 ct
552 2628 714 2658 potestatem
738 2625 826 2652 habeo
850 2625 950 2652 iterum
975 2634 1021 2653 su-

263 2702 284 2716 ”
299 2701 415 2736 Philipp.
427 2710 457 2733 ιι,
472 2702 498 2728 6.
538 2702 559 2717 ³³
574 2702 652 2729 Joan.
669 2710 715 2735 xu,
731 2702 775 2728 :27.

264 2779 318 2845 Eii?)
333 2780 412 2813 φησὶν
429 2780 508 2807 Vind.
526 2784 555 2818 et
567 2779 650 2806 Mans.
787 2815 802 2820 η

278 2816 322 2844 οδ)
343 2814 378 2840 ita
396 2814 466 2842 haud
491 2815 573 2842 (Iul-ie
596 2815 750 2845 legendum.
774 2815 802 2841 \‘l

278 2816 322 2844 58)
343 2814 378 2840 ita
396 2814 466 2842 haud
491 2815 573 2842 (Iul-ie
596 2815 750 2849 legendum.
774 2815 853 2842 Vind.
882 2815 1018 2842 habebat:

1069 2216 1233 2248 δεικνύντες,
1253 2214 1291 2245 ὡς
1305 2215 1355 2240 οὐκ
1377 2213 1521 2248 ἄνθρωπος
1538 2212 1628 2246 μόνον,
1647 2209 1713 2237 ἀλλὰ
1731 2209 1778 2235 καὶ
1791 2208 1852 2238 Θεὸς

1071 2260 1230 2297 προαιώνιος
1246 2260 1291 2286 καὶ
1306 2258 1345 2294 τῷ
1357 2258 1445 2294 Πατρὶ
1455 2257 1598 2293 ὁμοούσιος
1612 2258 1626 2283 ὁ
1640 2255 1778 2290 Δεσπότης
1792 2254 1853 2288 Χρι-

1070 2308 1142 2338 στός.
1162 2307 1223 2333 Ὅτι
1239 2304 1293 2341 γὰρ
1303 2303 1391 2339 ψυχὴν
1407 2302 1522 2330 ἀνέλαϐε
1535 2301 1658 2336 λογικὴν,
1677 2300 1759 2331 adeo;
1773 2300 1786 2325 ό
1797 2299 1851 2325 Κύ-

1072 2361 1127 2388 ριος
1145 2351 1265 2378 διδάσκει
1279 2349 1376 2382 λέγων·
1392 2357 1400 2372 ι
1419 2347 1476 2373 Νῦν
1488 2348 1504 2381 ὴ
1523 2346 1594 2380 ψυχή
1614 2353 1664 2380 μου
1681 2344 1850 2378 τετάρακται,

1071 2399 1117 2425 καὶ
1131 2397 1157 2423 τί
1174 2398 1260 2427 almo;
1275 2395 1375 2430 Πάτερ,
1395 2393 1481 2420 σῶσόν
1499 2401 1530 2427 με
1548 2393 1579 2418 ὲκ
1595 2391 1645 2426 τῆς
1659 2390 1734 2425 ὥρας
1746 2388 1850 2422 ταύτης

1070 2444 1137 2471 ἀλλὰ
1149 2443 1192 2469 διὰ
1208 2442 1286 2468 τοῦτο
1314 2440 1396 2476 ἦλθον
1420 2440 1460 2469 εἰς
1483 2438 1532 2474 τὴν
1547 2437 1622 2472 ὦραν
1635 2436 1748 2469 ταύτην.
1769 2444 1777 2460 ι
1800 2433 1850 2460 Καὶ

1071 2490 1161 2516 πάλινε
1182 2498 1190 2514 ι
1210 2487 1363 2524 Περίλυπός
1379 2486 1478 2520 ἐστινὴ
1494 2485 1566 2520 ψυχή
1581 2491 1631 2518 μου
1643 2482 1696 2513 ἕως
1710 2480 1848 2508 θανάτου.)

1071 2536 1126 2562 Καὶ
1145 2534 1269 2570 ἑτέρωθι·
1294 2542 1303 2558 1
1338 2531 1478 2564 Ἐξουσίαν
1510 2532 1564 2565 ἔχω
1585 2529 1672 2555 θεῖναι
1697 2527 1746 2562 τὴν
1771 2525 1850 2560 ψυχήν

1074 2590 1134 2615 μου,
1154 2581 1201 2606 καὶ
1224 2578 1347 2612 ἐξουσίαν
1377 2577 1430 2612 ἔχω
1447 2575 1529 2603 πάλιν
1551 2574 1644 2601 λαϐεῖν
1660 2573 1755 2606 αὐτήν·
1772 2570 1850 2601 οὐδεὶς

1073 2625 1144 2661 αἴρει
1173 2625 1257 2658 αὐτὴν
1282 2623 1328 2650 ἀπ’
1349 2622 1425 2658 ἐμοῦ.
1447 2632 1455 2647 ι
1483 2621 1537 2648 Καὶ
1554 2622 1568 2647 ὁ
1593 2619 1707 2653 ἄγγελος
1728 2618 1792 2653 πρὸς
1810 2617 1850 2644 τὸν

817 2701 838 2717 ³⁸
855 2702 949 2729 Mailh.
963 2711 1034 2735 X.\‘\'l,
1051 2703 1094 2730 58.

1074 2780 1133 2806 ἀιτῖ
1157 2778 1264 2813 φύσεως
1285 2779 1370 2813 γὰρὴ
1391 2777 1481 2812 μορφὴ
1498 2785 1524 2804 κ.
1548 2776 1626 2803 οὐσία
1644 2783 1691 2810 πρ.
1719 2773 1798 2801 Maus.
1823 2781 1848 2800 α.

1076 2815 1154 2848 φύσιν
1169 2824 1194 2848 γ.
1215 2816 1241 2850 ἡ.
1259 2824 1287 2849 μ.
1305 2823 1320 2840 κ
1348 2814 1440 2839 οὐσίαν
1459 2821 1505 2848 πρ.
