1945 3058
182 133 250 165 1497

676 129 920 160 TIIEODORETI
940 129 1108 160 EPISCOPI
1128 131 1310 162 CYRENSIS

1751 133 1835 165 1423

181 199 243 218 rum
258 197 323 217 vero
337 187 513 221 immortalis;
533 187 587 214 imo
605 186 667 214 vitae
684 186 823 222 largitoris
838 185 971 213 indicium

1035 187 1139 214 lava-rev
1152 196 1158 202 ·
1177 189 1224 216 καὶ
1238 189 1268 215 τδ
1281 189 1330 224 μὲν
1341 189 1388 216 τοῦ
1403 188 1501 224 θνητοῦ
1515 189 1675 225 δηλωτικὸν,
1689 190 1719 217 τὺ
1729 190 1759 217 δὲ
1773 190 1834 216 τοῦ

181 241 233 265 cst.
263 235 415 264 Crucilixus
431 237 485 266 est,
502 232 652 261 secundum
665 233 776 260 beatum
790 232 915 264 Paulum,
925 239 974 266 per

182 282 415 313 imbecillitatem;
432 280 480 307 sed
498 279 576 312 vivit,
593 279 743 307 secundum
758 279 885 306 eumdem
904 278 974 305 Pau-

182 331 250 361 lum,
273 336 321 362 per
345 327 467 354 divinam
496 326 657 361 potentiam.
685 325 892 360 Explanandum
923 324 976 351 erit

182 373 369 401 imbecillitatis
392 380 494 400 nomen
518 381 524 399 :
546 372 649 399 etenim
667 380 721 399 non
742 375 772 398 ut
790 371 974 405 omnipotens,

182 427 238 447 non
258 418 496 453 circumscriptus,
519 417 710 450 immutabilis,
740 422 821 452 atque
836 416 976 443 vicissitu-

182 465 294 492 dinibus
317 463 431 492 minime
455 464 601 496 obnoxius,
622 463 717 491 atlixus
742 467 784 490 est
813 463 904 496 cruci,
929 462 976 490 sed

183 515 299 542 natura,
324 510 369 537 cui
389 510 462 537 Deus
482 510 566 537 vitam
593 509 655 541 dat,
681 509 833 537 secundum
854 509 977 544 Apostoli

183 556 349 589 doctrinam,
364 560 473 583 mortua
491 561 533 583 est
551 560 578 582 et
598 555 721 590 sepulta;
738 563 855 590 quorum
873 559 978 581 utrum-

183 610 237 637 que
257 602 290 629 ad
318 602 445 629 servilem
473 601 593 636 pertinet
615 601 741 627 fortnam.
766 601 867 628 Januas
888 607 977 627 teneas

184 648 275 683 tregit,
297 652 326 674 et
348 651 440 675 vectes
463 647 569 675 ferreos
591 647 708 682 disjecit,
732 647 829 674 mortis
852 645 978 673 dissolvit

184 692 352 726 potentiam,
381 697 409 719 et
432 695 495 726 post
520 691 643 719 triduum
668 691 823 726 proximum
849 690 979 717 excitavit

186 738 330 773 templum.
346 738 408 765 llaec
419 737 520 765 indicia
533 741 596 765 sunt
608 738 702 765 forma:
714 737 814 765 divinae
826 737 903 772 juxta
918 744 979 763 ver-

186 785 250 811 bum
265 783 372 811 Domini
391 792 397 810 :
418 792 427 808 ι
446 783 550 810 Solvite
566 784 699 818 templum
719 783 783 815 hoc,
799 787 826 810 et
841 783 868 809 in
889 782 978 809 tribus

186 829 284 856 diebus
299 829 425 856 excitabo
442 829 508 856 illud
519 829 551 856 ³⁸.
566 839 574 855 ι
587 829 633 856 Sic
647 830 674 856 in
691 837 745 856 uno
756 829 815 863 ipso
824 828 933 856 Christo
943 828 977 855 ab

187 877 241 903 illis
254 884 315 911 quae
333 883 429 911 passus
446 880 487 903 est
504 876 722 910 contemplamur
738 875 946 906 humanitatem,
963 882 978 901 a

186 922 328 950 miraculis
341 930 407 949 vero
418 923 478 957 cjus
489 922 660 949 divinitatem
673 921 852 955 intelligimus
868 930 873 946 :
888 927 978 955 neque

187 968 214 994 in
228 967 298 994 duos
310 967 435 995 Christos
445 967 514 994 duas
524 972 637 993 naturas
650 966 809 997 dividimus,
822 969 850 991 et
865 965 978 998 scimus,

187 1013 260 1048 quod
285 1021 320 1040 ex
336 1013 417 1040 Patre
439 1017 534 1039 natum
551 1016 593 1039 est
611 1011 730 1039 Verbum
751 1011 884 1043 divinum,
899 1014 926 1037 et
946 1018 980 1038 ex

187 1059 292 1086 semine
312 1058 422 1085 Davidis
443 1062 472 1085 et
493 1057 642 1084 Abrahami
666 1056 864 1092 primogenitus
885 1061 979 1083 noster

190 1104 294 1139 1302
310 1108 402 1130 ortum
425 1103 532 1130 habuit.
553 1103 687 1136 Quocirca
709 1107 737 1129 et
760 1102 858 1129 beatus
880 1102 980 1129 Paulus

188 1150 222 1177 de
236 1150 393 1176 Abrahamo
407 1149 491 1176 verba
505 1149 609 1176 faciens
624 1149 662 1176 ait
675 1158 681 1175 :
698 1158 707 1174 ι
723 1149 886 1183 Neutiquain
900 1147 978 1181 dixit,

187 1200 216 1222 et
229 1195 381 1223 seminibus
396 1195 460 1227 tuis,
480 1200 609 1229 tanquam
629 1194 662 1221 de
682 1194 785 1226 multis,
808 1193 855 1221 sed
875 1193 908 1220 dc
925 1201 980 1220 uno

189 1246 313 1274 tantum;
330 1245 357 1269 et
373 1241 473 1268 semini
488 1245 534 1268 tuo
549 1250 555 1268 ι
573 1240 647 1275 quod
664 1240 790 1267 Christus
806 1244 847 1267 est
861 1239 892 1266 ³³.
912 1249 921 1265 ›
939 1239 980 1266 Ad

189 1286 363 1313 Timotheum
390 1286 493 1314 etenim
523 1286 648 1314 scribens
664 1295 671 1313 :
692 1295 700 1311 ι
718 1287 822 1313 Memor
841 1290 912 1317 esto,
931 1285 980 1317 ait,

188 1329 282 1356 Jcsum
302 1329 443 1357 Christum
464 1330 648 1358 resurrexisse
666 1339 681 1357 a
697 1330 814 1357 mortuis
826 1338 858 1357 ex
877 1330 981 1357 semine

189 1374 311 1407 Davidis,
332 1375 484 1403 secundum
505 1375 683 1412 Evangelium
707 1380 799 1403 meum
814 1376 847 1403 ⁸⁸.
863 1386 871 1401 ι
898 1376 932 1403 Et
947 1375 981 1403 ad

190 1419 328 1447 Romanos
353 1420 457 1455 pariter
481 1420 605 1448 scribens
625 1430 632 1447 :
661 1430 669 1446 ι
685 1420 722 1447 De
740 1418 809 1446 Filio
835 1420 909 1454 ejus,
932 1419 980 1450 ait,

190 1466 239 1501 qui
255 1466 344 1494 factus
362 1470 405 1494 est
422 1475 457 1494 ex
472 1467 576 1494 semine
595 1466 705 1494 Davidis
718 1487 724 1499 ,
742 1466 893 1494 secundum
922 1473 983 1492 car-

190 1520 254 1539 nem
267 1512 299 1538 ".
316 1522 325 1538 ›
344 1511 383 1540 Ac
406 1513 505 1540 iterum
520 1522 526 1540 :
549 1523 558 1538 ι
576 1513 699 1546 Quorum
713 1517 814 1548 patres,
830 1517 902 1539 etes
921 1510 982 1546 qui-

190 1558 243 1585 bus
263 1563 305 1586 est
328 1558 456 1586 Christus
475 1559 628 1586 secundum
648 1567 758 1586 carnem
773 1558 805 1585 δ’.
823 1568 831 1584 ι
849 1558 883 1585 Et
896 1566 981 1585 evan-

191 1604 288 1639 gelista
306 1613 312 1630 :
331 1613 339 1629 ι
356 1603 438 1631 Liber
451 1605 636 1640 generationis
656 1603 719 1632 Jesu
737 1604 850 1637 Christi,
867 1603 915 1630 lilii
930 1603 982 1630 Da-

191 1650 255 1682 vid,
280 1650 329 1676 tilii
350 1649 488 1676 Abraham
501 1648 534 1676 ¹⁸³.
553 1659 562 1674 ›
587 1649 687 1676 Beatus
705 1656 815 1684 quoque
836 1648 933 1675 Petrus
956 1647 983 1674 in

193 1694 268 1722 Actis
282 1703 289 1720 :
309 1704 317 1719 ι
336 1695 483 1729 Propheta,
500 1694 554 1727 ait,
574 1702 638 1721 cum
656 1699 729 1722 esset
741 1693 841 1726 David,
857 1698 885 1720 et
901 1693 985 1721 sciret

193 1739 266 1775 quod
276 1739 456 1776 jurejurando
470 1740 589 1775 jurasset
604 1739 643 1767 illi
658 1740 731 1768 Deus
742 1739 775 1767 de
790 1739 881 1766 l‘ructu
897 1739 984 1766 lumbi

192 1787 253 1822 ejus
265 1786 385 1813 excitare
399 1785 550 1818 Christum,
561 1790 590 1813 et
602 1786 697 1813 sedere
708 1793 792 1820 super
801 1785 894 1812 sedem
906 1785 983 1820 ejus:

193 1831 344 1867 providens
360 1831 467 1859 locutus
480 1835 522 1859 est
535 1831 569 1858 de
587 1831 790 1858 resurrectione
803 1831 863 1866 ejus
871 1830 903 1856 “.
922 1839 930 1855 ι
952 1829 986 1856 Et

194 1877 267 1905 Deus
290 1877 347 1912 ipse
371 1877 440 1904 dixit
460 1876 616 1905 Abrahaiuo
633 1886 639 1903 :
664 1886 673 1902 ι
690 1876 724 1903 Εῑ
743 1876 942 1904 benedicentur
957 1875 985 1902 in

195 1922 300 1949 semine
314 1926 362 1949 tuo
381 1930 477 1950 omnes
489 1928 585 1958 gentes
604 1926 684 1950 terrae
694 1921 727 1949 “.
744 1932 753 1947 ι
773 1921 857 1949 Isaias
872 1925 963 1948 autem
977 1929 984 1947 :

198 1978 208 1994 ε
227 1967 389 2003 Egredietur
400 1967 476 2003 virga
495 1968 529 1995 de
547 1968 639 1995 radice
655 1967 749 2000 Jesse,
772 1971 800 1994 et
821 1966 870 1994 ﬂos
889 1966 922 1993 de
941 1974 986 1993 ra-

195 2013 256 2040 dice
268 2013 328 2048 ejus
339 2013 478 2040 ascendet.
491 2013 525 2040 Et
536 2013 691 2047 requiescet
702 2021 785 2047 super
797 2020 860 2039 eum
875 2011 987 2047 spiritus

195 2058 337 2093 sapientia
355 2062 382 2085 et
399 2058 566 2091 intellectus,
580 2058 693 2093 spiritus
709 2058 816 2085 consilii
835 2062 862 2084 et
877 2057 987 2085 fortitu-

196 2105 279 2137 dinis,
299 2104 414 2140 spiritus
429 2105 550 2132 scientiae
566 2109 595 2131 et
610 2105 729 2139 pietatis,
748 2110 776 2131 et
794 2105 910 2140 replebit
924 2112 988 2131 eum

197 2150 312 2186 spiritus
332 2150 437 2177 timoris
461 2150 508 2177 Dei
523 2150 556 2176 “.
576 2160 585 2175 ι
604 2149 638 2176 Et
653 2150 735 2185 paulo
749 2154 826 2185 post:
849 2159 857 2175 ‹
875 2150 909 2177 Ει
923 2150 986 2182 erit,

1029 234 1172 266 ἀθανάτου,
1189 235 1287 269 μᾶλλον
1301 235 1328 261 δὲ
1345 235 1478 267 ζωοποιοῦ
1491 236 1623 271 τυγχάνει
1637 236 1831 271 σημαντικόν.

1035 280 1220 316 Ἑσταυρώοη,
1242 282 1314 308 κατὰ
1333 282 1379 309 τὸν
1395 283 1528 318 μακάριον
1547 283 1665 315 Παῦλον,
1686 281 1716 314 ἐξ
1739 282 1834 309 ἀσθε-

1028 325 1101 357 νείας
1111 335 1118 341 ·
1132 326 1201 353 ἀλλὰ
1215 326 1248 362 ζῇ
1266 328 1298 353 ἐκ
1319 327 1460 363 δυνάμεως
1479 327 1563 361 Θεοῦ,
1577 327 1649 354 κατὰ
1664 327 1710 353 τὸν
1724 328 1830 354 αὐτόν.

1030 372 1067 398 Τὸ
1078 373 1128 406 τῆς
1142 373 1303 406 ἀσθενείας
1313 374 1399 409 ὄνομα
1412 374 1562 400 διδασκέτω
1577 374 1626 408 οὺχ
1639 373 1676 405 ὡς
1691 374 1705 399 ὁ
1720 381 1832 399 παντο-

1028 417 1158 453 δύναμος,
1175 418 1221 445 καὶ
1240 418 1441 454 ἀπερίγραφος.
1457 418 1504 444 καὶ
1521 418 1656 453 ἄτρεπτος
1670 417 1717 443 καὶ
1736 415 1830 443 ἀναλ-

1028 463 1140 495 λοίωτος
1156 463 1331 500 προσηλώθη,
1349 464 1406 490 ἀλλ’
1423 463 1439 496 ἡ
1456 463 1489 490 ἐκ
1503 463 1644 498 δυνάμεως
1663 461 1730 488 Θεοῦ
1748 461 1828 493 ζωο-

1028 510 1172 545 ποιηθείσα
1185 511 1276 544 φύσις,
1289 509 1361 536 κατὰ
1376 509 1425 544 τὴν
1443 508 1488 535 τοῦ
1511 508 1675 534 Ἀποστόλου
1692 507 1831 533 διδασκασ

1029 556 1098 588 λίαν,
1117 556 1237 582 ἀπέθανε
1253 556 1300 582 καὶ
1315 556 1402 590 ἐτάφη
1415 564 1421 570 ·
1439 555 1583 590 ἀμφότερα
1596 554 1645 589 τῆς
1660 553 1706 580 τοῦ
1724 552 1829 579 δούλου

1031 602 1149 636 μορφῆς.
1167 601 1260 633 Πύλας
1283 601 1386 636 χαλκᾶς
1409 600 1553 635 συνέτριψε
1577 599 1625 626 καὶ
1646 598 1763 633 μοχλοὺς
1781 606 1830 623 σι-

1029 646 1130 681 δηροῦς
1147 646 1202 681 (62)
1218 646 1375 677 συνέθλασε,
1392 645 1439 672 κα).
1456 645 1589 672 κατέλυσε
1602 643 1648 670 τοῦ
1661 644 1779 671 θανάτου
1793 643 1830 669 τὸ

1029 692 1140 726 κράτος,
1157 692 1206 718 καὶ
1229 692 1257 717 ὲν
1273 691 1362 726 τρισὶν
1378 691 1496 726 ἡμέραις
1509 691 1641 725 ἀνέστησε
1662 690 1708 716 τὸν
1721 691 1830 715 οἰκεῖον

1029 738 1109 765 ναόν⁸
1125 739 1212 766 ταῦτα
1231 739 1280 773 τῆς
1299 737 1346 764 τοῦ
1365 738 1434 765 Θεοῦ
1453 739 1558 773 μορφῆς
1576 737 1610 763 τὰ
1625 736 1827 771 γνωρίσματα,

1029 786 1101 813 κατὰ
1124 785 1173 821 τὴν
1189 785 1237 811 τοῦ
1259 784 1362 819 Κυρίου
1378 784 1490 819 φωνήν
1520 792 1529 808 ι
1555 782 1662 809 Λύσατε
1683 782 1729 808 τὸν
1756 781 1826 807 ναὸν

1029 834 1135 866 τοῦτον,
1151 834 1198 860 καὶ
1210 834 1239 859 ὲν
1253 832 1342 866 τρισὶν
1354 831 1472 867 ἡμέραις
1488 829 1577 865 ὲγερῶ
1592 829 1683 856 αὐτόν.
1701 838 1710 854 ο
1726 828 1828 859 Οὕτως

1030 881 1058 906 ἑν
1071 879 1109 914 τῷ
1122 879 1163 905 ἑνὶ
1174 877 1286 913 Χριστῷ
1301 878 1345 904 διὰ
1360 877 1410 912 μὲν
1424 876 1478 902 τῶν
1490 875 1583 902 παθῶν
1598 874 1757 909 θεωροῦμεν
1771 873 1827 908 τὴν

1029 925 1239 960 ἀνθρωπὸτητα,
1261 923 1306 950 διὰ
1322 923 1350 949 δὲ
1365 923 1419 949 τῶν
1438 921 1585 954 θαυμάτων
1607 920 1722 954 νοοῦμεν
1736 919 1826 945 αὑτοῦ

1029 971 1078 1005 τὴν
1104 970 1230 1004 θεότητα.
1257 969 1294 995 Οὐ
1321 968 1376 1003 γὰρ
1400 969 1437 999 εἰς
1466 967 1514 993 δύο
1535 966 1672 1001 Χριστοὺς
1698 964 1748 996 τὰς
1775 964 1828 991 δύο

1030 1016 1125 1050 φύσεις
1140 1015 1298 1050 μερίξομεν.
1311 1014 1366 1040 Ka‘t
1382 1013 1472 1048 ἴσμεν,
1490 1013 1530 1038 ὅτι
1547 1011 1597 1047 μὲν
1610 1012 1641 1038 ὲκ
1655 1010 1701 1037 τοῦ
1714 1009 1828 1044 Πατρὸς

1029 1063 1044 1088 ὁ
1058 1062 1123 1093 Θεὸς
1139 1061 1224 1094 Λόγος
1238 1059 1381 1095 ἐγεννήθη,
1397 1058 1445 1085 καὶ
1459 1059 1492 1084 ὲκ
1507 1057 1665 1092 σπέρματος
1691 1055 1824 1090 ’Δϐραὰμ

1030 1108 1078 1134 καὶ
1098 1106 1179 1133 Δαεὶδ
1202 1108 1219 1141 ἡ
1238 1105 1360 1141 ἡμετέρα
1372 1104 1483 1140 ἀπαρχὴ
1504 1102 1691 1139 προσελήφθη.
1713 1101 1758 1127 At?)
1774 1101 1824 1127 καὶ

1030 1153 1044 1180 ὁ
1062 1153 1195 1188 μακάριος
1211 1151 1315 1182 Παῦλος
1337 1159 1413 1185 φησι,
1435 1149 1499 1184 περὶ
1516 1147 1562 1174 τοῦ
1585 1147 1712 1182 ’Δὸραὰμ
1730 1144 1824 1172 διαλε-

1030 1199 1146 1233 γόμενος
1158 1206 1165 1212 ·
1196 1206 1204 1222 ι
1219 1197 1276 1223 Οὐκ
1296 1194 1374 1227 εἷπε,
1390 1196 1445 1222 Kal.
1465 1196 1522 1226 τοῖς
1548 1192 1686 1228 σπέρμασι
1705 1200 1763 1222 σου,
1783 1190 1823 1221 ὼς

1031 1244 1077 1271 ἐπὶ
1093 1243 1209 1275 πολλῶν,
1221 1242 1277 1269 ἀλλ’
1290 1242 1327 1274 ὡς
1341 1242 1383 1275 ἐφ’
1403 1232 1471 1273 ἑνὸς,
1487 1240 1541 1267 Καὶ
1556 1239 1594 1274 τῷ
1607 1237 1746 1274 σπέρματί
1762 1245 1823 1268 σου,

1033 1291 1062 1322 ὃς
1081 1291 1139 1316 ἐστι
1155 1288 1282 1324 Χριστός.
1300 1297 1310 1313 ι
1325 1287 1380 1314 Καὶ
1390 1286 1515 1322 Τιμοθέῳ
1530 1285 1558 1312 δὲ
1569 1285 1684 1320 γράψων
1695 1304 1703 1316 ,
1721 1293 1729 1308 ι
1746 1283 1824 1316 Μνη-

1034 1337 1141 1372 μόνευε,
1161 1334 1254 1370 φησὶν,
1278 1332 1381 1368 Ἰησοῦν
1398 1331 1515 1367 Χριστὸν
1531 1329 1715 1365 ἐγηγερμένον
1731 1329 1763 1354 ὲκ
1777 1335 1823 1352 νε-

1033 1383 1107 1418 κρῶν
1120 1382 1153 1408 ὲκ
1167 1381 1324 1416 σπέρματος
1337 1378 1429 1411 Δαϐὶδ,
1441 1377 1511 1404 κατὰ
1522 1376 1552 1403 τὸ
1565 1375 1728 1409 Εὑαγγέλιόν
1742 1382 1802 1409 μου.
1812 1383 1821 1398 ι

1033 1428 1089 1454 Καὶ
1106 1426 1250 1461 Ῥωμαίοις
1263 1424 1428 1452 ἐπιστέλλων
1443 1431 1449 1438 ·
1469 1432 1478 1448 ι
1494 1422 1562 1458 Περὶ
1580 1421 1627 1448 τοῦ
1642 1420 1707 1447 Υἱοῦ
1728 1418 1824 1450 αὐτοῦ,

1034 1473 1111 1508 φησὶ,
1143 1471 1190 1498 τοῦ
1214 1470 1360 1506 γενομένου
1390 1470 1423 1496 ἐκ
1451 1468 1610 1504 σπέρματος
1637 1465 1720 1492 Δαὸὶδ
1752 1463 1825 1508 κατὰ

1036 1506 1126 1554 σάρκα
1135 1518 1201 1552 (65).
1214 1526 1224 1544 ι
1236 1516 1290 1543 Καὶ
1305 1515 1395 1542 πάλιν·
1412 1525 1421 1540 ι
1434 1511 1485 1540 Ὧν
1497 1514 1522 1540 οἱ
1538 1513 1656 1547 πατέρες
1680 1513 1728 1538 καὶ
1740 1510 1770 1543 ἐξ
1786 1506 1825 1536 ὧν

1034 1564 1048 1589 ὁ
1069 1562 1187 1597 Χριστὸς
1204 1562 1233 1587 τὺ
1254 1560 1325 1587 κατὰ
1346 1560 1445 1595 σάρκα.
1464 1568 1473 1584 ι
1493 1557 1547 1584 Καὶ
1568 1558 1582 1584 ὁ
1601 1555 1799 1590 εὑαγγελιστής
1817 1563 1824 1568 ·

1038 1615 1046 1631 ι
1065 1605 1160 1636 Βίϐλος
1174 1604 1308 1638 γενέσεως
1329 1603 1416 1637 Ἰησοῦ
1431 1601 1562 1638 Χριστοῦ,
1577 1600 1635 1627 υἱοῦ
1651 1599 1749 1631 Δαΰὶδ,
1765 1599 1825 1625 υἱοῦ

1041 1651 1178 1686 Ἀϐραάμ.
1194 1660 1203 1677 ι
1221 1650 1275 1676 Ka‘t
1288 1651 1301 1676 ὁ
1314 1649 1448 1684 μακάριος
1463 1648 1565 1683 Πέτρος
1576 1648 1604 1673 ὲν
1615 1647 1674 1678 ταῖς
1686 1646 1804 1681 Πρὰξεσι
1817 1665 1825 1677 ,

1039 1707 1047 1723 ι
1064 1698 1222 1733 Προφήτης,
1246 1696 1339 1731 φησὶν,
1368 1696 1499 1730 ὑπάρχων
1522 1697 1535 1721 ὁ
1561 1694 1653 1724 Δαεῖὶδ.
1680 1693 1727 1718 καὶ
1749 1691 1827 1722 εἰδὼς

1035 1743 1076 1770 ὅτι
1090 1743 1164 1778 ὅρκῳ
1181 1742 1288 1777 ὤμοσεν
1302 1741 1375 1775 αὑτῷ
1391 1742 1405 1767 ὁ
1418 1741 1483 1771 Gal);
1496 1741 1528 1766 ὲκ
1545 1738 1652 1774 καρποῦ
1665 1739 1715 1773 τῆς
1726 1737 1826 1771 ὀσφύος

1036 1788 1118 1816 αὐτοῦ
1136 1788 1299 1823 ἀναστήσειν
1325 1787 1369 1813 τὸν
1385 1787 1501 1821 Χριστὸν
1525 1786 1573 1812 καὶ
1590 1784 1701 1810 καθίσαι
1719 1783 1765 1810 ἐπὶ
1780 1781 1825 1809 τοῦ

1036 1835 1133 1871 θρόνου
1150 1833 1232 1861 αὐτοῦ
1244 1841 1252 1849 ο
1270 1832 1402 1868 προειδὼς
1421 1831 1536 1867 ἐλάλησε
1562 1830 1626 1865 περὶ
1646 1831 1695 1865 τῆξ
1709 1829 1827 1856 ἀναστά-

1038 1890 1106 1913 σεως
1121 1880 1214 1907 αὐτοῦ.
1234 1889 1243 1905 ι
1262 1879 1316 1906 Ka‘t
1337 1879 1351 1905 ὀ
1363 1879 1428 1910 Θεὸς
1443 1877 1481 1912 τῷ
1500 1877 1625 1912 Ἀϐραάμ
1644 1883 1727 1911 φησι·
1749 1885 1758 1900 ι
1783 1874 1827 1900 Ἐν

1037 1925 1075 1961 τῷ
1091 1925 1230 1962 σπέρματί
1255 1934 1301 1951 σου
1325 1924 1583 1959 ἑνευλογηθήοονται
1602 1922 1692 1948 πάντα
1712 1921 1746 1948 τὰ
1761 1920 1824 1954 ἕονη

1036 1974 1086 2008 τῆς
1101 1973 1162 2007 γῆς.
1187 1982 1196 1998 ι
1213 1971 1268 1998 Καὶ
1283 1971 1297 1997 ὀ
1317 1971 1431 2002 ἸΙσαῖας
1447 1969 1475 1996 δέ
1493 1978 1499 1984 ·
1525 1978 1534 1995 ‹
1569 1968 1754 2000 Ἐξεὶεὺσεται
1781 1967 1828 2001 ῥά-

1038 2017 1100 2049 ϐδος
1115 2019 1147 2043 ὲκ
1171 2016 1220 2051 τῆς
1246 2015 1324 2052 ῥίζης
1345 2014 1453 2046 Ἰεσσαὶ,
1474 2014 1522 2040 καὶ
1543 2013 1621 2044 ἄνθος
1638 2012 1669 2037 ἐκ
1688 2011 1736 2045 τῆς
1752 2010 1826 2045 ῥίζης

1039 2062 1216 2097 ἀναδήσεται,
1239 2061 1285 2086 καὶ
1307 2059 1533 2086 ὲπαναπαύσεται
1556 2058 1599 2084 ἐπ’
1616 2057 1697 2084 αὑτὸν
1719 2055 1825 2089 πνεῦμα

1040 2107 1135 2142 σοφίας
1159 2107 1205 2133 καὶ
1225 2106 1359 2137 συνέσεως
1374 2125 1381 2137 ,
1403 2104 1514 2139 πνεῦμα
1531 2104 1629 2139 βουλῆς
1652 2103 1700 2129 καὶ
1725 2101 1823 2136 ἰσχύος,

1040 2153 1148 2187 πνεῦμα
1161 2145 1288 2186 γνώσεως
1303 2151 1350 2177 καὶ
1366 2150 1518 2181 εὐσεϐείας,
1536 2149 1645 2183 πνεῦμα
1663 2147 1745 2181 φόϐου
1760 2146 1825 2172 Θεοῦ

197 2197 245 2228 ait,
262 2196 339 2223 radix
356 2196 443 2228 Iesse,
460 2199 488 2223 et
501 2195 546 2230 qui
567 2199 621 2222 stat
640 2195 667 2222 in
687 2195 793 2229 signum
811 2195 981 2229 populorum,

1040 2200 1175 2235 ἐμπλήσει
1193 2199 1284 2225 αὐτόν.
1308 2207 1316 2223 ι
1352 2198 1407 2223 Καὶ
1436 2196 1495 2232 μετ’
1516 2196 1609 2231 ὀλίγα,
1634 2204 1642 2219 ι
1663 2195 1716 2220 Καὶ
1740 2193 1824 2224 ἔσται,

199 2241 287 2276 ipsum
302 2245 397 2276 gentes
408 2240 641 2275 deprecabuntur,
656 2243 684 2268 et
695 2240 748 2267 erit
760 2240 916 2274 sepulcrum
931 2240 990 2275 ejus

198 2287 349 2323 gloriosum
359 2286 392 2313 ⁸⁷.
404 2295 414 2312 ι

234 2379 380 2406 Manifesta
395 2378 479 2414 igitur
494 2386 527 2406 ex
545 2379 599 2414 jam
619 2378 700 2407 dictis
723 2383 835 2414 apparet
849 2379 990 2407 Christum

199 2425 349 2453 secundum
365 2432 476 2452 carnem
488 2425 636 2452 Abrahami
651 2430 679 2453 et
694 2426 804 2453 Davidis
818 2425 903 2453 ﬁlium
917 2434 988 2458 esse,

198 2477 227 2499 et
244 2470 383 2506 propriam
399 2471 508 2498 illorum
525 2471 655 2498 habuisse
674 2476 810 2498 naturam.
826 2472 930 2508 1303
948 2472 991 2499 Fi-

199 2518 255 2545 lius
270 2524 336 2544 vero
348 2521 477 2549 aeternus,
496 2521 524 2544 et
535 2516 655 2544 Verbum
670 2516 718 2544 Dei
730 2522 773 2544 est
783 2517 933 2544 secundum
946 2516 990 2544 di—

200 2563 361 2595 vinitatem,
382 2562 517 2589 ineffabili
541 2562 641 2594 modo,
663 2567 692 2590 et
717 2570 798 2598 supra
820 2563 989 2591 intellectum

201 2609 351 2636 humanum
367 2617 400 2636 ex
417 2608 497 2636 Patre
516 2612 612 2640 natus;
629 2614 782 2636 coaeternus
800 2613 829 2636 ut
848 2610 988 2644 splendor,

200 2659 229 2681 ct
243 2654 339 2690 ﬁgura,
351 2659 379 2683 et
391 2655 510 2682 Verbum
524 2654 583 2690 ejus
596 2655 740 2682 exsisteus.
755 2655 989 2688 Quemadmodum

238 2733 261 2750 ³⁸
271 2733 352 2761 Joan.
367 2742 396 2766 ιι,
410 2734 452 2762 19.
473 2734 494 2750 ³³
511 2735 598 2763 Galat.
613 2744 652 2764 ιιι.
669 2736 711 2762 16.
733 2735 754 2750 ’⁵ο
768 2735 789 2762 ll
808 2735 928 2763 Timoth.
942 2745 971 2767 ιι,

249 2770 294 2796 50.
325 2769 347 2783 ⁸⁸
362 2769 460 2797 Genes.
476 2778 542 2799 χχιι.
556 2771 598 2797 18.
633 2771 655 2786 “'
669 2771 719 2798 lsa.
732 2779 768 2799 Xl.
786 2771 839 2797 1-5.
876 2772 896 2786 ⁸⁷
914 2772 980 2799 ibid.

1035 2737 1052 2752 "
1067 2739 1146 2765 Rom.
1162 2746 1181 2769 ι,
1194 2737 1219 2764 ’5.

891 2780 980 2798 'llJlO.
1000 2780 1039 2798 lU.

203 2776 233 2801 ιι,
249 2770 294 2796 50.
325 2769 347 2783 ⁸⁸
362 2769 460 2797 Genes.
476 2778 542 2802 xxu,
556 2771 598 2797 l8.
633 2771 655 2786 “'
669 2771 719 2798 lsa.
732 2779 768 2802 χι,
786 2771 839 2797 1-5.

242 2836 298 2870 (ϋί)
315 2836 367 2861 σιὸ.
377 2837 450 2863 abest
468 2846 482 2864 a
496 2838 582 2866 Mans.

1039 2246 1132 2281 φησὶν,
1150 2246 1167 2279 ἡ
1187 2244 1250 2279 ῥίζα
1262 2243 1309 2270 τοῦ
1332 2243 1430 2270 Ἰεσσαὶ
1446 2243 1493 2269 καὶ
1507 2243 1521 2269 ὁ
1536 2241 1717 2276 ἀνιστάμενος
1734 2239 1824 2273 ἄρχειν

1039 2291 1124 2318 ἐθνῶν
1137 2298 1143 2305 ·
1165 2292 1207 2316 ἐπ’
1221 2290 1295 2324 αὑτῴ
1314 2289 1378 2323 ἔθνη
1401 2287 1525 2315 ὲλπιοῦσι
1543 2296 1549 2302 ·
1565 2287 1613 2313 καὶ
1633 2286 1709 2312 ἔσται
1731 2286 1747 2320 ἡ
1764 2285 1825 2311 ἀνά-

1040 2345 1139 2368 παυσις
1161 2336 1244 2363 αὑτοῦ
1259 2337 1334 2371 τιμή.
1353 2345 1362 2361 ι

1076 2382 1162 2417 Δῆλον
1180 2383 1270 2409 τοίνυν
1295 2382 1327 2408 ἐκ
1347 2381 1401 2407 τῶν
1419 2380 1581 2416 εἰρημένων,
1594 2379 1630 2410 ὡς
1645 2378 1676 2404 τὺ
1691 2377 1741 2413 μὲν
1759 2376 1826 2404 κατά

1044 2429 1134 2464 σάρκα
1150 2429 1163 2455 ὁ
1188 2428 1305 2463 Χριστὸς
1324 2427 1369 2453 τοῦ
1402 2425 1528 2461 Ἀϐραὰμ
1546 2427 1593 2452 καὶ
1611 2424 1694 2450 Δαῆὶδ
1709 2423 1825 2458 ὑπῆρχεν

1043 2475 1187 2508 ἀπόγονος,
1212 2473 1260 2500 καὶ
1281 2473 1331 2508 τὴν
1357 2472 1441 2507 αὐτὴν
1458 2472 1549 2502 αὐτοῖς
1568 2469 1722 2505 περιέκειτο
1738 2468 1824 2502 φύσιν,

1043 2519 1113 2546 κατὰ
1129 2519 1157 2546 δὲ
1168 2519 1217 2554 τὴν
1233 2518 1346 2554 θεότητα
1360 2517 1406 2545 τοῦ
1422 2517 1489 2544 Θεοῦ
1504 2515 1665 2552 προαιὼνιός
1679 2515 1752 2541 ἐστιν
1768 2513 1826 2545 Υἱὸς

1043 2566 1091 2592 καὶ
1107 2564 1204 2599 Λόγος,
1219 2564 1366 2599 ἀφράστως
1377 2572 1407 2589 τε
1423 2563 1470 2589 καὶ
1490 2562 1561 2597 ὑπὲρ
1575 2561 1718 2597 ἄνθρωπον
1735 2559 1767 2585 ὲκ
1782 2558 1825 2585 τοῦ

1044 2613 1150 2647 Πατρδς
1162 2611 1313 2646 γεννηθεὶς,
1330 2610 1377 2636 καὶ
1389 2609 1524 2640 συναῖδιος
1538 2607 1670 2642 ὑπάρχων
1684 2606 1722 2637 ὡς
1741 2604 1825 2632 ἀπαύ-

1044 2666 1137 2693 γασμα
1150 2658 1197 2684 καὶ
1212 2657 1355 2693 χαρακτὴρ
1373 2656 1419 2682 καὶ
1432 2655 1528 2689 Λόγος.
1546 2654 1590 2686 Ὧς
1602 2654 1657 2689 γὰρ
1670 2653 1748 2687 λόγος
1763 2650 1825 2687 πρὸς

1258 2737 1278 2753 δ’
1294 2738 1371 2764 Rom.
1383 2746 1419 2769 ix,
1437 2737 1462 2764 5.
1489 2736 1511 2752 ⁸³
1523 2735 1652 2767 Matth.1,
1667 2735 1692 2761 l.
1733 2734 1756 2750 “
1768 2733 1824 2761 Act.

1080 2839 1134 2874 (65)
1149 2839 1177 2864 τὴ
1192 2847 1218 2864 κ.
1237 2847 1260 2864 τ.
1275 2838 1359 2866 Mans.
