1945 3058
114 2775 128 2805 θ

113 163 187 196 1429

799 164 981 194 EPISTOLA
1000 165 1068 195 CLI.

1688 159 1755 193 1430

112 217 180 245 νοῦν
198 217 244 244 καὶ
261 217 434 254 ἀπαύγασμα
451 218 520 255 πρὸς
532 218 562 245 τδ
582 219 639 253 φῶς
659 216 819 252 ἁχωρίςτως
839 216 907 251 ἔχει,

971 217 1035 244 :nim
1051 217 1166 244 verbum
1183 226 1197 244 a
1218 221 1309 245 mente
1329 222 1358 245 et
1375 217 1505 252 splendor
1524 225 1539 244 a
1555 217 1616 244 luce
1633 217 1754 252 separari

112 264 204 296 οὕτως
224 265 239 290 ό
257 263 404 300 μονογενὴς
425 265 489 296 Υῑδς
509 265 579 300 πρὸς
600 264 646 290 τὸν
670 262 768 290 ἑαυτοῦ
786 263 907 298 Πατέρα.

113 310 210 345 Φαμὲν
232 309 321 337 τοίνυν
344 310 389 337 τὸν
416 311 518 346 Κύριον
545 310 624 346 ήμῶν
658 309 762 345 Ἰησοῦν
792 309 909 344 Χριστὸν

115 355 185 383 Υἱδν
197 354 266 383 εἶναι
284 356 415 391 μονογενῆ
431 356 477 383 τοῦ
497 355 565 383 Θεοῦ
581 357 644 382 xa‘t’
652 356 824 390 πρωτότοκον
835 364 841 370 ·
862 364 907 390 μο-

115 400 216 436 νογενῆ
232 401 282 436 μὲν
298 401 346 428 καὶ
362 402 414 437 πρὸ
437 402 486 437 τῆς
509 402 756 438 ἐνανθρωπήσεως,
776 401 823 428 καὶ
840 400 910 436 μετὰ

115 446 168 480 τὴν
196 446 403 482 ὲνανθρώπησιν
426 454 433 461 '
461 446 636 482 πρωτότοκον
661 446 688 472 δὲ
710 446 780 482 μετὰ
806 446 855 481 τὴν
878 446 911 472 ὲκ

117 491 258 528 Παρθένου
278 492 404 528 γέννησιν
423 502 430 509 ·
447 493 486 528 τῷ
508 493 561 529 γὰρ
579 494 729 528 Μονογενεῖ
748 493 778 520 τὺ
799 493 910 529 Πρωτό-

117 546 200 569 τοκος
217 537 302 573 ὄνομα
314 539 433 565 ἐναντίον
448 540 496 574 μὲν
510 537 580 566 εἶναι
605 548 663 571 πως
673 540 758 571 δοκεῖ,
773 539 839 566 διότι
853 539 910 574 (64)

119 583 270 618 μονογενὴς
286 583 335 619 μὲν
348 585 361 610 ὸ
377 585 456 619 μόνος
472 584 504 611 ἐκ
527 593 599 616 τινος
618 585 759 619 γεννηθεὶς
777 592 912 620 προσαγο-

119 628 243 663 ρεύεται,
259 630 431 664 πρωτότοκος
452 631 480 657 δὲ
499 631 513 657 ὁ
528 630 633 658 πολλῶν
648 630 771 664 ἀδελφῶν
791 631 909 666 πρῶτος.

118 674 174 700 Τὸν
183 672 211 699 δὲ
223 674 290 702 Θεὸν
315 675 400 710 Λόγον
427 676 507 711 μόνον
527 677 559 702 ἑκ
581 676 628 702 τοῦ
650 677 758 711 Πατρὸς
783 678 811 703 αἱ
839 677 911 702 θεῖαι

119 719 230 755 Γραφαὶ
241 721 405 756 γεννηθῆναι
420 721 544 756 λέγουσιν
555 730 561 736 ”
576 723 680 756 γίνεται
693 722 721 748 δὲ
743 722 790 747 καὶ
804 721 912 756 πρωτό-

118 774 200 797 τοκος
214 767 228 792 ὁ
244 766 409 803 Μονογενὴς,
430 767 479 801 τὴν
493 768 632 803 ἡμετέραν
650 767 729 801 φύσιν
746 765 865 801 εἰληφὼς
881 767 912 792 ἐκ

120 811 173 845 τῆς
186 811 337 845 Παρθένου,
349 812 396 838 καὶ
404 812 534 846 ἀδελφοὺς
545 813 607 844 τοὺς
620 813 658 843 εἰς
672 813 753 839 αὑτὸν
766 820 913 838 πεπιστευ-

123 856 207 887 κότας
219 857 440 892 προσαγορεῦσαι
458 858 629 890 καταξιώσας
639 865 646 872 '
663 857 699 888 ὡς
718 854 788 883 εἶναι
802 857 847 882 τὸν
863 856 912 882 αὺ-

121 903 168 928 τδν
186 889 320 938 μονογενῆ
339 889 388 938 μὲν
413 903 480 930 καθὸ
502 889 578 935 Θεὸς,
597 903 770 938 πρωτότοκον
792 902 821 928 δὲ
845 902 912 929 καθὸ
929 889 951 916 Β

122 948 279 984 ἄνθρωπος.
305 949 399 980 Οὕτως
415 950 494 985 ἡμεῖς
514 950 562 982 τὰς
579 949 625 975 δύο
640 949 736 984 φύσεις
750 948 914 983 ὁμολογοῦν-

122 1003 170 1026 τες
182 995 228 1021 τὸν
249 995 298 1021 ἕνα
321 996 439 1031 Χριστὸν
459 995 676 1031 προσκυνοῦμεν,
695 995 742 1021 καὶ
760 996 825 1029 μίαν
840 994 914 1030 αὑτῷ

123 1041 317 1076 προσφέρομεν
333 1041 382 1077 τὴν
405 1042 601 1077 προσκύνησιν.
624 1042 680 1078 Τὴν
701 1042 754 1078 γὰρ
775 1042 872 1069 ἕνωσιν
885 1041 914 1074 ἐξ

123 1087 210 1122 αὐτῆς
223 1088 272 1122 τῆς
287 1087 445 1123 συλλήψεως
458 1088 486 1114 ὲν
500 1089 533 1123 τῇ
546 1089 611 1124 ἁγίᾳ
622 1089 671 1122 τῆς
683 1087 823 1123 Παρθένου
836 1087 914 1122 νηδύῖ

124 1133 291 1167 γεγενῆσθαι
314 1133 489 1169 πιστεύομεν.
509 1134 555 1160 Διὸ
572 1135 621 1161 καὶ
641 1134 772 1160 Θεοτὸκον
795 1135 842 1160 καὶ
869 1135 914 1161 ἀν-

123 1179 299 1213 θρωποτόκον
323 1180 372 1215 τὴν
391 1180 472 1214 ἁγίαν
498 1180 636 1215 Παρθένον
663 1180 915 1216 προσαγορεύομεν.

130 1225 241 1260 Ἐπειδὴ
259 1227 307 1253 καὶ
328 1227 409 1258 αὐτὸς
431 1228 445 1253 ὁ
461 1227 599 1260 Δεσπότης
620 1227 748 1262 Χριστὸς,
778 1226 844 1258 Θεὸς
870 1226 917 1252 καὶ

124 1270 268 1305 ἄνθρωπος
292 1271 344 1298 ὑπὸ
367 1272 416 1306 τῆς
442 1272 518 1304 θείας
543 1272 665 1299 καλεῖται
684 1272 807 1307 Γραφῆς.
829 1273 884 1298 Καὶ
902 1273 916 1298 ὁ

130 1317 305 1352 Ἐμμανουὴλ
321 1318 359 1350 δὲ,
374 1317 427 1344 τῶν
444 1318 490 1345 δύο
504 1318 611 1352 φύσεων
627 1318 757 1354 κηρύττει
777 1318 826 1353 τὴν
848 1317 917 1344 ἕνω-

126 1370 179 1390 σιν.
198 1361 228 1388 ΕΞ
249 1363 278 1389 δὲ
294 1362 339 1389 τὸν
356 1363 474 1397 Χριστὸν
501 1363 567 1390 Θεὸν
589 1356 636 1390 καί
658 1364 800 1400 ἄνθρωπον
823 1364 918 1396 ὁμολο-

125 1407 228 1443 γοῦμεν
251 1408 297 1434 καὶ
320 1408 445 1444 λέγομεν,
463 1409 505 1441 τίς
519 1408 606 1440 οὕτως
630 1409 741 1444 εὐήθης,
766 1409 803 1441 ὡς
821 1410 918 1443 φυγεῖν

125 1454 175 1489 τὴν
188 1454 417 1488 ἀνθρωποτόκος
434 1455 537 1490 φωνὴν,
556 1456 624 1490 μετὰ
644 1456 692 1491 τῆς
702 1456 834 1483 Θεοτὸκου
846 1455 919 1483 nec-

128 1500 229 1535 μένην;
254 1500 298 1527 Ἐν
310 1500 364 1535 γὰρ
378 1500 418 1535 τῷ
435 1500 558 1537 Δεσπὸτῃ
582 1501 694 1536 Χριστῷ
717 1501 767 1533 τὰς
783 1502 829 1528 δύο
845 1502 918 1528 τίθε-

128 1554 179 1581 μεν
194 1546 396 1582 προσηγορίας
412 1547 452 1573 διὸ
466 1548 482 1582 ἡ
499 1547 640 1583 Παρθένος
652 1548 796 1583 τετίμηται
809 1548 856 1575 καὶ
872 1557 919 1575 κε-

127 1591 302 1626 χαριτωμένη
322 1593 550 1628 προσηγορεύθη·
573 1593 614 1626 τίς
625 1591 671 1620 οὖν
690 1592 720 1621 εὖ
737 1593 791 1629 (65⁸)
814 1595 919 1630 φρονῶν

129 1638 339 1673 παραιτήσαιτο,
352 1638 406 1665 ἀπὸ
422 1638 476 1665 τῶν
492 1638 540 1665 τοῦ
557 1639 684 1675 Σωτῆρος
695 1640 836 1675 ὀνομάτων
852 1641 920 1667 ἀποσ

129 1683 241 1711 καλέσαι
268 1683 317 1719 τὴν
344 1684 493 1720 Παρθένον,
517 1684 533 1719 ἦ
565 1685 600 1711 δι’
627 1686 730 1712 ἐκεῖνον
761 1687 837 1720 παρὰ
866 1687 921 1713 τῶν

129 1730 234 1756 πιστῶν
256 1730 435 1767 γεραίρεται;
459 1731 496 1757 Οὐ
514 1731 567 1767 γὰρ
589 1732 603 1758 ὀ
624 1731 654 1763 ἐξ
677 1732 762 1767 αὐτῆς
781 1732 813 1758 δι’
836 1734 921 1768 αὐτὴν

131 1777 287 1812 σεδάσμιος,
302 1777 359 1804 ἀλλ’
372 1778 441 1813 αὑτὴ
456 1777 499 1804 διὰ
510 1778 555 1805 τὸν
567 1777 597 1810 εξ
612 1778 697 1812 αὐτῆς
707 1780 767 1810 ταῖς
779 1778 922 1813 μεγίσταις

131 1825 329 1862 προσηγορίαις
343 1825 516 1853 καλλύνεται.

166 1870 198 1896 Ei
224 1870 273 1905 μὲν
299 1868 345 1896 οὖν
362 1870 427 1901 Θεὸς
451 1870 531 1905 μόνον
553 1870 568 1895 ὁ
588 1869 725 1904 Χριστὸς,
747 1870 794 1896 καὶ
819 1871 851 1896 ἐκ
874 1870 923 1904 τῆς

132 1915 271 1951 Παρθένου
300 1915 347 1942 τοῦ
367 1913 436 1941 εἶναι
459 1913 509 1950 τῆν
534 1914 620 1950 ἀρχὴν
652 1914 775 1950 εἴληφεν,
797 1914 923 1941 ἐντεῦθεν

133 1961 238 1997 μόνονὴ
251 1961 388 1996 Παρθένος
402 1961 578 1995 ὀνομαζέσθω
589 1961 637 1986 καὶ
648 1960 784 1987 καλείσθω
793 1960 923 1991 Θεοτὸκος

132 2007 169 2038 ὡς
181 2006 247 2033 Θεὸν
263 2006 341 2041 φύσει
356 2007 521 2042 γεννήσασα.
540 2007 571 2032 Ei
586 2006 614 2033 δὲ
630 2007 697 2038 Θεὸς
717 2007 764 2033 καὶ
779 2006 924 2042 ἄνθρωπος

132 2053 147 2079 6
160 2052 289 2088 Χριστὸς,
306 2052 352 2078 καὶ¹
366 2051 396 2078 τὺ
413 2052 461 2087 μὲν
475 2050 509 2088 ἦν
524 2051 568 2078 ἀεὶ
586 2051 666 2087 λ(οῦτε
683 2052 737 2088 γὰρ
754 2052 855 2087 ἤρξατο
877 2051 924 2079 τοῦ

133 2096 212 2125 εἶναι’
230 2099 364 2130 συναῖδιος
380 2098 433 2133 γὰρ
447 2098 485 2133 τῷ
505 2099 687 2134 γεννήσαντι),
706 2099 736 2125 τὸ
752 2099 780 2125 δὲ
793 2099 835 2126 ἐπ’
848 2099 926 2134 ἐσχά-

133 2148 186 2170 των
206 2144 262 2180 (66)
289 2145 342 2171 τῶν
360 2144 462 2180 καιρῶν
476 2144 508 2171 ἐκ
520 2145 568 2179 τῆς
582 2144 755 2180 ἀνθρωπείας
774 2145 924 2180 ἐϐλάστησε

135 2189 251 2224 φύσεως,
271 2190 440 2226 ἑκατέρωθεν
453 2191 467 2216 ὁ
481 2190 654 2225 δογματίζειν
675 2191 784 2222 ἐθέλων,
803 2190 927 2216 πλεκέτω

961 262 1074 289 minime
1092 267 1222 297 possunt;
1241 263 1278 290 ita
1293 270 1345 290 nec
1359 263 1517 298 unigenitus
1534 262 1620 290 Filius
1634 271 1648 290 a
1664 262 1754 290 Patre.

961 308 1134 343 Quapropter
1163 309 1310 336 Dominum
1338 313 1464 336 nostrum
1493 309 1586 336 Jesum
1614 307 1754 336 Christum

961 354 1060 382 Filium
1089 355 1262 390 unigenitum
1285 359 1313 382 et
1336 355 1548 390 primogenitum
1569 363 1629 382 esse
1655 354 1754 382 asseri-

961 408 1040 433 mus;
1059 401 1230 436 unigenitum
1247 401 1359 435 quidem
1378 405 1433 427 tam
1454 406 1517 428 ante
1535 408 1615 435 quam
1634 404 1694 435 post
1711 400 1754 427 in—

961 446 1168 479 carnationem;
1198 446 1411 481 primogenitum
1432 444 1504 474 ‘vero
1530 446 1648 474 dicimus
1673 455 1754 479 eum,

962 496 1108 526 postquam
1120 500 1153 519 ex
1166 493 1277 528 Virgine
1288 497 1369 520 natus
1378 497 1429 520 est.
1441 493 1545 520 Nomen
1558 493 1757 528 primogenitus

963 537 1108 572 Unigenito
1139 546 1294 573 repugnare
1322 538 1525 573 quodammodo
1550 538 1669 569 videtur,
1691 546 1756 573 pro-

962 587 1057 617 pterea
1080 584 1154 618 quod
1177 584 1340 619 Unigenitus
1360 585 1529 619 appellatur;
1549 585 1595 619 qui
1612 585 1710 611 unicus
1725 592 1757 611 ex

962 629 1056 664 aliquo
1071 630 1208 663 nascitur;
1228 631 1426 665 primogenitus
1438 638 1514 663 vero,
1528 630 1575 664 qui
1592 631 1679 665 major
1692 634 1758 656 natu

963 675 1036 702 inter
1058 675 1159 703 multos
1184 676 1292 704 fratres.
1321 677 1449 704 Divinum
1475 677 1597 704 Verbum
1622 684 1655 703 ex
1678 676 1758 703 Patre

964 722 1076 749 unicum
1093 727 1185 749 natum
1204 731 1263 750 esse
1276 723 1426 758 Scriptura:
1441 723 1558 756 docent;
1575 722 1605 749 ﬁt
1623 728 1714 749 autem
1732 726 1759 748 et

964 768 1182 803 primogenitus.
1203 770 1250 804 qui
1273 769 1431 804 unigenitus
1450 773 1525 801 erat,
1553 769 1619 796 dum
1638 773 1759 795 nostram

965 821 1091 843 naturam
1107 824 1122 843 a
1134 816 1246 851 Virgine
1263 816 1423 851 assumpsit,
1439 821 1468 843 et
1484 817 1556 849 illos,
1571 815 1617 850 qui
1636 816 1686 850 ipsi
1701 823 1760 842 cre-

965 862 1106 894 diderunt,
1121 862 1220 889 fratres
1233 863 1370 897 appellare
1387 862 1515 898 dignatus
1528 867 1584 895 est;
1599 862 1634 889 ita
1649 862 1760 889 utidem

965 915 1018 944 qua
1033 907 1114 939 Deus,
1135 907 1293 942 nnigcnitus
1312 911 1364 939 est,
1388 907 1588 942 primogenitus
1610 915 1686 939 vero,
1706 915 1761 942 qua

966 953 1058 980 homo.
1089 951 1134 979 Sic
1161 960 1211 979 nos
1240 951 1309 978 duas
1338 952 1509 980 admittimus
1540 956 1663 983 naturas,
1712 952 1761 979 sed

965 1007 1050 1026 unum
1067 999 1214 1025 adoramus
1244 997 1396 1030 Christum,
1428 1002 1456 1025 et
1491 1006 1546 1025 una
1570 1006 1631 1025 eum
1647 1006 1762 1024 venera-

966 1052 1028 1071 mur
1048 1043 1226 1075 adorationc,
1252 1043 1454 1078 copulationem
1485 1043 1518 1070 ab
1542 1044 1601 1078 ipso
1625 1049 1761 1078 conceptu

966 1089 1065 1117 factam
1086 1089 1171 1116 fuisse
1189 1089 1216 1115 in
1236 1092 1331 1116 sancto
1351 1088 1473 1124 Virginis
1491 1093 1570 1116 utero
1590 1089 1729 1116 credimus
1754 1098 1760 1115 :

967 1140 1135 1171 quapropter
1153 1138 1181 1162 et
1201 1139 1321 1161 sanctam
1341 1134 1492 1169 Virginem,
1514 1134 1562 1161 Dei
1587 1138 1615 1161 et
1643 1134 1762 1161 hominis

967 1181 1128 1217 genitricem
1144 1187 1346 1215 nuncupanius,
1359 1181 1487 1215 quoniam
1503 1185 1531 1208 et
1551 1180 1666 1215 ipsemet
1680 1179 1762 1207 Chri-

968 1233 1027 1256 stus
1044 1227 1177 1255 Dominus
1193 1227 1266 1254 Deus
1282 1231 1311 1253 et
1330 1227 1413 1254 homo
1426 1230 1540 1254 vocatur
1558 1234 1573 1253 a
1590 1233 1667 1253 sacra
1687 1225 1762 1253 Scri-

968 1280 1060 1309 ptura,
1076 1278 1158 1309 atque
1180 1273 1368 1301 Emmanuelis
1384 1281 1486 1302 nomen
1510 1272 1628 1299 duarum
1647 1277 1762 1299 natura-

969 1329 1031 1348 rum
1045 1320 1249 1355 copulationem
1263 1320 1392 1347 declarat.
1407 1319 1435 1347 Si
1446 1327 1512 1346 vero
1521 1318 1662 1346 Christum
1677 1318 1762 1344 Deum

969 1367 1051 1394 simul
1072 1371 1100 1393 et
1124 1365 1265 1393 hominem
1289 1365 1451 1400 proﬁtemur
1467 1369 1494 1392 et
1514 1365 1643 1396 dicimus,
1658 1363 1765 1399 1302i.

969 1413 1064 1448 ecquis
1081 1414 1133 1439 erit
1151 1412 1220 1439 adeo
1238 1411 1374 1446 stupidus,
1392 1416 1422 1439 ut
1441 1418 1534 1443 voces,
1549 1410 1598 1437 Dei
1611 1410 1725 1445 genitria;
1737 1414 1765 1436 et

970 1459 1081 1486 hominis
1093 1458 1217 1493 genitrix,
1225 1462 1307 1492 neget
1318 1458 1400 1485 simul
1412 1457 1553 1492 ponendas
1565 1456 1643 1484 esse?
1655 1455 1765 1483 Christo

970 1505 1087 1532 Domino
1099 1505 1168 1532 duas
1180 1506 1292 1540 quidem
1305 1504 1454 1532 tribuimus
1466 1503 1680 1538 appellationes;
1696 1509 1764 1536 qua-

934 1562 955 1592 C
972 1554 1086 1586 propter
1108 1551 1190 1586 Virgo
1207 1551 1312 1578 honore
1335 1549 1433 1577 ail‘ecta
1451 1554 1503 1581 est,
1519 1552 1548 1576 et
1569 1548 1663 1584 gratia:
1684 1547 1765 1582 plena

971 1601 1083 1629 vocata;
1103 1598 1166 1631 quis
1181 1597 1264 1632 igitur
1281 1597 1365 1624 animi
1384 1603 1497 1630 compos
1510 1594 1658 1622 recusabit.
1674 1592 1766 1620 nomi-

971 1643 1052 1670 nibus
1071 1642 1222 1670 Salvatoris
1240 1642 1381 1677 Virginem
1404 1649 1515 1676 quoque
1537 1641 1686 1675 appellare,
1705 1647 1766 1674 qua:

972 1687 1059 1723 ipsius
1080 1695 1162 1715 causa
1186 1696 1200 1714 a
1223 1688 1401 1716 credentibus
1425 1687 1583 1714 exaltatur?
1609 1686 1668 1713 Non
1693 1685 1766 1712 enim

973 1735 1059 1762 Filius
1076 1735 1111 1761 ab
1126 1743 1158 1762 ea
1177 1735 1349 1766 honestatur,
1364 1734 1411 1762 sed
1427 1741 1458 1761 ea
1476 1733 1537 1760 Filii
1555 1740 1637 1760 causa
1657 1732 1768 1766 amplis-

973 1781 1050 1808 simis
1061 1781 1294 1815 appellationibus
1307 1780 1464 1815 insignitur.

1009 1869 1087 1902 Quod
1103 1869 1124 1896 si
1145 1868 1228 1903 igitur
1241 1869 1313 1895 Deus
1336 1872 1442 1895 tantum
1463 1872 1536 1894 esset
1554 1867 1691 1899 Christus,
1708 1871 1736 1894 et
1753 1876 1767 1894 a

976 1908 1086 1950 Virgine
1104 1913 1405 1948 essentimaccepisset
1425 1913 1603 1948 principium,
1620 1917 1686 1939 tunc
1705 1913 1768 1947 qui-

975 1962 1036 1988 dem
1053 1960 1101 1987 Dei
1123 1960 1249 1987 Genitrix
1272 1963 1379 1986 tantum
1393 1959 1477 1994 Virgo
1492 1958 1615 1985 vocanda
1635 1962 1662 1985 et
1677 1958 1770 1992 appel-

975 2007 1055 2034 landa
1071 2011 1155 2038 esset,
1172 2010 1202 2032 ut
1221 2006 1276 2037 illa.
1295 2013 1355 2040 quae
1377 2004 1498 2031 divinam
1519 2004 1666 2031 habentem
1687 2007 1768 2031 natu-

976 2061 1033 2080 ram
1053 2052 1216 2088 peperisset.
1233 2052 1268 2079 At
1284 2052 1306 2079 si
1320 2051 1448 2079 Christus
1468 2051 1542 2078 Deus
1552 2050 1634 2077 simul
1646 2055 1674 2078 et
1687 2050 1770 2076 homo

976 2103 1028 2131 est,
1041 2103 1066 2126 et
1084 2102 1115 2125 ut
1130 2099 1203 2125 Deus
1225 2105 1333 2132 semper
1349 2097 1401 2124 fuit
1420 2106 1426 2123 :
1442 2104 1532 2131 neque
1550 2095 1701 2123 essistendi
1718 2095 1771 2123 ini—

977 2146 1045 2173 tium
1066 2145 1140 2177 fecit,
1157 2149 1311 2172 coazternus
1330 2143 1404 2171 enim
1424 2147 1467 2170 est
1482 2142 1621 2175 Genitori;
1642 2146 1671 2169 ut
1687 2142 1770 2168 homo

977 2200 1042 2220 vero
1057 2191 1204 2226 postremis
1218 2189 1390 2224 temporibus
1402 2197 1436 2216 ex
1448 2189 1568 2216 humana
1580 2192 1680 2215 natura
1692 2191 1771 2214 ortus

134 2237 166 2270 τῇ
191 2236 321 2272 Παρθένῳ
341 2236 390 2267 τὰς
412 2236 608 2271 προσηγορίας,
628 2235 716 2270 δηλῶν
733 2237 797 2262 ποῖα
824 2236 873 2271 μὲν
891 2237 918 2270 τῇ

977 2242 1020 2265 est
1033 2246 1039 2264 ε
1053 2237 1179 2271 dogmata
1192 2236 1324 2270 utrinque
1337 2235 1461 2262 facturus
1476 2234 1504 2262 in
1520 2233 1644 2261 texendis
1656 2232 1771 2268 virginis

135 2281 225 2317 φύσει,
246 2283 310 2308 ποία
330 2282 359 2308 δὲ
374 2283 406 2318 τῇ
423 2282 517 2309 ἐνώσει
538 2283 683 2318 προσήκει.
704 2283 734 2308 Εἰ
751 2282 779 2308 δὲ
799 2290 924 2316 πανηγυ-

138 2327 221 2366 ρικῶς
242 2337 283 2360 τις
303 2328 393 2362 λέγειν
415 2327 513 2361 ἐθέλοι,
533 2328 581 2355 καὶ
601 2328 703 2363 ὕμνους
722 2327 856 2361 ὑφαίνειν,
879 2327 926 2353 καὶ

136 2373 262 2405 ἐπαίνους
287 2373 432 2408 διεξιέναι,
457 2374 503 2401 καὶ
527 2373 651 2409 βούλεται
677 2375 733 2405 τοῖς
753 2373 926 2408 σεμνοτέροις

136 2419 265 2454 ὀνόμασιν
284 2420 440 2453 ἀναγκαίως
462 2419 628 2455 κεχρῆσθαι,
648 2420 678 2446 οὐ
696 2418 868 2454 δογματίζων
887 2418 926 2450 ὡς

138 2465 215 2500 ἔφην,
231 2464 299 2491 ἀλλὰ
313 2464 507 2501 πανηγυρίζων
529 2465 576 2492 καί
599 2464 746 2500 θαυμάζων
767 2464 803 2496 ὼς
820 2462 875 2490 οἷόν
897 2472 927 2490 τε

137 2510 184 2537 τοῦ
203 2509 353 2546 μυστηρίου
372 2509 403 2536 τὸ
429 2509 555 2545 μέγεθος·
581 2509 741 2536 ἁπολαυέτω
765 2509 812 2535 τοῦ
834 2509 928 2541 πόθου,

139 2557 184 2584 καὶ
199 2559 256 2589 τοῖς
271 2556 400 2592 μεγάλοις
416 2556 530 2590 ὀνόμασι
547 2555 704 2591 κεχρήσθω,
721 2556 768 2582 καὶ
780 2555 928 2581 ἐπαινείτω

140 2605 185 2630 καὶ
201 2603 380 2638 θαυμαζέτω.
398 2602 488 2630 Πολλὰ
502 2602 555 2638 γὰρ
568 2602 681 2630 τοιαῦτα
697 2602 773 2637 παρὰ
783 2603 838 2633 τοῖς
852 2601 930 2637 ὀρθο-

141 2649 223 2682 δόξοις
241 2650 411 2681 διδασκάλοις
430 2649 607 2684 εὑρίσκομεν
628 2648 764 2684 πανταχοῦ
782 2648 810 2674 δὲ
827 2648 858 2674 τὸ
879 2647 929 2683 μέ-

141 2703 213 2729 τριον
227 2695 282 2729 (67)
296 2695 431 2730 τιμάσθω.
452 2694 570 2722 Ἐπαινῶ
581 2694 634 2730 γὰρ
646 2695 691 2721 τὸν
713 2694 853 2730 εἰρηκότα,
869 2694 930 2728 ἄρι-

142 2747 203 2765 στον
217 2737 287 2765 εἶναι
299 2740 329 2765 τὸ
344 2740 463 2775 μέτριον,
477 2741 499 2767 εἰ
512 2740 557 2767 καὶ
566 2739 615 2775 τῆς
623 2739 758 2775 ἡμετέρας
772 2738 872 2773 ἀγέλης
880 2738 930 2765 οὐκ

178 2837 233 2872 (64)
252 2837 296 2872 At?)
312 2837 396 2864 Mans.

178 2870 234 2908 (65)
249 2870 294 2898 οὖν
316 2873 347 2900 ἂν
360 2872 443 2902 Mans.

979 2281 1219 2317 appellationibus,
1231 2280 1353 2308 declaret
1371 2282 1481 2314 oportet
1500 2286 1561 2313 quae
1577 2282 1693 2307 naturae,
1711 2284 1772 2311 qua:

980 2335 1045 2355 vero
1065 2325 1233 2361 copulationi
1254 2325 1429 2352 conveniant.
1448 2324 1476 2351 Si
1494 2323 1556 2359 quis
1568 2330 1634 2350 vero
1651 2330 1771 2357 panegy-

980 2373 1051 2401 ricas
1070 2372 1209 2399 orationes
1229 2371 1319 2399 facere
1339 2370 1476 2404 voluerit,
1498 2374 1525 2396 et
1544 2369 1641 2396 laudes
1661 2376 1770 2402 compo-

980 2426 1056 2451 nere,
1072 2421 1100 2444 et
1113 2416 1367 2444 commendationes
1383 2414 1519 2451 proferre,
1535 2418 1616 2448 atque
1629 2412 1771 2439 honestio-

980 2463 1058 2491 ribus
1083 2462 1243 2490 hominibus
1263 2461 1420 2489 necessario
1445 2459 1579 2487 utendum
1603 2458 1770 2490 arbitratur;

980 2509 1092 2536 minime
1108 2509 1228 2540 decreta,
1243 2510 1273 2533 ut
1288 2506 1355 2537 dixi,
1370 2505 1418 2533 sed
1439 2504 1617 2540 panegyricas
1634 2503 1772 2530 orationes

979 2555 1091 2587 faciens,
1107 2559 1134 2582 et
1148 2553 1271 2589 mysterii
1292 2551 1514 2586 amplitudinem,
1530 2554 1562 2577 ut
1574 2550 1663 2582 decet,
1683 2549 1772 2575 admi—

979 2607 1054 2631 rans,
1077 2599 1132 2626 voti
1155 2598 1197 2625 sui
1222 2598 1258 2624 sit
1277 2603 1402 2632 compos,
1426 2594 1657 2630 amplissimisque
1680 2597 1773 2620 utatur

980 2645 1148 2676 nominibus,
1166 2643 1259 2671 laudet
1274 2643 1357 2670 etiam
1376 2645 1405 2668 et
1418 2641 1581 2668 admiretur.
1601 2639 1684 2666 Multa
1700 2638 1772 2665 enim

980 2690 1115 2726 ejusmodi
1136 2689 1208 2725 apud
1229 2687 1397 2715 orthodoxos
1417 2687 1543 2714 doctores
1563 2685 1696 2720 legimus;
1715 2683 1768 2710 ubi

981 2745 1034 2772 que
1066 2744 1130 2763 \‘ero
1162 2734 1339 2762 mediocritas
1371 2732 1533 2767 praeferatur
1557 2740 1563 2758 :
1590 2731 1672 2758 laudo
1700 2730 1772 2758 enim

1021 2837 1074 2869 (66)
1092 2836 1133 2861 ἐπ’
1156 2835 1269 2868 ἐσχάτου
1286 2835 1370 2861 Mans.

1022 2872 1077 2908 (67)
1096 2871 1192 2906 μέτρον
1210 2870 1251 2897 bis
1264 2870 1348 2896 Mans.
