1945 3058
122 176 192 210 1433

806 181 987 212 EPISTOLA
1004 182 1074 212 CLI.

1685 179 1755 214 1434

120 235 163 261 λιν
177 233 252 269 φωνὴ
267 233 453 268 ἀγαλλιάσεως
468 235 514 260 καὶ
534 234 672 270 σωτηρίας
688 236 717 261 ἐν
740 229 854 270 σκηναῖς
873 237 912 261 δι-

975 235 1116 263 iumiliasti
1131 243 1136 260 :
1161 235 1250 267 annis,
1274 235 1375 270 quibus
1392 235 1512 263 vidimus
1531 235 1603 262 mala
1618 235 1652 262 ⁸³.
1673 244 1682 261 ›
1698 236 1754 264 Vos

120 280 216 306 καίων.
232 279 299 306 Τότε
316 280 363 306 καὶ
374 281 454 315 ἡμεῖς
473 280 606 315 βοήσομεν
622 280 690 316 πρὸς
707 281 788 308 αὐτόν
803 290 808 296 ·
833 290 843 307 ι
859 281 909 307 Εὐ.

119 325 279 361 φράνθημεν
291 325 349 352 ἀνθ’
365 322 402 352 ὧν
412 327 523 361 ἡμερῶν
539 327 724 358 ὲταπείνωσας
739 327 813 362 ἡμᾶς
841 326 908 361 (70),

119 371 190 397 ἐτῶν
201 368 238 398 ὧν
253 371 362 406 εἴδομεν
374 371 456 398 κακά.
478 381 487 397 ι
504 373 559 398 Καὶ
578 372 656 407 ὑμεῖς
669 372 697 399 δὲ
713 374 763 408 τῆς
775 373 910 408 αἰτήσεως

119 417 258 451 τυχόντες,
275 416 460 452 ἀνυμνοῦντες
474 417 554 444 αὑτὸν
566 419 653 453 ἐρεῖτε
671 427 679 434 ·
699 428 708 443 ι
723 418 877 453 Εὐλογητὸς
895 417 910 443 6

964 285 1055 308 autem
1069 281 1142 307 nacti
1166 281 1389 315 postulationem,
1405 281 1549 308 laudantes
1558 289 1621 308 eum
1634 281 1732 308 dicetis
1746 290 1752 307 :

967 337 976 352 ι
995 327 1159 354 Benedictus
1178 327 1320 358 Dominus,
1345 327 1393 361 qui
1420 334 1475 354 non
1493 327 1595 354 amovit
1616 327 1755 354 orationes

962 377 1082 404 nostras,
1099 376 1127 399 et
1142 372 1360 399 misericordiam
1374 380 1450 400 suam
1465 380 1480 399 a
1496 372 1628 399 nobis.Ei
1645 372 1681 399 sit
1694 372 1753 406 glo-

965 417 1005 444 ria
1017 416 1045 444 in
1058 417 1169 444 saecula.
1186 417 1273 444 Amen
1286 418 1318 444 δ’.
1340 427 1349 442 ι

121 463 188 494 Θεὸς
201 462 231 494 ὃς
249 464 298 490 οὐκ
317 464 456 499 ἀπέστησε
473 464 522 499 τὴν
535 465 687 500 προσευχὴν
711 465 801 500 ἡμῶν,
818 465 864 491 καὶ
878 464 909 490 τὸ
928 463 1000 495 ἔλεος
1012 463 1094 490 αὑτοῦ
1111 465 1157 498 ἀφ’
1173 464 1261 500 ἡμῶν.
1277 464 1384 500 Δὺτῷὴ
1414 464 1478 497 δόξα
1507 465 1546 496 εις
1561 465 1623 496 τοὺς
1640 463 1752 495 αἰῶνας.

129 507 225 545 Ἀμήν.
247 520 255 535 ι

122 565 188 592 ’Ὁτι
202 566 250 592 καὶ
264 566 339 601 μετὰ
357 566 414 599 τὴν
431 567 661 601 ὲνανθρώπησιν
675 564 721 600 εἷς
747 569 808 601 flet;
827 577 842 594 ο
855 569 911 594 Κύ-

290 610 357 635 ριος
369 602 454 636 ἡμῶν
475 603 594 636 Ἰησοῦς
605 603 740 636 Χριστός.

160 657 192 682 Οἱ
207 657 255 688 τὰς
271 656 332 683 καθ’
357 657 434 692 ἡμῶν
452 657 634 691 συκοφαντίας
651 658 854 686 συντεθεικότες
871 657 911 687 εἰς

123 702 170 728 δύο
192 702 312 738 μερίζειν
323 703 395 738 ἡμᾶς
410 711 490 737 φασιν
502 703 558 738 (71)
575 704 649 735 υἱοὺς
670 704 714 730 τδν
739 704 787 731 ἕνα
810 703 912 738 Κύριον

125 748 204 783 ἡμῶν
222 748 325 782 Ἰησοῦν
339 749 466 784 Χριστόν.
483 749 577 783 Ἡμεῖς
591 749 619 775 δὲ
635 748 761 776 τοσοῦτον
776 748 913 783 ἀπέχομεν

125 793 173 819 τοῦ
195 793 282 819 ταῦτα
301 795 419 828 φρονεῖν,
435 795 475 820 ὅτι
494 794 540 821 καὶ
563 795 626 826 τοὺς
640 795 725 821 ταῦτα
743 794 832 828 λέγειν
853 794 914 820 τολ-

127 838 236 873 μῶντας
260 839 315 874 (72)
332 839 490 871 δυσσεϐείας
511 840 681 875 γραφόμεθα.
698 840 767 866 Ἕνα
782 840 836 875 γὰρ
851 839 914 865 Υἱδν

997 566 1102 601 1307
1125 565 1200 598 Quod
1214 571 1238 594 et
1253 572 1309 601 post
1324 567 1496 593 humanitatis
1513 571 1727 600 assumptionem,

996 602 1088 629 unicus
1105 601 1188 628 Filius
1202 603 1236 628 sit
1251 601 1378 628 Dominus
1394 606 1483 628 noster
1497 601 1573 628 Iesus
1589 602 1717 630 Christus.

1000 657 1052 690 Qui
1069 658 1221 685 calumnias
1245 658 1272 685 in
1294 665 1344 685 nos
1364 657 1559 690 contulerunt,
1579 658 1605 684 in
1625 658 1694 685 duos
1711 657 1754 685 άιη

967 708 1034 731 cunt
1054 703 1125 730 ﬁlios
1134 711 1184 731 nos
1192 704 1317 731 dividere
1335 702 1446 730 unicum
1466 703 1611 730 Dominum
1630 709 1754 730 nostrum

966 751 1058 777 Jesum
1070 749 1220 777 Christum.
1237 750 1337 777 Verum
1350 753 1454 776 tantum
1477 748 1555 776 abest
1581 753 1611 775 ut
1627 757 1677 776 nos
1692 749 1754 776 talia

968 795 1130 830 cogitemus,
1146 798 1176 822 ut
1190 800 1218 822 et
1229 794 1290 821 illos
1301 794 1347 829 qui
1360 802 1392 821 ea
1406 794 1498 822 dicere
1507 794 1619 826 audent,
1632 795 1755 829 impieta-

969 841 1003 867 tis
1015 847 1184 867 accusemus.
1200 839 1268 866 Nam
1281 839 1393 866 unicum
1402 839 1502 866 Filium
1518 839 1644 866 venerari
1655 847 1670 866 a
1679 847 1755 866 sacra

127 884 203 919 παρὰ
233 884 283 918 τῆς
307 884 381 916 θείας
405 885 516 920 Γραφῆς
540 886 702 920 προσκυνεῖν
724 884 913 919 ἐδιδάχθημεν,

974 887 1109 922 Scriptura
1122 883 1213 914 edocti
1229 894 1334 918 sumus,
1354 886 1500 913 Dominum
1517 886 1755 913 scilicetnostrum

125 928 172 953 τὸν
197 927 298 962 Κύριον
324 928 402 962 ἡμῶν
430 928 533 963 Ἰησοῦν
557 929 684 964 Χριστὸν,
707 928 753 955 τὸν
779 928 912 963 μονογενῆ

127 973 191 999 Υἱδν
213 973 261 999 τοῦ
289 972 368 1006 Θεοῦ,
390 973 435 999 τὸν
455 974 702 1009 ὲνανθρωπήσαντα
726 974 792 1001 Θεὸν
810 974 912 1008 Λόγον·

127 1019 173 1046 τὸν
194 1019 248 1054 γὰρ
268 1019 348 1046 αὐτὸν
367 1019 568 1054 ὁμολογοῦμεν,
588 1020 634 1046 καὶ
654 1020 719 1046 Θεὸν
743 1020 914 1055 προαιώνιον,

128 1066 175 1092 καὶ
192 1065 334 1101 ἄνθρωπον
350 1065 393 1092 διὰ
410 1065 459 1101 τὴν
479 1065 533 1092 τῶν
549 1065 700 1101 ἀνθρώπων
723 1066 859 1101 σωτηρίαν
872 1066 915 1092 ἐπ’

128 1111 249 1146 ἐσχάτων
265 1111 322 1146 (7⁸5)
341 1111 396 1137 τῶν
413 1110 524 1146 ἡμερῶν
541 1112 688 1149 γενόμενον
699 1119 705 1125 ·
730 1111 875 1146 γενόμενον
888 1111 916 1136 δὲ

127 1158 269 1193 ἄνθρωπον
288 1158 318 1184 οὐ
333 1159 366 1193 τῇ
383 1159 470 1193 τροπῇ
487 1158 535 1193 τῆς
551 1159 688 1194 θεότητος,
704 1158 772 1185 ἀλλὰ
788 1160 821 1194 τῇ
834 1167 917 1194 προσ-

128 1205 208 1239 λήψει
234 1204 283 1238 τῆς
306 1203 524 1238 ἁνθρωπότητος.
551 1204 703 1239 ’Δτρεπτον
725 1203 780 1239 γὰρ
795 1203 850 1238 ἔχει
867 1203 916 1236 τὴν

129 1250 178 1284 τῆς
191 1249 316 1284 θεότητος
334 1249 413 1283 φύσιν
428 1249 474 1275 καὶ
489 1249 679 1280 ἀναλλοίωτον,
695 1249 822 1284 καθάπερ
836 1249 850 1275 6
865 1249 918 1284 πρὸ

128 1295 183 1321 τῶν
197 1294 300 1321 αἰώνων
315 1295 447 1330 γεννήσας
461 1295 541 1320 αὑτὸν
554 1295 661 1329 Πατὴρ,
675 1295 721 1321 καὶ
737 1284 805 1330 ὅπερ
820 1295 853 1321 ἄν
875 1303 917 1325 τις

130 1344 176 1370 ἐπὶ
189 1344 238 1378 τῆς
250 1342 296 1369 τοῦ
312 1343 416 1378 Πατρὸς
429 1343 523 1374 οὐσίας
537 1344 653 1378 νοήσειε,
676 1341 723 1369 καὶ
745 1342 790 1368 ἐπὶ
806 1341 854 1376 τῆς
870 1341 916 1367 τοῦ

130 1388 298 1422 Μονογενοῦς
314 1388 392 1414 τοῦτο
408 1388 516 1419 παντως
531 1389 653 1423 εὑρήσει.
678 1388 723 1420 Ἐξ
740 1387 848 1423 ἐκείνης
865 1386 918 1422 γὰρ

130 1434 180 1469 τῆς
192 1434 285 1465 οὐσίας
299 1433 468 1469 γεγέννηται,
482 1434 537 1459 Καὶ
552 1434 630 1459 τοῦτο
641 1433 774 1460 διδάσκων
790 1433 804 1458 6
818 1433 918 1467 Κύριος

131 1480 183 1516 ἔψη
198 1481 235 1516 τῷ
254 1481 380 1515 Φιλίππῳ
396 1489 403 1495 ·
429 1490 438 1505 ι
459 1480 488 1506 '0
511 1480 641 1514 ἑωρακὼς
667 1480 727 1516 ἐμὲ,
751 1480 856 1515 ἑώρακε
874 1479 918 1506 τὸν

132 1525 253 1560 Πατέρα.
273 1535 282 1551 ι
303 1525 356 1552 Καὶ
375 1525 454 1552 πάλιν
475 1525 587 1561 ἑτέρωθι
600 1534 606 1540 ·
626 1534 635 1550 ‹
657 1525 749 1551 Πάντα
764 1525 814 1551 ὅσα
834 1524 918 1559 ἔχειὸ

134 1571 238 1606 Πατὴρ.
267 1571 322 1606 ὲμά
341 1572 409 1597 ἐστι.
431 1580 440 1596 ι
469 1571 524 1597 Καὶ
548 1570 683 1606 ἀλλαχοῦ·
710 1580 719 1596 ‹
739 1570 810 1604 Ἐγὼ
834 1570 882 1597 καὶ
907 1571 921 1596 6

134 1616 228 1651 Πατὴρ
239 1615 267 1642 ἓν
281 1617 374 1650 ἐσμεν.
394 1626 402 1641 ι
420 1615 475 1642 Καὶ
495 1615 576 1649 ἕτερα
589 1615 618 1642 δὲ
635 1615 719 1651 μυρία
735 1615 808 1641 ἐστιν
828 1615 921 1651 εὑρεῖν

133 1662 163 1687 τὸ
174 1661 271 1687 ταυτὸν
286 1661 334 1695 τῆς
356 1660 448 1691 οὐσίας
464 1660 630 1695 σημαίνοντα

171 1706 236 1738 Θεὸς
255 1705 303 1739 μὲν
327 1703 373 1731 οὖν
393 1705 442 1731 οὐκ
466 1705 585 1738 ἐγένετο,
604 1705 660 1731 ἀλλ’
675 1703 727 1741 ἦν’
754 1714 762 1730 ι
785 1706 829 1732 Ἐν
845 1706 915 1741 ἀρχῇ

135 1752 188 1787 γὰρ
196 1752 249 1788 (74)
259 1750 292 1788 ἦν
301 1753 314 1778 6
329 1751 425 1786 Λόγος,
437 1751 484 1777 καὶ
497 1752 510 1777 6
522 1752 607 1785 Λόγος
615 1750 648 1787 ἦν
655 1752 722 1787 πρὸς
733 1752 778 1778 τὸν
788 1752 863 1784 Θεὸν,
877 1752 923 1778 καὶ

136 1799 201 1830 Θεὸς
216 1796 250 1835 ἦν
264 1799 278 1825 ὁ
294 1799 388 1832 Λόγος.
409 1808 418 1823 ι
440 1798 601 1834 Ἀνθρωπος
619 1798 648 1825 δὲ
664 1799 713 1825 οὐκ
725 1796 770 1833 ἦν,
788 1798 845 1824 ἀλλ’
861 1798 922 1831 ὲγὲ-

137 1854 205 1876 νετο,
220 1845 328 1879 ἐγένετο
342 1845 369 1871 δὲ
383 1844 544 1879 προσλαϐὼν
558 1844 589 1870 τὸ
603 1844 736 1879 ἡμέτερον
748 1852 754 1858 ’
771 1843 850 1870 τοῦτο
870 1844 922 1879 γὰρ

137 1891 150 1915 ὁ
165 1890 300 1924 μακάριος
316 1889 367 1924 ἔφη
383 1888 501 1920 Παῦλος”
517 1898 525 1914 ι
542 1890 589 1919 Ὃς
603 1889 632 1914 ἐν
648 1889 738 1923 μορφῆ
752 1888 819 1914 Θεοῦ
834 1888 922 1923 ὑπάρ-

137 1945 201 1972 χων,
216 1936 264 1970 οὐχ
280 1935 423 1970 ἁρπαγμὸν
437 1935 558 1970 ἡγήσατο
576 1935 606 1960 τὸ
625 1932 694 1960 εἶναι
720 1935 764 1961 ίσα
779 1934 847 1969 Θεῷ,
865 1934 923 1960 ἀλλ’

139 1980 233 2008 ἑαυτὸν
244 1981 371 2012 ἐκένωσε,
386 1981 492 2015 μορφῇν
503 1979 596 2006 δούλου
611 1979 711 2007 λαϐὼν.
727 1990 735 2004 ι
751 1979 806 2005 Καὶ
822 1979 903 2006 πάλιν
914 1988 921 1994 ·

142 2038 150 2053 ι
166 2028 202 2054 Οὺ
221 2026 274 2061 γὰρ
287 2026 370 2061 δήπου
383 2026 506 2059 ἀγγέλων
518 2025 745 2061 ἐπιλαμϐάνεται,
759 2025 826 2051 ἀλλὰ
838 2025 922 2060 σπέρ-

140 2081 223 2108 ματος
239 2071 364 2107 Ἀϐραὰμ
378 2070 604 2106 ἐπιλαμϐάνεται.
621 2081 629 2096 ι
644 2071 699 2097 Καὶ
711 2069 789 2103 αὖθις
799 2079 805 2087 ·
821 2081 830 2097 ‹
849 2072 924 2098 Ἐπεὶ

138 2118 183 2146 οὖν
209 2119 243 2146 τὰ
270 2119 360 2145 παιδία
386 2116 568 2153 κεκοινώνηκε
601 2117 700 2153 σαρκὸς
725 2117 770 2144 καὶ
796 2118 922 2152 αἵματος,

139 2166 336 2201 παραπλησίως
354 2164 401 2191 καὶ
415 2163 495 2196 am;
507 2164 621 2198 μετέσχε
637 2164 690 2190 τῶν
705 2162 803 2190 αὐτῶν.
819 2172 827 2188 ι
847 2162 924 2189 Οὕτω

965 933 1059 960 Jesum
1077 932 1229 963 Christum,
1251 932 1425 967 unigenitum
1444 932 1543 959 Filium
1562 931 1620 964 Dei,
1636 931 1756 959 Verbum

966 979 1062 1011 Deum,
1080 978 1154 1013 quod
1167 979 1316 1005 humanum
1330 986 1430 1013 corpus
1444 978 1607 1014 assumpsit,
1622 985 1654 1005 ac
1665 968 1755 1012 ipsum

967 1025 1052 1052 Deum
1062 1032 1122 1052 esse
1133 1024 1331 1059 sempiternum
1341 1024 1470 1056 fatemur,
1480 1027 1508 1051 et
1517 1024 1656 1051 hominem
1666 1026 1758 1050 extre—

968 1070 1206 1105 mis1temporibus
1216 1069 1329 1102 factum,
1341 1073 1455 1104 propter
1465 1070 1581 1099 salutem
1592 1069 1734 1096 hominum
1750 1077 1756 1094 :

967 1116 1069 1143 factum
1085 1119 1188 1147 autem,
1207 1123 1262 1142 non
1280 1115 1433 1142 mutatione
1454 1114 1617 1146 divinitatis,
1639 1113 1687 1141 sed
1707 1113 1758 1140 hu<

968 1161 1041 1188 mani
1065 1160 1190 1194 corporis
1214 1160 1424 1194 assumptione;
1452 1158 1650 1186 immutabilem
1675 1157 1759 1184 habet

968 1205 1121 1233 divinitatis
1134 1209 1269 1236 naturam,
1283 1213 1374 1240 neque
1391 1203 1576 1232 vicissitudini
1596 1203 1757 1238 subiectam,

969 1249 1200 1284 quemadmodum
1217 1250 1308 1281 Pater,
1330 1250 1377 1284 qui
1401 1257 1464 1277 eum
1482 1253 1546 1276 ante
1566 1248 1664 1276 secula
1678 1256 1759 1283 gene-

970 1295 1054 1328 ravit;
1079 1299 1107 1322 et
1133 1295 1269 1330 quidquid
1294 1295 1329 1322 de
1351 1295 1440 1323 Patris
1460 1299 1559 1322 natura
1583 1294 1757 1329 intelligitur,

969 1340 1052 1368 etiam
1069 1340 1096 1366 in
1114 1340 1252 1375 Unigeniti
1267 1344 1366 1367 natura
1393 1340 1506 1368 omnino
1533 1341 1682 1371 invenitur,
1696 1347 1758 1366 cum

968 1394 1002 1413 ex
1017 1385 1114 1413 eadem
1123 1389 1203 1426 natus
1216 1385 1252 1412 sit
1267 1390 1366 1413 natura
1387 1395 1394 1412 :
1417 1386 1525 1420 hocque
1549 1385 1652 1413 docens
1665 1385 1773 1412 Domi-‘

969 1439 1032 1463 nus,
1049 1431 1118 1457 dixit
1132 1431 1280 1465 Philippo:
1306 1441 1314 1456 (
1329 1430 1381 1463 Qui
1401 1430 1477 1458 videt
1495 1438 1549 1463 me,
1569 1430 1646 1458 videt
1663 1434 1690 1457 et
1707 1430 1759 1457 Pa-

970 1483 1040 1505 trem
1054 1477 1086 1504 ".
1106 1487 1115 1502 ›
1134 1476 1281 1504 Etiterum
1294 1475 1423 1504 aliunde:
1441 1485 1450 1503 ι
1468 1475 1566 1504 Omnia
1590 1483 1760 1511 quaecunque

934 1542 955 1570 α
971 1522 1054 1548 habet
1069 1521 1161 1553 Pater,
1173 1529 1233 1548 mea
1251 1525 1316 1548 sunt
1329 1522 1365 1548 ".
1386 1531 1394 1547 ι
1418 1522 1451 1548 Et
1467 1521 1551 1548 alibi:
1572 1532 1580 1546 ι
1599 1522 1655 1556 Ego
1667 1526 1695 1548 et
1712 1522 1760 1548 Pa-

974 1573 1015 1595 ter
1043 1575 1127 1594 unum
1147 1575 1243 1594 sumus
1262 1567 1325 1594 ⁵⁷.’›
1353 1567 1387 1594 Et
1407 1568 1461 1595 alia
1481 1568 1624 1594 innumera
1644 1567 1760 1594 inveniri

973 1619 1097 1650 possunt,
1112 1622 1172 1649 qua:
1185 1618 1289 1641 natura
1301 1615 1455 1650 signiﬁcant
1473 1615 1702 1643 convenientiam.

1007 1708 1080 1742 Deus
1103 1707 1186 1743 igitur
1211 1709 1325 1736 minime
1350 1709 1438 1736 factus
1463 1714 1515 1741 est,
1535 1709 1582 1736 sed
1600 1715 1683 1736 erat:
1707 1710 1760 1736 «in

973 1753 1109 1788 principio
1120 1754 1193 1780 enim
1215 1758 1275 1781 erat
1286 1755 1418 1787 Verbum,
1434 1761 1462 1782 ct
1477 1756 1596 1783 Verbum
1612 1761 1671 1783 erat
1690 1756 1760 1790 apud

973 1799 1070 1829 Deum,
1085 1803 1112 1825 et
1126 1799 1199 1825 Deus
1216 1803 1276 1825 erat
1290 1800 1410 1826 Verbum
1425 1800 1457 1826 ⁵⁸.
1479 1809 1488 1825 ι
1513 1801 1599 1828 Homo
1621 1809 1687 1827 vero
1708 1809 1761 1827 non

974 1843 1096 1875 erat,sed
1110 1842 1197 1870 laetus
1207 1848 1265 1876 est;
1282 1844 1370 1871 iactus
1378 1848 1469 1872 autem
1486 1850 1667 1878 est,nostram
1688 1855 1764 1873 assu-

974 1897 1051 1916 mens
1061 1892 1197 1921 naturam;
1212 1889 1297 1915 ethoc
1309 1889 1405 1916 beatus
1414 1890 1514 1917 Paulus
1527 1891 1595 1917 dixit
1608 1900 1629 1917 ιι
1640 1891 1761 1924 Quicum

975 1936 1002 1962 in
1019 1935 1106 1962 forma
1120 1934 1167 1961 Dei
1189 1939 1270 1966 esset,
1287 1943 1340 1961 non
1353 1936 1476 1970 rapinam
1490 1936 1597 1971 1308
1612 1937 1763 1965 arbitratus

975 1985 1017 2008 est
1034 1988 1093 2007 esse
1108 1988 1136 2007 se
1151 1980 1282 2014 aequalem
1303 1981 1370 2012 Deo,
1384 1981 1432 2008 sed
1446 1983 1623 2017 semetipsum
1638 1983 1762 2009 exinani-

975 2027 1024 2060 vit,
1038 2027 1153 2054 fortnam
1166 2027 1238 2054 servi
1252 2027 1390 2062 accipiens
1405 2028 1437 2055 “.
1455 2038 1463 2053 ι
1478 2029 1512 2056 Ει
1530 2029 1629 2056 iterum
1644 2037 1650 2056 :
1673 2039 1681 2054 ι
1694 2029 1764 2056 Nus-

975 2081 1055 2108 quam
1072 2073 1144 2099 enim
1159 2073 1270 2107 angelos
1283 2073 1475 2108 apprehendit,
1496 2074 1542 2101 sed
1557 2082 1650 2101 semen
1675 2074 1762 2101 Abra-

976 2119 1017 2146 hae
1031 2118 1215 2153 apprehendit
1231 2117 1264 2144 ⁸ο-
1283 2127 1292 2143 ι
1320 2118 1353 2145 Et
1369 2118 1478 2146 denuo:
1500 2130 1509 2145 ‹
1526 2119 1594 2153 Quia
1608 2127 1673 2155 ergo
1686 2120 1764 2154 pueri

976 2164 1248 2192 communicaverunt
1260 2163 1335 2190 carni
1346 2167 1374 2190 et
1388 2164 1524 2198 sanguini,
1540 2169 1568 2192 et
1590 2165 1648 2199 ipse
1666 2164 1764 2191 simili-

141 2213 186 2239 καὶ
204 2212 322 2246 παθητὸς
337 2209 371 2246 ἦν
390 2211 436 2237 καὶ
454 2210 571 2246 ἀπαθὴς,
588 2210 635 2236 καὶ
650 2209 744 2244 θνητὸς
760 2209 807 2235 καὶ
825 2209 919 2235 ἀθάνα-

976 2215 1017 2237 ter
1038 2209 1210 2245 participavit
1227 2209 1331 2236 eisdem
1347 2210 1379 2236 Μ.
1396 2219 1404 2235 ι
1422 2210 1467 2237 Sic
1481 2215 1509 2238 et
1526 2211 1686 2245 impatibilis
1705 2215 1766 2238 erat

140 2266 200 2289 τος·
220 2257 339 2291 παθητὸς
356 2257 404 2291 μὲν
424 2257 471 2282 καὶ
490 2256 585 2290 θνητὸς
599 2250 637 2287 ὡς
651 2255 803 2290 ἅνθρωπος,
820 2255 927 2289 ἀπαθὴς

141 2304 169 2329 δὲ
187 2303 234 2330 καὶ
254 2302 387 2333 ἀθάνατος
403 2302 440 2333 ὡς
460 2302 536 2333 Θεός.
558 2302 601 2333 Ὠς
615 2301 669 2336 γὰρ
688 2301 753 2332 Θεὸς
773 2301 821 2336 τὴν
840 2301 928 2335 σάρκα

141 2349 190 2384 τὴν
210 2348 312 2375 οἰκείαν
334 2347 496 2383 τεθνηκυῖαν
514 2348 676 2382 ἀνέστησεν·
694 2347 775 2373 αὐτοῦ
797 2346 850 2381 γάρ
871 2347 929 2372 ἐστι

143 2396 236 2430 φωνή·
253 2404 261 2420 ι
278 2394 382 2421 Λύσατε
395 2394 440 2420 τὸν
453 2394 514 2420 ναὸν
528 2394 633 2425 τοῦτον,
649 2394 696 2420 καὶ
709 2394 737 2419 ὲν
756 2396 846 2429 τρισὶν
861 2393 929 2429 ἡμέ-

144 2449 203 2476 ραις
220 2440 264 2474 ὲγε
271 2439 308 2474 ρῶ
323 2439 403 2465 αὐτόν
415 2447 422 2454 ο
440 2448 448 2464 ι
463 2439 510 2465 καὶ
523 2439 560 2469 ὡς
575 2438 717 2474 ἅνθρωπος
730 2439 757 2464 δὲ
777 2439 858 2474 μέχρι
878 2438 925 2465 τοῦ

144 2485 246 2517 πάθους
258 2483 292 2520 ἦν
307 2484 426 2518 παθητὸς
440 2484 487 2510 καὶ
503 2483 598 2518 θνητός
615 2493 621 2499 ·
643 2484 711 2518 μετὰ
726 2485 779 2520 γὰρ
798 2485 848 2520 τὴν
864 2485 930 2511 ἀνά-

146 2539 248 2561 στασιν,
260 2530 305 2555 καὶ
317 2529 354 2560 ὡς
366 2527 508 2563 ἄνθρωπος
523 2528 578 2562 ἔχει
600 2528 648 2563 τὴν
671 2528 806 2556 ἀπάθειαν
822 2530 868 2555 καὶ
881 2530 930 2564 τὴν

145 2575 291 2603 ἀθανασίαν
317 2575 364 2601 καὶ
381 2574 429 2608 τὴν
443 2573 612 2608 ἀφθαρσίαν·
630 2574 676 2600 καὶ
696 2574 745 2605 τὰς
768 2574 930 2609 θεοπρεπεῖς

146 2622 256 2656 ἀψίησιν
271 2621 414 2655 ἀστραπάς
427 2627 433 2633 ·
448 2619 497 2645 οὐκ
514 2619 553 2650 εἰς
568 2619 693 2653 θεότητος
706 2619 785 2653 φύσιν
800 2619 869 2646 κατὰ
882 2620 931 2654 τὴν

147 2666 234 2692 σάοκα
249 2665 440 2700 μεταϐληθεὶς,
455 2664 523 2690 ἀλλὰ
541 2664 590 2698 τῆς
606 2664 815 2700 ἀνθρώπᾶτητος
831 2664 931 2699 φυλάτ-

181 2733 203 2749 ⁵³
217 2733 288 2760 Psal.
299 2741 405 2763 Lxxxtx.
420 2733 462 2760 15.

977 2261 1005 2283 et
1019 2256 1174 2290 impatiens,
1189 2262 1217 2284 et
1240 2256 1363 2283 mortalis
1391 2261 1419 2283 et
1445 2257 1617 2284 immortalis.
1643 2257 1766 2284 Patibilis

977 2300 1088 2335 quidem
1101 2304 1129 2327 et
1147 2300 1280 2333 mortalis,
1294 2308 1347 2335 qua
1362 2301 1460 2333 homo;
1474 2301 1618 2335 impatiens
1632 2305 1723 2328 autem
1739 2305 1767 2327 ct

979 2346 1152 2377 immortalis,
1181 2354 1234 2380 qua
1254 2346 1335 2373 Deus.
1354 2345 1412 2378 Qua
1430 2346 1502 2372 Deus
1532 2345 1605 2373 enim
1627 2345 1765 2380 proprium

978 2399 1078 2426 corpus
1085 2400 1118 2419 ex
1126 2396 1213 2419 morte
1225 2392 1366 2422 excitavit;
1382 2399 1445 2418 nam
1458 2392 1518 2426 ejus
1529 2396 1571 2418 est
1583 2399 1636 2419 vox
1652 2399 1659 2417 :
1681 2401 1690 2416 ι
1707 2391 1766 2418 Sol-

979 2437 1034 2464 vite
1060 2437 1190 2471 templum
1214 2437 1276 2469 hoc,
1301 2441 1329 2464 et
1352 2437 1380 2464 in
1408 2437 1495 2464 tribus
1519 2437 1618 2463 diebus
1642 2437 1766 2464 excitabo

980 2481 1047 2509 illud
1057 2483 1090 2508 δ’.
1110 2492 1118 2507 ι
1138 2482 1170 2508 Et
1182 2482 1293 2517 quidem
1310 2490 1399 2517 usque
1415 2482 1447 2509 ad
1461 2482 1595 2516 passionis
1610 2485 1767 2516 tempus,ut

980 2528 1073 2560 homo,
1091 2528 1215 2563 patibilis
1232 2532 1292 2555 erat
1308 2532 1334 2555 et
1348 2528 1489 2560 mortalis;
1507 2532 1568 2562 post
1585 2527 1766 2555 resurrectio—

980 2582 1043 2601 nem
1055 2582 1130 2606 vero,
1142 2579 1170 2601 et
1184 2582 1238 2609 qua
1258 2574 1340 2600 homo
1350 2593 1357 2605 ,
1374 2573 1519 2607 impatiens
1530 2577 1571 2600 est
1583 2578 1610 2600 et
1626 2573 1767 2600 immorta-

980 2618 1028 2651 lis,
1045 2622 1126 2653 atque
1143 2618 1330 2653 incorruptus,
1347 2626 1379 2645 ac
1397 2617 1516 2652 fulgores
1528 2618 1583 2645 Deo
1600 2618 1766 2646 convenien—

981 2668 1021 2692 tes
1034 2664 1148 2698 dimisit,
1161 2672 1250 2700 neque
1265 2664 1419 2692 secundum
1434 2672 1544 2692 carnem
1556 2668 1677 2692 mutatus
1687 2670 1728 2692 est
1739 2663 1756 2691 ir

500 2732 523 2749 ⁸⁸
537 2732 731 2763 Psal.i.xv.20.
771 2733 793 2749 ⁵⁸
803 2733 880 2761 Joan.
892 2742 946 2764 xw.
957 2734 984 2762 9.
1022 2735 1045 2750 ⁵⁸
1058 2734 1137 2762 Joan.
1170 2733 1277 2765 “1,15.
1320 2733 1432 2761 "Joan.
1449 2743 1474 2766 x,
1489 2734 1532 2761 30.
1572 2733 1594 2750 "
1607 2733 1685 2761 Joan.
1704 2742 1722 2766 ι,
1741 2733 1750 2759 l

137 2769 169 2804 ,⁸³
182 2768 299 2802 Philipp.
319 2775 348 2799 ιι,
364 2768 390 2800 5,
401 2768 427 2795 6.
466 2768 488 2784 ⁶⁰
501 2768 584 2795 Hebr.
599 2777 626 2800 ιι,
645 2769 686 2796 16.
725 2769 744 2784 ⁶¹
760 2768 844 2796 Hebr.
861 2777 888 2801 ιι,
909 2773 919 2796 i

989 2770 1011 2786 ⁶²
1028 2769 1106 2797 Joan.
1125 2777 1155 2802 ιι,
1171 2769 1215 2796 29.

183 2835 237 2866 (7m
257 2835 479 2872 εὐφρανθῄσομεν
494 2833 530 2863 ὧν
542 2837 632 2872 ﬁuit.
648 2837 696 2871 ὴμ.
713 2836 796 2863 Mans.

185 2871 237 2904 (7|)
251 2871 351 2904 ἔφασαν
365 2871 448 2897 Mans.

185 2906 239 2943 (7‘2)
254 2906 321 2941 τολμ
347 2905 405 2942 λεγ.
421 2906 504 2933 )lans.

1020 2836 1074 2871 (73)
1092 2836 1135 2862 ἐπ’
1152 2836 1264 2871 ἐσχάτου
1281 2836 1363 2863 idem.

1020 2873 1074 2908 (Η)
1091 2873 1143 2908 γὰρ
1159 2872 1233 2899 abest
1252 2880 1266 2898 τι
1284 2871 1400 2899 Vindob.
