1945 3058
159 162 229 196 1435

159 222 288 245 naturam
301 214 433 245 divinant,
450 212 498 240 sed
519 211 700 240 humanitatis
712 213 803 236 servat
818 207 948 238 formam;
965 211 987 235 Α

161 271 214 291 nec
225 268 328 296 corpus
343 260 426 287 habet
451 265 507 286 non
524 256 765 291 circumscriptum
793 254 856 290 (hoc
876 252 951 279 enim

163 309 263 337 divinae
272 311 376 335 tantum
386 309 491 333 natura:
504 303 646 339 proprium
656 302 720 337 est),
734 300 781 329 sed
796 301 823 327 in
836 298 953 334 pristina

165 357 257 381 manet
268 349 533 385 circumscriptione.
552 348 664 382 Hocque
675 345 778 373 docens
792 347 853 379 post
862 350 954 370 resur-

164 399 315 427 rectionem
326 397 395 424 dixit
405 395 536 431 apostolis
550 403 557 420 :
574 403 583 420 ι
603 393 701 421 Videte
723 399 821 419 manus
836 396 911 417 meas
925 392 954 416 et

165 444 250 480 pedes
259 451 345 475 meos,
359 442 425 477 quia
441 449 491 476 ego
508 440 566 475 ipse
582 446 642 467 sum
662 448 669 465 2
685 438 792 473 palpate
810 440 837 463 et
853 435 954 467 videte,

167 490 230 525 quia
248 488 361 524 spiritus
382 495 492 515 carnem
514 491 542 514 et
567 494 628 513 ossa
643 493 697 512 non
718 484 810 514 habet,
825 482 896 509 sicut
912 488 955 507 me

166 534 266 561 videtis
280 533 382 560 habere
392 532 424 558 “.
439 541 449 557 ι
465 531 511 559 Sic
523 536 551 559 ut
561 538 625 558 eum
639 527 910 560 videbant,ascendit
922 526 956 553 ad

167 579 264 611 callos,
277 582 305 606 et
319 578 359 606 sic
371 578 469 606 iterum
481 577 516 604 ad
526 584 577 604 nos
589 581 735 603 venturum
748 581 808 602 esse
820 572 955 608 promisit.

169 623 216 652 Si'c
230 630 293 651 eum
306 622 439 651 videbunt
449 626 476 649 et
488 621 534 656 qui
550 621 729 649 crediderunt
740 619 778 646 illi
792 623 820 646 et
832 618 879 653 qui
893 625 957 644 cru-

171 670 318 697 cilixerunt
333 677 341 696 :
364 678 372 694 ι
387 668 526 696 Videbunt
540 667 626 700 enim,
640 666 722 699 dixit,
733 666 761 693 in
775 672 855 700 quem
869 668 958 691 trans—

177 715 296 743 ﬁxerunt
312 714 348 742 ⁸⁵.
364 724 373 740 ι

208 761 325 788 Unicum
344 764 488 796 propterea
501 767 663 788 veneramur
679 759 797 790 Filium;
816 761 960 790 utramque

173 814 240 834 vero
256 811 381 834 naturam
396 806 545 841 perfectam
563 805 591 832 in
602 813 635 832 eo
650 805 866 835 consideramus,
882 811 961 830 assu-

172 855 294 880 mentem
308 851 436 879 videlicet
446 855 474 879 et
488 851 593 886 1309
613 855 779 885 assumptam
802 849 875 878 illam
898 849 961 883 qui-

173 896 236 924 dem
261 904 295 925 ex
311 897 378 930 Deo,
397 896 468 923 hanc
489 904 554 923 vero
581 904 615 923 ex
636 895 749 923 Davide.
767 895 856 928 Quare
871 899 899 922 et
913 894 962 921 Dei

174 943 294 972 viventis
317 942 413 975 Filius,
429 946 458 970 et
480 943 566 970 Filius
587 942 697 970 Davidis
716 941 878 977 appellatur,
895 948 964 968 una-

175 997 285 1024 quaque
298 992 394 1016 natura
412 995 472 1016 eam
485 996 545 1024 qua:
560 988 586 1015 ei
597 987 725 1014 convenit
744 987 897 1022 accipiente
918 994 965 1022 ap-

176 1033 365 1068 pellationem.
392 1033 577 1066 Quamobrem
601 1038 630 1060 et
653 1033 792 1060 hominem
819 1032 915 1063 simul,
938 1036 966 1059 et

177 1079 264 1106 Deum
277 1087 339 1106 eum
353 1079 478 1106 nominat
493 1086 571 1106 sacra
578 1079 730 1114 Scriptura;
745 1082 774 1105 et
787 1078 884 1105 beatus
896 1077 967 1106 Pau-

177 1125 221 1153 lus
237 1125 337 1152 clamat
377 1134 386 1151 ‹
400 1125 477 1153 Unus
489 1125 571 1158 Deus,
592 1133 664 1152 unus
677 1129 706 1153 et
726 1124 861 1152 mediator
879 1123 927 1151 Dei
939 1127 968 1150 et

178 1171 333 1203 hominum,
350 1171 434 1199 homo
448 1170 575 1199 Christus
591 1171 682 1202 Jcsus,
701 1170 748 1205 qui
764 1169 841 1197 dedit
857 1169 968 1196 redem-

179 1217 301 1253 ptionem
327 1218 506 1253 semetipsum
526 1225 577 1253 pro
600 1217 728 1244 omnibus
752 1217 785 1244 ⁸⁵.
814 1225 823 1242 ι
842 1215 896 1243 Sed
919 1215 968 1250 qui

179 1263 321 1291 hominem
337 1264 428 1300 ipsum
449 1264 502 1291 hoc
523 1263 585 1293 loco
609 1262 727 1294 vocavit,
743 1261 807 1291 alibi
822 1262 909 1289 Deum
922 1269 970 1296 ap-

179 1310 264 1345 pellat
280 1319 286 1336 :
308 1319 318 1335 ι
337 1310 534 1346 Exspectantes
549 1310 655 1337 beatam
676 1316 761 1343 spem,
778 1312 806 1335 et
821 1307 969 1335 adventum

180 1355 275 1392 gloriae
298 1356 388 1392 magni
413 1356 462 1384 Dei
488 1361 516 1383 et
535 1356 684 1383 Saluatoris
703 1354 789 1383 nostri
809 1354 873 1382 Jesu
888 1353 970 1381 Chri-

179 1401 217 1430 sti
232 1401 266 1428 “.
283 1411 292 1426 ι
307 1401 379 1429 Alibi
395 1409 461 1429 vero
479 1405 626 1436 utrumque
645 1400 679 1427 de
703 1407 737 1427 eo
759 1399 880 1434 ponitur.
899 1399 971 1426 Dicit

179 1450 255 1474 enim
274 1456 282 1474 :
301 1457 310 1473 ι
325 1447 365 1475 Ex
376 1447 477 1483 quibus
488 1451 531 1476 est
540 1447 668 1475 Christus
681 1445 834 1474 secundum
847 1452 969 1478 carnem,

180 1493 229 1528 qui
247 1498 291 1521 est
308 1501 390 1528 super
411 1494 503 1522 omnia
527 1493 600 1520 Deus
620 1491 782 1520 benedictus
809 1490 835 1518 in
859 1490 969 1518 saecula.

179 1539 268 1567 Amen
280 1539 312 1566 ⁸⁷.
329 1549 338 1565 ι
358 1539 393 1566 Ει
405 1539 496 1575 ipsum
515 1547 549 1567 ex
573 1538 675 1569 Iudaeis
691 1536 842 1565 secundum
860 1543 971 1563 carnem
985 1542 1007 1571 ς,

180 1584 346 1616 nominavit,
365 1590 394 1612 et
416 1593 498 1620 supra
523 1584 615 1612 omnia
633 1584 730 1615 Deum,
756 1587 787 1610 ut
811 1583 908 1610 Deum.
933 1581 972 1608 Ita

181 1629 266 1656 Isaias
288 1629 425 1664 propheta
444 1629 514 1656 dixit
533 1637 539 1655 :
569 1638 578 1653 ι
601 1628 650 1655 Vir
670 1627 808 1658 dolorum,
829 1630 858 1653 et
883 1625 973 1653 sciens

183 1673 372 1700 inﬁrmitatem
393 1681 399 1699 :
414 1673 561 1708 languores
582 1676 692 1699 nostros
710 1671 769 1706 ipse
792 1671 864 1702 tulit,
882 1673 910 1697 et
923 1677 973 1704 pro

183 1717 265 1744 nobis
279 1716 367 1744 doluit
381 1715 414 1743 ⁸⁸.
434 1726 443 1742 ι
467 1716 501 1743 Ει
525 1716 607 1752 paulo
627 1721 689 1750 post
707 1724 714 1741 :
735 1725 743 1740 ι
762 1713 974 1742 Generationem

183 1761 244 1797 ejus
252 1761 314 1797 quis
321 1761 462 1789 enarrabit
469 1761 508 1788 6°?
521 1771 530 1786 ι
545 1761 600 1788 Hoc
610 1760 720 1795 quidem
731 1759 804 1786 haud
813 1759 973 1790 humanum,

184 1805 362 1833 seddivinum
372 1809 423 1832 est.
434 1805 526 1840 Itaper
540 1804 681 1832 Miclnnam
698 1803 878 1831 aitDominus
893 1812 900 1829 :
918 1811 927 1828 ι
940 1802 976 1830 Et

185 1855 216 1877 tu
226 1870 234 1882 ,
248 1849 389 1877 Bethleem
399 1869 406 1881 ,
420 1853 492 1876 terra
509 1849 578 1876 Juda
589 1868 596 1881 ,
610 1847 723 1875 minime
750 1847 863 1882 parvula
890 1854 920 1874 es
946 1846 975 1873 in

184 1895 358 1932 principibus
373 1895 471 1923 Judre:
490 1902 523 1922 ex
537 1898 562 1921 le
580 1894 654 1921 enim
673 1892 829 1929 egredietur
849 1892 977 1927 princeps

186 1940 235 1976 qui
250 1940 339 1975 pascit
355 1940 486 1975 populum
503 1947 596 1967 meum
614 1938 708 1971 Israel,
727 1941 754 1965 et
773 1944 901 1973 egressus
916 1936 977 1971 ejus

186 1986 223 2014 ab
234 1986 314 2014 initio
326 1994 341 2013 a
360 1986 460 2014 diebus
480 1984 642 2013 aeternitatis
658 1985 691 2011 "°.
709 1994 718 2010 ι
736 1984 834 2011 Verbis
846 1982 975 2019 quidem:

189 2042 202 2060 ε
217 2031 258 2060 Ex
272 2036 297 2059 te
311 2032 384 2059 enim
399 2031 566 2067 egredietur,
577 2030 625 2065 qui
644 2030 680 2057 sit
696 2030 835 2064 princeps,
854 2038 863 2054 ι
887 2028 978 2055 carnis

190 2078 390 2114 assumptionis
409 2077 591 2105 reconomiam
610 2075 742 2107 ostendit,
758 2075 811 2102 illis
824 2082 899 2105 vero.
918 2082 978 2108 quae

189 2121 286 2150 addit:
303 2131 311 2147 ι
327 2121 459 2157 Egressus
468 2121 528 2156 ejus
540 2120 574 2146 ab
588 2119 677 2150 initio,
691 2127 706 2146 a
719 2119 817 2146 diebus
839 2118 980 2145 aeternita-

189 2166 239 2201 tis,
263 2175 274 2194 t
301 2166 451 2194 declaravit
478 2165 586 2200 1310
609 2165 799 2195 divinitatem,
822 2171 883 2199 qua:
915 2167 979 2190 ante

189 2213 291 2242 Saecula
305 2220 320 2240 a
332 2212 412 2239 Patre
428 2215 489 2239 orta
504 2215 556 2238 est.

226 2301 290 2329 Hzec
297 2308 359 2328 cum
370 2308 386 2327 a
401 2307 480 2327 sacra
495 2298 636 2333 Scriptura
646 2297 737 2325 edocti
757 2297 854 2328 simus,
874 2301 902 2324 et
915 2304 980 2324 cum

189 2344 382 2373 invenerimus
406 2343 435 2369 in
453 2342 549 2369 eadem
581 2341 666 2368 fuisse
690 2340 826 2368 sententia
855 2340 982 2366 doctores

191 2390 333 2423 Ecclesiae,
349 2389 396 2424 qui
407 2388 523 2416 diversis
534 2387 838 2422 temporibusillustres
858 2386 980 2417 fuerunt,

192 2441 224 2467 ut
238 2438 377 2472 integrum
393 2439 523 2462 tueamur
540 2433 613 2469 quod
624 2433 791 2468 accepimus,
808 2439 919 2467 operam
936 2431 983 2458 da-

192 2490 273 2514 mus;
290 2485 318 2510 et
334 2489 420 2511 unum
435 2480 583 2508 adoramus
596 2479 695 2506 Filium
720 2479 777 2510 Dei,
802 2477 982 2513 quemadmo-

192 2527 259 2556 dum
268 2528 353 2555 Deum
363 2535 448 2554 unum
457 2527 565 2554 Patrem
574 2530 601 2553 et
611 2534 694 2552 unum
702 2524 834 2559 Spiritum
843 2527 981 2556 sanctum;

193 2573 287 2602 carnis
300 2581 366 2601 vero
385 2577 414 2600 et
442 2572 594 2600 divinitatis
617 2571 807 2599 diversitatem
841 2569 984 2605 cognosci-

193 2628 268 2648 mus.
280 2620 316 2648 Et
331 2619 563 2655 quemadmodum
576 2619 647 2650 illos,
664 2618 711 2654 qui
727 2617 753 2645 in
769 2617 838 2644 duos
855 2616 925 2645 tilios
940 2616 984 2643 di-

194 2665 297 2695 vidunt
307 2666 455 2693 Dominum
465 2670 591 2693 nostrum
601 2665 694 2692 Jcsum
720 2663 874 2696 Christum,
899 2661 984 2689 deﬂe-

233 2745 257 2760 ⁶³
274 2744 339 2771 Luc.
359 2752 429 2774 xxxv.
445 2745 490 2772 59.
528 2744 550 2759 “
565 2745 633 2772 Joan
660 2751 715 2775 xix,
729 2742 772 2768 37.

197 2781 221 2796 "
236 2780 302 2807 ibid.
318 2780 343 2807 8.
382 2780 405 2795 "°
420 2779 502 2808 Mich.
516 2787 541 2812 ν,
557 2779 591 2812 ‘2;
607 2779 702 2806 Matth.
723 2786 756 2809 ll,
771 2779 796 2803 6.

235 2837 293 2871 (75)
315 2837 394 2870 μόνον
409 2837 493 2864 )lans.

237 2870 293 2906 (76)
308 2871 368 2897 MS.
380 2880 405 2898 κ.
424 2873 472 2907 τὴν
490 2872 628 2899 exciderat
639 2879 652 2899 c
669 2871 753 2899 Mans.

689 152 932 186 THEODORETI
945 147 1115 180 EPISCOPI
1131 143 1314 176 CYRENSIS

1722 132 1795 164 1436

1001 211 1055 229 των
1077 201 1140 231 τοὺς
1168 197 1353 233 χαρακτῆρας,
1372 193 1432 220 οὒδὲ
1455 191 1647 227 ἁπερίγραφον
1669 188 1739 223 ἔχων
1762 186 1796 213 τὺ

1003 247 1081 282 σῶμα
1095 244 1184 280 (τοῦτο
1197 243 1250 278 γὰρ
1262 243 1346 277 μόνης
1357 239 1413 276 (75)
1423 239 1473 274 τῆς
1487 237 1563 269 θείας
1579 236 1686 282 φύσεως
1703 233 1794 268 ῐδνον),

1003 280 1060 321 ἀλλ’
1086 294 1115 318 ὲν
1132 293 1165 327 τῇ
1187 289 1310 325 προτέρᾳ
1335 287 1423 323 μένων
1446 283 1616 320 περιγραφῇ.
1638 280 1724 309 Τοῦτο
1737 280 1796 327 ⁸τὰρ

1003 339 1135 367 διδάσκων
1159 336 1206 363 καὶ
1228 335 1296 371 μετὰ
1320 334 1369 369 τὴν
1394 332 1544 359 ἀνάστασιν
1558 329 1609 364 ἔφη
1629 329 1686 358 τοῖς
1706 326 1798 362 μαθη-

1004 387 1061 417 ταῖς
1074 392 1080 399 ·
1095 394 1104 410 ι
1126 376 1243 410 Βλέπετε
1252 381 1303 412 τὰς
1320 379 1413 415 χεῖράς
1430 386 1481 413 μου
1495 376 1542 403 καὶ
1555 375 1618 405 τοὺς
1633 373 1716 404 πόδας
1730 380 1796 406 μου,

1004 433 1045 459 ὅτι
1062 431 1142 461 αὐτὸς
1160 428 1216 463 ἐγώ
1232 429 1308 462 εἰμι·
1324 423 1503 461 ψηλαφήσατέ
1527 431 1572 457 με,
1589 421 1636 447 καὶ
1657 419 1736 448 ἴδετε,
1753 418 1799 444 ὃτι

1007 478 1114 512 πνεῦμα
1132 475 1221 511 σάρκα
1240 474 1288 501 καὶ
1308 472 1388 499 ὀστέα
1405 471 1455 497 οὐκ
1473 469 1540 512 ἔχει,
1557 465 1648 497 καθὼς
1664 464 1713 500 ἐμὲ

1009 507 1083 559 ρεῖτε-
1095 507 1198 556 ἔχοντα.
1219 529 1229 545 ›
1242 518 1336 549 Οὕτως
1348 516 1486 552 ὁρώμενος
1497 507 1539 545 Isi;
1555 511 1685 548 οὐρανοὺς
1701 508 1793 542 ἀνελή-

1007 570 1101 596 λυθεν·
1128 567 1215 598 οὓτως
1240 564 1315 600 ἥξειν
1336 561 1414 593 αὖθις
1440 560 1588 594 ὑπέσχετο·
1609 557 1695 587 οὕτως
1715 553 1800 582 αὑτὸν

1009 614 1119 649 ὄψονται
1138 612 1185 638 καὶ
1205 612 1230 638 οἱ
1251 609 1446 638 πιστεύσαντες
1462 605 1511 632 καὶ
1525 605 1549 631 οἱ
1570 601 1778 637 σταυρώσαντες
1790 606 1798 613 ·

1014 669 1022 685 ι
1042 658 1169 692 ’Ὄψονται
1186 655 1250 691 γὰρ,
1264 654 1357 690 φησὶν,
1377 653 1416 683 είς
1429 651 1458 677 ὃν
1474 649 1666 682 ἐξεκέντησαν.
1680 656 1689 670 ι

1047 748 1117 774 ’Ἕνα
1133 744 1278 780 τοιγαροῦν
1299 740 1507 778 προσκυνοῦμεν
1526 737 1588 764 Υἰδν
1601 757 1608 769 ,
1623 735 1756 770 ἑκατέραν
1771 733 1802 759 δὲ

1013 794 1094 828 φύσιν
1105 791 1211 817 τελείαν
1227 790 1256 816 ὲν
1270 787 1344 822 αὑτῷ
1356 785 1522 820 Θεωροῦμεν,
1533 783 1579 810 καὶ
1589 781 1637 817 τὴν
1652 779 1802 809 λαϐοῦσαν,

1014 823 1061 865 καὶ.
1080 837 1129 873 τὴν
1142 836 1197 870 (76)
1218 834 1382 869 ληφθεῖσαν·
1400 831 1447 857 καὶ
1464 829 1514 865 τὴν
1536 829 1567 854 ἐκ
1588 826 1634 853 τοῦ
1650 825 1705 861 (77)
1719 823 1802 854 Θεοῦ,

1014 885 1060 911 κα).
1076 869 1124 918 rip;
1149 869 1295 908 ἐκνΔαϐίδ.
1316 877 1417 904 Τούτου
1432 876 1486 910 γὰρ
1507 875 1586 909 χάριν
1608 872 1655 898 καὶ
1674 871 1737 902 Υἱὸς
1754 869 1803 895 τοῦ

1013 929 1081 958 Θεοῦ
1103 917 1150 956 τοῦ
1172 926 1271 959 ζῶντος
1294 924 1341 952 καὶ
1361 923 1418 954 υἱὸς
1439 921 1485 948 τοῦ
1512 919 1594 947 Δαϐιδ
1617 917 1804 952 ὀνομάζεται,

1014 975 1148 1010 ἑκατέρας
1163 973 1269 1009 φύσεως
1289 971 1338 1007 τὴν
1358 969 1546 1005 ἁρμόττουσαν
1567 964 1704 1010 axona-r1;-
1717 970 1806 996 προσ-

1014 1008 1129 1056 ηγορίαν
1140 1027 1146 1033 ·
1161 1018 1204 1044 διά
1219 1024 1260 1042 τοι
1271 1015 1350 1041 τοῦτο
1364 1013 1411 1039 καὶ
1428 1012 1494 1038 Θεὸν
1507 1009 1587 1037 αὐτὸν
1600 1009 1646 1035 καὶ
1661 1008 1807 1042 ἄνθρωπον

1016 1052 1105 1101 nilei:
1118 1062 1245 1098 ὀνομάζει
1259 1059 1365 1097 Γραφὴ,
1377 1058 1424 1085 καὶ
1436 1059 1449 1084 ὁ
1463 1056 1597 1093 μακάριος
1609 1052 1784 1101 ΔΠα.ῐ’›λος¹βοξῑ.
1797 1059 1805 1066 -

1020 1096 1033 1135 «-
1050 1106 1097 1140 Εἷς
1117 1096 1193 1139 Θεὸς,
1216 1104 1256 1137 εἷς
1276 1105 1323 1132 καὶ
1351 1103 1464 1140 μεσίτης
1484 1101 1551 1127 Θεοῦ
1573 1099 1621 1127 καὶ
1642 1096 1807 1133 ἀνθρώπων,

1017 1156 1160 1191 ἄνθρωπος
1179 1153 1296 1189 Χριστὸς
1314 1151 1428 1186 Ἰησοῦς,
1441 1151 1454 1176 ὁ
1467 1149 1528 1180 δοὺς
1539 1147 1635 1174 ἑαυτὴν
1647 1145 1807 1179 ἀντίλυτρον

1018 1189 1078 1228 ἀντ)
1092 1200 1207 1226 πάντων.
1227 1207 1236 1223 t
1259 1196 1331 1223 Ἀλλ’
1346 1194 1464 1222 ἐνταῦθα
1490 1192 1572 1220 αὑτὸν
1590 1191 1733 1226 ἄνθρωπον
1746 1189 1807 1214 ὀνο-

1021 1244 1119 1280 μάσας,
1140 1241 1252 1278 ἑτέρωθι
1268 1239 1466 1276 προσαγορεύει
1488 1237 1564 1264 Θεόν.
1587 1245 1595 1262 ι
1617 1233 1808 1271 Προσδεχόμε-

1019 1278 1058 1316 νοι
1074 1289 1130 1325 (78)
1147 1288 1209 1323 γὰρ,
1224 1285 1301 1322 φησὶ,
1319 1285 1368 1320 τὴν
1387 1282 1524 1319 μακαρίαν
1539 1281 1636 1308 ἐλπίδα
1651 1280 1697 1306 καὶ
1709 1278 1811 1312 ἐπιφά-

1019 1324 1093 1362 νειαν
1106 1334 1155 1368 τῆς
1169 1332 1249 1368 δόξης
1260 1331 1307 1358 τοῦ
1320 1330 1438 1366 μεγάλου
1454 1327 1521 1355 Θεοῦ
1532 1328 1577 1353 καὶ
1592 1326 1720 1361 Σωτῆρος
1730 1324 1810 1360 ἡμῶν

1026 1379 1112 1416 Ἰησοῦ
1127 1377 1256 1414 Χριστοῦ.
1277 1387 1286 1403 ι
1308 1374 1439 1410 Ἀλλαχοῦ
1455 1374 1484 1400 δὲ
1500 1372 1643 1408 ἀμφότερα
1664 1371 1733 1398 κατὰ
1746 1378 1812 1396 ταυ-

1020 1415 1066 1454 τὸν
1088 1425 1213 1460 τίθησιν·
1235 1433 1245 1449 ‹
1269 1423 1314 1455 Ἐξ
1335 1419 1372 1448 ὥν
1390 1421 1464 1456 γὰρ,
1487 1419 1580 1454 φησὶν,
1610 1419 1624 1444 ὁ
1646 1416 1763 1453 Χριστὸς
1779 1415 1811 1442 τὸ

1022 1472 1092 1500 κατὰ
1107 1471 1207 1506 σάρκα,
1218 1470 1232 1495 ὁ
1246 1468 1283 1495 ὢν
1300 1468 1346 1494 ἐπὶ
1362 1467 1470 1493 πάντων
1485 1465 1550 1495 Θεὸς
1567 1464 1606 1495 είς
1621 1463 1684 1494 τοὺς
1697 1461 1810 1492 αἰῶνας.

1028 1518 1123 1553 Ἀμήν.
1143 1525 1153 1543 ι
1175 1516 1231 1543 Καὶ
1253 1514 1299 1540 τὸν
1313 1513 1393 1540 αὑτὸν
1409 1512 1456 1539 καὶ
1469 1511 1498 1544 ἐξ
1522 1509 1656 1537 Ἰουδαίων
1680 1508 1811 1542 κέκληκε,

1024 1552 1094 1591 κατὰ
1107 1562 1206 1599 σάρκα,
1224 1560 1271 1587 καὶ
1286 1559 1332 1586 ἐπὶ
1348 1558 1457 1585 πάντων
1468 1555 1546 1585 Θεὸν,
1564 1555 1602 1586 ὡς
1623 1554 1700 1581 Θεὸν,
1717 1552 1812 1583 Οὖτως

1023 1610 1038 1636 ὁ
1051 1609 1193 1644 προφήτης
1211 1605 1325 1636 Ἡσαΐας
1338 1603 1456 1640 είρηκώς
1466 1611 1473 1618 ·
1492 1611 1502 1627 ‹
1523 1601 1684 1636 Ἀνθρωπος
1696 1600 1724 1625 ἐν
1742 1598 1813 1633 πλη-

1025 1657 1059 1691 γῇ
1074 1643 1124 1685 ὣν,
1139 1654 1187 1680 καὶ
1201 1651 1279 1683 εἰδὼς
1295 1651 1388 1686 φέρειν
1405 1647 1542 1684 μαλακίαν
1554 1655 1560 1662 '
1582 1643 1662 1677 οὗτος
1678 1646 1728 1676 τὶς
1749 1645 1812 1670 ἀνο-

1026 1689 1090 1736 μίας
1099 1698 1178 1734 ἡμῶν
1189 1697 1267 1732 φέρει
1276 1696 1322 1722 καὶ
1336 1694 1398 1730 περ).
1415 1692 1494 1728 ἡμῶν
1504 1691 1629 1718 ὀδυνᾶται
1641 1698 1648 1705 ·
1662 1699 1670 1715 ι
1689 1689 1813 1723 ἐπήγαγε

1027 1747 1085 1781 μετ’
1098 1744 1176 1779 ὀλίγα
1191 1751 1197 1758 ·
1227 1752 1236 1769 ‹
1250 1742 1306 1777 Τὴν
1320 1740 1416 1776 γενεὰν
1439 1738 1521 1766 αὐτοῦ
1543 1737 1586 1768 τίς
1603 1736 1762 1772 διηγήσεται
1776 1742 1783 1766 ;
1801 1743 1810 1759 ι

1026 1779 1111 1818 Τοῦτο
1125 1790 1153 1817 δὲ
1171 1790 1221 1816 οὐκ
1237 1788 1417 1823 ἀνθρώπινον,
1435 1785 1503 1812 ἀλλὰ
1520 1783 1602 1811 θεῖον.
1617 1781 1695 1808 Οὕτω
1714 1780 1757 1806 διὰ
1767 1779 1814 1805 τοῦ

1025 1836 1144 1872 Μιχαίου
1160 1834 1242 1869 φησὶν
1260 1833 1274 1859 ὁ
1288 1833 1364 1863 Θεόςσ
1382 1841 1390 1856 ι
1407 1831 1463 1857 Καὶ
1484 1827 1672 1863 σὺ,Βηθλεὲμ,
1689 1826 1725 1860 γῆ
1748 1825 1798 1851 Ἰού

1026 1882 1068 1915 δα,
1083 1881 1207 1916 οὐδαμῶς
1219 1878 1346 1914 ἐλαχίστη
1368 1874 1394 1903 εἴ
1407 1877 1435 1903 ὲν
1451 1876 1507 1906 τοῖς
1520 1873 1651 1910 ἡγεμόσιν
1673 1871 1766 1898 Ἰούδα·
1784 1872 1816 1897 ὲκ

1028 1928 1075 1954 σοῦ
1089 1915 1331 1962 γὰρνὲξελεύσεται
1347 1921 1510 1958 ἡγούμενος,
1525 1920 1598 1950 ὅστις
1622 1918 1752 1952 ποιμανεῖ
1771 1915 1816 1942 τὸν

1027 1974 1090 2000 λαόν
1104 1981 1154 2009 μου
1166 1972 1212 1998 τὸν
1228 1969 1346 2006 Ἰσραήλ.
1363 1968 1417 1995 Καὶ
1434 1968 1463 1994 αἱ
1478 1966 1562 1998 ἔξοδοι
1573 1963 1656 1990 αὐτοῦ
1670 1963 1717 1989 ἀπ’
1731 1962 1816 1998 ἀρχῆς

1029 2019 1076 2054 ἀφ’
1088 2007 1198 2054 ἡμερῶν
1212 2016 1320 2047 αἰῶνος.
1345 2023 1354 2040 ι
1371 2014 1425 2041 Καὶ
1440 2011 1479 2048 τῷ
1491 2012 1540 2046 μὲν
1555 2011 1642 2037 εἰπεῖν
1655 2030 1662 2042 ,
1681 2018 1690 2034 ι
1712 2008 1759 2034 Ἐκ
1771 2007 1816 2034 eo?»

1029 2064 1083 2100 γὰρ
1098 2061 1266 2096 ἐξελεύσεταί
1283 2070 1327 2097 μοι
1341 2060 1503 2096 ἡγούμενος,
1520 2068 1528 2084 ι
1549 2058 1597 2093 τὴν
1616 2057 1666 2092 τῆς
1683 2056 1816 2090 ἐνανθρω-

1030 2112 1139 2146 πήσεως
1151 2108 1306 2143 οἰκονομίαν
1318 2107 1457 2139 ὑπέδειξε·
1476 2105 1516 2141 τῷ
1532 2105 1560 2131 δὲ
1577 2103 1746 2139 προσθεῖναι,
1763 2111 1772 2127 ι
1787 2102 1816 2128 At

1031 2156 1113 2189 ἔξοδοι
1129 2153 1211 2180 αὑτοῦ
1232 2153 1280 2179 ἀπ’
1300 2151 1388 2187 ἀρχῆς
1404 2151 1450 2186 ἀφ’
1464 2150 1575 2186 ἡμερῶν
1591 2150 1697 2181 αίῶνος,
1718 2158 1726 2173 ι
1748 2156 1816 2181 παρ-

993 2211 1020 2241 D
1032 2200 1148 2236 εδήλωσε
1166 2199 1219 2234 πρὸ
1233 2198 1287 2224 τῶν
1303 2197 1409 2224 αἰώνων
1426 2196 1475 2231 τὴν
1489 2197 1521 2222 ἐκ
1537 2194 1583 2221 τοῦ
1605 2193 1712 2229 Harpe;
1726 2200 1818 2227 γενιη-

1035 2247 1127 2273 θεῖσαν
1143 2245 1267 2279 θεότητα.

1070 2290 1163 2317 Ταῦτα
1188 2288 1265 2324 παρὰ
1279 2288 1326 2323 τῆς
1345 2287 1419 2318 θείας
1436 2285 1607 2321 διθαχθὲντες
1630 2282 1754 2318 Γραφῆς,
1774 2282 1818 2308 καὶ

1033 2338 1098 2369 τοὺς
1113 2337 1143 2363 ἐν
1165 2336 1302 2370 διαφόροις
1318 2332 1526 2367 διαλάμψαντας
1538 2329 1586 2364 τῆς
1608 2328 1770 2363 Ἐκκλησίας
1783 2327 1818 2353 δι-

1034 2383 1184 2414 δασκάλους
1198 2380 1286 2407 ταῦτα
1308 2378 1473 2415 φρονοῦντας
1494 2376 1633 2411 εὑρόντες,
1655 2374 1752 2400 ἄσυλον
1774 2382 1820 2407 ψυ-

1035 2429 1160 2460 λάττειν,
1188 2428 1218 2454 ὃν
1245 2426 1454 2462 παρελάϐομεν,
1488 2421 1676 2456 σπουδάζομεν
1706 2419 1817 2454 κλῆρον’

1036 2477 1083 2502 καὶ
1110 2474 1158 2501 ἕνα
1193 2474 1241 2509 μὲν
1266 2470 1475 2508 προσκυνοῦμεν
1501 2469 1565 2495 Υζὺν
1593 2467 1640 2493 τοῦ
1668 2465 1734 2492 θεοῖ
1786 2464 1820 2496 ὡς

1036 2524 1084 2550 ἕνα
1103 2522 1168 2549 Θεὸν
1191 2521 1318 2555 Πατέρα,
1339 2519 1386 2545 καὶ
1410 2517 1439 2543 ἓν
1463 2517 1540 2550 ἅγιον
1566 2513 1697 2548 Πνεῦμα*
1727 2511 1821 2546 οιρκδς

1039 2569 1129 2605 μέντοι
1152 2568 1200 2594 καὶ
1225 2566 1351 2600 θεότητος
1370 2564 1400 2590 τὸ
1416 2563 1543 2598 διάφορον
1567 2558 1747 2594 ἐπιστάμεθα.
1773 2557 1822 2583 Καὶ

1038 2615 1130 2649 ὥσπερ
1150 2614 1213 2644 τοὺς
1232 2613 1272 2643 ei;
1293 2611 1340 2637 8'50
1364 2610 1437 2640 υἱοὺς
1459 2607 1621 2643 μερίζοντας
1637 2606 1682 2631 τὸν
1709 2604 1756 2630 ’ἐνα
1772 2601 1823 2628 Κύ-

1041 2669 1098 2695 ριον
1126 2659 1203 2694 ήμῶν
1233 2657 1336 2692 Ἰησοῦν
1362 2654 1495 2690 Χριστὸν,
1525 2653 1577 2684 ἔξω
1607 2651 1707 2688 βαίνειν
1739 2649 1822 2683 φαμὲν

820 2742 864 2770 r""l
883 2741 1002 2770 Timath.
1026 2749 1054 2772 ιι,
1140 2739 1162 2754 ⁵⁸
1177 2738 1231 2765 Tit.
1245 2745 1275 2769 ll,
1291 2736 1333 2764 l3.
1373 2735 1394 2750 ⁶⁷
1409 2734 1488 2762 Rom.
1510 2741 1546 2765 Ix,
1624 2730 1708 2758 “lsa.
1730 2735 1782 2760 ull,
1797 2726 1823 2753 3.

1077 2834 1131 2866 (77)
1145 2831 1190 2857 τοῦ
1205 2831 1283 2858 abest
1296 2839 1309 2857 τι
1323 2829 1407 2866 Mans.

1077 2863 1131 2903 (78)
1154 2866 1364 2902 προσδεχόμενος
1382 2863 1467 2890 Mans.
