1945 3058
121 203 191 238 “37

810 203 991 234 EPISTOLA
1008 204 1080 234 CLI.

1682 200 1751 232 1438

118 263 169 298 τῆς
181 262 234 289 ὑπὸ
249 263 304 289 τῶν
336 262 421 297 ἁγίων
446 263 602 291 ἀποστόλων
621 266 806 302 τετριμμένης
834 265 910 298 ὀδοῦ,

975 273 1040 294 :tere
1052 266 1170 293 dicimus
1185 272 1200 292 a
1212 264 1257 291 via
1271 271 1354 300 quam
1373 264 1508 291 triverunt
1520 261 1636 298 apostoli
1650 269 1657 286 :
1675 260 1713 288 ita
1724 265 1754 288 tt

119 308 191 334 οὕτω
206 309 255 335 καὶ
266 309 329 340 τοὺς
345 309 409 343 μίαν
421 308 550 343 λέγοντας
574 311 738 346 γεγενῆσθαι
761 312 842 346 φύσιν
859 311 908 346 τὴν

119 353 233 389 θεότητα
241 354 288 380 τοῦ
296 354 467 388 Μονογενοῦς
476 356 524 382 καὶ
534 356 583 391 τὴν
596 356 805 392 ἀνθρωπότητα,
814 358 854 389 είς
863 358 909 384 τὸν

119 401 163 426 Ξτε
167 409 213 435 ρον
227 399 349 436 κρημνὸν
360 401 516 428 ἀποκλίνειν
531 402 631 436 φαμέν.
641 402 734 429 Ταῦτα
744 403 908 438 φρονοῦμεν,

117 444 206 472 ταῦτα
223 445 407 482 κηρύττομεν.
424 446 494 482 ὑπὲρ
515 447 618 475 τούτων
641 448 834 484 ἀγωνιζόμεθα
855 448 909 475 τῶν

118 490 272 524 δογμάτων.

155 536 215 562 Ὀτι
229 536 258 562 δὲ
279 538 493 571 συκοφαντοῦσιν
510 539 535 565 οἱ
549 538 595 565 δύο
608 539 730 571 λέγοντες
747 539 909 575 πρεσϐεύειν

120 580 194 614 ἡμᾶς
212 581 297 614 υἱοὺς,
314 581 362 617 βοᾷ
378 583 431 609 τῶν
448 585 618 619 πραγμάτων
637 586 653 620 ὴ
671 586 810 621 μαρτυρία
822 594 828 600 ·
847 586 910 617 τοὺς

120 627 174 661 γὰρ
185 626 224 661 τῷ
236 628 361 662 παναγίῳ
372 629 534 662 προσιόντας
546 629 714 665 βαπτίσματι
726 631 775 665 τὴν
790 631 906 657 ὲκτεθείη

121 680 170 697 σαν
187 673 215 698 ἐν
234 673 337 708 Νικαίᾳ
349 674 439 700 πίστιν
456 674 618 710 διδάσκομεν
628 683 634 691 ·
649 676 697 703 καὶ
709 676 739 702 τὺ
749 676 797 711 τῆς
811 677 910 710 παλιγι

120 718 245 751 γενεσίας
263 719 451 752 ἐπιτελοῦντες
475 722 633 757 μυστήριον,
663 722 830 758 βαπτίζομεν
848 724 912 754 τοὺς

121 763 300 796 πιστεύοντας
316 765 356 796 είς
367 766 397 791 τὺ
413 765 498 801 ὄνομα
512 767 559 793 τοῦ
572 767 689 802 Πατρδς,
710 768 758 794 καὶ
773 768 819 794 τοῦ
834 768 910 800 Υίοῦ,

121 809 168 834 καὶ
183 808 229 835 τοῦ
244 810 322 843 ἁγίου
336 811 505 846 Πνεύματος,
523 812 620 845 ἑνικῶς
636 814 755 848 ἑκάστην
776 822 912 849 προσηγο-

122 855 184 890 ρίαν
197 857 410 892 προσφέροντες,
427 859 474 884 καὶ
498 860 590 894 μέντοι
605 860 652 886 καὶ
671 862 732 892 ταῖς
753 860 913 895 ἐκκλησίαις

121 901 253 936 διηνεκῶς
266 902 497 938 λειτουργοῦντες,
513 905 634 938 δοξάζειν
646 905 783 941 εἰώθαμεν
796 905 840 932 τὸν
856 906 912 931 Πα-

121 947 200 982 τέρα,
212 948 259 975 καὶ
273 948 319 975 τὸν
337 949 410 980 Υίδν.
424 950 471 976 καὶ
485 950 515 976 τὸ
531 951 608 984 ἅγιον
619 950 732 987 Πνεῦμα
742 960 749 967 ·
765 952 813 987 οὐχ
828 951 913 983 υἱοὺς,
930 940 950 966 Β

123 991 181 1018 ἀλλ’
199 992 273 1021 Υίόν.
295 994 327 1020 Et
342 995 430 1021 τοίνυν
455 995 502 1022 δύο
527 996 619 1031 φαμὲν
641 997 726 1029 υἱοὺς,
741 997 784 1028 τίς
805 997 819 1023 ὁ
849 996 915 1031 παρ’

123 1038 202 1072 ἡμῶν
213 1038 401 1074 δοξαζόμενος,
417 1041 462 1067 καὶ
482 1041 522 1072 τίς
539 1042 552 1068 ὁ
575 1042 664 1077 μένων
685 1042 858 1078 ἀγέραστος;
877 1043 914 1070 Ob

123 1084 229 1119 γὰρείς
242 1085 369 1112 τοσοῦτον
391 1087 489 1121 μανίας
510 1086 695 1122 ἐληλάκαμεν,
711 1088 781 1115 ὥστε
799 1088 845 1115 δύο
867 1089 916 1123 μὲν

123 1130 216 1165 λέγειν
231 1132 320 1164 υἱοὺς,
338 1133 475 1168 μηδεμιᾶς
489 1133 517 1160 δὲ
534 1134 617 1170 τιμῆς
638 1133 684 1161 τδν
701 1134 795 1169 ἕτερον
811 1134 914 1168 ἀξιοῦν.

124 1177 196 1212 Δήλη
225 1179 372 1214 τοιγαροῦν
397 1179 544 1207 κάντεῦθεν
571 1182 588 1215 ή
616 1181 784 1216 συκοφαντία
803 1181 918 1216 γεγένη-

124 1230 185 1249 ται·
201 1223 283 1259 ἡμεῖς
310 1224 366 1260 γὰρ
390 1225 438 1252 ἕνα
461 1226 669 1262 προσκυνοῦμεν
695 1227 758 1254 Υἱὸν
786 1227 917 1262 μονογενῆ

125 1270 171 1295 τὴν
195 1270 442 1306 ὲνανθρωπήσαντα
466 1272 532 1298 θεον
559 1273 666 1307 Λόγον·
701 1273 751 1309 τὴν
780 1273 861 1306 ἁγίαν
889 1273 918 1300 δὲ

127 1315 264 1351 Παρθένον
274 1317 405 1343 Θεοτὸκον
419 1317 622 1353 ἀποκαλοῦμεν,
639 1318 732 1353 ἐπειδὴ
748 1319 793 1346 τὸν
810 1319 918 1354 Ἐμμα-

126 1362 206 1397 νουὴλ
215 1362 388 1398 γεγέννηκεν,
397 1364 426 1395 ὃς
435 1364 627 1399 ἑρμηνεύεται,
638 1364 706 1392 Μεθ’
716 1363 799 1399 ἡμῶν
809 1366 825 1392 ό
835 1365 918 1397 Θεός.

134 1408 164 1434 '0
177 1407 206 1434 δὲ
218 1409 283 1443 περὶ
295 1409 342 1435 τοῦ
360 1409 534 1444 Ἐμμανουὴλ
550 1410 758 1446 προαγορεύσας
775 1411 920 1446 προφήτης

129 1454 187 1488 μετ’
204 1453 281 1488 ὀλίγα
295 1453 375 1480 πάλιν
397 1454 509 1481 τοιαῦτα
524 1455 589 1490 περὶ
605 1454 688 1481 αὑτοῦ
707 1455 856 1491 γέγραφεν,
879 1456 920 1482 ὅτι

132 1508 141 1524 ι
158 1499 267 1526 Παιδίον
283 1500 415 1535 ἐγεννήθη
431 1501 508 1536 ἡμῖν,
527 1500 586 1532 υίὸς
603 1500 651 1528 καὶ
668 1501 746 1536 ἐδόθη
761 1502 837 1536 ἡμῖν,
859 1498 888 1528 οὗ
903 1501 920 1536 ὴ

129 1545 200 1579 ἀρχὴ
215 1545 261 1571 ἐπὶ
285 1545 333 1571 τοῦ
360 1544 436 1581 ὤμου
453 1546 547 1579 αὐτοῦ,
576 1547 624 1573 καὶ
645 1545 768 1573 καλεῖται
789 1547 820 1573 τὸ
835 1546 922 1582 ὄνομα

963 314 1025 341 illos
1038 313 1085 348 qui
1096 320 1130 340 ex
1145 311 1288 339 divinitate
1302 310 1437 346 unigeniti
1456 310 1517 337 Filii
1530 313 1558 337 et
1579 308 1752 336 humanitate

964 366 1046 386 unam
1059 358 1189 393 inquiunt
1206 357 1304 384 factam
1317 364 1378 383 esse
1393 360 1531 386 naturam,
1552 362 1584 381 ex
1597 354 1650 381 alia
1673 356 1752 388 parte

963 404 1119 439 praecipites
1130 403 1195 430 ferri
1209 403 1369 430 asserimus.
1382 401 1412 429 ln
1430 401 1482 428 hac
1498 407 1593 428 sumus
1604 398 1752 430 sententia;

963 450 1022 477 haec
1048 450 1176 485 dogmata
1195 448 1392 484 praedicamus,
1419 452 1502 482 atque
1526 454 1576 481 pro
1596 445 1663 480 ipsis
1688 451 1751 471 cer-

962 501 1062 523 tamus.

997 542 1091 570 Nostri
1122 549 1189 569 vere
1217 540 1442 571 calumniatores,
1465 538 1513 572 qui
1536 537 1606 564 duos
1625 535 1755 563 venerari

965 589 1036 616 ﬁlios
1049 588 1156 620 dicunt,
1173 586 1301 614 falsitatis
1315 588 1470 621 arguuntur
1484 592 1498 610 a
1517 591 1608 610 rerum
1626 582 1752 609 veritate.

962 635 1031 662 Nam
1046 641 1078 661 ea
1090 641 1141 661 nos
1152 654 1159 665 ,
1176 633 1209 660 ad
1225 632 1429 660 sanctissimum
1448 629 1591 657 venientes
1606 627 1753 662 baptisma,

965 680 1137 708 instituimus
1150 679 1213 710 ﬁde,
1242 686 1302 713 quae
1315 677 1413 704 Nicaeae
1437 675 1549 703 deﬁnita
1580 680 1639 705 est,
1672 677 1754 706 atque

963 735 1042 754 nova:
1053 725 1237 762 generationis
1252 724 1318 751 dum
1333 729 1494 750 exercemus
1507 720 1678 756 mysterium,
1693 718 1756 745 illos

963 773 1146 808 haptizamus,
1162 771 1210 806 qui
1227 770 1316 797 Patris
1342 772 1370 796 ct
1393 768 1455 796 Filii
1469 772 1497 794 et
1525 766 1646 802 Spiritus
1668 763 1755 792 sancti

964 818 1072 846 nomini
1095 818 1227 854 credunt.
1255 813 1405 851 separatim
1431 814 1554 849 singulas
1584 811 1756 847 proferentes

966 864 1176 900 appellationes.
1203 862 1351 889 Enimvero
1368 862 1397 888 in
1420 859 1546 887 ecclesiis
1562 857 1666 894 jugiter
1678 863 1755 883 sacra

966 908 1231 940 obeuntes,laudare
1241 905 1597 934 eonsuevimusl‘atrem,et
1609 901 1719 931 Filium,
1729 904 1758 927 et

968 954 1103 990 Spiritum
1119 958 1256 981 sanctum.
1285 952 1380 986 Neque
1408 950 1480 977 ﬁlios
1503 949 1632 980 dicimus,
1647 947 1695 974 sed
1710 946 1757 972 Fi-

966 1000 1085 1033 lium;si
1097 1000 1166 1026 duos
1184 999 1258 1026 enim
1273 998 1482 1024 nominaremus
1497 995 1578 1025 ﬁlios,
1593 993 1655 1029 quis
1672 996 1757 1024 esset,

967 1055 1048 1082 quem
1063 1045 1261 1073 laudarcmus?
1274 1044 1337 1078 quis
1348 1051 1415 1070 vero
1437 1042 1543 1069 honore
1563 1039 1658 1067 caret?
1679 1037 1757 1065 Haud

967 1092 1041 1120 enim
1055 1096 1131 1119 tanta
1149 1098 1200 1117 nos
1226 1090 1299 1124 cepit
1325 1088 1475 1119 dementia,
1495 1090 1526 1113 ut
1537 1085 1607 1113 duos
1632 1085 1759 1112 dicamus

968 1147 1029 1167 esse
1039 1138 1120 1170 ﬁlios,
1139 1144 1256 1172 quorum
1269 1135 1350 1164 alteri
1365 1134 1471 1161 nullum
1501 1133 1656 1160 tribuamus
1669 1132 1758 1158 hono-

968 1193 1038 1212 rem.
1049 1183 1116 1211 Inde
1125 1183 1208 1218 igitur
1221 1186 1297 1217 patet
1311 1180 1460 1211 calumnia,
1477 1179 1590 1207 unicum
1618 1177 1692 1204 enim
1710 1183 1760 1203 nos

968 1229 1116 1256 adoramus
1130 1227 1230 1255 Filium
1246 1226 1430 1262 unigenitum,
1455 1224 1559 1259 1311
1583 1222 1631 1250 Dei
1660 1228 1760 1257 ncmpe

969 1276 1090 1304 Verbum
1102 1274 1243 1301 hominem
1259 1273 1378 1300 factum:
1393 1275 1515 1298 sanctam
1533 1277 1598 1297 vero
1618 1267 1760 1303 Virginem

969 1322 1017 1349 Dei
1032 1320 1194 1357 genitricem
1226 1325 1364 1350 vocamus,
1378 1317 1442 1352 quia
1469 1315 1576 1351 peperit
1595 1314 1761 1342 Emmanue—

969 1368 1034 1399 lem,
1049 1366 1097 1402 qui
1105 1365 1258 1402 signiﬁcat:
1276 1364 1346 1391 Deus
1360 1363 1493 1390 nobiscum
1508 1362 1542 1389 “.
1558 1360 1592 1388 Et
1607 1359 1690 1395 paulo
1700 1362 1763 1394 post

971 1413 1119 1450 propheta,
1133 1413 1180 1447 qui
1192 1410 1400 1439 Emmanuelem
1419 1407 1556 1444 prmdixit,
1575 1407 1636 1434 hec
1648 1405 1682 1433 de
1702 1405 1763 1439 ipso

971 1460 1101 1496 scripsit:
1121 1469 1130 1485 ι
1140 1459 1276 1487 Parvulus
1291 1457 1364 1485 enim
1377 1461 1457 1484 natus
1471 1459 1514 1482 est
1536 1453 1627 1486 nobis,
1639 1456 1666 1479 et
1692 1451 1765 1478 ﬁlius

972 1506 1054 1533 datus
1066 1509 1108 1533 est
1123 1505 1214 1537 nobis,
1233 1505 1312 1539 cujus
1325 1507 1366 1530 est
1384 1501 1554 1537 principatus
1570 1506 1652 1534 super
1666 1497 1765 1525 hume-

972 1560 1033 1579 rum
1048 1552 1120 1586 ejus,
1130 1555 1157 1578 et
1170 1550 1314 1578 vocabitur
1331 1556 1433 1576 nomen
1453 1547 1513 1582 ejus
1530 1544 1648 1579 Angelus
1673 1540 1764 1576 magni

129 1590 224 1639 αὐτοῦ,
241 1591 361 1639 μεγαλης
374 1591 471 1639 βουλῆς
491 1592 641 1627 Ἄγγελος,
662 1592 830 1628 θαυμαστὸς,
852 1592 920 1628 σύμ-

975 1596 1093 1628 consilii,
1111 1594 1292 1625 admirabilis,
1309 1590 1497 1622 consiliarius,
1509 1589 1582 1615 Deus
1610 1586 1699 1616 fortis,
1715 1592 1765 1619 po-

1441 1636 1449 1639 .
1516 1634 1522 1639 .
1628 1633 1645 1639 ..
1662 1632 1685 1639 ..
1737 1629 1764 1639 ο,

130 1635 237 1666 ϐουλος,
253 1636 320 1668 Θεὸς
337 1638 458 1672 ἰσχυρὸς,
479 1639 668 1674 ὲξουσιαστὴς,
690 1640 782 1675 ἄρχων
798 1640 921 1675 εἰρήνης,

130 1681 227 1718 Πατὴρ
241 1682 288 1708 τοῦ
313 1683 454 1717 μέλλοντος
470 1683 577 1716 αἰῶνος.
596 1694 606 1710 ι
623 1685 655 1711 Εἰ
680 1685 708 1711 δὲ
725 1685 791 1716 Θεὸς
812 1685 923 1721 ἰσχυρὸς

131 1727 162 1754 τὺ
178 1728 274 1763 τεχθὲν
293 1729 345 1755 ὑπὸ
365 1729 415 1764 τῆς
438 1729 577 1765 Παρθένου
601 1731 821 1766 προσηγόρευται
859 1731 924 1767 βρέ-

133 1784 193 1810 φος,
206 1775 318 1807 εἰκότως
336 1776 390 1812 ἄρα.
420 1777 437 1811 ἡ
454 1776 572 1803 τεκοῦσα
595 1777 727 1809 Θεοτόκος
747 1778 924 1813 ὠνόμασται·

134 1821 266 1857 μετέλαχε
282 1822 335 1857 γὰρ
352 1823 368 1858 ή
385 1822 502 1849 τεκοῦσα
524 1823 574 1857 τῆς
598 1822 645 1849 τοῦ
667 1823 808 1857 τεχθέντος
830 1822 925 1857 τιμῆς.

134 1868 181 1894 καὶ
197 1867 271 1894 ἐστιν
284 1869 300 1903 ὴ
316 1868 454 1903 Παρθένος
473 1867 521 1894 καὶ
538 1869 641 1903 μήτηρ,
651 1868 688 1900 ὡς
704 1868 862 1904 ἀνθρώπου,
877 1867 926 1894 τοῦ

134 1914 270 1940 Δεσπύτου
297 1913 426 1949 Χριστοῦ,
452 1913 499 1940 καὶ
519 1913 601 1948 δούλη
621 1913 714 1946 πάλιν,
735 1913 772 1945 ὡς
790 1913 927 1940 Δεσπότου

135 1960 184 1987 καὶ
198 1959 314 1994 Ποιητοῦ
329 1959 376 1986 καὶ
391 1958 470 1986 Θεοῦ.

171 2005 222 2032 Διὰ
239 2005 340 2040 ταύτην
353 2005 408 2032 τῶν
427 2004 523 2039 φωνῶν
539 2005 589 2039 τὴν
608 2005 739 2040 διαφορὰν
753 2005 799 2031 καὶ
813 2005 929 2040 ἀπάτωρ

137 2051 190 2078 ὑπὸ
204 2051 250 2078 τοῦ
267 2051 412 2078 θεσπεσίου
424 2050 531 2077 Παύλου
551 2051 599 2077 καὶ
616 2052 733 2087 ἀμήτωρ
744 2051 868 2077 καλεῖται
880 2051 929 2077 καὶ

138 2097 365 2132 ἀγενεαλόγητος,
385 2097 453 2132 μήτε
470 2096 558 2132 ἀρχὴν
574 2097 695 2133 ἡμερῶν,
713 2097 782 2132 μήτε
798 2096 870 2131 ζωῆς
884 2095 929 2122 τέ-

138 2143 184 2175 λος
202 2144 280 2179 ἔχων.
305 2144 434 2175 Ἀπάτωρ
449 2144 498 2178 μὲν
513 2143 567 2178 γάρ
590 2143 648 2169 ἐστι
672 2143 743 2170 κατὰ
765 2142 796 2169 τὸ
823 2141 930 2177 ἀνθρὼο

141 2199 219 2217 πινον
231 2199 238 2205 ·
259 2190 291 2217 ἐκ
304 2191 389 2225 μόνης
405 2189 471 2225 γὰρ,
481 2189 518 2222 ὡς
533 2189 686 2225 ἄνθρωπος.
699 2189 796 2224 ἐτέχθη
812 2188 914 2224 μητρός
923 2197 929 2203 ·

140 2236 257 2272 ἀμήτωρ
275 2236 303 2263 δέ
321 2238 406 2269 ἐστιν,
432 2236 469 2268 ὡς
485 2237 569 2268 Θεός·
594 2237 626 2262 ὲκ
653 2236 734 2271 μόνου
759 2235 814 2269 γὰρ
829 2236 861 2261 ὲκ
877 2234 931 2260 τῶν

976 1647 1047 1673 lens,
1060 1641 1188 1677 princeps
1212 1639 1300 1675 pacis,
1323 1639 1406 1666 Pater
1438 1634 1523 1663 futuri
1555 1633 1647 1661 seaculi
1662 1632 1696 1657 τ’.
1710 1641 1718 1656 ι
1737 1629 1766 1657 Si

976 1696 1042 1716 vero
1056 1696 1150 1723 pucra
1163 1686 1275 1721 Virgine
1291 1689 1384 1715 natus,
1406 1683 1479 1709 Deus
1497 1681 1576 1708 fortis
1599 1677 1766 1714 appellatur.

974 1735 1037 1771 jure
1054 1734 1138 1770 igitur
1154 1737 1181 1759 et
1195 1739 1256 1767 quae
1270 1739 1334 1758 eum
1351 1727 1514 1764 pcperitDei
1530 1725 1655 1753 Gcnitrix
1671 1726 1768 1750 vocata

976 1766 1033 1806 est:
1047 1766 1186 1814 particeps
1202 1766 1277 1804 enim
1300 1775 1370 1802 facta
1395 1777 1437 1801 est
1456 1776 1544 1799 mater
1565 1769 1680 1798 honoris
1704 1766 1769 1798 ﬁlii;

977 1831 1006 1853 et
1022 1813 1065 1852 est
1074 1824 1155 1859 Virgo
1168 1827 1196 1850 et
1209 1826 1307 1853 mater,
1321 1824 1453 1854 tanquam
1465 1817 1586 1844 hominis
1595 1813 1699 1842 Christi
1714 1813 1768 1840 Do-

978 1870 1058 1902 mini,
1072 1874 1101 1896 et
1121 1869 1222 1896 iterum
1236 1867 1344 1899 ancilla,
1361 1870 1491 1900 tanquam
1499 1862 1645 1890 Dominiet
1658 1860 1770 1888 Creato-

980 1917 1018 1944 ris
1031 1916 1126 1944 etDei.

1015 2010 1131 2044 Propter
1146 2007 1232 2034 .hanc
1248 2013 1346 2033 vocum
1372 2004 1544 2034 varietatem,
1560 2006 1588 2028 et
1610 2001 1666 2026 sine
1684 2001 1770 2034 patre,

980 2064 994 2084 a
1013 2045 1078 2083 divo
1090 2053 1217 2085 Paulo",
1231 2052 1320 2080 etsine
1331 2055 1417 2077 matre
1433 2053 1558 2080 vocatur,
1571 2051 1599 2074 et
1609 2047 1665 2072 sine
1673 2052 1771 2080 genea-

982 2100 1063 2135 logia,
1075 2107 1157 2134 neque
1170 2098 1276 2125 initium
1287 2097 1400 2127 dierum,
1409 2102 1492 2130 neque
1503 2093 1583 2128 ﬁnem
1598 2093 1655 2118 vitm
1665 2090 1771 2117 habens.

982 2146 1046 2173 Sine
1060 2149 1138 2180 patre
1154 2143 1267 2178 quidem
1287 2146 1339 2174 est,
1359 2139 1513 2169 secundum
1529 2136 1744 2168 humanitatem;
1757 2142 1774 2161 a

982 2191 1118 2219 solaenim
1126 2189 1237 2225 Virgine
1245 2190 1383 2217 natusest.
1392 2187 1520 2214 uthomo.
1529 2184 1594 2211 Sine
1601 2186 1688 2210 matre
1697 2188 1774 2214 vero,

983 2243 1013 2264 ut
1024 2237 1107 2264 Deus.
1122 2236 1160 2262 Ex
1176 2234 1235 2262 solo
1249 2233 1323 2260 enim
1333 2233 1413 2260 Patre
1429 2235 1511 2258 natus
1519 2234 1562 2258 est
1578 2233 1642 2256 ante
1663 2227 1774 2256 saecula.

141 2282 249 2309 αἰώνων
274 2283 409 2318 ἐγεννήθη
429 2283 551 2318 Πατρός·
582 2282 628 2308 καὶ
646 2281 858 2316 ἀγενεαλόγητος
875 2280 918 2315 (79

984 2284 1018 2311 Et
1034 2282 1093 2310 sine
1110 2280 1277 2317 genealogia,
1297 2279 1397 2306 iterum
1412 2282 1442 2305 ut
1455 2278 1537 2304 Deus.
1572 2276 1626 2303 Sed
1642 2279 1672 2302 ut
1694 2275 1776 2301 homo

143 2328 225 2355 πάλιν
239 2327 277 2360 ὡς
292 2329 368 2360 Θεὸς,
392 2328 461 2355 ἀλλὰ
479 2328 526 2355 καὶ
543 2328 748 2362 γενεαλογεῐτα·.
772 2327 810 2358 ὡς
827 2327 934 2362 ἄνθρω-

144 2382 204 2405 πος.
225 2384 233 2399 ι
248 2373 344 2405 Βίϐλος
359 2374 424 2409 γὰρ,
440 2374 517 2408 φησὶ,
531 2375 665 2407 γενέσεως
694 2372 781 2408 Ἰησοῦ
803 2371 934 2407 Χριστοῦ,

144 2419 203 2445 υἱοῦ
219 2419 312 2450 Δαὸὶδ,
325 2419 383 2445 υἱοῦ
406 2419 542 2454 Ἀϐραάμ.
562 2429 571 2445 ι
586 2419 746 2452 Γενεαλογεῖ
756 2418 783 2444 δὲ
793 2418 874 2445 αὐτὸν
889 2418 936 2444 καὶ

144 2466 251 2497 Λουκᾶς
266 2466 280 2492 ὁ
297 2466 451 2497 θεσπέσιος.
474 2466 551 2492 Οὒτω
574 2466 665 2495 πάλιν,
686 2465 723 2496 ὡς
744 2465 820 2496 Θεὸς,
849 2464 937 2499 ἀρχὴν

144 2511 258 2546 ἡμερῶν
273 2511 322 2537 οὑκ
340 2511 414 2546 ἔσχε,
431 2511 483 2547 πρὸ
499 2510 553 2547 γὰρ
569 2511 621 2537 τῶν
636 2510 740 2538 αἰώνων
755 2510 935 2544 γεγέννηται·

144 2557 206 2584 οὔτε
220 2557 273 2594 μὴν
298 2557 372 2592 ζωῆς
398 2557 474 2588 τέλος
494 2557 567 2592 ἔχει,
591 2557 723 2584 ἀθάνατον
748 2556 802 2592 γὰρ
817 2555 874 2590 ἔχει
891 2554 939 2581 καὶ

145 2605 237 2641 ἀπαθῆ
252 2605 301 2640 τὴν
315 2605 406 2640 φύσιν.
424 2605 465 2636 Ὡς
482 2604 511 2630 δὲ
530 2605 674 2640 ἄνθρωπος
689 2604 734 2630 καὶ
755 2602 842 2638 ἀρχὴν
857 2602 938 2637 ἔσχεν

147 2651 259 2686 ἡμερῶν
271 2652 338 2686 (80)·
352 2651 398 2677 ἐπὶ
410 2651 465 2686 γὰρ
473 2650 629 2685 Αὐγούστου
641 2650 777 2685 Καίσαρος
791 2648 921 2684 ἐγεννήθη
932 2657 939 2664 ·

149 2697 195 2722 καὶ
212 2696 283 2730 ζωῆς
297 2697 372 2729 τέλος
397 2697 475 2733 ἔσχεν
489 2706 494 2712 ·
513 2696 561 2723 ἐπὶ
576 2697 630 2732 γὰρ
649 2696 775 2732 Τιϐερίου
799 2695 939 2730 Καίσαρος

149 2741 321 2777 ἐσταυρώθη.
333 2743 414 2770 Ἀλλὰ
427 2743 486 2775 νῦν,
503 2743 540 2775 ὡς
555 2743 633 2778 ἔφην.
647 2742 695 2769 καὶ
707 2743 756 2777 τὴν
766 2741 938 2776 ἀνθρωπείαν

150 2787 232 2822 φύσιν
246 2787 380 2815 ἀθάνατον
398 2789 467 2825 ἔχει,
488 2790 534 2816 καὶ
559 2789 597 2821 ὠς
620 2788 760 2824 ἀνελήφθη
782 2787 862 2814 πάλιν
879 2787 939 2822 ἥξει

985 2328 1273 2367 genealogiamhabet.
1290 2326 1363 2354 Dicit
1379 2325 1453 2353 enim
1469 2324 1654 2359 evangelista:
1673 2332 1681 2347 ι
1694 2321 1777 2348 Liber

986 2374 1172 2412 generationis
1187 2374 1250 2401 Jesu
1274 2371 1388 2403 Christi,
1411 2371 1461 2397 ﬁlii
1476 2370 1599 2402 Davidis,
1620 2368 1669 2396 ﬁlii
1688 2367 1776 2394 Abra—

986 2421 1050 2448 ham
1064 2420 1095 2447 "‘.
1107 2430 1115 2445 ι
1135 2419 1170 2446 Ει
1185 2426 1282 2446 rursus
1298 2418 1357 2452 ejus
1379 2416 1585 2452 generationem
1603 2413 1778 2441 traditdivus

987 2467 1076 2495 Lucas
1089 2466 1122 2494 ".
1137 2466 1172 2494 Ut
1202 2465 1274 2492 Deus
1299 2463 1449 2492 exsistendi
1465 2463 1573 2490 initium
1593 2469 1648 2488 non
1670 2459 1777 2490 habuit,

988 2517 1051 2540 ante
1061 2512 1160 2539 saecula
1171 2511 1245 2538 enim
1260 2515 1342 2537 natus
1352 2514 1404 2540 est,
1421 2516 1511 2543 neque
1538 2507 1619 2534 ﬁnem
1646 2505 1711 2532 vitae
1728 2505 1778 2531 ha-

986 2560 1049 2591 bet,
1073 2558 1255 2585 immortalem
1283 2564 1345 2584 cum
1369 2555 1471 2583 habeat
1495 2559 1622 2581 naturam
1637 2557 1666 2579 et
1691 2551 1779 2585 impa-

988 2606 1114 2633 tientem.
1128 2604 1164 2632 Ut
1177 2604 1260 2631 homo
1274 2608 1365 2630 autem
1378 2606 1405 2628 et
1418 2601 1526 2628 dierum
1549 2599 1646 2627 habuit
1657 2596 1779 2624 initium.

991 2650 1097 2686 1312
1111 2649 1179 2676 Nam
1191 2648 1306 2683 Augusti
1321 2646 1438 2674 Caasaris
1453 2650 1577 2680 tempore
1592 2647 1673 2670 natus
1687 2647 1739 2673 est,
1752 2645 1781 2668 et

991 2697 1054 2724 vita:
1067 2696 1164 2723 habuit
1177 2695 1276 2722 ﬁnem:
1293 2699 1416 2729 tempore
1441 2693 1514 2720 enim
1540 2690 1645 2718 Tiberii
1663 2687 1779 2717 Caesaris

992 2742 1140 2769 cruciﬁxus
1151 2745 1203 2768 est.
1220 2740 1301 2768 Nunc
1317 2746 1394 2770 vero,
1410 2736 1645 2773 quemadmodum
1669 2733 1738 2767 dixi,
1754 2740 1768 2760 e

992 2787 1113 2814 humana
1125 2789 1226 2813 natura
1242 2783 1392 2811 immortali
1412 2782 1544 2818 praeditus
1567 2784 1619 2813 cst,
1638 2785 1668 2809 et
1686 2784 1717 2807 ut
1740 2785 1779 2806 as-

187 2857 209 2873 "
223 2857 318 2884 Matth.
334 2866 353 2890 ι,
366 2859 411 2885 25.
450 2860 472 2874 "
487 2860 537 2888 lsa.
552 2869 576 2887 Ix
588 2881 594 2893 ,
608 2860 633 2887 6.
663 2859 685 2874 ⁷⁸
699 2858 782 2886 Hebr.
797 2866 842 2891 \‘ll,
855 2858 882 2885 3.

975 2857 1063 2884 Matth.
1081 2858 1138 2888 1,1.
1176 2855 1198 2871 ⁷³
1211 2854 1277 2881 Luc.
1295 2862 1333 2886 ιιι,
1349 2854 1394 2881 25.

191 2916 246 2952 (79)
261 2915 289 2942 δὲ
306 2915 383 2944 addit
399 2917 484 2944 Mans.

1036 2914 1091 2951 (80)
1176 2913 1234 2948 έτχ.
1247 2912 1331 2940 idem.
