1945 3058
159 117 224 150 MU

818 115 999 145 EPISTULA
1018 114 1131 143 CLIII.-

1719 111 1787 145 1442

157 173 344 208 κατελάῦομεν
360 173 410 208 τὴν
429 173 559 206 Ἐφεσίων
575 172 750 208 μητρόπολιν,
769 173 815 198 καὶ
827 171 943 206 εὖρυμεν

1001 168 1030 195 ιι]
1041 168 1222 203 Ephesiorum
1246 169 1410 203 metropolin
1439 168 1619 198 devenimus,
1646 172 1675 194 et
1687 168 1782 195 confu~

155 219 248 254 πάσης
263 218 419 253 συγχύσεως
442 219 488 244 καὶ
519 218 650 252 ἐμφυλίου
678 217 799 251 πολέμου
819 217 874 251 (84)
894 216 942 250 γέ-

157 273 241 299 μοντα
266 263 301 290 τὰ
323 263 540 298 ἐκκλησιαστικὰ
563 263 725 298 πράγματα,
740 262 876 297 Κυρίλλου
897 261 944 287 τοῦ

162 309 359 344 Ἀλεξανδρέως
382 309 450 344 (85),
470 309 516 336 καὶ
532 309 674 344 Μέμνονος
684 308 731 334 τοῦ
747 308 871 342 Ἐφεσίου
888 307 944 342 (86)

155 355 408 390 συμφραξαμένων,
423 356 469 381 καὶ
491 354 594 389 πλῆθος
613 354 774 389 ἀγροικικον
801 353 944 387 συναθροι-

157 402 271 433 σάντων,
283 401 330 428 καὶ
349 401 418 436 μήτε
445 401 495 434 τῆς
512 400 592 434 ἁγίας
613 400 802 435 Πεντηκοστῆς
816 400 864 434 τὴν
879 408 946 425 παν-

155 449 254 483 ήγυριν
267 447 420 474 ἐπιτελέσαι
430 446 678 481 συγχωρησάντων,
693 447 761 481 μήτε
774 445 824 477 τὰς
836 446 946 480 ἑσπερι-

156 493 205 524 νὰς
221 493 237 528 ἢ
253 493 302 524 τὰς
315 492 429 524 ἑωθινὰς
446 492 618 527 λειτουργίας
629 501 636 508 ·
656 493 723 527 πρὸς
740 492 767 518 δὲ
780 491 884 522 τούτοις
898 490 946 517 καὶ

156 540 206 570 τὰς
222 539 301 572 ἁγίας
326 538 484 573 ἐκκλησίας,
512 539 558 564 καὶ
579 538 613 564 τὰ
634 538 700 572 ἇγια
721 537 858 572 μαρτύρια
880 537 947 563 ἀπο-

156 583 332 614 κλεισάντων,
354 582 415 609 καθ’
438 583 551 614 ἑαυτοὺς
572 583 600 608 δὲ
621 583 668 609 σὺν
691 584 747 614 τοῖς
769 581 946 616 ὰπατηθεῖσιν

157 630 204 655 ὑπ’
230 629 319 655 αὐτῶν
346 627 599 663 συνεδρευσάντων,
620 629 667 654 καὶ
691 628 774 663 μυρία
800 628 947 662 παράνομα

156 674 364 709 ἐργασαμένων,
380 674 426 700 καὶ
437 673 500 706 τούς
512 683 542 700 τε
554 674 608 700 τῶν
624 674 710 708 ἁγίων
723 673 852 709 Πατέρων
865 673 945 700 κανό-

157 729 216 752 νας,
241 721 275 746 τά
296 729 325 745 τε
354 719 475 754 ὑμέτερα
496 719 676 754 πατησὰντων
690 719 874 754 θεσπίσματα·
899 719 947 744 καὶ

156 767 243 792 ταῦτα
253 765 300 792 τοῦ
318 766 611 801 μεγαλοπρεπεστάτου
625 766 744 800 κόμητος
757 764 944 797 Κανδιδιανοῦ,

156 813 203 839 τοῦ
218 813 290 848 παρὰ
299 814 348 847 τῆς
360 812 495 848 ὑμετέρας
507 812 679 847 φιλοχρίστου
691 811 812 847 κορυφῆς
825 812 945 837 ἀποστα-

997 214 1120 241 sionibus
1138 214 1322 248 intestinoque
1339 214 1411 241 bello
1423 222 1466 240 res
1480 213 1682 241 ecclesiasticas
1691 214 1785 248 opple-

998 265 1039 286 tas
1048 267 1108 286 esse
1122 259 1306 294 comperimus
1326 268 1331 285 :
1349 258 1573 293 quandoquidem
1587 258 1705 293 Cyrillus
1723 258 1787 285 Ale«

998 305 1150 332 xandrinus
1167 309 1194 332 et
1210 304 1336 331 Memnon
1365 304 1510 338 Ephesius,
1538 302 1667 332 satellitio
1678 311 1788 338 compa-

998 355 1068 382 rato,
1099 357 1253 384 magnaque
1270 349 1420 384 agrestium
1445 349 1588 375 hominum
1612 348 1788 375 multitudine

997 399 1104 428 coacta,
1117 403 1151 422 ne
1165 398 1267 422 sanetae
1279 394 1391 429 quidem
1402 394 1577 421 Pentecostes
1599 393 1698 420 festum
1717 393 1788 420 cele-

997 441 1090 472 brare,
1099 441 1267 468 matutinave
1279 445 1327 467 aut
1339 439 1498 475 vespertina
1508 440 1595 467 ollieia
1602 439 1678 466 obire
1684 432 1787 474 permi-

997 490 1102 512 serunt.
1122 485 1160 512 Ac
1181 489 1280 520 praeter
1310 485 1378 517 hzec,
1408 490 1518 512 sanctas
1539 485 1621 511 etiam
1647 485 1786 515 ecclesias,

997 535 1160 566 sanctasque
1174 537 1325 567 martyrum
1335 530 1409 558 :edes
1420 531 1501 558 nobis
1511 530 1721 566 prmeludentes,
1736 531 1788 566 ipsi

997 582 1060 601 cum
1076 575 1241 610 quibusdam
1254 576 1281 602 in
1299 582 1422 602 errorem
1447 575 1556 602 illorum
1579 575 1789 602 abductisinter

998 627 1027 647 se
1043 620 1199 647 confessum
1223 620 1414 651 instituerunt,
1440 624 1651 654 sanctorumque
1676 620 1787 646 Patrum

999 666 1162 698 canonibus,
1178 668 1185 676 ¹
1204 666 1359 700 vestrisque
1387 666 1507 692 decretis
1531 666 1707 700 proculcatis,
1725 673 1788 691 sex—

998 715 1077 738 centa
1091 711 1226 738 scelerum
1235 711 1359 745 exempla
1369 711 1519 737 ediderunt
1530 719 1536 736 ι
1547 718 1609 737 cum
1625 715 1716 737 tamen
1733 718 1789 736 ma—

999 756 1244 791 gniliccntissimus
1258 763 1349 783 comes
1364 755 1550 783 Candidianus
1563 764 1578 783 a
1587 756 1789 783 Christianitati-

1000 805 1027 827 te
1054 800 1218 827 celsitudine
1243 805 1333 827 vestra
1358 800 1469 832 missus,
1497 805 1525 827 et
1547 800 1649 834 scripto
1674 805 1702 826 et
1730 800 1790 826 sine

157 846 262 890 λέντος,
282 846 525 893 παρεγγυήσαντος
545 846 638 888 αυτοῖς
658 857 705 883 καὶ
725 846 880 892 ἐγγράφως
900 857 946 883 καὶ

1001 846 1103 880 scripto
1142 846 1197 873 illis
1240 846 1449 877 denuntiasset,
1489 851 1518 872 ut
1555 846 1789 873 sanctissimorum

156 904 300 939 ἀγράφως,
313 905 456 939 ἀναμεῖναι
471 905 533 936 τοὺς
548 904 716 939 πανταχόθεν
734 903 948 938 ἀφικνουμένους

157 951 326 983 ἀγιωτάτους
346 951 522 983 ἐπισκόπους,
538 950 584 977 καὶ
599 950 660 976 τότε
678 951 752 985 κοινῇ
766 949 796 975 τὺ
810 950 946 984 συνέδριον

158 996 269 1031 ποιῆσαι
280 997 350 1022 κατὰ
363 997 398 1023 τὰ
415 996 568 1031 γράμματα
582 996 632 1030 τῆς
646 995 780 1030 ὑμετέρας
794 994 945 1026 εὺσεῦείας·

157 1042 205 1067 καὶ
225 1042 306 1068 αὑτοῦ
336 1042 364 1068 δὲ
387 1042 521 1077 Κυρίλλου
542 1041 589 1068 τοῦ
616 1041 814 1076 Ἀλεξανδρέως
828 1040 947 1067 ἐπιστεί-

157 1087 252 1119 λαντός
269 1097 314 1122 μοι
331 1087 370 1122 τῷ
383 1088 432 1123 τῆς
454 1088 622 1122 Ἀντιοχέων,
638 1088 690 1122 πρὸ
710 1086 756 1113 δύο
773 1086 884 1121 ἡμερῶν
898 1085 946 1112 τοῦ

157 1133 305 1168 γενομένου
323 1133 369 1159 ὑπ’
381 1134 470 1160 αὐτῶν
492 1133 630 1168 συνεδρίου
640 1153 646 1164 ,
662 1133 699 1164 ὡς
718 1133 734 1167 ἡ
747 1132 857 1163 σύνοδος
871 1133 946 1158 πᾶσα

157 1179 288 1213 ἀναμένει
303 1188 354 1214 μου
371 1179 420 1214 τὴν
440 1179 602 1214 παρουσίαν.

193 1243 239 1269 Διὸ
256 1244 427 1279 ἀμφοτέρους
450 1244 513 1275 τοὺς
533 1244 750 1280 προειρημένους
772 1244 944 1279 καθείλομεν,

159 1288 292 1323 Κύρι).λον
307 1290 354 1316 καὶ
371 1289 512 1324 Μέμνονα,
528 1290 575 1316 καὶ
597 1289 688 1325 πάσης
715 1289 946 1325 ἐκκλησιαστικῆς

158 1335 332 1369 λειτουργίας
348 1335 505 1371 ἀλλοτρίους
531 1337 740 1371 πεποιήκαμεν·
762 1336 826 1366 τοὺς
845 1335 872 1362 δὲ
889 1335 945 1361 λοι-

160 1380 237 1412 ποὺς,
255 1380 318 1411 τοὺς
334 1379 437 1415 ταύτης
452 1381 501 1415 τῆς
513 1380 685 1415 παρανομίας
702 1380 794 1411 αὐτοῖς
814 1380 944 1415 κοινωνή-

160 1433 271 1457 σαντας,
286 1425 486 1459 ἀκοινωνήτους
501 1425 702 1460 πεποιήκαμεν,
725 1425 778 1456 ἕως
795 1424 827 1451 ἂν
847 1425 881 1452 τὰ
899 1434 945 1452 κε-

159 1470 260 1505 φάλαια
271 1470 305 1497 τὰ
322 1470 398 1503 παρὰ
416 1470 551 1506 Κυρίλλου
572 1470 775 1505 ἐκπεμφθέντα,
796 1471 846 1505 τῆς
868 1471 945 1497 Ἀπο-

159 1516 280 1552 λιναρίου
294 1516 341 1543 καὶ
366 1516 500 1551 Εὑνομίου
515 1516 564 1543 καὶ
590 1516 695 1551 Ἀρείου
716 1516 875 1549 κακοδοξίας
899 1517 947 1551 γέ-

162 1570 261 1596 μοντα,
279 1561 414 1588 ἐκϐάλωσι
435 1562 482 1588 καὶ
508 1561 731 1596 ἀναθεματίσωσι
743 1582 749 1594 ,
764 1562 812 1588 καὶ¹
835 1561 904 1588 κατὰ
919 1562 949 1588 τὸ

160 1608 209 1642 τῆς
228 1608 364 1643 ὑμετέρας
391 1608 532 1639 εὐσεϐείας
558 1608 675 1642 γράμμα
704 1609 782 1643 κοινῇ
811 1608 859 1633 σὺν
883 1608 948 1642 ἡμῖν

162 1652 401 1688 συνεδρεύσαντες,
424 1653 534 1688 ἡσύχως
552 1654 599 1680 καὶ
621 1653 744 1688 ἀκριϐῶς
764 1654 798 1680 τά
818 1662 848 1679 τε
863 1652 947 1689 ζητή-

162 1706 235 1734 ματα
252 1699 300 1725 σὺν
313 1699 380 1733 ἡμῖν
398 1698 484 1731 ἴδωσι,
506 1699 553 1725 καὶ
567 1698 598 1725 τὺ
615 1699 725 1731 εὐσεϐὲς
741 1699 795 1725 τῶν
820 1700 948 1735 Πατέρων

163 1744 336 1780 βεϐαιώσωσι
352 1744 449 1779 δόγμα.

196 1800 264 1836 Περὶ
281 1800 311 1826 δὲ
328 1799 379 1835 τῆς
393 1800 463 1835 ἐμῆς
481 1800 645 1835 βραδύτητος
662 1799 728 1826 ἴστω
744 1798 819 1832 ὑμῶν
834 1800 850 1833 ἠ
873 1799 949 1824 εὐσέ-

161 1846 231 1877 ϐεια,
247 1846 285 1877 ὡς
307 1845 376 1880 πρὸς
398 1845 428 1871 τὸ
444 1847 570 1880 χερσαῖον
590 1845 728 1879 διάστημα
746 1844 796 1879 τῆς
811 1844 872 1870 ὁδοῦ
894 1844 948 1879 (διὰ

160 1896 211 1929 γῆς
225 1895 278 1929 γὰρ
295 1893 374 1928 ἡμῶν
388 1893 472 1928 ἡόδὺς
487 1892 644 1928 γεγένηται)
663 1892 765 1927 σφόδρα
781 1892 949 1926 ἐπεταχύνα-

162 1947 211 1974 μεν
222 1946 228 1953 ·
243 1940 450 1974 τεσσαράκοντα
464 1938 517 1973 γὰρ
536 1937 620 1973 μονὰς
631 1937 799 1972 ὡδεύσαμεν,
813 1937 948 1972 μηδεμιᾶς

161 1984 307 2018 ἀνακωχῆς
327 1983 398 2010 κατὰ
420 1984 470 2019 τὴν
487 1983 600 2019 πορείαν
621 1982 835 2014 ἀπολαύσαντες,
855 1982 892 2013 ὼς
906 1981 948 2014 ἐξ·

161 2037 234 2055 εστιν
257 2029 332 2064 ὑμῶν
348 2030 381 2064 τῇ
406 2029 570 2065 φιλοχρίστῳ
587 2028 710 2064 βασιλείᾳ
727 2028 803 2063 παρὰ
826 2027 881 2054 τῶν
899 2027 948 2058 τὰς

161 2075 232 2102 κατὰ
257 2074 305 2110 τὴν
328 2075 386 2101 ὁδὸν
402 2075 494 2107 πόλεις
520 2075 665 2102 οἰκούντων
685 2075 791 2110 μαθεῖν.
818 2075 890 2110 Πρὸς
919 2074 947 2100 δὲ

160 2120 266 2152 τούτοις
282 2121 330 2146 καὶ
340 2121 354 2146 ὁ
368 2120 445 2155 λιμὺς
459 2120 530 2147 κατὰ
545 2119 594 2155 τὴν
611 2120 776 2154 Ἀντιόχειαν
791 2119 945 2154 γενόμενος,

162 2165 209 2192 καὶ
226 2166 254 2191 αἱ
267 2165 328 2192 καθ’
346 2165 463 2200 ἑκάστην
477 2165 583 2201 ἡμέραν
600 2166 718 2200 ταραχαὶ
729 2165 776 2192 τοῦ
791 2165 889 2200 δήμου,
899 2165 947 2191 καὶ

163 2210 237 2245 παρὰ
252 2209 308 2244 (87)
326 2210 372 2236 τὸν
400 2210 495 2245 καιρὸν
519 2210 687 2245 σφοδροτάτη
708 2209 840 2245 γενομένη
858 2210 945 2244 ὲπομ-

162 2255 236 2291 ΰρία,
253 2255 270 2291 ἦ
286 2255 333 2281 καὶ
349 2256 470 2282 κίνδυνον
486 2256 518 2282 ἐκ
529 2255 584 2282 τῶν
602 2256 760 2291 χειμάρρων
777 2255 900 2290 ἐπήγαγε
914 2256 947 2290 τῇ

162 2301 249 2332 πόλει,
268 2301 318 2327 οὐκ
331 2301 424 2334 ὀλίγας
440 2301 549 2336 ἡμέρας
561 2301 635 2336 ἡμᾶς
656 2301 696 2332 είς
710 2300 760 2336 τὴν
781 2300 949 2336 προειρημέυ

162 2355 210 2381 νην
223 2346 321 2381 ἐπέσχε
336 2346 423 2374 πόλιν.

161 2500 247 2527 PNF’.
261 2515 296 2519 —
316 2499 460 2534 Ἀναφορὰ
483 2499 543 2526 τῶν
565 2500 664 2528 αὐτῶν
683 2500 758 2535 πρὸς
782 2503 831 2533 τὰς
853 2501 947 2533 βασι-

469 2535 557 2568 λίδας
570 2535 636 2569 (88}.

199 2592 300 2626 Ἕτερα
325 2590 468 2626 γνωρίζειν
492 2591 525 2626 τῇ
555 2591 675 2627 ὑμετέρᾳ
711 2592 947 2627 προσδοκήσαντες

163 2638 296 2673 εὐσεϐείᾳ,
314 2638 350 2664 τὰ
370 2637 480 2664 ἐναντία
504 2637 624 2672 δηλῶσαι
649 2638 863 2673 ἠναγκάσθημεν
875 2657 882 2670 ,
898 2638 948 2672 τῆς

200 2737 253 2769 (84)
273 2737 390 2771 πολέμου
405 2738 497 2764 aberat
515 2745 529 2764 a
546 2738 628 2766 Garn.

200 2772 254 2805 (85)
274 2772 476 2807 Ἀλεξανδρείας
487 2772 521 2799 Μ.

199 2807 253 2843 (86)
272 2807 317 2834 τοῦ
339 2807 463 2842 Ἐφεσίου
479 2808 556 2835 abest
571 2817 585 2836 a
597 2809 681 2836 Mans.

1000 892 1192 926 episcoporum
1222 891 1406 926 undecunque
1443 891 1647 918 advenientium
1669 899 1789 926 praesen-

1001 937 1066 964 tiam
1095 942 1296 972 exspectarent,
1311 945 1343 964 ac
1370 941 1427 963 tum
1453 937 1564 964 demum
1592 937 1668 971 juxta
1697 937 1788 971 pieta-

1002 983 1037 1010 tis
1067 987 1164 1010 vestrze
1189 983 1311 1014 litteras,
1335 982 1533 1010 convenienter
1554 982 1688 1017 synodum
1714 982 1788 1008 cele-

1000 1028 1123 1055 brarent.
1137 1028 1191 1056 Sed
1204 1033 1232 1055 et
1242 1029 1299 1063 ipse
1315 1036 1425 1063 quoque
1442 1028 1563 1064 Cyrillus
1577 1028 1787 1058 Alexandrinus,

998 1073 1084 1100 biduo
1095 1078 1157 1100 ante
1173 1073 1299 1101 habitum
1313 1074 1347 1100 ab
1359 1074 1426 1108 ipsis
1439 1081 1600 1101 consessum
1617 1074 1705 1104 illum,
1719 1073 1789 1100 scri-

998 1124 1089 1153 pserat
1101 1119 1135 1146 ad
1152 1127 1195 1146 me
1224 1119 1425 1146 Antiochenum
1441 1119 1610 1154 episcopum,
1637 1121 1710 1154 quod
1731 1120 1790 1146 uui-

998 1173 1076 1201 versa
1098 1165 1219 1201 synodus
1234 1172 1326 1192 meum
1336 1165 1485 1193 adventum
1497 1165 1717 1200 praestolabatur.

1043 1230 1152 1265 1315
1167 1231 1282 1264 Propter
1299 1230 1357 1257 haec
1374 1237 1439 1265 ergo
1459 1235 1618 1265 utrumque,
1644 1229 1788 1266 Cyrillum,

997 1280 1134 1310 inquam,
1163 1281 1191 1304 et
1213 1277 1383 1302 Memnonem
1412 1276 1667 1308 exauctoravitnus,
1697 1281 1725 1302 et
1755 1276 1790 1302 ab

997 1321 1071 1348 omni
1097 1321 1284 1348 ecclesiastica
1310 1320 1452 1347 functionc
1479 1321 1652 1347 amovimus:
1670 1320 1790 1355 reliquos

997 1375 1063 1394 vero
1078 1367 1160 1402 hujus
1187 1366 1345 1401 iniquitatis
1372 1374 1468 1394 eorum
1495 1366 1584 1394 socios
1599 1367 1789 1393 excommuni-

997 1413 1099 1440 cationi
1123 1413 1307 1447 subjecimus,
1331 1412 1420 1440 donec
1448 1413 1548 1447 capita,
1577 1420 1638 1447 qua:
1659 1411 1788 1448 Cyrillus,

997 1458 1159 1495 Apollinarii
1173 1457 1335 1485 etEunomii
1352 1461 1379 1484 et
1393 1457 1451 1484 Arii
1464 1457 1602 1492 perversis
1616 1457 1790 1492 dogmatibus

961 1516 982 1544 ο
999 1503 1078 1537 plena
1105 1503 1252 1537 evolgavit,
1278 1502 1408 1538 abjiciant
1434 1506 1461 1529 et
1486 1502 1730 1534 anathematizent,
1756 1510 1789 1529 ac

997 1549 1074 1583 juxta
1091 1548 1202 1583 pietatis
1214 1551 1313 1575 vestrae
1332 1548 1475 1575 decretum
1492 1548 1676 1575 communiter
1693 1547 1789 1575 nobis-

1000 1601 1061 1620 cum
1083 1601 1243 1620 consessum
1264 1593 1416 1625 celebrent,
1444 1593 1718 1628 controversiasque,
1736 1601 1790 1628 qua

999 1639 1128 1666 convenit
1146 1639 1289 1674 diligentia
1301 1643 1329 1666 ct
1344 1639 1451 1673 quiete,
1470 1647 1524 1665 una
1538 1639 1682 1666 nobiscum
1701 1638 1790 1666 discu-

999 1685 1078 1716 tiant,
1088 1688 1115 1711 et
1126 1684 1201 1719 pium
1213 1688 1370 1712 sanctorum
1380 1684 1490 1711 Patrum
1500 1683 1598 1718 dogma
1611 1683 1785 1711 conﬁrment.

1035 1805 1113 1838 Quod
1133 1813 1198 1832 vero
1227 1806 1334 1832 tardius
1360 1806 1499 1839 aliquanto
1525 1806 1695 1838 advenerim,
1713 1807 1788 1834 aliud

999 1859 1088 1878 causa:
1109 1851 1170 1878 fuit.
1196 1851 1263 1878 Nam
1281 1851 1303 1878 si
1324 1851 1463 1878 terrestris
1482 1851 1589 1878 itineris
1614 1851 1786 1879 intervallum

1000 1896 1084 1932 (terra
1113 1897 1188 1923 enim
1214 1896 1350 1931 venimus)
1375 1896 1462 1930 pietas
1498 1900 1588 1923 vestra
1612 1898 1787 1931 spectaverit,

999 1950 1096 1977 magna
1113 1942 1235 1977 profecto
1261 1942 1401 1969 celeritate
1423 1950 1474 1969 nos
1494 1941 1547 1969 iter
1567 1942 1620 1969 hoc
1635 1942 1785 1970 confecisse

998 1986 1164 2021 comperiet:
1193 1986 1330 2021 siquidem
1354 1987 1535 2021 quadraginta
1552 1987 1710 2014 mansiones
1725 1995 1787 2022 per-

998 2033 1163 2067 agravimus,
1192 2032 1266 2059 nulla
1291 2040 1410 2066 unquam
1448 2040 1462 2059 a
1486 2033 1688 2067 progrediendo
1718 2034 1787 2061 rela-

997 2078 1108 2105 xatione
1127 2077 1181 2110 usi,
1207 2078 1438 2112 quemadmodum
1450 2078 1560 2105 Christo
1575 2079 1675 2106 dilecta
1694 2084 1785 2107 vestra

999 2123 1136 2158 majestas,
1158 2130 1192 2150 ex
1219 2131 1314 2150 earum
1342 2123 1483 2150 civitatum
1509 2123 1616 2157 incolis,
1651 2132 1700 2159 per
1718 2132 1785 2159 quas

998 2168 1052 2195 iter
1069 2168 1193 2200 fecimus,
1213 2168 1292 2195 facile
1308 2168 1460 2203 intelligere
1489 2171 1588 2202 potest.
1610 2169 1705 2196 Fames
1718 2177 1786 2203 prae—

999 2219 1083 2246 terea,
1097 2222 1157 2248 quze
1168 2214 1365 2241 Antiochenam
1378 2213 1518 2240 civitatem
1533 2214 1712 2242 vehementer
1731 2215 1785 2241 alli-

997 2259 1046 2289 xit.
1061 2264 1087 2286 et
1104 2259 1269 2294 quotidiana:
1280 2259 1373 2294 populi
1388 2259 1621 2294 perturbationes,
1637 2264 1663 2287 et
1683 2260 1785 2295 {rigens

998 2309 1098 2340 praeter
1106 2309 1214 2340 tempus
1223 2306 1264 2333 vis
1277 2306 1418 2339 imbrium,
1433 2314 1493 2340 qua:
1517 2306 1685 2333 torrentibus
1705 2307 1786 2333 intin-

998 2350 1139 2384 dantibus,
1158 2352 1186 2378 in
1201 2351 1350 2379 discrimen
1375 2351 1514 2378 civitatem
1540 2352 1708 2383 adduxerat,
1730 2359 1785 2379 non

999 2404 1103 2431 paucos
1115 2404 1226 2431 quoque
1239 2396 1299 2424 dies
1309 2396 1336 2423 in
1352 2404 1435 2431 supra
1458 2396 1532 2423 dicta
1544 2396 1654 2424 civitate
1667 2404 1718 2423 nos
1735 2396 1785 2424 de-

1001 2442 1153 2470 tinuerunt.

1034 2507 1140 2542 1316
1157 2507 1287 2534 CLlll.—
1299 2507 1403 2534 Relatio
1413 2507 1563 2533 earumdem
1580 2506 1616 2532 ad
1633 2507 1748 2541 reginas.

1034 2597 1178 2624 Contraria
1194 2597 1228 2624 iis
1242 2605 1302 2632 qua:
1314 2597 1502 2631 sperabamus,
1516 2600 1613 2624 vestra:
1637 2596 1732 2632 pietati
1746 2597 1784 2624 si-

997 2642 1121 2677 gniﬁcari
1144 2643 1280 2677 compulsi
1305 2650 1411 2675 sumus,
1439 2642 1578 2677 tyrannica
1602 2641 1696 2678 Cyrilli
1722 2642 1764 2670 Δία·

1035 2740 1089 2796 (87)
1107 2742 1172 2775 περὶ
1189 2740 1273 2767 Mans.
1294 2740 1320 2767 in
1338 2748 1424 2775 marg.

1035 2776 1077 2796 {RR
1110 2776 1153 2796 Fu
1170 2776 1195 2796 in
1213 2775 1307 2796 nmium
1325 2776 1429 2796 rnllmili

1034 2775 1088 2803 t88\
1110 2776 1155 2803 Est
1170 2776 1195 2802 in
1213 2775 1308 2802 eadem
1325 2776 1485 2803 collectione
1503 2775 1520 2802 l.
1536 2783 1571 2808 c.,
1585 2783 1611 2810 p.
1629 2775 1696 2802 1277
1706 2781 1765 2808 seq.
