1945 3058
153 96 221 129 1443

641 94 885 125 THEODORETI
905 95 1075 125 EPISCOPI
1093 95 1277 125 CYRENSIS

1710 93 1800 124 1444

151 153 277 186 xandrini
294 156 324 180 et
337 152 489 180 Memnonis
503 150 635 186 Ephesini
649 151 800 186 petulantia
823 151 859 178 ad
873 158 934 178 eam

1004 151 1153 187 υροιννικῆς
1175 151 1287 183 ἀταξίας
1301 150 1437 186 Κυρίλλου
1460 149 1506 175 τοῦ
1524 149 1721 185 Ἀλεξανδρέως
1737 150 1801 176 καὶ

152 200 345 228 necessitatem
363 205 413 224 nos
430 200 609 231 perurgente.

187 244 255 271 Nam
281 250 343 270 cum
361 247 473 277 propter
499 241 748 269 ecclesiasticarum
767 241 940 268 sanctionum

152 288 289 320 ordinem,
315 287 414 322 piaque
446 286 549 314 Christi
571 286 723 313 amantium
742 286 941 321 imperatorum

153 338 309 362 mstrorum
321 333 445 364 decreta,
459 332 732 367 religiosissimorum
747 332 940 367 episcoporum

153 379 366 408 adventantium
382 378 556 413 prmsentiam
584 385 632 405 eos
653 377 767 412 operiri,
786 377 941 404 communi-

154 431 251 461 terque
261 432 322 460 quae
332 423 513 453 sanctaa,ﬁdei
530 427 605 455 sunt,
625 423 793 458 expendere,
817 429 845 451 et
867 428 943 451 ortas

153 470 358 498 controversias
375 469 456 496 simul
468 469 637 500 examinare,
650 473 734 503 atque
759 467 942 503 apostolicum

154 517 252 550 dogma
275 519 371 542 exacte
401 514 556 541 discussum
583 513 748 540 conﬁrmare
775 517 941 547 oporteret:

154 561 235 588 nobis
247 568 276 587 se
287 564 413 587 nostrum
443 559 593 586 adventum
615 559 766 594 praestolari
790 566 852 585 cum
873 558 943 586 scri-

154 606 283 640 psissent,
311 604 528 638 didicissentque
542 603 625 631 tridui
639 604 738 631 itinere
752 611 803 630 nos
826 603 941 636 abesse;

156 651 300 687 tyrannico
323 650 396 676 inter
422 657 452 676 se
465 656 597 676 consessu
626 649 787 681 constituto,
806 656 851 676 res
865 649 943 683 ﬂagi-

155 696 251 727 tiosas,
266 695 433 730 illegitimas,
445 694 575 728 omnique
588 695 758 722 absurditate
772 695 868 729 plenas
884 695 943 722 ausi

156 745 222 767 sunt
235 749 240 766 :
252 748 314 767 cum
330 744 422 766 tamen
434 739 723 773 magniﬁcentissimus
733 747 826 766 eomes
845 738 944 766 Candi-

156 787 265 818 dianus,
292 785 400 812 ordinis
426 784 555 811 servandi
586 792 669 811 causa
690 792 705 811 a
730 785 945 820 religiosissimis

155 831 313 866 Christique
324 830 480 857 amantibus
498 829 711 864 imperatoribus
723 819 944 862 nostrismissus,
960 819 982 847 Β

157 879 185 902 et
199 874 294 904 verbo,
309 877 335 900 et
347 873 451 908 scripto
465 873 518 901 illis
533 873 734 906 denuntiasset,
760 878 791 901 ut
806 874 946 909 piissimo—

156 927 218 947 rum
231 918 433 953 episcoporum,
452 918 497 953 qui
512 919 656 946 convocati
667 918 785 952 fuerant,
799 919 947 946 adventum

157 969 358 1000 exspectarent,
386 972 476 999 neque
501 965 652 999 quidquam
677 965 752 992 circa
768 966 842 1000 piam
865 965 948 994 ﬁdem

158 1011 341 1042 innovarent;
358 1009 406 1037 sed
420 1010 483 1043 illis,
497 1018 558 1044 quae
571 1018 586 1037 a
614 1010 666 1045 pite
691 1011 793 1038 mentis
809 1011 948 1046 'impera-

159 1056 266 1084 toribus
278 1055 380 1083 nostris
393 1055 503 1083 decreta
515 1060 619 1089 essent,
634 1056 804 1085 insisterent.

192 1146 295 1173 Verum
311 1149 369 1171 tum
381 1144 483 1172 litteris
500 1144 700 1179 imperialibus,
716 1148 774 1172 tum
792 1148 875 1172 etiam
892 1152 949 1172 ma-

159 1190 379 1225 gniﬁcentissimi
406 1189 515 1216 comitis
526 1189 689 1216 Candidiani
706 1189 828 1216 consiliis
843 1189 948 1224 1317

159 1236 261 1263 auditis
276 1236 403 1263 ordinem
423 1240 451 1262 et
467 1235 599 1262 decorum
619 1234 861 1270 parvipendentes,
875 1235 949 1269 aspi-

159 1281 225 1309 dum
245 1288 295 1308 ova
311 1281 465 1316 fregerunt,
480 1284 508 1307 et
522 1280 613 1314 telam,
637 1281 718 1308 sicuti
745 1281 879 1316 propheta
906 1280 950 1307 lo-

159 1325 255 1360 quitur
270 1325 302 1356 7',
316 1332 422 1351 araneae
445 1328 550 1351 texunt.
575 1324 628 1351 Sed
653 1325 700 1359 qui
723 1325 756 1352 de
779 1325 838 1352 ovis
853 1332 949 1352 eorum

160 1370 304 1397 comedere
318 1369 447 1402 voluerit,
463 1373 609 1397 conterens
620 1369 743 1398 inveniet
752 1370 906 1405 putridum,
922 1374 950 1397 et

160 1415 189 1441 in
210 1414 269 1449 ipso
289 1414 410 1449 regulus.
434 1414 554 1441 Proinde
576 1413 749 1442 cenﬁdenter
772 1416 923 1442 clamamus
940 1423 947 1440 :

994 197 1136 231 Μέμνονος
1147 196 1194 222 τοῦ
1211 196 1335 230 Ἐφεσίου
1348 195 1428 222 τοῦτο
1444 195 1556 229 ποιῆσαι
1571 194 1748 230 βιαζομένης.

1027 244 1091 269 Δέον
1110 243 1165 278 γὰρ
1175 242 1220 269 διά
1238 251 1268 268 τε
1285 241 1335 276 τὴν
1351 241 1408 268 τῶν
1421 240 1657 275 ὲκκλησιαστικῶν
1674 240 1799 274 (leo-va

992 289 1164 321 ἀκολουθίαν,
1172 289 1221 314 καὶ
1233 288 1278 314 διά
1287 287 1321 314 τὰ
1333 287 1434 321 εὐσεϐῆ
1444 287 1497 314 τῶν
1509 287 1690 321 φιλοχρίστων
1703 286 1798 321 ἡμῶν

993 335 1127 369 βασιλέων
1146 333 1331 369 θεσπίσματα,
1347 334 1492 368 ἀναμεῖναι
1510 333 1560 367 μὲν
1582 332 1636 358 τῶν
1653 333 1799 365 ἀφικνου-

995 380 1085 415 μένων
1113 380 1330 414 θεοφιλεστάτων
1363 378 1522 405 ἐπισκόπων
1544 378 1593 413 τὴν
1619 378 1794 411 παρουσίαν,

994 426 1069 460 κοινῇ
1086 424 1115 451 δὲ
1133 424 1283 458 σκέψασθαι
1298 424 1355 459 (89)
1378 425 1413 450 τά
1431 424 1495 459 περὶ
1518 423 1567 457 τῆς
1592 422 1720 453 εὐσεϐοῦς
1738 423 1796 448 πῖ-

995 479 1090 502 στεως,
1104 470 1151 497 καὶ
1178 470 1212 497 τὰ
1231 469 1400 505 προκείμενα
1421 469 1566 504 ζητήματα
1583 468 1715 497 συνιδεῖν,
1739 467 1794 493 καὶ

993 516 1116 551 ἀκριϐῶς
1139 516 1170 542 τὸ
1199 515 1378 542 ἀποστολικὺν
1404 515 1606 552 ἐρευνήσαντας
1637 513 1795 547 βεϐαιῶσαι

993 561 1097 596 δόγμα·
1111 561 1268 596 γράψαντες
1295 562 1371 596 ἡμῖν,
1396 560 1434 591 ὡς
1450 560 1500 594 τὴν
1524 559 1663 593 ἡμετέραν
1680 559 1794 592 ἀναμέ-

994 614 1070 633 νουσι
1086 606 1249 642 παρουσίαν,
1265 606 1313 632 καὶ
1331 605 1463 640 μαθόντες
1475 604 1513 636 ὡς
1525 603 1580 630 ἀπὸ
1591 603 1675 638 τριῶν
1695 602 1794 637 μονῶν

994 652 1176 687 τυγχάνομεν,
1191 651 1252 678 καθ’
1263 650 1377 681 ἑαυτοὺς
1392 649 1553 685 τυραννικὸν
1570 649 1706 683 συνέδριον
1719 657 1794 681 συγ-

995 698 1190 733 κροτήσαντες,
1215 696 1324 731 ἄθεσμα
1351 696 1399 723 καὶ
1423 695 1586 729 παράνομα,
1614 695 1662 720 καὶ
1694 695 1792 728 πάσης

995 744 1110 774 ἀτοπίας
1127 743 1247 778 γέμοντα
1263 742 1416 777 ἐτόλμησαν
1440 741 1608 776 πράγματα’
1630 740 1678 766 καὶ
1695 739 1789 765 ταῦτα

995 787 1042 814 τοῦ
1067 787 1361 822 μεγαλοπρεπεστάτου
1385 785 1504 820 κόμητος
1531 783 1720 816 Κανδιδιανοῦ,
1735 783 1790 809 τοῦ

997 833 1124 866 εὐταξίας
1141 833 1220 868 χάριν
1244 832 1296 858 ὑπὸ
1310 831 1365 859 τῶν
1378 830 1583 857 εὐσεϐεστάτων
1603 829 1650 855 καὶ
1665 828 1792 864 φιλοχρί-

999 888 1071 907 στων
1094 879 1173 914 ἡμῶν
1198 877 1330 913 βασιλέων
1355 876 1564 908 ἀποσταλέντος,
1589 875 1634 902 καὶ
1653 875 1792 911 ἀγράφως

998 925 1091 956 αὐτοῖς
1123 925 1171 951 καὶ
1196 924 1345 959 ἐγγράφως
1364 923 1610 959 παρεγγυήσαντος
1641 922 1791 956 ἀναμεῖναι

997 970 1062 1002 τοὺς
1080 970 1285 1005 συγκληθέντας
1301 968 1525 1003 θεοφιλεστάτους
1545 967 1722 998 ἐπισκόπους,
1739 969 1793 993 καὶ

999 1015 1084 1050 μηδὲν
1111 1014 1272 1049 νεωτερίσαι
1293 1013 1357 1048 περὶ
1384 1012 1434 1047 τὴν
1461 1011 1560 1046 εὐσεϐῆ
1591 1011 1699 1040 πίστιν.
1719 1010 1793 1037 ἀλλὰ

999 1059 1141 1094 στοιχῆσαι
1156 1060 1213 1090 τοῖς
1230 1057 1400 1085 θεσπισθεῖσι
1415 1057 1493 1092 παρὰ
1514 1056 1568 1083 τῶν
1585 1056 1620 1083 τὰ
1643 1056 1701 1082 θεῖα
1723 1065 1792 1090 φρο-

998 1105 1116 1133 νούντων
1135 1104 1269 1140 βασιλέων
1285 1103 1372 1139 ἡμῶν.

1042 1149 1101 1177 Ἀλλ
1114 1149 1199 1184 ’ὅμως
1212 1148 1260 1175 καὶ
1273 1148 1320 1174 τοῦ
1339 1146 1479 1182 βασιλικοῦ
1489 1146 1654 1181 γράμματος
1668 1144 1791 1172 ἐπακού-

1001 1203 1107 1227 σαντες,
1122 1196 1169 1221 καὶ
1179 1190 1234 1221 τῶν
1249 1193 1419 1229 συμϐουλιῶν
1432 1191 1480 1218 τοῦ
1495 1191 1790 1226 μεγαλοπρεπεστάτου

1000 1241 1120 1275 κόμητος
1138 1238 1329 1270 Κανδιδιανοῦ,
1343 1237 1458 1273 σμικρὸν
1472 1237 1521 1272 τῆς
1537 1236 1664 1268 εὐταξίας
1679 1237 1790 1271 φροντί-

1001 1294 1107 1317 σαντες,
1131 1284 1172 1311 ὡά
1189 1283 1310 1310 ἀσπίδων
1340 1280 1469 1318 ἐρρηξαν,
1487 1279 1535 1306 καὶ
1560 1279 1632 1305 ἱστὸν
1656 1280 1789 1314 ἀράχνης,

1001 1330 1073 1358 κατά
1087 1330 1132 1356 τὸν
1144 1330 1302 1365 Προφήτην,
1319 1327 1487 1361 ὑφαίνουσιν.
1505 1324 1575 1351 Ἀλλ’
1589 1325 1603 1351 ὁ
1618 1324 1721 1359 μέλλων
1735 1324 1790 1351 τῶν

1001 1376 1062 1403 ὠῶν
1086 1375 1176 1402 αὐτῶν
1195 1375 1304 1409 φαγεῖν,
1320 1373 1469 1408 συντρίψας
1489 1370 1579 1406 οὔριον
1604 1366 1679 1405 εὗρε,
1696 1369 1744 1396 καὶ
1758 1370 1788 1396 ἐν

1001 1421 1076 1457 αὒτῷ
1093 1421 1260 1456 βασιλίσκος.
1275 1419 1319 1445 Διδ
1334 1419 1495 1454 θαρραλέως
1515 1415 1639 1451 βοῶμεν·
1655 1424 1665 1440 ι
1676 1416 1705 1441 '0
1717 1415 1790 1447 toto;

165 1469 174 1485 I
185 1459 251 1486 Tela
264 1467 360 1486 eorum
373 1467 430 1486 non
444 1460 498 1486 erit
511 1459 538 1486 in
556 1460 764 1493 vestimentum,
776 1468 867 1496 neque
885 1467 948 1496 ope-

1003 1466 1094 1493 αὺτῶν
1109 1466 1160 1492 οὐκ
1172 1465 1249 1491 ἔσται
1264 1466 1304 1496 είς
1317 1463 1436 1499 ἱμάτιον,
1453 1461 1513 1488 οὐδὲ
1528 1460 1566 1496 μὴ
1582 1460 1788 1495 περιϐάλλονται

160 1506 269 1533 rientur
283 1513 299 1533 e
314 1513 445 1532 manuum
459 1513 572 1534 suarum
582 1506 715 1541 operibus
725 1507 757 1534 ⁷⁷.
771 1516 780 1532 ι

195 1544 263 1580 Cum
284 1560 350 1588 ergo
376 1553 487 1580 illorum
507 1554 677 1580 temeritates
697 1558 725 1580 et
749 1553 867 1588 ineptias
879 1553 949 1580 mul-

161 1603 203 1625 tas
223 1598 438 1626 advertissemus
450 1599 523 1634 (nam
535 1602 563 1626 et
574 1602 682 1625 sanctas
691 1598 821 1626 ecclesias
836 1602 865 1625 et
878 1606 951 1625 mar-

162 1648 252 1680 tyrum
268 1643 341 1670 aedes
367 1644 553 1674 occluserunt.
567 1648 596 1671 et
606 1651 641 1670 nc
655 1648 756 1670 sanctae
775 1644 951 1671 Pentecostes

162 1690 361 1718 solemnitatem
383 1689 596 1722 celebraremus,
613 1688 810 1723 impedimento
828 1689 950 1721 fuerunt,

161 1738 190 1761 et
213 1733 361 1769 tyrannica:
382 1737 512 1767 praeterea
527 1733 679 1760 insolentiae
691 1741 747 1760 suae
761 1733 902 1761 ministros
918 1734 952 1761 ad

162 1779 357 1814 episcoporum
375 1778 472 1805 domos
488 1778 641 1811 mittentes,
656 1786 688 1806 ac
703 1778 826 1806 extrema
837 1787 953 1814 quaeque

164 1825 312 1857 minantes,
342 1823 444 1859 iniquis
466 1824 524 1851 suis
545 1824 645 1852 studiis
667 1825 868 1860 eonatibusque
892 1825 953 1852 illos

164 1870 338 1898 subscribere
368 1870 583 1906 compulerunt),
608 1871 755 1906 praedictos
771 1871 904 1907 Cyrillum
925 1875 954 1899 et

163 1915 337 1943 Memnonem
356 1916 542 1951 deposuimus,
567 1920 595 1943 et
611 1916 646 1943 ab
669 1916 816 1951 episcopali
840 1925 954 1944 munere

164 1961 331 1994 amovimus;
349 1962 470 1997 reliquos
498 1966 589 1989 autem
608 1962 760 1990 insolentia:
779 1963 890 1990 illorum
908 1971 954 1990 so-

163 2007 233 2040 cios,
252 2008 296 2035 vel
320 2012 396 2035 metu
413 2009 456 2035 vel
475 2008 634 2036 adulatione
657 2009 779 2042 adactos,
796 2017 955 2036 excommu-

161 2054 296 2087 nicationi
311 2054 495 2087 subdidimus,
507 2054 595 2081 donec
610 2045 723 2082 vulnera
736 2063 784 2082 sua
803 2055 955 2083 sentientes

163 2108 198 2127 ex
220 2100 312 2126 animo
340 2099 514 2134 resipiscam,
537 2104 564 2126 et
589 2099 717 2127 haeretica
734 2099 827 2134 Cyrilli
853 2100 953 2134 capita,

998 1512 1053 1541 ἀπὸ
1072 1512 1127 1539 τῶν
1143 1511 1231 1546 ἔργων
1245 1510 1300 1537 τῶν
1312 1510 1412 1546 χειρῶν
1427 1508 1529 1536 αὐτῶν.
1547 1516 1557 1532 ι

1034 1557 1135 1584 Τούτου
1153 1557 1233 1592 χάριν
1253 1555 1303 1587 τὰς
1326 1554 1426 1586 πολλὰς
1442 1555 1554 1585 ἀτοπίας
1579 1552 1670 1579 αὐτῶν
1688 1552 1788 1578 θεασά-

1001 1611 1087 1639 μενοι·
1106 1602 1165 1638 (τάς
1177 1609 1206 1628 τε
1219 1601 1273 1637 γὰρ
1287 1600 1446 1635 ἐκκλησίας,
1458 1600 1503 1626 καὶ
1520 1601 1554 1627 τὰ
1569 1600 1634 1634 ἀγια
1652 1597 1788 1634 μαρτύρια

1000 1649 1176 1678 ἀπέκλεισαν,
1192 1647 1241 1682 τῆς
1256 1654 1285 1672 τε
1297 1645 1377 1679 ἁγίας
1397 1645 1588 1679 Πεντηκοστῆς
1604 1645 1654 1679 τὴν
1667 1644 1788 1678 πανήγυ-

1003 1702 1044 1730 ριν
1073 1691 1226 1719 ἐπιτελέσαι
1247 1691 1297 1717 οὐκ
1322 1690 1427 1716 εἴασαν
1447 1691 1495 1716 καὶ
1520 1690 1587 1725 πρὸς
1603 1689 1707 1720 τούτοις
1726 1689 1788 1719 τοὺς

1001 1740 1049 1774 τῆς
1061 1736 1225 1773 τυραννικῆς
1241 1735 1329 1762 αὐτῶν
1345 1734 1456 1767 ἀταξίας
1469 1735 1608 1770 ὑπηρέτας
1621 1735 1660 1765 εἰς
1677 1733 1725 1764 τὰς
1735 1732 1788 1758 τῶν

1002 1784 1158 1811 ἐπισκόπων
1173 1782 1261 1813 οἰκίας
1282 1780 1504 1811 ἀποστέλλοντες,
1525 1780 1573 1806 καὶ
1596 1781 1630 1805 τὰ
1653 1779 1789 1814 ἀνήκεστα

1003 1828 1189 1859 ἀπειλοῦντες,
1209 1826 1366 1862 ὑπογράψαι
1382 1826 1438 1857 τοῖς
1454 1826 1500 1852 ὑπ’
1518 1824 1608 1851 αὐτῶν
1624 1825 1788 1860 παρανόμως

1003 1873 1176 1909 τολμηθεῖσιν
1198 1871 1380 1907 ἠνάγκασαν)
1401 1868 1431 1898 οὒ
1445 1871 1524 1906 χάριν
1547 1870 1610 1902 τοὺς
1624 1870 1787 1906 προειρημέο

1004 1927 1065 1951 vat):
1080 1917 1211 1953 Κύριλλον
1226 1917 1272 1943 καὶ
1285 1916 1412 1951 Μέμνονα
1427 1915 1596 1950 καθείλομεν,
1611 1917 1658 1942 καὶ
1673 1916 1721 1949 τῆς
1733 1917 1789 1941 ἐπι-

1006 1965 1109 1999 σκοπῆς
1129 1963 1284 1999 ἀλλοτρίους
1306 1963 1507 1997 πεποιήκαμεν,
1529 1961 1592 1992 τούς
1611 1970 1641 1987 τε
1658 1961 1789 1996 συνεργή-

1006 2019 1105 2042 σαντας
1118 2010 1208 2037 αὐτῶν
1221 2011 1254 2045 τῇ
1271 2009 1380 2043 ἀταξίᾳ,
1395 2008 1442 2035 καὶ
1456 2009 1510 2035 εἶτε
1524 2007 1661 2042 κολακείᾳ,
1679 2008 1733 2033 εἴτε
1746 2007 1789 2041 φό-

1006 2056 1045 2092 ϐῳ
1059 2056 1253 2090 ὑποσυρέντας,
1268 2055 1464 2089 ἀκοινωνήτους
1479 2054 1678 2088 πεποιήκαμεν.
1692 2053 1742 2083 ἕως
1758 2052 1789 2078 ἂν

1002 2103 1046 2133 εἰς
1062 2101 1187 2136 αῐσθησιν
1205 2101 1259 2127 τῶν
1276 2101 1386 2127 οἰκείων
1410 2099 1532 2130 ἐλθόντες
1548 2099 1723 2134 τραυμάτων,
1745 2098 1788 2123 καὶ

166 2145 337 2180 Apollinarii,
357 2148 384 2171 et
397 2144 466 2176 Arii,
487 2148 515 2172 et
533 2145 661 2172 Eunomii
683 2145 817 2179 impietati
837 2153 948 2173 consen-

1009 2146 1219 2182 μεταμεληθῶσι
1236 2146 1366 2180 γνησίως,
1390 2144 1436 2171 καὶ
1449 2144 1485 2171 τά
1506 2143 1634 2178 αἱρετικά
1658 2143 1786 2178 Κυρίλλου

167 2195 257 2223 lanea,
281 2190 523 2224 anathematizent,
550 2194 578 2217 et
603 2195 762 2218 sanctorum
785 2191 896 2218 Patrum
908 2191 954 2218 Ni-

164 2244 305 2265 canorum
337 2235 418 2263 ﬁdem
447 2236 596 2271 recipiant,
627 2241 655 2264 et
677 2237 753 2272 juxta
780 2237 825 2272 pia
852 2237 954 2265 Christi

165 2283 317 2310 amantium
341 2281 540 2317 imperatorum
562 2286 721 2309 nostrorum
746 2282 846 2316 edicta,
862 2283 954 2318 quiete

166 2332 196 2356 et
219 2328 322 2362 absque
346 2327 420 2354 omni
441 2327 653 2355 tumultuationc
677 2327 704 2354 in
727 2328 874 2356 concilium
887 2336 954 2355 con—

168 2373 289 2406 veniant,
311 2373 520 2409 propositasque
543 2373 708 2408 quastiones
733 2378 861 2402 accurate
873 2374 956 2402 simul

167 2418 305 2454 dispicere
328 2419 423 2452 velint,
445 2423 474 2446 et
497 2419 661 2455 evangelica
684 2419 746 2446 ﬁdei
770 2419 956 2447 sinceritatem

169 2464 228 2492 sine
246 2464 310 2492 fuco
327 2464 496 2493 custodiant.

203 2637 224 2653 τ’
242 2637 292 2664 lsa.
312 2644 365 2668 tu,
380 2635 407 2662 6.

1006 2192 1152 2227 κεφάλαια,
1171 2191 1205 2218 τὰ.
1221 2192 1254 2227 τῇ
1268 2190 1465 2226 Ἀπολιναρίου,
1478 2189 1524 2216 καὶ
1539 2189 1656 2224 Ἀρείου,
1678 2189 1724 2215 καὶ
1740 2188 1788 2215 Εὑ-

1006 2238 1100 2274 νομίου
1110 2236 1252 2273 δυσσεϐείᾳ
1262 2236 1457 2271 συμϐαίνοντα,
1470 2234 1732 2270 ἀναθεματίσαντες,
1742 2234 1787 2269 τὴν

1006 2284 1060 2310 τῶν
1072 2283 1157 2317 ἁγίων
1169 2283 1297 2318 Πατέρων
1310 2281 1364 2308 τῶν
1378 2282 1406 2308 ἐν
1421 2281 1524 2316 Νικαία
1545 2280 1787 2316 συναθροισθέντων

1007 2330 1212 2364 ἀνακτήσωνται
1229 2328 1329 2359 πίστιν,
1347 2328 1395 2354 καὶ
1407 2327 1478 2354 κατά
1491 2327 1524 2353 τὰ
1539 2326 1639 2362 εὐσεϐῆ
1652 2327 1706 2353 τῶν
1720 2326 1787 2360 φιλο-

1007 2375 1124 2410 χρίστων
1146 2373 1225 2409 ἡμῶν
1252 2372 1384 2408 βασιλέων
1416 2372 1588 2407 θεσπίσματα
1613 2371 1723 2408 ἡσύχως
1746 2372 1788 2398 καὶ

1004 2418 1066 2453 δίχα
1095 2417 1210 2452 θορύϐου
1236 2416 1307 2448 τινὸς
1334 2417 1374 2448 εὶς
1396 2416 1426 2443 τὸ
1452 2416 1589 2452 συνέδριον
1609 2416 1786 2447 συνελθόντες,

1004 2462 1125 2498 ἀκριϐῶς
1153 2462 1188 2488 τά
1209 2470 1239 2489 τε
1261 2460 1414 2497 ζητούμενα
1433 2462 1548 2489 συνιδεῖν
1569 2461 1728 2496 ἐθελήσωσι,
1746 2461 1786 2487 καὶ

1004 2509 1054 2543 τῆς
1071 2509 1250 2544 εὐαγγελικῆς
1263 2509 1379 2541 πίστεως
1392 2509 1422 2536 τδ
1435 2509 1580 2544 εἰλικρινὲς
1594 2507 1696 2539 ἀδόλως
1709 2506 1787 2542 φυλάρ

1005 2555 1081 2588 ξωσι.

205 2715 260 2751 (89)
275 2715 313 2743 lta
332 2714 418 2743 Mans.
436 2714 464 2742 in
487 2711 620 2748 margine.
635 2711 738 2739 Textus
757 2710 830 2745 vulg.
847 2707 1056 2743 διασκέψασθαι.
