1945 3058
127 140 196 173 tu;

799 135 983 166 EPISTOLA
1001 134 1095 164 CLIV.

1693 130 1762 163 ιιις

125 195 260 224 PNA'.—
286 194 447 228 Ἐπιστολὴ
475 193 535 220 τῶν
562 193 662 221 αὐτῶν
693 193 854 228 πρὸς-τὴν
881 192 917 219 ἐν

972 189 1080 224 1318
1103 189 1192 216 CLIV.
1202 190 1253 228 _-—'
1265 188 1426 228 Eorumdem
1441 189 1477 228 ad
1494 193 1616 228 senatum
1629 188 1761 218 Constan-

221 227 539 260 Κωνσταντινοὺπόλει
558 229 733 263 σύγκλητον
749 227 817 261 (90).

162 288 202 322 Τῇ
216 287 334 322 Θεοφιλεῖ
347 286 395 314 καὶ
412 286 576 321 φιλοχρίστιρ
591 285 735 320 συγκλήτῳ
747 286 764 320 ή
778 284 844 318 ἁγία
855 283 918 310 σύν-

126 332 187 364 οδος
201 333 230 360 ὲν
241 333 336 368 Κυρίῳ
347 333 466 368 χαίρειν.

164 379 232 406 Δίαν
249 379 397 413 ἀλγοῦμεν,
409 379 518 405 οἰκείων
535 377 623 413 μελῶν
638 377 756 411 ἐκτομὴν
772 377 805 411 τῇ
821 376 918 410 ὑμετέ-

129 433 164 460 ρᾳ
188 423 410 460 μεγαλοπρεπείᾳ
430 423 542 459 μηνύειν
561 421 788 456 ἀναγκαζόμενοι.
804 421 836 447 Et
863 421 917 454 γὰρ

125 470 175 496 καὶ
196 470 345 503 ἀναγκαῖος
367 469 382 495 ὁ
399 468 539 504 χωρισμὸς
558 469 613 494 τῶν
636 467 794 501 σεσηπότων
818 466 916 500 μελῶν,

125 514 184 542 ἀλλ’
195 515 269 550 ὅμως
280 514 375 548 ὀδύνην
389 513 490 549 πικρὰν
504 513 544 548 τῷ
560 512 645 548 λοιπῷ
659 512 766 547 σώματι
781 512 918 547 κατεργά-

126 560 213 592 ζεται.
228 569 238 586 ι
254 560 283 586 Εἰ
296 559 396 594 πάσχει
410 559 474 594 γὰρ,
492 559 574 593 φησὶν
588 559 601 584 ὁ
612 557 746 593 μακάριος
758 556 874 588 Παῦλος,
888 556 917 582 ἓν

127 605 220 641 μέλος,
233 605 390 639 συμπάσχει
414 605 506 632 πάντα
523 603 558 630 τὰ
579 603 659 639 μέλη.
674 612 684 628 r
709 602 778 629 Ἀλλ’
796 603 870 637 ὅμως
886 601 916 628 οὐ

126 651 300 686 παραιτητέα
315 651 371 682 tot;
387 651 489 685 ιατροῖς
509 649 564 676 τῶν
581 650 726 684 ἀχρήστων
743 648 791 675 καὶ
805 647 917 674 ἐπιϐλα-

125 695 186 724 σῶν
202 695 290 731 μελῶν
306 697 322 730 ή
338 695 420 730 τομή.
438 696 467 722 ’0
481 695 535 730 γὰρ
554 694 678 729 ἐχέφρων
701 693 747 720 καὶ
768 692 850 727 σοφὸς
863 692 917 718 τῶν

127 741 261 776 σωμάτων
292 739 463 775 θεραπευτής
495 740 535 770 εἰς
573 738 622 774 τὴν
650 737 704 764 τῶν
736 738 837 764 λοιπῶν
871 746 916 772 με·

126 787 181 813 λῶν
212 786 321 822 ἀφορῶν
351 785 455 820 ὑγείαν.
485 786 651 820 καταφρονεῖ
677 783 725 811 τοῦ
756 783 915 818 σεσηπὸτος,

127 833 209 859 παντὶ
229 832 266 868 τῷ
294 832 398 867 σώματι
418 831 468 866 τὴν
492 831 629 866 σωτηρίαν
647 830 915 865 πραγματευόμενος.

163 1007 249 1033 Τοῦτο
268 1007 315 1033 καὶ
338 1007 418 1041 ἡμεῖς
437 1006 484 1032 ἐπὶ
500 1005 547 1032 τοῦ
562 1005 696 1038 παρόντος
715 1005 916 1039 πεποιήκαμεν.

129 1052 251 1088 Εὗρομεν
272 1051 325 1087 γὰρ
345 1051 488 1086 Κύριλλον,
510 1050 555 1077 τὸν
578 1049 780 1084 Ἀλεξανδρείας
806 1050 918 1075 ἐπίσκο-

127 1107 188 1130 πον,
212 1098 258 1124 καὶ
283 1097 421 1131 Μέμνονα,
435 1097 480 1123 τὸν
500 1095 624 1130 Ἐφέσου,
644 1095 729 1130 μυρία
752 1095 820 1121 ἄττα
849 1095 918 1122 κατὰ

127 1144 176 1178 τῆς
191 1143 236 1170 τοῦ
246 1142 488 1177 ΘεοῦἘκκλησῖας
500 1140 700 1176 ἐργαζομένους
716 1140 801 1172 δεινὰ,
814 1140 861 1167 καὶ
873 1140 918 1166 00-

129 1188 221 1224 ρύϐου,
237 1189 284 1214 καὶ
297 1188 420 1223 ταραχῆς
434 1188 483 1222 τήν
495 1195 524 1212 τε
539 1186 625 1218 πόλιν,
640 1186 686 1212 καὶ
698 1186 748 1220 τὴν
763 1185 843 1220 ἁγίαν
858 1185 919 1212 σύν-

127 1233 186 1260 οδον
199 1234 402 1269 ἐμπλήσαντας,
419 1232 527 1264 ναύταις
546 1240 575 1258 τε
591 1231 749 1265 Αἰγυπτίοις
762 1232 808 1258 καὶ
823 1231 918 1266 ἀγροί-

129 1287 188 1311 κοις
209 1280 352 1311 Ἀσιανοῖς,
371 1279 519 1313 ὑπουργοῖς
541 1277 589 1312 τῆς
605 1277 761 1312 τυραννίδος
776 1276 919 1312 χρησαμέ-

128 1333 201 1356 νους,
217 1325 264 1351 καὶ
289 1325 357 1359 μήτε
379 1324 442 1354 τοὺς
458 1322 658 1357 συγκληθέντας
681 1322 850 1355 ἁγιωτάτους
871 1321 918 1349 καὶ

129 1369 351 1404 θεοφιλεστάτους
370 1368 535 1399 ἐπισκόπους
550 1367 760 1402 ἀναμείναντας,
780 1367 849 1402 μήτε
863 1367 918 1394 τῶν

129 1415 301 1451 γραμμάτων
328 1414 383 1440 τῶν
414 1413 628 1448 θεοφιλεστάτων
657 1413 702 1440 καὶ
739 1413 918 1449 φιλοχρίστων

131 1462 208 1497 ἡμῶν
223 1461 355 1496 βασιλέων
369 1460 580 1495 ἀνασχομένους,
595 1460 664 1494 μήτε
677 1461 736 1490 ταῖς
759 1460 918 1495 είσηγήσεσι

130 1507 179 1534 καὶ
195 1505 395 1541 παραγγελίαις
409 1505 454 1532 τοῦ
471 1505 766 1540 μεγαλοπρεπεστάτου
787 1504 832 1531 καὶ
844 1505 917 1532 ἐνδο-
930 1525 952 1554 C

131 1552 241 1584 ξοτάτου
276 1552 396 1587 κόμητος
430 1550 606 1578 Κανδιδιανοῦ
644 1550 817 1581 πεισθέντας·
850 1550 918 1577 ἀλλὰ

130 1597 221 1623 πάντα
243 1596 345 1632 φύρδην
365 1596 532 1631 συγχέαντας
546 1596 580 1622 τὰ
594 1595 643 1630 τῆς
661 1595 800 1626 εὐσεϐείας
821 1596 917 1631 σεμνὰ,

130 1641 257 1676 ἁθέσμως
271 1649 301 1667 τε
313 1641 360 1668 καὶ
371 1641 536 1677 παρανόμως
547 1641 636 1667 πάντα
648 1641 858 1676 ἐργαζομένους,
872 1642 919 1668 καὶ

131 1686 181 1721 τῆς
197 1685 276 1720 ἁγίας
297 1686 489 1721 Πεντήκοστῆς
511 1685 559 1721 τήν
585 1687 738 1721 πανήγυριν
764 1686 919 1714 ἐπιτελέσαι

132 1733 316 1765 κωλύσαντας,
328 1733 389 1764 τούς
404 1741 432 1759 τε
446 1732 535 1763 θείους
550 1732 640 1764 ναοὺς,
656 1733 703 1759 καὶ
715 1733 777 1764 τοὺς
788 1732 842 1760 τῶν
855 1733 920 1760 καλ-

132 1778 241 1805 λινίκων
256 1778 402 1814 μαρτύρων
418 1780 528 1813 σηκοὺς,
542 1778 769 1810 ἁποκλείσαντας·
789 1779 832 1806 ἵνα
851 1779 919 1814 μηδὲ

131 1823 262 1857 εὔξασθαι
275 1826 332 1856 τοῖς
343 1824 518 1860 βουλομένοις
531 1825 590 1860 ἐξῇ,
606 1825 661 1856 τοῖς
680 1825 789 1859 μακρὰν
803 1824 852 1858 μὲν
868 1833 919 1850 πο-

134 1870 208 1906 ρείαν
230 1871 436 1906 πεποιημένοις,
459 1870 613 1905 ἐφιεμένοις
629 1870 658 1895 δὲ
680 1869 770 1900 πάσας
791 1870 841 1900 τὰς
864 1870 919 1897 τῶν

133 1915 217 1949 ἁγίων
250 1915 298 1942 καὶ
327 1914 489 1941 καλλινίκων
524 1913 671 1948 μαρτύρων
702 1913 920 1948 περιπτύξασθαι

131 1961 280 1996 λάρνακας,
308 1959 357 1994 οὐχ
385 1960 487 1994 ἣκιστα
513 1959 542 1985 δὲ
564 1958 614 1994 τὴν
641 1958 688 1984 τοῦ
718 1959 919 1993 τρισμακαρίου

139 2007 262 2032 Ἰωάννου
285 2005 332 2031 τοῦ
357 2004 482 2038 Θεολόγου
499 2004 548 2031 καὶ
565 2003 770 2038 εὐαγγελιστοῦ,
789 2003 836 2029 τοῦ
856 2003 920 2030 πολ-

132 2051 182 2086 λὴν
194 2051 261 2086 πρὸς
277 2050 323 2077 τὸν
337 2050 470 2086 ήμέτερον
485 2052 623 2085 Δεσπότην
638 2049 797 2085 παρῤησίαν
815 2057 917 2084 κτησα-

134 2097 214 2132 μένου
219 2118 225 2124 .

167 2142 213 2168 Δοὺ
233 2143 296 2173 τοὺς
319 2141 534 2176 προειρημένους
564 2140 697 2176 Κύριλλον
721 2141 768 2168 καὶ
791 2141 919 2176 Μέμνονα

1189 224 1395 259 tinopolitanum
1412 225 1532 260 epistola.

1002 279 1052 306 Pio
1073 279 1238 315 Christoque
1263 280 1366 308 dilecto
1390 282 1508 313 senatui,
1527 286 1620 309 sancta
1639 280 1760 317 synodus

968 325 996 352 in
1015 325 1132 352 Domino
1156 326 1282 353 salutem.

1002 370 1099 406 Magno
1115 379 1181 398 sane
1192 371 1276 398 animi
1289 371 1383 398 dolore
1399 371 1519 406 hocipso
1531 371 1673 403 afﬁcimur,
1685 373 1760 406 quod

966 415 1157 442 membrorum
1181 420 1339 443 nostrorum
1359 415 1526 443 excisionern
1542 420 1640 443 vestrae
1655 417 1761 450 magni-

967 460 1083 488 ﬁcentia:
1105 461 1227 489 indicare
1252 463 1454 497 compellimur.
1480 463 1547 490 Nam
1562 463 1615 490 etsi
1636 463 1760 497 putrido-

968 515 1028 534 rum
1046 507 1233 534 membrorum
1247 508 1383 543 separatio
1395 514 1437 536 est
1448 509 1618 541 necessaria;
1639 514 1759 536 attamen

967 553 1097 580 acerbum
1120 553 1243 581 dolorem
1271 555 1379 589 reliquo
1392 555 1501 589 corpori
1516 555 1605 582 aﬂert.
1624 564 1632 580 ι
1647 555 1675 582 Si
1692 555 1759 589 quid

967 599 1051 632 enim,
1064 599 1153 634 inquit
1164 600 1260 627 beatus
1269 600 1378 632 Paulus,
1388 601 1490 635 patitur
1498 608 1584 628 unum
1593 600 1757 632 membrum.

968 645 1176 679 compatiuntur
1197 645 1287 672 omnia
1319 646 1442 673 membra
1468 646 1501 673 ⁷⁸.
1523 655 1533 672 ι
1563 647 1759 674 Verumtatnen

968 690 1108 717 inutilium
1123 691 1323 726 noxiorumque
1336 691 1524 718 membrorum
1539 692 1654 719 refectio
1668 700 1683 719 a
1703 700 1760 719 me-

969 736 1038 763 dicis
1060 736 1295 765 est.adhibenda.
1325 737 1435 764 Etenim
1460 738 1582 772 prudens
1601 746 1632 766 ac
1649 739 1760 773 sapiens

968 788 1115 816 corporum
1144 787 1255 810 curator
1279 783 1449 818 reliquorum
1472 783 1660 810 membrorum
1687 784 1760 811 sani-

970 831 1052 854 tatem
1069 828 1104 854 ob
1127 828 1224 855 oculos
1236 836 1351 863 ponens,
1366 829 1432 856 illud
1446 829 1519 863 quod
1532 829 1678 863 putredine
1691 836 1761 855 eon-

968 878 1107 907 sumptum
1126 878 1196 904 erat,
1212 873 1334 908 negligit,
1358 873 1391 900 ad
1418 875 1502 901 totius
1518 874 1642 908 corporis
1664 882 1760 902 curam

968 922 997 944 et
1007 918 1241 945 conservationem
1259 926 1340 946 omne
1358 919 1505 946 consilium
1517 923 1545 946 et
1556 919 1678 946 studium
1693 927 1760 946 con-

967 961 1069 990 ferens.

1004 1007 1061 1035 Hoc
1076 1008 1165 1043 ipsum
1182 1009 1208 1035 in
1235 1009 1379 1044 praesentia
1398 1014 1427 1037 et
1447 1017 1500 1038 nos
1511 1018 1619 1046 quoque
1633 1011 1757 1038 fecimus.

968 1052 1159 1088 Comperimus
1174 1055 1247 1081 enim
1262 1054 1394 1090 Cyrillum
1410 1055 1626 1083 Alexandrinum
1649 1057 1758 1091 episco-

968 1107 1044 1133 pum,
1061 1104 1089 1127 et
1103 1099 1276 1128 Memnonem
1292 1100 1486 1135 Ephesiorum,
1511 1105 1638 1128 sexcenta
1653 1102 1759 1137 gravis-

968 1144 1037 1171 sima
1049 1148 1077 1171 et
1091 1144 1286 1172 detrimentosa
1299 1150 1396 1172 contra
1405 1149 1529 1173 sanctam
1545 1146 1592 1173 Dei
1608 1146 1759 1174 Ecclesiam

965 1189 1097 1225 gessisse,
1111 1194 1140 1218 et
1157 1191 1308 1223 civitatem,
1325 1196 1502 1226 sanctamque
1517 1192 1650 1227 synodum
1671 1192 1761 1220 turbis

969 1235 1188 1270 tumultibusque
1203 1237 1365 1271 complesse,
1378 1241 1460 1271 atque
1474 1245 1506 1264 ex
1516 1238 1608 1265 nautis
1615 1237 1759 1274 Egyptiis,

968 1280 1151 1317 Asiaticisque
1161 1282 1272 1310 rusticis
1280 1283 1411 1310 satellitio
1422 1284 1548 1317 collecto,
1557 1285 1695 1319 tyrannidi
1703 1293 1761 1312 sure

968 1326 1109 1354 ministros
1124 1327 1294 1362 quaesivisse,
1307 1336 1396 1362 neque
1412 1328 1599 1357 sanctissimos
1610 1330 1761 1364 piissimos-

968 1380 1022 1407 que
1033 1373 1178 1408 episcopos
1190 1378 1355 1401 convocatos
1370 1379 1555 1408 exspectasse,
1581 1383 1670 1410 neque
1687 1375 1760 1402 litte-

968 1426 1060 1445 rarum
1076 1418 1264 1453 piissimorum
1277 1419 1436 1454 Christique
1450 1420 1601 1447 amantium
1613 1421 1762 1456 imperato-

968 1471 1032 1490 rum
1052 1469 1212 1492 nostrorum
1235 1465 1319 1492 ullam
1343 1465 1477 1493 rationem
1507 1466 1615 1501 1319
1636 1467 1758 1499 duxisse,

968 1516 1058 1544 neque
1069 1509 1334 1543 magniﬁcentissimi
1344 1517 1376 1537 ac
1389 1510 1564 1537 celeberrimi
1573 1511 1682 1539 comitis
1691 1512 1761 1540 Can-

968 1553 1073 1580 didiani
1086 1553 1288 1580 admonitiones
1296 1557 1325 1580 et
1340 1559 1475 1588 pracepta
1487 1553 1636 1588 quidquam
1648 1554 1761 1582 omnino

968 1605 1094 1631 curasse;
1113 1597 1161 1625 sed
1177 1598 1270 1625 omnia
1286 1598 1429 1632 religionis
1452 1602 1613 1625 ornamenta
1632 1598 1686 1626 late
1698 1607 1761 1634 per—

969 1644 1125 1676 miscuisse,
1146 1643 1239 1671 omnia
1261 1643 1356 1678 inique
1371 1647 1399 1670 et
1416 1643 1558 1678 illegitime
1574 1649 1759 1679 perpetrasse.

969 1697 1074 1718 sacram
1099 1693 1198 1717 sanctae
1213 1689 1390 1716 Pentecostes
1407 1689 1608 1716 solemnitatem
1626 1689 1761 1717 celebrari

968 1734 1099 1765 vetuisse,
1123 1740 1200 1760 sacra
1221 1733 1322 1767 templa
1340 1733 1637 1768 invictissimorumque
1657 1739 1761 1769 marty-

969 1787 1031 1806 rum
1054 1779 1127 1806 aedes
1150 1778 1332 1812 prazclusisse,
1362 1778 1400 1804 ita
1427 1782 1457 1804 ut
1483 1786 1517 1805 ne
1543 1786 1621 1806 Orare
1648 1779 1760 1814 quidem

969 1823 1128 1851 volentibus
1158 1823 1278 1854 licuerit,
1302 1830 1318 1849 e
1344 1822 1413 1849 locis
1441 1830 1528 1857 usque
1552 1823 1622 1850 adeo
1648 1825 1761 1853 remotis

969 1868 1154 1901 venientibus,
1169 1872 1383 1902 sanctorumque
1401 1876 1432 1895 ac
1446 1869 1674 1903 triumphantium
1690 1879 1762 1898 mar-

969 1917 1072 1949 tyrum,
1084 1913 1201 1940 maxime
1211 1920 1277 1940 vero
1289 1912 1441 1940 beatissimi
1455 1913 1568 1941 Joannis
1579 1915 1699 1950 theologi
1711 1917 1718 1925 ‘
1729 1924 1761 1943 ac

969 1957 1143 1993 evangelista;
1152 1956 1243 1993 (quem
1255 1965 1389 1984 summam
1398 1958 1470 1992 apud
1480 1959 1625 1986 Dominum
1636 1965 1760 1988 nostrum

970 2003 1098 2030 ﬁduciam
1144 2001 1413 2038 familiaritatemque
1442 2003 1594 2032 obtinuisse
1625 2007 1759 2040 constat).

970 2052 1147 2076 monumenta
1163 2048 1255 2075 omnia
1266 2048 1466 2083 complectendi
1488 2049 1626 2077 desiderio
1645 2050 1760 2086 ﬂagran-

971 2094 1055 2121 tibus.

1006 2140 1178 2174 Quapropter
1205 2139 1353 2174 prtedictos
1379 2138 1510 2174 Cyrillum
1533 2144 1562 2168 et
1587 2141 1760 2169 Memnonem

132 2186 257 2213 καθελεῖν
273 2186 495 2221 ἠναγκάσθημεν,
521 2185 568 2212 καὶ
595 2186 644 2220 τῆς
669 2186 823 2219 ἐπισκοπῆς
841 2186 918 2212 ἁλλο-

972 2185 1119 2220 deponere,
1136 2189 1165 2212 et
1186 2185 1337 2220 episcopali
1361 2192 1477 2212 munere
1492 2193 1601 2213 'exuere
1625 2188 1760 2222 compulsi

131 2232 224 2267 τρίους
253 2231 450 2266 πεποιήκαμεν·
479 2231 541 2262 τοὺς
569 2231 598 2257 δὲ
620 2231 843 2266 συνεργήσαντας
870 2231 919 2257 αὺ-

132 2278 187 2304 τῶν
211 2278 245 2313 τῇ
269 2277 397 2312 αὐθαδείᾳ
424 2279 471 2304 καὶ
496 2277 641 2313 τυραννίδι,
662 2278 678 2313 ἢ
702 2278 737 2304 δι’
759 2277 876 2313 ἀπάτην,
900 2277 917 2312 ἢ

131 2323 175 2351 ῧιὰ
208 2323 304 2358 φόὸον,
334 2324 530 2359 ἀκοινωνήτους
566 2324 776 2359 πεποιήκαμεν,
812 2332 919 2358 συμμε-

132 2371 282 2406 τρήσαντες
306 2369 355 2405 τὴν
371 2369 494 2396 παιδείαν
510 2370 543 2404 τῇ
565 2370 614 2404 τῆς
631 2369 817 2404 προαιρέσεως
837 2377 920 2403 μετα-

134 2416 239 2452 μελείᾳ.

168 2463 219 2488 Ἢν
232 2461 285 2497 γὰρ
303 2461 451 2488 αῑσθωνται
463 2461 513 2496 τῆς
528 2459 717 2496 πλημμελείας
733 2459 800 2495 (91),
814 2459 859 2486 καὶ
873 2461 926 2498 τῆς

133 2508 274 2544 αἱρετικῆς
295 2507 454 2534 παύσωνται
472 2506 642 2538 κακοδοξίας,
660 2506 711 2541 τήν
724 2513 754 2532 τε
768 2505 824 2532 τῶν
836 2506 921 2539 ἁγίων

133 2554 262 2587 Πατέρων
272 2553 362 2579 πίστιν
370 2551 423 2578 τῶν
432 2553 461 2578 ἐν
471 2551 575 2587 Νικαίᾳ
583 2551 632 2586 τῆς
643 2551 770 2582 Βιθυνίας
781 2551 922 2578 συνελθόν-

133 2608 188 2626 των
199 2599 415 2634 ἀνακτήσωντιι,
432 2598 479 2625 καὶ
489 2598 543 2624 σὺν
557 2599 623 2633 ἡμῖν
638 2597 709 2624 κατὰ
724 2598 759 2624 τὰ
771 2597 922 2632 γράμματα

165 2668 188 2684 ’⁸
203 2668 213 2695 l
232 2668 296 2695 Cor.
311 2675 358 2701 xrr,
376 2667 422 2694 26.

168 2735 224 2771 (90)
247 2735 376 2763 Eamdem
397 2734 540 2770 epistolam
563 2733 685 2767 reperies
697 2732 769 2767 apud
784 2733 918 2767 Mansum,

132 2772 152 2798 Ι.
163 2779 201 2802 c.,
235 2792 241 2797 .
254 2772 321 2798 1275
330 2779 389 2805 seq.

167 2779 231 2841 (θιξ
250 2805 428 2841 μεταμελείας
445 2803 530 2841 Mansi
552 2803 584 2841 _i_n
614 2810 698 2841 marg.
724 2802 916 2841 Interpretatio

133 2837 218 2869 etiam
232 2837 328 2869 L'atina
341 2848 354 2868 a
372 2839 506 2867 Garnerio
526 2837 599 2866 edita
619 2838 666 2864 :Sr'
686 2845 729 2864 eos
754 2838 913 2872 paenituerit.

967 2239 1065 2258 sumus
1077 2239 1084 2263 ;
1100 2231 1221 2265 reliquos
1233 2237 1299 2257 vero
1310 2229 1463 2266 tyrannidis
1477 2238 1509 2258 ac
1526 2231 1689 2260 temeritatis
1703 2233 1761 2260 illo—

969 2284 1031 2304 rum
1043 2277 1164 2304 fautores
1179 2281 1207 2304 et
1217 2276 1404 2308 administros,
1418 2277 1475 2304 sive
1493 2282 1568 2304 metu
1584 2278 1684 2311 adacti,
1703 2280 1760 2306 sive

968 2323 1065 2350 fraude
1084 2321 1199 2358 quoque
1225 2323 1314 2350 allecti
1345 2323 1459 2355 iuerint,
1483 2325 1758 2352 excommunicationi

971 2369 1149 2404 subiecimus,
1170 2368 1333 2396 correctioni
1348 2368 1459 2396 modum
1474 2370 1628 2398 voluntaria
1650 2371 1760 2398 illorum

971 2415 1134 2450 pmnitentia
1157 2414 1333 2444 deﬁnientes.

1003 2460 1072 2488 Nam
1089 2460 1112 2487 si
1126 2467 1250 2486 errorem
1263 2460 1436 2494 agnoverint,
1446 2464 1477 2487 et
1488 2459 1645 2487 hrereticam
1656 2459 1760 2487 doctri-

969 2514 1032 2534 nam
1044 2506 1230 2539 deseruerint,
1242 2510 1455 2541 sanctorumque
1470 2504 1591 2538 Patrum,
1606 2507 1653 2541 qui
1664 2507 1760 2534 Nicaea‘

969 2552 1103 2588 Bithyniaé
1121 2555 1322 2583 convenerunt,
1345 2551 1426 2578 ﬁdem
1442 2552 1608 2586 receperint,
1623 2557 1650 2578 et
1664 2557 1762 2581 nostro

970 2598 1110 2626 consessui
1124 2599 1201 2635 juxta
1217 2597 1485 2633 religiosissimorum
1502 2604 1534 2624 ac
1550 2597 1653 2624 Christi
1667 2605 1764 2625 amau—

972 2737 1076 2764 Vitium
1101 2742 1195 2765 natum
1221 2737 1331 2764 videtur
1355 2744 1389 2763 ex
1412 2735 1637 2764 antecedentibus
1655 2735 1740 2763 verbis

972 2771 1026 2798 Sed
1052 2772 1134 2799 iidem
1157 2772 1309 2800 Orientales
1325 2771 1421 2798 eodem
1444 2772 1471 2798 in
1493 2775 1619 2798 contextu
1638 2771 1747 2805 epistola

971 2807 1126 2842 sequentis:
1141 2807 1296 2842 ἐπιγνόντες
1315 2806 1512 2842 πλήμμέλημα.
