1945 3058
168 145 237 172 tium
259 144 453 179 imperatorum
476 147 634 170 nostrorum
659 143 766 170 litteras
787 152 846 170 sese
865 143 962 178 adjun-
975 145 998 171 Λ

168 190 271 220 xerint,
288 198 374 224 eaque
389 189 532 222 modestia,
553 197 614 223 qua:
631 189 787 216 sacerdotes
799 189 888 221 decet,
901 197 961 223 qum

169 237 361 272 disputantur,
405 235 644 269 pervcslig‘arint;
671 235 962 262 excommunicationis

171 282 279 309 vinculo
305 281 492 312 absolventur,
515 281 584 307 etin
606 281 784 308 sacerdotalis
813 280 960 308 ministerii

169 326 259 353 locum
284 325 474 352 restituentur.

172 393 277 428 1320
300 392 376 419 CLV.
387 391 549 426 —Epfstola
564 392 675 419 Joannis
691 393 804 427 episcopi
823 392 963 428 Antioche-

206 427 243 458 ni,
259 433 474 462 cwterarumque,
489 428 534 462 qui
554 435 612 453 cum
630 428 686 462 ipso
701 432 788 459 erant,
812 427 846 453 ad
863 427 962 453 clerum

207 462 541 497 Constantinopolitanum.

207 516 344 543 lntellexit
360 516 433 543 haud
448 515 532 543 dubie
544 517 632 551 pietas
644 522 735 544 vestra
752 517 861 551 iniquas
877 521 963 543 teme-

171 563 314 606 rariasque
325 562 420 597 Cyrilli
432 562 609 590 Alexandrini
623 563 830 597 Memnonisque
841 562 962 597 Ephesii,

170 612 198 635 et
220 612 384 635 emterorum
404 609 451 642 qui
475 616 537 634 cum
557 609 623 643 ipsis
645 612 719 640 sunt,
738 608 963 639 machinationes,

170 659 267 680 contra
298 660 380 679 omne
404 652 448 679 fas
469 656 497 679 et
516 653 570 687 jus,
589 653 636 687 qui
655 657 750 680 contra
778 653 964 687 piissimorum

171 697 327 731 Christique
354 697 504 723 amantium
528 697 723 732 imperatorum
748 703 905 724 nostrorum
918 698 964 724 lit-

173 748 245 770 teras
263 742 335 770 inter
355 750 384 769 se
405 750 565 769 consessum
583 743 750 770 constituere
767 751 821 770 non
841 747 903 770 sunt
920 750 966 770 ve-

173 788 229 815 riti.

208 834 381 868 Quapropter
401 834 587 861 necessarium
612 834 742 861 duximus
764 835 893 869 pietatem
917 842 963 861 ve-

175 884 258 906 stram
275 880 421 907 certiorem
439 879 539 911 facere,
556 887 652 907 omnes
668 880 778 907 illorum
798 884 913 907 conatus
938 884 966 907 et

175 925 402 956 machinationes,
437 926 515 960 juxta
538 926 679 960 prophetae
692 926 838 959 dictum",
859 934 966 954 araneae

176 972 258 998 telam
273 978 343 998 esse.
364 971 404 998 llli
421 976 513 998 autem
535 971 581 1006 qui
594 972 651 999 haec
667 972 725 998 ausi
742 977 815 1004 sunt,
830 977 860 999 ut
882 976 967 1000 teme-

177 1017 273 1047 ritatis,
287 1017 448 1051 iniquitatis,
461 1018 684 1051 contusionisque
695 1024 832 1049 auctores,
849 1017 966 1053 Cyrillus

176 1066 204 1088 et
218 1062 356 1094 Memnon,
382 1070 397 1089 a
415 1063 496 1090 nobis
516 1063 696 1095 exauctorati,
722 1067 804 1098 atque
819 1063 967 1098 episcopali

177 1106 308 1141 dignitate
336 1107 412 1133 exuti
439 1110 521 1139 sunt;
550 1110 665 1133 caateros
689 1113 770 1138 vero,
798 1107 845 1140 qui
870 1113 967 1133 eorum

177 1152 317 1179 consessui
331 1152 426 1179 adesse
439 1152 596 1184 voluerunt,
611 1152 887 1179 excommunicationi
905 1152 968 1179 sub-

176 1197 324 1232 jecimus,‘
343 1197 441 1229 donec,
467 1198 578 1232 proprio
598 1206 692 1225 errore
713 1198 816 1233 agnito,
839 1198 968 1225 hieretica

177 1241 271 1277 Cyrilli
281 1241 455 1269 Alexandrini
471 1243 559 1276 capita
574 1243 816 1274 anathematizent,
830 1243 967 1278 ﬁdemque

179 1291 336 1314 sanctorum
360 1287 481 1319 Patrum,
502 1288 548 1322 qui
566 1288 594 1314 in
610 1288 700 1315 Nicaea
728 1289 861 1324 Bithynim
881 1296 969 1323 quon-

179 1332 241 1359 dam
256 1337 453 1364 convenerunt,
479 1332 588 1359 sincero
602 1334 699 1360 .animo
722 1334 949 1368 complectantur.

214 1427 253 1454 Ne
272 1427 334 1462 quis
349 1427 432 1463 igitur
448 1435 483 1455 ex
501 1436 596 1455 eorum
611 1436 738 1461 numero,
753 1429 799 1464 qui
820 1429 970 1456 seditiones

179 1471 299 1498 excitare
321 1472 420 1503 solent,
438 1476 559 1500 vestram
575 1473 705 1508 pietatem
723 1475 869 1501 conturbet
885 1483 891 1500 :
906 1474 970 1501 nam

181 1517 318 1543 temerarii
338 1521 366 1544 et
379 1517 514 1552 illegitimi
533 1519 642 1546 illorum
664 1527 758 1552 ausus,
775 1524 806 1547 ut
819 1521 873 1555 jam
889 1521 973 1556 signi-

178 1563 332 1594 ﬁcavimus,
353 1564 457 1590 nullam
479 1565 590 1598 penitus
610 1565 665 1591 vim
689 1565 799 1592 habent.

217 1608 273 1635 Hoc
289 1609 377 1643 ipsum
394 1617 503 1643 quoque
522 1610 568 1644 pio
582 1610 740 1645 Christique
767 1612 869 1638 amanti
885 1611 973 1646 impe-

182 1655 265 1680 ratori
296 1659 401 1686 nostro,
422 1655 584 1688 creterisque
608 1655 887 1689 magniﬁcentissimis
901 1657 974 1683 cele-

181 1699 364 1734 berrimisque
380 1699 551 1735 principibus
570 1699 761 1728 indicavimus.

184 1765 288 1800 1321
317 1764 620 1803 CLVl._—Eo_rumdem
636 1767 671 1793 ad
694 1766 820 1803 populum
842 1767 973 1796 Constan-

404 1801 607 1835 tinopolitanum
627 1801 749 1837 epistola.

985 1489 1006 1515 C

207 1855 333 1891 Synodus
349 1855 474 1891 piissimo
487 1856 709 1892 ﬁdelissimoque,
717 1865 747 1885 ac
755 1857 864 1886 Christo
872 1859 973 1886 amanti

183 1902 283 1937 populo
310 1906 411 1929 sanctae
430 1901 477 1929 Dei
490 1902 619 1929 Ecclesia:
635 1902 957 1939 Constantinopolitanae.

220 1998 276 2025 Lex
285 2002 328 2025 est
341 1998 400 2025 sine
419 1998 523 2032 scripto
538 1998 635 2025 tradita
649 1999 815 2033 pastoribus,
828 2007 926 2034 nempe
945 2004 976 2026 ut

183 2043 306 2071 sedulam
329 2051 442 2078 operam
464 2048 574 2076 navent,
599 2052 633 2071 ne
647 2052 756 2079 gregem
776 2048 824 2071 aut
839 2045 913 2073 fures
934 2054 976 2073 ra-

183 2088 269 2123 piant,
290 2092 337 2115 aut
349 2088 414 2115 ferae
430 2088 578 2120 devorent;
593 2093 640 2116 aut
663 2089 753 2116 morbi
769 2090 976 2125 qualescunque

183 2134 291 2161 laedant.
302 2133 380 2167 Quod
390 2133 413 2161 si
425 2134 463 2160 illi
473 2134 519 2168 qui
530 2134 666 2169 pecudum
677 2142 771 2162 curam
783 2140 975 2169 susceperunt,

184 2184 285 2206 tantam
300 2179 511 2214 providentiam,
525 2183 681 2214 tantamque
691 2180 906 2207 sollicitudinem
919 2181 973 2208 illis
990 2171 1011 2198 θ

184 2225 357 2260 impendunt,
383 2229 413 2252 ut
437 2225 533 2252 beatus
556 2225 640 2253 Jacob
666 2225 700 2252 ad
728 2225 821 2253 Laban
847 2227 972 2254 clamet:

188 2281 196 2296 ε
211 2270 269 2297 Diei
282 2275 348 2298 aestu
368 2270 477 2302 urebar,
495 2274 523 2297 et
534 2271 623 2298 noctis
633 2270 705 2305 gelu,
716 2270 890 2305 fugiebatque
903 2279 976 2298 som-

183 2324 235 2343 nus
255 2315 290 2342 ab
308 2316 396 2343 oculis
419 2316 499 2348 meis,
516 2320 627 2350 captum
650 2324 665 2342 a
681 2316 769 2343 hestia
786 2316 834 2343 tibi
861 2325 915 2344 non
936 2321 977 2344 at-

184 2362 234 2388 tuli
248 2362 285 2394 ”;
297 2371 304 2386 ι
319 2367 448 2396 quantam
460 2361 566 2388 ratione
585 2361 707 2396 praeditis
721 2361 870 2390 Salvatoris
887 2363 975 2390 nostri

183 2409 311 2443 gregibus
331 2416 427 2435 curam
451 2407 611 2442 impendere
637 2416 688 2442 par
710 2408 782 2441 erit,
810 2409 858 2443 qui
881 2417 977 2444 greges

183 2454 285 2481 divinis
312 2454 519 2481 cliaracterihus
544 2453 666 2489 insigniti
692 2459 766 2487 sunt,
786 2454 814 2481 in
835 2454 975 2482 Christum

183 2499 294 2534 quidem
312 2499 452 2534 baptizati,
468 2505 497 2527 et
513 2499 651 2527 Christum
669 2500 767 2532 induti,
788 2504 815 2527 et
841 2500 975 2527 Dominici

184 2545 277 2572 vultus
296 2545 399 2572 lumine
412 2545 521 2580 signati.
539 2545 722 2578 Quamobrem
738 2553 771 2572 ne
788 2545 866 2572 vanis
883 2553 977 2572 rumo—

187 2586 263 2614 ribus
283 2587 391 2615 seducti
407 2595 525 2615 mmrore
546 2589 701 2621 tabcscatis,
723 2589 899 2617 turbarumve
925 2589 976 2616 tiu-

223 2664 245 2679 “
262 2664 313 2691 lsa.
330 2672 383 2696 ux,
395 2665 423 2692 5.
456 2665 479 2680 ⁸ο
493 2665 561 2693 Gen.
578 2675 650 2699 χχιι,
665 2666 756 2702 59,ιιίθ

235 2742 281 2775 92)
305 2742 440 2778 Ἀναφορὰ
454 2745 538 2771 Mans.
553 2745 578 2771 in
590 2746 710 2773 maraine
723 2747 741 2773 1.
761 2756 797 2779 (κ,
810 2755 836 2781 p.
849 2749 926 2777 19.73.

223 2743 278 2814 :93)
297 2777 381 2805 [labet
400 2778 469 2806 hanc
483 2779 625 2813 epistolam
649 2768 734 2809 glans.
762 2783 873 2810 Collect.
896 2784 913 2810 1.

234 2768 278 2812 93)
297 2768 381 2805 υιιὶιοί
988 2792 1015 2819 p.

667 89 907 118 THEODORETI
930 88 1099 118 EPISCOPI
1119 87 1302 117 CYIiENSlS

1734 83 1818 116 1448

1011 143 1067 169 τῶν
1081 142 1284 169 εὐσεϐεστάτων
1304 141 1350 167 καὶ
1375 141 1554 175 φιλοχρίστων
1570 140 1648 178 ήμῷν
1670 141 1818 175 βασιλέων

1013 189 1052 220 εἰς
1073 188 1104 214 τὸ
1124 188 1259 223 συνέδριον
1284 188 1454 218 συνελθόντες
1483 186 1543 220 μεθ’
1561 186 1675 221 ἡσυχίας
1699 187 1818 221 ἱερεῦσι

1012 233 1168 267 πρεπούσης
1185 234 1218 259 τὰ
1233 233 1386 268 ζητούμενα
1401 232 1582 267 ἐρευνήσωσι,
1597 232 1644 258 τοῦ
1658 240 1688 258 τε
1700 231 1815 266 δεσμοῦ

1011 280 1062 314 τῆς
1074 279 1270 313 ἁκοινωνησίας
1285 278 1533 312 ἀπαλλαγήσονται,
1545 278 1593 304 καὶ
1600 277 1651 312 τὴν
1661 277 1815 312 ἱερατικὴν

1013 324 1198 360 ἀπολήψονται
1210 323 1390 359 λειτουργίαν.

1013 389 1136 416 PNE'.—
1144 389 1305 423 Ἐπιστολὴ
1315 389 1369 424 (92)
1378 388 1513 424 Ἰωίὶιςνου
1524 387 1691 414 ἐπισκόπου
1698 387 1798 414 Ἁντιο
1806 402 1814 407 -

1049 426 1142 458 χείας,
1160 425 1210 463 καὶ
1229 424 1288 451 τῶν
1302 423 1363 463 οζὺν
1380 423 1470 456 αὐτῷ,
1485 423 1560 456 πρὸς
1577 424 1630 449 τὸν
1643 425 1814 450 Κωνσταν-

1050 462 1253 493 τινουπόλεως
1270 462 1393 493 κλῆρον.

1051 517 1142 550 Ἔγνω
1153 525 1204 542 που
1219 516 1327 547 πάντως
1346 516 1423 550 ὑμῶν
1448 517 1464 550 ἡ
1477 514 1604 545 εὐλάϐεια
1625 514 1659 540 τὰ
1677 513 1815 548 ἁθέσμως

1014 564 1062 591 καὶ
1091 563 1259 599 παρανόμως
1281 563 1333 588 ὑπὸ
1356 562 1490 596 Κυρίλλου
1522 560 1569 587 τοῦ
1597 559 1811 595 Ἀλεξανδρέως.

1015 610 1062 636 καὶ
1087 609 1226 643 Μέμνονος
1253 607 1300 633 τοῦ
1325 607 1461 641 Ἐφεσίου,
1485 606 1533 632 καὶ
1554 605 1609 631 τῶν
1634 604 1682 630 σὺν
1701 605 1812 634 αὐτοῖς.

1016 653 1091 689 παρὰ
1123 654 1153 680 τὸ
1183 653 1301 688 γράμμα
1330 651 1384 678 τῶν
1418 651 1620 678 εὐσεϐεστάτων
1653 649 1700 676 καὶ
1732 649 1812 683 φιλο-

1015 699 1133 735 χρίστων
1160 697 1238 734 ἡμῶν
1268 697 1401 733 βασιλέων
1430 696 1664 732 συνεδρευσάντων
1693 702 1812 729 γεγενη-

1018 746 1096 781 μένα.

1055 835 1099 861 Διὸ
1117 830 1419 867 ἀναγκαῖον-ᾠήθημεν
1440 830 1572 866 γνωρίσαι
1591 829 1668 864 ὑμῶν
1691 831 1723 865 τῇ
1745 829 1812 856 θεο-

1021 881 1122 915 σεῦείᾳ,
1138 880 1175 912 ὡς
1191 881 1282 906 ἐκεῖνα
1299 879 1348 914 μὲν
1365 879 1474 905 ᾶπαντα
1487 877 1522 904 τὰ
1540 878 1585 904 ὑπ’
1601 878 1690 904 αὐτῶν
1704 877 1809 912 τολμη-

1020 927 1110 957 θέντα,
1124 926 1196 957 ίστδς
1215 926 1345 960 ἀράχνης,
1362 924 1431 951 κατὰ
1448 924 1493 951 τον
1511 924 1663 959 προφήτην,
1679 924 1812 958 ὑπάρχει.

1020 972 1101 999 Αὐτοὶ
1114 972 1141 998 δὲ
1157 973 1181 998 οἱ
1197 971 1284 998 ταῦτα
1303 970 1511 1005 τετολμηκότες,
1526 970 1540 996 ὅ
1555 971 1584 996 τε
1600 970 1743 1004 Κύριλλος,
1761 971 1812 996 καὶ

1020 1020 1034 1044 ὁ
1054 1017 1182 1052 Μέμνων,
1199 1016 1235 1047 ὡς
1250 1016 1358 1050 ἑξαρχοι
1371 1015 1420 1049 ’τῆς
1435 1014 1548 1047 ἀταξίας
1571 1014 1617 1040 καὶ
1636 1014 1813 1050 παρανομίας

1021 1064 1159 1099 γενόμενοι
1191 1062 1236 1097 ὑφ’
1261 1062 1340 1097 ἡμῶν
1366 1061 1570 1096 καθῃρέθησαν,
1603 1061 1649 1088 καὶ
1673 1060 1813 1099 meum;

1021 1110 1070 1143 τῆς
1088 1108 1238 1143 ἐπισκοπῆς
1256 1107 1388 1141 ἐγένοντο·
1416 1106 1478 1138 τοὺς
1507 1106 1535 1133 δὲ
1561 1107 1609 1132 σὺν
1635 1106 1726 1137 αὐτοῖς
1747 1114 1812 1132 συν-

1023 1155 1148 1190 εδρεῦσαι
1159 1154 1312 1189 ἑλομένους,
1330 1153 1528 1188 ἁκοινωνὴτους
1540 1153 1742 1188 πεποιήκαμεν,
1757 1152 1812 1183 ἕως

1023 1199 1056 1226 ἂν
1070 1199 1100 1225 τὸ
1119 1199 1219 1225 οἰκεῖον
1247 1198 1403 1231 ἐπιγνόντες
1423 1197 1621 1232 πλημμέλημα,
1636 1197 1671 1224 τά
1690 1206 1720 1223 τε
1735 1198 1813 1232 αἱρε-

1021 1245 1084 1272 τικὰ
1099 1245 1234 1280 κεφάλαια
1246 1244 1382 1280 Κυρίλλου
1394 1244 1439 1270 τοῦ
1463 1243 1659 1279 Ἀλεξανδρέως
1672 1243 1812 1278 ἀναθεμα-

1000 1317 1002 1319 _
1022 1291 1128 1321 τίσωσι,
1143 1289 1189 1315 καὶ
1208 1289 1258 1324 τὴν
1276 1289 1367 1315 πίστιν
1379 1288 1433 1315 τῶν
1452 1287 1536 1321 ἁγίων
1557 1288 1686 1322 Πατέρων
1707 1287 1762 1313 τῶν
1780 1288 1812 1312 ἐν

1022 1336 1125 1370 Νικαία
1139 1335 1189 1370 τῆς
1202 1334 1328 1366 Βιθυνίας
1343 1334 1590 1369 συναθροισθέντων
1606 1333 1706 1365 ἀδόλως
1723 1342 1812 1359 κατα-

1022 1381 1160 1413 δέξωνται.

1058 1428 1104 1462 Μὴ
1129 1427 1218 1453 τοίνυν
1241 1426 1380 1462 θορυϐήσῃ
1399 1435 1439 1458 τις
1453 1427 1503 1462 τὴν
1517 1425 1653 1462 ὑμετέραν
1668 1425 1811 1452 εὒλάεειαν

1023 1472 1076 1499 τῶν
1086 1472 1121 1499 τὰ
1134 1473 1242 1499 τοιαῦτα
1258 1473 1344 1499 ποιεῖν
1355 1473 1498 1500 εἰωθότων·
1514 1472 1642 1507 οὐδεμίαν
1656 1473 1710 1508 γὰρ
1722 1473 1811 1507 ἰσχὺν,

1023 1518 1060 1549 ὠς
1080 1519 1128 1554 ἤδη
1147 1518 1331 1554 ἐδηλώσαμεν,
1348 1518 1405 1553 ἔχει
1421 1519 1455 1545 τὰ
1471 1519 1636 1554 παρανόμως
1655 1519 1700 1545 ὑπ’
1721 1519 1811 1546 αὐτῶν

1019 1564 1201 1599 τολμηθέντα.

1059 1609 1144 1636 Τοῦτο
1157 1610 1185 1636 δὲ
1198 1611 1244 1637 καὶ
1257 1611 1296 1646 τῷ
1308 1610 1416 1637 εὐσεϐεῖ
1430 1611 1476 1638 καὶ
1490 1611 1654 1647 φιλοχρίστῳ
1670 1611 1748 1646 ἡμῶν
1763 1611 1811 1646 βα-

1025 1656 1093 1682 σιλεῖ
1106 1656 1304 1691 ἐγνωρίσαμεν,
1319 1657 1367 1683 καὶ
1379 1657 1436 1688 τοῖς
1452 1656 1753 1693 μεγαλοπρεπεστάτοις
1764 1657 1811 1682 καὶ

1024 1701 1206 1733 ἐνδοξοτάτοις
1219 1702 1343 1737 ἄρχουσι.

1024 1769 1118 1802 ΡΝ<ῖ’.
1132 1784 1167 1788 -
1184 1769 1347 1802 Ἐπιστολὴ
1359 1769 1418 1796 τῶν
1429 1770 1528 1797 αὐτῶν
1537 1770 1613 1805 πρὸς
1622 1771 1677 1798 τὸν
1686 1771 1720 1798 ὲν
1732 1772 1811 1798 Κων-

1060 1806 1312 1831 σταντινουπόλει
1330 1805 1407 1831 λαόν
1421 1805 1487 1840 (93).

1061 1859 1105 1894 Τῷ
1123 1859 1321 1895 εὺλαὸεστάτῳ,
1342 1861 1389 1887 καὶ
1409 1863 1574 1897 πιστοτάτῳ,
1591 1862 1638 1889 καὶ
1649 1862 1811 1898 φιλοχρίστῳ

1025 1905 1082 1941 λαῷ
1097 1906 1146 1940 τῆς
1164 1906 1193 1932 ἐν
1204 1907 1490 1934 Κωνσταντινουπόλει
1506 1908 1586 1942 ἁγίας
1603 1908 1650 1935 τοῦ
1666 1909 1733 1936 Θεοῦ
1752 1909 1812 1935 Ἐκ-

1026 1950 1140 1985 κλησίας
1157 1951 1173 1985 ἠ
1190 1951 1308 1983 σύνοδος.

1061 1994 1150 2030 Νόμος
1161 1994 1236 2022 ἐστὶν
1246 1995 1368 2031 ἄγραφος
1381 1997 1437 2027 τοῖς
1448 1997 1558 2033 ποιμέσι
1569 1998 1669 2034 πολλὴν
1677 1998 1733 2025 τῶν
1747 2007 1811 2034 προ-

1027 2041 1116 2067 ϐάτων
1128 2040 1262 2067 ποιεῖσθαι
1272 2041 1445 2076 κηδεμονίαν,
1460 2043 1504 2068 ἵνα
1517 2043 1584 2078 μήτε
1595 2043 1716 2079 κλέπτης
1728 2044 1810 2070 ταῦτα

1026 2085 1154 2121 λῃστεὺῃ,
1173 2086 1242 2120 μήτε
1257 2086 1338 2121 θηρία
1354 2086 1496 2124 κατεσθίῃ.
1512 2089 1579 2124 μήτε
1593 2089 1669 2119 νόσος
1683 2089 1811 2124 λυμαίνη·

1026 2140 1080 2157 ται.
1097 2131 1127 2157 Et
1144 2132 1172 2158 δὲ
1196 2132 1221 2158 οί
1237 2131 1290 2158 τῶν
1305 2132 1410 2166 ἀλόγων
1426 2134 1570 2168 προϐάτων
1584 2134 1633 2170 τὴν
1652 2135 1810 2170 κηδεμονίαν

1028 2177 1242 2212 πεπιστευμένοι
1271 2178 1405 2213 τοσαύτην
1430 2179 1519 2205 αὐτῶν
1541 2179 1679 2206 ποιοῦνται
1706 2181 1811 2215 προμή-

1026 2222 1112 2254 θειαν,
1124 2222 1160 2254 ὡς
1176 2222 1239 2257 βοᾷν
1252 2223 1297 2249 τὸν
1312 2223 1446 2258 μακάριον
1463 2224 1560 2251 Ἰακὼό
1573 2225 1641 2261 πρὸς
1655 2226 1700 2253 τὸν
1711 2227 1809 2253 Λάϐαν-

1029 2277 1038 2293 ι
1056 2268 1149 2303 ’Ἥμην
1167 2268 1364 2302 συγκαιόμενος
1382 2269 1420 2304 τῷ
1435 2269 1554 2305 καύματι
1567 2271 1618 2306 τῆς
1636 2272 1752 2306 ἡμέρας,
1768 2273 1812 2299 καὶ

1031 2315 1142 2349 παγετῷ
1159 2316 1208 2350 τῆς
1227 2315 1334 2349 νυκτὸς,
1349 2317 1396 2343 καὶ
1412 2317 1544 2350 ἀφίστατο
1559 2319 1574 2344 ὸ
1587 2317 1671 2350 ὕπνος
1692 2319 1745 2345 ἀπὸ
1761 2319 1811 2345 τῶν

1027 2360 1174 2396 ὀφθαλμῶν
1194 2369 1256 2396 μου,
1271 2362 1317 2388 καὶ
1337 2361 1505 2397 θηριάλωτον
1530 2363 1581 2391 οὐκ
1592 2365 1708 2400 ἐνήνοχὰ
1732 2373 1781 2391 σοι’
1800 2374 1808 2390 ι

1027 2407 1093 2441 ὅσην
1104 2407 1156 2442 χρὴ
1168 2407 1333 2442 ποιήσασθαι
1348 2408 1476 2443 πρόνοιαν
1489 2409 1543 2436 τῶν
1562 2409 1679 2444 λογικῶν
1699 2411 1745 2438 τοῦ
1758 2411 1810 2437 ἂι)-

1027 2453 1108 2487 τῆρος
1124 2452 1202 2487 ὴμῶν
1222 2453 1375 2488 προϐάτοιν,
1392 2454 1410 2481 ἃ.
1423 2455 1486 2487 τοὺς
1501 2456 1590 2488 θείους
1600 2457 1753 2492 περίκειται
1767 2466 1811 2492 χα-

1028 2501 1177 2534 ρακτῆρας,
1195 2500 1376 2535 βαπτισθέντα
1391 2501 1439 2535 μὲν
1451 2501 1491 2532 είς
1503 2502 1630 2537 Χριστὸν,
1649 2501 1811 2538 ἐνδυσάμενα

1026 2544 1055 2570 δὲ
1073 2545 1199 2580 Χριστὸν,
1214 2547 1262 2572 καὶ
1273 2547 1461 2582 σημειωθέντα
1474 2547 1512 2583 τῷ
1524 2548 1592 2583 φωτὶ
1606 2548 1653 2575 τοῦ
1668 2549 1810 2584 προσώπου

1028 2591 1152 2625 Κυρίου;
1180 2592 1281 2619 Τούτου
1313 2593 1393 2628 χάριν
1424 2594 1572 2623 ἀναγκαῖον
1602 2597 1733 2634 ᾠήθημεν
1765 2600 1810 2630 τὰς

1030 2782 1096 2810 1275
1113 2790 1168 2818 seq.
