1945 3058
120 157 197 190 1149

798 157 980 190 EPISTOLA
999 158 1084 190 CLVI

1695 161 1763 194 1450

118 213 264 250 ὑμετέρας
293 213 335 240 διὰ
366 214 537 249 γραμμάτων
562 214 784 250 προθεραπεῦσαι
813 215 912 251 ψυχάς

972 215 1063 242 ctibus
1092 200 1278 250 exagitemini,
1308 223 1398 251 operte
1421 215 1539 251 pretium
1569 216 1697 245 duximus
1719 219 1762 247 bis

119 259 171 285 ἴνα
186 258 224 293 μὴ
236 259 298 289 ταῖς
310 258 438 293 ματαίαις
447 259 553 294 φήμαις
564 259 731 294 ὑπαχθέντες
746 259 917 296 ἀθυμήσητε,

119 303 175 330 καὶ
191 303 313 338 ταραχὴν
328 305 388 334 ταῖς
402 303 533 335 διανοίαις
549 303 714 339 εἰσδέξησθε.

168 348 338 384 Ἀῳικόμεοα
357 348 412 383 γὰρ
431 348 471 379 εἰς
485 348 534 381 τὴν
555 348 687 382 Ἐφεσίων
703 348 791 381 πόλιν,
806 349 854 375 τοῦ
870 358 920 384 κη-

117 394 236 429 δεμόνος
250 394 304 420 ’τῶν
321 394 391 420 ὅλων
411 392 479 419 Θεοῦ
496 393 549 419 τῶν
565 393 769 420 εὐσεϐεστάτων
782 394 830 421 καὶ
845 394 919 428 φιλο-

119 440 246 475 χρίστων
263 439 396 474 βασιλέων
413 438 492 473 ήμῶν
506 437 554 473 τὴν
566 437 683 464 διάνοιαν
698 439 737 470 είς
748 438 826 465 τοῦτο
839 439 918 474 κινή-

120 489 234 516 σαντος,
256 485 303 511 καὶ
324 483 441 519 εὕρομεν
466 484 515 518 τήν
538 491 568 508 τε
589 483 666 510 πόλιν
688 483 803 519 θορύϐου
820 483 918 515 παντὸς

120 529 357 565 πεπληρωμένην,
372 529 420 556 καὶ
434 529 484 564 τὴν
499 528 608 555 ἅπασαν
624 528 733 556 σύνοδον
754 529 784 555 οὐ
801 529 919 565 μετρίως

117 576 343 612 ταραττομένην,
369 576 416 602 καὶ
441 575 566 602 κλύδωνα
596 574 738 602 θαλάττιον
763 574 811 609 τὴν
837 575 920 609 ἁγίαν

124 620 294 656 Ἐκκλησίαν
315 620 497 656 μιμουμένην,
530 619 664 654 Κυρίλλου
690 619 737 646 τοῦ
761 620 825 654 πρὶν
845 620 919 646 Ἀλε-

119 667 266 704 ξανδρείας
291 667 452 698 ἐπισκόπου,
473 666 520 692 καὶ
536 666 676 700 Μέμνονος
700 666 748 692 τοῦ
769 666 911 700 Ἐφεσίων,

118 714 204 749 δίκην
229 713 393 746 καταιγίδων
420 713 465 739 τὸν
490 712 608 747 χαλεπὸν
631 711 726 738 τοῦτον
752 712 918 746 ἑγειράντων

119 759 259 795 χειμῶνα,
280 759 422 790 Δείσαντες
438 759 493 794 γὰρ
511 760 525 784 ὁ
541 758 590 793 μὲν
603 757 762 791 Αἰγύπτιος,
775 758 819 784 ἵνα
832 758 868 793 μὴ
881 758 915 785 τὰ

119 805 262 840 κεφάλαια
289 805 339 839 τῆς
363 803 505 839 αἰρετικῆς
526 802 609 830 αὐτοῦ
634 801 803 835 κακοδοξίας,
826 803 860 829 τὰ
883 804 916 838 τῇ

125 849 318 884 ’Δπολιναρίου
338 849 482 884 δυσσεϐείᾳ
503 856 534 874 συ
539 847 696 884 μϐαίνοντα,
708 848 915 884 ἐρευνήσαντες,

118 897 259 932 αἱρετικὸν
276 896 356 923 αὐτὸν
371 896 590 931 κατακρίνωμενο
603 897 618 922 ὁ
630 895 659 921 δὲ
673 895 722 930 τῆς
735 895 818 930 ἄλλης
832 894 914 920 αὐτοῦ

120 942 262 978 ῥᾳθυμίας
276 943 311 969 τὰ
325 942 396 968 κατὰ
414 942 464 978 τὴν
478 942 556 968 πόλιν
574 940 770 977 θρυλλούμενα·
791 948 913 975 συμφρο-

119 989 264 1023 νήσαντες,
281 988 327 1015 καὶ
347 988 411 1023 μίαν
426 987 589 1023 τυραννικὴν
613 986 819 1021 ἀναδειξάμενοι
842 985 913 1020 γνώ-

121 1042 189 1068 μην·
202 1034 249 1060 καὶ
266 1034 280 1060 ὸ
297 1034 347 1069 μὲν
364 1034 534 1069 πεντήκοντα
553 1032 720 1066 Αίγυπτίους
734 1031 912 1064 ἐπισκόπους,

118 1081 134 1106 ὁ
145 1080 175 1106 δὲ
192 1080 334 1111 Ἀσιανοὺς
353 1079 460 1110 πλείους
473 1078 490 1114 ἢ
504 1079 652 1114 τριάκοντα
674 1077 849 1112 συναγαγὼν,
865 1077 914 1104 καὶ

119 1125 218 1157 ἄλλους
232 1125 317 1157 τινὰς,
333 1125 396 1156 τοὺς
413 1124 461 1160 μὲν
474 1124 577 1160 ἀπάτῃ.
592 1124 656 1155 τοὺς
680 1123 709 1150 δὲ
734 1123 810 1158 φόϐῳ
827 1130 914 1158 προσ-

119 1171 278 1206 λαϐόμενοι,
291 1171 341 1197 οὐκ
358 1170 549 1206 ἠϐουλήθησαν
558 1170 609 1205 μὲν
623 1169 769 1205 ἀναμεῖναι
780 1169 810 1196 τὸ
826 1169 914 1196 κοινὸν

118 1217 176 1244 τῶν
186 1217 354 1253 πανταχόθεν
365 1217 571 1252 ἀφικνουμένων
579 1216 740 1250 ἁγιωτάτων
754 1215 913 1242 ἐπισκόπων

121 1264 275 1300 συνέδριον,
294 1263 551 1298 καταφρονήσαντες
565 1262 594 1289 δὲ
609 1262 663 1288 τῶν
679 1261 914 1296 ἐκκλησιαπικῶν

122 1309 242 1345 θεσμῶν,
259 1309 308 1336 καὶ
325 1310 412 1335 πάντα
426 1308 534 1339 ἀτόπως
550 1308 597 1335 καὶ
609 1307 777 1343 παρανόμως
797 1306 914 1342 διαπρα-

121 1356 247 1391 ξάμενοι,
271 1356 308 1386 ὡς
333 1355 364 1388 ἐξ
389 1354 565 1390 ἀκροπόλεως
591 1354 640 1389 μὲν
661 1352 800 1380 δυσσεϐεῖν
827 1353 914 1381 ἅπασι

121 1401 368 1437 παρακελεύονται,
395 1401 496 1432 ναύτας
520 1400 549 1426 δέ
579 1400 627 1426 καὶ
653 1398 801 1434 κληρικοῦς
832 1398 915 1432 Αιγυ-

121 1449 227 1481 πτίους,
244 1447 292 1474 καὶ
308 1448 454 1482 ἀγροίκους
471 1446 611 1477 ’Δσιανοὺς
622 1446 663 1477 εἰς
679 1446 728 1476 τὰς
739 1445 792 1471 τῶν
808 1445 914 1471 ἐπισκό-

121 1502 182 1521 πων
204 1494 294 1526 οἰκίας
313 1492 536 1524 ἀποστέλλοντες,
554 1492 602 1518 καὶ
625 1491 659 1518 τὰ
684 1491 820 1525 ἀνήκεστα
835 1491 915 1516 ἀπει-

120 1537 241 1572 λοῦντες,
262 1540 309 1566 καὶ
323 1540 404 1574 φόϐον
424 1540 480 1570 τοῖς
498 1537 674 1573 σαθροτέροις
695 1535 911 1572 ὲπικρεμῶντες,

122 1586 170 1612 καὶ
186 1586 236 1617 τὰς
254 1586 344 1616 οίκίας
360 1584 460 1617 ἔξωθεν
474 1583 685 1620 ἐπιγράφοντες,
700 1582 738 1613 ὡς
759 1582 912 1618 ἐπισήμους

122 1629 191 1659 εἶναι
221 1632 285 1663 τοὺς
313 1630 527 1666 πολιορκηθῆναι
558 1629 726 1663 ὀφείλοντας,
757 1628 912 1663 ἠνάγκαζον

123 1677 294 1704 συντίθεσθαι
323 1678 380 1707 τοῖς
401 1675 448 1702 ὑπ’
463 1675 553 1702 αὐτῶν
573 1674 740 1710 παρανόμως
757 1673 911 1709 γεγενημέ-

121 1728 186 1756 νοις.

156 1769 249 1796 Ταῦτα
269 1768 478 1800 καταλαϐόντες,
503 1768 551 1794 καὶ
575 1767 659 1803 πείρᾳ
674 1767 723 1802 τὴν
745 1763 911 1802 τυραννικήν

122 1816 211 1843 αὐτῶν
236 1815 350 1848 ἀταξίαν
382 1814 588 1849 μεμαθηκότες,
612 1813 712 1840 ἄτοπον
734 1811 910 1847 ἡγησάμεθα,

119 1861 183 1891 τοὺς
201 1861 240 1891 εἰς
253 1860 379 1886 τοσοῦτον
394 1858 493 1889 κακίας
509 1857 686 1893 ἐληλακότας,
696 1857 724 1883 ἐν
739 1858 772 1892 τῇ
789 1855 850 1891 θείᾳ
864 1857 911 1883 καὶ

126 1905 228 1941 μεγάλῃ
251 1904 384 1940 ἱερωσύνῃ
401 1903 574 1930 καταλιπεῖν.

156 1993 203 2020 Διὸ
228 1992 343 2024 τούτους
360 1992 420 2028 μὲν,
440 1992 477 2023 ὡς
492 1992 547 2018 τῶν
561 1991 654 2018 κακῶν
675 1991 824 2026 ἡγεμόνας,
843 1990 910 2017 καθ-

123 2038 191 2065 ελεῖν
206 2038 432 2074 ἠναγκάσθημεν,
448 2038 496 2065 καὶ
517 2037 569 2072 τῆς
583 2038 738 2073 ἐπισκοπῆς
753 2036 910 2072 ἀλλοτρίους

123 2085 331 2119 ⁴ἳςειττιιιήκαμεν·
365 2084 427 2115 τοὺς
456 2084 485 2110 δὲ
504 2083 610 2115 τούτοις
635 2084 854 2119 συνεργήσαντας
871 2082 910 2118 τῷ

122 2130 170 2166 τῆς
193 2131 390 2165 ἀκοινωνησίας
408 2129 580 2165 ὑπεϐάλομεν
606 2128 709 2164 δεσμῷ,
726 2129 776 2155 οὐκ
804 2129 910 2162 ἀπαγο-

123 2177 244 2213 ρεύοντες
259 2177 308 2212 τὴν
321 2176 475 2212 μετάνοιαν,
490 2175 559 2202 ἀλλὰ
575 2176 625 2211 τὴν
637 2176 688 2210 τῆς
703 2174 909 2210 φιλανθρωπίας

970 261 1074 288 nostris
1093 261 1193 288 litteris
1216 261 1321 288 animas
1347 267 1450 289 vestras
1475 262 1652 296 praemunire.

1004 347 1059 374 Nos
1077 347 1163 380 enim,
1176 348 1370 376 universorum
1384 353 1512 376 curatore
1527 350 1582 377 Deo
1597 354 1703 378 mentes
1721 359 1763 378 re—

967 391 1207 427 ]igiosissimorum
1222 392 1380 428 Christique
1400 394 1551 421 amantium
1567 395 1761 430 imperatorum

969 441 1128 465 nostrorum
1146 437 1180 465 ad
1196 438 1249 465 hoc
1263 438 1420 474 instigante,
1437 440 1575 474 Ephesum
1588 441 1760 473 advenimus,

969 486 1001 510 ac
1025 483 1034 493 '
1054 483 1192 510 civitatem
1207 483 1319 518 quidem
1335 484 1409 510 omni
1425 485 1646 512 tumultuationis
1661 493 1762 520 genere

969 527 1088 562 plenam,
1107 528 1264 555 universam
1281 536 1347 555 vero
1364 529 1498 564 synodum
1516 533 1570 556 non
1587 530 1762 558 mediocriter
1787 556 1790 563 ,

968 576 1059 602 turbis
1067 576 1206 611 agitatam,
1218 580 1340 604 sanctam
1350 583 1441 604 autem
1454 577 1613 611 Ecclesium,
1622 579 1696 606 velut
1705 587 1762 606 ma-

969 627 1000 647 re
1014 628 1084 648 saeva
1095 621 1213 655 quadam
1226 621 1387 656 tempestate
1395 622 1523 656 jac‘tatam
1534 622 1697 657 reperimus,
1711 620 1762 658 Cy-

969 666 1032 692 rillo
1044 666 1149 701 1322
1161 666 1282 694 Alexand
1288 667 1334 694 rite
1343 671 1423 694 antea
1432 667 1571 701 episcopo,
1581 671 1609 694 et
1617 668 1760 695 Memnone

969 711 1119 746 Ephesino,
1137 712 1225 739 instar
1235 713 1363 747 procellae
1376 716 1474 740 tetram
1487 713 1558 740 hanc
1569 718 1759 748 tempestatem

970 757 1181 784 concitantibus.
1197 757 1285 784 Ambo
1308 757 1381 784 enim
1405 762 1562 786 metuentes
1588 768 1594 785 :
1616 759 1761 795 [Egyptius

969 801 1093 836 quidem,
1104 809 1139 829 ne
1150 802 1179 829 in
1189 801 1326 829 haeretica!
1338 801 1470 829 doctrinm
1485 802 1568 837 ipsius
1584 804 1684 838 capita,
1698 812 1761 831 cum

969 846 1132 880 Apollinarii
1144 846 1286 882 impietate
1312 847 1520 880 convenientia,
1543 849 1759 884 inquireremus.

931 891 1110 927 Bipsumque
1138 893 1276 920 haereseos
1292 894 1553 927 condemnarentus;
1584 896 1654 924 alter
1682 905 1759 928 vero,

965 943 1079 974 propter
1091 939 1144 966 alia
1157 940 1263 975 ignava:
1278 948 1335 967 sua:
1346 940 1604 974 administrationis,
1623 950 1684 977 quae
1704 947 1760 970 tota

965 985 1076 1012 civitate
1092 994 1186 1013 rumor
1204 986 1374 1021 jactaverat:
1392 986 1465 1013 inter
1479 994 1510 1014 se
1521 987 1720 1022 conspirantes,
1733 991 1761 1016 et

965 1038 1048 1058 unam
1060 1031 1232 1067 tyrannicam
1245 1036 1366 1059 mentem
1380 1039 1436 1066 prae
1454 1039 1483 1059 se
1508 1032 1630 1059 ferentes
1647 1041 1654 1059 :
1672 1037 1699 1060 et
1714 1033 1760 1061 illc

965 1078 1076 1112 quidem
1085 1078 1283 1113 quinquaginta
1295 1078 1439 1113 episcopos
1449 1078 1600 1114 Egyptios,
1614 1080 1683 1107 alter
1692 1088 1759 1108 vero

965 1121 1027 1156 plus
1044 1129 1125 1156 quam
1143 1122 1254 1157 triginta
1271 1121 1407 1149 Asiaticos
1431 1126 1460 1149 et
1481 1122 1588 1158 aliquos
1605 1123 1683 1156 alios,
1709 1124 1760 1152 hos

965 1167 1076 1201 quidem
1089 1171 1150 1195 astu
1161 1168 1373 1200 circumventos,
1385 1167 1447 1194 illos
1458 1175 1523 1195 vero
1534 1173 1609 1196 metu
1622 1169 1758 1202 inductos,

965 1218 1177 1248 congregantes;
1192 1213 1342 1240 noluerunt
1353 1213 1466 1248 quidem
1481 1221 1626 1242 commune
1642 1217 1760 1244 sanctis-

965 1259 1098 1286 simorum
1122 1259 1314 1294 episcoporum
1340 1260 1523 1296 undecunque
1549 1261 1758 1290 adventantium

966 1308 1127 1339 exspectare
1139 1305 1286 1332 concilium
1298 1313 1304 1331 :
1314 1305 1480 1340 contemptis
1491 1310 1582 1333 autem
1593 1306 1759 1335 ecclesiasti-a

965 1349 1005 1376 cis
1019 1349 1137 1384 legibus,
1148 1349 1295 1384 omniaque
1307 1349 1427 1377 absurde
1440 1355 1469 1377 et
1479 1351 1612 1378 scelerate
1620 1355 1758 1386 gerentes,

965 1398 1094 1429 tanquam
1110 1402 1144 1422 ex
1157 1402 1220 1421 arce
1235 1403 1332 1422 omnes
1342 1395 1376 1422 ad
1391 1395 1560 1430 impietatem
1575 1394 1758 1424 adhortaban-

966 1444 1011 1467 tur
1023 1449 1029 1466 :
1040 1444 1136 1467 nautas
1146 1448 1223 1473 vero,
1237 1440 1407 1476 clericosque
1424 1441 1575 1477 Egyptios,
1594 1447 1622 1469 et
1637 1447 1757 1478 agrestes

966 1485 1082 1513 Asianos
1105 1485 1140 1513 ad
1155 1486 1350 1521 episcoporum
1372 1486 1469 1514 demos
1494 1487 1646 1520 mittentes,
1666 1493 1757 1517 extre-

967 1539 1067 1566 maque
1102 1532 1330 1564 interminantes,
1361 1539 1392 1559 ac
1418 1532 1586 1561 inﬁrmiores
1616 1537 1756 1569 perterre-

965 1579 1113 1611 facientcs,
1140 1583 1168 1606 et
1190 1578 1288 1606 domos
1305 1579 1460 1607 forinsecus
1482 1581 1680 1614 inscribentes,
1700 1590 1755 1617 quo

964 1623 1096 1650 nimirum
1119 1623 1295 1658 oppugnandi
1313 1624 1455 1658 conspicui
1473 1630 1573 1658 essent,
1599 1626 1700 1662 iniquis
1717 1627 1758 1663 ip-

964 1677 1057 1698 sorum
1079 1669 1149 1697 actis
1167 1669 1296 1697 assentiri
1314 1670 1524 1704 eompellcbant.

999 1754 1062 1787 Haec
1083 1764 1174 1787 autem
1196 1768 1259 1787 cum
1285 1761 1588 1793 animadvertissemus.
1610 1763 1756 1797 experiena

963 1805 1055 1839 tiaque
1065 1805 1236 1840 tyrannidem
1246 1806 1354 1832 illorum
1363 1807 1601 1841 comperissemus,
1612 1807 1755 1844 indignum

959 1849 1154 1884 judicavimus,
1177 1850 1199 1877 si
1216 1857 1265 1878 eos
1286 1851 1333 1885 qui
1352 1851 1380 1878 in
1404 1855 1510 1879 tantum
1529 1854 1666 1888 progressi
1690 1861 1755 1882 sunt

963 1895 1158 1931 improbitatis,
1186 1896 1214 1923 in
1231 1896 1324 1924 divina
1347 1901 1375 1924 et
1395 1905 1493 1933 magna
1514 1899 1678 1926 sacerdotali
1693 1899 1755 1927 I‘un-

962 1939 1053 1967 etione
1070 1939 1299 1974 relinqueremus.

997 1984 1086 2018 Quare
1111 1985 1162 2012 hos
1185 1985 1296 2020 quidem
1321 1989 1450 2021 tanquam
1476 1987 1611 2015 malorum
1628 1993 1754 2017 auctores

961 2030 1099 2066 deponam
1122 2031 1210 2058 coacti
1233 2031 1346 2064 I‘uimus,
1362 2036 1389 2059 et
1408 2032 1442 2059 ab
1466 2032 1625 2068 episcopatu
1641 2034 1754 2062 omnino

962 2076 1128 2110 amovimus;
1149 2072 1253 2111 1323
1265 2081 1378 2104 carteros
1395 2081 1485 2104 autem
1499 2077 1546 2112 qui
1564 2079 1663 2105 horum
1677 2079 1755 2114 adju—

961 2127 1036 2150 tores
1044 2127 1071 2150 et
1082 2123 1237 2150 administri
1253 2123 1374 2156 fuerunt,
1387 2126 1677 2153 excommunicationis
1690 2127 1753 2154 vin-

961 2169 1023 2196 culo
1032 2168 1210 2204 subjecimus,
1219 2170 1409 2204 paenitentiam
1418 2178 1472 2197 non
1486 2171 1671 2206 denegantes;
1685 2173 1753 2207 quin

123 2224 210 2255 αὑτοῖς
225 2223 421 2254 ὑπανοίξαντες
434 2222 531 2257 θύραν.
543 2222 594 2248 ’Ἢν
608 2221 663 2256 γὰρ
675 2220 840 2255 ἐθελήσωσιν
851 2219 907 2255 (94)

966 2214 1053 2249 potius
1065 2214 1218 2242 clementiae
1226 2216 1327 2242 ostium
1342 2216 1519 2250 subapertum
1531 2217 1571 2244 eis
1579 2217 1753 2252 reliquimus.

122 2268 157 2301 ὡς
172 2269 287 2304 τάχιστα
298 2268 496 2303 ἁναθεματίσαι
514 2266 563 2302 μὲν
576 2267 610 2292 τὰ
625 2265 678 2292 ὑπὸ
688 2265 823 2301 Κυρίλλου
838 2265 907 2291 ἀπο-

124 2313 250 2339 σταλέντα
262 2312 407 2347 κεφόιλαια,
422 2311 456 2337 τὰ
473 2311 523 2345 τῆς
537 2310 720 2345 ἀποστολικῆς
732 2310 778 2336 καὶ
793 2310 908 2344 εὐαγγε-

122 2355 196 2392 λικῆς
213 2356 387 2388 διδασκαλίας
407 2357 462 2391 (95)
482 2355 620 2391 ἀλλότρια,
642 2356 681 2386 εἰς
695 2355 723 2381 δὲ
744 2354 793 2390 τὴν
813 2355 906 2381 πίστιν

123 2403 171 2429 τῶν
190 2403 275 2436 ἁγίων
296 2402 426 2439 Πατέρων
447 2402 613 2433 ἐπανελθεῖν,
628 2401 681 2427 τῶν
695 2402 724 2427 ὲν
739 2401 842 2436 Νικαίᾳ.
858 2401 908 2435 τῆς

125 2445 243 2480 Βιθυνίας
262 2448 455 2480 συνελθόντων,
471 2448 517 2474 καὶ
535 2447 604 2474 κατὰ
618 2447 648 2473 τὸ
662 2447 778 2482 γράμμα
793 2446 848 2473 τῶν
860 2446 907 2472 εύ-

124 2495 288 2521 σεὸεατάτων
305 2494 352 2521 καὶ
368 2494 548 2530 φιλοχρίστων
559 2493 638 2528 ήμῶν
649 2492 792 2527 βασιλέων,
805 2493 906 2528 ἀθορύ-

124 2538 173 2570 ϐως
190 2540 236 2566 καὶ
253 2539 376 2574 ἁκριὸὦς
394 2539 428 2566 τά
448 2547 477 2565 τε
495 2538 663 2574 προκείμενα
677 2538 838 2573 συζητῆσαι,
859 2539 907 2565 καὶ

123 2584 150 2611 τδ
170 2585 280 2616 εὐσεϐὲς
301 2584 389 2619 δόγμα
399 2585 548 2621 ’κυρῶσαι,
573 2584 731 2619 παραυτίκα
752 2584 850 2615 αὐτοὺς
868 2584 906 2616 ὡς

123 2631 204 2657 οἰκεῖα
224 2630 290 2666 μέλη
306 2630 448 2666 δεξόμεθα,
476 2631 524 2657 καὶ
543 2631 606 2662 τοὺς
634 2630 787 2665 ίερατικοὺς
814 2630 906 2661 αὐτοῖς

125 2675 295 2712 ἀποδώσομεν
310 2676 431 2712 θρόνους.

156 2752 208 2791 (94)
224 2755 352 2782 ἐθέλωσιν
367 2759 456 2782 textus
470 2754 544 2790 vulg.
563 2754 636 2790 apud
660 2754 745 2782 Mans.
758 2757 786 2781 et
801 2753 887 2781 Garm-

292 2922 426 2954 PATIIOL.
442 2923 502 2955 Gs.
518 2923 687 2954 LXXXIII.

959 2261 1028 2288 Nam
1052 2261 1074 2288 si
1096 2261 1187 2296 capita
1205 2269 1220 2288 a
1233 2260 1334 2296 Cyrillo
1354 2262 1464 2293 emissa,
1478 2270 1539 2297 quae
1555 2263 1590 2290 ab
1604 2264 1752 2297 apostolica

959 2312 988 2334 et
1011 2308 1168 2342 evangeliea
1189 2307 1313 2335 doctrina
1337 2308 1425 2335 aliena
1447 2312 1521 2339 sunt,
1548 2309 1751 2344 quamprimum

960 2353 1192 2380 anathematizare
1206 2353 1354 2385 voluerint,
1372 2356 1400 2380 et
1412 2353 1445 2380 ad
1457 2358 1613 2381 sanctOrum
1627 2355 1750 2389 Patrum,

960 2398 1008 2432 qui
1027 2398 1053 2424 in
1072 2398 1162 2426 Niczea
1187 2398 1320 2434 Bithynia:
1337 2403 1536 2430 convenerunt,
1553 2399 1633 2426 [idem
1649 2400 1750 2434 redire,

960 2447 988 2470 et
1006 2443 1083 2478 juxta
1099 2444 1335 2478 pientissimorum
1349 2446 1358 2455 ⁴
1370 2452 1402 2472 ac
1418 2444 1520 2472 Christi
1535 2445 1685 2473 amantium
1698 2447 1751 2473 im-

961 2493 1118 2524 peratorum
1151 2495 1309 2517 nostrorum
1341 2490 1456 2523 litteras,
1477 2495 1505 2517 et
1526 2496 1586 2525 quae
1612 2493 1750 2526 proposita

958 2539 1033 2566 sunt,
1050 2535 1244 2563 sine'tumultu
1260 2543 1291 2562 ac
1306 2541 1400 2563 exacte
1418 2536 1561 2563 nobiscum
1584 2536 1748 2571 disquirere,

956 2581 1089 2616 piumque
1116 2581 1215 2617 dogma
1239 2581 1419 2615 conﬁrmare;
1439 2590 1502 2609 mox
1515 2582 1577 2609 illos
1590 2582 1675 2609 veluti
1688 2590 1750 2617 pro-

957 2628 1017 2663 pria
1044 2628 1168 2655 membra
1190 2628 1382 2663 suscipiemus,
1408 2628 1542 2664 sedesque
1565 2627 1748 2656 sacerdotale:

958 2674 1026 2710 ipsis
1044 2675 1232 2703 restituemus.

996 2753 1052 2789 (95)
1062 2754 1209 2789 ἐκκλησίας
1225 2754 1309 2781 Mans.
1332 2752 1359 2780 in
1379 2754 1512 2788 margine.

1568 2918 1602 2948 46
