1945 3058
183 155 248 187 iiﬁl

178 211 281 240 CLVII.
294 225 328 230 ——-
341 209 442 236 Βυιαιὶο
456 207 597 235 Orientalis
606 205 771 233 conciliabuli
783 205 817 232 ad
828 205 970 240 imperato-
985 207 1007 235 Α

215 254 271 273 rem
286 245 400 272 victoriis
414 243 527 275 clarum,
547 250 653 268 rursum
667 240 818 276 signiﬁcans
831 239 971 275 depositio—

216 289 276 308 nem
291 279 384 315 (Συνίίῆ
397 283 420 305 et
430 278 584 305 Mantuanis.

216 363 307 397 Pietas
328 372 430 400 vestra,
446 375 507 402 quae
529 366 729 394 benefaciendo
742 365 804 392 orbi
826 369 854 392 et
875 364 971 392 Eccle-

183 415 231 442 siis
245 414 292 441 Dei
311 413 447 445 clarescit,
459 412 542 448 jussit
554 419 604 439 nos
621 412 649 438 in
662 410 846 446 Ephesiorum
859 410 972 437 civitate

183 459 355 495 congregari,
383 464 412 486 ut
432 458 495 485 inde
507 458 614 484 lucrum
636 462 726 492 etpax
737 455 866 483 Ecclesia:
878 455 972 483 conci-

183 506 309 538 liaretur,
328 513 383 532 non
400 509 431 531 ut
443 504 536 531 omnia
548 504 710 531 confusione
725 508 752 531 et
765 502 974 538 perturbatione

183 551 398 585 complerentur.
426 549 479 576 Sed
495 553 522 576 et
538 549 596 583 ipsa
610 553 708 575 vestrae
721 546 872 582 majestatis
884 546 974 574 edicta

183 600 277 631 aperte
304 603 335 622 ac
359 595 461 622 diserte
486 595 557 629 piam
581 598 701 621 vestram
723 597 751 620 et
768 592 909 627 paciﬁcam
925 599 975 627 pro

182 642 314 669 Ecclesiis
326 641 373 668 Dei
390 640 514 667 indicant
526 644 656 667 mentem.

220 738 303 773 Atqui
327 737 445 773 Cyrillus
469 736 686 768 Alexandrinus,
707 736 742 762 ad
759 735 908 770 perniciem
924 735 976 762 Ec-

183 785 339 816 clesiarum,
359 788 389 810 ut
405 783 525 815 videtur,
543 786 571 809 et
583 788 664 809 natus
675 786 703 808 et
715 782 859 814 educatus,
871 788 977 808 assum-

184 835 229 866 pta
254 829 444 864 cooperatrice
468 828 621 855 Memnonis
643 828 756 862 Ephesii
771 827 895 859 audacia,
920 826 977 862 pri-

185 882 259 902 mum
271 874 383 909 quidem
399 874 427 901 in
440 874 580 908 placidum
595 877 623 900 et
638 873 713 908 pium
732 873 839 908 1324
852 877 973 901 vestrum
989 879 1012 908 Β

184 920 305 948 edictum
314 919 447 954 peccavit,
459 927 508 954 per
520 919 612 946 omnia
621 926 650 946 se
659 918 802 953 profanum
814 917 974 945 ostendens.

184 966 253 993 Nam
276 973 339 993 cum
355 969 446 992 vestra
467 965 595 999 majestas
620 964 782 999 prweeperit
805 964 839 991 de
862 963 914 991 ﬁde
933 963 976 990 di—

185 1012 273 1047 ligcns
296 1019 411 1039 examen
435 1016 463 1038 et
486 1010 712 1045 inquisitionem,
741 1016 857 1044 eamque
879 1009 977 1036 haberi

185 1065 248 1085 cum
265 1057 413 1085 concordia
429 1061 457 1084 et
467 1064 534 1092 pace
547 1056 671 1084 omnium
690 1065 695 1082 :
712 1055 832 1090 Cyrillus
846 1055 880 1082 de
892 1055 978 1090 Apol-

182 1103 277 1130 linarii
290 1103 464 1138 dogmatibus
476 1106 632 1133 accusatus,
656 1101 710 1128 imo
724 1101 781 1135 ipse
793 1100 915 1135 seipsum
931 1108 978 1128 re—

186 1149 333 1184 darguens,
357 1156 407 1183 per
419 1155 462 1179 ea,
477 1155 538 1182 qua:
553 1154 615 1174 cum
629 1145 866 1173 anathematismis
878 1152 979 1181 nuper-

188 1196 257 1222 rimc
280 1195 307 1222 in
328 1195 431 1230 regiam
451 1193 547 1221 urbem
573 1201 635 1220 cum
652 1193 762 1228 propria
774 1192 979 1226 subscriptione

189 1241 274 1273 misit,
290 1241 317 1267 in
335 1240 437 1275 quibus
452 1239 642 1274 deprehensus
653 1242 694 1265 est
707 1237 810 1265 sentire
821 1244 882 1264 cum
895 1236 980 1271 impio

188 1291 216 1314 et
238 1287 369 1314 hzeretico
392 1285 562 1321 Apollinario
574 1305 581 1317 ,
607 1285 651 1312 his
663 1284 793 1311 omnibus
803 1282 978 1318 posthabitis,

188 1333 266 1368 quasi
279 1337 402 1367 tempora
416 1332 473 1359 haac
496 1331 571 1366 regia
582 1330 782 1365 gubernatione
795 1329 927 1356 destituta
938 1336 982 1355 es-

188 1384 259 1410 sent,
286 1379 314 1406 in
339 1385 449 1404 onmem
473 1377 627 1412 prolabitur
649 1376 821 1410 iniquitatem
840 1383 846 1401 :
862 1382 980 1409 cumque

187 1428 329 1460 oporteret
351 1423 488 1450 rationem
507 1423 623 1450 reddere
639 1429 731 1456 prava:
744 1429 800 1449 sua:
815 1421 848 1448 de
864 1420 981 1448 Domino

188 1474 284 1497 nostro
312 1469 376 1497 Iesu
398 1468 510 1496 Christo
532 1467 683 1502 opinionis,
709 1467 763 1494 sibi
787 1466 981 1494 auctoritatem

189 1522 338 1550 usurpans,
354 1521 445 1548 neque
459 1515 466 1523 '
481 1521 496 1541 a
509 1513 674 1544 canonihus,
687 1519 777 1546 neque
788 1519 803 1538 a
813 1510 913 1538 vestris
922 1510 982 1538 edi-

187 1563 240 1590 etis
261 1561 286 1588 ei
308 1567 467 1588 concessam
480 1579 488 1591 ,
515 1559 543 1586 in
562 1566 642 1585 omne
654 1565 741 1593 genus
755 1556 935 1584 immodestia:
948 1564 980 1583 ac
994 1554 1015 1583 ε

188 1605 303 1635 sceleris
314 1605 379 1632 ruit.

225 1696 410 1731 Quamobrem
437 1700 512 1722 mota
528 1698 622 1722 sancta
637 1694 766 1729 synodus,
793 1701 853 1728 qua:
865 1700 920 1720 non
931 1700 982 1728 ap-

189 1744 317 1780 probavit
337 1744 397 1778 ejus
416 1741 627 1769 adinventiones
639 1740 701 1767 ﬁdei
719 1739 872 1774 pestiferas,
891 1739 981 1773 ipsum

189 1790 302 1826 quidem
316 1788 430 1824 deponit
455 1791 568 1822 propter
584 1786 713 1821 prasdicta
726 1786 818 1812 omnia
834 1794 840 1812 :
860 1785 982 1812 Memno-

190 1842 253 1862 nem
266 1841 344 1866 vero,
357 1833 431 1860 velut
443 1831 636 1859 administrum
647 1830 717 1865 ejus,
729 1833 756 1856 et
766 1828 983 1856 commilitonem

190 1881 218 1908 in
231 1880 371 1911 omnibus,
386 1878 433 1913 qui
444 1881 471 1905 et
483 1877 642 1904 innumeras
653 1875 749 1902 turbas
761 1880 857 1902 contra
868 1874 984 1901 sanctis-

191 1926 276 1953 simos
289 1925 443 1959 episcopos,
470 1929 560 1957 prava:
574 1921 648 1948 illius
665 1928 696 1947 ac
709 1920 846 1948 haeretica:
857 1919 982 1954 opinioni

190 1970 319 1999 assentiri
342 1972 512 1999 recusantes,
538 1967 682 2000 excitavit;
711 1971 740 1993 ct
751 1966 884 1994 ecclesias
898 1971 982 2000 atque

190 2016 312 2045 oratoria
323 2015 415 2043 omnia
426 2013 572 2045 conclusit,
586 2013 664 2047 quasi
677 2012 805 2039 adessent
816 2019 983 2047 paganorum

192 2067 220 2091 et
234 2061 355 2090 hostium
370 2060 418 2088 ltei
435 2064 574 2094 tempora;
603 2063 631 2085 et
644 2058 741 2093 vulgus
756 2057 876 2093 regionis
890 2057 983 2093 Ephe-

192 2110 297 2137 siorum
306 2106 470 2139 introduxit,
485 2105 553 2133 adeo
567 2109 596 2132 ut
610 2105 690 2132 nobis
701 2103 825 2139 quotidie
835 2103 869 2130 de
877 2111 984 2131 summa

192 2161 286 2182 rerum
302 2151 517 2187 periclitandum
537 2151 583 2182 sit,
609 2150 674 2177 dum
694 2157 750 2175 non
765 2148 799 2176 de
811 2148 981 2182 defensione,

192 2199 240 2226 sed
256 2198 289 2225 de
304 2196 386 2224 rectis
398 2195 462 2223 ﬁdei
476 2194 651 2230 dogmatibus
663 2194 826 2228 cogitamus.
843 2193 899 2221 llos
907 2194 982 2221 enim

191 2243 355 2272 abscindere
372 2242 441 2269 nihil
457 2241 532 2268 aliud
548 2245 600 2273 est,
619 2248 700 2275 quam
716 2245 817 2267 rectam
832 2239 915 2267 ﬁdem
925 2243 982 2267 sta-

191 2293 279 2316 tuere.

231 2334 336 2370 1325
345 2333 449 2361 Poterit
462 2336 555 2360 autem
569 2331 697 2367 maiestas
708 2336 808 2364 vestra,
819 2331 862 2359 vel
871 2339 904 2359 ex
916 2331 983 2367 ipsis

193 2381 270 2409 illius
280 2379 417 2415 capitibus
439 2378 551 2413 impiam
563 2378 622 2413 ejus
634 2377 798 2405 sententiam
812 2385 960 2413 agnoscere
975 2386 981 2404 :

193 2427 308 2462 impium
329 2425 402 2453 enim
424 2424 644 2460 Apollinarium,
673 2423 701 2450 in
724 2423 820 2450 hwresi
838 2423 893 2458 jam
907 2430 983 2450 mor-

193 2478 284 2505 tuum,
302 2471 380 2507 quasi
395 2478 429 2498 ex
439 2470 547 2498 inferno
558 2470 689 2502 excitare,
701 2475 729 2496 et
741 2473 836 2496 contra
846 2469 983 2497 Ecclesias

194 2523 222 2547 et
245 2523 347 2546 rectam
369 2517 451 2544 ﬁdem
477 2515 506 2543 in
525 2515 611 2543 aciem
625 2515 745 2542 educere
758 2514 936 2550 comperitur,
955 2519 984 2542 et

195 2563 427 2592 anathematizare
451 2562 479 2590 in
495 2562 553 2589 suis
567 2561 787 2596 expositionibus
803 2561 985 2597 evangelistas

195 2609 278 2636 simul
302 2613 330 2635 et
354 2608 503 2643 apostolos,
530 2611 633 2641 etpost
644 2606 716 2639 illos,
742 2606 873 2634 Ecclesiae
885 2614 983 2641 proge-

194 2654 310 2685 nitores,
333 2653 380 2688 qui
406 2661 421 2680 a
446 2652 549 2687 Spiritu
565 2657 669 2684 sancto,
684 2659 739 2679 non
754 2659 769 2678 a
781 2651 898 2686 propriis
911 2650 986 2686 cogi-

196 2699 346 2727 tationibus
370 2698 489 2733 impulsi,
509 2698 580 2733 piam
599 2697 680 2725 ﬁdem
703 2697 932 2732 praedicaverunt,
956 2700 984 2724 et

195 2745 371 2780 Evangelium
384 2745 632 2776 annuntiaverunt,
650 2748 746 2771 contra
760 2752 821 2771 eam
835 2751 916 2779 quam
931 2743 983 2771 iste

193 2797 222 2818 et
248 2790 320 2825 sapit
349 2794 377 2817 et
400 2789 541 2824 loquitur,
570 2789 812 2826 prmcipiendoque
822 2790 881 2816 vult
892 2789 982 2817 ubivis

234 2868 289 2904 (96)
307 2868 355 2895 Est
380 2868 406 2894 in
440 2867 524 2894 Mansi
549 2867 662 2895 Collect.
691 2867 882 2900 conciliorum,
904 2868 922 2894 l.
943 2875 979 2899 c.,
998 2875 1024 2902 p.

674 149 917 181 THEODORETI
937 148 1106 179 EPISCOPI
1122 150 1301 180 CYRENSIS

1745 148 1826 180 1452

1021 204 1105 231 ΡΝΖ’.
1119 220 1153 224 ———
1170 205 1317 239 Ἀναςρορὰ
1329 205 1383 238 τῆς
1395 204 1577 238 Λιδατονῐιχῆς
1591 204 1725 232 συνόδου
1737 207 1825 238 πρὸς

1057 239 1110 266 τὸν
1124 241 1303 266 καλλίνικον
1322 240 1466 272 βασιλέα,
1484 240 1623 273 δηλοῦσα
1647 240 1694 266 καὶ
1724 239 1823 273 αὖθις

1057 274 1114 307 τὴν
1143 275 1347 309 γεγενημένην
1375 276 1549 309 καθαίρεσιν
1576 276 1726 308 Κιζρίλυίου
1760 276 1823 302 καὶ

1058 309 1213 343 Μέμνονος
1230 310 1295 344 (96).

1065 367 1095 394 Ἦ
1109 367 1300 402 διαλάμπουσα
1316 368 1391 402 ὑμῶν
1405 367 1530 394 εὐσέϐεια
1544 367 1587 394 ἐπ’
1604 368 1749 404 εὐεργεσίᾳ
1762 370 1822 404 τῆς

1024 414 1186 449 οἰκουμένης
1202 414 1249 440 καὶ
1262 414 1315 440 τῶν
1333 414 1379 440 τοῦ
1399 413 1467 440 Θεοῦ
1488 413 1655 449 Ἑκκλησιῶν
1670 414 1822 441 ἐκέλευσεν

1023 459 1097 494 ἡμᾶς
1115 460 1143 485 ὲν
1159 460 1189 494 τῇ
1203 459 1257 485 τῶν
1274 459 1404 493 Ἐφεσίων
1419 459 1605 494 ἀθροισθῆναι,
1619 459 1690 486 ὥστε
1718 460 1823 495 κέρδος

1024 506 1070 531 καὶ
1083 506 1194 541 εἰρήνην
1205 507 1236 540 τῇ
1250 505 1398 542 Ἐκκλησία
1408 506 1593 541 περιποιῆσαι.
1607 505 1655 540 οὐχ
1666 505 1735 532 ὦπε
1749 514 1822 539 συγ-

1024 551 1129 586 χύσεως
1153 552 1200 578 καὶ
1222 552 1334 585 ἀταξίας
1353 552 1440 578 πάντα
1465 552 1617 586 πληρῶσαι.
1634 552 1690 578 Καὶ
1705 552 1774 578 αὐτὰ
1788 552 1821 578 δὲ

1024 597 1058 624 τὰ
1078 597 1124 624 τοῦ
1144 598 1277 632 ὑμετέρου
1305 598 1424 633 κράτους
1451 597 1624 633 θεσπίσματα
1649 598 1742 632 σαιῖῶς
1767 599 1821 624 καὶ

1025 643 1175 679 διαρρήδην
1192 644 1237 670 τὸν
1254 643 1355 678 εὐσεϐῆ
1369 643 1446 678 ὑμῶν
1461 644 1507 670 καὶ
1520 644 1657 679 εἰρηνικὸν
1678 644 1748 678 ὑπὲρ
1760 643 1821 669 τῶν

1025 688 1071 716 τοῦ
1087 689 1204 724 Χριστοῦ
1226 689 1394 724 Ἐκκλησιῶν
1415 690 1513 724 μηνύει
1525 690 1637 716 σκοπόν.

1068 735 1097 761 '0
1107 735 1135 761 δὲ
1149 736 1194 762 ἐπ’
1207 735 1311 770 ὀλέθρῳ
1325 736 1378 762 τῶν
1396 735 1564 771 Ἑκκλησιῶν
1581 736 1628 763 καὶ
1645 736 1750 771 τεχθεὶς
1769 736 1822 762 καὶ

1026 782 1151 817 τραφεὶς,
1168 782 1205 812 ὡς
1232 782 1314 814 ἔοικε,
1332 782 1464 818 Κύριλλος
1495 783 1508 808 ὁ
1530 782 1578 818 τῆς
1601 782 1821 817 Ἀλεξανδρείας,

1028 829 1159 862 συνεργὸν
1172 828 1262 855 λαϐὼν
1280 828 1328 863 τὴν
1343 829 1483 864 Μέμνονος
1503 828 1548 855 τοῦ
1572 828 1698 862 Ἐφεσίου
1715 828 1822 864 θρασύ-

1025 881 1104 909 τητα,
1119 873 1225 908 πρῶτον
1244 874 1293 908 μὲν
1312 874 1351 904 εἰς
1372 873 1402 899 τὸ
1416 873 1533 907 γαληνὸν
1552 873 1599 899 καὶ
1615 872 1726 904 εὐσεϐὲς
1739 873 1823 908 ὑμῶν

1028 918 1209 955 παρηνόμησε
1232 911 1380 954 θέσπισμα,
1396 919 1440 945 διὰ
1455 918 1564 945 πάντων
1583 918 1614 944 τὺ
1632 918 1823 945 ἁκαθοσίωτον

1029 965 1111 993 αὐτοῦ
1127 965 1245 997 δεικνύς.
1268 965 1321 992 Ἱόὗ
1345 966 1398 1001 γὰρ
1424 966 1557 1001 ὑμετέρου
1588 965 1707 1000 κράτους
1728 965 1823 991 θεσπί-

1029 1019 1125 1044 σαντος
1137 1012 1200 1048 περὶ
1216 1012 1333 1044 πίστεως
1348 1012 1397 1047 τὴν
1412 1011 1534 1044 ἐξέτασιν
1545 1011 1685 1046 γενέσθαι,
1707 1011 1754 1037 καὶ
1770 1010 1822 1040 βά.-

1030 1065 1109 1085 σανον
1134 1057 1234 1092 ἀκριϐῆ
1261 1058 1310 1092 τὴν
1337 1057 1396 1092 μεθ’
1411 1057 1536 1092 ὁμονοίας
1558 1056 1606 1083 καὶ
1628 1056 1740 1091 εἰρήνης
1763 1054 1823 1081 τῶν

1029 1103 1149 1130 πάντων·
1166 1105 1179 1129 ὁ
1194 1102 1327 1138 Κύριλλος
1345 1103 1390 1129 ἐπὶ
1403 1104 1457 1134 τοῖς
1477 1101 1664 1136 Ἀπολιναρίου
1686 1102 1822 1135 δόγμασιν

1029 1149 1240 1184 ἐγκαλούμενος,
1261 1148 1359 1184 μᾶλλον
1375 1148 1403 1174 δὲ
1421 1147 1501 1179 αὐτὸς
1522 1147 1618 1174 ἑαυτὸν
1642 1145 1765 1180 ἐλέγξας,
1785 1146 1822 1171 δι’

1030 1192 1067 1222 ὧν
1079 1194 1175 1230 πρώην
1191 1195 1230 1225 εἰς
1243 1195 1292 1230 τὴν
1310 1194 1433 1229 βασιλίδα
1446 1193 1521 1220 πόλιν
1540 1194 1598 1228 μετ’
1615 1192 1684 1224 ἰδίας
1699 1193 1822 1226 ὑπογρα-

1031 1243 1083 1276 φῆς
1101 1240 1243 1267 ἀπέστειλε
1268 1241 1327 1275 μετ’
1343 1239 1584 1274 ἀναθεματισμῶν,
1603 1239 1632 1265 ὲν
1653 1235 1694 1269 οἷς
1716 1238 1751 1264 τὰ
1772 1236 1822 1264 τοῦ

1030 1286 1176 1318 δυσσεϐοῦς
1195 1286 1243 1313 καὶ
1263 1285 1402 1321 αἱρετικοῦ
1421 1285 1608 1319 Ἀπολιναρίου
1631 1284 1737 1319 φρονῶν
1757 1284 1822 1319 ἐλή-

1030 1332 1154 1366 λεγκται,
1167 1332 1214 1358 καὶ
1229 1331 1334 1363 οὐδενὸς
1344 1331 1448 1358 τούτων
1461 1330 1616 1366 φροντίσας,
1632 1330 1670 1362 ὡς
1681 1331 1709 1356 ἐν
1726 1329 1824 1356 ἁὸασι-

1031 1379 1136 1410 λεύτοις
1154 1379 1271 1413 καιροῖς,
1284 1379 1368 1413 χωρεί
1384 1377 1451 1413 πρὸς
1465 1378 1554 1403 πᾶσαν
1574 1376 1758 1412 παρανομίαν·
1774 1376 1821 1402 καὶ

1031 1425 1090 1451 δέον
1106 1424 1185 1458 λόγον
1200 1423 1291 1450 δοῦναι
1315 1423 1384 1458 ὑπὲρ
1407 1420 1444 1450 ὧν
1467 1422 1653 1458 διεφθαρμένη
1669 1422 1770 1457 χρῆται
1786 1423 1821 1456 τῇ

1032 1470 1098 1505 περὶ
1111 1469 1158 1496 τὸν
1174 1469 1276 1504 Κύριον
1291 1469 1370 1504 ἡμῶν
1388 1467 1490 1504 Ἰησοῦν
1503 1468 1620 1503 Χριστὸν
1637 1468 1710 1503 δόξῃ.
1730 1467 1821 1503 ἀρπά-

1032 1523 1082 1547 σας
1101 1515 1190 1550 ἐαυτῷ
1204 1515 1252 1550 τὴν
1266 1515 1418 1546 αὑθεντίαν,
1433 1514 1482 1549 τὴν
1502 1515 1569 1549 μήτε
1586 1513 1660 1548 παρὰ
1671 1513 1724 1540 τῶν
1740 1513 1821 1539 κανό-

1032 1569 1085 1588 νων
1098 1561 1172 1596 αὐτῴ
1185 1560 1340 1595 δεδομένην,
1357 1561 1424 1595 μήτε
1439 1559 1494 1586 ἀπὸ
1509 1559 1562 1586 τῶν
1578 1559 1717 1594 ὑμετέρων
1731 1558 1823 1584 θεσπι-

1033 1608 1154 1643 σμάτων,
1171 1609 1244 1643 ὁρμᾷ
1260 1607 1327 1642 πρὸς
1341 1608 1394 1633 πᾶν
1417 1604 1486 1637 εἶδος
1503 1605 1615 1639 ἀταξίας
1634 1598 1685 1631 καῖ
1701 1613 1821 1640 παρανοε

1034 1653 1108 1689 μίας.

1068 1699 1131 1725 Ἐπὶ
1145 1699 1250 1730 τούτοις
1265 1698 1406 1734 κινηθεῖσα
1420 1699 1436 1733 ἡ
1453 1698 1517 1731 ἁγία
1530 1697 1676 1732 σύνοδος,ή
1692 1697 1722 1723 οὺ
1738 1705 1824 1731 παρα-

1032 1743 1165 1780 δεξαμένη
1179 1744 1228 1776 τὰς
1243 1744 1290 1770 ἐπὶ
1307 1744 1379 1780 λύμῃ
1396 1744 1445 1778 τῆς
1460 1744 1577 1774 πίστεως
1593 1742 1676 1769 αὐτοῦ
1690 1742 1819 1773 ἐπινοίας,

1032 1788 1127 1816 τοῦτον
1139 1790 1188 1824 μὲν
1199 1789 1326 1824 καθαιρεῖ
1344 1788 1387 1814 διὰ
1399 1788 1432 1814 τὰ
1445 1786 1632 1823 προειρημένα
1651 1788 1750 1814 πάντα·
1765 1787 1822 1814 Μέ-

1035 1843 1119 1869 μνονα
1142 1834 1171 1860 δὲ
1199 1834 1236 1865 ὡς
1256 1833 1386 1869 συνεργὸν
1407 1832 1489 1859 αὑτοῦ
1513 1833 1559 1859 καὶ
1576 1831 1779 1867 συναγωνιστὴν
1793 1832 1822 1856 ἐν

1034 1880 1122 1907 ἅπασι
1135 1879 1318 1914 γεγενημένον
1327 1898 1333 1910 ,
1347 1879 1394 1905 καὶ
1412 1878 1524 1915 μυρίους
1543 1878 1672 1912 θορύὸους
1685 1877 1755 1904 κατά
1768 1876 1822 1903 τῶν

1035 1926 1194 1960 ἁγιωτάτων
1215 1925 1384 1957 ἐπισκόπων,
1407 1925 1460 1950 τῶν
1478 1924 1622 1950 συνθέσθαι
1643 1925 1675 1957 τῇ
1696 1924 1818 1958 αίρετικῇ

1036 1971 1140 1997 ἐκείνου
1164 1970 1308 2005 κακοδοξίᾳ
1331 1970 1368 2005 μὴ
1380 1969 1586 2004 ἀνασχομένων,
1602 1968 1757 2003 ἐγείραντα,
1774 1968 1819 1994 καὶ

1034 2016 1083 2048 τὰς
1100 2015 1247 2051 ἐκκλησίας
1265 2015 1311 2042 καὶ
1326 2015 1413 2042 πάντα
1429 2014 1511 2041 τόπον
1541 2014 1683 2048 εὐκτήριον
1700 2013 1822 2038 κλείσαν-

1034 2070 1078 2093 τα,
1104 2061 1141 2092 ὼς
1163 2062 1192 2087 ὲν
1213 2061 1379 2096 Ἑλληνικοῖς
1401 2060 1447 2087 καὶ
1471 2059 1614 2094 θεομάχοις
1634 2059 1747 2094 καιροῖς
1776 2058 1821 2084 καὶ

1036 2107 1138 2141 πλῆθος
1161 2106 1308 2142 ἐπιχώριον
1327 2107 1377 2141 τῆς
1393 2105 1524 2140 Ἐφεσίων
1545 2104 1770 2139 ὲπεισαγαγόντα,
1784 2103 1820 2134 ὡς

1034 2153 1099 2188 napi.
1113 2151 1160 2178 τοῦ
1179 2152 1280 2184 παντὸς
1296 2153 1361 2187 ἡμῖν
1375 2149 1445 2178 εἶναι
1462 2151 1523 2177 καθ’
1537 2151 1655 2185 ἑκάστην
1671 2150 1716 2176 τὸν
1733 2149 1821 2175 κίνδυ-

1034 2207 1089 2231 νον,
1110 2198 1139 2224 οὐ
1163 2197 1230 2234 πρὸς
1247 2197 1354 2232 ἄμυναν
1372 2197 1524 2232 βλέπουσιν,
1541 2196 1609 2223 ἀλλὰ.
1622 2196 1688 2231 πρὸς
1706 2196 1740 2222 τὰ
1755 2195 1822 2230 ὀρθὰ

1035 2244 1158 2279 δόγματα
1183 2243 1234 2278 τῆς
1259 2243 1410 2275 εὐσεϐείας.
1427 2243 1463 2270 Τὸ
1486 2243 1540 2279 γὰρ
1562 2242 1672 2273 τούτους
1696 2241 1818 2276 ἐκκόψαι,

1035 2290 1110 2317 οὐδὲν
1124 2290 1216 2325 ἕτερόν
1232 2290 1318 2322 ἐστιν,
1333 2289 1348 2324 ἢ
1362 2289 1410 2324 τὴν
1422 2288 1576 2324 ὀρθοδοξίαν
1591 2288 1698 2323 στῆσαι.

1073 2335 1185 2367 Ἔξεστι
1202 2335 1230 2361 δὲ
1247 2335 1324 2369 ὑμῶν
1347 2334 1386 2370 τῷ
1406 2335 1501 2370 κράτει
1518 2334 1549 2366 ἐξ
1564 2333 1651 2360 αὐτῶν
1665 2331 1747 2360 αὐτοῦ
1768 2331 1820 2358 τῶν

1035 2379 1191 2414 κεφαλαίων
1206 2379 1236 2406 τὸ
1256 2379 1386 2410 δυσσεΰὲς
1407 2378 1490 2406 αὐτοῦ
1506 2379 1634 2415 φρόνημα
1655 2376 1817 2412 ἐπιγνῶναιδ

1034 2426 1235 2461 τελευτήσαντα
1252 2425 1306 2461 γὰρ
1328 2425 1373 2452 τὸν
1392 2425 1508 2461 δυσσεὸἦ
1538 2424 1726 2459 ’Δπολινάριον
1744 2424 1773 2450 ὲν
1786 2424 1817 2459 τῇ

1035 2470 1150 2506 αἱρέσει,
1175 2470 1256 2496 οἱονεὶ
1273 2470 1303 2502 ἐξ
1319 2469 1382 2506 ᾅδου
1395 2471 1509 2505 ἐγείρων
1521 2490 1528 2504 ,
1550 2470 1597 2497 καὶ
1619 2468 1820 2504 ὲπιστρατεύων

1034 2516 1095 2546 ταῖς
1114 2514 1288 2550 Ἑκκλησίαις
1301 2515 1348 2543 καὶ
1360 2517 1394 2551 τῇ
1410 2515 1543 2552 δρθοδόξῳ
1562 2515 1653 2542 πίστει
1669 2513 1818 2548 ἐλέγχεται,

1036 2561 1084 2588 καὶ
1107 2560 1316 2596 ἀναθεματίςων
1340 2561 1369 2588 ὲν
1394 2558 1435 2592 οἷς
1454 2560 1610 2593 ἐκτίθεται,
1626 2558 1819 2594 εὐαγγελιστὰς

1036 2606 1104 2642 ὁμοῦ
1117 2606 1163 2633 καὶ
1178 2606 1408 2640 ἀποστόλους,καὶ
1420 2606 1483 2636 τοὺς
1496 2606 1554 2642 μετ’
1571 2605 1693 2636 ἐκείνους
1710 2603 1820 2638 Ἐκκλη-

1038 2652 1098 2684 σίας
1114 2652 1263 2688 προγόνους
1275 2671 1283 2682 ,
1297 2652 1321 2678 οἳ
1338 2652 1413 2686 παρὰ
1422 2651 1469 2679 τοῦ
1484 2652 1562 2686 ἁγίου
1581 2650 1751 2685 Πνεὺματος,
1766 2648 1820 2675 ἀλλ’

1037 2698 1086 2724 οὐκ
1104 2698 1157 2724 ἀπὸ
1168 2697 1305 2732 λογισμῶν
1316 2698 1424 2724 οἰκείων
1440 2696 1595 2733 ὁρμώμενοι
1604 2696 1654 2731 τὴν
1665 2693 1763 2730 εὐσεϐῆ
1778 2694 1819 2720 πί-

1038 2752 1095 2770 στιν
1110 2743 1257 2779 ἐκήρυξαν,
1273 2743 1322 2770 καὶ
1338 2743 1523 2778 κατήγγειλαν
1534 2743 1565 2769 τὸ
1581 2741 1760 2776 Εὑαγγέλιον,
1771 2741 1821 2766 ὰπ-

1037 2789 1162 2821 εναντίας
1177 2787 1218 2821 οἷς
1236 2786 1311 2821 οὗτος
1332 2790 1379 2817 καὶ
1393 2791 1496 2824 φρονεῖ,
1512 2789 1560 2816 καὶ
1574 2788 1707 2821 διδάσκει,
1731 2786 1778 2813 καὶ
1793 2787 1821 2820 ἐξ

1047 2867 1126 2896 1385.
