1945 3058
131 237 202 269 1153

785 238 963 268 EPISTULA
984 237 1111 269 CLVIII.

1694 241 1762 275 145!

129 292 317 327 ἐπιτάγματος
333 291 457 327 βούλεται
469 292 517 327 τὴν
531 291 628 319 ἑαυτοῦ
641 292 768 319 ἀσέϐειαν
784 294 913 328 πανταχοῖ

973 299 1109 322 terrarum
1125 302 1201 322 suam
1218 295 1388 330 impietatem
1403 297 1504 324 valere.
1528 297 1556 325 Μ
1570 298 1643 333 quod
1655 306 1760 334 nequa-

126 338 180 373 τῆς
194 338 357 372 οἰκουμένης
371 339 493 373 κρατεῖν.
506 338 594 374 Ὀπερ
608 338 638 364 οὐ
655 338 793 374 φέροντες,
806 341 840 374 τῇ
857 340 919 366 στά-

129 391 172 409 σει
186 384 219 418 τῇ
232 383 329 418 δεούσῃ
345 383 534 418 ἐχρησάμεθα,
552 384 584 419 τῇ
601 393 630 410 τε
646 384 706 420 θείᾳ
727 385 796 420 ῥοπῇ
819 385 865 411 καὶ
882 385 920 420 τῷ

128 429 180 464 τῆς
191 429 334 461 εὐσεϐείας
353 429 430 465 ὑμῶν
444 430 609 466 θαρροῦντες
627 430 731 466 σκοπῷ.

167 476 262 511 Ἰσμεν
275 475 330 511 γὰρ
346 475 383 507 ὡς
398 475 473 503 οὐδὲν
486 477 670 512 προ-τιμήσετε
692 476 742 511 τῆς
763 476 856 510 ὑγιοῦς
879 476 920 503 πίε

130 529 217 553 στεως
228 541 235 554 ,
301 521 500 557 συντραφέντες
521 522 600 558 ὑμεῖς
614 531 653 554 τε,
669 522 715 550 καὶ
729 523 753 548 οἱ
769 522 919 557 τρισμακά-

130 576 184 602 ριοι
198 567 275 603 ὑμῶν
291 568 429 603 πρόγονοι,
450 568 578 604 ἀδιάδοχα
585 567 620 595 τὰ
635 568 684 603 τῆς
698 567 836 603 βασιλείας
852 576 919 604 παρ-

127 612 257 649 ειλήφατε
274 614 412 649 σκῆπτρα,
426 615 489 646 τοὺς
502 615 557 646 τοῖς
577 614 768 646 ἀποστολικοίς
785 613 918 649 δόγμασιν

127 659 352 694 ἐναντιουμένους
363 659 407 686 ἀεὶ
417 659 596 691 καταλύοντες
608 667 614 674 ·
630 655 667 686 ὧν
681 660 756 685 ἐστιν
768 659 782 685 ὀ
793 667 919 694 προειρη-

105 701 110 704 ”
128 705 211 740 μένος
227 705 369 739 Κύριλλος,
379 705 407 736 ὃς
421 704 515 740 ὥσπερ
525 705 672 741 ἀκρόπολιν
687 704 858 739 κατειληφὼς
869 704 918 740 τὴν

129 750 248 784 Ἔφεσον
272 750 315 776 διὰ
333 750 475 785 Μέμνονος
491 750 537 777 τοῦ
552 749 696 786 συνεργοῦ,
722 750 834 782 δικαίως
856 750 916 785 μετ’

126 796 211 824 αὐτοῦ
233 796 282 832 τὴν
305 796 465 832 καθαίρεσιν
488 796 681 832 ἀπηνέγκατο·
700 796 768 832 πρὸς
791 796 846 831 γὰρ
862 796 916 827 τοῖς

125 842 294 877 εἰρημένοις,
319 843 409 869 πᾶσαν
425 841 529 876 ἔφοδον,
546 841 592 868 καὶ
612 842 702 868 πᾶσαν
715 841 829 874 ἀταξίαν
843 841 918 868 ἐτόλ-

128 895 219 921 μησαν
232 886 292 913 καθ’
303 886 393 922 ἡμῶν,
413 886 438 913 οἳ
455 887 652 921 συνελέγημεν,
663 886 711 913 καὶ
726 886 831 913 πόλεων
847 886 917 921 ἀμε-

125 933 268 968 λήσαντες,
281 933 328 959 καὶ
343 932 489 969 πατρίδων,
503 933 550 959 καὶ
563 931 680 965 ἑαυτῶν,
691 932 760 958 ὥστε
774 932 804 958 τδ
816 932 830 958 ὐ
835 931 916 966 μέτε-

126 987 174 1014 ρον
187 977 309 1013 κυρῶσαι
323 976 471 1012 θέσπισμα.

163 1024 218 1051 Καὶ
240 1024 324 1058 ἐσμὲν
340 1023 388 1050 νῦν
409 1022 568 1058 τυραννίδος
594 1021 805 1058 παρανάλωμα,
831 1022 855 1047 εί
875 1021 914 1056 μὴ

127 1068 323 1105 προκαταλᾶϐῃ
346 1068 401 1104 (97)
423 1068 574 1104 ήύμετέρα
590 1067 725 1098 εὐσέϐεια,
747 1067 914 1099 θεσπίζουσα

125 1114 244 1150 ὲιέρωσε
260 1114 316 1150 (98)
332 1115 406 1150 ἡμᾶς
421 1113 569 1146 συνελθεῖν,
582 1113 697 1149 πλησίον
714 1122 776 1145 που,
791 1112 855 1140 ἔνθα
870 1112 915 1139 δυ-

124 1160 266 1196 νησόμεθα
281 1160 335 1187 ἀπό
349 1168 378 1187 τε
393 1159 446 1186 τῶν
465 1159 592 1196 Γραφῶν,
611 1159 658 1186 καὶ
674 1159 728 1186 τῶν
741 1167 914 1195 συγγεγραμμ-

127 1207 216 1241 μένων
227 1207 283 1237 τοῖς
296 1205 420 1242 Πατράσι
436 1205 535 1240 βίϐλων
546 1225 554 1237 ,
570 1204 677 1239 ἐλέγξαι
695 1205 794 1237 αὐτοὺς
810 1205 913 1239 σαφῶς,

123 1252 170 1278 τόν
186 1261 216 1278 τε
229 1251 374 1287 Κύριλλον,
389 1251 437 1278 καὶ
452 1251 517 1283 τοὺς
531 1251 603 1287 ὑπὲρ
625 1250 709 1277 αὐτοῦ
729 1250 913 1286 ὑπαχθέντας,

123 1297 171 1329 οὓς
186 1297 376 1332 πεφεισμένως
399 1297 583 1332 ἁκοινωνησίᾳ
597 1296 779 1332 ὐπεϐάλομεν,
801 1296 914 1328 ἐλπίδας

124 1345 217 1377 αὐτοῖς
231 1344 378 1379 σωτηρίας,
388 1345 412 1370 εί
427 1343 649 1379 μεταμεληθεῖεν,
663 1343 860 1377 ύποφαίνοντες
870 1351 877 1357 ·
888 1341 913 1369 οἳ

123 1391 219 1426 ὥσπερ
234 1390 280 1417 ἐπὶ
295 1389 425 1426 στρατείᾳ
441 1388 597 1425 βαρϐαρικῇ
621 1387 687 1419 ὔλας
708 1387 823 1420 ἀταξίας
838 1386 914 1423 αὐτῷ

126 1435 207 1471 μέχρι
221 1435 268 1462 τοῦ
282 1435 416 1471 παρόντος
443 1428 594 1470 παρέσχον·
611 1434 638 1461 oi.
657 1433 708 1470 μὲν
726 1433 914 1469 καθῃρημένοι

122 1482 200 1513 ὄντες
214 1482 246 1508 ὲκ
262 1479 371 1513 πολλοῦ,
384 1481 430 1508 καὶ
442 1481 488 1506 ὑπ’
497 1479 580 1507 αὐτοῦ
594 1478 814 1515 προσληφθέντες
824 1487 831 1494 ·
846 1478 872 1505 οἱ
885 1478 914 1505 δὲ

123 1526 302 1562 ἀκοινώνητοι
316 1527 374 1558 τοῖς
387 1525 498 1557 οἰκείοις
510 1524 737 1561 μητροπολίταις,
749 1525 797 1551 καὶ
811 1524 857 1551 ὑπ’
869 1524 914 1551 αὐο

125 1571 172 1598 τοῦ
187 1572 228 1603 είς
239 1570 382 1598 κοινωνίαν
399 1569 554 1605 δεχθέντες·
572 1568 647 1596 ἄλλοι
663 1568 803 1604 διαφόροις
814 1567 914 1603 ἐγκλή-

127 1623 210 1651 μασιν
231 1613 452 1649 ὲμπεπαρμένοι,
481 1613 546 1649 παρ’
561 1612 645 1640 αὐτοῦ
661 1612 832 1648 τιμηθέντες.
857 1611 914 1639 Καὶ

124 1646 212 1687 ταῧτα
223 1646 309 1687 ἐποίει
391 1659 438 1686 τοῦ
452 1646 572 1695 πλήθους
584 1646 707 1694 κυρῶσαι
722 1646 754 1685 τὸ
774 1658 914 1694 αἱρετικὸν
926 1646 947 1675 c

125 1704 206 1732 αὐτοῦ
221 1704 390 1740 πειρώμενος
404 1704 542 1739 φρόνημα,
565 1703 602 1738 μὴ
625 1702 812 1738 λογισάμενος,
829 1702 867 1734 ὡς
884 1703 913 1729 ἐν

125 1751 251 1786 εὐσεϐείᾳ
267 1751 316 1778 οὐκ
331 1750 448 1786 ἀριθμὺς
460 1750 592 1785 ζητεῖται,
608 1750 664 1777 ἀλλ’
680 1749 796 1786 ὀρθότης
809 1748 913 1784 δογμά-

124 1807 188 1830 των,
203 1797 249 1824 καὶ
261 1798 278 1833 ἡ
289 1796 344 1824 τῶν
363 1796 550 1824 ἀποστολικῶν
566 1796 710 1831 δογμάτων
725 1795 849 1831 ἀλήθεια,
864 1795 913 1821 καὶ

124 1844 220 1880 ἄνδρες
237 1844 265 1870 ὲν
284 1843 390 1875 τούτοις
415 1842 535 1873 εὐσεϐῶς
553 1842 582 1874 ἐξ
596 1841 783 1868 ἁποστολικῶν
804 1840 913 1867 ἀποδεί-

124 1890 192 1923 ξεων
208 1890 253 1916 καὶ
271 1888 428 1925 μαρτυριῶν
441 1888 541 1919 εἰδότες
552 1886 740 1918 συνίστασθαι,
754 1886 801 1912 καὶ
816 1885 866 1911 οὐκ
881 1885 913 1911 ὲκ

125 1936 240 1972 θράσους
257 1935 305 1961 καὶ
315 1934 459 1964 αὐθεντίας
473 1933 648 1968 τυραννικῆς.

160 1981 240 2008 Ὅθεν
256 1979 469 2016 παρακαλοῦμεν
489 1979 537 2006 χαὶ
559 1977 717 2012 ἱκετεύομεν
745 1978 789 2004 διὰ
813 1979 912 2015 τάχους

125 2026 262 2062 ἐπαμῦναι
271 2027 304 2061 τῇ
319 2025 446 2060 εὐσεϐείᾳ
457 2024 649 2061 πολεμουμένῃ
659 2024 690 2050 τὸ
704 2024 837 2061 ὑμέτερον
849 2027 913 2061 κρά-

125 2081 180 2104 τος,
196 2072 243 2098 καὶ
269 2071 410 2107 διόρθωσιν
437 2070 570 2105 ὀξυτάτην
596 2070 730 2098 ἐπιθεῖναι
753 2072 786 2107 τῇ
809 2072 912 2099 τούτων

127 2121 210 2157 μανίᾳ
222 2121 269 2147 καὶ
284 2118 432 2155 τυραννίδι,
447 2118 464 2154 ἢ
476 2118 572 2153 ὥσπερ
585 2126 627 2149 τις
638 2118 738 2153 λαῖλαψ
751 2119 820 2154 πρὸς
836 2120 911 2155 αἱρε-

124 2167 202 2202 τικὴν
222 2166 385 2199 κακοδοξίαν
402 2163 558 2201 παρασύρει
574 2165 637 2196 τοὺς
657 2163 851 2199 θρασυτέρους.
866 2165 912 2191 Δί-

124 2222 200 2240 καιον
215 2212 269 2247 γὰρ
285 2211 334 2246 τὴν
352 2210 488 2245 ὑμετέραν
499 2208 650 2241 εὐσέϐειαν,
660 2209 711 2245 τὴν
726 2209 781 2236 τῶν
795 2210 823 2236 ἑν
842 2211 910 2247 Περ-

125 2259 176 2286 σίδι
190 2259 238 2285 καὶ
252 2258 305 2284 τῶν
322 2259 349 2284 ὲν
365 2256 514 2292 βαρϐάροις
532 2255 700 2290 Ἐκκλησιῶν
715 2256 909 2290 φροντίσασαν,

124 2307 152 2332 ὲν
163 2305 196 2340 τῇ
216 2302 361 2338 Ῥωμαίων
375 2303 447 2338 ἀρχῇ
463 2301 647 2336 σαλευομένας
663 2301 701 2336 μὴ
712 2301 834 2337 παριδεῖν
844 2302 907 2329 Ἐκ-
923 2313 947 2343 ι)

124 2349 246 2385 κλησίας.

123 2416 259 2443 ΡΝΠ’.-
282 2413 430 2449 Ἀναφορὰ
457 2413 512 2448 (99)
537 2411 806 2449 τῶνξᾼγατολικῶν
833 2413 909 2449 πρὸς

157 2453 210 2478 τὸν
219 2447 439 2478 εὐσεϐέστατον
445 2448 590 2481 βασιλέα,
603 2448 698 2482 ἥνπερ
708 2447 830 2474 ἔδωκαν
833 2447 909 2482 μετὰ

156 2486 211 2520 τῆς
222 2483 375 2519 ἀναφορᾶς
389 2483 441 2518 τῆς
458 2482 720 2520 προγεγραμμένης
731 2482 770 2515 τῷ
778 2485 908 2517 μεγαλο-

156 2518 352 2555 πρεπεσὲάτφ
364 2520 469 2554 κόμητι
483 2518 639 2552 Εἰρηναίῳ,

162 2587 331 2623 Ἦλπίσαμιν
346 2586 422 2613 λύσιν
438 2585 547 2613 ἔσεσθαι
565 2585 613 2612 τοῦ
637 2583 826 2619 Αίγυπτιακοῦ
843 2584 908 2611 κλύ-

121 2635 214 2666 δωνος,
225 2632 273 2660 τοῦ
289 2634 350 2664 ταῖς
363 2633 456 2667 ἁγίαις
475 2631 522 2658 τοῦ
539 2631 607 2658 Θεοῦ
631 2630 808 2666 Ἐκκλησίαις
829 2638 909 2666 προσ-

122 2680 260 2712 ϐαλόντος,
279 2679 314 2706 τὰ
328 2679 378 2714 τῆς
393 2678 534 2710 εὐσεϐείας
553 2678 601 2712 τῆς
615 2676 752 2712 ὑμετέρας
767 2676 907 2712 δεχόμενοι

121 2726 288 2762 γράμματαν
307 2725 480 2761 ἐψεύσθημεν
495 2724 522 2751 δὲ
538 2724 588 2759 τῆς
608 2723 726 2755 ἐλπίδος.
741 2722 908 2758 Θρασύτεροι

121 2773 175 2808 γὰρ
192 2772 217 2800 οι
240 2771 336 2807 ἄνδρες
358 2770 388 2803 ἐξ
403 2769 532 2802 ἀπονοίας
546 2769 687 2803 ιγένοντο”
708 2769 755 2795 καὶ
778 2768 840 2795 οὔτε
859 2768 909 2804 τῆς

122 2816 234 2849 ἐνδίκως
248 2817 295 2844 καὶ
307 2817 426 2852 ἐννόμως
439 2815 634 2850 ἑπενεχθείσης
643 2815 736 2848 αὐτοῖς
748 2814 909 2850 ἐφρόντισαν

381 2913 467 2969 32:5.
482 2905 562 2942 Vulg.
579 2904 729 2940 καταλάϐῃ.

350 2951 364 2968 ν
459 2960 466 2967 ς

350 2951 364 2968 ν
381 2951 466 2968 lana.

970 349 1051 376 quam
1063 341 1194 374 ferentes,
1207 343 1383 370 convenienti
1395 344 1592 372 constitutione
1603 352 1699 373 sumus
1706 346 1760 379 usi,

970 385 1062 413 divina
1074 387 1162 422 gratia
1178 391 1330 422 vestraeque
1342 388 1453 422 pietatis
1468 393 1558 416 tuente
1571 388 1623 416 ﬁsi.

1006 472 1115 500 Scimus
1134 473 1209 501 enim
1234 474 1309 509 quod
1330 483 1403 503 sana:
1426 475 1490 503 ﬁdei
1508 476 1577 504 nihil
1596 476 1759 512 pmferetis,

969 518 996 545 in
1007 527 1061 553 qua
1072 519 1181 546 educati
1195 527 1244 547 vos
1257 525 1285 547 et
1298 520 1449 548 beatissimi
1460 522 1651 556 progenitores
1663 523 1758 555 vestri.

968 572 1024 591 non
1046 565 1191 600 interjccto
1214 571 1346 593 extraneo
1359 574 1531 599 successore,
1559 566 1636 602 regni
1651 572 1760 602 sceptra

967 611 1130 646 suscepistis
1139 631 1147 644 ,
1170 619 1279 647 semper
1291 620 1340 639 eos
1355 613 1402 648 qui
1415 613 1574 648 apostolicis
1586 613 1760 648 dogmatibus

968 656 1164 690 adversantur,
1192 657 1396 691 deprimentes;
1424 666 1439 685 e
1461 658 1563 693 quibus
1584 662 1628 696 est
1641 649 1760 694 CyrilIus

968 701 1125 737 przedictus,
1143 703 1191 737 qui
1206 703 1331 738 adjutorc
1344 702 1500 735 Memnone,
1514 704 1593 738 quasi
1609 699 1698 731 arcem
1713 712 1760 732 oc-

967 752 1129 782 cupaturus,
1152 748 1267 776 veniens
1287 748 1437 784 Ephesum,
1458 749 1531 784 juste
1547 757 1609 776 cum
1622 757 1656 777 eo
1672 749 1758 784 depo-

967 793 1060 820 sitioni
1078 794 1220 829 subjectus
1231 794 1302 821 fuit:
1316 802 1379 821 nam
1396 799 1495 829 praeter
1506 803 1539 822 ea
1552 803 1613 830 qua:
1626 795 1757 828 diximus,

967 847 1077 867 omnem
1095 840 1245 872 insultum,
1274 848 1440 875 omnemque
1456 841 1692 876 perturbationem
1709 849 1759 876 per

966 886 1110 914 audaciam
1123 886 1243 922 aggressi
1253 891 1321 914 sunt
1331 891 1428 914 contra
1437 895 1498 919 nos,
1510 887 1556 921 qui
1567 887 1757 919 convenimus,

966 933 975 942 '
991 932 1096 959 relictis
1117 932 1276 960 civitatibus
1298 936 1326 960 et
1347 932 1461 967 patriis,
1487 940 1521 959 ac
1534 932 1616 960 nobis
1631 932 1707 967 ipsis,
1727 937 1758 960 ut

930 973 951 1001 Β
965 977 1087 1005 edictum
1099 982 1223 1005 vestrum
1238 982 1327 1005 ratum
1338 983 1421 1006 esset.

1000 1024 1035 1051 At
1057 1031 1132 1051 nunc
1154 1031 1249 1051 sumus
1272 1024 1411 1060 tyrannidi
1434 1024 1560 1059 exposita
1574 1023 1683 1058 praeda;
1703 1023 1758 1051 nisi

964 1073 1055 1096 vestra
1064 1069 1152 1104 pietas
1162 1073 1328 1102 antevertat,
1339 1069 1464 1102 edicens,
1475 1073 1506 1096 ut
1514 1070 1568 1097 alio
1579 1068 1756 1104 132610co

965 1114 1096 1149 propiore
1107 1114 1315 1147 conveniamus,
1341 1114 1388 1142 ubi
1400 1114 1554 1149 poterimus
1567 1122 1582 1142 e
1605 1114 1756 1149 Seripturis

964 1164 993 1188 et
1006 1167 1022 1187 e
1035 1160 1116 1188 libris
1128 1160 1294 1196 conscriptis
1306 1167 1322 1187 a
1332 1160 1471 1193 Patribus,
1490 1160 1654 1196 redarguere
1666 1160 1756 1187 mani-

965 1205 1035 1234 [este
1054 1206 1204 1242 Cyrillum,
1232 1211 1261 1234 et
1280 1214 1338 1239 eos,
1359 1207 1406 1242 qui
1423 1207 1458 1234 ab
1471 1207 1519 1234 illo
1540 1207 1635 1234 dolose
1649 1205 1758 1234 inducti

965 1257 1045 1284 sunt,
1072 1260 1141 1287 quos
1166 1252 1341 1288 indulgenter
1359 1253 1638 1280 excommunicationi
1661 1253 1756 1288 subje-

965 1298 1065 1330 cimus,
1084 1306 1160 1333 spem
1176 1299 1284 1330 salutis.
1298 1298 1322 1326 si
1335 1299 1508 1334 resipiscam,
1523 1298 1730 1326 subindicantes
1746 1308 1754 1326 :

965 1343 1012 1378 qui
1037 1344 1116 1378 quasi
1133 1344 1161 1371 in
1178 1343 1322 1372 barbarico
1336 1344 1461 1372 exercitu
1481 1345 1624 1372 materiam
1642 1349 1754 1379 pertur-

965 1388 1086 1416 bationis
1112 1396 1200 1424 usque
1216 1389 1244 1416 in
1258 1393 1421 1424 praesentem
1435 1389 1531 1416 horam
1555 1389 1581 1417 ei
1595 1389 1754 1424 suppedita-

965 1438 1032 1462 runt
1056 1443 1062 1461 :
1089 1435 1135 1462 alii
1149 1435 1262 1470 quidem
1279 1435 1366 1462 multo
1381 1439 1446 1462 ante
1467 1434 1596 1469 depositi,
1616 1438 1644 1462 et
1660 1435 1695 1462 ab
1708 1435 1755 1462 illo

964 1480 1100 1515 suscepti;
1130 1480 1176 1507 alii
1191 1488 1257 1508 vero
1276 1480 1506 1508 excommunicati
1517 1488 1533 1507 a
1544 1481 1603 1508 suis
1613 1484 1754 1516 metropo-

965 1525 1076 1558 litanis,
1101 1529 1130 1553 et
1152 1525 1187 1553 ab
1208 1525 1268 1560 ipso
1288 1527 1317 1552 in
1331 1526 1553 1553 communionem
1567 1527 1689 1562 recepti;
1707 1527 1755 1554 alii

964 1571 1048 1598 variis
1062 1570 1226 1598 criminibus
1240 1570 1378 1606 impliciti,
1394 1574 1423 1598 et
1436 1570 1471 1598 ab
1483 1570 1543 1606 ipso
1558 1570 1678 1599 honores
1687 1579 1754 1599 con-

964 1616 1063 1644 secuti.
1083 1616 1117 1644 Et
1132 1616 1190 1644 haec
1204 1615 1270 1643 fecit
1285 1620 1394 1644 tentans
1407 1623 1456 1651 per
1469 1616 1674 1644 multitudinem
1689 1624 1753 1644 sen—

964 1671 1025 1692 sum
1049 1671 1129 1690 suum
1153 1662 1314 1690 bereticum
1341 1662 1466 1690 stabilire
1492 1670 1498 1689 :
1521 1670 1578 1690 non
1596 1663 1755 1698 expendens

964 1710 1037 1745 quod
1053 1710 1081 1737 in
1095 1709 1226 1744 religione
1240 1717 1297 1736 non
1312 1717 1447 1737 numerus
1462 1709 1596 1744 quaeritur
1606 1729 1614 1742 ,
1639 1710 1687 1737 sed
1703 1709 1753 1738 do-

963 1759 1085 1791 gmatum
1097 1754 1244 1787 rectitude,
1258 1761 1285 1782 et
1296 1754 1510 1789 apostolicorum
1521 1754 1696 1782 decretorum
1708 1763 1755 1783 ve-

964 1800 1041 1833 ritas,
1052 1805 1080 1828 et
1089 1801 1153 1832 viri,
1167 1800 1214 1834 qui
1226 1800 1270 1826 illa
1281 1799 1325 1834 pie
1334 1807 1367 1826 ex
1376 1800 1533 1834 apostolicis
1542 1800 1755 1828 demonstratio-

963 1846 1046 1873 nibus
1062 1850 1090 1873 et
1103 1845 1266 1872 testimoniis
1284 1845 1466 1880 comprobare
1476 1845 1575 1877 sciant,
1592 1853 1646 1873 non
1662 1851 1752 1874 autem

962 1899 997 1918 ex
1012 1891 1125 1918 audacia
1142 1895 1169 1917 et
1182 1890 1324 1925 tyrannica
1335 1894 1481 1925 potestate.

998 1983 1116 2010 Proinde
1143 1984 1321 2011 obsecramus
1345 1988 1373 2010 et
1397 1991 1524 2016 oramus,
1550 1989 1581 2012 ut
1593 1989 1684 2012 vestra
1697 1987 1755 2013 ma-

960 2030 1046 2064 jestas
1056 2029 1259 2064 quamprimum
1271 2028 1408 2064 religioni,
1421 2037 1482 2064 quae
1491 2030 1678 2065 impugnatur,
1689 2031 1754 2059 sub-

963 2073 1064 2101 sidium
1077 2073 1158 2106 ferat,
1185 2078 1213 2101 et
1231 2074 1404 2101 celerrimam
1415 2074 1617 2102 correctionem
1631 2075 1754 2110 imponat

963 2117 1072 2145 illorum
1086 2117 1200 2145 insania:
1221 2122 1249 2145 et
1264 2118 1400 2154 tyrannidi
1414 2139 1420 2150 ,
1445 2126 1508 2153 quae
1529 2119 1610 2154 quasi
1622 2120 1705 2147 turbo
1717 2121 1753 2148 ad

963 2163 1119 2191 haereticam
1144 2163 1287 2198 perﬁdiam
1318 2163 1481 2191 audaciores
1504 2165 1612 2200 arripit.
1643 2166 1753 2194 Iustum

961 2209 1036 2237 enim
1046 2214 1089 2237 est
1102 2214 1132 2236 ut
1142 2213 1233 2237 vestra
1245 2209 1344 2244 pietas,
1357 2217 1417 2244 quae
1428 2209 1613 2237 Ecclesiarum
1621 2210 1752 2244 Persidis,

962 2260 990 2282 et
1009 2263 1116 2286 earum,
1139 2263 1200 2290 quae
1219 2255 1292 2282 inter
1309 2255 1445 2282 Barbaros
1456 2260 1532 2288 sunt,
1549 2263 1643 2284 curam
1657 2257 1751 2292 gessit,

962 2301 1110 2333 Ecclesias,
1124 2308 1184 2336 qua:
1196 2300 1224 2328 in
1238 2301 1424 2328 Romanorum
1438 2301 1593 2336 principatu
1603 2302 1751 2337 iactantur,

960 2356 1016 2376 non
1033 2349 1161 2384 negligat.

960 2415 1066 2451 1327
1079 2415 1190 2443 CLVIII.
1202 2431 1236 2434 —
1252 2414 1354 2441 Relatio
1371 2414 1594 2451 Orientaliumrad
1606 2415 1751 2451 piissimum

993 2449 1194 2485 intpératorem,
1224 2458 1304 2482 quam
1331 2458 1389 2485 cum
1416 2453 1477 2476 ante
1493 2450 1602 2485 scripta
1624 2449 1752 2477 relatione

994 2484 1253 2521 magniﬁcentissimo
1267 2485 1354 2511 comiti
1365 2484 1467 2511 [remeo
1480 2484 1618 2510 dederunt.

998 2585 1176 2620 Speravimus
1199 2584 1256 2611 fore
1285 2588 1316 2611 ut
1343 2582 1502 2618 Egyptiaca
1514 2586 1674 2617 tempestas,
1691 2590 1751 2618 qum

961 2635 1070 2660 sanctas
1093 2631 1142 2659 Dei
1165 2630 1303 2658 Eeclesias
1322 2629 1480 2664 exagitavit,
1504 2628 1625 2663 acceptis
1642 2628 1750 2663 pietatis-

960 2682 1060 2705 vestrae
1083 2676 1185 2704 litteris
1210 2675 1321 2703 tandem
1342 2674 1492 2710 aliquando
1515 2674 1685 2702 sedaretur:
1702 2681 1737 2701 set

961 2730 1010 2758 spe
1020 2726 1115 2750 nostra
1130 2721 1255 2749 frustrati
1269 2727 1374 2748 sumus.
1396 2719 1504 2747 Etenim
1520 2719 1571 2746 viri
1586 2719 1624 2747 illi
1641 2719 1741 2747 vesani:

962 2769 1016 2796 acti
1034 2768 1228 2796 insolentiores
1237 2770 1396 2798 evaserunt,
1410 2770 1438 2793 et
1449 2773 1539 2800 neque
1551 2766 1750 2801 depositionem

960 2815 1034 2849 justo
1046 2813 1054 2823 ⁸
1069 2813 1248 2849 legitimeque
1273 2811 1340 2847 ipsis
1356 2811 1459 2839 illatam
1479 2811 1628 2847 quidquam
1642 2815 1750 2843 curant.

967 2902 1053 2966 ‘
1073 2903 1217 2938 Ἐπιστολὴ
1237 2902 1292 2930 τῶν
1308 2901 1408 2930 αὐτῶν.
1422 2902 1462 2931 ll.
1480 2901 1507 2929 in
1535 2901 1669 2938 margine,
1687 2908 1748 2937 pag.
