1945 3058
171 169 240 202 1455

662 166 906 197 THEODORETI
925 164 1094 195 EPISCOPI
1114 164 1296 195 CYRENSIS

1727 161 1807 194 1456

169 234 258 260 neque
283 232 332 260 per
353 224 505 260 majestatis
518 227 616 251 vestrm
631 222 847 257 inerepationcm
863 220 957 248 mode-

1012 220 1206 256 καθαιρέσεως,
1221 219 1283 246 οὔτε
1300 220 1332 254 τῇ
1344 219 1501 254 ἐπιτιμήσει
1516 217 1561 244 τοῦ
1578 217 1709 252 ὑμετέρου
1724 217 1806 252 κρά-

169 270 268 297 stiores
279 269 370 296 effecti
383 273 447 295 sunt
470 277 476 295 :
497 268 544 296 sed
562 272 590 294 et
604 267 715 302 pietatis
729 271 826 293 vestra:
838 266 956 292 sanctio-

169 314 251 340 nibus
264 313 439 346 contemptis,
453 317 668 345 sanctorumque
680 311 790 337 Patrum
804 309 956 336 eanonibus

168 360 347 391 conculcatis,
368 367 430 386 cum
443 359 489 385 alii
503 359 558 386 sint
568 358 696 393 depositi,
713 358 760 384 alii
772 365 836 384 vero
848 365 957 384 excom-

169 406 311 437 municati,
326 405 411 432 festos
421 405 481 431 dies
493 404 521 431 in
533 404 662 431 oratoriis
673 407 767 438 agunt,
784 403 957 430 celebrantes

168 459 293 486 synaxes.

204 497 261 524 Nos
272 497 385 532 quidem
397 515 404 528 ,
433 495 515 523 sicuti
537 495 619 522 etiam
639 494 741 522 Christi
753 498 889 522 amantem
903 493 957 520 ccl—

168 543 318 570 situdinem
329 548 447 569 vestram
460 549 493 568 ea
504 541 537 568 de
547 548 575 568 re
586 537 731 568 certiorem
742 545 822 567 antea
831 540 956 570 fecimus,

170 596 231 618 eum
244 588 364 623 acceptis
380 586 532 614 clementiae
542 591 639 613 vcstne
651 585 751 613 litteris
767 585 841 612 omni
856 584 958 619 pietate

169 633 269 669 plenis,
283 633 310 659 in
323 631 447 667 Apostoli
459 631 571 658 basilica
583 638 679 665 preces
691 630 823 657 duntaxat
834 630 889 656 Deo
899 629 958 656 tun.

169 679 235 706 dere
249 685 422 713 cuperelnus,
435 685 490 704 non
501 677 582 704 modo
594 677 811 711 prohibuerunt;
830 676 877 703 sed
890 675 958 710 lapi-

170 724 281 751 datione
300 723 382 755 facta,
404 723 485 757 longe
502 730 612 758 quoque
634 722 722 756 spatio
742 721 858 749 insecuti
876 725 956 753 sunt;

171 770 208 797 ita
225 774 256 796 ut
270 768 333 803 fuga
349 775 488 802 cursuque
501 767 565 794 vita:
579 767 733 802 periculum
746 766 928 793 cvascrimus.

207 814 266 842 Sibi
299 821 365 841 vero
389 813 500 848 quidvis
531 813 615 840 licere
649 812 834 844 arbitrantur;
868 819 958 846 neque

170 859 204 887 ad
226 858 375 887 concilium
398 858 566 890 convenire,
594 865 684 892 neque
708 857 957 884 controversiarum

170 903 370 931 discussionem
391 906 571 937 pertractare,
589 909 677 936 neque
693 902 727 929 de
755 901 891 928 haereticis
909 901 959 937 Cy-
976 887 996 914 Β

170 949 224 976 rilli
248 948 383 983 capitibus
408 947 546 982 (quoniam
571 951 740 982 argumenta,
764 947 960 982 qumimpicta-

170 999 226 1021 tem
250 993 360 1020 illorum
390 996 484 1027 aperte
501 993 667 1024 ostendunt,
698 992 804 1019 diluere
826 1000 855 1019 se
879 999 959 1027 posse

170 1040 250 1074 plane
264 1038 413 1074 dillidunt),
433 1039 568 1066 rationem
586 1038 703 1066 reddere
716 1039 864 1065 voluerunt
880 1047 886 1064 :
901 1038 958 1065 sola

170 1089 262 1112 autem
275 1085 388 1112 audacia
404 1085 614 1119 temeritateque
632 1091 692 1110 sese
704 1083 837 1116 etl‘crunt;
852 1092 908 1111 non
920 1088 960 1111 ta—

170 1139 233 1159 men
256 1131 380 1162 audacia.
405 1139 495 1166 neque
511 1130 677 1163 temeritate,
704 1130 810 1165 1328
825 1129 872 1156 sed
886 1134 960 1156 tran-

170 1177 318 1211 quillitate,
335 1176 382 1203 sed
394 1175 520 1207 scientia,
538 1175 586 1202 sed
599 1174 754 1209 dogmatum
768 1174 882 1209 peritia,
898 1181 959 1208 qua:

170 1221 310 1255 proposita
320 1223 395 1252 sunt,
411 1219 492 1247 simul
505 1218 655 1245 examinari
669 1218 783 1245 debent.

205 1265 358 1300 Eapropter
371 1264 674 1300 magniﬁcentissimum
686 1264 814 1290 comitem
826 1264 958 1291 [renatum

170 1311 338 1345 praemittere
353 1310 487 1345 compulsi
500 1316 605 1341 sumus,
623 1312 654 1335 ut
668 1309 691 1336 is
705 1313 732 1336 et
743 1313 860 1336 vestram
874 1310 959 1343 pieta-

169 1359 225 1382 tem
250 1354 408 1386 conveniat,
442 1354 583 1387 totiusque
614 1354 716 1389 negotii
743 1355 842 1382 seriem
866 1355 960 1389 expla-

166 1404 237 1428 net:
255 1400 390 1435 siquidem
405 1399 474 1426 nihil
502 1403 593 1427 actum
619 1403 671 1432 est,
690 1400 763 1434 quod
776 1400 852 1427 illum
864 1401 957 1427 lateat.

169 1448 283 1482 ‘Accepit
309 1448 380 1475 idem
403 1455 418 1475 a
438 1447 518 1474 nobis
543 1447 678 1482 plurimos
705 1448 847 1483 pratscntis
870 1447 959 1474 morbi

168 1494 284 1521 curandi
308 1493 404 1520 modos
415 1513 422 1527 ,
446 1493 548 1528 quibus
568 1493 752 1528 tranquillitas
766 1493 898 1521 Ecclesiis
909 1492 957 1520 Dei

172 1539 279 1567 restitui
288 1544 379 1574 queat.
393 1540 531 1574 Rogamus
538 1543 657 1566 vestram
668 1539 917 1570 mansuetudinem,
929 1543 959 1566 ut

1007 274 1070 297 τους
1089 265 1213 299 ἐγένοντο
1236 264 1465 299 σωφρονέστεροι·
1493 263 1560 290 ἀλλὰ
1588 263 1635 289 καὶ
1657 263 1719 293 τοὺς
1745 262 1806 295 si;

1009 311 1146 346 ὑμετέρας
1162 310 1303 341 εὐσεϐείας
1317 310 1425 345 νόμους,
1439 309 1560 340 καὶτοὺς
1571 308 1625 334 τῶν
1640 308 1723 341 ἁγίων
1739 308 1806 333 Πει-

1008 357 1095 392 τέρων
1113 356 1228 387 κανόνας
1243 356 1424 390 πατήσαντες,
1442 356 1466 380 οἱ
1476 355 1525 389 μὲν
1535 354 1755 388 καθαιρεθέντες,
1772 353 1805 378 οἱ

1008 401 1036 427 δὲ
1051 401 1227 436 ἁκοινώνητοι
1241 401 1392 435 γενόμενοι,
1408 401 1436 426 ὲν
1449 401 1504 431 τοῖς
1525 399 1680 434 εὺκτηρίοις
1700 399 1743 433 ὲορ
1751 398 1804 424 ιά-

1008 447 1099 479 ζουσιν
1112 447 1206 479 οἴκοις,
1226 446 1350 484 συναξεις
1367 445 1564 477 ἐπιτελοῦντες,

1044 493 1098 519 Καὶ
1109 493 1182 526 ἡμᾶς
1204 492 1264 527 μὲν,
1285 492 1323 523 ὡς
1338 492 1385 518 καὶ
1400 492 1450 526 ἠδη
1467 491 1516 526 τὴν
1529 490 1700 525 φιλόχριστον
1716 488 1803 523 ὑμῶν

1009 536 1168 572 ἐδιδάξαμεν
1179 536 1309 571 κορυφὴν,
1319 535 1518 571 προσεύξασθαι
1532 535 1611 570 μόνον
1625 535 1664 566 είς
1678 534 1708 560 τὸ
1718 534 1803 567 ὅ.γίον

1010 581 1188 616 βουληθέντας
1196 582 1376 614 Ἀποστόλιον,
1394 581 1462 617 μετὰ
1474 580 1504 607 τὸ
1515 579 1642 612 δέξασθαι
1657 580 1691 606 τὰ
1705 579 1802 614 πάσης

1009 627 1150 659 εὐσεϐείας
1164 627 1284 663 γέμοντα
1296 628 1448 662 γράμματα
1470 626 1520 661 τῆς
1538 627 1674 662 ὑμετέρας
1699 626 1804 661 ἡμερό-

1009 683 1099 709 τητος,
1114 674 1144 699 οὗ
1159 673 1238 708 μόνον
1250 673 1400 705 ἐκώλυσαν,
1417 672 1485 699 ἀλλὰ
1499 673 1545 699 καὶ
1556 672 1732 704 κατέλευσαν,
1747 671 1802 697 καὶ

1011 719 1091 754 μέχρι
1107 718 1205 745 πολλοῦ
1217 719 1380 750 κατεδίωξαν
1395 740 1402 752 ,
1421 718 1458 750 ὡς
1482 720 1556 754 φυγῇ
1573 718 1620 745 καὶ
1639 718 1732 753 δρόμῳ
1747 716 1801 752 τὴν

1011 764 1147 800 σωτηρίαν
1157 765 1231 799 ἡμᾶς
1246 763 1421 799 πορίσασθαι.

1045 811 1142 843 Αὑτοῖς
1155 811 1183 838 δὲ
1198 812 1252 837 πᾶν
1264 810 1353 837 ὁτιοῦν
1366 811 1451 837 ποιεῖν
1461 810 1563 843 ἐξεῖναι
1576 810 1742 848 νομίζουσιν·
1755 811 1802 842 εἰς

1010 858 1039 884 δὲ
1058 857 1193 892 συνέδριον
1206 857 1336 884 εἰσελθεῖν
1353 856 1402 891 (1),
1421 857 1468 883 καὶ
1489 856 1605 891 βάσανον
1622 856 1675 883 τῶν
1699 857 1801 892 ζητου-

1013 904 1101 939 μένων
1116 903 1291 938 ποιήσασθαι,
1307 902 1354 930 καὶ
1370 902 1439 937 ὑπὲρ
1450 902 1503 929 τῶν
1517 902 1663 938 αἱρετικῶν
1677 903 1724 929 τοῦ
1740 903 1801 928 Κυ-

1011 949 1102 985 ρίλλου
1115 948 1270 983 κεφαλαίων
1281 949 1502 984 ἀπολογήσασθαι
1514 948 1563 975 οὐκ
1571 948 1724 983 ἠνέσχοντο,
1733 950 1802 980 τοὺς

1011 995 1158 1029 προφανεῖς
1173 995 1223 1028 τῆς
1239 994 1268 1020 ὲν
1281 993 1372 1026 αὐτοῖς
1387 993 1545 1024 δυσσεῦείοις
1558 993 1684 1028 ἐλέγχους
1696 994 1802 1027 ἀπαγο-

1011 1038 1152 1074 ρεύοντες·
1175 1039 1246 1074 μέγα
1258 1039 1286 1065 δὲ
1301 1038 1445 1074 φρονοῦσιν
1467 1040 1513 1073 ἐπὶ
1531 1040 1604 1075 μόνῳ
1623 1039 1661 1074 τῷ
1682 1039 1798 1074 θράσει·

1010 1084 1098 1111 καίτοι
1112 1093 1144 1118 γε
1163 1084 1194 1111 οὐ
1210 1084 1327 1120 θράσους
1340 1104 1348 1116 ,
1374 1085 1433 1112 ἀλλ’
1451 1085 1575 1120 ἡσυχίας,
1594 1085 1642 1111 καὶ
1658 1085 1799 1119 γνώσεως,

1010 1130 1057 1156 καὶ
1071 1130 1120 1165 τῆς
1139 1129 1194 1156 τῶν
1219 1129 1363 1165 δογμάτων
1385 1131 1531 1166 ἐμπειρίας
1544 1131 1560 1166 ἡ
1575 1130 1639 1166 περὶ
1661 1131 1717 1157 τῶν
1731 1139 1801 1166 προ-

1010 1176 1146 1210 κειμένων
1163 1175 1337 1208 συνεξέτασίς
1352 1177 1421 1204 ἐστι.

1044 1262 1146 1289 Τούτου
1176 1263 1256 1299 χάριν
1270 1264 1483 1300 ἠναγκάσθημεν
1513 1265 1727 1301 προπέμψασθαι
1756 1265 1798 1302 (Ξ)

1009 1308 1054 1335 τὶν
1070 1309 1360 1345 μεγαλοπρεπέστατον
1378 1311 1485 1346 κόμητα
1501 1311 1656 1346 Εἰρηναῖον,
1676 1311 1798 1338 καταλα-

1010 1354 1067 1381 ϐεῖν
1078 1355 1155 1390 ὑμῶν
1169 1355 1218 1390 τὴν
1231 1355 1381 1389 εὐσέϐειαν,
1400 1357 1446 1383 καὶ
1459 1356 1493 1383 τὰ
1513 1356 1559 1383 τοῦ
1579 1358 1740 1392 πράγματος
1755 1357 1799 1383 δι-

1010 1399 1105 1433 δάξαι·
1123 1400 1156 1427 τά
1183 1409 1212 1427 τε
1237 1401 1291 1437 γὰρ
1318 1401 1487 1436 γεγενημένα
1504 1402 1625 1437 ἀκριΰῶς
1641 1396 1799 1434 ἐπίσταται,

1010 1446 1057 1471 καὶ
1079 1445 1221 1481 μεμάθηκε
1239 1446 1305 1481 παρ’
1330 1446 1408 1481 ἡμῶν
1432 1447 1544 1479 πολλοὺς
1567 1447 1714 1482 θεραπείας
1735 1447 1798 1482 τρό-

1010 1499 1085 1521 πους,
1105 1490 1138 1516 δι’
1163 1487 1200 1517 ὧν
1223 1491 1333 1517 δυνατὸν
1347 1492 1377 1517 τὸ
1401 1492 1537 1527 ἀτάραχον
1554 1494 1614 1524 ταῖς
1635 1493 1723 1526 ἁγίαις
1749 1492 1797 1519 τοῦ

1010 1536 1078 1563 Θεοῦ
1099 1535 1272 1572 Ὶῗκκλησῖαις
1291 1537 1497 1573 παρατχεθῆναι
1515 1538 1568 1572 (5)’
1580 1537 1625 1570 οὒς
1640 1537 1800 1574 ἱκετεύομεν

172 1585 310 1619 patienter
320 1585 383 1611 illos
395 1585 429 1610 ab
442 1592 476 1611 eo
489 1589 646 1619 cognoscat,
663 1589 690 1610 et
702 1585 775 1619 quod
789 1589 887 1612 vestrae
898 1585 957 1620 pie-

1012 1582 1178 1615 ἀνεξικάκως
1195 1583 1244 1618 τὴν
1259 1583 1394 1619 ὑμετέραν
1418 1584 1482 1619 παρ’
1507 1584 1589 1610 αὐτοῦ
1617 1584 1713 1620 μαθεῖν
1727 1585 1798 1620 ἡμε-

170 1628 220 1655 tati
247 1628 336 1655 visum
356 1628 450 1660 fuerit,
480 1632 582 1662 quanta
604 1627 662 1654 ﬁeri
686 1629 796 1663 poterit,
821 1628 961 1656 celeritate

172 1673 326 1708 praecipiat,
351 1679 385 1699 ne
397 1673 465 1699 citra
486 1679 594 1699 onmem
607 1672 752 1700 utilitatem
765 1677 794 1700 et
809 1673 960 1700 necessita-

172 1722 228 1744 tem
247 1717 292 1743 hic
305 1724 511 1743 consumamur.

171 1771 263 1800 CLIX.
274 1772 319 1792 —'
329 1772 450 1808 Epistola
463 1773 612 1800 earumdem
626 1773 661 1811 at!
674 1774 825 1809 prwfcctum
838 1779 862 1801 et
877 1775 961 1811 magi-

468 1812 554 1834 strum
567 1817 582 1835 a
593 1809 663 1844 pari.

206 1851 248 1879 Ad
260 1859 408 1884 summum,
439 1856 469 1879 ut
483 1852 537 1879 dici
551 1853 631 1885 solet,
644 1853 777 1880 malorum
788 1853 959 1886 devenimus,

169 1905 197 1928 et
221 1905 282 1926 cum
306 1898 436 1925 extremis
459 1898 591 1933 periculis
614 1898 769 1930 luctamur,
792 1907 823 1926 ac
844 1903 959 1927 mortem

171 1944 296 1980 quotidie
312 1944 393 1971 nobis
409 1944 445 1971 ob
460 1945 557 1971 oculos
568 1950 723 1972 versantem
737 1945 871 1972 videmus.
891 1946 958 1973 Nam

171 1998 232 2025 quae
244 1997 259 2016 a
268 1990 371 2025 Cyrillo
383 1994 412 2016 ct
428 1989 571 2016 Memnone
590 1991 752 2024 ueterisque
765 1990 892 2017 factionis
901 1991 961 2017 illo-

172 2043 233 2062 rum
248 2035 424 2063 consortibus
442 2033 469 2061 in
484 2042 535 2062 nos
547 2034 679 2062 audacter
689 2036 908 2067 committuntur,
927 2043 959 2063 ca

171 2088 280 2108 omnem
293 2080 469 2108 barbaricum
484 2079 605 2107 furorem
617 2080 773 2112 excedunt,
799 2081 959 2116 nullumque

171 2125 325 2161 tyrannidis
333 2133 419 2160 genus
427 2125 461 2151 ab
469 2125 509 2152 eis
518 2125 731 2159 przetermissum
741 2128 792 2152 est.
802 2126 957 2158 Continuis,

170 2174 254 2205 prout
272 2170 300 2197 in
311 2170 383 2196 bello
399 2169 458 2196 tleri
471 2169 550 2201 solet,
569 2169 717 2196 insultibus
732 2169 862 2196 audacter
873 2170 959 2204 impe-

170 2215 255 2243 timur
276 2223 282 2241 :
301 2215 375 2242 :edes
386 2219 495 2241 nostras
507 2215 562 2249 jam
576 2214 619 2241 bis
632 2215 840 2249 inscripserunt,
857 2223 955 2250 nempe

171 2264 200 2287 ut
225 2259 279 2286 illis
294 2260 350 2286 sint
370 2259 521 2286 manifestae
534 2263 563 2286 et
575 2259 735 2294 designatae,
761 2260 807 2294 qui
823 2260 955 2294 impetum

169 2305 268 2332 facturi
281 2308 355 2332 sunt.
379 2304 465 2332 Omne
482 2304 613 2339 templum
629 2305 710 2331 nobis
724 2305 886 2339 praeclusum
900 2310 956 2338 est;

169 2351 268 2378 morbo
292 2350 460 2385 consumpti,
487 2358 518 2377 ac
543 2350 585 2377 vel
608 2350 716 2379 modico
732 2351 800 2378 εωιο
820 2350 958 2378 t‘ruidesi-

169 2395 308 2428 derantes,
320 2395 426 2430 1329
437 2395 577 2429 obliquato
587 2395 674 2429 capite
683 2395 837 2430 prospicere
846 2404 899 2422 non
911 2403 959 2422 au—

151 2440 154 2484 ;
169 2441 276 2474 demus,
289 2441 458 2468 contribules
470 2449 525 2467 non
536 2449 617 2468 secus
625 2449 656 2468 ac
665 2441 856 2469 infestissimos
867 2441 959 2468 hostes

168 2487 388 2530 extimescentcs.
397 2485 558 2513 Sanctorum
567 2487 677 2514 Patrum
684 2495 801 2514 canones
807 2487 959 2514 conculcati

169 2537 243 2564 sunt,
260 2533 488 2560 excommunicati
508 2537 536 2560 et
555 2533 724 2560 exauctorati
746 2532 832 2559 sacris
851 2533 959 2567 operari

170 2578 238 2606 nihil
253 2582 395 2610 verentur,
414 2579 497 2613 impia
516 2586 565 2605 sua
577 2578 703 2613 dogmata
718 2578 828 2612 copiose
849 2578 897 2605 Dei
912 2587 960 2613 po-

169 2625 234 2659 pulo
259 2623 477 2659 profundentes,
503 2628 531 2651 ct
553 2631 603 2651 nos
619 2624 729 2651 interim
746 2624 844 2651 inclusi
860 2624 959 2652 misere

169 2671 215 2697 hic
237 2677 350 2702 sumus,
382 2669 592 2705 invasionesque
619 2670 883 2705 eireumspeetamus
907 2670 959 2698 im-

170 2717 316 2744 mincntcs.

222 2761 244 2794 1)
264 2760 398 2788 συνελθεῖν
414 2761 448 2787 Μ.
462 2761 488 2788 in
503 2760 635 2795 margine.

215 2796 242 2831 :2)
259 2795 460 2831 προτρέψασθαι
474 2795 508 2821 Μ.
522 2796 548 2821 in
563 2795 694 2830 margine.

213 2830 240 2864 ὅ)
259 2831 409 2864 πιρατχεὶν
426 2830 460 2855 Μ.
482 2831 507 2855 in
521 2831 651 2864 margine.

216 2833 230 2855 5
259 2833 409 2862 πιρατγεξν
426 2833 460 2855 Μ.
482 2833 507 2855 in
521 2833 641 2864 margine

216 2833 244 2897 ιζ
262 2858 446 2897 συντριόῶμεν
460 2864 494 2890 Μ.
512 2864 539 2890 ὶιι
557 2871 642 2900 marg.

1011 1628 1124 1664 ρότητα,
1141 1629 1188 1654 καὶ⁴
1203 1629 1233 1655 τὺ
1247 1629 1342 1655 δοκοῦν
1357 1630 1390 1664 τῇ
1410 1630 1532 1665 ὑμετέρᾳ
1556 1630 1681 1665 εὖσεῦείᾳ
1701 1630 1798 1657 θᾶττον

1010 1674 1138 1701 κελεῦσαι
1164 1674 1308 1708 γενέσθαι,
1325 1675 1370 1702 ἵνα
1391 1675 1429 1710 μὴ
1447 1676 1486 1707 εὶς
1508 1675 1583 1702 οὐδὲν
1598 1675 1657 1702 δέον
1680 1675 1798 1702 ὲνταῦθα

1012 1719 1219 1755 συντριϐὡμεθα
1236 1721 1285 1755 (At).

1009 1776 1097 1803 PNO’.
1118 1791 1153 1796 -—
1172 1777 1336 1813 Ἐπιστολὴ
1359 1777 1417 1813 τῶν
1432 1776 1530 1804 αὐτῶν
1551 1779 1626 1812 πρὸς
1640 1779 1693 1805 τὸν
1705 1779 1797 1813 ἐπαρ-

1116 1820 1181 1845 χον,
1197 1812 1245 1838 καὶ
1264 1811 1317 1838 τὸν
1331 1811 1497 1847 μάγιστρον
1513 1814 1619 1847 ὁμοίως
1641 1813 1690 1849 (5).

1045 1855 1093 1886 Εἰς
1106 1855 1218 1891 ἔσχατον
1233 1856 1317 1883 κακὸν
1333 1856 1381 1891 (6),
1396 1857 1425 1882 τὸ
1439 1857 1470 1892 δὴ
1486 1857 1646 1893 λεγόμενον,
1662 1858 1796 1894 ὲληλάκα-

1011 1908 1072 1935 μεν,
1086 1901 1133 1928 καὶ
1146 1901 1242 1933 δεινοῖς
1255 1902 1478 1938 προσπαλαίομεν
1490 1904 1661 1938 ἀνηκέστοις,
1675 1904 1722 1930 καὶ
1735 1904 1795 1931 καθ’

1009 1945 1139 1981 ἑκάστην,
1153 1947 1189 1978 ὡς
1204 1948 1300 1979 εἰπεῖν,
1314 1947 1362 1982 τὴν
1375 1948 1481 1983 ἡμέραν
1491 1948 1529 1984 (7)
1539 1949 1584 1975 τὸν
1595 1949 1708 1976 θάνατον
1717 1950 1795 1985 ἡμῶν

1010 1991 1066 2027 πρὸ
1095 1991 1242 2028 ὀφθαλμῶν
1263 1993 1409 2028 βλέπομεν.
1434 1995 1527 2021 Πᾱσσν
1544 1995 1598 2030 γὰρ
1625 1995 1795 2032 βαρῦαρικὴν

1010 2038 1169 2074 ὑπερϐαίνει
1196 2040 1292 2074 μανίαν
1313 2039 1345 2066 τὰ
1360 2040 1413 2066 ὑπὸ
1433 2040 1567 2076 Κυριλλου
1582 2041 1627 2068 καὶ
1641 2042 1792 2076 Μέμνονος,

1009 2085 1118 2111 καὶτῶν
1133 2085 1180 2112 σὺν
1193 2085 1294 2118 αὐτοῖς,
1306 2085 1368 2113 καθ’
1381 2086 1459 2122 ἡμῶν
1467 2086 1642 2122 τολμώμενα,
1657 2088 1704 2115 καὶ
1719 2089 1793 2116 οὐδὲν

1009 2128 1079 2162 εἶδος
1095 2131 1187 2162 αὐτοῖς
1204 2131 1418 2167 παραλέλειπται
1434 2133 1603 2168 τυραννίδος.
1621 2135 1729 2169 Ἔφοδοι
1744 2135 1792 2170 μὲν

1008 2176 1063 2211 γὰρ
1080 2178 1203 2211 συνεχεῖς
1215 2197 1222 2209 ,
1239 2177 1277 2208 ὡς
1298 2178 1325 2203 ὲν
1341 2178 1452 2214 πολέμῳ
1463 2200 1470 2212 ,
1489 2179 1651 2215 τολμῶν-ται,
1665 2181 1695 2207 αἱ
1711 2180 1792 2207 οἰκίαι

1008 2221 1086 2255 ἡμῶν
1101 2221 1149 2256 ἤδη
1167 2221 1207 2252 δὶς
1233 2222 1429 2258 ὲπεγράᾳησαν
1442 2245 1448 2256 ,
1466 2224 1536 2250 ὥστε
1557 2224 1638 2260 δήλας
1662 2222 1732 2251 εἶναι
1747 2225 1792 2251 καὶ

1009 2267 1163 2301 ἐπισήμους
1185 2268 1244 2298 τοῖς
1267 2268 1373 2295 ἐπιέναι
1395 2269 1531 2304 μέλλουσι.
1553 2271 1611 2302 Πᾶς
1637 2268 1711 2302 οἶκος
1728 2271 1792 2306 ἡμῖν

1009 2314 1153 2349 εὐκτήριος
1167 2315 1391 2342 ἀποκέκλειοται·
1407 2317 1476 2352 νόσῳ
1494 2317 1723 2353 διαφθειρόμενοι,
1747 2318 1792 2345 καὶ

1010 2359 1129 2394 σμικροῦ
1144 2360 1223 2396 ἀέρος
1236 2361 1392 2387 ἀπολαῦσαι
1407 2361 1562 2394 ποθοῦντες,
1579 2363 1750 2398 προκύπτειν
1762 2364 1790 2390 οὐ

1009 2405 1176 2440 θαρροῦμεν,
1191 2406 1228 2438 ὼς
1245 2406 1399 2442 βαρϐάρους
1412 2408 1476 2439 τοὺς
1491 2408 1643 2443 ὁμοφύλους
1659 2408 1794 2444 φοϐούμε-

1009 2459 1060 2478 νοι.
1078 2453 1109 2479 Οἱ
1124 2451 1176 2478 τῶν
1190 2452 1274 2486 ἁγίων
1285 2453 1415 2488 Πατέρων
1434 2454 1544 2485 κανόνες
1562 2455 1746 2489 πεπάτηνται·
1769 2456 1791 2481 el

1010 2497 1193 2532 καθῃρημένοι
1214 2497 1261 2524 καὶ
1287 2498 1462 2534 ἀκοινώνητοι
1486 2499 1639 2534 ἱερουργίας
1664 2500 1793 2526 natam}.-
1826 2524 1828 2527 .

1013 2542 1095 2577 μῶσι,
1122 2542 1157 2568 τὰ
1173 2542 1291 2578 δυσσεϐῆ
1312 2543 1402 2570 αὐτῶν
1426 2544 1569 2579 ἐκχέοντες
1592 2545 1631 2580 τῷ
1656 2545 1712 2580 λαῷ
1727 2545 1792 2572 Θεοῦ
1825 2540 1827 2547 ⁴

1009 2587 1177 2621 διδάγματα·
1193 2588 1274 2622 ἡμεῖς
1291 2595 1321 2613 τε
1335 2588 1530 2623 καθειργμένοι
1544 2589 1732 2624 διατελοῦμεν,
1747 2590 1793 2617 καὶ

1009 2633 1059 2665 τὰς
1070 2633 1181 2666 ἐφόδους
1195 2632 1424 2669 περισκοποῦμεν.
1528 2639 1530 2641 ’

1099 2800 1308 2837 ἐσχαταᾲκακῶν
1322 2801 1356 2827 Μ.
1371 2801 1397 2828 in
1410 2801 1541 2837 margine.

1056 2765 1082 2835 δὲ
1102 2765 1133 2793 ν.
1148 2765 1233 2793 Mansi
1255 2765 1368 2793 Collect.
1382 2766 1480 2794 concil.
1497 2766 1516 2793 1.
1532 2775 1569 2800 c.,
1586 2775 1614 2803 p.
1636 2767 1714 2795 1385.

1056 2800 1071 2827 6
1099 2800 1199 2835 ἔσχατα
1217 2800 1308 2827 κακῶν
1322 2801 1356 2827 Μ.
1371 2801 1397 2828 in
1410 2801 1541 2835 margine.

1040 2765 1082 2870 is;
1102 2765 1133 2793 V.
1148 2765 1233 2793 Mansi
1255 2765 1366 2793 Collect.

1055 2800 1071 2827 6
1099 2800 1199 2835 ἔσχατα
1217 2800 1308 2827 κακῶν
1322 2801 1356 2827 Μ.

1056 2835 1082 2871 7)
1100 2835 1174 2870 ὥραν
1190 2835 1224 2862 Μ.
1239 2836 1266 2863 in
1281 2843 1366 2871 marg.
