1945 3058
131 143 142 176 Ξ
150 139 202 173 457

799 135 979 167 EPISTOLA
1001 134 1099 164 CLXI.

1683 123 1756 160 1458

167 193 288 229 Δεόμεθα
299 192 388 219 τοίνυν
399 193 445 219 καὶ
456 192 613 226 ἱκετεύομεν
625 191 674 227 τὴν
685 191 820 227 ὑμετέραν
836 199 916 226 μεγα-

1002 188 1185 215 Obseeramus
1209 185 1325 221 proinde
1357 187 1476 212 vestram
1501 183 1756 219 magniﬁcentiam,

130 241 308 276 λοπρέπειαν,
323 239 359 274 μὴ
371 238 493 274 παριδεῖν
508 239 581 273 ἡμᾶς
592 239 620 263 ἐν
635 238 708 273 μέσῳ
723 236 776 263 τῶν
789 236 916 263 τοιούτων

130 285 353 320 ἀπειλημμένους
370 283 473 314 κακῶν,
492 283 548 309 ἀλλ’
567 282 720 317 ἐξαρπάσαι
736 282 810 316 ἡμᾶς
828 281 866 315 (8)
880 281 917 312 ὼς

130 331 247 366 τάχιστα
258 329 304 356 τοῦ
320 329 439 355 ὑπόπτου
451 328 578 360 Θανάτου,
590 328 637 354 καὶ
651 327 857 362 παρασκευάσαι
869 326 918 361 τὴν

132 375 259 411 βασιλίδα
283 375 360 401 πόλιν
384 373 558 406 καταλαϐεῖν,
573 374 619 400 καὶ
638 373 728 399 δοῦναι
753 373 830 407 λόγον
845 373 918 407 ἡμᾶς

133 421 205 455 ὑπὲρ
219 421 267 456 τῆς
279 421 406 453 πίστεως,
422 419 471 446 καὶ
487 419 625 453 ἐξελέγξαι
646 420 699 445 τῶν
713 419 919 454 προειρημένων

133 466 238 502 ἀνδρῶν
252 466 302 500 τήν
315 474 344 492 τε
356 465 497 500 αἱρετικὴν
512 464 684 496 κακοδοξίαν,
710 464 756 490 καὶ.
772 464 822 498 τὴν
837 464 920 498 ὑπερ-

133 511 285 539 ϐάλλουσαν
311 510 499 546 παρανομίαν·
525 510 549 536 εί
571 510 625 545 γὰρ
641 510 679 544 μὴ
701 509 779 535 τοῦτο
804 507 919 542 γένοιτο,

135 556 274 586 παντελῶς
289 555 472 590 ἀπολούμεθα,
487 555 534 580 καὶ
548 554 735 589 παρανάλωμα
745 553 794 588 τῆς
809 553 921 579 ἐκείνων

137 601 235 636 μανίας
253 600 380 635 ἐσόμεθα.

172 647 256 673 Πάλιν
271 647 360 672 τοίνυν
376 646 491 680 δεόμεθα
501 665 508 678 ,
526 646 574 672 καὶ
588 645 753 681 ὲνορκοῦμεν
776 644 844 679 πρὸς
857 644 922 671 παί-

136 692 200 723 δων,
216 692 283 726 πρὸς
297 691 351 717 τῶν
366 691 512 725 φιλτάτων,
529 691 597 726 πρὸς
612 691 662 725 τῆς
676 690 782 721 δικαίας
794 689 840 716 τοῦ
854 689 922 716 Θεοῦ

137 737 264 772 κρίσεως,
287 737 324 773 μὴ
339 737 516 772 περιοφθῆναι
532 737 607 773 παρὰ
627 737 677 771 τῆς
690 736 826 771 ὑμετέρας
842 743 922 768 μεγα-

136 782 313 818 λοπρεπείας,
334 782 390 809 ἀλλ’
404 783 441 814 ὡς
455 782 570 816 τάχιστα
583 781 706 808 ἐντεῦθεν
723 781 922 816 ἀπαλλαγῆναι,

138 828 186 854 καὶ
199 828 339 863 ἐλεύθερον
356 828 424 863 ἀέρα
440 828 597 855 θεάσασθαι.

970 233 1125 267 obnixeque
1152 232 1277 259 eamdem
1293 237 1434 265 rogamus,
1462 237 1498 256 ne
1517 237 1568 256 nos
1587 229 1670 257 tantis
1682 229 1759 256 hisce

971 280 1049 306 malis
1070 278 1193 313 undique
1215 277 1330 309 cinctos,
1348 276 1396 303 sed
1413 275 1534 302 evidenti
1550 275 1646 302 mortis
1659 274 1759 301 discri-

971 325 1055 356 mine,
1071 328 1171 359 quanta
1185 322 1244 350 ﬁeri
1258 325 1348 357 potest
1359 320 1510 351 celeritate,
1524 319 1636 351 eximat,
1649 318 1759 346 efﬁciat-

971 378 1024 405 que
1044 373 1075 396 ut
1099 369 1133 395 ad
1144 369 1246 403 regiam
1259 367 1398 395 civitatem
1414 365 1510 392 accitis
1524 364 1587 391 ﬁdei
1600 367 1700 391 nostra:
1716 371 1760 390 ra-

971 415 1075 442 tionem
1099 414 1223 445 reddere,
1242 420 1274 440 ac
1288 411 1481 447 praedictorum
1500 409 1622 436 virorum
1644 409 1760 435 hmresin

972 459 1218 493 incredibilemque
1230 457 1404 493 iniquitatem
1426 456 1507 483 liceat
1523 458 1739 482 commonstrare
1752 463 1760 481 τ

973 513 1047 538 nam,
1066 505 1119 532 nisi
1137 505 1189 532 hoc
1202 504 1258 537 ﬁat,
1278 503 1430 538 peribimus
1446 501 1580 532 funditus,
1606 505 1688 535 atque
1702 500 1761 527 illo4

974 559 1035 579 rum
1046 551 1126 578 furiis
1137 550 1267 585 pabulum
1279 548 1366 576 fut-uri
1378 555 1484 575 sumus.

1010 647 1105 674 Denuo
1129 646 1222 681 itaque
1247 653 1357 673 oramus
1383 648 1411 671 et
1433 652 1483 680 per
1493 637 1613 675 'liberos,
1632 638 1660 670 et
1671 651 1721 678 per
1730 651 1762 671 ea

976 699 1037 728 quae
1051 693 1130 719 vobis
1146 696 1210 719 sunt
1224 691 1396 724 charissima,
1416 698 1447 718 ac
1462 690 1623 725 perjustum
1634 689 1764 724 Deijudi-

976 738 1050 765 cium
1061 738 1243 769 obtestamur,
1255 745 1289 764 ne
1302 745 1317 763 a
1328 740 1420 763 vestra
1431 735 1632 770 magniﬁcentia
1647 735 1762 770 neglecti

978 782 1176 817 relinquamur,
1192 781 1239 809 sed
1255 785 1285 808 ut
1299 789 1380 815 quam
1392 779 1535 808 celerrime
1548 779 1613 806 hinc
1624 787 1763 811 eruamur,

977 833 1005 854 et
1021 827 1137 854 liberum
1150 835 1241 854 aerem
1253 826 1419 853 intueamur.

116 910 118 912 τ
140 883 201 910 ΡΞ’.
213 898 248 904 —-
266 883 426 917 Ἐπιστολὴ
450 883 508 910 τῶν
528 883 626 910 αὐτῶν
645 883 719 918 πρὸς
733 884 786 910 τὸν
800 883 924 918 πραιπό-

987 882 1103 911 λιι-θ
1113 882 1233 919 Epistola
1244 883 1392 909 earumdem
1405 883 1440 909 ad
1451 882 1619 919 [Impositum
1630 887 1653 909 et
1663 882 1765 910 schola-

210 926 308 951 σιτον,
327 919 376 945 καὶ
392 919 445 945 τὸν
464 919 671 953 σχολαστικὸν
689 919 725 953 (9)
738 919 852 953 ὁμοίως.

175 963 258 990 οὐδὲν
283 963 412 995 ἀπονοίας
430 965 458 989 ὲν
478 964 694 999 πλημμελήμασι
716 963 924 999 χαλεπώτερον

140 1009 210 1044 αὕτη
230 1009 283 1044 γὰρ
298 1010 345 1035 ὲπὶ
369 1009 456 1036 πάντα
470 1010 528 1036 ἐστὶ
544 1009 577 1036 τὰ
594 1009 682 1036 ἄτοπα
704 1009 825 1044 ἡγεμών.
858 1009 926 1036 Ὑπὸ

140 1053 242 1089 ταύτης
255 1055 279 1080 οί
296 1056 439 1088 Αἰγύπτιοι
454 1055 501 1081 καὶ
511 1055 535 1080 οί
549 1055 598 1080 σὺν
617 1055 707 1086 αὐτοῖς
722 1054 927 1090 στρατηγούμε-

141 1108 182 1126 νοι
203 1100 258 1127 τῶν
275 1110 306 1127 τε
332 1101 564 1136 ὲκκλησιαστικῶν
586 1100 786 1136 καταφρονοῦσι
806 1101 925 1136 Θεσμῶν,

142 1145 190 1172 καὶ
210 1145 244 1171 τὰ
270 1145 366 1181 εὐσεϐῆ
389 1146 444 1172 τῶν
459 1145 674 1180 θεοφιλεστάτων
693 1145 771 1181 ἡμῶν
795 1146 927 1181 βασιλέων

143 1191 259 1218 πατοῦσι
277 1192 459 1227 θεσπίσματα.
474 1192 542 1218 Οὔτε
556 1191 609 1226 γὰρ
630 1191 665 1217 τὰ
687 1191 793 1227 πρῶτα,
810 1191 873 1218 οὔτε
893 1192 928 1219 τὰ

143 1238 267 1273 δεύτερα,
287 1237 348 1264 οὗτε
364 1238 397 1264 τὰ
416 1238 495 1274 τρίτα
518 1238 616 1269 αὐτοὺς
642 1239 790 1273 σωφρονεῖν
807 1238 929 1270 ἐδίδαξαν

146 1284 307 1318 γράμματα.
329 1283 396 1310 Οὔτε
416 1285 431 1319 ἡ
450 1284 569 1318 ἐννόμως
586 1284 677 1315 αὐτοῖς
693 1285 736 1318 ὑφ’
753 1285 831 1319 ἡμῶν
849 1286 929 1311 ἐπεν-

145 1328 256 1363 εχθεῖσα
271 1329 430 1363 καθαίρεσις
452 1328 562 1356 ἔσϐεσεν
583 1330 672 1356 αὐτῶν
695 1329 744 1364 τὴν
761 1329 928 1364 θρασύτητα.

152 1374 221 1400 Ἀλλ’
240 1374 409 1410 ἀθροίζονται
435 1375 483 1408 μὲν
500 1375 539 1406 είς
566 1374 629 1406 τοὺς
655 1374 816 1410 εὑκτηρίους
841 1376 931 1407 οἴκους

147 1419 323 1454 παρανόμως,
348 1419 502 1446 ἐπιτελοῦσι
517 1420 545 1446 δὲ
567 1420 690 1453 συνάξεις
715 1421 862 1456 ἀθέσμους,
885 1423 932 1449 καί

147 1474 189 1492 τοι
204 1473 236 1500 γε
247 1466 300 1501 τῶν
316 1465 386 1492 λαῶν
400 1466 512 1498 ταύταις
525 1466 555 1493 οὗ
573 1467 794 1502 παραϐαλόντων.
806 1468 891 1495 Παντί
903 1477 932 1494 τε

147 1511 211 1546 θείῳ
227 1512 294 1546 οῐκῳ
308 1512 440 1548 φρουροὺς
453 1513 660 1548 ἐπιστήσαντες,
678 1514 772 1540 οὐδένα
796 1514 865 1549 πλὴν
883 1514 932 1541 αὺ-

148 1557 202 1583 τῶν
217 1558 330 1584 είσιέναι
347 1557 529 1594 συγχωροῦσι.
546 1559 601 1585 Καὶ
617 1558 703 1585 ταῦτα
714 1559 764 1594 ἤδη
779 1559 821 1586 διὰ
843 1568 933 1596 γραμ-

151 1603 243 1638 μάτων
256 1603 356 1639 ἐτέρων
367 1604 416 1638 τὴν
429 1604 565 1639 ὑμετέραν
581 1604 738 1640 ἐδιδάξαμεν
764 1605 933 1641 μεγαλοπρέ-

149 1657 246 1682 πειαν,
269 1650 342 1681 ὅπως
364 1650 589 1685 ἐκινδυνεύσαμεν
610 1650 809 1686 προσεύξασθαι
837 1651 934 1687 βουλη-

151 1694 244 1726 θέντες
266 1696 306 1726 είς
327 1695 357 1721 τὸ
382 1695 458 1729 ἅγιον
479 1696 661 1727 Ἀποστόλιον,
679 1695 748 1729 μετὰ
763 1696 793 1722 τὸ
807 1696 934 1729 δέξασθαι

151 1740 185 1767 τὰ
198 1741 241 1767 διὰ
255 1740 302 1767 τοῦ
318 1740 542 1776 θαυμασιωτάτου
558 1740 704 1767 Παλλαδίου
716 1742 763 1768 τοῦ
776 1750 936 1778 μαγιστρια-

151 1785 197 1812 νοῦ
213 1786 365 1821 γράμματα
383 1785 436 1812 τῶν
448 1785 649 1813 εὐσεϐεστάτων
668 1787 745 1821 ἡμῶν
757 1787 803 1813 καὶ
816 1787 936 1822 φιλοχρί-

153 1838 223 1856 στων
238 1830 377 1866 βασιλέων.
396 1831 433 1857 Ού
454 1831 507 1866 γὰρ
528 1831 607 1866 μόνον
628 1831 803 1866 ἐκωλύθημεν
819 1832 936 1866 προσεύ-

154 1875 260 1909 ξασθαι,
276 1876 343 1903 me
357 1876 404 1903 καὶ
419 1876 647 1908 καταλευσθέντες
664 1876 744 1911 μέχρι
759 1875 856 1903 πολλοῦ
871 1885 937 1903 κατ-

152 1922 332 1957 εδιώχθημεν.

195 1967 303 2001 Ἐπειδὴ
317 1967 406 1993 τοίνυν
418 1968 465 1993 καὶ
479 1967 528 2002 τῆς
543 1966 682 1998 εὐσεϐείας
694 1967 831 2002 ὐπόιρχετε
845 1967 940 2002 τρόφι-

156 2021 213 2048 μοι,
228 2014 274 2039 καὶ
288 2014 316 2039 ἐν
329 2013 411 2048 ἀρετῇ
425 2012 624 2047 διαλάμποντες
642 2013 716 2048 πάσῃ
727 2033 734 2044 ,
751 2013 788 2044 ὡς
808 2013 857 2048 τὴν
873 2013 940 2048 ὑμε-

154 2057 236 2092 τέραν
247 2056 371 2083 εὔκλειαν
384 2058 412 2083 ὲν
426 2059 481 2088 τοῖς
492 2057 618 2083 ἁπάντων
632 2056 827 2092 περιφέρεσθαι
839 2057 941 2092 στόμα-

156 2111 192 2135 σι,
209 2102 256 2128 καὶ⁴
266 2101 317 2135 τῆς
330 2101 410 2135 ἁγίας
430 2101 594 2135 Ἐκκλησίας
608 2100 734 2135 ἐκθύμως
749 2100 804 2134 (10)
816 2100 940 2135 ὑπερμα-

155 2149 239 2183 χεῖτε,
258 2149 347 2174 πᾶσαν
360 2147 514 2181 ποιούμενοι
527 2146 708 2182 προμήθειαν,
726 2145 796 2172 ὥστε
809 2145 940 2180 διηνεκῶς

155 2193 240 2229 αὐτὴν
256 2193 284 2225 ἐξ
304 2193 403 2229 οὑρίων
424 2192 572 2228 φέρεσθαι,
592 2190 804 2227 παρακαλοῦμεν
819 2191 897 2226 ὑμῶν
911 2190 941 2217 τὸ

159 2240 282 2274 μέγεθος,
297 2240 343 2266 καὶ
356 2239 390 2266 τὰ
402 2239 523 2274 ἡμέτερα
534 2237 684 2273 γράμματα
699 2237 889 2271 ὑπαναγνῶναι
902 2235 941 2271 τῷ

157 2285 343 2320 εὐσεϐεστὰτῳ
359 2286 406 2311 καὶ
419 2284 584 2320 φιλοχρίστῳ
598 2284 676 2319 ἡμῶν
690 2283 810 2319 βασιλεῖ,
826 2283 873 2310 καὶ
888 2283 942 2309 πᾶ-

159 2339 208 2358 σαν
223 2332 380 2365 ὑπενεγκεῖν
400 2331 456 2365 (11)
473 2330 600 2365 σπουδὴν,
625 2330 663 2361 ὡς
677 2329 726 2364 τὴν
740 2330 788 2364 μὲν
801 2329 943 2364 παροῦσαν
968 2333 973 2339 ”

158 2377 294 2412 παυθῆναι
309 2377 365 2411 (l2)
381 2377 521 2412 σύγχυσιν,
548 2376 693 2411 ἀταράχως
709 2376 738 2402 δὲ
760 2376 806 2402 καὶ
827 2375 942 2411 θορύϐου

159 2424 259 2455 παντὸς
275 2424 358 2458 χωρὶς
371 2423 401 2450 τὸ
416 2423 503 2450 κοινὸν
519 2423 645 2457 γενέσθαι
661 2423 808 2458 συνέδριον,
823 2423 871 2449 καὶ
888 2424 944 2454 τοῖς

159 2469 426 2506 ἀμφισϐητουμένοις
441 2469 555 2495 ἕκαστον
572 2464 655 2504 μέρος
673 2468 728 2495 τῶν
741 2467 945 2504 ἀμφισϐητούν-

159 2525 213 2544 των
229 2515 371 2550 συστῆναι.

161 2561 245 2590 ΡΞΑ’.
259 2576 294 2583 —-
314 2560 461 2595 Ἁναφορὰ
481 2559 556 2592 πρὸς
578 2559 631 2586 τὸν
644 2559 778 2595 ,βασιλέᾳ
806 2558 946 2595 Ἰωάννου

195 2594 432 2637 ἀρχιεπιονκόςῖου
454 2595 649 2637 ,Ἄντίοχεέας
660 2594 722 2637 aut
734 2594 794 2620 τῶν
810 2594 872 2621 σὺν
891 2596 946 2621 αὺ-

197 2629 251 2673 τῷέ
262 2630 505 2703 ςὶντέτραψαν
524 2629 572 2656 διὰ
587 2629 758 2656 Παλλαδίου
772 2636 946 2664 ,μαγιστρια-

197 2675 250 2694 γον
293 2678 308 2693 υ
324 2687 330 2693 .

195 2675 250 2694 Υου
264 2675 330 2694 1101.

197 2713 292 2745 Τοῦτο,
304 2711 425 2744 εὐσεϐεῖς
438 2710 557 2747 βασιλεῖς
568 2731 576 2742 ,
592 2709 671 2737 τοῦτο
683 2709 837 2745 ὀρθοδοξίας
847 2709 946 2737 σύστα-

199 2770 236 2802 18)
248 2771 298 2805 ἠμ.
310 2784 344 2789 —-
357 2777 478 2805 παρασιι,
493 2767 569 2805 addit
587 2767 671 2794 Mans.

200 2800 237 2872 $9)
256 2800 489 2846 Ϋενὸμενονίιὰιξίι
504 2803 539 2830 Μ.
562 2802 592 2842 in.
609 2809 706 2836 πῖθι-8.,
721 2801 739 2829 1.
754 2809 790 2834 c.,
813 2809 840 2836 p.
865 2800 944 2829 1585.

216 2842 254 2872 ιιι)
268 2839 391 2872 εὐθυμως
408 2839 441 2866 Μ.
460 2846 488 2866 ιιι
510 2845 640 2872 margine.

247 2842 254 2875 )
268 2839 391 2875 εὐθύμως
408 2839 441 2866 Μ.
460 2839 488 2866 in
510 2839 629 2872 margine

1268 918 1362 944 sticum
1375 926 1391 944 a
1404 918 1473 952 pari.

1013 963 1086 991 [nter
1100 963 1200 991 delicta
1215 963 1284 990 nihil
1298 967 1341 990 est
1354 963 1479 998 gravius,
1497 963 1566 990 nihil
1582 962 1767 998 perniciosius

978 1008 1132 1043 arrogantia
1157 1017 1163 1034 ε
1189 1016 1221 1035 ea
1238 1008 1312 1034 enim
1334 1007 1368 1034 ad
1383 1007 1502 1034 absurda
1513 1014 1627 1042 quaeque
1642 1006 1764 1034 deducit.

979 1053 1034 1079 Hac
1047 1052 1176 1088 Egyptii,
1204 1057 1231 1079 et
1258 1052 1305 1086 qui
1332 1059 1394 1078 cum
1410 1052 1464 1079 illis
1490 1059 1538 1078 ceu
1555 1051 1606 1079 sub
1618 1051 1702 1086 signis
1717 1052 1768 1078 mi-

978 1098 1068 1131 litant,
1082 1098 1146 1130 acti,
1164 1097 1366 1125 ecclesiasticas
1377 1097 1450 1133 leges
1464 1101 1656 1132 aspernantur,
1668 1097 1768 1132 piaque

980 1143 1029 1171 Dei
1043 1143 1294 1170 amantissimorum
1318 1142 1425 1178 1330
1446 1143 1643 1177 imperatorum
1658 1146 1767 1169 nostro-

981 1196 1043 1215 rum
1060 1189 1151 1215 edieta
1166 1184 1340 1216 conculcaht.
1369 1188 1436 1215 Nam
1459 1196 1548 1223 neque
1562 1188 1660 1223 prima,
1679 1195 1768 1222 neque

982 1232 1113 1264 secunda,
1138 1240 1229 1266 neque
1246 1232 1327 1259 tertia
1344 1232 1540 1267 imperatorum
1554 1232 1669 1267 epistola
1681 1232 1714 1259 ad
1725 1240 1769 1259 sa-

983 1278 1089 1305 niorem
1111 1284 1231 1305 mentem
1258 1286 1307 1305 eos
1330 1286 1461 1306 revocare
1483 1278 1581 1313 potuit.
1610 1278 1664 1306 Sed
1680 1286 1770 1313 neque

983 1323 1105 1357 legitima
1134 1331 1185 1358 per
1207 1331 1258 1350 nos
1283 1323 1310 1350 in
1325 1330 1374 1351 eos
1385 1323 1574 1351 exauctoratio
1589 1324 1642 1350 lata
1660 1323 1770 1351 illorum

984 1369 1114 1396 exstinxit
1126 1368 1279 1396 audaciam.
1308 1368 1362 1396 Sed
1379 1374 1408 1397 et
1423 1369 1450 1396 in
1462 1370 1592 1397 oratoriis
1607 1373 1698 1404 spreta
1710 1370 1770 1405 lege

985 1414 1168 1447 conveniunt,
1196 1419 1224 1442 et
1247 1410 1375 1450 profanas
1397 1423 1526 1451 synaxes,
1552 1415 1659 1442 etiamsi
1676 1415 1770 1450 populi

986 1459 1018 1487 ad
1032 1467 1078 1486 eas
1094 1467 1149 1486 non
1161 1460 1284 1492 veniant,
1300 1461 1431 1488 scelerate
1444 1461 1594 1494 celebrant,
1609 1465 1637 1488 et
1645 1461 1772 1489 omnibus

987 1505 1072 1532 sacris
1083 1505 1188 1532 aedibus
1199 1505 1338 1538 custodes,
1355 1506 1401 1541 qui
1414 1506 1519 1533 nullum
1533 1506 1586 1533 nisi
1598 1507 1671 1542 ipsos
1683 1507 1773 1542 ingre-

986 1550 1013 1577 di
1037 1551 1138 1584 sinant,
1163 1551 1359 1578 adhibuerunt.
1389 1552 1423 1578 Et
1443 1552 1554 1586 quidem
1568 1553 1623 1587 jam
1640 1555 1702 1579 ante
1724 1560 1774 1586 per

985 1595 1053 1622 alias
1073 1596 1180 1623 litteras
1205 1600 1304 1623 vestrae
1324 1595 1532 1631 magnificentiae
1554 1596 1704 1623 indicatum
1720 1599 1773 1628 est,

985 1645 1119 1675 quantum
1141 1641 1295 1676 periculum
1317 1641 1500 1674 adiverimus,
1529 1641 1638 1677 quando
1656 1641 1774 1676 pientis--

985 1685 1120 1713 simorum
1133 1686 1291 1721 Christique
1302 1687 1452 1713 amantium
1462 1687 1657 1721 imperatorum
1668 1690 1776 1713 nostro—

985 1739 1047 1758 rum
1061 1731 1160 1759 litteris
1173 1739 1223 1766 per
1233 1732 1383 1759 Palladium
1397 1732 1525 1760 comitem
1536 1731 1776 1766 praeclarissimum

983 1778 1039 1812 jam
1051 1778 1182 1812 acceptis,
1194 1778 1227 1804 ad
1239 1782 1361 1804 sanetam
1374 1776 1498 1811 Apostoli
1510 1777 1650 1804 basilicam
1661 1776 1776 1803 adorare

986 1823 1210 1849 instituebamus.
1237 1823 1346 1850 Etenim
1368 1830 1425 1850 non
1436 1823 1518 1850 modo
1541 1823 1575 1849 ab
1589 1822 1713 1849 oratione
1724 1822 1778 1849 fui-

987 1875 1050 1895 mus
1073 1868 1224 1903 prohibiti,
1250 1876 1348 1895 verum
1367 1869 1450 1895 etiam
1477 1868 1616 1903 lapidibus
1640 1868 1775 1903 impetiti,

988 1913 1138 1948 hostilique
1152 1913 1332 1941 insectatione
1350 1914 1428 1948 longe
1441 1913 1541 1941 abacti.

1022 1958 1092 1985 Cum
1107 1958 1200 1992 itaque
1217 1957 1328 1993 pietatis
1341 1958 1444 1985 alumni
1461 1958 1531 1990 sitis,
1547 1958 1676 1993 omnique
1691 1958 1779 1985 virtu-

988 2008 1047 2030 tum
1073 2011 1174 2038 genere
1197 2003 1396 2039 przefulgeatis,
1416 2004 1485 2031 adeo
1501 2009 1532 2031 ut
1544 2008 1636 2034 vestra
1649 2004 1733 2039 gloria
1749 2004 1778 2031 in

989 2049 1113 2076 omnium
1138 2056 1186 2076 ore
1207 2053 1345 2081 versetur,
1367 2053 1394 2076 et
1415 2053 1538 2076 sanctam
1558 2049 1709 2077 Ecelesiam
1724 2050 1778 2076 ala-

989 2095 1073 2122 criter
1087 2095 1278 2130 propugnetis,
1294 2102 1404 2122 omnem
1416 2094 1596 2130 diligentiam,
1608 2098 1638 2121 ut
1649 2093 1778 2121 secundis

990 2146 1125 2178 perpetuo
1138 2143 1230 2170 ventis
1246 2142 1360 2175 feratur,
1380 2142 1553 2174 adhibentes,
1570 2141 1777 2176 amplitudinem

957 2194 1111 2229 Dvestram
1135 2190 1307 2216 obtestamur
1322 2210 1328 2222 ,
1367 2193 1398 2216 nt
1424 2189 1596 2224 pientissimo
1621 2188 1779 2222 Christique

994 2235 1096 2263 amanti
1121 2235 1280 2270 imperatori
1306 2239 1401 2262 nostro
1426 2235 1532 2262 litteras
1548 2238 1657 2261 nostras
1671 2234 1785 2269 legatis,

994 2282 1124 2316 omnique
1137 2281 1229 2308 studio
1244 2281 1284 2308 ad
1293 2281 1346 2307 hoc
1361 2280 1536 2312 ineumbatis,
1550 2285 1581 2306 ut
1591 2287 1711 2314 praesens
1721 2278 1782 2313 qui-

995 2327 1057 2354 dem
1069 2325 1194 2353 confusio
1208 2329 1408 2359 compescatur,
1430 2324 1560 2359 omnique
1573 2323 1781 2358 perturbatione

996 2379 1027 2399 ac
1053 2371 1173 2398 tumultu
1201 2378 1216 2397 e
1239 2370 1330 2398 medio
1352 2370 1472 2402 sublato,
1491 2368 1645 2396 communis
1662 2366 1782 2404 synodus

996 2415 1152 2442 celebretur
1164 2434 1171 2446 ,
1197 2419 1226 2441 et
1246 2414 1375 2448 quaelibet
1392 2413 1602 2449 disceptantium
1618 2420 1681 2448 pars
1697 2412 1782 2439 rebus

996 2461 1182 2489 controversis
1199 2461 1318 2488 assistat.

1000 2550 1103 2585 1331
1120 2549 1209 2576 CLXI.
1230 2564 1265 2569 ——
1281 2548 1402 2585 flammis
1426 2544 1783 2585 archiepiscopiﬁntiacl'zeni

1033 2580 1237 2619 Erae-rarumque
1245 2583 1289 2618 qui
1305 2582 1344 2609 illi
1350 2581 1531 2619 adfige-(ebant,
1549 2580 1642 2619 relatio
1655 2580 1782 2614 rescripta

1035 2620 1069 2647 ad
1085 2615 1270 2654 imperatorem
1286 2626 1331 2653 per
1347 2616 1501 2645 Palladium
1515 2615 1728 2650 magistrianum.

1034 2709 1101 2740 Hoc,
1119 2707 1157 2742 pii
1172 2707 1361 2741 imperatores,
1376 2705 1429 2732 hoc
1440 2688 1601 2731 orthodoxae
1619 2701 1682 2730 ﬁdei
1701 2699 1772 2729 fulci-

1052 2765 1092 2795 ιι)
1107 2762 1270 2795 εἰσενεγκεῖν
1282 2761 1317 2787 Μ.
1332 2760 1360 2786 in
1377 2759 1509 2793 margine.

1037 2765 1092 2830 $ll)
1107 2765 1270 2795 εἰσενεγκεῖν
1283 2765 1317 2787 Μ.
1332 2767 1360 2800 in
1377 2767 1439 2786 mar.

1052 2799 1092 2826 l2)
1115 2797 1226 2830 ποθῆναι
1243 2796 1325 2823 Garn.
1339 2800 1439 2828 inepte.

1038 2826 1092 2867 (13)
1108 2826 1184 2867 Apud
1203 2831 1286 2858 Mansi
1299 2826 1417 2857 exstat'l.
1436 2837 1472 2861 (λ,
1489 2837 1515 2863 p.
1536 2826 1603 2855 i379
1620 2833 1678 2869 seq.
