1945 3058
149 77 222 112 1459

642 78 886 108 ’ῙῊΕΟΒΟΒΕΤΙ
898 77 1067 108 EPISCOPI
1080 78 1261 108 CYRENSIS

1710 74 1781 107 1460

147 137 272 160 mentum
287 135 340 164 est,
359 131 451 159 omnia
465 131 498 159 ab
513 131 568 159 illis
582 131 724 167 illegitime
736 136 796 159 acta
811 135 931 159 evertere

989 141 1041 166 σις,
1055 132 1085 159 τδ
1100 132 1179 159 λῦσαι
1193 132 1283 159 πάντα
1300 131 1335 158 τὰ
1350 130 1478 166 ἀθέσμοις
1501 130 1548 158 ὑπ’
1564 129 1676 157 ὶκείνων
1697 138 1780 165 γεγε-

147 182 175 206 et
186 177 341 212 antiquare,
363 185 423 212 quae
443 177 527 204 etiam
549 184 600 212 per
613 177 760 204 canonicas
779 176 937 204 sanctiones

144 225 202 259 jam
229 228 294 252 ante
313 231 409 251 eversa
431 227 458 250 et
482 223 623 258 antiquata
643 226 731 255 erant,
752 222 937 257 universaque

147 268 253 304 synodo
278 267 358 294 simul
384 272 558 302 congregata,
580 267 670 302 primo
689 267 750 294 loco
778 267 937 302 dogmatum

147 312 380 340 examinationem
408 312 606 340 instituendam
633 312 765 340 indicere.
780 312 851 340 Sane
873 320 936 340 cum

148 359 259 387 decreta
275 362 367 386 vestra
391 358 515 393 proxime
536 359 620 386 allata
639 366 696 385 non
713 358 817 394 absque
840 366 937 394 magna

147 404 259 432 laudum
281 403 475 438 praedicatione
497 403 669 438 legissemus,
687 404 780 431 orbem
801 407 937 431 terrarum

147 449 259 478 beatum
281 449 476 485 indicavimus,
492 449 536 476 cui
559 449 661 476 talibus
671 449 784 477 subesse
807 449 938 484 sceptris,

147 495 251 529 talique
267 494 416 529 gubernari
431 494 579 529 contigerit
595 494 722 529 imperio.

181 540 286 568 Verum
309 545 341 567 ut
362 540 431 572 ista,
451 547 622 574 quaecunque
647 539 807 572 mandastis,
827 546 936 566 omnem

147 586 358 614 admirationem
369 586 450 620 longe
463 585 797 620 excedunt,imperatores
808 585 935 620 piissimi,

114 623 118 639 "
147 633 186 660 ita'
201 631 282 659 nobis
301 639 412 667 quoque
426 631 613 658 necessarium
636 630 703 657 illud
725 634 778 662 est,
792 635 823 657 ut
839 635 937 658 vestrae

123 703 125 707 ,
147 677 282 714 majestati
305 677 440 704 rationem
466 675 622 708 reddamus,
637 683 686 702 cur
699 675 728 703 in
752 676 936 711 Ephesiorum

146 722 292 758 metropoli
320 722 475 753 constituti,
506 720 744 749 eondemnationis
771 721 938 751 sententiam

147 769 175 795 in
191 775 239 796 eos
258 768 331 795 ferre
345 767 481 802 compulsi
494 766 640 799 fuerimus,
658 767 706 801 qui
722 767 757 794 ab
771 767 830 802 ipso
843 770 937 796 statim

145 813 259 841 exordio
273 818 364 840 vestra
377 813 488 840 decreta
500 812 741 847 proculcaverunt,
757 813 804 845 qui
819 815 937 849 propria:

145 859 321 886 conscientiae
348 858 469 885 stimulis
496 858 600 892 agitati,
628 857 791 892 Apollinarii
819 865 848 887 et
879 859 936 886 Arii

143 906 271 941 dogmata
293 910 390 933 contra
414 905 544 940 pietatem
568 904 732 932 conﬁrmare
753 910 782 932 et
804 905 936 933 innovare

144 952 303 984 voluerunt,
328 959 378 987 per
393 959 437 984 ea,
457 959 519 986 qua:
531 951 651 987 Cyrillus
674 952 740 980 olim
763 952 937 980 Alexandriae

143 998 290 1034 episcopus
321 1005 410 1033 nuper
433 998 522 1033 capita
550 996 677 1026 scribens
698 1006 761 1026 cum
779 999 937 1026 anathema-

143 1044 233 1071 tismis
255 1044 331 1071 omni
352 1044 550 1079 superstitione
576 1045 692 1078 referta,
710 1045 744 1072 ad
767 1045 866 1073 urbem
890 1053 936 1073 re-

143 1090 218 1125 giam
234 1089 310 1117 misit
326 1089 391 1125 :qui
407 1089 570 1126 priusquam
585 1091 672 1118 ullam
690 1091 848 1118 divinorum
871 1091 936 1126 dog-

142 1138 247 1162 matum
266 1134 463 1163 scrutationem
485 1135 656 1171 attigissent,
676 1136 711 1163 ad
728 1135 822 1163 odium
841 1141 869 1163 et
883 1136 936 1164 ini-

143 1179 262 1207 micitias
276 1187 337 1209 sese
350 1185 502 1214 verterunt,
515 1189 590 1214 cum,
603 1181 677 1208 nulla
693 1181 802 1216 piarum
816 1182 935 1209 sanctio-

142 1232 208 1253 num
223 1233 379 1254 vestrarum
398 1227 504 1254 ratione
515 1227 620 1260 habita,
639 1226 762 1261 iniquam
780 1227 849 1254 adeo
871 1234 934 1254 sen-

142 1273 257 1299 tentiam
277 1272 382 1308 1332
403 1272 535 1300 adversus
556 1277 661 1300 tantam
683 1273 935 1308 Constantinopolis

143 1317 326 1352 imperatricis
340 1318 481 1345 civitatum
504 1318 598 1346 sedem
621 1322 725 1346 temere
740 1318 866 1353 proferre
879 1326 934 1347 non

145 1361 318 1389 dubitarunt.

178 1406 272 1442 Itaque
285 1407 395 1434 illorum
408 1407 514 1435 insania
528 1411 557 1435 et
576 1408 722 1436 insolentia
749 1417 799 1444 per
816 1410 932 1445 seipsam

989 178 1093 213 νημένα
1107 197 1115 210 ,
1138 179 1185 204 καὶ
1201 179 1258 209 τοῖς
1279 177 1391 205 κανόσιν
1407 177 1459 212 ἠδη
1479 176 1681 211 προλελυμένα,
1704 176 1735 203 τὸ
1752 177 1782 203 ὲν

990 224 1087 260 πρώτῃ
1102 223 1179 257 τάξει
1193 223 1344 259 προστάξαι
1359 223 1408 259 τὴν
1423 223 1547 256 ἐξέτασιν
1562 222 1614 250 τῶν
1632 222 1778 258 δογμάτων

988 270 1017 296 ὲν
1027 270 1060 304 τῇ
1079 269 1246 306 συνελθούσῃ
1269 268 1370 303 συνόδῳ
1386 267 1523 303 γενέσθαι.
1555 267 1782 303 Ἐμακερίσαμεν

988 314 1037 350 τὴν
1047 313 1211 349 οἰκουμένην
1227 314 1262 340 τὰ
1275 313 1430 349 πρόσφατον
1441 314 1506 349 ἡμῖν
1520 312 1687 348 κομισθέντα
1703 313 1783 346 ὑμῶν

989 360 1163 396 θεσπίσματα
1182 361 1230 387 σὺν
1254 360 1377 391 ἐπαίνοις
1402 359 1510 395 μυρίοις
1537 359 1717 393 ἀναγνόντες,
1736 358 1782 392 ἐφ’

989 405 1054 437 οἵοις
1078 406 1247 441 σκήπτροις,
1270 405 1317 432 καὶ
1339 405 1382 440 ἐφ’
1401 405 1446 440 οἵᾳ
1465 403 1589 440 βασιλείᾳ
1604 404 1783 439 διακυϐερνᾶ-

987 460 1043 480 ται.
1259 464 1264 468 ”

1030 541 1100 568 Ἀλλ’
1111 542 1206 577 ὥσπερ
1214 542 1299 569 ταῦτα
1309 541 1405 573 παντὸς
1413 541 1462 568 Θαύ
1467 541 1550 576 ματός
1558 541 1632 566 ἐστιν
1640 540 1780 572 ὲπέκεινα,

986 586 1039 614 ὅσα
1071 587 1289 622 προστετάχατε,
1322 585 1509 612 εὐσεϐέστατοι
1541 585 1678 620 βασιλεῖς,
1707 585 1780 612 οὕτω

986 634 1035 660 καὶ
1048 634 1114 669 ἡμῖν
1127 633 1268 667 ἀναγκαία
1279 633 1354 659 ἐστὶν
1372 633 1388 668 ή
1406 632 1473 667 πρὸς
1493 632 1522 658 τὸ
1532 632 1665 667 ὑμέτερον
1677 632 1780 667 κράτος·

987 678 1132 713 ἀπολογία,
1146 687 1179 705 πε
1184 678 1210 714 ρ)
1220 675 1258 705 ὧν
1269 677 1457 713 συηλάθημεν
1468 679 1496 704 ὲν
1507 679 1539 712 τῇ
1553 677 1686 712 Ἐφεσίων
1699 678 1778 711 γενό-

991 734 1066 760 μενοι
1080 725 1155 752 πόλει
1167 724 1406 759 καταψηφίσασθαι
1421 723 1464 750 καὶ
1481 725 1644 760 κατακρῖναι
1663 724 1727 756 τούς
1745 725 1779 750 ὲκ

989 772 1140 807 προοιμίων
1169 771 1204 798 τὰ
1231 770 1352 805 ὑμέτερα
1380 769 1555 804 πατήσαντας
1580 769 1776 804 θεσπίσματα·

988 817 1062 848 τοὺς,
1079 815 1173 851 ἐπειδὴ
1196 815 1248 842 ὐπδ
1264 814 1310 841 τοῦ
1325 814 1425 840 οἰκείου
1450 814 1598 846 συνειδότος
1617 814 1776 849 ἠλαύνοντο,

989 861 1111 896 κυρῶσαι
1126 861 1291 896 θελήσαντας
1303 862 1348 888 καὶ
1363 861 1514 888 ἁνανεῶσαι
1535 860 1570 888 τὰ
1587 861 1776 895 Ἀπολιναρίου

988 909 1035 935 καὶ
1058 907 1161 944 ’Λρείου
1172 908 1294 943 δόγματα
1307 908 1377 934 κατὰ
1391 907 1439 942 τῆς
1452 907 1602 939 εὐσεϐείας,
1617 908 1646 933 ἐν
1660 906 1702 938 οἷς
1716 907 1775 934 Κύ-

989 954 1078 989 ριλλος
1091 955 1105 980 ὁ
1120 953 1324 989 ’Δλεξανδρείας
1337 954 1434 989 πρώην
1449 955 1487 984 είς
1497 953 1546 989 τὴν
1560 953 1682 989 βασιλίδα
1696 953 1777 980 πόλιν

987 1000 1125 1035 κεφάλαιά
1138 1009 1198 1027 τινα
1219 1000 1289 1035 μετὰ
1309 999 1541 1035 ἁναθεματισμῶν
1562 999 1618 1035 (14)
1635 999 1774 1033 ἐξέπεμψε

988 1046 1057 1081 μετὰ
1076 1045 1165 1081 πάσης
1179 1045 1413 1081 ὲθελοθρησκείας·
1426 1046 1500 1078 τούς,
1512 1046 1576 1080 πρὶν
1586 1044 1706 1079 ἅψωνται
1716 1044 1772 1078 (15)

985 1092 1034 1127 τῆς
1053 1091 1108 1118 τῶν
1131 1091 1212 1118 θείων
1226 1091 1369 1126 δογμάτων
1391 1090 1515 1126 ἐρεύνης,
1532 1090 1600 1124 πρὸς
1611 1089 1711 1124 ἔχθραν
1726 1089 1774 1116 καὶ

986 1137 1133 1172 ἀπέχθειαν
1147 1137 1260 1168 ἰδόντας,
1276 1137 1304 1162 ἐν
1320 1133 1360 1168 οἷς
1370 1136 1523 1171 ἐτόλμησαν
1540 1135 1615 1170 παρὰ
1628 1135 1663 1162 τὰ
1678 1134 1773 1169 ὑμέτε-

988 1191 1022 1218 ρα
1037 1182 1138 1217 εὐσεϐῆ
1153 1181 1337 1217 θεσπίσματα,
1350 1182 1439 1217 ψῆφον
1457 1181 1543 1212 οὕτως
1559 1180 1651 1208 ἄδικον
1665 1180 1774 1213 ἐξενεγ-

986 1228 1043 1254 κεῖν
1059 1228 1129 1254 κατὰ
1139 1227 1266 1254 τοσούτου
1280 1227 1376 1263 θρόνου
1390 1226 1441 1261 τῆς
1456 1225 1590 1263 βασιλίδος
1599 1225 1656 1253 τῶν
1668 1225 1772 1252 πόλεων

985 1272 1298 1304 Κωνσταντινουπόλεως
1303 1292 1309 1298 .

1028 1404 1058 1431 Ἣ
1087 1404 1134 1439 μὲν
1151 1402 1199 1431 οὖν
1215 1403 1318 1430 τούτων
1335 1403 1463 1439 παροινία
1488 1403 1602 1431 αὐτόθεν
1626 1404 1708 1431 πᾶσιν
1722 1404 1771 1430 ἀν-

142 1450 288 1478 manifesta
308 1455 351 1478 est
366 1452 507 1484 omnibus,
519 1457 633 1487 propter
649 1453 723 1488 quod
739 1454 822 1481 etiam
837 1459 930 1482 sancta

987 1451 1104 1486 θρώποις
1116 1450 1181 1485 δήλη
1192 1450 1281 1477 ἐστίν·
1294 1446 1364 1486 ἐφ’ᾗ
1382 1450 1428 1476 καὶ
1445 1449 1461 1484 ἡ
1476 1449 1540 1484 ἁγία
1556 1449 1676 1482 σύνοδος,
1698 1449 1771 1485 ὀρθῷ

143 1496 264 1531 synodus
286 1501 363 1524 recto
382 1498 466 1525 animi
492 1506 587 1532 sensu,
606 1499 756 1535 divinoque
780 1500 839 1528 zelo
867 1509 930 1535 per-

142 1545 215 1570 mota
241 1546 270 1570 et
291 1543 394 1571 sanctis
410 1544 542 1572 Ecelesiis
567 1546 716 1573 consulens
729 1566 737 1578 ,
765 1546 932 1574 condemna-

142 1587 227 1615 tionis
252 1589 420 1616 sententiam
449 1589 478 1617 in
501 1597 560 1623 eos,
585 1591 633 1625 qui
653 1598 704 1619 suo
729 1591 786 1626 jam
804 1596 868 1619 ante
884 1592 930 1627 ju-

141 1633 213 1660 dicio
228 1633 402 1661 condemnati
430 1639 519 1666 erant,
531 1636 647 1670 protulit
661 1645 668 1662 :
681 1636 751 1663 nihil
777 1637 928 1671 culpabile,

141 1677 212 1706 absit
222 1697 229 1709 ,
245 1678 290 1705 vel
307 1679 496 1711 temerarium,
512 1679 586 1714 quod
601 1680 738 1715 quispiam
750 1681 862 1714 dixerit,
879 1682 930 1710 hac

141 1724 170 1750 in
183 1731 213 1750 re
229 1724 419 1757 committens;
432 1724 481 1752 sed
512 1725 625 1759 pietati,
638 1733 701 1760 quae
725 1726 753 1753 in
774 1727 929 1761 periculum

141 1769 259 1797 adducta
269 1769 424 1802 videbatur,
437 1774 501 1799 ante
511 1771 604 1798 omnia
619 1772 802 1807 prospiciens.

175 1815 265 1850 Atque
282 1815 341 1843 hac
357 1820 482 1843 actorum
496 1820 656 1844 nostrorum
671 1818 743 1852 apud
758 1819 929 1854 majestatem

140 1864 258 1887 vestram
275 1860 427 1895 justissima
449 1861 485 1888 sit
498 1861 633 1888 defensio.
646 1861 656 1872 ⁴
676 1861 771 1897 Neque
785 1863 858 1889 enim
881 1866 929 1889 aut

140 1905 226 1941 gratia
242 1910 289 1933 aut
306 1906 370 1933 odio
382 1905 457 1933 ducti
469 1907 639 1939 sumus;sed
654 1907 707 1934 hoc
719 1915 805 1934 unum
820 1912 927 1943 specta-

139 1951 239 1982 vimus,
255 1955 285 1977 ut
308 1951 381 1984 piam
396 1949 477 1978 ﬁdem
497 1951 675 1978 ﬂuctuantem
692 1951 727 1979 ab
750 1952 784 1979 iis
802 1953 880 1987 quasi
899 1953 927 1980 in

139 1996 254 2024 salutem
268 1995 488 2029 vindicaremus,
505 1996 552 2031 qui
570 1997 672 2031 scripta
687 2004 736 2024 sua
750 1997 777 2024 in
793 2005 928 2025 summam

138 2042 248 2068 illorum
273 2041 466 2068 contumeliam
494 2046 522 2069 et
551 2041 790 2070 labefactationem
819 2044 926 2071 munire

138 2087 313 2118 studuerunt,
327 2094 388 2121 qua:
400 2087 499 2114 Petrus
518 2087 657 2122 professus
673 2092 725 2120 est,
741 2095 802 2122 quae
822 2088 856 2115 de
870 2089 925 2116 Deo

982 1498 1021 1533 τῷ
1034 1498 1190 1533 φρονήματι
1215 1497 1263 1524 καὶ
1283 1496 1356 1532 ζήλῳ
1380 1496 1452 1523 κατὰ
1473 1496 1540 1523 Θεὺν
1553 1497 1707 1531 κινηθεῖσα,
1723 1497 1771 1523 καὶ

981 1544 1068 1578 φειδοῖ
1083 1543 1138 1569 τῶν
1155 1541 1240 1576 ἁγίων
1254 1542 1434 1577 Ἐκκλησιων,
1451 1542 1609 1577 κατέκρινεν
1621 1542 1772 1570 αὐτοκατα-

982 1589 1092 1624 κρίτους
1103 1588 1198 1619 ΰντας·
1215 1588 1245 1614 οὐ
1262 1587 1387 1623 μεμπτόν
1402 1596 1438 1620 τι,
1455 1587 1494 1623 μὴ
1505 1587 1621 1621 γένοιτο,
1636 1587 1697 1613 οὐδὲ
1709 1587 1771 1622 esp.

982 1634 1042 1668 μὸν,
1057 1633 1095 1664 ὼς
1110 1633 1142 1660 ἄν
1160 1642 1200 1664 τις
1213 1633 1296 1665 εῐποι,
1313 1633 1487 1668 πράττουσα,
1502 1633 1571 1660 ἀλλὰ
1590 1634 1624 1668 τῇ
1644 1632 1770 1668 εὐσεϐείᾳ

981 1678 1172 1714 κινδυνευούσῃ
1187 1678 1240 1714 πρὸ
1256 1678 1365 1706 πάντων
1378 1678 1530 1713 ἀμύνουσα.

1016 1814 1091 1848 Αὕτη
1108 1814 1177 1848 ὑπὲρ
1199 1814 1253 1841 τῶν
1277 1816 1342 1849 παρ’
1353 1814 1433 1849 ἡμῶν
1448 1813 1652 1850 πεπραγμένων
1666 1813 1767 1840 δικαιο-

979 1859 1047 1895 τάτη
1063 1860 1130 1895 πρὸς
1141 1860 1170 1886 τὸ
1185 1860 1316 1895 ὑμέτερον
1339 1860 1440 1894 κράτος
1463 1860 1533 1886 ἔστω
1550 1859 1606 1894 (16)
1622 1859 1765 1893 ἁπολογία”

979 1906 1058 1942 ἡμῶν
1075 1906 1123 1941 μὲν
1150 1906 1218 1941 μήτε
1236 1905 1304 1941 πρὸς
1326 1906 1415 1941 χάριν,
1439 1906 1507 1940 μήτε
1532 1905 1600 1940 πρὸς
1619 1904 1766 1939 ἀπέχθειαν

981 1951 1144 1986 βλεπόντων,
1158 1950 1216 1978 ἀλλ’
1228 1951 1285 1982 ἑνὸς
1299 1950 1384 1977 ὄντων
1401 1951 1469 1985 (17),
1486 1951 1533 1977 τοῦ
1544 1951 1594 1986 τὴν
1604 1950 1702 1982 εὐσεσῆ
1719 1950 1766 1976 πί-

979 2005 1037 2023 στιν
1050 1996 1259 2031 κυματουμένην
1272 1995 1366 2030 ὥσπερ
1381 1995 1511 2022 διασῶσαι
1526 1995 1577 2021 ὑπὸ
1596 1995 1650 2021 τῶν
1659 1994 1694 2020 τὰ
1706 1995 1766 2020 ἐαυ-

978 2042 1032 2068 τῶν
1044 2041 1250 2076 συγγράμματα
1265 2041 1394 2076 αὐθαδείᾳ
1415 2041 1600 2076 βουληθέντων
1618 2039 1764 2075 κρατῦναι,

978 2087 1021 2114 ἐπ’
1035 2087 1162 2123 ἀθετήσει
1173 2088 1220 2114 κα).
1232 2086 1320 2122 ὕϐρει.
1340 2084 1377 2113 ὧν
1399 2087 1501 2121 Πέτρος
1517 2086 1702 2121 ὡμολόγησεν,
1726 2082 1764 2111 ὧν

137 2133 246 2161 locutus
257 2136 299 2160 est
313 2132 442 2164 Joannes,
458 2140 519 2167 quae
541 2133 684 2160 Matthteus
698 2137 726 2160 et
739 2133 785 2160 alii
807 2141 925 2169 evange-

987 2133 1111 2168 Ἰωάννης
1127 2132 1312 2167 ὲΘεολόγησεν,
1329 2129 1366 2158 ὧν
1384 2132 1522 2163 Ματοαῶς
1537 2131 1653 2166 ἐκήρυξε
1678 2131 1724 2157 καὶ
1738 2132 1764 2157 οἱ

137 2177 206 2204 listze
218 2177 412 2212 praedicarunt,
426 2185 486 2211 qute
508 2177 609 2204 Paulus
632 2177 735 2212 Spiritu
762 2182 925 2213 suggerente

137 2223 241 2254 docuit,
269 2230 330 2257 quae
358 2229 454 2249 omnes
481 2222 626 2249 orthodoxi
655 2222 758 2257 ubique
787 2228 923 2250 terrarum

136 2268 330 2303 prmdicatione
358 2267 548 2303 divulgantes,
569 2267 641 2302 piam
671 2267 753 2295 fidem
782 2269 925 2303 plantave-

136 2318 211 2342 runt.

171 2359 262 2392 Quare
291 2363 411 2387 vestram
431 2359 560 2393 pietatem
584 2360 809 2395 maiestatemque
827 2361 854 2388 in
879 2370 925 2388 0r-

136 2404 254 2431 tliodoxa
276 2404 400 2432 doctrina
415 2403 558 2431 educatam
575 2404 675 2432 obnixe
687 2412 826 2440 rogamus,
838 2414 924 2441 quan-

136 2454 193 2476 tum
213 2457 310 2485 rogare
331 2457 493 2484 possumus,
507 2454 537 2476 ut
556 2449 627 2477 hanc
643 2451 823 2478 orthodoxam
841 2451 922 2478 ﬁdem

135 2496 254 2523 retineat
267 2495 384 2523 ﬁrmiter
398 2503 430 2523 ac
453 2500 617 2530 propugnet,
628 2500 656 2523 et
678 2497 842 2524 incolumem
856 2505 923 2525 con-

134 2544 235 2573 servet,
249 2548 313 2568 cum
332 2541 360 2567 in
379 2540 421 2567 his
431 2548 537 2568 summa
556 2549 650 2568 rerum
665 2549 728 2576 spes
743 2542 820 2569 vobis
835 2543 922 2577 posita

134 2588 180 2615 sit.
192 2587 247 2615 Nos
263 2591 355 2614 autem
370 2590 397 2613 et
418 2590 497 2614 antea
511 2591 539 2614 et
559 2595 632 2614 nunc
647 2595 757 2622 quoque
770 2588 862 2615 animo
873 2597 921 2623 pa-

135 2633 186 2660 rati
213 2639 318 2663 sumus,
339 2633 418 2668 juxta
434 2632 544 2666 pietatis
571 2637 670 2660 vestrae
692 2633 814 2666 decreta,
830 2642 920 2670 neque

169 2708 225 2775 (1.1)
243 2709 393 2744 δεκατριῶν
407 2709 481 2736 addit
494 2709 579 2748 Mans.
599 2710 625 2737 in
637 2718 722 2745 marg.

169 2745 215 2775 (I5
237 2744 357 2775 ἧψαν-τας
375 2744 408 2771 Μ.
422 2744 448 2771 in
463 2752 592 2775 margine.

169 2744 224 2776 (I5)
237 2744 357 2777 ἧψαν-τας
375 2744 408 2771 Μ.
422 2744 448 2771 in
463 2744 592 2778 margine.

169 2777 223 2814 (16)
242 2778 314 2811 ἔσται
330 2778 365 2807 Μ,
378 2778 404 2805 in
422 2777 554 2814 margine.

978 2177 1066 2204 λοιποὶ
1092 2177 1294 2210 εὐαγγελισταὶ,
1317 2173 1354 2203 ὧν
1378 2176 1482 2208 Παῦλος
1497 2177 1529 2212 τῇ
1543 2176 1590 2203 τοῦ
1605 2176 1763 2210 Πνεύματος

979 2223 1104 2259 ἐνεργείᾳ
1122 2223 1249 2256 ἐδίδαξεν,
1264 2219 1302 2249 ὧν
1318 2223 1437 2253 ἅπαντες
1453 2223 1478 2249 οἱ
1499 2221 1633 2257 ὀρθόδοξοι
1659 2229 1762 2248 παντα-

979 2271 1027 2306 χοῦ
1039 2271 1087 2305 τῆς
1103 2269 1265 2305 οἰκουμένης
1277 2268 1306 2294 τὸ
1321 2268 1451 2303 κήρυγμα
1469 2268 1632 2302 ἐκφέροντες
1653 2267 1702 2302 τὴν
1718 2267 1763 2293 εὑ-

979 2317 1043 2351 σεϐἦ
1057 2316 1146 2343 πίστιν
1160 2316 1321 2351 ὲρρίζωσαν.

1013 2362 1121 2397 Ταύτης
1134 2362 1182 2396 τῆς
1195 2361 1334 2396 ὀρθοδόξου
1350 2361 1466 2392 πίστεως
1491 2361 1642 2396 εὐχόμεθα,
1656 2363 1706 2396 ὅση
1719 2370 1763 2393 τις

976 2408 1060 2443 εὐχῆς
1079 2409 1144 2443 ἡμῖν
1160 2407 1285 2441 δύναμις,
1299 2407 1346 2441 τὴν
1362 2407 1497 2442 ὑμετέραν
1510 2408 1659 2439 εὐσέὸειαν,
1674 2407 1763 2434 καὶτὸ

977 2454 1108 2488 ὑμέτερον
1123 2454 1156 2487 τῇ
1171 2453 1310 2489 όρθοδοξίᾳ
1331 2453 1549 2489 ὲντεθραμμένον
1569 2453 1682 2488 κράτος.
1701 2454 1762 2480 ἀντ-

975 2498 1085 2533 έχεσθαι
1096 2507 1125 2525 τε
1136 2499 1182 2525 καὶ
1198 2499 1403 2534 ὐπερασπίζειν,
1419 2499 1466 2526 καὶ
1481 2499 1602 2534 ἄτρωτον
1614 2499 1761 2534 διαφυλάτ-

976 2552 1042 2576 τειν,
1056 2543 1094 2575 ὡς
1105 2545 1134 2570 ἐν
1147 2544 1251 2575 τούτοις
1270 2545 1335 2579 ὑμῖν
1355 2545 1438 2579 οὔσης
1456 2545 1503 2579 τῆς
1521 2546 1608 2572 πάντα
1622 2546 1686 2580 ὑμῖν
1703 2554 1761 2571 συν-

975 2589 1089 2624 εχούσης
1101 2590 1150 2625 τῆς
1163 2590 1217 2616 τῶν
1232 2591 1404 2625 πραγμάτων
1422 2591 1529 2623 ἐλπίδος
1541 2598 1547 2605 ”
1564 2591 1643 2626 ἡμῶν
1658 2591 1704 2618 καὶ
1715 2591 1762 2617 νῦν

975 2635 1022 2662 καὶ
1041 2635 1173 2671 πρότερον
1188 2636 1455 2671 παρεσκευασμένων
1477 2636 1515 2672 μὴ
1535 2637 1674 2669 ἐκκλῖναι,
1691 2637 1761 2663 κατὰ

1008 2712 1062 2746 (17)
1075 2713 1149 2744 Euro;
1164 2713 1198 2740 M.
1218 2714 1245 2740 in
1270 2722 1356 2749 marg.
1369 2714 1458 2742 Locus
1475 2714 1547 2742 haud
1572 2714 1655 2742 dubie
1666 2722 1761 2742 cum»

972 2753 1043 2781 pws,
1058 2749 1083 2775 in
1102 2756 1155 2783 quo
1168 2757 1216 2783 pro
1234 2749 1291 2780 ἐνὸς
1305 2749 1378 2781 ὄντος
1396 2750 1507 2785 legerint
1522 2750 1688 2778 ἑνωτὰντων.
