1945 3058
148 113 213 150 1461

818 115 1000 146 EPISTOLA
1018 115 1117 145 CLXI.

1708 110 1777 143 1462

146 173 181 199 τὰ
196 171 317 208 ὑμέτερα
328 171 511 207 θεσπίσματα,
525 172 594 206 μήτε
607 170 692 203 δεξιὰ,
707 171 775 206 μήτε
788 171 931 206 ἀριστερὰ,

992 171 1018 198 ιὰ
1030 169 1165 203 dextram,
1178 177 1267 204 neque
1282 168 1387 205 1333
1400 167 1434 196 ad
1445 158 1779 204 sinistram,quemadmo«

147 218 186 250 ὡς
198 218 215 252 ἡ
233 217 293 244 θεία
309 216 394 252 ἔφησε
409 216 513 252 Γραφή,
534 216 647 252 Ἐπειδὴ
662 216 715 252 γὰρ
734 216 803 252 πρὸς
814 216 844 243 τὸ
861 217 935 243 εὐσε-

147 263 195 295 ὃές
214 262 264 298 τὴν
285 264 376 290 πᾶσαν
405 263 490 299 ῥοπὴν
507 262 538 289 τὸ
557 262 689 298 ὑμέτερον
705 262 761 298 ἔχει
784 263 894 297 κράτος,
910 263 935 289 οι

150 309 200 345 μὲν
211 308 367 344 πειθόμενοι
383 308 473 340 ἕξουσι
489 308 534 334 τὸν
545 308 609 343 παρ’
621 307 698 343 ὑμῶν
715 307 803 335 αὐτῶν
813 307 934 340 ἔπαινον,

148 355 196 380 καὶ
207 353 256 387 τὴν
273 354 350 389 παρὰ
366 353 413 380 τοῦ
428 353 496 380 Θεοῦ
512 347 648 389 ἀποδοχήν
659 362 666 368 ·
683 353 708 379 οἱ
721 353 750 380 δέ
761 353 830 388 πρὸς
843 362 937 380 νεωτε-

149 401 266 435 ρισμοὺς
279 399 434 434 βλέποντες,
459 399 508 425 καὶ
525 399 575 434 τὴν
590 400 622 426 ἐκ
647 399 770 434 θορύϐων
793 399 937 434 ὲπινοητὴν

149 445 263 480 δύναμιν
280 445 386 476 ἐαυτοῖς
401 444 662 477 κατασκευάζοντες,
676 444 770 479 ὥσπερ
785 445 809 471 ot
825 444 875 476 τὰς
891 453 939 470 τυ-

150 490 278 526 ραννίδας
288 491 347 522 ταῖς
365 491 508 525 εὐνομίαις
521 490 714 524 ἐπεισάγοντες
729 489 807 522 ἀξίαν
822 489 939 524 ἀπενέγ-

150 544 251 561 κωνται
266 535 398 571 αἰσχύνην
411 535 478 571 (18),
488 536 536 562 ἆτε
546 535 578 570 δὴ
589 536 639 570 τὴν
646 534 774 570 εὐνομίαν
784 534 939 569 διαφθεῖραι

150 581 351 613 σπουδάσαντες
361 602 368 615 ,
393 582 439 608 καὶ
454 581 502 612 τὰς
523 581 659 616 ὑμετέρας
677 581 881 616 παρεγγυήσεις
894 589 940 616 χα-

151 627 200 662 μαὶ
216 627 293 662 ῥίψαι
306 627 504 662 τολμήσαντες.

188 716 268 741 Ὥστε
287 715 376 741 τοίνυν
397 715 532 749 μηδεμίαν
554 714 674 750 ταραχὴν
688 714 705 750 ἢ
719 714 834 749 θόρυϐον
850 715 879 740 ἐν
901 714 940 750 τῷ

152 761 234 796 κοινῷ
250 761 377 795 γενέσθαι
397 760 537 795 συνεδρίῳ,
557 760 712 787 θεσπισάτω
735 760 812 795 ὑμῶν
838 761 855 795 ἡ
871 760 942 794 φιλὸ-

152 815 260 841 χριστος
272 807 378 841 κορυφὴ
394 806 441 833 δύο
464 806 572 841 ἑκάστῳ
596 805 782 842 μητροπολίτῃ
809 807 938 834 συνεῖναι.

158 851 266 887 Ἐπειδὴ
275 854 320 878 καὶ
331 853 412 886 ἡμεῖς
423 853 478 882 τοῖς
488 852 536 886 τῆς
547 851 682 886 ὑμετέρας
692 850 831 882 εὐσεϐείας
840 850 933 886 γράμ-
956 847 978 876 Β

153 906 235 931 μασιν
261 897 382 929 εἴξαντες
409 897 553 928 τοσούτους
582 897 752 932 ἐπαγόμεθα,
781 896 937 932 δυνάμενοι,

151 944 229 978 εἰπερ
251 943 305 978 ἄρα
328 943 448 978 πλήθους
462 941 495 977 ἦν
512 943 601 978 χρεία,
626 943 768 974 πλείστους
791 942 864 978 ἔχειν
880 942 939 978 μεθ’

151 988 255 1015 ὲαυτῶν
270 989 332 1020 τοὺς
342 989 377 1016 τὰ
390 989 448 1015 θεῖα
459 989 582 1023 δόγματα
595 988 716 1023 ἀκριϐῶς
728 988 937 1023 ἐπισταμένους,

150 1035 198 1061 καὶ
210 1034 286 1062 οὐδὲν
300 1035 337 1070 τῷ
348 1035 451 1067 ἀμαθεῖ
464 1035 516 1061 τῶν
532 1034 610 1061 θείων
628 1034 725 1069 πλήθει
745 1034 877 1061 Ἀσιανῶν
891 1035 939 1061 καὶ

150 1081 306 1114 Αἰγυπτίων
318 1080 451 1112 ἐοικότας.
468 1080 499 1107 Et
512 1081 566 1116 γὰρ
576 1081 657 1106 τοῦτο
674 1080 711 1115 μὴ
727 1080 844 1114 γένοιτο,
860 1080 940 1114 ἀνάγ-

150 1134 187 1161 κη
199 1126 330 1161 σύγχυσιν
351 1124 429 1157 αὖθις
442 1125 585 1160 γενέσθαι·
607 1125 763 1159 Αἰγυπτίων
782 1126 830 1161 μὲν
856 1125 940 1152 ὄντων

151 1172 320 1206 πεντήκοντα
334 1180 340 1187 ο
362 1171 494 1199 Ἀσιανῶν
504 1171 533 1198 δὲ
551 1171 604 1198 τῶν
627 1171 678 1198 ὑπὸ
690 1171 819 1207 Μέμνονα
835 1172 880 1198 τὸν
891 1172 939 1206 τῆς

152 1217 306 1251 τυραννίδος
318 1218 365 1252 ήγε
371 1217 450 1252 μόνα,
465 1218 670 1252 τεσσαράκοντα
681 1226 686 1232 ⁸
704 1217 811 1243 καὶτῶν
825 1218 854 1243 ἐν
866 1217 940 1252 Παμ-

152 1260 235 1295 φυλίᾳ
250 1260 395 1295 αἰρετικῶν
416 1260 625 1289 Μεσαλινιωτῶν
645 1261 701 1296 (19)
722 1262 875 1296 λεγομένων
892 1261 941 1287 δώ-

151 1305 217 1332 δεκα
229 1313 235 1320 ⁸
254 1306 338 1341 χωρὶς
364 1306 418 1332 τῶν
435 1307 567 1334 συνόντων
589 1307 628 1342 τῷ
650 1307 725 1342 αὐτῷ
741 1307 939 1343 μητροπολίτῃ,

152 1351 198 1378 καὶ
213 1352 314 1387 ἐτέρων
326 1351 526 1388 καθῃρημένων
539 1353 586 1380 καὶ
598 1354 786 1389 ἀκοινωνὴτων
801 1353 871 1380 κατά
885 1354 940 1380 δια-

152 1396 251 1430 φόρους
266 1397 364 1428 τόπους
391 1397 445 1432 (‘20)
460 1397 512 1424 ὑπὸ
535 1398 651 1424 συνόδων
675 1398 759 1433 ἣὺπὺ
783 1398 940 1425 ἐπισκόπων

151 1442 345 1476 γεγενημένων
358 1451 364 1458 ·
383 1443 463 1479 οἵπερ
478 1444 546 1470 εἰσὶν
564 1444 640 1471 οὐδὲν
664 1444 776 1479 ἕτερον,
801 1444 817 1479 ἢ
838 1444 940 1478 πλῆθος

151 1487 317 1523 ἀνθρώπων,
338 1489 413 1515 οὐδὲν
433 1489 483 1524 μὲν
498 1489 610 1524 ἀκριϐὲς
625 1490 679 1516 τῶν
694 1489 773 1516 θείων
796 1490 940 1526 δογμάτων

151 1533 351 1568 ἐπισταμένων,
369 1535 492 1570 ταραχῆς
509 1535 538 1562 δὲ
550 1536 595 1562 καὶ
609 1535 730 1569 θορύὸων
747 1535 863 1570 μεστῶν,
877 1537 941 1563 Δεο-

153 1579 222 1614 μεθα
238 1579 327 1607 τοίνυν
342 1581 389 1606 καὶ
405 1580 562 1616 ἱκετεύομεν
577 1581 626 1616 τὴν
641 1581 779 1617 ὑμετέραν
797 1581 940 1609 εὑσέὃειαν

151 1622 229 1657 αὖθις
247 1626 400 1660 φροντίσαι,
416 1627 548 1653 ἐπιτεῖναι
559 1627 587 1652 δὲ.
601 1628 635 1662 τῇ
650 1628 751 1663 συνόδῳ
765 1628 814 1664 τὴν
829 1629 941 1664 εἰρήνην

151 1671 190 1706 τῷ
206 1671 316 1706 συνήθει
335 1671 411 1707 ὑμῶν
426 1672 532 1699 εὺσεὸεῖ
551 1672 727 1708 θεσπίσματι.

187 1761 356 1796 Νομίσαντες
369 1762 423 1797 γὰρ
437 1762 483 1789 νῦν
498 1763 563 1797 γοῦν
576 1763 674 1795 αὐτοὺς
691 1765 876 1799 σωψρονήσειν
897 1763 941 1790 διὰ

151 1805 186 1832 τὰ
205 1806 304 1842 εὐσεϐῆ
319 1807 472 1842 γράμματα
488 1808 537 1843 τῆς
553 1807 694 1842 θεοφιλοῦς
711 1808 787 1843 ὑμῶν
805 1808 939 1842 κορυφῆς,

152 1852 223 1887 μετὰ
245 1853 276 1879 τὸ
298 1854 505 1887 ἀναγνωσθῆναι
532 1854 624 1885 αὐτοῖς
649 1854 679 1880 τὸ
694 1853 784 1888 πάσης
813 1854 942 1886 εὐσεϐοῦς

153 1896 308 1931 προθέσεως
326 1897 408 1931 γέμον
419 1897 568 1932 θέσπισμα,
586 1899 633 1924 καὶ
648 1898 735 1925 ταῦτα
747 1899 820 1933 ἡμᾶς
837 1900 941 1932 ὑπαγο-

154 1942 250 1978 ρεῦσαι
265 1943 299 1968 τὰ
314 1943 477 1977 γράμματα,
489 1943 647 1978 ἀπήλθομεν
664 1945 703 1976 είς
723 1944 752 1971 τὸ
770 1944 942 1972 Ἀποστολιον

153 1987 200 2014 τοῦ
223 1987 300 2021 ἁγίου
326 1989 448 2015 Ἰωάννου
469 1988 515 2015 τοῦ
537 1989 742 2023 εὐαγγελιστοῦ,
761 1991 808 2017 καὶ
831 1990 942 2026 εὐχαρι-

155 2033 254 2067 στῆται
267 2034 312 2060 καὶ
327 2035 527 2070 προσεύξασθαι
541 2036 610 2072 ὑπὲρ
622 2037 668 2063 τοῦ
681 2037 815 2073 ὑμετέρου
824 2038 942 2073 κράτους

155 2079 203 2105 καὶ
222 2078 268 2105 τοῦ
294 2079 422 2112 εὐσεϐοῦς
443 2081 519 2115 ὑμῶν
546 2082 658 2108 σκοποῦ.
677 2082 755 2112 Οιὸὲ
776 2083 942 2118 θεασάμενοι

155 2125 233 2159 ἡμᾶς
247 2127 417 2162 παραχρῆμα
436 2127 481 2153 τὸν
498 2127 559 2153 ναὸν
575 2128 749 2155 ἀπέκλεισαν.
774 2129 817 2161 Ὡς
831 2129 860 2155 δὲ
875 2129 942 2162 ἕξω-

986 216 1051 244 dum
1059 216 1152 243 divina
1158 215 1298 251 Scriptura
1306 215 1469 250 loquitur“,
1476 215 1628 242 declinare.
1636 214 1705 242 Nam
1716 222 1779 242 cum

986 269 1068 290 omne
1079 261 1231 298 majestatis
1245 266 1345 289 vestra
1357 260 1479 288 studium
1497 260 1530 287 ad
1542 259 1674 295 pietatem
1689 259 1778 287 inten-

987 307 1044 340 dat,
1057 308 1096 335 illi
1109 307 1221 342 quidem
1232 307 1279 342 qui
1293 306 1446 342 paruerint,
1463 314 1477 333 a
1487 305 1566 333 vobis
1578 305 1644 340 ipsis
1657 305 1779 336 laudem.

987 362 1002 381 a
1013 354 1069 381 Deo
1082 357 1174 381 autem
1183 352 1450 380 commendationem
1463 351 1654 386 reportabuut,
1666 355 1781 378 ueteres

987 407 1055 427 vero
1067 399 1114 434 qui
1125 398 1296 426 novitatibus
1306 397 1373 426 dant
1385 405 1509 433 operam,
1521 396 1630 431 sibique
1646 396 1779 431 imagina-

989 446 1059 473 riam
1081 445 1228 480 quamdam
1253 443 1466 471 tumultuatione
1484 443 1646 478 potentiam,
1662 441 1780 476 proinde

989 499 1022 519 ac
1036 491 1076 518 illi
1091 491 1139 526 qui
1155 491 1224 518 bene
1239 489 1400 525 temperatis
1415 489 1498 516 rebus
1514 487 1633 523 publicis
1657 486 1780 522 tyranni-

989 537 1052 565 dem
1070 537 1216 568 inducunt,
1234 542 1394 570 comparare
1408 534 1530 567 student,
1545 534 1647 569 justam
1665 532 1779 567 ignomi-

990 583 1064 610 niam
1080 587 1208 617 tanquam
1226 582 1293 616 justi
1307 573 1450 616 regiminis
1470 583 1659 614 corruptores,
1672 581 1781 605 vestra—

992 636 1107 662 rumque
1130 627 1371 655 denuntiationum
1398 625 1538 654 temerarii
1564 628 1779 659 contemptores,

991 673 1144 700 incurrent.

1027 719 1200 753 Quapropter
1230 725 1263 745 ne
1286 717 1407 744 turbatio
1427 719 1475 743 aut
1489 716 1581 750 aliqua
1606 714 1781 741 tumultuatio

992 765 1140 792 concilium
1162 763 1282 795 infestet,
1296 767 1388 790 vestra
1404 762 1507 790 Christi
1533 769 1627 789 amans
1647 760 1782 788 celsitudo

993 809 1135 840 decernat,
1151 813 1180 835 ut
1193 808 1247 836 duo
1258 812 1364 835 tantum
1380 807 1494 835 cuilibet
1507 806 1718 841 metropolitano
1732 805 1781 832 ad-

992 855 1058 881 sint.
1073 854 1141 880 Nam
1158 857 1186 880 et
1200 860 1250 880 nos
1274 852 1384 887 pietatis
1402 856 1500 879 vestra:
1523 850 1623 877 littoris
1644 849 1780 880 obsecuti,

991 899 1105 928 totidem
1122 899 1297 930 adduximus,
1310 905 1374 925 cum
1396 902 1504 930 tamen,
1518 895 1664 932 siquidem
1687 895 1781 922 multi-

990 946 1085 973 tudine
1114 953 1183 980 opus
1211 944 1319 976 fuisset.
1342 943 1477 978 plurimos
1493 942 1601 978 egregie
1627 942 1654 968 in
1681 941 1782 968 divinis

990 990 1166 1026 dogmatibus
1186 989 1339 1022 institutos,
1352 997 1403 1016 nec
1425 989 1480 1016 ulla
1497 988 1602 1015 ratione
1618 995 1681 1015 cum
1693 987 1781 1021 impe-

990 1039 1044 1067 rita
1063 1039 1221 1066 divinarum
1246 1046 1339 1065 rerum
1353 1037 1537 1064 Asiaticorum
1548 1040 1577 1062 et
1589 1034 1781 1070 [Egyptiorum

990 1086 1072 1112 turba
1083 1084 1277 1116 eonferendos,
1296 1083 1442 1111 nobiseum
1464 1082 1566 1109 habere
1583 1081 1781 1116 potuissemus.

989 1131 1048 1158 Nisi
1062 1131 1136 1158 enim
1155 1131 1208 1158 hoc
1226 1134 1372 1161 statuatur,
1390 1128 1450 1155 fieri
1468 1135 1522 1155 non
1547 1130 1637 1161 potest
1652 1126 1719 1161 quin
1733 1125 1782 1152 ali-

990 1186 1044 1214 qua
1063 1185 1160 1205 rursus
1184 1177 1288 1204 oriatur
1310 1175 1437 1203 confusio
1455 1184 1461 1201 :
1487 1173 1624 1208 siquidem
1644 1172 1782 1207 quinqua-

990 1224 1064 1259 ginta
1077 1228 1142 1251 sunt
1154 1222 1290 1258 AEgyptii,
1307 1221 1357 1249 sub
1376 1221 1518 1248 Memnone
1543 1217 1696 1254 tyrannidis
1712 1217 1782 1244 duce

990 1268 1171 1303 quadraginta
1184 1267 1308 1298 Asiatici,
1328 1265 1474 1294 duodecim
1491 1265 1555 1292 item
1572 1273 1606 1291 ex
1624 1263 1783 1299 Pamphylia

990 1313 1122 1345 heretici,
1138 1311 1382 1340 Messalianitarum
1395 1311 1506 1338 nomine
1518 1310 1648 1345 appellati
1661 1318 1667 1336 :
1683 1316 1782 1344 praeter

988 1359 1059 1386 alios
1077 1358 1166 1386 eidem
1190 1358 1403 1392 metropolitano
1415 1357 1422 1366 ⁶
1442 1356 1626 1387 adhaerentes,
1641 1359 1669 1381 et
1686 1354 1753 1381 alios
1767 1362 1783 1381 a

990 1404 1094 1440 synodo
1111 1405 1153 1431 vel
1167 1404 1201 1432 ab
1215 1404 1352 1438 episcopis
1368 1402 1484 1430 diversis
1498 1402 1526 1429 in
1541 1402 1609 1428 locis
1625 1408 1784 1428 excommu-

990 1450 1098 1477 nicatos
1125 1454 1154 1477 et
1177 1449 1328 1484 depositus,
1350 1448 1397 1483 qui
1419 1455 1484 1475 sane
1509 1447 1585 1474 aliud
1611 1445 1682 1473 nihil
1706 1449 1781 1476 sunt,

992 1502 1074 1529 quam
1088 1494 1231 1521 hominum
1245 1494 1325 1521 turba
1339 1493 1495 1520 divinorum
1508 1493 1666 1527 dogmatum
1677 1491 1780 1522 nescia,

995 1539 1100 1575 133a.
1111 1544 1138 1566 et
1161 1539 1195 1566 ad
1214 1539 1350 1566 tumultus
1370 1537 1576 1573 seditionesque
1595 1541 1669 1564 nata.
1683 1537 1783 1564 Preca-

991 1593 1055 1612 mur
1070 1585 1185 1620 proinde
1205 1589 1324 1611 vestram
1344 1585 1489 1618 pietatem,
1505 1582 1722 1617 suppliciterque
1735 1589 1782 1608 ro—

992 1640 1087 1667 gamus
1110 1635 1141 1658 ut
1163 1639 1273 1658 rursum
1296 1630 1487 1665 cogitationem
1514 1628 1661 1663 suscipiat,
1690 1627 1784 1654 solilo-

991 1685 1047 1713 que
1069 1681 1163 1704 vestro
1188 1676 1234 1710 pio
1259 1675 1371 1703 decreto
1398 1681 1495 1708 pacem
1519 1673 1628 1700 concilii
1655 1672 1783 1706 adaugeri

992 1726 1082 1750 curet.

1026 1768 1135 1795 Etenim
1159 1767 1210 1793 rati
1236 1767 1278 1792 vel
1300 1773 1374 1792 nunc
1397 1766 1506 1792 tandem
1533 1763 1591 1790 fore
1621 1766 1650 1790 ut
1672 1766 1786 1797 propter

992 1813 1052 1847 pias
1076 1812 1169 1839 devoti
1195 1810 1324 1837 culminis
1347 1810 1432 1836 vestri
1456 1809 1561 1835 litteras
1579 1808 1783 1842 resipiscerent,

993 1861 1170 1892 posteaquam
1185 1855 1328 1882 decretum
1344 1854 1418 1881 omni
1435 1854 1545 1888 pietatis
1565 1860 1646 1880 sensu
1671 1852 1784 1886 plenum

993 1902 1048 1929 illis
1061 1906 1103 1928 est
1119 1902 1230 1933 lectum,
1252 1907 1357 1934 nosque
1379 1900 1429 1926 has
1444 1899 1550 1926 litteras
1571 1898 1784 1928 dictaveramus,

993 1947 1109 1982 profecti
1124 1954 1219 1973 sumus
1236 1946 1268 1972 ad
1284 1945 1375 1972 Sancti
1401 1944 1513 1972 Joannis
1528 1943 1701 1978 evangelistae
1717 1950 1785 1977 apo.

994 1993 1119 2020 stolicam
1142 1992 1301 2024 ecclesiam,
1324 1991 1426 2026 gratias
1449 1991 1549 2022 acturi,
1570 1990 1712 2024 Deumque
1735 1997 1786 2023 pro

994 2043 1083 2066 vestra
1098 2039 1248 2073 majestate,
1264 2045 1369 2071 proque
1382 2038 1427 2071 pio
1451 2036 1535 2063 animi
1554 2035 1639 2063 vestri
1659 2035 1786 2062 instituto

994 2085 1164 2120 consilioque
1180 2084 1313 2119 rogaturi.
1326 2083 1395 2111 Cum
1409 2086 1501 2110 autem
1516 2083 1554 2109 illi
1568 2090 1618 2109 nos
1634 2081 1784 2116 conspicati

994 2135 1097 2163 essent,
1117 2135 1231 2165 repente
1244 2130 1376 2164 templum
1393 2129 1473 2156 nobis
1488 2128 1672 2156 occluserunt.
1691 2128 1785 2162 Itaque

156 2170 200 2196 05v
216 2172 441 2207 προσευξάμενοι,
463 2174 510 2199 καὶ
530 2173 622 2208 μηδενὶ
650 2175 733 2210 μηδὲν
757 2175 879 2206 εἰπόντες
899 2176 939 2202 ἐπ·

996 2185 1058 2204 cum
1071 2177 1224 2204 forinsecus
1239 2175 1471 2206 adoravissemus,
1482 2174 1648 2208 silentioque
1662 2178 1786 2201 reverte-

155 2216 296 2252 ανῄειμεν,
310 2218 411 2254 πλῆθος
419 2219 528 2254 ἐξῆλθον
541 2220 655 2246 οἰκετῶν
663 2229 753 2252 τινων,
768 2221 883 2252 καὶτοὺς
894 2221 939 2255 μὲν

994 2231 1099 2255 remur,
1121 2222 1289 2249 famulorum
1320 2220 1502 2257 quorumdam
1520 2220 1668 2247 multitudo
1692 2227 1785 2248 erum—

158 2262 188 2295 ἐξ
204 2263 282 2297 ἡμῶν
303 2264 444 2299 κατέσχον,
460 2264 515 2291 τῶν
530 2265 557 2291 δὲ
574 2265 608 2293 τὰ
629 2265 684 2297 ζῶα
701 2266 873 2299 ἀπέσπασαν,
897 2267 939 2294 ἅλ-

993 2277 1072 2304 pens,
1093 2268 1162 2296 alios
1180 2268 1292 2304 quidem
1323 2271 1482 2295 nostrorum
1502 2266 1691 2297 detinuerunt,
1714 2273 1786 2292 non—

155 2309 216 2340 λους
230 2309 258 2335 δὲ
271 2311 443 2345 τραυματίας
459 2311 601 2346 ἐποίησαν·
619 2313 692 2347 ἡμᾶς
713 2312 740 2338 δὲ
756 2313 884 2347 ῥοπάλοις
899 2313 939 2339 καῖ

993 2314 1078 2341 nullis
1098 2315 1222 2349 jumenta
1249 2321 1298 2341 sua
1329 2313 1516 2345 abstulerunt,
1537 2311 1671 2347 quosdam
1702 2310 1785 2338 etiam

155 2355 238 2387 λίθοις
259 2356 424 2388 κατεδίωξαν
448 2357 530 2392 μέχρι
561 2358 658 2385 πολλοῦ
680 2358 882 2394 διαστήματος,
906 2359 939 2390 ὡς

993 2361 1226 2392 vulneraverunt;
1248 2367 1298 2388 nos
1329 2364 1421 2386 autem
1447 2358 1568 2386 fustibus
1597 2362 1624 2384 et
1647 2357 1787 2392 lapidibus

156 2401 361 2436 ἀναγκασθῆναι
376 2403 450 2437 ἡμᾶς
463 2402 532 2437 μετὰ
553 2402 654 2437 πολλῆς
675 2402 805 2435 ἐπείξεως
821 2403 876 2438 (21)
893 2412 938 2438 φυ-

156 2448 225 2480 γεῖν,
242 2447 388 2483 βαρὸἀρων
398 2449 560 2476 διωκόντων.
577 2449 669 2475 Ταῦτα
687 2449 714 2475 δὲ
729 2450 762 2476 ἐκ
780 2449 877 2476 πολλοῦ
895 2450 943 2485 ηὑ-

155 2495 285 2528 τρέπισεν
312 2495 325 2520 ὁ
347 2494 475 2529 Μέμνων,
505 2495 542 2530 μὴ
566 2495 714 2530 συγχωρῶν
743 2494 848 2530 μηδενὶν
875 2496 942 2530 μήτε

996 2406 1078 2440 longo
1110 2406 1256 2433 intervallo
1286 2405 1413 2433 inseetati
1443 2409 1517 2437 sunt,
1538 2404 1573 2431 ita
1600 2408 1630 2430 ut
1655 2407 1787 2437 tanquam

997 2451 1126 2479 Barbaris
1161 2451 1373 2486 insequentibus
1400 2458 1498 2486 magna
1518 2457 1582 2478 cum
1610 2448 1786 2476 festinatione

997 2497 1088 2533 fugam
1115 2505 1259 2532 capessere
1287 2505 1459 2534 cogeremur.
1488 2496 1552 2523 Haec
1578 2499 1671 2523 autem
1700 2494 1788 2521 multo

156 2539 357 2574 προσεύξασθαι
375 2541 403 2567 ἐν
415 2541 551 2576 εὐκτηρίῳ
564 2541 646 2576 οἴκῳ,
664 2542 733 2576 μήτε
751 2540 809 2576 μετ’
832 2541 939 2577 εἰρήνης

994 2544 1050 2578 jam
1061 2547 1124 2571 ante
1140 2547 1341 2578 prmparaverat
1352 2542 1480 2570 Memnon
1497 2551 1504 2568 :
1521 2541 1589 2568 nulli
1603 2545 1732 2569 nostrum
1745 2539 1788 2566 vel

190 2627 212 2644 ⁶¹
228 2628 307 2656 Deut.
323 2638 350 2662 v,
363 2629 406 2656 3‘2.

158 2753 163 2758 _
192 2717 246 2752 (IS)
261 2717 306 2759 Sic
317 2717 402 2759 Mans.
421 2718 448 2745 in
472 2719 603 2759 margine.
620 2719 648 2745 ln
670 2722 750 2759 textu
768 2719 886 2759 habebat
1035 2721 1089 2759 (29)
1109 2721 1147 2748 Ita
1162 2720 1306 2755 legendum
1321 2719 1394 2759 haud
1407 2719 1557 2759 dubie__pro
1568 2718 1641 2754 vulg.
1657 2717 1784 2759 τρρπσυς,

156 2752 349 2785 ἐπενεγκόντες
361 2753 433 2787 αἰσχ.
446 2761 507 2787 qua:
518 2752 602 2781 verba
616 2754 778 2782 exciderunt
793 2763 808 2783 e
821 2755 948 2782 Garnerii
999 2752 1116 2791 quodet
1128 2752 1250 2783 notatum
1265 2760 1323 2783 erat
1336 2756 1363 2782 in
1382 2763 1466 2791 marg.
1484 2752 1568 2791 Mans,
1590 2752 1768 2780 recensionis.

158 2791 243 2828 lexllu‘.
264 2822 289 2828 Π
344 2822 351 2828 η
417 2809 419 2811 .
437 2822 450 2828 ς

1009 2789 1015 2791 ⁷
1036 2791 1091 2827 (2t)
1111 2791 1264 2823 ἐπιδείξεως
1285 2791 1369 2818 Mans.
1384 2790 1411 2817 in
1427 2789 1661 2825 margincineptc.

194 2823 249 2858 (l9)
264 2822 469 2849 Μεσαλιανιτῷν
485 2823 520 2849 Μ.
539 2823 567 2850 in
580 2832 665 2860 marg.
