1945 3058
167 98 233 132 1463

660 101 904 131 THEODORETI
920 103 1090 133 EPISCOPI
1107 103 1289 134 CYRENSIS

1732 101 1808 134 1464

162 155 191 186 in
218 154 312 190 aliquo
340 154 461 182 oratorio
492 154 611 189 precari,
626 154 668 181 vel
684 155 778 190 quiete
809 155 955 190 debitoque

1014 157 1057 183 καὶ
1075 158 1267 189 καταστάσεως
1289 157 1422 184 διαθεῖναι
1444 149 1480 183 τὰ
1491 155 1710 192 ὲκκλησιαστικὰ
1727 156 1801 191 πρά-

161 201 260 232 ordine
275 209 318 229 res
333 201 533 228 ecclesiasticas
550 205 667 228 tractare
680 201 783 229 sinens.

196 246 286 280 Quare
299 245 471 273 obtestamur
483 250 602 273 vestram
614 246 755 281 pietatem,
771 250 802 274 ut
816 247 953 281 przccipue

160 291 334 318 Memnonem
348 295 505 326 tyrannum,
521 292 576 327 jam
592 292 749 326 depositum
762 292 797 319 ob
815 292 863 320 has
881 292 954 320 inso-

159 338 268 370 lentias,
296 341 324 364 et
351 337 443 364 omnia
472 338 631 365 turbantem
656 346 689 365 ac
714 338 891 370 miscentem,
919 346 953 366 ne

159 383 231 410 facta
254 391 303 411 sua
320 383 445 418 diligenti
459 384 579 410 examini
601 384 795 419 subjiciantur,
818 384 869 411 hac
886 384 954 411 civi-

157 432 214 456 tate
233 429 297 464 pelli
313 429 419 464 jubeat.
432 429 500 456 Nam
512 430 566 456 nisi
582 429 626 457 hic
640 430 804 464 expellatur.
825 429 885 458 ﬁeri
903 438 950 457 ne-

157 474 218 508 quit
239 479 269 501 ut
288 482 382 509 pacem
400 475 549 510 aliquando
567 483 774 510 recuperemus,
796 480 843 503 aut
861 475 951 511 pieta-

158 519 193 549 tis
212 524 310 548 vestra:
324 528 425 557 scopus
444 520 478 548 ad
490 520 594 548 exitum
607 521 788 557 perducatur.

157 668 262 697 CLXII.
283 685 332 709 _—_
356 670 479 709 Epistula
508 670 564 706 (22)
595 672 748 709 Theodoreti
779 673 822 709 uti
848 673 948 709 episco-

146 717 150 724 ι
193 713 257 741 pum
272 704 407 733 Andream
419 704 624 734 Samosatenum
641 708 740 743 scripta
750 708 781 735 ab
798 704 912 744 Epheso.

193 769 235 797 Ab
262 770 371 806 Epheso
395 771 519 799 scribens
545 773 635 800 saluto
665 778 741 801 tuam
764 775 950 807 sanctitatem,

158 822 241 849 quam
253 815 380 843 beatiﬁco
387 817 500 851 quidem
513 817 681 845 inﬁrmitatis
693 826 788 850 causa,
804 820 951 847 amabilem

1007 210 1110 237 γματα-

1042 246 1163 280 Δεόμεθα
1183 247 1274 273 τοίνυν
1288 247 1337 282 τῆς
1360 246 1494 282 ὑμετέρας
1512 245 1669 279 εὐσεϐείας,
1693 245 1799 281 ἐξαιρέ-

1006 300 1060 323 τως
1074 292 1204 327 Μέμνονα
1229 292 1274 319 τὸν
1297 292 1429 328 τύραννον
1452 291 1603 328 προστάξαι
1631 291 1801 326 ὲκὸληοῆναι

1006 337 1055 372 τῆς
1068 337 1170 369 πόλεως
1183 337 1295 373 ταύτης,
1309 338 1353 364 διά
1368 346 1400 372 γε
1413 338 1462 370 τὰς
1476 338 1588 371 ἀταξίας
1600 337 1682 365 αὐτοῦ
1699 338 1802 369 ταύτας

1007 382 1214 418 καθαιρεθέντα,
1229 384 1276 410 καὶ
1287 384 1412 410 κυκῶντα
1422 405 1429 415 ,
1445 383 1515 410 ὥστε
1535 384 1572 420 μὴ
1586 383 1707 419 ἀκριϐῶς
1719 385 1806 418 ὲρευ-

1005 429 1121 464 νηθῆναι
1144 429 1178 456 τὰ
1204 429 1264 456 καθ’
1282 430 1374 457 αὐτόν.
1395 430 1425 457 Εἰ
1447 430 1502 465 γὰρ
1519 426 1596 462 οὗτος
1623 429 1661 465 μὴ
1682 429 1802 465 ἐξέλθοι,

1005 475 1137 502 ἀδύνατον
1150 475 1262 510 εἰρήνην
1277 475 1414 510 γενέσθαι,
1429 475 1446 509 ἢ
1459 475 1505 502 τὸν
1523 475 1624 502 σκοπὸν
1638 475 1687 510 τῆς
1704 475 1805 511 ὕμετέο

1006 531 1056 557 ρας
1069 521 1211 553 εὐσεϐείας
1227 522 1268 554 εἰς
1279 521 1365 558 πέρας
1379 521 1509 558 ἀχθῆναι.

1004 672 1112 707 1336
1126 671 1242 698 CLXIII.
1262 671 1429 707 τνΕρίειοΙα
1462 671 1550 706 prima
1571 669 1627 706 (53)
1650 668 1801 707 legatorum

1036 705 1224 743 (Orientalium
1254 705 1446 743 Calchedonern
1486 707 1636 743 Inissorum,
1649 705 1718 731 inter
1732 711 1800 739 quos

1286 745 1344 768 erat
1352 741 1538 775 Tlteodoretus)
1544 761 1550 767 .

1036 807 1184 842 Postquam
1200 806 1401 834 Calchedonem
1423 807 1478 842 (54)
1497 806 1622 834 venimus
1642 807 1717 842 (nam
1726 806 1802 834 Con.

158 865 250 888 autem
263 861 319 897 (‘25)
337 862 393 889 Deo
405 863 548 897 existimo;
565 864 697 898 quoniam
712 865 819 897 auditu,
832 873 888 892 non
903 873 952 893 ex-
967 878 988 905 Β
1003 853 1210 904 ξωηίίηουθίίπξ
1237 860 1327 905 {nque
1339 860 1400 885 “05'
1414 860 1504 887 neque
1529 853 1678 905 advfr'saﬂi
1710 853 1802 905 ξ¹⁰³⁸ιτί

158 908 322 945 perimento,
337 909 464 944 cognovit
478 910 547 937 mala
565 918 626 945 qua:
642 910 687 937 hic
704 910 775 938 facta
787 915 861 944 sunt,
880 912 950 939 mala

157 961 268 989 omnem
284 954 400 981 rationis
414 953 469 981 vim
481 955 638 989 superantia
647 960 676 982 et
702 955 862 983 historicam
889 957 952 983 vin—

158 999 247 1026 centia
263 999 459 1032 narrationem,
475 1000 670 1034 continuisque
690 1000 819 1036 lacrymis
833 1005 861 1028 et
888 1009 953 1036 per-

158 1043 250 1079 petuis
263 1043 373 1072 ﬂetibus
405 1045 497 1079 digna.
531 1045 706 1072 Periclitatur
729 1046 802 1073 enim
821 1047 953 1074 Ecclesiae

157 1096 259 1123 corpus
276 1088 395 1123 dirumpi
412 1089 467 1124 (24)
487 1098 493 1115 :
511 1090 596 1124 magis
621 1090 648 1116 id
663 1098 730 1118 vero
753 1090 809 1126 (25)
825 1092 880 1126 jam
911 1092 954 1118 in-

157 1133 291 1161 eisionem
308 1134 438 1168 suscepit,
453 1134 505 1161 nisi
518 1134 563 1162 ille
588 1134 699 1170 sapiens
710 1136 834 1164 medicus
860 1137 950 1164 divisa

157 1184 186 1207 ct
199 1179 352 1214 putrefacta
368 1180 490 1207 membra
507 1180 633 1207 reﬁceret
648 1185 677 1208 et
685 1182 865 1216 coniungeret
880 1181 949 1217 ('26).

193 1225 410 1253 Insanititerum
427 1225 561 1261 Egyptus
576 1225 710 1253 adversus
724 1227 822 1259 Deum,
848 1232 877 1254 et
893 1227 954 1254 bel-

108 1268 109 1271 “
159 1272 197 1299 lat
222 1279 285 1299 cum
309 1273 386 1299 Mose
401 1276 429 1298 et
458 1273 560 1304 Aaron,
576 1276 606 1299 et
629 1271 739 1301 famulis
763 1274 824 1309 ejus
838 1273 906 1310 (27),
925 1278 954 1301 et

159 1317 279 1353 plurima
303 1325 365 1352 pars
394 1318 477 1345 Israel
498 1318 666 1345 adversariis
697 1319 852 1353 consensit;
870 1320 954 1347 nimis

160 1371 228 1391 vero
242 1364 322 1399 pauci
340 1367 405 1392 sunt
415 1364 485 1396 sani,
502 1363 607 1399 1335
628 1364 675 1398 qui
686 1368 715 1391 et
731 1372 782 1400 pro
799 1365 902 1400 pietate
914 1366 954 1393 la-

161 1408 268 1437 bores"
287 1413 384 1444 sponte
403 1410 550 1437 sustinent.
582 1410 727 1438 Deculcata
753 1404 817 1438 sunt
842 1412 954 1447 pietatis

160 1455 340 1483 venerabilia.
357 1456 399 1482 Illi
416 1455 464 1490 qui
478 1455 596 1490 depositi
612 1461 688 1488 sunt,
705 1457 886 1484 sacerdotalia
902 1450 954 1484 mi-

161 1501 276 1531 nisteria
294 1505 443 1536 peragunt;
461 1501 543 1536 etqui
559 1501 756 1536 deposuerunt,
766 1502 839 1530 domi
856 1502 953 1530 sedent

1003 898 1109 926 intrare
1125 899 1251 933 permissi
1280 906 1385 931 sumus,
1398 904 1510 934 propter
1538 899 1690 927 seditiones
1712 899 1802 927 bono-

1004 951 1066 970 rum
1082 942 1314 976 monachorum),
1338 943 1409 970 fama
1442 943 1610 978 accepimus,
1643 942 1717 977 quod
1734 946 1802 969 ante

1003 994 1066 1017 octo
1093 988 1154 1016 dies
1178 989 1340 1024 priusquam
1360 997 1585 1024 eompareremus
1609 989 1654 1024 (en
1683 989 1802 1024 gloriam

1004 1033 1170 1069 pientissimi
1185 1033 1297 1069 regisl),
1312 1034 1440 1061 dominus
1465 1034 1610 1061 Nestorius
1627 1034 1662 1061 ab
1689 1034 1802 1069 Epheso

1003 1079 1134 1107 dimissus
1146 1080 1191 1113 sit,
1206 1084 1237 1107 ut
1247 1085 1292 1108 cat
1306 1087 1361 1115 quo
1378 1080 1477 1108 liberet
1499 1089 1505 1107 :
1527 1080 1599 1107 unde
1616 1080 1695 1108 valde
1709 1080 1802 1107 dolui-

1003 1133 1075 1157 mus,
1089 1125 1315 1160 quandoquidem
1331 1134 1397 1154 vere
1413 1134 1445 1153 ea
1457 1134 1518 1161 quae
1542 1126 1637 1153 illicite
1650 1130 1679 1153 et
1694 1126 1801 1161 absque

1002 1171 1109 1206 judicio
1125 1171 1196 1198 facta
1215 1177 1288 1204 sunt,
1305 1172 1360 1207 jam
1382 1172 1468 1199 robur
1481 1172 1585 1199 habere
1603 1172 1744 1199 videntur.

1041 1215 1115 1243 Sciat
1129 1220 1221 1243 autem
1239 1221 1332 1244 vestra
1358 1218 1493 1245 sanctitas
1511 1225 1562 1245 nos
1589 1217 1732 1252 promptos
1748 1224 1801 1252 pro

1006 1260 1060 1288 tide
1076 1266 1217 1289 certamen
1229 1261 1357 1294 inituros,
1370 1265 1399 1288 et
1411 1265 1519 1289 certare
1544 1261 1615 1289 velle
1630 1261 1665 1288 ad
1681 1265 1800 1288 mortem

1004 1313 1104 1340 usque.
1124 1306 1321 1341 Exspectamus
1337 1310 1428 1333 autem
1447 1306 1541 1339 hodie,
1568 1307 1621 1334 hoc
1636 1311 1688 1338 est,
1711 1305 1801 1333 unde-

1004 1351 1077 1378 cima
1102 1352 1206 1379 mensis
1221 1352 1358 1387 Gorpimi,
1385 1352 1566 1380 transiturum
1594 1351 1801 1387 pientissimum

1005 1403 1132 1425 nostrum
1152 1405 1245 1434 regem
1263 1399 1296 1425 ad
1325 1399 1520 1431 Ruﬁnianum,
1544 1402 1574 1426 et
1599 1399 1656 1426 illic
1688 1406 1801 1426 causam

1004 1443 1174 1470 auditurum.
1193 1444 1324 1471 Preeetur
1336 1444 1420 1479 igitur
1439 1448 1532 1472 vestra
1553 1444 1686 1471 sanctitas
1704 1448 1734 1470 ut
1746 1444 1802 1470 Do—

1004 1488 1097 1516 minus
1109 1488 1237 1516 Christus
1258 1497 1308 1516 nos
1326 1489 1456 1524 adjuvet,
1491 1497 1547 1524 quo
1572 1490 1713 1516 valeamus
1736 1497 1806 1516 san-

162 1534 314 1582 gementes.
346 1534 386 1573 Illi
413 1547 459 1581 qui
473 1534 535 1574 cuin
567 1534 701 1582 depositis
722 1550 952 1577 excommunicati
967 1543 987 1571 ο
1005 1540 1112 1582 “ora”
1124 1535 1237 1582 mirum
1255 1534 1337 1562 ﬁdem
1346 1535 1489 1582 '0h0l3'e'
1547 1536 1574 1582 in
1590 1535 1721 1582 “3'9"”
1737 1542 1802 1562 san-

162 1598 238 1626 sunt,
256 1593 397 1629 depositos
415 1593 602 1621 liberaverunt
613 1594 796 1629 depositione,
815 1595 888 1623 sicut
910 1603 955 1623 ar-

162 1639 259 1666 bitrati
276 1643 351 1667 sunt.

199 1698 294 1725 Talem
306 1697 405 1724 ludunt
422 1696 556 1732 synodum
572 1695 700 1731 IEgyptii,
718 1701 747 1724 et
764 1697 912 1730 Palaestini,
927 1702 954 1724 et

163 1741 281 1773 Pontici,
301 1745 329 1768 et
361 1740 465 1772 Asiani,
482 1743 510 1767 et
536 1746 599 1766 cum
622 1740 665 1766 his
680 1739 809 1767 Occasus.
833 1741 954 1769 Plurima

162 1786 237 1814 enim
256 1794 318 1821 pars
331 1785 407 1813 orbis
419 1790 554 1812 terrarum
571 1784 699 1811 morbum
716 1786 848 1820 suscepit.

199 1843 298 1878 Quales
310 1842 387 1870 mimi
406 1842 595 1873 ridiculorum,
613 1841 640 1868 in
659 1846 783 1876 tempore
795 1841 955 1876 impietatis,

163 1889 205 1920 sic
221 1889 352 1925 pietatem
372 1889 401 1917 in
416 1887 551 1915 comtedia
570 1886 625 1922 (28)
646 1887 834 1914 deluserunt?
862 1887 957 1921 Qualis

164 1943 231 1964 vero
256 1934 399 1962 commdiaa
427 1933 544 1967 scriptor
577 1933 659 1960 talem
691 1941 813 1968 unquam
837 1933 957 1961 fabulam

165 1981 342 2010 recitaverit?
359 1980 453 2013 Qualis
468 1987 534 2007 vero
549 1979 689 2014 tragcedire
704 1983 793 2011 poeta,
813 1979 894 2014 digne
910 1979 958 2006 Ile-

165 2032 211 2056 tus
227 2035 322 2055 eorum
339 2025 553 2061 conscripserit?
570 2025 657 2052 Tanta
675 2030 703 2052 et
716 2025 779 2051 talia
801 2024 850 2052 Dei
866 2025 962 2052 Eccle-

167 2074 214 2102 sia:
233 2073 287 2108 (29)
312 2073 383 2100 mala
407 2072 462 2108 (50)
482 2071 684 2099 insultaverunt
703 2079 710 2096 :
733 2078 889 2105 quanquam
905 2070 960 2106 (3|)

167 2119 357 2147 brevissimam
374 2117 538 2153 particulam
554 2116 665 2144 narravi
679 2124 775 2143 eorum
803 2123 864 2152 qua:
892 2124 962 2151 prin-

168 2168 277 2199 sumpta
287 2167 353 2208 sunt
372 2162 440 2199 (52),

207 2253 263 2288 (22)
282 2253 376 2280 Exstat
390 2252 449 2288 haec
461 2251 519 2288 ipsa
533 2250 648 2288 epistola
666 2249 763 2288 iisdem
778 2250 870 2288 verbis
884 2249 956 2288 inter
974 2252 994 2279 D

172 2293 231 2318 acta
254 2285 361 2315 concilii
389 2285 479 2321 quinti
497 2285 793 2321 Constantinopolitani
813 2285 956 2321 collattﬁ,

171 2322 359 2360 apudeansi
384 2319 411 2349 in
442 2320 684 2360 Collect.._con'ei.l.
705 2321 800 2354 ampl.,
828 2325 893 2360 toni.
909 2319 959 2360 Iit,

171 2354 198 2394 p'.
222 2359 285 2390 295,
298 2358 344 2392 qui
366 2365 425 2384 eam
447 2364 461 2394 e
483 2355 724 2394 Baluziieditione
742 2355 884 2394 eépressit.
902 2354 961 2394 alia

171 2390 269 2423 Latina
284 2390 475 2427 interpretatio
486 2394 527 2417 est
544 2391 570 2427 in
581 2390 717 2427 Synodico
732 2390 867 2427 a__Baluzio
875 2390 962 2427 edito,

172 2439 197 2457 c.
213 2428 257 2459 20.
273 2425 433 2464 (ιυωιίνὶά.
455 2426 483 2452 in
505 2425 606 2452 eadem
634 2425 719 2452 Mans.
744 2425 868 2457 Collect.,
887 2429 907 2451 t.
930 2425 962 2458 V,

171 2472 200 2501 p-
214 2464 275 2501 1&7-

219 2498 265 2530 25)
280 2498 326 2525 Sic
339 2502 447 2526 veteres
459 2495 520 2522 libri
535 2495 606 2530 apud
619 2495 723 2526 Baluz.,
735 2495 809 2529 vulg.
824 2503 894 2521 vero.

220 2530 265 2567 24)
280 2533 416 2567 Disrumpi
431 2531 568 2562 habebant
583 2531 664 2567 iidem
681 2530 753 2558 libri.

221 2564 267 2603 25)
282 2567 366 2603 Magis
377 2564 415 2594 his
431 2571 569 2603 autgn,_s_.
585 2566 780 2603 magisautrm.
797 2564 865 2603 Illuri
878 2564 963 2603 codex

172 2599 386 2635 Bellovacerisis,
407 2603 460 2630 hoc
482 2599 645 2628 Parisiensis
668 2600 751 2627 habet
785 2600 856 2634 apud
883 2599 962 2626 Baln—

174 2647 258 2667 1mm.

211 2672 344 2710 (26)rSic
368 2672 441 2707 apud
472 2671 570 2703 Mans,
588 2670 672 2698 Garn.
701 2669 817 2704 refecerit
846 2673 868 2695 et
907 2677 967 2695 con-

173 2712 306 2746 junxerit.

195 2742 378 2785 .(27L-Bei‘lu‘t'i
394 2742 490 2775 (Paris.
517 2741 604 2773 Bella)
630 2740 717 2775 Moyse
737 2745 760 2766 et
778 2739 878 2767 Aaron.
899 2739 952 2773 fam

177 2777 242 2816 ejus.
261 2778 306 2805 Sic
319 2777 419 2815 Iicllov.
573 2812 578 2816 .

213 2814 266 2850 (9.8)
286 2810 314 2838 In
336 2812 501 2838 Mrhoun'dia
521 2812 604 2839 Paris.
618 2811 689 2845 apud
704 2810 796 2837 Belua.

1006 1584 1056 1607 etas
1068 1580 1197 1608 Ecclesiae
1208 1585 1303 1608 exorta
1324 1581 1445 1615 capitula
1468 1581 1602 1608 radicitus
1630 1580 1799 1615 discerpere.

1008 1626 1111 1653 Eadem
1126 1631 1157 1653 ut
1172 1630 1201 1653 et
1212 1631 1303 1653 vestra
1315 1626 1446 1654 sanctitas
1466 1627 1567 1653 sentiat
1580 1634 1612 1652 ac
1627 1626 1719 1657 faciat.
1750 1625 1802 1651 ob-

1008 1679 1158 1704 secramus,
1175 1675 1338 1706 maneatque
1355 1671 1384 1698 in
1397 1679 1446 1698 sua
1455 1679 1504 1706 pro
1516 1671 1569 1698 (ide
1580 1670 1733 1697 orthodoxa
1744 1669 1801 1696 ala-

1008 1717 1118 1745 critate.

1042 1763 1129 1790 Porro
1144 1770 1207 1790 cum
1221 1762 1322 1798 scripta
1334 1767 1406 1790 esset
1422 1761 1548 1797 epistola,
1563 1761 1686 1788 nondum
1700 1767 1800 1794 oecur-

1008 1811 1083 1834 rerat
1095 1808 1175 1835 nobis
1189 1807 1318 1834 dominus
1330 1807 1469 1834 Ilimerius
1493 1815 1499 1833 :
1520 1814 1583 1833 nam
1607 1806 1734 1833 fortassis
1751 1805 1802 1832 im-

1007 1853 1117 1887 peditus
1132 1857 1174 1881 est
1200 1854 1228 1880 in
1246 1854 1354 1881 itinere.
1372 1853 1508 1881 Creterum
1533 1853 1603 1880 nihil
1627 1860 1677 1879 vos
1695 1851 1799 1878 turbet.

1008 1897 1157 1933 Speramus
1167 1898 1241 1926 enim
1257 1899 1345 1926 tristia
1361 1898 1562 1933 exstinguenda
1573 1918 1580 1929 ,
1600 1901 1628 1924 et
1654 1897 1801 1924 veritatem

1009 1944 1182 1979 eﬂulsuram,
1199 1945 1281 1973 modo
1297 1949 1388 1975 vestra
1413 1945 1502 1979 pietas
1518 1949 1630 1972 strenue
1659 1950 1710 1970 nos
1724 1942 1806 1977 adju-

1010 1995 1066 2018 vct.

1009 2059 1125 2087 CLXIV.
1141 2075 1174 2079 —
1190 2059 1284 2086 Altera
1312 2059 1463 2086 earumdem
1487 2057 1598 2091 epistola
1620 2055 1802 2091 intempestiva

1098 2094 1129 2120 de
1145 2095 1255 2121 victoria
1273 2093 1456 2129 gloriantium,
1474 2091 1509 2120 ad
1524 2093 1627 2120 eosdem
1643 2091 1713 2126 (55).

1045 2161 1179 2188 Precibus
1194 2160 1349 2188 sanctitatis
1365 2165 1463 2187 vestra:
1494 2159 1574 2186 datus
1591 2163 1634 2186 est
1660 2156 1742 2184 nobis
1757 2163 1802 2183 ac-

1122 2251 1193 2290 V_ctt.
1208 2250 1272 2290 libri
1285 2250 1368 2290 apud.
1382 2249 1476 2277 Baluz.
1486 2247 1616 2276 Ecclesia.

1049 2285 1104 2320 (50)
1121 2285 1231 2312 xEmula
1250 2285 1336 2312 Paris.

1061 2321 1104 2356 5i)
1123 2321 1206 2355 Magis
1219 2329 1280 2356 vero
1293 2320 1378 2356 Mans.

1062 2354 1105 2388 52)
1122 2354 1202 2382 Plura
1215 2355 1353 2382 adduntur
1367 2355 1394 2381 in
1405 2354 1552 2390 Synodico,
1564 2354 1583 2390 I.
1601 2361 1626 2390 c.

1051 2386 1106 2425 (55)
1131 2390 1262 2418 Eamdem
1291 2386 1548 2425 interpretationem
1570 2389 1651 2425 hujus
1680 2386 1801 2425 epistola

1017 2422 1187 2453 nabcntacta
1199 2424 1306 2453 concilii
1321 2422 1502 2453 Orientalium
1522 2423 1653 2458 Ephesini
1679 2423 1707 2449 in
1727 2422 1800 2448 Man-

1016 2461 1092 2487 siana
1103 2460 1281 2492 Collectione,
1296 2465 1315 2486 t.
1330 2459 1373 2491 IV,
1387 2467 1413 2494 p.
1427 2460 1494 2486 I406
1505 2466 1573 2493 seq.,
1586 2459 1667 2494 aliam
1680 2458 1707 2484 in
1716 2458 1801 2494 Syno-

1017 2495 1090 2527 dieo,
1109 2503 1133 2522 c.
1149 2495 1194 2526 26,
1210 2499 1230 2522 t.
1246 2487 1402 2525 νίοοιιεὲί.
1417 2494 1512 2525 Mans.,
1524 2487 1551 2527 p3
1566 2487 1626 2520 ί194.
1642 2493 1671 2520 In
1690 2487 1801 2527 quibus—

1018 2531 1080 2557 dam
1096 2534 1161 2557 vclt.
1180 2530 1258 2557 libris
1273 2530 1310 2557 ita
1327 2529 1503 2556 inscribitur:
1521 2529 1699 2555 Sanctissima:
1717 2532 1742 2553 et
1757 2535 1801 2553 sa-

1017 2566 1186 2600 pientissimw
1199 2565 1309 2600 synodo,
1325 2572 1382 2599 qua!
1394 2565 1421 2590 in
1436 2564 1556 2600 EphesoL
1564 2563 1692 2600 Joannes,
1709 2561 1801 2600 (locvt-

1017 2596 1074 2632 izes)
1091 2599 1202 2631 Paulus,
1214 2596 1360 2630 Macarius,
1371 2596 1523 2635 Apriugiuc,
1537 2598 1716 2630 Tlieodoritus,
1728 2596 1801 2632 (Hel—

1018 2635 1130 2667 ladiua),
1144 2636 1170 2661 in
1189 2635 1299 2661 Domino
1310 2634 1435 2661 salutent.

1053 2670 1108 2704 (54)
1127 2670 1316 2697 Chalcedonem
1330 2670 1415 2696 Mans.

1052 2701 1189 2741 (55)”IIaae
1201 2712 1310 2741 quoque
1340 2708 1437 2741 exstat
1454 2703 1481 2730 in
1494 2703 1567 2741 actis
1584 2701 1801 2741 commemoratis

1017 2740 1089 2774 apud
1105 2738 1242 2772 Mansi,’t.
1262 2739 1306 2771 IV,
1329 2748 1354 2774 p.
1376 2739 1464 2771 Illi;
1494 2738 1613 2774 itemque
1631 2746 1664 2765 ex
1687 2738 1738 2765 alia
1761 2738 1801 2763 in-

1017 2773 1209 2810 terpretatione
1227 2775 1254 2801 in
1273 2773 1398 2809 smmum
1416 2782 1439 2800 c.
1458 2774 1502 2806 27,
1521 2782 1546 2808 p.
1567 2773 1632 2800 793.
