1945 3058
159 104 228 138 1465

812 109 993 140 EPISTULA
1012 110 1134 141 CLXVI.

1721 101 1790 136 H66

158 169 252 190 cessus
267 162 301 190 ad
312 163 516 198 pientissimum
532 172 624 200 regem
643 172 781 198 nosrrum,
795 165 945 200 divinaque
961 169 984 197 Α
998 167 1158 200 minentur,‘
1177 170 1205 194 et
1234 166 1268 194 de
1293 166 1335 193 bis
1367 161 1502 199 disputari
1526 169 1640 198 prorsus
1670 168 1727 188 non
1751 161 1789 188 st-

158 209 245 242 gratia
263 209 317 242 his,
330 210 378 245 qui
394 210 503 238 diversa
517 211 651 244 sentiunt,
677 211 705 238 in
722 210 873 237 certamine
902 218 948 237 su—

159 254 284 288 periores
299 255 364 282 facti
381 264 494 290 sumus;
527 257 591 291 quia
616 256 708 283 omnia
725 256 836 290 quidem
855 260 949 283 nostra

160 305 273 335 accepta
289 301 367 329 fuere
395 302 469 336 apud
481 302 584 329 Christi
612 302 830 330 amantissimum
845 310 946 337 regem.

159 345 242 372 Lecta
256 351 348 373 autem
359 352 423 375 sunt
440 349 531 375 oblata
546 349 580 376 ab
595 349 666 381 aliis,
681 353 710 376 et
727 357 787 383 quae
804 348 861 375 visa
884 352 950 375 sunt

161 392 281 427 indigna,
299 397 329 419 ut
344 394 543 429 reciperentur,
562 403 652 429 neque
676 395 760 421 ullam
778 401 949 428 consequen-

160 437 226 464 tiam
243 438 389 470 habebant,
409 440 564 475 rejecimus.
578 440 671 476 Cyrilli
688 441 762 468 enim
789 448 898 468 sursum
918 448 950 468 ac

161 482 289 510 deorsum
306 491 441 512 memores
453 489 542 518 erant,
558 486 729 520 orabantque
751 486 829 513 illum
856 494 949 513 accer-

160 528 221 561 siri,
235 532 266 556 ut
283 530 340 564 ipse
359 538 409 565 pro
428 532 519 566 scipso
549 532 683 559 rationem
704 532 841 559 redderet.
856 532 949 567 Usque

159 573 188 600 in
205 580 368 608 praesentem
381 576 454 603 diem
478 585 534 604 non
554 577 737 605 obtinuerunt
755 576 823 613 (36),
840 577 887 604 sed
901 585 950 603 au-

160 619 273 648 dierunt
290 622 362 656 quod
377 623 524 657 oportebat
542 624 598 659 (57)
620 631 762 651 sermones
777 623 811 651 de
835 623 948 658 pietate,
968 634 976 642 -

161 665 213 692 hoc
227 670 278 697 est,
297 666 331 693 de
345 667 477 703 religione
495 668 550 705 (38)
567 669 641 702 ﬁdei,
656 673 684 697 et
694 669 851 697 conﬁrmari
868 669 950 696 ﬁdem

161 710 217 746 (59)
230 712 374 740 beatorum
386 713 508 740 Patrum.

197 757 397 793 Redarguimus
423 765 452 788 et
467 760 608 792 Acacium,
622 761 669 795 qui
685 761 713 788 in
740 760 951 788 Commentariis

159 808 300 837 posuerat,
320 805 478 839 passibilem
495 814 555 834 esse
584 806 729 834 Deitatcm.
762 806 840 839 Quod
863 814 950 841 usque

160 849 229 876 adeo
252 852 384 885 gravatim
407 852 470 879 tulit
483 852 545 888 pius
571 861 617 880 rex
632 857 737 885 noster,
753 857 782 879 ut
807 857 950 880 excuteret
967 845 986 873 Β

160 895 285 930 pallium,
298 901 326 924 et
334 901 486 925 retrorsum
501 899 612 926 cederet
626 907 682 933 prae
697 898 872 934 blasphemiae
893 906 950 925 rna-

160 940 313 975 gnitudine.
331 942 439 971 Scimus
456 948 549 972 autem
576 949 605 972 et
632 949 720 972 totum
756 945 951 972 consistorium

160 993 212 1013 nos
224 987 301 1015 valde
314 987 416 1017 habere
428 995 564 1024 acceptos,
577 990 651 1025 quod
664 998 713 1026 pro
741 990 844 1025 pietate
862 993 952 1019 certa-

161 1040 233 1060 mus.

196 1079 291 1107 Visum
311 1080 393 1116 igitur
406 1082 630 1117 estpientissimo
643 1086 738 1110 nostro
752 1083 809 1118 regi
819 1086 850 1110 ut
866 1090 953 1110 unus-

161 1124 278 1160 quisque
289 1134 369 1154 suum
389 1135 502 1155 sensum
519 1133 649 1163 exportat,
667 1133 694 1155 et
710 1136 766 1155 suae
787 1128 884 1163 pietati
912 1127 954 1156 of-

161 1169 240 1197 ferat.
258 1172 460 1207 Respondimus
472 1179 563 1201 autem
576 1182 626 1201 nos
640 1174 713 1209 quod
726 1174 897 1209 impossibile
910 1178 953 1202 est

162 1216 221 1244 ﬁeri
241 1218 321 1244 aliam
338 1219 548 1253 expositionem,
563 1228 645 1255 quam
664 1228 707 1253 ea,
734 1228 795 1255 qua:
823 1220 850 1247 in
863 1219 953 1249 Nicaea

161 1270 177 1290 a
192 1262 359 1291 beatissimis
370 1265 499 1292 Patribus
510 1265 581 1292 facta
595 1270 637 1292 est
649 1275 655 1292 :
665 1271 692 1293 et
705 1265 810 1300 plaCUit
824 1266 883 1301 ejus
896 1274 954 1294 ma-

159 1307 263 1342 jestati.
278 1309 475 1344 Proposuimus
490 1311 573 1346 igitur
586 1312 671 1345 illam,
685 1312 714 1338 in
723 1319 778 1347 qua
793 1317 883 1340 vestra
891 1320 954 1340 san-

163 1354 243 1382 ctitas
259 1355 431 1391 subscripsit.

198 1400 333 1428 Caeterum
361 1402 451 1430 omnis
482 1403 600 1438 populus
631 1403 955 1439 Constantinopolitanus

106 1462 112 1468 -
160 1446 263 1482 iugiter
274 1447 308 1475 ad
321 1455 371 1475 nos
386 1449 472 1481 venit,
490 1457 573 1476 orans
589 1452 619 1476 ut
632 1453 744 1476 strenue
758 1457 808 1484 pro
834 1449 886 1477 ﬁde
904 1457 956 1485 pu-

163 1501 278 1530 gnemus
290 1503 297 1527 ;
313 1495 486 1530 multumque
495 1495 652 1522 laboramus
661 1495 695 1525 ad
705 1495 879 1523 retinendum
892 1504 951 1528 eos,

163 1543 198 1563 ne
216 1537 359 1564 videamur
371 1539 543 1567 occasionem
560 1539 668 1567 dedisse
679 1539 855 1568 adversariis.
877 1541 953 1568 Misi-

164 1589 226 1609 mus
241 1587 333 1610 autem
362 1585 501 1619 exemplar
519 1586 709 1620 expositionis,
728 1591 758 1613 ut
781 1587 836 1614 duo
863 1588 957 1615 exent-

163 1627 251 1663 plaria
266 1627 342 1661 ﬁant,
360 1629 523 1665 duobusque
536 1630 590 1657 illis
610 1631 802 1658 subscribatis.

172 1695 278 1731 1337
297 1695 398 1724 CLXV.
424 1712 461 1717 -—-
487 1697 662 1724 ‘Eorumdem
685 1697 808 1731 Epistola
836 1699 871 1726 ad
901 1707 957 1726 eus-

489 1734 547 1759 dcm
563 1732 631 1768 (40).

199 1786 323 1814 Dominis
346 1787 464 1816 maxime
491 1787 701 1816 hunorabilibus
723 1793 751 1816 et
776 1789 956 1824 pientissimis

163 1833 310 1868 episcopis,
329 1834 375 1868 qui
391 1834 419 1860 in
433 1834 542 1868 Epheso
558 1838 632 1865 sunt,
646 1833 765 1861 Joannes
773 1834 851 1869 (ιϐ’),
863 1834 957 1862 Hime-

164 1879 233 1908 rius.
252 1879 364 1911 Paulus,
391 1879 536 1911 Maearius,
566 1879 724 1914 Apringins,
753 1879 954 1907 Theodoretus.

200 1925 303 1958 Quinto
316 1932 443 1952 accessus
454 1925 534 1951 nobis
548 1925 664 1959 contigit
676 1933 683 1958 ;
702 1929 730 1952 et
744 1926 870 1960 quamvis
884 1926 956 1953 mul-

164 1976 222 2000 tum
235 1971 269 1998 de
286 1971 423 1997 haereticis
435 1970 563 2005 capitulis
579 1970 833 2004 disceptaverimus,
846 1971 957 2006 jureve-

163 2018 305 2051 rimusque
333 2017 435 2051 saepius
452 2017 624 2051 pientissimo
638 2017 705 2052 regi,
723 2017 796 2051 quod
829 2017 956 2052 impossi-

164 2064 218 2092 bile
232 2064 268 2091 sit
282 2064 363 2091 nobis
375 2064 579 2091 communicare
588 2063 631 2090 his
642 2064 689 2098 qui
700 2063 808 2100 diversa
820 2064 953 2095 sentiunt,

164 2110 186 2137 si
205 2110 328 2137 nondum
345 2109 514 2144 exploserint
531 2109 651 2144 capitula
666 2118 672 2142 ;
688 2113 716 2136 et
733 2109 807 2144 quod
824 2109 953 2144 Cyrillus,

163 2156 271 2184 etiamsi
304 2155 431 2191 rejecerit
451 2155 581 2190 capitula,
608 2163 622 2182 a
655 2155 734 2182 nobis
760 2154 954 2190 suscipiendus

163 2210 220 2229 non
235 2202 280 2234 sit,
298 2210 331 2228 eo
355 2201 427 2236 quod
446 2201 504 2235 ipse
518 2205 572 2227 tam
591 2201 681 2235 impiae
706 2201 842 2227 hmreseos
867 2200 954 2226 hatre-

163 2248 286 2276 siarches
302 2249 391 2274 factus
408 2247 443 2274 sit
469 2256 475 2273 :
501 2246 570 2274 nihil
601 2250 691 2274 tamen
710 2245 893 2281 profecimus,
921 2252 954 2272 eo

164 2295 237 2330 quod
253 2299 281 2321 et
294 2294 443 2321 adversarii
459 2293 606 2325 instarent,
635 2297 663 2319 et
679 2292 820 2319 auditores
834 2291 884 2318 hos
899 2295 954 2318 tam

164 2340 341 2375 impudenter
366 2339 540 2366 obluctantes
563 2345 618 2364 non
650 2340 872 2371 compescerent,
902 2343 955 2363 nec

163 2388 294 2420 cogerent
307 2391 365 2415 eos,
384 2388 414 2410 ut
427 2383 460 2410 ad
474 2382 681 2417 inquisitionem
693 2385 721 2409 et
734 2381 955 2416 colloquiumve-

163 2431 264 2458 nirent.
280 2429 336 2457 Hac
352 2429 426 2457 enim
446 2428 491 2455 via
514 2428 660 2463 ell'ugiunt,
683 2435 719 2455 ne
743 2427 864 2462 capitula
888 2435 953 2454 exa-

199 2513 254 2549 (36)
272 2513 318 2541 Sic
332 2516 419 2549 recte,
432 2511 503 2549 quod
521 2515 548 2538 et
565 2509 755 2545 interpretatio
771 2509 800 2536 in
817 2508 953 2544 Synodico

163 2547 317 2579 conﬁrmat.
330 2548 414 2574 Mans.
428 2547 589 2574 obcdiernnt.

194 2583 255 2644 i(1:7)
274 2583 344 2611 Add.
364 2583 472 2616 moveri,
487 2581 561 2617 quod
576 2584 618 2608 est
635 2579 663 2607 in
687 2579 834 2616 Synodico,
851 2583 898 2606 aut
913 2579 951 2607 si-

163 2626 238 2646 mne.

275 2653 385 2692 Ealigne
402 2653 486 2680 Mans.

200 2686 255 2722 (ὅῦ)
276 2689 309 2715 Et
328 2688 466 2722 ﬁrmatam
482 2695 536 2714 esse
551 2686 569 2720 ﬁ

201 2719 255 2758 (to)
275 2719 366 2750 Est—in
383 2723 479 2750 iisdem
495 2720 733 2758 aelisAEphesjnis
752 2719 827 2758 apud
854 2719 948 2753 Mansi,

166 2763 185 2786 t.
205 2755 251 2790 lV,’
267 2766 293 2793 p.
313 2758 380 2784 1420
396 2766 453 2793 seq.
471 2762 498 2785 et
514 2756 594 2788 alibi;
613 2757 639 2783 in
668 2755 804 2790 Synodico
831 2763 949 2790 quoque,

165 2802 190 2820 c.
209 2793 253 2825 5i,
273 2801 299 2827 ρ.
318 2793 378 2823 801,
397 2801 430 2819 ex
447 2793 498 2819 alia
517 2793 658 2826 interpret.

204 2829 267 2864 (ω’)
285 2828 399 2855 Joannes
414 2828 475 2855 addi
495 2828 579 2855 Mans.

572 2685 640 2712 dem.
653 2685 739 2712 Mans.

999 219 1078 241 nunt.

1034 260 1089 288 Nos
1101 265 1191 287 autem
1204 263 1317 295 propter
1332 261 1440 286 vestras
1456 263 1552 292 preces
1563 262 1650 289 usque
1670 253 1703 280 ad
1715 260 1789 279 mor-

1000 310 1055 333 tem
1069 306 1172 333 instare
1191 305 1279 340 parati
1291 312 1405 336 sumus;
1423 307 1451 330 et
1467 309 1555 336 neque
1571 300 1702 336 Cyrillum
1727 305 1789 325 sus-

1000 353 1103 388 eipere,
1113 360 1201 388 neque
1215 351 1334 387 capitula
1354 350 1387 377 ab
1407 357 1440 376 co
1466 347 1599 382 exposita,
1617 353 1705 379 neque
1735 344 1790 371 illis

1000 398 1214 430 communicare,
1229 397 1390 431 priusquam
1404 393 1596 429 explodantur,
1632 398 1693 425 qua:
1719 389 1789 415 male

1001 444 1065 472 ﬁdei
1081 444 1186 479 adjecta
1199 447 1274 470 sunt.

1035 491 1218 518 Obsecremus
1231 489 1314 524 igitur
1329 487 1384 524 (di)
1401 490 1520 514 vestram
1547 483 1731 513 sanctitatem,
1759 484 1791 507 ut

1000 537 1113 573 sapiatis
1126 536 1221 563 eadem
1233 543 1293 570 qua:
1314 534 1421 569 1338
1439 540 1500 565 nos,
1517 531 1700 563 eumdemque
1716 527 1791 554 labo-

1000 592 1059 611 rem
1070 582 1232 610 ostendatis.
1250 581 1396 608 Certamen
1412 579 1487 606 enim
1504 577 1585 605 nobis
1600 583 1648 610 pro
1657 573 1790 608 religione

1000 634 1052 661 est.
1078 636 1160 664 quam
1179 628 1264 655 solam
1289 626 1423 653 habemus
1434 631 1520 658 spem,
1539 626 1566 649 et
1579 625 1693 656 propter
1708 625 1791 653 quam

999 663 1192 710 exspectamus
1210 672 1344 700 fruituros
1374 678 1424 697 nos
1446 667 1614 703 benignitate
1641 663 1791 692 Salv-aleris

1000 721 1086 749 nostri
1102 720 1197 747 futuro
1210 719 1320 746 saeculo.

1036 768 1043 777 ‘
1060 767 1098 794 De
1111 766 1284 802 pientissimo
1296 769 1325 792 et
1336 761 1510 792 sanctissimo
1522 760 1651 795 episcopo
1663 755 1791 785 Nestorio

1002 814 1071 842 sciat
1080 817 1173 841 vestra
1185 812 1284 847 pietas,
1299 810 1372 845 quod
1392 807 1581 836 studuerimus
1607 804 1718 840 quidem
1731 810 1789 830 ser-

1001 866 1111 886 monem
1124 858 1158 885 de
1171 857 1218 884 illo
1235 857 1358 884 inserere
1373 863 1379 881 :
1405 853 1454 881 sed
1470 860 1544 880 nunc
1558 857 1646 885 usque
1661 849 1717 885 (42)
1734 855 1790 874 non

1000 905 1151 941 potuimus,
1165 911 1198 931 eo
1213 902 1287 938 quod
1310 909 1416 933 omnes,
1431 900 1475 927 vel
1499 898 1533 926 ad
1559 898 1650 933 ipsum
1677 902 1789 926 nomen,

1001 940 1138 978 hostiliter
1153 949 1319 976 adiciuntur.
1336 946 1521 974 Nihilominus
1535 951 1607 971 curae
1629 942 1709 969 nobis
1726 940 1789 972 erit,

1002 995 1110 1024 tametsi
1128 994 1225 1022 res‘sic
1239 1002 1268 1021 se
1289 992 1344 1029 (45)
1358 992 1488 1023 habeant,
1521 997 1570 1025 per
1600 986 1791 1023 opportunita-

1001 1047 1058 1070 tem
1073 1041 1215 1076 temporis,
1227 1047 1259 1067 ac
1275 1039 1434 1066 auditorum
1448 1034 1678 1066 benevolentiam,
1708 1032 1790 1059 etiam

1003 1088 1055 1115 hoc
1070 1088 1171 1119 facere,
1188 1085 1324 1121 siquidem
1338 1087 1431 1112 nostro
1441 1081 1584 1124 proposito
1598 1080 1672 1107 Deus
1688 1084 1791 1112 coepe.

1003 1139 1080 1162 ratus
1093 1133 1188 1161 fuerit.

1037 1180 1123 1207 Porro
1136 1183 1167 1206 ut
1182 1182 1273 1206 vestra
1285 1177 1417 1205 sanctitas
1426 1176 1509 1203 etiam
1522 1175 1576 1202 hoc
1599 1181 1654 1200 non
1667 1169 1791 1208 ignoret;

1002 1226 1100 1254 scitote
1124 1225 1198 1260 quod
1223 1225 1348 1252 videntes
1373 1223 1540 1260 Cyrillianos
1574 1218 1738 1256 tyrannide,
1766 1220 1794 1244 et

1002 1272 1156 1304 fraudibus,
1173 1275 1201 1298 et
1213 1270 1383 1302 adulatione,
1396 1273 1424 1296 et
1438 1268 1518 1296 donis
1529 1274 1636 1298 omnes,
1655 1270 1686 1292 ut
1703 1265 1740 1291 ita
1752 1263 1795 1290 di-

1003 1327 1074 1351 cam,
1087 1318 1239 1353 decepisse,
1254 1325 1310 1344 non
1337 1324 1400 1343 raro
1416 1314 1621 1351 pientissimum
1644 1318 1746 1347 regem,
1767 1313 1795 1337 et

1003 1364 1290 1399 magniﬁcentissimos
1301 1363 1443 1398 principes
1468 1360 1687 1390 obsecraviinus,
1719 1360 1795 1383 utet

1003 1419 1054 1439 nos
1070 1411 1104 1438 ad
1115 1410 1255 1438 Orientem
1268 1409 1481 1439 dimitteremur,
1497 1411 1526 1434 et
1539 1410 1631 1433 vestra
1656 1404 1744 1440 pietas
1760 1402 1794 1429 ad

1004 1457 1115 1492 propria
1127 1456 1297 1491 remigraret.
1310 1454 1507 1490 Cognoscimus
1523 1452 1597 1480 enim
1618 1450 1692 1486 quod
1705 1450 1732 1476 in
1748 1457 1796 1476 va-

1005 1510 1071 1530 num
1088 1509 1178 1530 moras
1191 1501 1339 1532 nectimus,
1355 1505 1383 1527 et
1403 1499 1527 1526 instituta
1556 1504 1610 1523 non
1624 1493 1794 1530 perﬁcimus,

1006 1556 1040 1575 eo
1058 1548 1130 1583 quod
1139 1547 1258 1583 Cyrillus
1274 1546 1377 1580 ubique
1392 1545 1462 1579 fugit
1474 1542 1643 1577 colloquium
1657 1543 1794 1570 nostrum,

1007 1593 1134 1620 conscius
1150 1592 1213 1624 sibi,
1227 1591 1422 1626 blasphemias,
1436 1596 1504 1624 quas
1529 1588 1556 1615 in
1576 1585 1722 1614 duodecim
1751 1591 1797 1610 ca-

1007 1639 1104 1675 pitulis
1115 1638 1173 1666 suis
1186 1638 1285 1669 edidit,
1300 1636 1442 1663 manifeste
1460 1632 1674 1669 redarguendas.

1042 1684 1149 1712 Placuit
1162 1687 1253 1710 autem
1266 1681 1440 1717 pientissimo
1456 1679 1514 1714 regi
1545 1681 1608 1713 post
1632 1676 1733 1703 multas
1749 1675 1798 1702 ad-

1006 1730 1186 1761 hortationes,
1197 1732 1228 1755 ut
1239 1728 1339 1762 singuli
1352 1727 1384 1754 ad
1400 1726 1510 1762 propria
1520 1724 1674 1756 redeamus,
1689 1722 1723 1750 ad
1733 1723 1795 1754 hoc,

1006 1781 1037 1803 ut
1050 1781 1077 1803 et
1092 1775 1235 1810 [Egyptius
1247 1778 1275 1800 et
1290 1773 1415 1800 Memnon
1428 1772 1585 1807 Ephesinus
1598 1771 1626 1797 in
1652 1770 1710 1797 suis
1729 1769 1798 1796 locis

1006 1824 1144 1848 maneant.
1162 1819 1206 1846 Sic
1218 1819 1292 1846 enim
1315 1818 1417 1853 poterit
1441 1817 1585 1852 [Egyptius
1599 1824 1695 1843 omnes
1711 1823 1799 1842 excre-

1006 1875 1070 1895 care
1085 1865 1248 1893 muneribus
1261 1864 1334 1896 suis;
1351 1863 1391 1890 sic
1405 1863 1490 1890 utille
1502 1861 1624 1897 quidem,
1641 1869 1703 1888 cum
1717 1860 1798 1887 innu-

1006 1920 1083 1940 mera
1097 1911 1192 1938 fecerit
1204 1910 1284 1942 mala,
1301 1909 1335 1937 ad
1351 1909 1481 1936 thronum
1505 1915 1585 1935 suum
1602 1906 1713 1939 redeat;
1746 1905 1797 1932 istc

1007 1958 1049 1985 vir
1062 1958 1194 1985 innocens
1218 1956 1261 1983 vix
1288 1955 1322 1983 ad
1335 1963 1412 1982 suam
1443 1955 1613 1982 mansionem
1630 1952 1795 1980 dimittatur.

1040 2004 1156 2031 Omnem
1176 2011 1238 2038 qua:
1269 2002 1412 2029 vobiscum
1448 2005 1500 2034 est,
1525 2000 1748 2031 fraternitatem,
1770 2004 1797 2025 et

1006 2057 1077 2082 nos,
1101 2052 1130 2076 et
1164 2047 1212 2082 qui
1236 2046 1382 2074 nobiscum
1406 2050 1491 2079 sunt,
1515 2045 1666 2081 plurimum
1695 2043 1798 2071 saluta-

1005 2102 1078 2121 mus.

1005 2150 1119 2179 CLXVI.
1132 2149 1268 2177 --Prt'ma
1290 2150 1380 2185 petitio
1393 2147 1449 2184 (Η)
1468 2148 1616 2184 legatorum
1627 2156 1659 2175 ea:
1688 2146 1798 2175 Calche-

1164 2185 1231 2212 done
1247 2185 1302 2221 (45)
1321 2185 1356 2212 ad
1369 2186 1557 2220 imperatorem
1570 2184 1663 2210 missa.

1042 2242 1199 2278 Optandum
1209 2248 1270 2270 erat
1285 2242 1355 2277 (16),
1371 2250 1406 2269 ne
1420 2250 1435 2269 a
1455 2241 1586 2277 quopiam
1602 2241 1658 2268 ullo
1686 2239 1752 2276 (47),
1769 2240 1798 2267 in

1006 2288 1226 2323 expositionibus
1233 2288 1371 2321 absurdis,
1384 2295 1474 2315 sermo
1490 2287 1602 2323 pietatis
1625 2287 1790 2314 adulterare»

1008 2338 1069 2368 tur;
1084 2334 1201 2362 maxime
1217 2338 1319 2367 autem,
1333 2341 1367 2361 nc
1384 2334 1417 2361 ab
1430 2333 1473 2360 his
1483 2334 1529 2368 qui
1538 2333 1721 2360 sacerdotium
1729 2339 1799 2367 prat-

1007 2381 1196 2415 fecturamque
1209 2381 1396 2408 Ecclesiarum
1430 2380 1520 2408 sortiti
1534 2383 1598 2406 sunt
1612 2387 1618 2405 :
1635 2386 1704 2414 quos
1714 2399 1721 2410 ,
1747 2385 1798 2404 ne-

1008 2427 1111 2454 scimus
1121 2426 1271 2462 quomodo,
1285 2425 1450 2462 praesidendi
1468 2425 1605 2460 cupiditas
1618 2429 1646 2452 et
1673 2423 1797 2455 ambitio,

1044 2508 1098 2544 (ti)
1117 2508 1153 2535 Et
1170 2508 1246 2544 addit
1262 2507 1348 2544 Mans2

1043 2541 1097 2578 (’42)
1118 2543 1203 2578 Usque
1213 2543 1290 2578 abest
1299 2550 1316 2578 ελ
1328 2541 1414 2568 Mans.

1039 2579 1095 2613 (ts)
1113 2578 1147 2605 Se
1159 2577 1238 2605 abest
1255 2586 1270 2605 ει
1282 2577 1317 2604 M.

1043 2609 1098 2649 (Μ’)
1119 2613 1148 2640 In
1172 2613 1271 2649 iisdem
1298 2611 1366 2649 actis
1385 2614 1426 2638 est
1453 2617 1469 2649 a_
1493 2610 1587 2649 Μεληξο
1618 2609 1702 2649 edita,
1721 2609 1787 2649 t._l_\r

1006 2657 1033 2684 ῃ.
1047 2644 1118 2676 ’1401
1148 2656 1205 2683 seq.
1225 2648 1283 2674 Alia
1300 2646 1489 2681 interpretatio
1506 2645 1534 2672 in
1553 2645 1680 2680 Synodici
1697 2651 1722 2671 c.
1751 2644 1771 2670 3‘

1006 2683 1033 2719 p.
1047 2683 1098 2711 802
1115 2692 1182 2719 seq,
1191 2683 1276 2710 Mans.

1042 2719 1097 2754 (£5)
1115 2716 1280 2746 Chalcedone
1293 2717 1378 2745 Mans.
1397 2716 1497 2754 Synod.

1044 2750 1099 2789 (to)
1114 2754 1142 2780 In
1160 2754 1288 2781 eumdem
1300 2750 1530 2787 sensum‘Synod.
1560 2750 1679 2779 Votitmm
1697 2750 1794 2786 fuerat.

1005 2789 1087 2815 Mnus
1110 2789 1244 2816 Orandtmt
1265 2793 1332 2815 erat.

1042 2825 1094 2860 (ET)
1114 2824 1182 2851 Alio.
1204 2825 1289 2852 Mans.
1309 2822 1410 2859 Synod.
