1945 3058
160 86 228 119 1467

646 83 888 114 THEODORETI
905 83 1073 114 EPISCOPI
1091 84 1274 114 CYRENSIS

1715 79 1789 113 1463

160 140 319 177 frigidaque
334 138 529 174 promissiones
543 138 677 174 quadam,
690 138 723 166 ad
744 138 944 166 contemnenda
959 140 982 168 Α
996 146 1118 173 pugnare
1133 146 1185 173 pro
1203 138 1304 173 pietate
1318 137 1386 173 (58),
1400 145 1450 173 pro
1461 145 1514 172 qua
1528 140 1556 164 et
1571 144 1633 164 cum
1649 136 1741 164 Persis
1757 140 1791 164 et

161 186 246 215 semel
257 185 348 213 omnia
361 184 515 212 Christiana
531 183 657 211 mandata
666 183 848 216 induxerunt;
864 183 947 218 idque

161 233 215 260 hoc
229 233 288 260 solo
302 232 403 263 animo,
420 235 450 258 ut
467 231 591 258 serviant
603 229 674 262 viro,
692 229 741 264 qui
757 228 901 263 praesumit
915 235 947 255 ac

162 284 254 313 sperat
265 284 294 304 se
308 281 335 303 et
350 275 482 303 auxilium
498 274 551 302 sibi
565 274 684 302 ferentes
697 273 789 300 omnia
808 277 882 300 recte
901 281 948 308 ge-

163 328 265 355 sturos,
281 322 398 349 dicimus
409 320 623 348 Alexandrinum
638 319 783 355 Cyrillum;
816 318 863 353 qui
890 318 946 345 sola

161 368 316 403 nugacitate
331 368 359 394 in
370 372 478 395 sanctas
486 366 533 394 Dei
551 365 688 393 Ecclesias
717 364 844 391 haeretica
862 363 948 390 intro-

161 413 240 441 duxit
252 413 388 448 dogmata,
401 420 486 448 eaque
504 411 617 439 conlidit
641 418 670 438 se
696 410 862 445 argumentis
874 418 948 437 com-

162 461 358 496 probaturum;
374 463 403 486 et
417 458 616 486 correctionem
628 461 803 492 peccatorum
814 456 945 491 etl‘ugere,

162 506 221 534 solo
240 505 392 533 Memnonis
411 509 438 532 et
450 504 587 540 prasdictae
605 502 816 537 conspirationis
839 502 947 536 episco-

162 560 260 587 porum
277 551 442 584 ministerio,
457 550 589 586 speravit.

196 598 369 633 Quapropter
387 605 446 629 nos,
461 596 508 631 qui
528 596 668 623 silentium
694 595 795 629 alioqui
814 601 947 625 amamus,

160 650 190 672 et
203 645 231 671 iu
243 644 350 671 caeteris
362 642 550 678 philosophice
563 641 697 676 agendum
712 647 865 672 censemus,
876 641 958 678 nunc;

162 689 303 716 silentium
319 692 347 715 et
361 674 421 723 ejus
433 674 719 722 sapietttiaestudiuni,
737 685 799 712 fidei
811 674 955 722 jacturauﬁ
982 681 987 705 ἶ

162 734 358 768 intelligentes,
375 722 408 759 ad
423 740 471 759 vos
488 732 560 758 solos
573 735 636 766 post
656 737 803 765 supernam
819 729 948 756 virtutem
964 722 973 733 ⁴

162 779 239 807 orbis
261 783 427 810 servatores,
448 777 587 812 precando
604 776 737 803 vertimur
753 784 759 801 :
773 774 948 810 quandoqui-

997 190 1061 210 cum
1084 183 1146 211 aliis
1170 183 1298 210 Barbaris
1327 183 1420 218 prwlia
1440 183 1614 210 committere
1636 181 1787 214 festinasti,

998 227 1131 255 reddente
1146 227 1196 255 tibi
1213 226 1326 254 Christo
1347 227 1477 262 pulchras
1495 226 1644 259 victorias,
1663 233 1715 260 pro
1734 225 1790 253 hac

998 276 1043 300 tua
1062 273 1090 300 in
1102 274 1190 308 ipsum
1202 272 1354 300 alacritate.

1034 318 1140 354 1340
1153 317 1337 346 Obsecramus
1364 323 1456 345 autem
1475 322 1505 346 ut
1523 318 1598 352 ﬂant,
1617 322 1689 356 apud
1700 323 1791 358 picta-

999 370 1053 394 tem
1070 371 1155 398 tuam,
1172 366 1339 401 qumstiones
1354 367 1381 394 in
1394 367 1505 402 scriptis
1518 377 1524 395 :
1537 369 1577 396 sic
1589 370 1664 398 enim
1677 371 1791 400 facilius

999 411 1204 444 dignoscentur,
1223 417 1251 440 et
1263 412 1290 439 in
1306 421 1386 440 omne
1404 418 1546 448 posterum
1565 420 1674 450 tempus
1694 425 1792 452 reprc-

998 458 1155 485 hendentur
1169 463 1324 493 peccantes.
1342 458 1369 485 Si
1388 459 1450 494 quis
1463 463 1556 486 autem
1572 462 1713 496 negligens
1729 471 1791 490 ser-

999 511 1106 535 mones,
1129 511 1179 538 pro
1198 504 1300 537 quibus
1322 503 1484 538 delinquens
1506 505 1568 536 fuit,
1585 506 1715 539 voluerit,
1737 516 1790 542 per

1000 552 1179 583 prmceptum,
1189 552 1269 575 rectae
1282 547 1344 575 ﬁdei
1360 550 1510 583 praevalere
1525 550 1592 584 (59),
1609 557 1663 578 tuae
1674 553 1792 587 iustitia:

978 631 986 639 Ι
999 601 1031 620 ac
1041 593 1138 629 judicii
1152 594 1236 621 fuerit
1250 594 1405 626 attendere,
1418 603 1485 622 num
1507 596 1593 631 ipsam
1611 606 1721 632 quoque
1737 599 1789 626 do—

999 643 1106 666 ctorum
1132 640 1342 675 appellationem
1358 640 1577 676 (6())abjceerint
1595 645 1602 654 '
1621 644 1657 676 ii,
1682 646 1729 679 qui
1755 646 1791 673 de

1000 685 1175 720 dogmatibus
1184 694 1243 721 qum
1251 686 1430 714 introducunt
1437 688 1477 722 (61
1485 690 1503 721 ),
1511 690 1662 724 periclitari
1671 699 1791 726 gravan-

1001 734 1056 763 tur,
1077 731 1216 766 praedictis
1238 731 1337 766 subiici
1353 732 1490 764 nolentes,
1508 738 1537 760 ut
1553 742 1607 761 non
1623 735 1793 771 redarguan—

1001 781 1045 803 tur
1059 776 1141 811 itnpie
1158 777 1261 811 egisse;
1279 785 1368 812 neque
1382 785 1414 804 ea
1441 778 1605 807 refutatione
1626 781 1707 816 digna
1737 790 1791 817 pu-

162 825 224 853 dcm
243 825 344 852 scimus
363 832 412 859 pro
428 824 529 858 pietate
543 822 756 850 sollicitudinem
770 821 849 848 vobis
862 828 946 855 pecu-
966 815 986 841 Β
1002 825 1089 849 tantes
1107 821 1172 857 (62).
1183 826 1316 849 utmutua
1327 830 1423 850 eorum
1436 824 1605 858 conspiratio
1621 815 1676 852 non
1691 815 1794 854 habea-

162 871 268 898 liaritcr
290 871 459 902 convenire;
490 873 583 903 utpote
610 868 653 899 iis,
674 867 720 902 qtti
743 874 803 894 eam
816 873 903 900 usque
920 866 948 892 in

163 916 216 943 hoc
245 920 352 950 tempus
378 914 578 946 custodierint,
604 912 782 947 vicissimque
803 919 852 946 per
873 911 949 938 illam

163 961 364 989 custodiantur.

199 1007 341 1042 Supplices
356 1005 410 1042 (48)
426 1009 516 1033 autem
526 1005 577 1032 hos
586 1004 694 1031 libellos
707 1003 861 1035 oderimus,
888 1007 949 1029 tan-

163 1061 245 1087 quam
265 1060 357 1080 coram
384 1051 556 1079 sanctissimo
569 1051 626 1078 Deo
642 1049 797 1077 exhibenda
811 1053 885 1076 esset
899 1056 950 1075 no-

163 1103 220 1125 stra
234 1097 392 1130 excusatio;
409 1105 463 1123 non
482 1096 554 1131 quod
572 1103 622 1130 pro
637 1095 769 1130 religione
787 1095 878 1121 minus
892 1094 950 1121 ala-

163 1151 224 1171 cres
239 1143 383 1174 fuerimus,
395 1143 442 1170 sed
461 1141 556 1177 pietati
573 1141 727 1173 studentes,
740 1144 767 1168 et
781 1148 831 1174 pro
847 1147 878 1167 ea
891 1147 950 1166 ser-

164 1197 274 1217 monem
294 1189 436 1216 facientes.
453 1187 526 1216 Nihil
555 1188 626 1215 enim
653 1191 695 1214 est
721 1187 794 1221 quod
815 1186 950 1214 Christia-

163 1243 263 1262 norum
287 1235 457 1270 temporibus
482 1233 640 1261 sacerdotes
666 1233 752 1268 magis
779 1233 870 1260 facere
901 1232 951 1259 de-

163 1281 246 1308 beant
255 1281 321 1316 (19),
329 1287 411 1314 quam
419 1283 543 1306 utcoratn
553 1284 606 1306 tant
614 1277 687 1305 ﬁdeli
696 1286 759 1313 rege
766 1277 950 1306 testimonium

163 1328 272 1362 ferant;
296 1328 403 1355 etiamsi
427 1327 512 1361 parati
534 1333 658 1353 essemus
676 1324 761 1351 vitam
782 1332 813 1350 ac
835 1331 952 1358 corpora

164 1379 269 1407 nostra,
287 1374 316 1401 in
331 1373 394 1400 ﬁdei
410 1373 465 1408 (50)
481 1372 652 1404 discrimine,
676 1370 776 1398 millies
803 1378 950 1405 exponere.

202 1420 308 1456 1339
321 1419 426 1447 idcirco
439 1417 700 1454 per(51)f)eum(qui
711 1416 788 1444 videt
801 1417 916 1451 omnia);
926 1421 954 1443 et

163 1475 213 1503 per
228 1467 374 1494 Dominum
389 1469 512 1492 nostrum
531 1464 625 1491 Jesum
644 1463 784 1490 Christum
806 1462 864 1497 (qui
879 1461 953 1497 judi-

164 1517 276 1541 caturus
291 1517 333 1539 est
347 1519 443 1538 omnes
459 1510 486 1537 in
499 1509 670 1545 justitia);et
680 1516 730 1544 per
744 1508 879 1543 Spiritum
892 1515 954 1535 san-

164 1564 239 1586 cttun
265 1558 355 1594 (cujus
383 1556 470 1592 gratia
497 1563 610 1590 regnum
636 1553 825 1590 gubernatis);
850 1559 877 1580 et
904 1561 953 1588 per

164 1606 266 1632 electos
293 1603 404 1638 angelos
428 1602 485 1637 (qui
502 1609 550 1628 vos
564 1600 734 1632 custodiunt,
747 1607 872 1634 quosque
895 1598 951 1634 (52)

163 1649 326 1677 assistentcs
339 1647 469 1674 videbitis
484 1646 601 1673 terribili
616 1646 726 1677 throno,
749 1649 776 1672 et
787 1645 953 1672 horrendam

165 1697 238 1723 illaut
247 1692 490 1722 sanetiiicationem
505 1700 614 1726 semper
631 1692 686 1718 Deo
701 1691 859 1723 offerentes,
871 1699 954 1725 quam

164 1750 239 1769 nunc
248 1741 359 1776 quidam
373 1739 528 1767 adulterare
539 1737 689 1773 nituntur),
699 1737 827 1772 pietatem
835 1741 955 1764 vestram

167 1788 239 1822 (quae
262 1786 377 1815 vafricie
404 1783 586 1820 quorumdam
613 1783 766 1815 obsidetur,
793 1782 899 1810 aditum
920 1782 955 1809 ad

166 1832 254 1868 ipsam
263 1830 445 1858 adimentium
452 1830 507 1865 (55)
516 1832 544 1856 et
555 1828 683 1856 haeretica
693 1828 782 1863 capita
795 1828 858 1855 tidei
869 1829 957 1856 intro-

167 1879 248 1905 ducta
265 1876 477 1909 stabilientium,
493 1882 554 1909 quae
564 1874 677 1901 omnino
695 1881 710 1900 a
727 1874 800 1901 sanis
819 1874 955 1909 dogmati-

167 1925 220 1952 bus
237 1924 326 1951 aliena
340 1926 414 1954 sunt,
430 1925 458 1949 et
473 1929 536 1949 cum
550 1919 687 1947 haereticis
701 1919 880 1954 opinionibus
891 1927 958 1946 con-

166 1968 292 2000 veniunt)
310 1969 499 1999 obsecramus,
526 1970 556 1994 ut
576 1965 599 1993 si
618 1965 680 2000 quis
695 1965 750 1992 illis
773 1966 816 1992 vel
834 1965 956 1992 subscri-

167 2016 214 2044 bat
226 2015 296 2052 (54),
319 2014 360 2042 vel
375 2012 539 2046 consentiat,
552 2017 580 2040 et
595 2015 658 2047 post
670 2011 832 2046 promissam
847 2019 862 2038 a
878 2011 958 2039 vobis

168 2063 274 2089 veniam
290 2059 458 2088 contendere
474 2059 545 2086 ultra
561 2058 628 2085 velit
639 2057 710 2093 (55);
737 2056 878 2092 praecipiat
900 2057 956 2092 (56)

167 2107 245 2134 illtun
270 2105 297 2132 in
324 2104 446 2131 medium
465 2103 572 2136 venire,
596 2107 624 2129 et
650 2101 847 2130 ecclesiasticis
870 2101 959 2136 poenis

166 2153 309 2187 subiacere
325 2151 392 2185 (57).

203 2197 276 2225 Nihil
297 2196 382 2228 enim,
408 2203 424 2223 0
450 2203 508 2227 rex,
526 2194 613 2229 magis
633 2193 739 2228 regium
765 2193 859 2225 fuerit,
873 2202 955 2228 quatit

204 2285 259 2322 (t8)
277 2286 306 2313 in
325 2285 397 2322 idem
421 2284 537 2312 verbum
562 2282 700 2311 consentit
723 2281 826 2318 Synod.
843 2282 958 2319 Suspen-

163 2320 213 2350 ουδ’
222 2327 263 2349 est
280 2321 352 2355 apud
370 2320 456 2347 Mans.

217 2357 260 2391 49)
280 2354 373 2382 Πρεειιι
388 2355 428 2391 M.
443 2355 470 2381 in
487 2354 616 2391 margine.

218 2389 260 2426 50)
278 2390 360 2418 Fideli
375 2390 408 2417 M.
420 2390 450 2426 in
457 2389 598 2426 imargine.

217 2423 261 2459 51)
280 2426 392 2461 Propter
404 2425 439 2452 M.
451 2425 584 2461 Cteterum
596 2431 711 2461 ea,‘qu:e
727 2428 891 2461 sequuntur,
908 2423 958 2461 sic,

166 2459 214 2490 uti.
223 2459 345 2493 fecimus,
356 2460 517 2495 corrigenda
525 2467 584 2487 esse
599 2465 627 2487 et
640 2459 868 2494 iutcrpungenda,
880 2459 958 2495 facile

167 2498 286 2532 quisque
301 2496 414 2529 viderit;
430 2494 586 2530 quanquam
602 2495 794 2529 perturbatum
808 2502 868 2521 esse
884 2494 959 2522 hunc

167 2532 260 2560 locum
289 2533 316 2559 in
340 2530 624 2566 interpretationibus,
640 2529 690 2566 (vel
704 2537 746 2562 ea,
763 2537 826 2566 qua;
844 2529 957 2566 inSyn-

618 2550 624 2562 ,
651 2544 690 2556 vct
704 2544 746 2562 ca,
763 2544 824 2562 qua;
845 2544 871 2556 Ill
888 2544 957 2562 ogu-

167 2568 251 2594 odieo
286 2571 344 2599 est,
381 2564 488 2593 doceat.
523 2565 689 2592 Horrendam
723 2564 958 2598 sancti/icatiouem

168 2603 292 2630 alludere
303 2602 336 2629 ad
358 2601 509 2636 trisagium,
521 2601 573 2628 lsa.
592 2609 628 2633 vt,
643 2599 669 2633 5,
683 2607 733 2627 nec
747 2608 797 2635 ego
813 2607 876 2627 cum
892 2599 958 2626 Gar-

169 2638 248 2665 nerio
259 2638 365 2665 dubito.

205 2673 262 2707 (5‘2)
281 2671 351 2704 Quos
366 2671 401 2698 11.

219 2705 263 2737 55)
278 2708 310 2734 Id
323 2716 350 2734 re
364 2708 422 2742 ipsa
439 2705 619 2742 adimeutrbl.

219 2743 263 2772 Μ)
281 2740 478 2769 Obsecravimus
493 2746 518 2768 ut
538 2741 578 2768 vc!
593 2742 614 2767 si
629 2741 684 2775 quis
698 2740 752 2767 illis
767 2740 912 2768 subscribe!
929 2740 962 2767 Μ.

209 2777 264 2812 (ss)
278 2777 348 2804 Nam
365 2777 398 2803 tu.

209 2813 264 2846 (‘36)
280 2812 420 2845 Pra‘ripias
436 2812 470 2838 Μ.

1001 873 1046 895 tur
1060 869 1177 895 inutilis.

1035 915 1093 942 Jam
1108 915 1182 942 enim
1196 923 1245 950 per
1253 915 1396 943 ordinatos
1407 916 1582 944 manifestum
1594 922 1636 945 est
1657 919 1792 953 quosdam

1000 969 1034 988 ex
1050 961 1114 993 illis,
1130 969 1181 996 pro
1203 962 1255 989 hac
1280 962 1434 997 impietate,
1453 962 1602 991 meditatos
1616 971 1687 996 esse,
1703 969 1732 991 ut
1747 964 1793 991 di-

1000 1007 1152 1042 gnitatibus
1164 1007 1303 1035 concessis
1311 1009 1460 1036 nonnullos
1471 1009 1677 1041 demereanlur,
1687 1013 1715 1036 et
1724 1010 1795 1037 alios

1000 1053 1134 1088 quosdam
1146 1053 1243 1081 modos
1260 1055 1441 1089 excogitasse.
1452 1054 1486 1081 Et
1498 1054 1523 1081 id
1535 1055 1708 1082 manifestius
1721 1055 1792 1083 exsi.

1001 1104 1054 1127 stet
1065 1100 1131 1135 (65),
1146 1104 1174 1127 et
1189 1100 1294 1127 videbit
1306 1108 1354 1128 eos
1367 1101 1456 1135 pietas
1471 1104 1527 1133 tua,
1538 1109 1592 1128 non
1617 1101 1703 1128 multo
1720 1105 1793 1136 post.

1001 1146 1167 1182 proditionis
1184 1155 1240 1174 sure
1256 1147 1422 1179 mercedem,
1435 1147 1513 1182 quasi
1527 1147 1614 1182 spolia
1634 1147 1697 1175 fidei
1713 1147 1796 1175 Chri-

1002 1193 1047 1223 sti,
1065 1192 1274 1220 distributuros.

1036 1237 1071 1265 At
1086 1245 1181 1270 nos,ex
1192 1238 1293 1272 quibus
1301 1237 1413 1272 quidam
1425 1236 1479 1273 (64)
1495 1246 1509 1265 a
1527 1237 1699 1272 picntissrmo
1714 1237 1797 1265 Juve-

1002 1283 1057 1310 nali
1073 1283 1324 1318 Hierosolymorum
1344 1282 1477 1317 episcopo
1488 1282 1552 1309 olim
1571 1281 1702 1313 ordinati,
1715 1281 1796 1308 silui-

1003 1337 1075 1361 mus,
1092 1329 1217 1364 quamvis
1236 1336 1286 1364 pro
1307 1328 1462 1356 canonibus
1478 1328 1641 1355 certandum
1653 1332 1743 1359 esset,
1760 1335 1796 1354 ne

1003 1375 1161 1403 videremur
1170 1380 1271 1402 nostra:
1285 1375 1377 1410 gloriae
1391 1382 1474 1401 causa
1486 1374 1591 1400 dolere.
1613 1374 1707 1408 Neque
1722 1380 1797 1400 nunc

1004 1429 1114 1456 quoque
1126 1421 1199 1448 illius
1217 1421 1319 1453 studia,
1340 1425 1368 1448 et
1392 1420 1545 1455 praestigias
1564 1419 1642 1451 tales,
1656 1427 1704 1454 per
1716 1419 1797 1446 Phae-

1005 1468 1094 1494 niccm
1106 1466 1256 1494 secundam
1271 1470 1298 1493 et
1307 1464 1750 1500 Arabiam,ignoramus(65).Sane
1761 1464 1797 1491 de

1005 1514 1058 1541 illis
1070 1513 1149 1540 nobis
1161 1521 1215 1540 non
1226 1516 1306 1539 vacat
1320 1520 1415 1540 curam
1431 1511 1686 1547 liaberc,ut(66)qui
1702 1510 1798 1538 civita-

1004 1559 1077 1586 tibus
1094 1559 1170 1594 ipsis,
1183 1566 1300 1593 quarum
1313 1557 1392 1585 nobis
1408 1558 1591 1585 ministerium
1611 1557 1796 1584 contraditum

1004 1607 1055 1635 est,
1074 1608 1156 1637 atque
1170 1603 1240 1629 adeo
1249 1602 1305 1630 vita
1315 1607 1410 1629 nostra
1422 1602 1533 1630 destitui
1543 1602 1702 1633 maluimus,
1714 1609 1797 1636 quam

1004 1649 1056 1676 ista
1069 1657 1118 1684 pro
1127 1649 1180 1676 fide
1192 1647 1584 1684 promptitudine(G7).Verum
1597 1648 1729 1675 adversus
1738 1647 1799 1674 illo-

1004 1701 1066 1720 rum
1083 1699 1210 1725 conatus,
1222 1693 1271 1720 Dei
1287 1700 1319 1721 ac
1334 1698 1433 1720 vestrte
1444 1692 1697 1727 pietatisjndicium
1711 1700 1798 1727 oppo-

1007 1747 1116 1767 nemus.

1041 1785 1120 1813 Nunc
1136 1789 1228 1812 autem
1245 1792 1368 1816 oramus,
1383 1789 1414 1811 ut
1429 1791 1483 1810 una
1508 1791 1540 1810 ac
1561 1783 1694 1818 primaria
1711 1783 1799 1817 pietas

1004 1833 1137 1863 curetur;
1153 1834 1228 1857 etne
1243 1829 1404 1857 orthodoxa:
1425 1829 1568 1863 religionis
1588 1827 1729 1862 splendor,
1750 1828 1798 1862 qui

1006 1875 1051 1902 vix
1066 1875 1177 1902 tandem
1189 1874 1242 1901 sub
1256 1873 1345 1901 sancti
1358 1874 1479 1901 nominis
1487 1873 1670 1900 Constantino
1684 1872 1800 1900 irradia-

1006 1922 1056 1954 vit,
1070 1925 1099 1948 et
1113 1929 1162 1956 per
1173 1921 1351 1948 beatissimos
1367 1929 1447 1947 avum
1460 1924 1488 1947 et
1501 1924 1608 1954 patrem
1627 1924 1726 1946 vestrae
1740 1919 1800 1953 pie-

1008 1966 1072 1994 tatis
1083 1966 1263 1993 conlirmatus
1274 1971 1326 1998 est,
1344 1974 1358 1993 a
1381 1970 1427 1993 tua
1447 1970 1540 1993 autem
1556 1966 1697 2001 majestate
1716 1965 1800 1992 etiam

1007 2013 1035 2039 in
1048 2013 1116 2040 alias
1125 2013 1263 2040 Barbaras
1270 2018 1367 2048 gentes
1378 2018 1406 2040 et
1418 2013 1445 2040 in
1460 2014 1606 2040 Persarum
1618 2017 1726 2047 gentem
1739 2020 1802 2046 pro-

1008 2064 1120 2094 rogatus
1132 2064 1184 2099 est.
1201 2067 1275 2086 nunc
1290 2059 1317 2085 in
1332 2059 1400 2094 ipsis
1418 2059 1499 2093 regite
1520 2059 1590 2085 aula)
1613 2058 1802 2092 penetralibus

1009 2104 1189 2139 languescat,
1214 2109 1242 2132 ct
1269 2105 1342 2139 apud
1366 2109 1485 2132 vestram
1509 2104 1636 2131 turbetur
1666 2103 1802 2130 serenita-

975 2157 998 2185 υ
1013 2153 1077 2177 tem.

1047 2195 1106 2225 Non
1132 2196 1207 2224 enim
1229 2197 1356 2232 duplices
1378 2197 1405 2224 in
1424 2196 1576 2228 Persidem,
1597 2203 1613 2222 ο
1634 2204 1692 2228 rex,
1710 2196 1804 2224 mittes

1044 2284 1098 2326 (57)
1116 2285 1199 2313 Addit
1211 2285 1296 2312 Mans.
1310 2293 1361 2320 qua
1378 2293 1496 2320 pugnare
1511 2293 1558 2319 pro
1585 2285 1683 2320 pietate
1710 2285 1803 2311 melius

1027 2328 1101 2347 08818.

1008 2328 1197 2396 poiggiﬂmc‘:
1215 2364 1297 2396 quam
1326 2363 1408 2391 pugn.
1435 2363 1460 2390 ρ.
1488 2355 1550 2390 piat.
1571 2355 1672 2382 absunt
1686 2362 1702 2382 a
1716 2354 1801 2382 Mans.

1008 2391 1054 2425 qui
1073 2391 1156 2417 etiam
1176 2390 1261 2418 habet
1279 2399 1286 2416 τ
1306 2390 1430 2425 ῃνοηηο.

1047 2426 1103 2461 (59)
1122 2425 1152 2452 In
1168 2425 1264 2453 Gneco
1276 2424 1346 2453 forte
1361 2424 1479 2461 erat,76t‘
1497 2424 1620 2459 ἐντολὴν,
1645 2425 1696 2458 τῆς
1720 2425 1803 2461 ὀρθῆς

1012 2461 1129 2491 πίστεως
1145 2461 1314 2495 ἐπικρατεῖν.
1328 2461 1406 2495 quasi
1423 2460 1537 2491 diceret,
1556 2467 1612 2487 non
1626 2461 1742 2493 ratione,
1755 2460 1803 2488 sed

1012 2495 1150 2527 mandato,
1168 2500 1250 2523 recta:
1271 2495 1332 2523 lidei
1349 2495 1496 2523 dominari.
1515 2495 1598 2522 Garn.

1048 2531 1103 2567 (60)
1121 2530 1155 2567 Et
1168 2531 1291 2567 ipsarmrd.
1309 2540 1371 2565 app.
1384 2531 1418 2558 M.

1059 2539 1103 2563 oo)
1121 2539 1175 2557 Mt
1194 2539 1253 2557 sam
1265 2539 1291 2557 (ι.
1309 2540 1371 2565 app.
1385 2539 1418 2558 tu.

1059 2565 1103 2600 tit)
1116 2564 1148 2597 Ω.
1209 2566 1235 2592 d.
1252 2566 1433 2597 introducunt,
1445 2574 1471 2599 ρ.
1489 2573 1514 2600 g.
1531 2568 1555 2600 et
1569 2574 1595 2598 ρ.
1609 2575 1631 2593 s.
1648 2575 1681 2592 νη.
1700 2565 1787 2593 Mans.

1058 2599 1101 2635 62)
1119 2600 1209 2636 Neque
1220 2600 1335 2635 refutare
1349 2609 1379 2628 ea
1395 2601 1473 2636 digna
1486 2599 1513 2634 p.
1526 2599 1610 2628 Maus.

1045 2636 1100 2669 (65)
1115 2635 1225 2663 Οὰδῖδιοι
1242 2635 1326 2663 Mans.

1048 2671 1102 2705 (64)
1119 2671 1152 2698 At
1167 2679 1199 2697 ea:
1215 2671 1286 2698 nobis
1301 2671 1409 2706 quidam
1426 2672 1509 2699 Maus.

1119 2708 1148 2732 Et
1164 2715 1233 2733 nunc
1248 2705 1382 2741 qquuo...
1396 2715 1448 2733 non
1467 2708 1622 2743 ignoramus
1635 2705 1670 2734 M.

1061 2742 1104 2771 6(1)
1127 2741 1158 2767 (lt
1173 2741 1252 2768 abest
1265 2750 1280 2768 a
1294 2741 1379 2768 Mans.

1061 2742 1104 2775 66)
1127 2741 1158 2767 (lt
1173 2741 1252 2768 abest
1265 2750 1280 2768 a
1294 2741 1379 2768 Mans.

1050 2775 1105 2811 (εἶτ)
1127 2777 1304 2810 Ληιριίιιιάίηε
1317 2776 1399 2804 Garn.
