1945 3058
99 95 180 129 1469

776 97 957 131 EPISTULA
975 98 1111 129 CLXVII.

1666 93 1740 129 1470’

96 155 312 184 Christianismi
341 154 501 191 doctrinas;
526 165 616 192 neque
647 161 740 185 nostra
766 158 931 193 magnumA
946 161 988 185 tes
1014 158 1087 193 quod
1112 158 1225 193 pacifice
1253 163 1281 186 et
1304 158 1423 185 fraterne
1457 157 1622 192 qumstiones
1638 177 1647 190 ,
1674 165 1736 193 qua

97 201 214 236 aliquid
229 206 323 235 erunt,
337 203 418 231 nobis
435 203 575 231 discordia
597 202 797 235 laborantibus,
810 203 898 230 nemi-

98 255 200 282 neque
217 248 367 277 exsistente
388 249 461 284 apud
483 249 555 282 illos,
575 250 623 285 qui
640 249 772 284 dijudicet
786 258 793 282 ;
807 256 898 284 neque

98 294 170 328 quis
183 295 302 329 geminis
319 295 534 322 communicabit
550 296 643 323 verbis
655 300 683 323 et
700 295 896 328 sacramentis;

99 347 199 373 neque
212 344 287 367 certe
299 340 342 375 pie
354 348 369 367 a
391 340 475 368 tantis
489 341 617 368 Patribus
632 345 660 368 et
680 340 898 368 incondemnatis

100 385 213 412 sanctis
228 385 374 412 desciscet.
396 385 449 412 Sed
474 394 565 421 neque
586 387 662 421 regni
684 386 828 414 commoda
848 386 898 412 tri-

100 428 220 455 buenda
243 433 325 456 erunt
340 430 394 462 his,
412 430 460 464 qui
483 430 593 458 diversa
613 431 685 457 inter
706 438 735 457 se
754 429 896 461 sentiunt;

100 481 199 508 neque
214 482 315 509 parvus
328 475 391 502 inde
409 475 546 511 risus(68)
561 476 671 510 pietatis
681 475 808 502 hostibus
826 475 899 502 exci-

102 519 233 552 tabitur;
251 523 279 546 et
303 520 446 548 innumera
475 520 528 548 alia
558 520 684 555 malignae
714 520 900 548 contentionis

103 564 233 598 ipsorum
248 565 311 599 quis
326 565 497 592 enumerarit
514 565 699 592 nocumenta?

143 608 174 636 Si
191 610 254 644 quis
268 613 361 636 autem
373 615 417 637 est
441 611 488 645 qui
505 610 668 645 parvifaciat
685 609 839 638 caelestium
856 618 900 637 ra-

102 656 226 689 tionem,
251 657 315 684 talis
334 657 370 684 sit
391 657 485 692 potius
503 657 661 692 quicunque
674 657 750 688 olim,
764 665 846 692 quam
865 657 900 690 is,

104 702 152 729 cui
163 710 274 730 omnem
286 702 362 730 orbis
375 707 539 737 potestatem
549 703 682 730 Dominus
693 702 780 730 dedit.
794 703 900 730 Nostrae

103 751 202 775 autem
220 756 318 783 preces
337 753 411 779 sunt.
427 749 601 784 utjudicium
618 757 632 775 a
649 753 695 775 tua
713 749 815 784 pietate
829 749 899 776 acci—

102 793 370 828 piamuszmentem
395 795 468 821 enim
494 799 570 821 tuam
590 794 623 821 ad
645 799 767 821 exactam
787 802 896 828 eorum,

103 847 170 874 quae
187 839 376 874 inquiruntur,
389 841 665 875 comprehensionem
677 840 756 875 .Dcus
774 840 896 868 inducet.
915 826 935 854 Β

137 885 267 918 Demum,
295 886 318 912 si
341 885 408 920 quid
431 893 505 912 nunc
524 886 686 920 prohiberet
708 885 807 921 (neque
824 886 898 913 enim

106 934 163 957 tua;
176 930 287 965 pietatis
297 931 406 966 negotia
421 931 513 958 omnia
526 936 590 958 nota
602 939 663 958 esse
677 931 815 967 possunt),
829 931 900 967 peti-

104 984 171 1003 mus
188 985 202 1003 a
215 981 262 1003 tua
275 977 437 1010 serenitate,
452 982 481 1004 ut
493 977 527 1004 ad
541 978 653 1012 propria
664 981 725 1004 tuto
737 982 764 1004 et
782 977 899 1004 feliciter

104 1024 292 1059 commigrare
315 1024 395 1052 nobis
418 1024 509 1051 liceat.
536 1024 603 1051 Nam
630 1024 755 1051 videmus
774 1024 899 1051 civitates

105 1070 190 1098 nobis
206 1070 367 1097 commissas
385 1078 418 1098 ex
435 1071 480 1098 tali
498 1078 574 1098 mora
593 1078 650 1098 non
666 1079 764 1106 parum
781 1071 897 1104 offendi,

105 1120 223 1151 propter
244 1124 302 1149 eos,
324 1116 370 1151 qui
389 1117 471 1144 etiam
500 1117 528 1144 in
546 1117 630 1145 rebus
652 1117 715 1152 piis,
734 1122 764 1144 ut
777 1118 898 1150 videtur,

105 1161 313 1189 contentionem
342 1166 489 1196 quierunt,
523 1163 597 1190 nulla
631 1163 695 1191 inde
719 1162 899 1198 proveniente

105 1207 238 1235 utilitate.

105 1263 232 1291 CLXVII.
244 1279 279 1284 —
292 1263 383 1291 Altera
401 1264 550 1291 earumdem
576 1265 666 1299 petitio
683 1264 738 1299 (69)
756 1273 768 1291 ε
790 1263 899 1292 Calche-

161 1299 228 1325 done
248 1298 304 1334 (70)
329 1299 364 1326 ad
389 1299 560 1326 Theodosith
577 1298 731 1334 Augustum
753 1300 844 1327 missa.

143 1343 337 1378 Saepenumero
354 1345 483 1379 pietatem
496 1349 626 1378 vestram,
642 1349 670 1373 et
684 1353 734 1380 per
745 1353 796 1373 nos
807 1346 896 1380 ipsos,

106 1394 135 1416 et
153 1397 202 1424 per
220 1397 277 1422 eos,
291 1390 338 1424 qui
356 1398 371 1417 a
383 1390 463 1417 nobis
481 1390 555 1417 missi
570 1394 643 1422 sunt,
657 1390 812 1422 docuimus,
824 1390 898 1425 quod

108 1439 192 1463 recta:
209 1435 272 1463 ﬁdei
288 1436 385 1471 dogma
397 1436 570 1470 corruptioni
586 1436 735 1463 obnoxium
755 1437 896 1468 videatur,

949 209 1038 237 nuper
1057 207 1158 230 exortae
1182 207 1264 235 sunt,
1292 202 1487 237 inquirautur;
1514 209 1610 229 verum
1632 208 1734 229 conve-

948 248 1097 286 nientibus.
1117 248 1245 275 omnibus
1275 247 1456 283 pientissimis
1482 248 1639 283 episcopis,
1664 247 1733 275 nihil

949 293 1052 329 profuit
1065 294 1157 322 lectio.

986 339 1091 375 1342
1102 341 1184 368 Venit
1193 340 1295 368 nobilis
1306 340 1443 368 Palladius
1453 340 1655 375 Magistrianus,
1666 340 1735 368 alias

948 391 1046 412 vestrm
1059 387 1208 421 majestatis
1222 386 1328 414 litteras
1344 385 1471 418 aderens,
1486 386 1615 414 docentes
1630 386 1734 414 rescin-

948 431 1037 458 denda
1062 439 1123 459 esse
1147 433 1238 459 omnia
1269 438 1330 467 qum
1359 432 1563 466 particulariter
1585 432 1734 458 constituta

947 476 1069 508 fuerant,
1094 480 1122 503 ct
1143 477 1290 504 concilium
1313 476 1406 503 denuo
1427 478 1663 511 congregandum,
1686 484 1735 503 ve-

947 529 1064 557 rumque
1090 522 1187 557 dogma
1211 522 1399 550 sanciendum.
1422 522 1615 556 Centemptum
1628 526 1669 548 est
1685 530 1735 549 au-

947 573 1004 596 tem
1021 574 1048 596 et
1066 569 1129 602 hoc,
1145 577 1220 596 more
1238 569 1328 602 solito,
1351 570 1426 604 pium
1440 573 1560 596 vestrum
1577 568 1734 596 mandatum

948 615 984 644 ab
999 615 1052 648 his,
1069 616 1115 651 qui
1134 616 1226 644 omnia
1244 616 1355 643 audent.

984 663 992 673 '
1009 662 1127 690 Advenit
1154 670 1250 689 rursus
1286 661 1573 698 magnificentissimis
1609 661 1736 695 magister

947 707 1076 740 Joannes,
1090 707 1136 744 qui
1155 713 1220 735 tunc
1231 715 1322 735 comes
1336 707 1458 735 omnium
1471 707 1658 742 largitionum,
1668 706 1736 732 alias

948 753 1048 781 iterum
1063 754 1182 781 afferens
1196 754 1314 785 litteras,
1332 753 1606 788 signiﬁcantes,quod
1619 761 1633 779 a
1645 756 1734 778 vestra

949 798 1090 833 majestate
1108 799 1190 825 trium
1209 798 1394 833 depositiones
1415 798 1530 825 decretae
1548 802 1622 829 sunt,
1636 797 1736 824 tollen-

948 843 1037 878 daque
1054 851 1069 871 e
1086 843 1177 871 medio
1188 843 1299 871 suborta
1309 844 1484 875 offendicula,
1497 843 1637 877 solamque
1654 842 1734 868 fidem

949 889 976 915 in
993 889 1081 916 Nicaea
1094 889 1245 924 expositam
1262 897 1277 916 a
1293 889 1395 916 sanctis
1409 894 1437 916 et
1453 889 1540 916 beatis
1555 887 1735 919 Patribus,ab

948 933 1077 961 omnibus
1095 933 1320 961 confirmandam.
1341 933 1514 969 Transgressi
1542 937 1615 964 sunt,
1639 937 1669 959 ut
1689 939 1735 959 so—

949 980 1015 1013 lent,
1031 985 1058 1007 et
1070 980 1141 1008 hanc
1159 981 1247 1016 legem
1261 981 1291 1013 ii,
1315 980 1362 1016 qui
1380 980 1471 1007 omnia
1488 988 1537 1015 pro
1551 979 1670 1006 ludibrio
1688 978 1736 1005 ha-

948 1024 1024 1052 bent.

981 1071 1126 1098 Enimvero
1142 1080 1193 1099 nec
1214 1075 1274 1107 post
1291 1071 1435 1098 lectionem
1464 1078 1479 1097 a
1507 1070 1603 1105 coeptis
1620 1068 1734 1096 destite-

949 1121 1023 1149 runt,
1051 1121 1079 1144 et
1104 1117 1325 1144 communionem
1350 1116 1473 1144 habuere
1499 1123 1561 1143 cum
1591 1114 1734 1150 depositis,

949 1162 1187 1197 memineruntque
1203 1162 1372 1198 (75’)eorum,
1388 1166 1517 1197 tanquam
1530 1161 1734 1196 episcoporum,

948 1215 1004 1234 non
1020 1208 1211 1242 permittentes
1244 1212 1273 1235 ut
1299 1207 1418 1243 capitula
1437 1207 1498 1239 ista,
1520 1207 1547 1233 in
1566 1206 1697 1233 damnum
1709 1209 1736 1233 et

949 1254 1153 1288 corruptionem
1183 1254 1234 1288 pia:
1257 1253 1320 1280 ﬁdei
1349 1253 1482 1288 exposita,
1502 1251 1734 1287 exploderentur;

950 1299 1056 1327 tametsi
1073 1307 1089 1327 a
1102 1299 1182 1327 nobis
1197 1300 1231 1327 ad
1248 1300 1413 1335 colloquium
1425 1299 1524 1334 sazpius
1537 1297 1663 1325 accersiti
1678 1297 1737 1324 fue-

948 1343 1014 1371 rint.
1044 1343 1218 1372 Habebamus
1238 1344 1311 1371 enim
1335 1345 1363 1371 in
1388 1347 1515 1379 promptu
1544 1342 1735 1370 haereticorum

949 1389 1134 1424 capitulorum
1149 1393 1320 1425 argumenla.

985 1435 1089 1462 Horum
1106 1435 1281 1474 nobisvtcstis
1302 1438 1345 1462 est
1368 1433 1655 1469 magnificentissimos
1675 1439 1735 1459 ma—

106 1483 136 1506 et
151 1480 226 1514 quod
247 1480 265 1507 ii
286 1480 443 1515 discerpere
462 1481 608 1508 videantur
638 1481 766 1508 Ecclesia:
785 1489 896 1517 corpus,
911 1495 932 1523 α
949 1480 1101 1516 gistcr,qui
1111 1481 1191 1508 nobis
1207 1484 1235 1508 et
1249 1480 1303 1507 illis
1317 1480 1398 1507 tertio
1412 1487 1445 1506 ac
1458 1483 1556 1514 quarto
1566 1478 1734 1510 convocatis,

108 1524 156 1558 qui
170 1525 261 1551 omnia
278 1533 379 1560 susque
394 1525 483 1560 deque
499 1525 602 1561 1341
621 1525 735 1558 faciunt,
745 1531 773 1554 et
788 1534 898 1554 omnem

108 1569 322 1596 ecclesiasticam
347 1570 582 1602 constitutionem,
607 1577 772 1605 omnemque
795 1572 898 1605 regiam

108 1614 193 1649 legem
202 1615 373 1647 conculcant,
379 1615 561 1650 universaque
567 1615 647 1642 simul
653 1615 823 1643 confundunt
831 1617 897 1652 (71),

109 1665 139 1687 ιιι
159 1660 312 1696 expositam
336 1660 461 1688 hmresim
474 1668 490 1688 a
506 1660 609 1697 Cyrillo
627 1662 813 1689 Alexandrino
832 1670 898 1689 con-

110 1706 230 1733 ﬁrment.

142 1751 210 1780 Nam
228 1751 275 1779 ubi
293 1751 348 1788 (72)
364 1760 379 1779 a
396 1758 486 1780 vestra
504 1752 605 1788 pietate
618 1753 645 1780 in
656 1753 796 1788 Ephesum
809 1755 898 1782 vocati

109 1797 256 1834 sumus,_ad
270 1797 449 1833 inquirendas
459 1798 697 1834 (73)quzestiones,
707 1807 767 1834 quae
779 1799 898 1833 pullula-

109 1849 188 1878 runt,
215 1850 243 1872 et
264 1845 298 1872 ad
317 1844 532 1872 confirmandam
558 1844 640 1871 fidem
665 1844 852 1879 evangelicam
870 1849 899 1872 et

109 1891 286 1926 apostolicam
305 1897 320 1917 a
339 1889 441 1927 sanctis
457 1889 586 1916 Patribus
601 1889 763 1924 expositam,
776 1890 898 1917 nondum

109 1935 237 1963 omnibus
259 1934 443 1969 praesentibus
464 1934 621 1962 convocatis
642 1934 789 1969 episcopis,
811 1935 829 1962 ii
850 1935 898 1969 qui

109 1980 274 2016 particulare
307 1979 454 2006 concilium
489 1979 660 2011 habuerunt,
688 1979 815 2009 hazi'etica
853 1980 898 2007 illa

111 2026 209 2061 capita,
227 2033 288 2060 quae
307 2033 369 2052 cum
386 2025 454 2057 Arii,
481 2029 509 2052 et
534 2025 673 2056 Eunomii,
692 2028 719 2053 et
736 2024 896 2060 Apollinarii

111 2071 248 2106 impietate
264 2069 444 2100 conveniunt,
462 2069 572 2103 scriptis
588 2069 794 2096 commentariis
815 2068 896 2095 robo-

112 2121 215 2144 rarunt.
238 2116 271 2148 Et
297 2116 365 2142 alios
388 2115 499 2150 quidem
524 2114 710 2148 deceperunt;
739 2114 808 2142 alios
831 2122 897 2141 vero

948 1530 976 1553 et
994 1526 1053 1554 haec
1064 1534 1115 1554 nec
1127 1526 1296 1561 praetendere
1308 1525 1423 1557 audens,
1440 1530 1553 1560 propter
1570 1524 1680 1551 illorum
1695 1523 1736 1550 in-

948 1571 1142 1604 obcdientiam,
1161 1579 1251 1606 operae
1260 1571 1377 1606 pretium
1390 1571 1468 1598 duxit
1486 1569 1600 1605 posthac
1616 1569 1670 1596 huc
1687 1576 1735 1596 nos

948 1625 1058 1645 vocare.

983 1663 1152 1691 Advenimus
1168 1663 1235 1690 nihil
1259 1666 1401 1694 remorati,
1421 1670 1472 1690 nec
1487 1663 1653 1697 quievimus,
1670 1669 1733 1688 cum

948 1709 1002 1736 huc
1017 1709 1192 1744 pervenimus
1208 1708 1274 1744 (76),
1293 1712 1320 1735 et
1336 1708 1408 1743 apud
1418 1713 1536 1736 vestram
1548 1708 1687 1743 pietatem,
1707 1711 1735 1734 et

948 1755 1020 1789 apud
1040 1755 1146 1782 illustre
1175 1753 1368 1781 consistorium
1382 1774 1388 1786 ,
1416 1754 1609 1786 obsecrantes,
1632 1758 1662 1780 ut
1683 1753 1734 1788 ipsi

948 1805 1086 1828 certamen
1100 1800 1152 1826 hoc
1169 1807 1219 1834 pro
1234 1799 1363 1834 capitulis
1379 1800 1562 1834 susciperent,
1580 1807 1612 1827 ac
1630 1799 1658 1826 in
1677 1799 1734 1827 col-

948 1844 1071 1878 loquinm
1093 1843 1230 1876 venirent,
1253 1844 1297 1870 vel
1320 1851 1353 1870 ea
1375 1847 1505 1878 tanquam
1523 1844 1611 1870 aliena
1626 1851 1642 1870 a
1658 1848 1733 1871 recta

949 1889 1001 1916 fide
1018 1888 1358 1923 explodercnt,manentes
1370 1888 1397 1915 in
1411 1889 1467 1915 sola
1480 1888 1651 1923 expositione
1669 1888 1734 1915 fidei

948 1933 1091 1960 beatorum
1106 1933 1227 1965 Palmm,
1245 1933 1292 1968 qui
1311 1933 1338 1959 in
1356 1932 1446 1960 Nicma
1463 1936 1650 1960 convenerunt
1664 1931 1733 1968 (77).

983 1978 1016 2005 Et
1029 1978 1058 2006 hi
1073 1978 1184 2013 quidem
1199 1979 1268 2006 nihil
1281 1979 1380 2006 horum
1399 1978 1489 2005 facere
1501 1979 1665 2011 voluerunt;
1684 1979 1731 2005 sed

947 2029 1090 2052 manentes
1112 2024 1139 2051 in
1160 2024 1287 2052 haeretica
1311 2024 1498 2056 contentione,
1526 2024 1652 2059 permissi
1669 2030 1734 2051 sunt

947 2069 1076 2097 ecclesias
1087 2069 1273 2104 frequentare,
1288 2073 1315 2096 ct
1326 2069 1479 2097 sacerdotio
1493 2069 1568 2104 fungi
1583 2078 1590 2095 :
1605 2077 1655 2096 nos
1665 2077 1733 2096 vero

947 2116 1041 2152 synaxi
1061 2115 1186 2143 destituti
1207 2115 1358 2142 mansimus
1384 2119 1461 2142 tanto
1494 2118 1626 2149 tempore,
1650 2118 1677 2141 et
1705 2114 1733 2140 in

112 2166 283 2194 terruerunt;
310 2161 379 2188 alios
405 2164 496 2188 autem
522 2160 556 2187 de
575 2160 674 2188 haeresi
701 2165 843 2188 accusatos
864 2160 891 2187 in
909 2166 929 2193 ι)
944 2160 1093 2196 Epheso,et
1109 2161 1155 2188 hic
1173 2160 1228 2196 (78)
1245 2168 1319 2188 nunc
1331 2169 1338 2194 ;
1350 2160 1549 2195 innumeraque
1566 2160 1688 2195 pericula
1704 2163 1734 2187 et

112 2208 326 2236 communionem
345 2210 539 2241 susceperunt,
556 2210 583 2232 et
599 2206 669 2238 aliis,
686 2206 732 2240 qui
749 2213 805 2233 non
821 2213 898 2233 com—

112 2252 295 2284 municabant,
312 2251 482 2282 mercedem,
501 2256 531 2278 ut
554 2251 798 2283 communicarent,
815 2251 898 2279 dede-

113 2303 189 2331 .unt;
204 2298 273 2325 alios
289 2298 398 2325 demum
412 2304 460 2330 spe
479 2296 614 2323 honorum
628 2295 694 2331 (74),
710 2296 810 2331 quibus
824 2297 896 2324 indi-

112 2344 154 2378 gni
177 2347 265 2375 erant,
286 2342 493 2370 accenderunt:
510 2347 538 2370 et
557 2342 593 2369 ita
614 2342 666 2369 sibi
688 2343 894 2370 multitudinem

112 2392 318 2424 congregarunt,
341 2387 418 2422 quasi
440 2387 613 2419 nescientes,
636 2387 709 2422 quod
727 2387 799 2422 piam
827 2388 891 2415 reli-

112 2435 215 2470 gionem
233 2441 288 2462 non
305 2434 464 2466 multitudo,
483 2433 532 2460 sed
548 2433 649 2461 veritas
663 2433 791 2460 ostendit.

145 2481 242 2508 lterum
254 2480 330 2506 lecta:
340 2482 404 2506 sunt
420 2483 518 2506 vestrae
535 2478 645 2512 pietatis
662 2478 760 2506 litterze
775 2487 824 2513 per
836 2487 892 2505 ma-

113 2525 362 2562 gnificentissimum
374 2524 503 2552 comitem
517 2523 727 2555 Candidianum,
736 2524 891 2559 significan-

134 2594 196 2626 -(68)
214 2593 278 2621 Usus
287 2593 372 2620 Mansi
385 2593 412 2619 in
426 2596 510 2623 textu.
525 2592 551 2618 in
568 2593 700 2625 margine,
714 2601 802 2620 ausus.

155 2629 196 2662 69)
209 2629 256 2656 Est
286 2629 304 2655 l.
331 2627 448 2664 capud
479 2627 605 2664 Mansit.
622 2627 664 2659 ιν,
682 2635 708 2662 p.
730 2628 797 2654 “03
817 2636 888 2664 scq.,

113 2672 143 2690 cx
158 2663 206 2690 alia
222 2663 349 2698 versione
365 2663 391 2690 in
410 2662 512 2698 Synod.
529 2670 552 2688 ρ.
574 2662 618 2688 5i.

156 2698 197 2731 70)
214 2697 377 2724 Chalcedone
392 2697 426 2724 M.

156 2732 195 2767 7|)
216 2732 394 2766 Confuderunt
410 2732 494 2759 Mans.

156 2768 195 2798 72)
212 2767 243 2794 Ut
260 2768 344 2795 Mans.

150 2801 195 2837 :75)
216 2801 403 2837 Inquirendum
420 2801 504 2829 Mans.

946 2206 1002 2234 illic
1019 2212 1047 2234 et
1073 2206 1119 2233 hic
1136 2206 1300 2241 pertulimus
1317 2215 1324 2232 :
1352 2209 1380 2233 et
1399 2213 1461 2233 cum
1482 2205 1678 2240 lapidaremnr,
1703 2209 1732 2232 et

945 2256 1050 2278 tantum
1061 2259 1116 2278 non
1129 2251 1309 2285 perderemur
1323 2259 1338 2278 a
1356 2251 1452 2283 servis,
1467 2251 1665 2278 monachorum
1681 2251 1730 2278 lia-

945 2299 1003 2325 bitu
1016 2297 1130 2330 indutis,
1143 2297 1208 2325 boni
1224 2297 1423 2330 consuluimus,
1441 2302 1535 2333 utpote
1556 2305 1607 2332 pro
1630 2297 1732 2332 pietate

945 2343 1007 2370 talia
1023 2343 1140 2370 libenter
1158 2343 1337 2378 perferentes.

981 2389 1045 2416 Post
1064 2389 1122 2416 hate
1138 2389 1228 2416 visum
1249 2393 1292 2416 est
1313 2394 1410 2416 vestra:
1427 2389 1571 2424 maiestati,
1588 2393 1618 2415 ut
1631 2388 1733 2415 iterum

944 2442 994 2461 nos
1011 2442 1043 2461 ac
1060 2434 1098 2461 illi
1111 2438 1369 2467 convocaremur,nt
1387 2433 1441 2470 (79)
1453 2434 1486 2461 ad
1497 2433 1660 2468 inquirenda
1678 2433 1731 2460 do-

944 2485 1034 2515 gmata
1047 2480 1238 2507 inobedientcs
1249 2480 1487 2515 compellerentur.
1500 2479 1562 2506 Haec
1576 2483 1606 2506 ut
1621 2478 1730 2509 fierent.

945 2526 1025 2553 nobis
1048 2526 1280 2560 exspectantibus,
1308 2529 1398 2552 vestra
1423 2525 1510 2559 pietas
1537 2524 1564 2551 in
1589 2523 1730 2551 civitatem

981 2593 1034 2628 (74)
1055 2593 1168 2620 Honoris
1182 2592 1303 2628 habebat
1312 2592 1384 2627 vulg.
1404 2595 1502 2618 textus.

980 2627 1035 2661 (75)
1051 2629 1082 2655 Et
1098 2629 1269 2655 meminerunt
1280 2627 1364 2654 Mans.

979 2659 1034 2697 (76)
1061 2663 1148 2690 Donec
1174 2665 1223 2698 huc
1252 2663 1442 2698 perueniremus
1467 2659 1617 2698 lllans.S_ed
1643 2659 1729 2687 (ἔπι-η.

942 2695 1116 2725 Ιροὶὶσριίιιιιι
1131 2706 1193 2725 cum
1209 2695 1342 2732 Synodico
1360 2696 1444 2732 magis
1460 2695 1605 2723 consentit.

991 2734 1034 2766 77)
1050 2733 1230 2760 Convenerant
1241 2733 1326 2759 Mans.

993 2769 1035 2794 78)
1054 2768 1101 2796 llic
1115 2768 1192 2795 abest
1208 2777 1223 2795 ξι
1239 2768 1322 2794 Mans.

991 2734 1034 2766 77)
1050 2734 1230 2760 Convenerant
1241 2734 1269 2759 Μς

993 2769 1035 2794 78)
1054 2768 1101 2796 llic
1115 2768 1192 2795 abest
1208 2777 1223 2795 ξι
1239 2768 1269 2793 Ill:

979 2734 1035 2839 ἓν»)
1054 2802 1085 2829 Et
1099 2803 1175 2830 addit
1186 2803 1269 2830 Mans.
