1945 3058
197 93 264 126 I471

696 92 938 123 'I‘IIEODORETI
958 90 1126 121 EPISCOPI
1146 90 1329 120 CYRENSIS

1751 86 1830 119 1472

197 149 320 185 profecta
336 151 388 181 est,
401 151 428 176 et
444 155 492 176 eos
504 146 626 182 quidem,
638 146 686 182 qui
701 146 735 174 de
754 146 851 173 haeresi
873 152 983 172 accusa-
997 147 1018 174 Α
1035 144 1110 171 tinue
1122 144 1156 171 ab
1168 151 1200 171 eo
1215 144 1269 176 die,
1288 151 1343 178 quo
1367 143 1505 178 Ephesum
1524 141 1710 177 pervenimus,
1730 149 1830 177 usque

197 195 311 227 bantur,
338 199 366 222 et
385 199 497 230 propter
510 194 573 226 hoc,
591 194 660 221 alios
685 202 719 221 ex
743 193 786 220 his
804 193 944 228 depositas
967 200 982 218 a

197 241 291 273 nobis,
304 240 372 267 alios
388 248 453 267 vero
469 239 729 271 exeommunicatos,
741 244 769 266 et
787 239 886 266 deinde
901 245 983 264 cano-

198 286 270 313 nicis
293 285 381 320 poenis
409 284 614 320 subjiciendos;
646 285 774 319 prmcepit
801 285 827 311 in
845 284 982 311 civitatem

196 332 300 364 venire,
309 331 462 358 sacerdotio
473 330 548 365 fungi
559 335 586 358 et
597 330 726 357 ordinare
740 329 794 365 (80)
806 351 812 357 .
833 330 888 357 Nos
904 337 981 360 vero,

199 377 246 411 qui
274 385 324 411 pro
349 377 452 411 pietate
478 381 584 403 tantum
606 380 743 403 certamen
756 375 936 410 suscepimus,
955 378 983 402 et

197 429 247 456 pro
259 421 340 449 rectis
351 421 524 457 dogmatibus
539 422 645 448 nullum
663 429 718 449 non
735 421 886 456 periculum
899 421 982 449 susti-

198 467 320 498 nuimus,
343 475 432 502 neque
451 467 556 502 ingredi
568 467 595 493 in
609 467 747 494 civitatem
760 467 852 502 jussit,
869 471 899 494 ut
920 466 982 493 ﬁdei

197 513 381 548 periclitantis
398 513 536 548 negotium
550 521 701 548 ageremus,
717 517 744 540 et
759 520 810 547 pro
829 512 912 539 rectis
931 512 982 539 do-

197 558 334 594 gmatibus
360 566 530 593 urgeremus,
550 567 639 593 neque
652 559 685 587 ad
709 559 817 594 propria
833 558 982 592 remigrare

197 603 341 638 permisit;
361 603 408 630 sed
421 611 516 631 sumus
535 604 562 631 in
576 604 748 632 Calchedone
767 604 822 639 (8i)
839 604 941 635 tristes,
955 606 982 630 et

199 655 341 685 gementes
352 650 380 676 in
391 650 525 682 Ecclesia,
537 658 597 684 quae
614 653 758 677 exercetur
772 649 928 676 schismate.

233 694 338 722 Idcirco
349 695 395 729 qui
409 695 513 722 nullum
530 703 691 730 responsum
708 694 874 726 obtinemus,
889 701 983 721 ncces—

197 737 300 764 sarium
316 738 443 765 duximus
471 743 500 765 ut
514 740 694 773 praesentibus
709 739 808 766 litteris
822 739 982 766 doceremus

196 786 316 809 vestram
336 782 478 816 pietatem,
499 791 590 810 coram
611 784 667 811 Deo
692 787 720 810 et
738 783 847 810 Christo
866 783 925 818 ipso
950 790 982 810 ac

1034 189 1061 215 in
1077 189 1249 216 hodiernum.

1070 234 1262 261 Verumtamen
1280 239 1310 260 ut
1324 233 1446 264 videtur,
1467 232 1534 258 nihil
1556 232 1637 259 nobis
1663 231 1768 267 profuit
1796 231 1829 258 in

1033 277 1085 304 hoc
1101 278 1201 305 sacculo
1217 278 1352 305 modestia
1367 282 1477 310 nostra;
1494 278 1548 304 imo
1559 277 1641 304 etiam
1658 277 1827 312 plurimum.

1033 327 1064 349 ut
1080 323 1214 355 videmus,
1239 323 1338 350 obfuit.
1359 323 1427 351 Nam
1452 331 1502 349 nos
1521 323 1643 357 quidem,
1657 322 1703 357 qui
1715 323 1755 349 sic
1770 330 1830 349 nos

1033 367 1200 399 habuimus,
1223 369 1231 379 ‘
1254 375 1340 402 usque
1368 368 1396 395 in
1423 372 1586 403 praesentem
1612 368 1685 395 diem
1706 367 1830 395 Calche-

1033 412 1104 440 done
1118 413 1224 440 detenti
1246 421 1342 440 sumus
1358 413 1425 447 (85).
1450 421 1524 440 nunc
1544 417 1636 440 autem
1656 413 1688 440 ad
1708 413 1827 448 propria

1033 458 1209 485 dimittimur.
1231 459 1347 491 Ilivero,
1363 459 1411 493 qui
1425 458 1516 485 omnia
1529 458 1725 490 confuderunt,
1734 463 1763 485 et
1775 466 1828 485 or-

1032 504 1094 531 bem
1117 505 1204 532 turbis
1230 505 1425 540 impleverunt,
1453 510 1481 532 et
1504 505 1642 532 Ecelesias
1663 505 1827 540 discerpere

1033 551 1213 582 contendunt,
1234 555 1263 578 ct
1279 551 1410 585 pietatem
1431 551 1576 578 manifeste
1591 555 1761 586 oppugnant,
1781 559 1828 578 sa-

1033 596 1155 623 cerdotio
1173 596 1338 632 funguntur,
1361 597 1492 624 ecclesias
1514 601 1701 632 congregant,
1725 601 1768 628 et,
1792 600 1827 623 ut

1032 646 1144 676 putant,
1167 643 1362 669 auctoritatem
1380 642 1527 670 ordinandi
1548 642 1665 675 habent,
1688 642 1827 669 nimirum

1033 686 1128 713 illicite
1141 686 1176 712 ab
1191 686 1245 713 illis
1257 687 1372 721 petitam
1385 695 1391 719 ;
1407 686 1557 714 seditiones
1573 687 1601 713 in
1611 687 1733 714 Ecclesia
1749 688 1827 714 exci-

1033 735 1092 758 tant
1107 740 1115 765 ;
1134 739 1196 767 quae
1211 732 1391 767 expendenda
1409 732 1436 759 in
1448 740 1514 760 usus
1538 740 1699 767 pauperum,
1714 732 1743 759 in
1757 739 1827 759 suos

1035 778 1178 804 insumunt
1191 777 1303 805 milites.

198 832 294 854 sancto
310 826 424 862 Spiritu,
443 827 515 862 quod
529 828 550 855 si
567 828 629 862 quis
641 828 784 855 ordinatus
796 828 879 855 fuerit
892 828 981 862 (ante-
999 819 1019 846 Β
1068 822 1203 850 Czeterum
1219 832 1273 851 non
1292 823 1402 850 illorum
1417 827 1536 855 tantum,
1555 823 1602 850 sed
1617 828 1644 850 et
1661 827 1755 850 noster
1772 831 1827 850 rex

198 879 280 907 quam
294 872 478 900 discutiantur
490 878 565 901 recta
585 873 722 908 dogmata)
741 873 775 900 ab
800 873 843 900 his
861 873 907 907 qui
925 873 982 899 bre—

197 917 282 945 retica
294 918 425 950 sentiunt,
443 926 556 946 necesse
571 920 607 946 sit
637 923 666 946 ut
694 922 749 946 tota
773 919 895 945 Ecclesia
909 918 982 945 scin-

197 963 299 993 datur.
320 968 375 990 tam
395 964 469 991 clero
482 984 489 995 ,
513 973 595 1000 quam
621 965 747 999 plebibus
773 963 981 991 dissidentibus.

197 1009 295 1037 Nullus
333 1010 407 1036 enim
435 1011 543 1045 piorum
573 1011 643 1037 feret
672 1010 801 1038 haeretica
830 1009 983 1037 colentibus

197 1055 418 1082 communionem
440 1055 511 1087 dari,
529 1055 724 1091 propriamque
739 1055 854 1082 salutem
875 1054 984 1081 annihi-

197 1099 260 1126 lari.
359 1098 362 1099 ⁷

234 1143 285 1171 Ubi
310 1147 401 1170 autem
428 1143 497 1175 haec,
522 1152 582 1178 qum
607 1143 699 1171 futura
727 1147 804 1176 sunt,
824 1143 982 1174 evenerint,

199 1191 265 1214 tunc
284 1187 339 1223 (82)
351 1192 441 1214 vestra
457 1188 545 1222 pietas
558 1192 657 1223 praeter
674 1195 751 1214 suam
768 1191 887 1214 mentem
903 1195 984 1222 agere

199 1236 321 1267 cogetur.
337 1232 405 1260 Nam
423 1236 451 1259 et
467 1233 585 1259 schisma
601 1236 700 1267 praeter
725 1232 888 1259 sententiam
909 1231 985 1258 iuva-

199 1277 293 1310 lescet,
306 1281 334 1304 et
350 1285 408 1309 eos,
424 1277 470 1311 qui
487 1285 537 1312 pro
555 1278 655 1312 pietate
670 1281 786 1310 certant,
801 1276 983 1309 contristabit,

198 1330 254 1349 non
271 1322 400 1355 ferentes,
414 1327 444 1349 ut
465 1330 520 1349 sua:
544 1322 642 1349 animae
661 1325 785 1357 pereant,
810 1325 838 1348 et
859 1325 985 1348 constent

198 1368 380 1396 contentiosis
406 1367 510 1403 1343
533 1367 616 1402 impia
643 1367 736 1403 Cyrilli
766 1367 902 1402 dogmata,
924 1374 985 1401 quae

198 1413 349 1449 justiﬁeare
363 1413 469 1440 volunt.

234 1458 311 1486 Multi
331 1463 435 1491 autem,
447 1458 493 1493 qui
505 1459 599 1494 pietati
614 1458 734 1491 student,
751 1458 845 1494 Cyrilli
858 1458 985 1494 dogmata

199 1505 307 1533 admitti
319 1513 373 1532 non
386 1504 477 1532 sinent
490 1514 496 1530 :
507 1512 595 1539 neque
606 1512 671 1532 vero
685 1505 816 1536 sinemus,
828 1505 875 1539 qui
890 1512 985 1532 sumus

197 1557 296 1578 omnes
310 1558 360 1577 nos
371 1558 403 1577 ex
421 1549 553 1577 Orientali
567 1549 690 1581 dioecesi,
711 1553 810 1577 vestra:
825 1550 983 1584 provinciae,

197 1603 234 1624 ex
249 1596 361 1623 dioecesi
374 1595 464 1625 Ponti,
475 1599 502 1622 et
515 1594 594 1627 Asiae,
605 1600 633 1622 et
644 1595 778 1627 Thraciae,
792 1600 819 1623 et
836 1595 948 1630 Illyrici,
958 1599 986 1622 et

200 1642 352 1673 ltaliarum,
374 1641 421 1676 qui
447 1645 475 1668 et
495 1645 592 1667 vestrae
609 1641 704 1675 pietati
716 1641 816 1668 librum
835 1641 986 1668 beatissimi

198 1685 339 1713 Ambrosii
362 1685 497 1711 miserunt
522 1684 588 1719 (85),
613 1685 727 1713 adversa
747 1686 893 1720 pullulanti
921 1686 988 1714 huic

202 1729 391 1764 superstitioni
411 1729 565 1756 docentem.

237 1773 410 1808 Quapropter
421 1781 454 1800 ne
468 1773 522 1800 hoc
532 1774 650 1804 eveniat,
663 1777 691 1801 et
700 1778 792 1801 vestra
803 1774 892 1809 pietas
901 1775 988 1810 magis

202 1819 394 1852 conturbetur,
416 1819 616 1853 supplicamus,
629 1827 785 1854 precamur,
801 1820 987 1854 obsecramus,

204 1869 235 1892 ut
255 1865 355 1897 edicat,
366 1872 400 1892 ne
418 1865 554 1892 ordinatio
566 1869 646 1892 antea
659 1865 715 1898 ﬁat,
733 1865 820 1893 donec
835 1866 988 1894 orthodoxa

207 1909 276 1936 ﬁdes
289 1909 434 1940 formetur,
445 1913 558 1944 propter
572 1917 653 1944 quam
675 1918 726 1936 nos
741 1912 918 1946 congregavit
942 1919 989 1940 ve-

204 1958 270 1986 stra,
284 1962 344 1989 quae
356 1954 494 1981 Christum
516 1958 597 1987 amat,
621 1954 765 1982 celsitudo.

203 2021 468 2058 Cl.XVIII.—~Terlia
487 2021 636 2058 earumdem
654 2022 797 2056 postulatio
823 2022 879 2058 (84)
896 2031 910 2049 e
924 2022 990 2051 Cal-

383 2055 497 2082 chedona
513 2056 547 2082 ad
559 2055 730 2092 imperatores
747 2055 835 2084 misse.

240 2112 299 2139 Non
310 2112 384 2139 hunc
397 2116 526 2139 eventum
537 2112 696 2139 sortituram
706 2118 803 2140 vestrae
820 2114 932 2148 pietatis
944 2122 991 2142 cx-

205 2157 396 2193 spectabamus
418 2157 606 2184 evocationem
632 2167 638 2184 :
664 2158 753 2185 vocati
780 2159 853 2185 enim
874 2159 989 2188 honeste

205 2211 311 2235 sumus,
326 2206 455 2238 tanquam
473 2203 629 2230 sacerdotes
644 2211 658 2230 a
674 2208 784 2238 τοδε,οι
795 2204 883 2231 vocati
896 2213 990 2232 sumus

205 2249 240 2276 ad
259 2249 473 2276 conﬁrmandam
490 2253 648 2276 sanctorum
670 2249 782 2275 I‘atrum
805 2249 906 2278 ﬁdem:
925 2258 990 2285 pro-

205 2298 299 2329 pterea
312 2294 405 2324 etiam,
422 2299 552 2328 tanquam
571 2294 618 2328 pio
642 2294 699 2328 regi
717 2294 865 2327 obcdituri,
881 2296 993 2323 adveni-

205 2346 277 2365 mus.
296 2338 347 2366 Ubi
359 2343 449 2366 autem
459 2338 596 2369 venimus,
619 2346 708 2373 neque
731 2339 881 2366 Ecclesium
899 2341 991 2368 minus

204 2385 293 2412 secuti
313 2393 418 2417 sumus,
439 2391 528 2419 neque
552 2384 657 2420 1344
678 2389 801 2412 vestrum
824 2386 991 2420 contempsi-

204 2438 267 2457 mus
279 2430 416 2463 edietum;
431 2429 479 2457 sed
496 2434 602 2457 vestros
616 2435 700 2458 nutus
717 2430 805 2458 secuti
818 2438 914 2459 sumus
925 2439 991 2459 con-

239 2507 365 2534 "ITim.
380 2515 418 2540 v1,
433 2506 475 2534 I5.
515 2506 538 2522 ⁸³
557 2505 658 2534 Ezech.
673 2515 713 2540 III,
732 2507 776 2534 ‘18.

241 2584 298 2621 (80)
319 2584 396 2621 Utiin
410 2593 433 2611 ι.
453 2585 582 2617 venirent,
606 2584 709 2612 sacerd.
726 2584 899 2620 fungerentur
913 2590 937 2612 et
949 2593 993 2612 or-

204 2620 336 2647 dinarent.
354 2620 388 2646 Μ.

255 2655 300 2685 81)
316 2654 438 2690 ρΙιαιερά.
450 2655 535 2690 Mans.

256 2689 299 2724 εὶ)
315 2689 361 2717 Ubi
375 2698 401 2716 a.
416 2691 470 2717 hmo
485 2690 574 2724 futura
589 2693 660 2721 sunt,
679 2693 750 2720 tum,
763 2694 816 2717 etc.
833 2690 868 2718 M.

257 2724 302 2759 83)
332 2725 366 2751 Et
380 2733 468 2751 omnes
489 2732 545 2755 nos,
577 2725 622 2759 qui
647 2733 679 2751 ea;
703 2725 826 2752 orientali
852 2725 952 2752 dimcesi
969 2729 994 2752 et

208 2763 301 2786 uestra:
316 2761 464 2792 prouincia,
478 2767 509 2786 ea:
523 2759 624 2786 dioecesi
642 2759 720 2786 Pont.
737 2765 761 2786 et
781 2760 826 2787 As.
852 2765 876 2786 et
893 2759 953 2787 Thr.
969 2765 993 2787 et

213 2793 256 2822 ιιι.
272 2798 297 2821 u
312 2793 464 2829 Italiarum,
478 2794 570 2830 Cyrilli
588 2794 674 2829 dogm.
696 2795 767 2823 adm.
784 2804 810 2822 η.
834 2795 928 2828 sinent,
949 2796 994 2830 qui

1032 875 1072 895 es.
1091 868 1152 895 Non
1168 869 1241 895 enim
1255 876 1338 904 parva
1353 868 1444 903 portio
1461 869 1535 903 regni
1550 868 1589 894 tui
1607 872 1649 895 est
1669 867 1778 900 Oriens,
1796 869 1826 895 in

1032 921 1087 948 quo
1101 922 1210 948 semper
1224 919 1298 941 recta
1316 914 1382 941 ﬁdes
1393 914 1510 946 refulsit,
1531 917 1559 941 et
1577 921 1639 940 cum
1661 914 1714 940 hoc
1737 915 1827 941 etiam

1032 959 1092 986 alite
1113 960 1260 994 provincia:
1283 965 1311 988 et
1328 952 1461 988 diosccses
1473 980 1480 993 ,
1512 968 1527 987 e
1546 959 1647 995 quibus
1666 960 1825 995 congregati

1032 1004 1145 1033 fuimus.

1068 1051 1187 1079 Proinde
1204 1060 1238 1079 ne
1254 1052 1389 1087 despiciat
1409 1055 1499 1079 vestra
1513 1052 1640 1086 majestas
1656 1051 1748 1083 ﬁdem,
1761 1058 1825 1085 quae

1033 1096 1216 1128 adulteratur,
1237 1097 1264 1124 in
1286 1105 1367 1132 quam
1382 1101 1410 1123 et
1424 1104 1474 1123 vos
1492 1097 1621 1131 baptizati
1640 1096 1717 1129 estis,
1733 1100 1761 1123 et
1775 1104 1826 1123 ve-

1034 1142 1084 1169 stri
1102 1143 1312 1177 progenitores;
1341 1142 1369 1169 in
1394 1150 1475 1177 quam
1498 1142 1626 1169 Ecclesia:
1645 1142 1826 1169 fundamenta

1034 1192 1098 1215 sunt
1112 1188 1201 1223 jacta;
1220 1192 1332 1223 propter
1352 1195 1434 1222 quam
1449 1187 1614 1215 sanctissimi
1633 1191 1768 1223 martyres
1782 1187 1827 1214 in-

1033 1241 1148 1260 numera
1163 1233 1260 1260 mortis
1276 1239 1376 1267 genera
1388 1240 1450 1260 cum
1469 1233 1611 1267 voluptate
1625 1236 1823 1266 susceperunt;

1035 1284 1097 1304 cum
1115 1285 1168 1312 qua
1184 1282 1212 1305 et
1224 1277 1358 1304 Barbaros
1369 1277 1483 1309 vicistis,
1498 1282 1525 1304 et
1540 1282 1671 1312 tyrannos
1685 1278 1825 1305 destruxi-

1035 1323 1103 1356 stis;
1118 1331 1171 1358 qua
1189 1327 1216 1350 et
1229 1331 1304 1350 nunc
1319 1331 1388 1357 opus
1403 1323 1512 1350 habetis
1533 1323 1561 1350 in
1578 1323 1661 1355 bello,
1674 1331 1729 1358 quo
1751 1320 1827 1350 Afri—

1035 1375 1094 1394 cam
1108 1367 1243 1402 premitis.
1259 1367 1379 1394 Futurus
1392 1367 1446 1402 (86)
1462 1372 1504 1394 est
1520 1367 1594 1394 enim
1611 1367 1684 1394 Deus
1699 1368 1826 1394 omnium

1036 1413 1189 1441 commilito
1200 1417 1302 1446 vester,
1318 1413 1340 1441 si
1351 1420 1401 1447 pro
1416 1412 1468 1447 piis
1482 1413 1541 1448 ejus
1560 1413 1734 1448 dogmatibus
1747 1413 1827 1440 labo-

1036 1459 1205 1491 raveritis,et
1214 1459 1414 1494 prohibueritis
1425 1466 1525 1493 corpus
1532 1458 1660 1486 Ecclesia:
1670 1458 1824 1494 disrumpi:

1037 1504 1226 1539 disrumpetur
1246 1504 1301 1539 (87)
1324 1505 1409 1537 enim,
1427 1504 1450 1531 si
1471 1504 1576 1539 opinio,
1600 1512 1683 1539 quam
1707 1504 1827 1539 Cyrillus

1036 1547 1100 1574 ﬁdei
1118 1548 1310 1582 superinduxit
1339 1548 1410 1583 (88)
1433 1552 1462 1575 et
1486 1548 1532 1574 alii
1548 1547 1669 1575 haeretici
1681 1548 1828 1575 conﬁrma-

1037 1597 1114 1626 runt,
1126 1593 1286 1620 invalescat.

1072 1647 1134 1675 Hmc
1147 1655 1217 1682 saepe
1238 1647 1350 1682 quidem
1378 1655 1471 1675 coram
1491 1647 1558 1679 Deo,
1573 1652 1601 1674 et
1614 1647 1641 1674 in
1655 1647 1775 1682 Epheso,
1796 1653 1825 1676 et

1037 1692 1083 1720 hic
1097 1693 1189 1720 testati
1204 1701 1311 1726 sumus,
1328 1696 1356 1720 et
1373 1697 1493 1720 vestram
1514 1694 1644 1728 pietatem
1669 1693 1824 1726 docuimus,

1037 1738 1170 1765 rationem
1178 1738 1272 1774 illius,
1289 1742 1421 1766 utcoram
1438 1738 1562 1765 omnium
1583 1739 1649 1770 Deo,
1666 1739 1824 1767 reddentes.

1037 1781 1095 1809 Hoc
1116 1783 1189 1809 enim
1206 1782 1289 1818 exigit
1303 1791 1318 1810 a
1333 1783 1423 1814 nobis,
1448 1783 1519 1810 sicut
1539 1783 1639 1810 divinae
1666 1783 1825 1818 Scriptum,

1038 1828 1204 1862 propheticze
1226 1832 1255 1856 et
1276 1829 1441 1863 apostolicae,
1459 1829 1569 1856 docent.
1596 1829 1705 1856 Etenim
1729 1829 1827 1856 beatus

1038 1873 1139 1901 Paulus
1161 1875 1279 1901 clamat:
1307 1884 1316 1900 ‹
1334 1874 1478 1902 Testiﬁcor
1493 1882 1583 1901 coram
1606 1875 1673 1907 Deo,
1691 1875 1738 1909 qui
1753 1882 1828 1902 mor-

1039 1922 1101 1946 tuos
1117 1919 1248 1951 viviﬁcat,
1272 1924 1299 1946 et
1326 1919 1441 1946 Domino
1455 1924 1551 1946 nostro
1565 1919 1629 1946 Iesu
1644 1919 1763 1952 Christo,
1779 1920 1827 1954 qui

1040 1964 1200 1992 testiﬁcatus
1215 1969 1257 1992 est
1273 1965 1324 1992 sub
1342 1966 1440 1992 Pontio
1454 1965 1542 1992 Pilato
1558 1965 1657 1992 bonam
1676 1965 1825 1992 confessio-

1039 2019 1102 2038 nem
1115 2011 1148 2038 ε’.
1166 2020 1175 2036 ι
1199 2011 1233 2039 Ει
1256 2011 1394 2038 Ezechieli
1411 2012 1540 2046 prmccpit
1557 2012 1639 2043 Deus,
1667 2015 1697 2038 ut
1720 2019 1828 2038 annun-

1040 2056 1090 2083 tiet
1102 2057 1224 2091 populo;
1243 2061 1270 2084 ct
1283 2057 1370 2084 minas
1385 2057 1488 2092 adjicit,
1512 2057 1605 2083 dicens
1634 2066 1639 2083 :
1669 2066 1678 2082 ε
1699 2056 1756 2083 Nisi
1779 2064 1828 2083 an-

1040 2101 1221 2132 nuntiaveris,
1251 2101 1411 2137 sanguinem
1428 2102 1488 2137 ejus
1511 2101 1544 2128 de
1570 2109 1652 2128 manu
1674 2106 1719 2128 tua
1735 2102 1828 2135 requi-

1006 2159 1027 2186 D
1043 2154 1101 2173 ram
1114 2145 1148 2172 ⁸³.
1158 2154 1168 2170 ι

1076 2203 1217 2231 Timentes
1234 2203 1326 2238 itaque
1337 2203 1390 2230 hoc
1400 2203 1546 2238 judicium,
1563 2202 1749 2230 necessarium
1768 2202 1826 2229 exi-

1040 2249 1183 2276 stimamus
1200 2249 1301 2276 iterum
1314 2249 1414 2276 docere
1427 2253 1545 2276 vestram
1559 2249 1740 2283 majestatem.
1754 2248 1827 2282 quod

1039 2295 1070 2326 ii,
1082 2295 1129 2329 qui
1140 2295 1267 2330 permissi
1285 2299 1350 2322 sunt
1365 2294 1502 2322 Ecclesias
1519 2294 1630 2326 habere,
1657 2294 1685 2321 in
1705 2293 1830 2320 ccclesiis

1041 2341 1150 2373 docent,
1162 2348 1223 2375 quae
1233 2340 1429 2375 Apollinarius,
1453 2344 1480 2366 et
1495 2340 1587 2372 Arius,
1610 2344 1638 2366 et
1657 2339 1806 2366 Eunomius
1820 2348 1827 2366 :

1041 2386 1184 2421 illegitime
1198 2390 1225 2413 et
1241 2391 1337 2413 contra
1353 2393 1473 2413 canones
1492 2385 1646 2412 sacerdotio
1668 2384 1828 2419 funguntur,

1042 2436 1070 2459 et
1085 2433 1190 2460 animas
1203 2432 1333 2460 occidunt
1349 2439 1457 2465 eorum,
1475 2431 1524 2467 qui
1543 2431 1578 2458 ad
1601 2438 1630 2458 se
1645 2430 1791 2463 accedunt,
1806 2431 1831 2458 si

1041 2589 1066 2613 et
1083 2590 1185 2618 vestrm,
1200 2590 1252 2614 etc.
1267 2586 1313 2614 Sic
1322 2586 1407 2614 Mans.

1078 2621 1132 2657 (84)
1150 2622 1184 2648 Ει
1194 2621 1252 2648 ὴτεο
1268 2626 1309 2648 est
1323 2622 1351 2648 in
1366 2622 1435 2649 actis
1461 2621 1529 2657 illisi
1541 2621 1630 2657 apud”
1643 2620 1774 2657 Mansiit.
1785 2620 1830 2653 IV,

1041 2664 1069 2691 p.
1084 2655 1153 2683 “05
1169 2664 1239 2690 seq.,
1253 2661 1280 2682 et
1295 2657 1322 2682 in
1346 2656 1460 2691 Synod.,
1474 2665 1499 2684 c.
1515 2655 1595 2687 55η.
1608 2656 1641 2689 γ,
1658 2663 1686 2691 p.
1704 2655 1755 2684 808
1771 2663 1830 2690 seq.

1077 2691 1137 2726 (85).
1149 2691 1222 2726 Teati
1237 2692 1382 2718 conservati
1400 2700 1500 2718 sumus.
1515 2691 1600 2718 Mani.

1091 2725 1135 2760 86)
1155 2725 1270 2752 Futurus
1283 2726 1361 2752 abest
1376 2733 1390 2753 a
1408 2726 1494 2755 Mans.

1090 2761 1134 2794 87)
1151 2760 1331 2796 Disrumpitur
1345 2760 1429 2789 Garn.

1090 2796 1133 2831 88)
1148 2795 1256 2823 Induxi:
1270 2795 1354 2823 Mans.
