1945 3058
116 195 190 227 1473

781 195 959 226 EPISTOLA
978 194 1102 226 CLXIX.

1679 193 1748 227 14·ἷᾶ

113 250 184 284 quis
196 255 287 276 tamen
303 247 376 283 ipsos
396 247 451 284 (89)
470 248 543 275 volet
577 248 683 275 audire.
711 248 778 275 Nam
795 257 845 283 per
865 249 912 276 Dei
928 255 948 282 Α
964 249 1095 277 virtutem
1113 249 1254 284 explorat,
1274 258 1364 285 neque
1388 251 1521 285 supplicia
1545 250 1650 287 ιθηδ
1675 251 1747 279 irro-

114 294 237 329 gratiam
251 293 318 329 (90),
331 293 374 319 cui
387 294 509 319 omnium
522 293 663 320 hominum
677 300 743 319 cura
756 298 807 325 est,
819 298 846 320 et
861 294 908 328 qui

114 347 218 366 omnes
230 339 289 365 vult
303 338 416 370 servari,
432 338 547 364 maxima
569 345 632 372 pars
651 338 744 372 populi
765 346 831 366 sana
847 342 906 371 est,

114 389 147 412 et
165 393 215 420 pro
232 384 284 419 piis
302 383 419 411 sollicita
432 383 605 418 dogmatibus
623 392 629 410 :
643 388 754 419 propter
770 384 832 412 illos
849 392 907 412 ma-

114 430 194 456 xime
206 429 339 456 dolemus.

155 475 192 502 Et
218 475 282 509 quia
297 475 464 506 cruciamur,
487 474 615 502 timentes
637 482 672 502 ne
694 475 826 510 paulatim
850 483 908 502 ser-

115 529 191 556 pens
206 521 321 548 morbus
344 520 437 556 plures
459 520 685 555 comprehendat,
706 528 908 556 communeque

116 567 225 594 malum
242 566 298 599 ﬁat,
315 567 374 593 hazo
384 574 435 593 nos
451 570 570 593 vestram
586 567 762 594 serenitatem
779 566 909 594 docemus

116 619 148 641 et
170 615 270 641 docere
295 621 350 640 non
377 613 548 645 desistimus,
569 617 597 640 et
618 621 765 648 precamur
787 618 908 641 vestram

117 660 304 695 majestatem,
318 663 349 686 ut
359 659 462 686 nostris
473 659 601 693 precibus
615 663 729 692 annuat,
743 664 771 687 et
787 659 857 687 nihil
872 660 909 686 si—

117 710 170 733 nat
184 705 266 741 adjici
281 705 315 731 ad
339 705 420 732 ﬁdem
437 709 595 732 sanctorum
609 705 735 738 Patrum,
751 705 799 740 qui
814 706 842 732 in
858 705 908 733 Ni-

118 759 177 778 caea
189 751 344 785 congregati
362 750 483 778 fuerunt.

156 796 236 829 Quod
250 797 283 828 si,
297 803 325 824 et
351 800 412 831 post
435 796 505 823 hanc
529 800 652 823 nostram
677 796 907 828 obsecrationem,

118 841 203 874 hanc,
216 849 277 875 qua
287 849 379 868 coram
392 841 448 868 Deo
462 841 525 868 data
539 845 591 872 est,
603 841 756 869 doctrinam
775 849 829 868 non
847 849 908 868 sus-

119 886 227 921 ceperit
247 890 339 913 vestra
362 886 458 920 pietas,
472 894 523 913 nos
544 885 626 913 etiam
641 887 783 921 pulverem
806 887 908 922 pedum

119 933 303 964 excutiemus,
326 935 355 959 et
382 932 562 959 clamahimus
589 939 652 959 cum
678 932 758 959 beato
786 932 871 960 Paulo
899 941 906 959 :

124 988 134 1005 ι
159 979 252 1006 Mundi
269 987 365 1006 sumus
380 986 395 1005 a
413 979 544 1013 sanguine
560 983 654 1005 vestro
669 978 701 1005 ⁸⁸.
724 988 733 1004 ι
757 979 816 1005 Non
835 978 909 1005 enim

120 1032 263 1052 cessamus
276 1028 357 1052 nocte
369 1028 397 1051 et
411 1024 466 1056 die,
480 1024 514 1050 ab
536 1032 570 1051 eo
585 1024 640 1056 die,
655 1031 710 1058 quo
729 1024 757 1050 in
777 1024 849 1051 hanc
863 1032 909 1051 ce-

119 1069 226 1097 lebrem
239 1069 372 1105 synodum
385 1069 556 1101 advenimus,
571 1073 599 1096 et
610 1069 678 1104 regi,
687 1074 715 1097 et
727 1069 908 1104 principibus,

120 1118 151 1142 et
170 1114 315 1147 militibus,
330 1119 359 1141 ct
380 1114 580 1146 sacerdotibus,
601 1119 630 1141 et
646 1114 724 1141 laicis
741 1115 852 1148 testari,
874 1122 909 1143 ne

120 1159 281 1187 amittamus
296 1160 423 1187 traditam
440 1159 520 1186 nobis
537 1167 551 1186 a
566 1159 694 1194 Patribus
704 1159 796 1186 ﬁdem.

120 1236 400 1272 CLXIX.—Epistola
421 1238 575 1265 Theodoreti
596 1238 708 1273 episcopi
738 1237 800 1273 Cyri
818 1246 831 1264 ε
844 1237 909 1265 Cal-

158 1274 271 1344 fgﬁione
296 1273 330 1300 ad
354 1273 537 1300 Aleaandrum
556 1273 788 1309 Hierapolitanum
808 1274 909 1308 scripta

157 1389 269 1416 Nullum
286 1388 475 1419 humanitatis,
487 1387 594 1414 nullum
615 1386 786 1422 asperitatis,
801 1387 908 1414 nullum

121 1433 335 1464 adhortationis,
352 1433 457 1459 nullum
473 1431 682 1458 declamationis
698 1439 782 1466 genus
803 1430 908 1466 1345

122 1479 278 1511 omisimus,
296 1486 351 1513 quo
374 1477 447 1512 apud
465 1477 668 1512 pientissimum
693 1485 783 1512 regem
799 1481 827 1504 et
844 1477 908 1503 illu-

122 1527 178 1551 stre
193 1523 386 1551 consistorium
402 1530 457 1549 non
472 1523 558 1549 simus
570 1522 806 1554 usi,testiﬁcantes
816 1530 908 1549 coram

121 1569 189 1600 Deo,
199 1569 245 1603 qui
258 1569 349 1595 omnia
362 1568 448 1600 videt,
463 1572 492 1595 et
510 1567 624 1594 Domino
641 1572 736 1594 nostro
749 1567 813 1595 .lcsu
828 1567 908 1594 Chri-

121 1617 175 1647 sto,
188 1608 417 1648 quijudicafurus
431 1618 473 1639 est
483 1613 578 1640 orbem
592 1613 620 1640 in
629 1613 737 1648 justitia
751 1613 791 1645 ⁸⁵;
806 1618 833 1641 et
847 1613 908 1648 Spi-

122 1661 176 1687 ritu
187 1662 291 1690 sancto,
304 1663 332 1686 et
343 1659 439 1686 electis
451 1659 510 1694 ejus
529 1659 630 1693 angelis
644 1667 650 1685 :
665 1667 699 1686 ne
714 1664 906 1687 contemnatur

122 1704 200 1737 ﬁdes,
213 1712 273 1739 quae
285 1704 319 1731 ab
337 1704 390 1736 his,
407 1704 454 1739 qui
472 1704 599 1731 haeretica
615 1704 741 1739 dogmata
761 1712 907 1739 suscepere

122 1754 150 1778 et
171 1749 215 1777 his
238 1750 413 1777 subscribere
427 1749 486 1776 ausi
511 1749 600 1782 fuere,
619 1749 808 1782 adulteratur;
827 1755 854 1777 et
877 1755 908 1777 ut

122 1795 306 1832 praecipiatur,
325 1796 410 1823 solam
425 1795 615 1830 exponendam
631 1795 702 1822 sicut
724 1795 750 1821 in
770 1795 869 1827 Nicaea,
881 1801 908 1822 et

122 1842 304 1879 abjiciendam
325 1841 549 1876 superinductam
584 1840 700 1867 hmresin
725 1840 758 1867 ad
776 1840 906 1867 damnum

123 1892 151 1916 et
164 1886 314 1923 perniciem
331 1886 440 1920 pietatis
455 1894 461 1911 :
477 1889 504 1912 et
517 1893 603 1919 usque
620 1885 647 1911 in
659 1885 823 1912 hodiernum
835 1885 908 1913 diem

124 1933 191 1960 nihil
203 1932 309 1960 eﬂicere
320 1931 465 1963 valuimus,
478 1938 551 1958 nunc
562 1931 627 1962 huc,
640 1938 713 1957 nunc
725 1931 790 1958 illuc
799 1931 908 1958 audito-

124 1979 200 2006 ribus
207 1986 266 2006 sese
283 1977 445 2005 ferentibus.

158 2024 285 2052 Attamen
311 2030 362 2049 nos
376 2022 443 2049 nihil
468 2022 568 2048 horum
593 2020 733 2048 dehortari
755 2022 854 2056 potuit,
880 2026 909 2048 ut

126 2071 158 2098 ab
171 2069 292 2106 urgendo
305 2068 474 2104 propositum
492 2068 698 2099 desisteremus,
713 2068 761 2095 sed
772 2067 908 2102 persecuti

125 2123 219 2143 sumus
242 2122 362 2145 causam,
386 2113 432 2140 Dei
450 2113 547 2148 gratia.
569 2113 637 2140 Cum
657 2113 814 2148 juramento
834 2112 908 2139 enim

126 2160 294 2196 pientissimo
307 2162 401 2186 nostro
419 2159 475 2193 regi
487 2158 633 2189 suasimus,
652 2157 724 2192 quod
739 2157 908 2192 impossibile

126 2206 170 2238 sit,
197 2206 278 2233 nobis
293 2205 426 2240 Cyrillum
453 2208 482 2231 et
503 2204 675 2230 Memnonem
701 2203 853 2235 conciliari,
881 2207 909 2231 et

126 2252 197 2288 quod
222 2251 280 2279 ﬁeri
307 2254 436 2285 nequeat,
460 2254 489 2276 ut
516 2249 570 2276 illis
597 2249 845 2281 communicemus,
861 2248 908 2283 qui

126 2307 178 2326 non
194 2302 274 2325 antea
286 2296 419 2332 ejecerint
432 2295 558 2322 haretica
572 2295 701 2330 capitula.

159 2345 252 2380 Itaque
268 2351 318 2370 nos
332 2343 444 2377 quidem
461 2342 532 2368 hanc
546 2341 679 2368 habemus
694 2345 813 2367 mentem
827 2349 833 2367 :
849 2343 909 2367 stu-

127 2390 198 2417 dium
220 2393 311 2416 autem
326 2393 367 2415 est
387 2388 441 2419 his,
463 2397 471 2412 ‹
492 2386 538 2421 qui
564 2395 613 2413 sua
635 2386 757 2420 ipsorum
771 2389 907 2420 quaerunt,

128 2443 180 2462 non
192 2439 282 2462 autem
296 2442 356 2468 quae
372 2434 436 2460 Jesu
454 2432 556 2460 Christi
571 2433 604 2463 ⁵⁸,
623 2442 632 2457 ι
651 2436 682 2458 ut
697 2431 910 2458 reconcilientur

127 2478 174 2510 eis,
190 2481 289 2513 praeter
303 2482 424 2504 mentem
439 2481 571 2503 nostram.
586 2476 621 2502 At
635 2483 689 2502 non
704 2479 746 2502 est
759 2475 839 2502 nobis
849 2476 909 2510 ejus

127 2525 166 2551 rei
179 2531 255 2551 cura.
268 2523 341 2550 Deus
355 2522 429 2549 enim
443 2525 568 2548 nostrum
580 2521 751 2555 propositum
768 2520 863 2555 exigit,
881 2524 908 2547 et

157 2612 180 2630 "
194 2612 255 2640 Aet.
267 2619 343 2644 xvut,
362 2611 395 2644 6;
409 2618 454 2643 xx,
467 2610 511 2637 26.
548 2609 570 2626 ⁸⁸
588 2609 611 2637 ll
624 2609 742 2642 Tim.iv,
756 2609 782 2635 ‘l.

158 2688 212 2726 (89)
226 2690 254 2718 Si
269 2699 295 2726 q.
311 2693 334 2717 et
349 2690 419 2725 ipsos
432 2688 502 2726 votet
516 2688 581 2716 aud.
592 2688 627 2714 Μ.

169 2724 213 2759 90)
233 2724 356 2752 Divinam
371 2728 441 2759 grat.
461 2724 497 2751 Μ.

169 2727 202 2754 90
233 2727 356 2752 Divinam
371 2728 441 2759 grat.
462 2727 497 2751 Μ.

159 2727 215 2795 E91;
227 2761 257 2788 in
277 2760 345 2787 actis
368 2760 548 2787 Orientalium
565 2758 716 2795 Ephesinis
735 2757 835 2795 legitur
853 2758 913 2795 haec

129 2792 368 2857 interpretatio,
398 2795 469 2835 Mf)?
492 2802 560 2828 ως..
588 2792 653 2821 tomi
681 2793 716 2820 ιν
749 2792 832 2820 Maiis.
849 2792 914 2820 Col-

129 2832 200 2865 leet.,
221 2831 273 2858 alia
293 2839 321 2857 m
357 2829 476 2865 ynodtc.,
493 2836 518 2856 c.
534 2829 620 2862 30,1.
639 2829 673 2860 V,
689 2836 717 2863 p.
737 2828 788 2856 799
805 2835 863 2863 seq.

182 2853 200 2865 .,
221 2840 273 2858 ana
293 2840 321 2857 In
337 2840 476 2865 Dynoutc.,
493 2840 518 2856 υ.
534 2840 588 2862 ou,
600 2840 620 2856 t.
645 2840 673 2860 γ,
689 2840 717 2863 ν.
741 2840 788 2856 ηπ
805 2840 863 2863 seq.

167 2868 221 2902 (92)
236 2864 500 2902 Discederentrhians.

167 2868 211 2902 (92
236 2868 402 2893 Discederent
416 2868 500 2891 Mans.

164 2868 221 2942 (95;
233 2901 310 2929 Multi
328 2909 360 2928 ea:
375 2900 449 2927 Iaicis
477 2904 501 2926 et
533 2899 607 2933 falsis
637 2899 781 2931 monachis,
798 2898 844 2933 qui
866 2905 914 2926 n0-

959 299 1005 328 gat
1017 297 1025 304 '
1047 298 1159 329 propter
1172 302 1214 327 ea,
1228 302 1289 330 quae
1306 300 1404 330 praeter
1424 299 1543 322 mentem
1560 295 1637 322 ﬁunt.

993 340 1030 366 De
1055 341 1145 367 amico
1172 345 1263 368 autem
1290 342 1359 368 sciat
1384 346 1430 368 tua
1456 342 1587 369 sanctitas
1607 341 1691 376 quod,
1723 342 1746 370 si

959 385 1068 420 quando
1081 386 1142 421 ejus
1154 385 1308 414 iaceremus
1324 387 1501 418 mentionem,
1518 387 1560 414 vel
1580 387 1651 422 apud
1668 388 1748 422 pien-

960 431 1096 458 tissimum
1121 440 1223 467 regem,
1244 433 1286 459 vel
1313 433 1384 468 apud
1404 433 1510 460 illustre
1534 433 1745 465 consistorium,

959 476 1121 505 defectionis
1147 479 1311 505 notabantur
1339 487 1346 505 :
1377 483 1459 506 tanta:
1485 483 1549 506 sunt
1574 486 1680 512 eorum,
1698 479 1746 514 qui

959 522 1032 549 intro
1048 526 1122 555 sunt,
1139 531 1204 558 erga
1230 523 1307 551 illum
1330 525 1490 552 inimicitiae.
1509 525 1543 552 Et
1557 525 1610 552 hoc
1629 529 1671 552 est
1686 533 1746 552 mo-

958 567 1148 595 lestissimum.
1170 569 1363 597 Pientissimus
1387 578 1435 597 rex
1458 578 1515 605 prae
1537 571 1665 597 omnibus
1685 571 1747 598 aliis

959 617 1101 640 aversatur
1115 621 1227 646 nomen,
1241 615 1387 642 manifeste
1405 616 1500 642 dicens
1528 626 1534 642 :
1556 617 1593 644 De
1612 616 1665 643 hoc
1677 616 1747 644 mihi

958 659 1052 686 nullus
1066 659 1205 694 loquatur.
1235 660 1379 696 Specimen
1410 661 1484 688 enim
1509 662 1594 689 semel
1619 662 1677 696 ipse
1695 661 1746 688 de-

959 704 1009 732 dit.
1038 704 1166 732 Attamen
1191 705 1256 732 dum
1287 706 1332 733 hic
1357 715 1464 739 sumus,
1496 715 1551 734 non
1578 707 1747 734 cessabimus

959 750 1033 776 omni
1050 751 1162 783 virtute,
1178 755 1206 778 ct
1216 751 1275 786 ejus
1291 752 1379 786 patris
1398 759 1491 779 curam
1507 759 1611 787 gerere,
1627 752 1747 779 scientes

958 795 1058 822 factam
1071 795 1110 822 illi
1125 796 1160 823 ab
1174 796 1268 831 impiis
1280 797 1453 831 injustitiam.

994 841 1080 868 Nobis
1099 849 1208 876 quoque
1231 842 1352 869 studium
1368 846 1427 873 est,
1445 845 1475 869 ut
1501 842 1565 869 hinc
1583 842 1745 874 liberemur,

960 889 988 912 et
1003 889 1094 912 vestra
1120 886 1254 913 liberetur
1278 887 1376 921 pietas.
1393 886 1467 914 Nihil
1491 887 1564 914 enim
1591 887 1656 914 hinc
1679 887 1745 914 boni

961 929 1137 963 sperandum,
1150 937 1183 958 eo
1191 930 1265 965 quod
1275 931 1384 966 judices
1401 931 1452 965 ipsi
1465 939 1560 958 omnes
1572 939 1640 958 auro
1659 931 1744 959 conﬁ-

961 974 1038 1007 dant,
1054 978 1082 1002 et
1098 975 1266 1003 contendant
1292 983 1375 1003 unam
1398 984 1459 1004 esse
1485 979 1611 1003 naturam
1637 976 1748 1004 deitatis

960 1025 989 1048 et
1003 1020 1192 1048 humanitatis.

993 1067 1114 1101 Populus
1134 1071 1227 1094 autem
1244 1067 1335 1094 omnis
1350 1067 1435 1102 gratia
1451 1067 1500 1095 Dei
1521 1067 1591 1095 bene
1609 1067 1701 1100 habet,
1718 1071 1748 1095 et

958 1111 1060 1146 jugiter
1082 1111 1116 1139 ad
1142 1119 1193 1139 nos
1214 1113 1365 1148 egreditur.
1382 1113 1536 1147 lncepimus
1562 1117 1653 1140 autem
1680 1113 1747 1148 ipsis

960 1158 1043 1185 etiam
1075 1158 1233 1191 disserere,
1260 1163 1288 1187 et
1315 1159 1514 1187 celebravimus
1539 1159 1748 1187 communiones

961 1205 1103 1236 maximas,
1123 1209 1151 1232 et
1176 1209 1274 1240 quarto
1300 1205 1355 1233 illis
1371 1209 1529 1233 enarratum
1556 1211 1598 1233 est
1616 1206 1747 1240 precibus

961 1254 1015 1277 tuae
1029 1250 1141 1285 pietatis
1155 1250 1190 1278 de
1204 1250 1256 1277 ﬁde
1269 1259 1277 1284 ;
1297 1254 1324 1278 et
1337 1254 1410 1278 tanta
1428 1251 1576 1278 audierunt
1595 1251 1747 1285 voluptate,

961 1300 992 1323 ut
1007 1303 1093 1330 usque
1105 1295 1138 1323 ad
1151 1296 1245 1323 horam
1257 1296 1400 1331 septimam
1414 1304 1469 1324 non
1483 1296 1662 1324 discesserint
1678 1296 1746 1331 (92),

960 1342 1008 1369 sed
1028 1342 1238 1377 perduraverint
1261 1350 1348 1377 usque
1366 1342 1400 1369 ad
1420 1346 1518 1369 aestum
1542 1341 1618 1369 solis.
1637 1341 1665 1368 in
1686 1341 1749 1368 aula

960 1387 1035 1415 enim
1052 1388 1180 1421 maxima,
1198 1393 1226 1416 et
1238 1393 1357 1423 quatuor
1375 1388 1492 1416 habente
1508 1388 1641 1423 porticus,
1655 1387 1753 1415 multi-

962 1433 1029 1459 tudo
1052 1437 1225 1468 congregata,
1237 1433 1300 1465 fuit,
1316 1437 1344 1460 et
1356 1440 1407 1460 nos
1423 1441 1542 1468 superne
1564 1433 1749 1460 concionaba-

961 1485 1024 1505 mur
1040 1486 1055 1506 e
1068 1482 1196 1514 suggestu
1212 1486 1298 1513 prope
1311 1482 1425 1506 tectum.

996 1523 1097 1550 Verum
1113 1523 1205 1550 clerus
1224 1523 1314 1551 omnis
1336 1531 1398 1550 cum
1414 1523 1494 1550 bonis
1508 1523 1650 1551 monachis
1669 1523 1749 1552 valde

960 1568 1043 1595 nobis
1066 1572 1126 1595 erat
1150 1568 1290 1600 infensus,
1320 1568 1361 1596 ita“
1389 1573 1419 1595 ut
1448 1568 1525 1596 ﬁeret
1554 1569 1749 1604 collapidatio,

959 1612 1072 1647 quando
1101 1621 1116 1640 a
1146 1613 1299 1640 Ruﬁnianis
1329 1617 1390 1647 post
1414 1613 1562 1641 adventum
1585 1615 1749 1649 pientissimi

959 1658 1133 1692 imperatoris
1155 1658 1318 1690 rediremus,
1336 1664 1366 1686 et
1389 1653 1603 1687 vulnerarentur
1627 1667 1643 1686 a
1671 1659 1750 1687 laicis

957 1707 986 1731 et
1001 1703 1076 1731 [alsis
1088 1704 1241 1735 monachis.
1259 1704 1337 1731 multi
1353 1704 1400 1739 qui
1422 1705 1567 1732 nobiscum
1586 1709 1666 1732 erant
1680 1705 1748 1741 (95).

994 1749 1113 1776 Noverat
1128 1753 1219 1776 autem
1234 1758 1284 1777 rex
1303 1750 1502 1784 pientissimus,
1514 1751 1586 1785 quod
1602 1751 1749 1778 mullitudo

959 1798 1174 1828 congregaretur
1197 1797 1294 1820 contra
1309 1801 1358 1821 nos
1383 1794 1451 1829 (94),
1468 1798 1497 1821 et
1513 1796 1580 1822 solis
1607 1796 1688 1823 nobis
1700 1803 1748 1823 oc-

960 1846 1085 1870 currens,
1098 1839 1207 1866 dicebat
1232 1848 1239 1865 :
1261 1839 1330 1866 Novi
1353 1839 1426 1874 quod
1443 1840 1513 1867 male
1533 1841 1748 1876 congregamini.

959 1883 1087 1911 Dicebam
1113 1888 1205 1911 autem
1228 1884 1253 1911 ei
1283 1893 1288 1910 :
1318 1893 1326 1909 ι
1351 1883 1419 1917 Quia
1435 1884 1535 1911 dedisti
1559 1884 1687 1912 ﬁduciam
1709 1885 1749 1912 lo-

960 1929 1074 1963 quendi,
1100 1936 1162 1956 cum
1192 1929 1273 1956 venia
1299 1929 1374 1956 audi.
1403 1929 1511 1957 Iustum
1539 1934 1581 1957 est
1606 1930 1750 1958 htereticos

960 1973 1073 2008 quidem
1101 1975 1353 2002 excommunicatos
1378 1974 1404 2001 in
1429 1975 1554 2002 ecclesiis
1576 1983 1672 2010 agere;
1698 1983 1749 2003 nos

960 2027 1036 2051 vero,
1051 2019 1097 2054 qui
1111 2027 1160 2054 pro
1171 2020 1224 2047 [ide
1236 2024 1385 2053 certamus,
1399 2025 1428 2048 et
1444 2024 1557 2056 propter
1575 2021 1628 2048 hoc
1640 2021 1674 2049 ab
1687 2021 1749 2049 aliis

961 2066 1164 2094 communionis
1183 2073 1309 2094 exsortes
1331 2067 1396 2094 facti
1423 2075 1518 2094 sumus
1542 2067 1610 2103 (95),
1625 2075 1682 2095 non
1705 2068 1749 2095 iu—

961 2116 1032 2139 trare
1054 2112 1081 2138 in
1106 2113 1270 2139 ecclesiam?
1295 2113 1329 2139 Et
1359 2113 1403 2140 ille
1424 2113 1566 2148 respondit
1603 2122 1610 2139 :
1637 2114 1671 2140 Et
1697 2122 1748 2149 ego

960 2158 1026 2193 quid
1050 2158 1164 2185 faciam?
1190 2158 1327 2192 Respondi
1359 2158 1442 2194 igitur
1476 2159 1542 2186 illi:
1571 2159 1648 2192 Quod
1684 2160 1749 2187 fecit

960 2203 1090 2238 magister
1115 2207 1178 2230 tuus
1202 2212 1294 2231 comes
1318 2204 1493 2238 largitionum
1510 2205 1537 2232 in
1558 2205 1677 2239 Epheso.
1700 2206 1748 2233 llic

961 2248 1033 2274 enim
1063 2252 1093 2274 ut
1123 2247 1228 2274 invenit
1265 2248 1413 2275 nonnullos
1434 2249 1604 2283 congregari,
1630 2257 1679 2276 nos
1701 2257 1749 2276 au-

965 2298 1020 2321 tem
1033 2301 1088 2320 non
1101 2293 1268 2328 congregari,
1283 2294 1452 2328 compescui:
1461 2301 1509 2321 eos
1521 2294 1616 2322 dicens
1628 2304 1634 2322 :
1653 2295 1680 2321 Si
1693 2303 1747 2322 non

961 2339 1070 2366 fueritis
1086 2338 1203 2374 paciﬁci,
1227 2347 1282 2366 non
1303 2339 1451 2366 concedam
1470 2340 1518 2367 uni
1543 2341 1615 2375 parti
1635 2349 1749 2376 congre-

962 2383 1030 2418 gari.
1064 2383 1098 2410 Et
1126 2383 1270 2418 oportebat
1308 2384 1391 2411 etiam
1416 2388 1489 2412 tuam
1518 2385 1646 2420 pietatem
1680 2393 1749 2420 prac-

962 2428 1055 2463 cipere
1089 2428 1134 2456 hic
1158 2428 1298 2463 episcopo,
1324 2437 1358 2456 ne
1390 2430 1573 2464 permitteret,
1604 2439 1693 2465 neque
1716 2431 1748 2458 il-

961 2474 1014 2504 lis,
1047 2482 1136 2509 neque
1167 2474 1247 2502 nobis
1272 2475 1446 2510 congregari,
1480 2475 1568 2503 donec
1601 2477 1747 2504 convenia-

963 2527 1034 2551 mus,
1062 2524 1092 2547 ut
1113 2520 1187 2556 justa
1214 2525 1259 2547 tua
1283 2522 1419 2548 sententia
1449 2522 1577 2549 omnibus
1609 2525 1673 2549 nota
1693 2521 1748 2549 ﬁat.

821 2609 843 2624 ³⁸
855 2608 975 2644 Philipp.
991 2616 1021 2640 n,
1034 2609 1080 2636 2L

962 2687 1062 2713 biscum
1074 2690 1160 2714 erant.
1175 2687 1220 2715 Sic
1242 2687 1326 2714 Mans.
1341 2686 1394 2715 Sed
1413 2687 1456 2715 vel
1471 2687 1595 2715 Garnerii
1612 2687 1693 2716 lectio
1709 2696 1745 2716 ro-

965 2722 1077 2749 tinenda
1092 2726 1144 2753 est,
1159 2723 1216 2754 vel,
1243 2723 1446 2750 accommodate
1463 2723 1496 2749 ad
1518 2722 1694 2757 Synodicum,
1710 2724 1751 2750 le-

963 2757 1082 2792 gendum
1099 2765 1106 2783 :
1121 2757 1199 2784 Multi
1217 2765 1230 2784 e
1247 2757 1330 2789 laids,
1352 2756 1396 2793 qui
1411 2757 1508 2784 nobisa.
1525 2756 1612 2790 erant,
1629 2762 1653 2784 ct
1674 2758 1751 2793 falsis

964 2800 1036 2819 mon.

1001 2826 1056 2862 (94)
1073 2827 1114 2854 Ad
1127 2835 1174 2865 nos
1188 2835 1242 2854 non
1261 2827 1382 2865 dubitem
1412 2826 1594 2862 substituere;
1622 2827 1697 2865 quod
1723 2831 1754 2854 et

965 2865 1109 2898 contextus
1124 2862 1209 2898 docet
1223 2867 1250 2888 et
1265 2862 1431 2898 Synodicon.

1001 2895 1056 2932 (95)
1074 2896 1179 2924 Enort.
1197 2895 1378 2932 {artos-Mans.
