1945 3058
109 220 122 253 1
128 220 179 253 477

762 218 822 248 ΕΡ]
828 217 945 247 STOLA
964 216 1072 246 CLXX.

1673 209 1740 242 M73

108 280 200 314 ἕτεροι
215 279 239 304 οἱ
260 279 291 304 ὲκ
304 277 438 313 διαφόρων
459 276 629 311 διοικήσεων,
653 276 722 301 ὥστε
739 275 788 310 τὴν
806 275 834 301 ἐν
848 274 898 300 Νι-

963 276 1084 299 ‘enerunt
1096 291 1102 303 ,
1116 275 1145 297 ut
1157 270 1223 297 lides
1234 277 1248 296 a
1262 268 1349 296 beatis
1367 267 1495 295 Pati-ibus
1506 267 1604 295 Nicaeae
1616 268 1741 302 exposita

109 326 178 361 xui;
203 325 360 351 ἑκτεθεϊσαν
380 323 433 350 ὑπὸ
453 323 508 349 τῶν
526 321 669 357 μακαρίων
686 321 816 356 Πατέρων
830 328 899 354 κρα-

108 371 241 405 τυνθῆναι
257 370 359 397 πίστιν.
379 369 462 397 Οὐδὲν
475 369 530 403 γὰρ
549 367 617 402 αὐτῇ
636 366 766 399 ἐλλείπει,
782 365 818 396 ὡς
831 364 901 392 οἶδεν

108 418 126 452 ἠ
147 417 181 452 σὴ
201 417 323 451 ὰγιότης,
350 415 389 446 εἷς
409 423 439 441 τε
453 414 629 441 διδασκαλίαν
645 412 699 439 τῶν
715 411 901 445 εὐαγγελικῶν

109 463 265 497 δογμάτων,
283 462 331 488 καὶ
346 462 386 494 είς
401 461 511 495 ἔλεγχον
530 460 619 494 πάσης
636 459 780 493 αἱρέσεως.

154 509 239 544 Ὑπὲρ
251 508 353 542 ταύτης
368 507 565 542 ἀγωνιζόμενοι
587 505 774 540 διατελοῦμεν,
793 505 902 532 πάντων

111 556 182 590 ὁμοῦ
199 555 252 582 τῶν
264 555 334 582 κατὰ
348 555 393 580 τὸν
409 554 465 589 βίον
486 553 720 588 καταφρονοῦντες
731 551 856 587 τερπνῶν
872 559 902 577 τε

113 603 162 628 καὶ
184 601 324 637 λυπηρῶν,
354 601 424 627 ὥστε
453 600 592 633 ἀνέπαψον
617 597 832 632 διαφυλαχθῆναι
858 595 903 622 τὸν

113 646 241 681 πατρῷον
255 647 349 673 τοῦτον
361 646 472 681 κλῆρον.
487 645 588 671 Τούτου
605 644 684 679 χάριν
698 643 745 670 καὶ
760 641 902 677 Κύριλλον,

113 691 162 718 καὶ
183 692 314 726 Μέμνονα
341 690 398 725 (τὸν
427 690 476 726 μὲν
496 690 534 721 ὼς
552 688 744 725 αἱρεσιάρχην,
757 687 802 714 τὸν
822 687 850 713 δὲ
866 686 904 718 ὡς

114 737 248 772 ’συνεργὸν
265 736 460 772 γεγενημένον,
484 735 531 762 καὶ
555 735 584 761 ὲν
607 734 709 761 ἅπασιν
735 731 809 767 αὐτῷ
836 741 904 766 συμ-

117 783 288 818 μαχήσαντα,
314 781 384 808 ὥστε
402 781 583 816 βεδαιωθῆναι
601 780 648 806 καὶ
663 778 844 815 στηριχθῆναι
870 778 903 804 τὰ

115 829 165 854 ἐπὶ
183 827 317 863 διαφθορᾷ
333 827 390 863 (12)
415 827 471 854 τῶν
493 825 663 861 Ἐκκλησιῶν
688 825 834 852 ἐκτεθέντα
858 833 905 851 κε-

117 874 232 909 φάλαια)
243 895 250 905 ,
272 873 433 909 καθαιρέσει
448 873 684 907 ὐποόεδλήκαμεν·
701 872 824 902 καὶτοὺς
837 871 905 898 ὐπο-

115 918 222 953 γράψαι
237 918 283 944 καὶ
303 917 448 944 συνθέσθαι
471 918 528 948 τοῖς
543 916 676 947 ἐναντίοις
694 916 744 950 τῆς
762 914 906 946 εὐσεϐείας

953 315 1255 344 (εοιιίὶτηιιιηῚιιτΝἱΜΙ
1270 314 1354 346 enim,
1370 319 1400 340 ut
1414 312 1545 340 sanctitas
1556 316 1600 340 tua
1610 313 1698 344 novit,
1713 313 1740 340 in

953 362 998 389 illa
1011 362 1194 392 desideratur,
1221 360 1294 395 quod
1315 359 1349 386 ad
1369 358 1586 386 confirmandam
1601 358 1740 394 evangeli-

952 416 1048 436 corum
1061 408 1218 442 dogmatum
1231 406 1396 439 doctrinam,
1406 409 1434 433 ct
1444 405 1478 432 ad
1488 404 1614 439 quamvis
1625 404 1741 432 haaresin

952 453 1147 481 confutandam
1160 453 1252 480 faciat.

990 498 1097 534 1349
1107 498 1222 532 Propter
1239 497 1310 524 hanc
1323 495 1451 523 omnibus
1467 495 1536 523 laetis
1550 495 1740 530 tristibusque,

953 552 1014 580 quae
1041 544 1168 571 humanae
1183 544 1247 571 vitae
1272 543 1399 570 accidere
1415 546 1543 577 possunt,
1565 542 1645 569 simul
1665 546 1741 576 post-

953 589 1065 621 habitis,
1076 590 1177 625 iugitcr
1191 589 1219 616 in
1235 589 1294 616 acie
1309 595 1462 620 versamur,
1475 592 1505 614 ut
1521 587 1591 614 hanc
1608 592 1710 614 sortem
1726 595 1741 613 a

953 635 1082 662 Patribus
1109 635 1235 662 traditam
1267 634 1510 661 incontaminatam
1536 641 1739 661 conservemus.

954 680 1010 708 Hac
1022 681 1105 708 etiam
1126 681 1159 708 de
1176 688 1258 708 causa
1276 680 1408 716 Cyrillum
1423 684 1451 706 et
1468 679 1639 706 Memnonem
1656 678 1741 713 depo-

955 727 1078 759 suimus;
1108 727 1186 754 illum
1219 726 1332 761 quidem
1364 731 1493 760 tanquam
1519 725 1741 756 haeresiarcham,

955 771 1029 798 hunc
1042 779 1107 798 vero
1122 775 1251 805 tanquam
1267 771 1341 798 illius
1356 770 1493 797 fautorem
1508 773 1536 796 et
1548 769 1701 804 adiutorem
1715 769 1743 796 in

955 817 1095 848 omnibus,
1125 816 1158 843 ad
1183 815 1370 843 conlirmanda
1395 823 1427 842 ac
1456 814 1619 842 stabilienda
1642 814 1742 849 capita.

955 870 1017 897 qua:
1028 862 1152 897 exposita
1165 865 1230 888 sunt
1241 861 1268 888 in
1279 860 1466 888 Ecelesiarum
1475 860 1625 895 perniciem
1637 869 1643 892 ;
1661 865 1743 888 cate—

957 916 1003 935 ros
1019 916 1094 939 vero,
1112 908 1160 942 qui
1180 907 1353 942 dogmatibus
1373 907 1427 933 illis
1449 906 1544 941 pietati
1563 906 1746 934 dissentaneis

115 963 234 997 δόγμασι
252 961 464 996 τετολμηκότας,
490 960 688 994 ἀκοινωνήτους
705 959 904 994 πεποιήκαμεν,

963 953 1133 980 subscribere
1145 957 1172 980 et
1180 952 1323 988 astipulari
1332 956 1397 979 sunt
1407 952 1478 984 ausi,
1494 953 1626 986 tantisper
1634 960 1745 979 excom-

115 1009 169 1040 ἓως
193 1008 225 1035 ἂν
239 1009 329 1034 ἐκεῖνα
349 1007 400 1042 μὲν
415 1006 660 1041 ἀναθεματίσωσιν,
686 1005 726 1036 εἰς
744 1004 773 1030 δὲ
798 1003 846 1039 τὴν
862 1003 907 1030 πί-

118 1063 177 1081 στιν
195 1055 248 1081 τῶν
268 1055 296 1081 ἐν
311 1053 414 1088 Νικαίᾳ
429 1053 609 1080 συνελθόντων
622 1050 816 1078 ἐπανέλθωσιν.

159 1142 230 1168 Ἀλλ’
251 1142 328 1168 οὐδὲν
344 1142 444 1173 αὐτοὺς
458 1141 562 1177 ὤνησεν
587 1141 604 1176 ἡ
626 1139 748 1175 ἡμετέρα
773 1138 908 1174 μακροθυ-

119 1188 180 1223 μία.
201 1188 289 1223 Μέχρι
307 1187 360 1222 γὰρ
375 1187 424 1222 τῆς
450 1188 571 1222 σήμερον
586 1186 692 1222 ἡμέρας
705 1186 759 1212 τῶν
777 1185 908 1221 διεφθαρ-

121 1235 209 1269 μένων
222 1233 333 1260 ἐκείνων
350 1233 555 1269 ὑπερμάχονται
564 1233 718 1267 δογμάτων·
731 1231 908 1267 περιέπειραν

119 1279 147 1306 δὲ
165 1280 278 1310 ἑαυτοὺς
294 1279 341 1305 καὶ
355 1279 394 1314 τῷ
411 1279 456 1305 τοῦ
469 1278 580 1308 κανόνος
596 1278 662 1313 ὅρῳ.
678 1277 727 1309 Ὃς
754 1277 848 1312 σαφῶς
865 1277 906 1303 δι-

119 1325 256 1360 αγορεόει·
270 1325 306 1351 El
316 1333 360 1356 τις
378 1324 563 1358 καθαιρεθεὶς
577 1323 745 1355 ἐπίσκοπος
760 1323 819 1349 ὑπὸ
836 1330 910 1349 συν-

119 1371 202 1401 όδου,
222 1371 239 1405 ἢ
260 1371 461 1404 πρεσϐύτερος
480 1371 498 1404 ἢ
518 1369 658 1402 διάκονος
675 1369 735 1396 ὑπὸ
759 1368 812 1395 τοῦ
831 1368 909 1395 ἰδίου

119 1416 298 1447 ἐπισκόπου.
325 1416 421 1449 ἐαυτῷ
435 1415 601 1450 ἐπιτρέψειε
626 1414 684 1449 τὴν
707 1413 907 1448 λειτουργίαν,

119 1462 169 1489 καὶ
185 1461 229 1497 μὴ
254 1463 423 1497 (impetrata
439 1461 574 1488 συνόδου
594 1460 707 1494 κρίσιν,
729 1459 835 1494 μηκέτι
852 1458 910 1493 χώ-

115 1518 177 1545 ραν·
209 1510 304 1537 αὐτὸν
331 1509 416 1544 ἔχειν
443 1508 619 1543 ἀπολογίας,
638 1506 717 1542 μηδὲ
743 1507 790 1541 ἐφ’
808 1505 911 1540 ἐτέρας

120 1554 256 1582 συνόδου
269 1563 275 1570 ·
296 1554 376 1582 ἀλλὰ
395 1554 443 1580 καὶ
473 1547 545 1586 τοὺς
568 1551 788 1584 κοινωνοῦντας
810 1550 909 1582 αὐτῷ,

121 1598 275 1631 παντελῶς
286 1598 458 1630 ἐξωθεῖσθαι
471 1597 526 1632 τῆς
553 1596 744 1630 Ἐκκλησίας.

157 1644 251 1678 Τούτῳ
262 1643 300 1678 τῷ
314 1644 370 1678 ὅρῳ
384 1642 629 1678 περιπεπτώκασιν
642 1643 669 1668 οἵ
684 1650 713 1668 τε
730 1639 909 1676 καθαιρεθέν-

122 1699 178 1722 τες,
193 1690 261 1716 οἵτε
272 1687 450 1723 ἁκοινώνητοι
467 1687 655 1722 γεγενημένοι.
674 1687 759 1718 Εὐθὺς
772 1687 826 1721 γὰρ
840 1684 911 1721 μετὰ

122 1737 152 1763 τδ
165 1735 267 1770 γνῶναι
282 1734 330 1770 τὴν
349 1734 499 1769 γενομένην
516 1733 676 1768 καθαίρεσιν
698 1734 745 1760 καὶ
759 1734 911 1768 ἀκοινωνη-

124 1783 196 1813 σίαν,
209 1783 256 1808 καὶ
272 1780 545 1815 συνελειτούργησαν,
562 1779 610 1806 καὶ
621 1779 773 1806 διατελοῦσι
791 1779 910 1814 λειτουρ-

123 1828 244 1862 γοῦντες,
258 1827 296 1858 ὠς
306 1825 483 1857 ἀπιστοῦντες
495 1824 616 1860 δηλονότι
631 1824 670 1858 τῷ
686 1824 815 1850 εἰπόντι-ι
834 1824 865 1850 "0
879 1823 910 1858 δὴ

123 1874 156 1901 ἂν
178 1874 280 1909 δήσητε
299 1873 345 1900 ἐπὶ
364 1872 413 1907 τῆς
436 1871 499 1907 γῆς,
511 1871 587 1898 ἔσται
601 1869 743 1904 δεδεμένον
757 1870 784 1895 ἐν
798 1870 853 1901 τοῖς
868 1869 912 1895 οὺ-

124 1919 223 1954 ρανοῖς.
239 1928 248 1943 ι

158 2005 251 2032 Ταῦτα
267 2004 486 2040 ἐϐουλευσάμεθα
504 2004 553 2040 μὲν
566 2003 648 2035 εὐθὺς
666 2005 699 2039 τῇ
717 2004 750 2038 σῇ
772 2002 911 2038 ἁγιωσύνῃ

123 2051 266 2088 γνωρίσαι,
285 2051 522 2086 προσδοκήσαντες
545 2050 574 2076 δὲ
592 2049 702 2076 ἔσεσθαί
724 2057 785 2076 τινα
801 2049 853 2076 τῶν
867 2049 913 2075 λυ-

125 2107 162 2134 πη
168 2098 222 2133 ρῶν
240 2097 391 2133 μεταϐολὴν
407 2097 489 2132 μέχρι
503 2096 550 2124 τοῦ
566 2097 698 2132 παρόντος
717 2096 911 2130 ἀνεμείναμεν.

130 2145 199 2170 Ἀλλ’
222 2143 394 2178 ἐψεύσθημεν
413 2143 464 2178 τῆς
489 2143 607 2174 ἐλπίδος.
625 2142 754 2177 Ἔμειναν
781 2141 835 2176 γὰρ
859 2142 908 2176 τῆς

125 2188 271 2220 δυσσεϐοῦς
285 2189 386 2223 ταύτης
401 2188 532 2223 αἱρέσεως
549 2186 782 2223 ὑπερμαχοῦντες,
801 2186 846 2213 καὶ
861 2195 913 2222 μη-

125 2233 152 2260 δὲ
167 2234 213 2260 τοῦ
227 2233 424 2260 εὐσεϐεστάτου
446 2232 578 2268 βασιλέως
593 2233 642 2265 τὰς
652 2233 806 2268 συμϐουλὰς
822 2232 913 2259 αἰδού-

127 2288 212 2314 μενοι.
236 2277 371 2309 Πεντάκις
387 2277 442 2312 γὰρ
459 2278 509 2314 ήδη
524 2278 572 2305 καὶ
587 2279 680 2310 αὐτοῖς
702 2278 748 2304 καὶ
766 2279 830 2314 ἡμῖν
850 2287 912 2304 συν-

126 2324 293 2360 τετυχηκὼς,
323 2323 489 2358 προσέταξεν
516 2325 624 2354 αὐτοῖς,
649 2323 665 2358 ἢ
691 2323 728 2355 ὡς
750 2324 860 2350 ἐναντία
878 2325 911 2359 τῇ

126 2370 216 2397 πίστει
235 2370 377 2397 ἐκϐάλλειν
397 2369 432 2396 τὰ
446 2370 580 2405 Κυρίλλου
593 2369 739 2402 κεφάλαια,
754 2369 770 2405 ἢ
783 2369 828 2396 τὸν
844 2369 913 2405 ὑπὲρ

125 2416 227 2443 τούτων
246 2415 425 2448 ἀναδέξασθαι
443 2415 545 2450 ἀγῶνα,
561 2416 607 2442 καὶ
621 2415 705 2448 δεῖξαι
715 2415 753 2448 ὡς
770 2415 915 2450 συμὸαίνει

125 2464 158 2499 τῇ
175 2463 230 2490 τῶν
249 2462 391 2498 μακαρίων
403 2462 535 2497 Πατέρων
553 2461 693 2496 ὁμολογία.
715 2461 846 2495 Ἑτοίμως
860 2460 915 2495 γὰρ

126 2508 223 2544 ἔχομεν
239 2506 294 2543 (15)
310 2507 390 2542 ἡμεῖς
404 2508 468 2538 τοὺς
484 2506 624 2540 ἐλέγχους,
637 2504 670 2532 δι’
681 2502 720 2531 ὧν
733 2504 915 2539 ἀπεδείξαμεν

129 2553 170 2585 ἃν,
196 2552 234 2583 ὡς
255 2552 385 2587 ἄντικρυς
405 2551 455 2587 μὲν
478 2551 596 2586 μάχεται
609 2551 666 2582 τοῖς
689 2552 739 2586 τῆς
760 2549 915 2586 ὀρθοδοξίας

129 2597 309 2630 διδασκάλοις,
332 2598 502 2634 συμφέρεται
519 2597 548 2624 δὲ
560 2597 621 2624 λίαν
638 2597 671 2633 τῇ
695 2596 751 2624 τῶν
770 2595 915 2632 αἰρετικῶν

127 2643 297 2679 διδασκαλίᾳ.

162 2689 288 2716 Διδάσκει
301 2689 356 2725 γὰρ
369 2688 413 2716 διὰ
427 2688 531 2716 τούτων
550 2689 640 2716 αὐτῶν
651 2690 666 2716 ὸ
676 2689 711 2716 τὰ
726 2689 832 2725 πονηρὰ
845 2689 913 2716 ταῦ-

125 2744 160 2762 τα
174 2735 269 2767 κτίσας
291 2736 458 2770 γεννήματα,
480 2736 518 2767 ὡς
537 2736 554 2769 ή
573 2735 669 2771 θεότης
693 2735 740 2762 τοῦ
755 2735 915 2770 μονογενοῦς

133 2782 193 2809 1⁸ἱοῦ
207 2781 274 2809 Θεοῦ
285 2781 380 2814 ἔπαθε,
393 2783 441 2809 καὶ
455 2783 504 2817 οὐχ
519 2783 536 2818 ὴ
552 2781 728 2818 ἀνθρωπότης
742 2782 774 2817 ἦν
787 2782 857 2818 ὑπὲρ
865 2782 915 2816 τῆς

159 2858 217 2875 ⁸⁸⁸⁸⁵
234 2859 327 2886 Matth.
348 2867 422 2892 xvm,
441 2859 484 2887 18.

166 2916 220 2951 (12)
234 2916 349 2952 διαφορᾷ
360 2915 395 2943 Μ.
412 2917 439 2944 in
455 2923 539 2951 marg.

957 999 1138 1026 municationi
1157 999 1337 1034 subiecimus,
1360 998 1426 1025 dum
1446 1005 1478 1025 ea
1495 997 1745 1025 anathematizam-

957 1044 1023 1076 rint,
1044 1044 1115 1071 etad
1127 1049 1285 1071 sanctorum
1299 1044 1409 1071 Palmm
1420 1043 1592 1071 Nicamorum
1611 1043 1690 1072 fidem
1705 1051 1747 1072 re-

958 1090 1070 1118 dieritlt.

994 1136 1096 1163 Verum
1122 1140 1215 1162 nostra
1243 1135 1341 1162 lenitas
1367 1135 1421 1162 illis
1446 1135 1515 1162 nihil
1542 1136 1656 1170 profuit.
1678 1136 1746 1163 Nam

959 1190 1046 1218 usque
1061 1182 1143 1209 hodie
1170 1190 1220 1217 pro
1237 1181 1376 1216 perversis
1394 1181 1448 1208 illis
1461 1182 1634 1216 dogmatibus
1649 1183 1746 1210 decer-

959 1232 1028 1258 tant.
1049 1231 1077 1255 et
1091 1228 1165 1254 ultro
1181 1227 1208 1254 in
1223 1227 1337 1254 canonis
1357 1227 1538 1259 sanctionem.
1554 1227 1654 1255 vulnus
1667 1236 1747 1255 accc-

958 1274 1045 1308 pturi,
1064 1273 1247 1308 impegerunt.
1269 1273 1355 1300 liabet
1370 1273 1393 1300 is
1406 1273 1478 1300 hanc
1494 1273 1666 1308 perspicuam
1682 1281 1747 1300 sen-

959 1319 1072 1346 tentiam
1091 1327 1098 1345 ε
1116 1318 1145 1346 Si
1163 1319 1223 1354 quis
1246 1319 1379 1354 episcopus
1394 1327 1410 1345 (ι
1425 1320 1534 1354 synodo,
1551 1323 1598 1346 aut
1613 1320 1748 1355 presbyter

959 1365 999 1391 vel
1008 1365 1133 1392 diaconus
1155 1364 1187 1390 ab
1208 1365 1328 1400 episcopo
1346 1373 1392 1391 sua
1417 1365 1560 1400 depositus,
1585 1373 1636 1391 non
1656 1373 1747 1400 exspe-

961 1414 1029 1436 ctato
1042 1410 1135 1445 synodi
1145 1410 1248 1445 judicio
1260 1430 1266 1442 ,
1289 1411 1372 1437 sacris
1388 1411 1539 1437 ministeriis
1559 1418 1587 1436 se
1601 1410 1747 1445 ingesserit,

961 1456 1050 1483 nullus
1064 1465 1091 1483 se
1106 1456 1270 1492 expurgandi
1286 1456 1366 1489 locus,
1379 1465 1410 1483 ne
1421 1457 1449 1483 in
1462 1457 1516 1483 alia
1525 1455 1628 1491 quidem
1639 1456 1748 1492 synodo,

961 1503 1020 1528 Imic
1040 1501 1146 1528 relictus
1162 1504 1169 1512 '
1184 1506 1248 1529 esto.
1273 1500 1324 1529 Sed
1349 1503 1396 1529 etsi
1418 1503 1462 1537 qui
1483 1506 1555 1533 sunt,
1577 1502 1621 1537 qui
1641 1510 1700 1528 cum
1719 1510 1749 1528 eo

961 1549 1230 1581 communicavcrint,
1259 1549 1285 1575 hi
1315 1549 1417 1583 penitus
1445 1548 1478 1575 ab
1506 1547 1625 1575 Ecclesia
1659 1547 1752 1583 expel-

964 1592 1066 1620 lantur.

998 1639 1027 1666 ln
1040 1639 1110 1667 hanc
1117 1640 1287 1667 sanctionem
1299 1639 1458 1666 inciderunt
1467 1643 1520 1666 tam
1529 1638 1569 1671 hi,
1579 1639 1625 1674 qui
1637 1646 1750 1666 excom-

960 1684 1164 1716 municationis,
1172 1692 1253 1720 quam
1266 1683 1314 1716 illi,
1326 1684 1373 1719 qui
1383 1684 1565 1718 depositionis
1586 1684 1750 1711 sententiam

962 1730 989 1757 in
1004 1738 1032 1757 se
1045 1733 1224 1765 exceperunt.
1240 1730 1307 1757 Nam
1324 1737 1387 1756 cum
1401 1729 1521 1764 primum
1536 1736 1565 1756 se
1579 1736 1593 1755 a
1608 1729 1688 1756 nobis
1701 1729 1751 1755 de-

961 1776 1065 1810 positos
1079 1781 1162 1811 atque
1185 1775 1439 1802 excommunicatos
1456 1774 1638 1807 resciverunt,
1658 1775 1751 1802 statim

962 1830 1016 1849 una
1029 1822 1116 1849 sacris
1130 1821 1236 1856 operati
1247 1825 1322 1852 sunt,
1343 1824 1371 1848 et
1388 1821 1479 1848 adhuc
1493 1827 1571 1847 sacra
1585 1820 1675 1847 facere
1690 1828 1752 1854 per-

962 1870 1089 1894 severant
1099 1877 1106 1899 ;
1118 1871 1247 1901 tanquam
1260 1867 1285 1893 ei
1295 1867 1376 1894 fidem
1388 1874 1443 1892 non
1456 1865 1599 1896 habentes,
1608 1865 1655 1900 qui
1664 1865 1750 1892 dixit:

966 1922 976 1938 ι
990 1911 1180 1946 Quodcunque
1195 1911 1346 1946 ligaveritis
1361 1911 1467 1946 1350
1477 1918 1561 1945 super
1573 1915 1686 1943 terram,
1698 1911 1752 1938 erit

962 1958 1074 1993 ligatum
1090 1961 1118 1984 et
1132 1957 1160 1984 in
1175 1957 1253 1985 caelis
1265 1956 1337 1984 3"".
1355 1967 1364 1982 ι

998 2004 1062 2032 Hmc
1075 2004 1103 2030 in
1117 2003 1177 2039 ipso
1195 2011 1258 2030 mox
1273 2002 1387 2030 exordio
1404 2001 1542 2029 sanctitati
1560 2006 1613 2030 tuae
1629 2002 1751 2030 indicare

962 2050 1159 2086 cogitavimus;
1171 2057 1266 2076 verum
1282 2048 1444 2075 mutationis
1461 2048 1588 2083 alicujus,
1600 2051 1627 2076 et
1642 2055 1656 2075 a
1672 2049 1752 2076 malis

963 2097 1039 2125 hisce
1047 2096 1210 2125 cmersionis
1221 2103 1268 2130 spe
1278 2095 1364 2126 ducti,
1376 2095 1510 2122 hactenus
1522 2095 1752 2129 exspectavimus.

962 2143 998 2171 At
1020 2151 1052 2171 ea
1067 2151 1118 2170 nos
1137 2150 1200 2177 spes
1219 2142 1324 2169 fefellit.
1347 2141 1416 2168 Nam
1433 2149 1525 2176 neque
1546 2141 1657 2176 impiam
1681 2142 1752 2170 hanc

963 2190 1079 2218 haeresin
1089 2196 1262 2224 propugnare
1276 2188 1450 2219 destiterunt,
1463 2195 1553 2222 neque
1570 2187 1687 2222 piissimi
1701 2188 1752 2215 im-

963 2234 1100 2270 peratoris
1116 2233 1230 2262 consilia
1246 2237 1416 2260 reverentur.
1434 2232 1544 2260 Etenim
1556 2233 1682 2267 quintum
1694 2234 1752 2268 iam

965 2288 1017 2308 nos
1031 2284 1060 2308 et
1076 2281 1151 2316 ipsos
1168 2279 1277 2311 affatus,
1299 2279 1353 2306 illis
1366 2279 1478 2314 quidem
1498 2278 1648 2310 mandavit,
1665 2283 1696 2306 ut
1708 2279 1752 2306 vel

965 2325 1053 2360 capita
1065 2325 1159 2361 Cyrilli
1172 2329 1301 2359 tanquam
1312 2332 1374 2351 cum
1387 2323 1440 2350 iide
1452 2323 1600 2359 pugnantia
1615 2324 1751 2358 reiiciant,

962 2373 1006 2400 vel
1021 2376 1096 2400 certe
1109 2376 1237 2406 suscepto
1246 2371 1274 2398 in
1283 2378 1379 2398 eorum
1390 2370 1578 2397 defensionem
1590 2370 1752 2402 certamine,

963 2422 1121 2445 sanctorum
1131 2416 1242 2448 Patrum
1253 2415 1419 2443 confessioni
1432 2418 1617 2442 consentanea
1632 2422 1691 2442 esse
1704 2422 1754 2450 pa-

962 2462 1016 2490 lam
1029 2462 1140 2490 faciant.
1157 2462 1187 2489 ιη
1198 2465 1326 2497 promptu
1341 2461 1416 2488 enim
1431 2464 1592 2496 argumenta
1609 2460 1752 2492 habemus,

964 2516 1015 2543 per
1038 2516 1100 2542 quae
1117 2507 1257 2535 ostensuri
1275 2514 1396 2539 eramus,
1414 2506 1487 2541 quod
1503 2505 1663 2533 orthodoxae
1689 2506 1754 2534 fidei

964 2553 1128 2581 doctoribus
1155 2553 1301 2580 manifeste
1325 2552 1518 2585 adversantur,
1546 2551 1754 2587 plurimumque

964 2600 1159 2628 hereticorum
1173 2599 1307 2627 doctrina
1320 2598 1508 2626 consentiunt.

999 2689 1148 2717 Enimvero
1167 2689 1250 2716 homo
1270 2695 1462 2724 perversorum
1482 2688 1636 2724 germinum
1659 2692 1751 2716 auctot

968 2743 1018 2771 per
1040 2735 1099 2763 haec
1130 2735 1189 2770 ipsa
1212 2735 1310 2767 docet,
1332 2734 1505 2762 divinitatem
1534 2734 1669 2770 unigeniti
1693 2734 1755 2762 Filii

968 2781 1016 2809 Dei
1039 2788 1147 2816 passam
1164 2788 1236 2813 esse,
1255 2787 1310 2808 non
1331 2785 1422 2808 autem
1440 2780 1649 2814 humanitatem,
1673 2787 1756 2816 quam

1005 2916 1060 2951 (l3)
1076 2916 1184 2952 εἴχομεν
1199 2916 1234 2944 Μ.
1251 2916 1278 2943 in
1293 2915 1424 2951 margine.
