1945 3058
191 194 256 227 1479

683 195 925 226 THEODORETI
945 196 1114 227 EPISCOPI
1134 197 1316 229 CYRENSIS

1747 199 1822 230 15.80

190 260 241 287 pro
257 252 345 281 salute
365 259 459 280 nostra
479 252 610 287 suscepit,
637 260 700 280 cum
717 253 848 282 divinitas
869 255 968 282 inhabi-

1031 256 1168 292 ἡμετέρας
1183 257 1312 292 ἀνείληφε
1328 255 1474 291 σωτηρίας,
1492 255 1541 289 τῆς
1554 255 1708 291 ὲνοικούσης
1721 256 1819 291 δηλον-

187 303 249 326 tan:
269 299 410 334 passiones
429 298 571 333 corporis,
589 298 666 333 quasi
688 300 809 334 proprii,
828 300 879 328 sibi
896 301 974 329 attri-

187 343 291 376 buerit,
305 348 333 371 et
350 348 440 372 tamen
455 344 482 371 in
498 344 608 379 propria
624 349 722 372 natura
737 345 806 373 nihil
823 346 880 380 ipsa
897 351 974 381 pate—

187 394 274 417 retur.
292 389 373 416 Addit
387 394 518 424 prmterea
539 397 572 416 ex
588 389 733 417 divinitate
750 395 778 418 et
803 391 974 420 humanitate

187 442 269 462 unam
288 435 387 462 factam
400 443 460 462 esse
474 439 600 462 naturam
615 445 621 462 :
634 435 770 470 siquidem
785 437 852 464 illud
867 447 873 464 :
890 447 898 462 ι
908 438 975 466 Ver-

187 480 252 507 bum
267 488 331 508 caro
341 481 443 508 factum
454 485 497 508 est
511 482 545 513 θ’),
564 490 572 506 ι
591 481 628 509 ita
642 482 763 516 exponit,
780 483 857 517 quasi
870 484 972 511 divini-

187 529 228 556 tas
255 526 462 552 conversionem
493 526 613 560 aliquam
638 535 728 560 passa,
761 531 788 554 et
812 528 840 554 in
863 536 974 556 carnem

187 575 367 597 transmutata
379 570 423 597 sit.
436 571 477 598 Ad
490 571 548 598 lucc
559 579 607 598 eos
617 577 785 605 exsecratur,
800 574 846 608 qui
858 582 975 609 evange-

186 615 254 643 lieas
271 616 491 650 apostolicasque
507 623 589 643 voces
614 617 647 644 de
670 617 782 645 Christo
794 619 910 646 Domino
929 619 974 646 di-

186 662 340 697 stinguunt,
354 667 385 689 ut
400 662 517 689 humiles
531 663 643 696 quidem
655 664 689 690 ad
705 664 913 696 humanitatem,
929 665 974 692 di-

187 708 264 734 vinas
282 715 347 734 vero
369 707 403 734 ad
418 707 521 734 Christi
543 708 715 737 divinitatem
737 710 857 737 referant
875 720 880 737 :
899 712 972 746 quod

189 753 291 788 1351
307 753 402 780 Ariani
414 758 441 780 et
453 754 618 781 Eunomiaui
631 755 792 788 sentientes,
802 756 973 792 humilesque

185 798 401 833 dispensationis
436 807 518 827 voces
541 800 574 827 ad
609 801 780 829 divinitatem
811 803 973 835 referentes.

185 845 271 872 Deum
288 845 408 872 Verbum
423 850 576 873 creaturam
591 851 620 874 et
639 847 786 881 facturam,
804 849 973 884 alteriusque

185 891 357 923 substantiis,
374 896 402 918 et
420 891 494 919 Patri
512 892 674 927 inaequalem
689 901 749 921 esse
764 894 899 922 afﬁrmare
917 904 972 924 non

185 936 364 964 dubitarunt.
591 939 600 942 '

222 981 230 991 ‘
244 980 309 1014 Quae
319 989 384 1008 vero
400 981 569 1016 blasphemia
580 990 614 1009 ex
628 983 703 1011 hisce
717 983 861 1020 principiis
873 993 971 1013 conse-

184 1031 298 1061 quatur,
313 1027 403 1062 quivis
422 1027 502 1056 facile
517 1028 655 1063 intelligit.
675 1029 743 1056 Nam
765 1034 793 1057 et
809 1035 971 1059 naturarum

185 1072 326 1099 inducitur
337 1072 473 1105 confusio,
486 1077 514 1100 et
527 1073 584 1100 Deo
598 1073 687 1101 Verbo
703 1074 864 1102 attribuitur
881 1075 947 1102 illud
962 1083 970 1102 :

188 1126 197 1142 ι
223 1117 296 1145 Deus
315 1125 403 1149 meus,
430 1118 503 1145 Deus
539 1126 636 1150 meus,
676 1119 772 1153 utquid
800 1119 971 1155 dereliquisti

185 1170 228 1190 me
240 1163 281 1188 “‘2
297 1173 305 1187 ι
320 1166 347 1190 et
362 1162 429 1189 illud
443 1171 449 1189 :
468 1172 477 1188 ‹
494 1163 575 1190 Pater
586 1163 632 1196 mi,
643 1163 665 1190 si
677 1163 808 1198 possibile
817 1170 869 1197 est,
883 1169 971 1193 trans-

183 1212 228 1236 eat
241 1216 257 1236 a
275 1216 317 1236 me
330 1209 399 1236 calix
418 1209 470 1237 iste
486 1210 525 1243 ⁹¹;
545 1219 554 1234 ι
578 1217 685 1237 rursum
706 1209 808 1243 fames,
825 1211 900 1244 sitis,
919 1219 970 1239 an-

183 1254 271 1289 gelica
292 1254 475 1287 confortatio;
503 1258 531 1282 et
549 1254 615 1281 illud
638 1264 645 1281 :
672 1264 681 1280 ι
702 1254 782 1282 Nunc
801 1256 891 1283 anima
910 1264 970 1284 mea

183 1299 292 1326 turbata
316 1303 358 1327 est
381 1299 420 1332 ⁹³;
437 1308 446 1325 ι
471 1303 499 1326 et
520 1299 622 1327 iterum
645 1308 651 1326 :
672 1309 682 1326 ι
700 1300 799 1328 Tristis
818 1306 861 1328 est
880 1301 969 1329 anima

183 1352 244 1372 mea
261 1351 347 1379 usque
362 1343 396 1371 ad
410 1347 526 1371 mortem
545 1344 585 1377 ἐς
603 1354 611 1370 ι
631 1349 659 1371 et
675 1352 847 1380 quazcunque
861 1346 925 1373 talia
941 1346 969 1374 in

183 1389 291 1417 Domini
308 1389 394 1416 nostri
416 1389 614 1417 humanitatem
634 1390 803 1418 ceciderunt.
825 1390 891 1424 Qua:
905 1400 969 1426 per-

183 1435 277 1470 spicue
299 1442 362 1462 cum
379 1434 436 1461 Arii
456 1439 484 1462 et
504 1435 632 1462 Eunoniii
656 1435 796 1470 impietate
817 1443 969 1472 congruere

183 1482 261 1509 facile
276 1481 340 1516 quis
349 1481 459 1508 viderit.
472 1482 514 1508 llli
526 1482 598 1509 enim
615 1490 676 1509 cum
690 1482 877 1516 heterousion,
887 1487 969 1510 natu-

182 1535 330 1562 rarumque
345 1527 534 1555 diversitatem
548 1532 673 1555 astruere
688 1536 743 1555 non
758 1528 891 1561 valerent,
904 1537 968 1563 per-

182 1574 324 1608 pessioues
341 1578 369 1601 et
390 1574 509 1601 humiles
524 1574 584 1602 illas
602 1582 684 1602 voces
699 1574 835 1601 divinitati
853 1575 967 1608 Christi,

183 1623 214 1645 ut
225 1623 289 1646 ante
310 1619 414 1646 dictum
429 1623 480 1651 est,
503 1619 656 1646 ascribunt.
672 1619 750 1647 Norit
769 1623 862 1647 autem
879 1620 968 1655 pietas

183 1668 239 1696 tua,
253 1664 418 1691 Arianorum
430 1664 558 1692 doctores
568 1665 636 1691 nihil
652 1664 726 1692 aliud
738 1665 765 1692 in
777 1665 901 1692 ecclesiis
911 1666 969 1693 suis

182 1709 235 1737 hoc
247 1713 371 1744 tempore
381 1709 492 1741 docere,
503 1717 584 1744 quam
593 1710 666 1744 quod
676 1709 968 1740 consubstantialitatis

183 1760 335 1783 assertores
346 1756 402 1790 jam
415 1755 524 1782 demum
543 1763 605 1782 cum
619 1755 684 1782 Ario
695 1755 824 1789 sentiant,
839 1757 968 1792 quodque

182 1801 295 1832 veritas,
310 1809 372 1836 quae
391 1801 438 1828 diu
458 1801 586 1834 latuerat,
609 1809 682 1828 nunc
703 1801 812 1829 tandem
832 1802 860 1829 iu
877 1803 968 1832 lucem

183 1848 307 1882 prodeat.

217 1905 273 1932 Nos
283 1909 375 1932 autem
393 1904 421 1932 in
431 1904 606 1940 dogmatibus
622 1905 766 1934 beatorum
780 1907 903 1939 Palmm,
920 1909 967 1943 qui

182 1950 255 1986 apud
271 1951 388 1978 Nicaeam
407 1955 607 1983 convenerunt,
620 1956 648 1978 et
660 1959 756 1979 eorum
769 1952 816 1987 qui
831 1957 892 1987 post
906 1953 968 1981 illos

181 1996 307 2024 doctrina
328 1997 496 2028 claruerunt,
520 1997 656 2024 Eustathii
678 1998 854 2030 Antiocheni,
875 1998 967 2025 Basilii

181 2042 369 2075 Caesariensis,
381 2046 409 2070 et
418 2043 553 2078 Gregorii,
567 2047 593 2070 et
604 2043 728 2075 Joannis,
737 2048 765 2070 et
776 2044 928 2076 Athanasii,
939 2048 968 2071 et

182 2088 337 2124 Theophili,
352 2093 380 2116 et
393 2089 501 2116 Damasi
518 2089 644 2120 Romani,
669 2093 697 2116 et
710 2089 848 2116 Ambrosii
862 2089 966 2117 Medio-

181 2135 312 2165 lanensis,
325 2138 353 2162 et
365 2134 545 2169 reliquorum,
562 2135 609 2169 qui
621 2142 683 2162 cum
696 2134 738 2161 his
751 2135 846 2161 eadem
863 2135 966 2163 docue-

183 2183 257 2210 runt,
274 2185 492 2212 perseveramus,
510 2178 615 2213 1352
632 2178 740 2213 piisque
758 2179 866 2206 illorum
881 2180 965 2207 vesti-

181 2224 234 2259 giis
242 2224 396 2251 insistimus
405 2233 412 2250 :
422 2223 523 2258 quippe
532 2225 578 2258 qui
589 2223 755 2259 evangelica,
767 2228 794 2251 et
804 2225 964 2259 apostolica,

1024 302 1065 328 ότι
1087 302 1211 337 Οεότητος
1236 301 1426 337 οἰκειουμένης
1460 301 1509 337 μὲν
1530 301 1563 328 τὰ
1588 301 1660 336 πάθη
1685 302 1723 334 ὡς
1748 301 1818 328 ίδίον

1026 347 1162 382 σώματος,
1180 348 1256 374 οὐδὲν
1277 348 1305 374 δὲ
1330 347 1487 382 πασχούσης
1503 347 1542 378 εἰς
1564 347 1613 382 τὴν
1630 347 1698 374 ἰδίαν
1721 356 1815 382 φυσιν.

1025 391 1097 427 Πρὸς
1121 392 1149 419 δὲ
1168 392 1282 424 τούτοις,
1305 393 1345 418 ὅτι
1369 391 1418 427 μία
1431 391 1511 425 φύσις
1526 391 1621 425 γέγονε
1644 391 1769 427 θεότητός
1782 401 1817 418 τε

1025 439 1072 465 καὶ
1087 438 1307 474 ἁνθρωπότητος·
1322 437 1393 464 οὕτω
1407 438 1471 473 γὰρ,
1488 447 1496 463 ι
1520 437 1548 464 ’0
1566 437 1651 471 Λόγος
1664 437 1732 472 σὰρξ
1749 438 1816 471 ὲγὲ-

1025 494 1096 517 νετο,
1118 494 1127 511 ι
1153 485 1332 520 ἐρμήνευσεν,
1360 484 1397 516 ὡς
1415 485 1465 518 τῆς
1487 483 1613 520 θεότητος
1631 484 1736 520 τροπήν
1751 493 1817 511 τινα

1026 531 1224 566 ὑπομεινάσης,
1247 530 1293 556 καὶ
1316 531 1355 562 εἰς
1383 530 1472 565 σάρκα
1496 529 1721 565 μεταϐληθείσης.
1740 529 1816 565 Πρὶς

1024 578 1139 609 τούτοις,
1153 575 1348 611 ἁναῢεματίζει
1363 575 1426 607 τοὺς
1440 575 1612 610 διαιροῦντας
1629 575 1679 606 τὰς
1696 575 1813 608 εὐαγγε-

1024 622 1102 654 tua;
1125 623 1171 649 καὶ
1190 622 1372 653 ἀποστολικᾰς
1396 622 1460 656 περὶ
1480 621 1526 648 τοῦ
1543 621 1678 647 Δεσπότου
1691 620 1815 656 Χριστοῦ

1025 669 1127 702 φωνὰς,
1142 669 1189 695 καὶ
1206 669 1255 699 τὰς
1274 669 1323 703 μὲν
1339 668 1469 700 ταπεινὰς
1485 669 1556 694 κατὰ
1571 666 1618 702 τὴν
1632 666 1814 702 ἀκθρωπότη-

1024 723 1067 746 τα,
1090 715 1140 746 τὰς
1163 715 1190 741 δὲ
1217 713 1378 750 θεοπρεπείς
1394 714 1465 741 κατὰ
1482 714 1530 749 τὴν
1545 713 1659 748 θεότητα
1675 712 1721 739 τοῦ
1745 713 1815 747 Χρι-

1025 758 1086 785 στοῦ
1103 759 1331 794 ὲκλαμὸἁνοντας·
1352 760 1419 795 ὅπερ
1433 758 1593 795 φρονοῦντες
1613 758 1746 793 Ἀρειανο“ι
1764 757 1815 784 καὶ

1024 805 1194 839 Εὑνομιανοὶ.
1215 805 1262 832 καὶ
1280 805 1328 837 τὰς
1342 807 1389 839 μὲν
1405 806 1533 836 ταπεινὰς
1552 804 1616 839 περὶ¹
1635 804 1685 838 τῆς
1706 804 1813 830 οἰκονο-

1025 851 1090 886 μίας
1103 851 1194 884 φωνὰς
1206 852 1246 882 εἰς
1258 851 1306 886 τὴν
1315 851 1429 885 Οεότητα
1443 850 1634 885 ἀναφέροντες,
1647 849 1693 875 καὶ
1708 849 1815 883 κτίσμα.

1024 897 1070 922 καὶ
1085 896 1190 930 ποίημα
1201 896 1244 922 τὸν
1262 894 1327 923 Θεὸν
1339 896 1437 930 Λόγον,
1460 896 1506 923 καὶ
1524 895 1692 930 ἑτεροούσιον
1705 895 1752 920 καὶ⁵
1763 895 1813 920 ἀν-

987 928 1009 957 n
1022 941 1114 978 όμοιον
1180 942 1266 977 Πατρὶ
1279 942 1368 976 λέγειν
1382 928 1652 977 ἐπραγματεύσαντο.

1067 987 1208 1014 Ἐντεῦθεν
1225 987 1263 1018 δὲ,
1278 987 1305 1014 εί
1318 997 1344 1014 τι
1361 987 1413 1014 κᾶν
1428 987 1563 1022 συμϐαίνῃ
1585 986 1615 1013 τὸ
1639 986 1812 1021 βλάσφημον,

1023 1034 1115 1069 ῥᾴδιον
1139 1034 1266 1061 κατιδεῖν.
1295 1033 1429 1069 Σύγχυσις
1446 1033 1501 1068 γὰρ
1521 1033 1660 1066 εἰσάγεται
1682 1033 1735 1059 τῶν
1758 1031 1813 1066 φύ-

1023 1086 1102 1111 σεων,
1116 1079 1163 1105 καὶ
1177 1079 1363 1114 προσάπτεται
1374 1078 1413 1113 τῷ
1429 1078 1488 1113 Θεῷ
1503 1078 1581 1113 Λόγῳ
1596 1078 1636 1104 τό·
1656 1087 1665 1103 ι
1683 1077 1731 1104 Θεέ
1746 1085 1809 1112 μου,

1021 1125 1071 1152 Θεέ
1087 1135 1149 1160 μου,
1168 1126 1238 1153 ἱνατί
1254 1135 1287 1160 με
1312 1125 1508 1160 ὲγκατέλιπες;
1530 1135 1539 1151 ι
1554 1125 1601 1152 καὶ
1612 1125 1652 1151 τό”
1673 1134 1682 1150 ι
1705 1124 1809 1160 Πάτερ,

1021 1172 1045 1198 εἰ
1058 1171 1180 1203 δυνατὸν,
1196 1170 1354 1206 παρελθέτω
1366 1171 1396 1197 τὸ
1407 1172 1535 1206 ποτήριον
1545 1170 1624 1196 τοῦτο
1634 1170 1680 1196 ἀπ’
1696 1169 1773 1204 ἐμοῦ·
1797 1179 1807 1195 ο

1020 1217 1112 1245 καὶτὸ
1131 1219 1238 1253 πεινῇν,
1264 1218 1311 1244 καὶ
1326 1217 1414 1253 διψῇν,
1437 1219 1485 1244 καὶ⁸
1500 1217 1554 1244 ἀπὸ
1578 1217 1692 1251 ἀγγέλου
1712 1215 1808 1251 στηρί-

1021 1263 1126 1296 ζεσθαι·
1140 1264 1186 1290 καὶ
1196 1264 1226 1290 τὸ
1235 1263 1335 1298 λέγειν·
1348 1273 1357 1289 ι
1367 1263 1424 1290 Νῦν
1437 1264 1454 1297 ἡ
1467 1263 1540 1298 ψυχή
1552 1271 1601 1298 μου
1612 1262 1807 1297 τετάρακται’›

1021 1310 1086 1336 καί·
1106 1319 1115 1335 ι
1136 1309 1288 1345 Περίλυπός
1315 1310 1388 1336 ἐστιν
1407 1309 1425 1344 ἡ
1447 1309 1520 1343 ψυχή
1541 1316 1590 1343 μου
1611 1308 1663 1340 ἕως
1679 1307 1807 1334 Θανάτου·

1020 1355 1068 1382 καὶ
1087 1355 1139 1382 ὅσα
1155 1355 1268 1382 τοιαῦτα
1283 1355 1347 1391 περὶ
1360 1354 1409 1390 τὴν
1427 1353 1623 1390 ἀνθρωπότητα
1637 1353 1683 1380 τοῦ
1704 1352 1810 1387 Κυρίου

1021 1401 1188 1437 συμϐέϐηκε.
1211 1401 1302 1428 Ταῦτα
1324 1401 1353 1428 δὲ
1379 1401 1417 1432 ὡς
1445 1399 1539 1435 σαφῶς
1562 1402 1595 1435 τῇ
1626 1399 1731 1435 Ἀρείου
1758 1399 1809 1425 καὶ

1019 1447 1152 1482 Εὑνομίου
1171 1445 1315 1482 δυσσεϐείᾳ
1328 1445 1480 1480 συμϐαίνει,
1494 1444 1614 1480 εὐχερῶς
1627 1444 1659 1471 ἄν
1675 1452 1717 1475 τις
1738 1452 1808 1470 κατε

1021 1492 1081 1519 ίδοι.
1102 1492 1217 1519 Ἐκεῖνοι
1243 1491 1298 1526 γὰρ
1314 1491 1344 1518 τὸ
1370 1490 1539 1526 ὲτεροούσιον
1554 1490 1756 1518 κατασκευάσαι
1769 1488 1808 1525 μὴ

1019 1538 1174 1574 δυνάμενοι,
1189 1538 1222 1564 τὰ
1244 1538 1392 1573 παθήματα
1404 1537 1452 1564 καὶ
1470 1537 1520 1569 τὰς
1533 1537 1650 1568 εὐτελεῖς
1667 1536 1758 1571 φωνὰς

1021 1584 1127 1619 Θεότητι
1148 1584 1195 1611 τοῦ
1215 1584 1333 1619 Χριστοῦ
1352 1584 1560 1618 περιάπτουσιν,
1578 1583 1615 1614 ὡς
1632 1582 1807 1618 προείρηται.

1022 1631 1103 1657 ’Ἱστω
1115 1631 1144 1657 δέ
1163 1639 1210 1657 σου
1231 1632 1247 1665 ἡ
1266 1629 1416 1660 θεοσέϐεια.
1435 1629 1472 1661 ὡς
1486 1630 1512 1656 oi
1527 1629 1580 1656 τῶν
1606 1628 1753 1663 ’Δρειανῶν
1768 1628 1808 1654 δι‹

1018 1675 1147 1702 δάσκαλοι
1163 1675 1210 1702 νῦν
1227 1675 1302 1702 οὐδὲν
1317 1675 1410 1711 ἕτερον
1424 1676 1452 1702 ὲν
1471 1676 1530 1706 ταῖς
1543 1673 1702 1709 ἐκκλησίαις
1717 1674 1810 1700 αὐτῶν

1019 1721 1200 1754 διδάσκουσιν,
1223 1721 1240 1756 ἦ
1255 1721 1292 1753 ὡς
1313 1722 1338 1747 οἰ
1358 1721 1388 1748 τὸ
1407 1720 1548 1756 ὁμοούσιον
1570 1720 1741 1751 διδάσκοντες
1759 1719 1810 1747 νῦν

1019 1767 1052 1794 τὰ
1081 1767 1188 1802 Ἀρείου
1204 1767 1343 1802 φρονοῦσι,
1359 1767 1406 1794 καὶ
1421 1767 1462 1794 ὅτι
1485 1766 1529 1794 διὰ
1544 1766 1640 1803 χρόνου
1656 1765 1763 1802 μακροῦ
1776 1766 1809 1792 τὸ

1019 1813 1117 1848 ἀληθὲς
1133 1813 1264 1848 ἀνεφάνη.

1060 1904 1155 1940 Ἡμεῖς
1170 1905 1198 1931 δὲ
1211 1906 1266 1936 τοῖς
1279 1905 1332 1931 τῶν
1350 1904 1492 1940 μακαρίων
1507 1904 1577 1931 Πατέ
1582 1913 1636 1939 ρων
1645 1903 1700 1930 τῶν
1711 1904 1739 1930 ὲν
1754 1899 1806 1930 Νι-

1019 1950 1087 1985 καίᾳ
1110 1950 1338 1986 συνεληλυθότων,
1367 1951 1414 1977 καὶ
1445 1950 1498 1976 τῶν
1519 1950 1576 1985 μετ’
1594 1950 1714 1981 ἐκείνους
1726 1951 1754 1975 ἐν
1769 1948 1804 1984 τῇ

1017 1996 1176 2032 διδασκαλίᾳ
1204 1996 1428 2032 διαπρεψάντων,
1454 1995 1602 2022 Εὑσταθίου
1624 1995 1670 2021 τοῦ
1703 1995 1805 2020 Ἀντιο-

1017 2042 1104 2077 χείας.
1125 2042 1265 2070 Βασιλείου
1292 2043 1338 2069 τοῦ
1364 2042 1544 2077 Καισαρείας,
1565 2041 1612 2068 καὶ
1633 2040 1802 2076 Γρηγορίου,

1018 2089 1065 2115 καὶ
1085 2089 1219 2120 Ἰωάννου,
1243 2089 1291 2115 καὶ
1316 2088 1485 2120 Ἀθανασίου,
1510 2087 1558 2114 καὶ
1581 2087 1710 2120 Θεοφίλου
1724 2106 1732 2118 ,
1756 2087 1803 2112 καὶ

1017 2135 1146 2170 Δαμάσου
1161 2134 1208 2161 τοῦ
1231 2134 1347 2170 Ῥώμης,
1367 2135 1413 2160 καὶ
1434 2133 1596 2169 ’Λμϐροαίου
1609 2133 1655 2159 τοῦ
1673 2132 1803 2159 Μεδιολά-

1016 2189 1081 2212 νων,
1101 2180 1148 2207 καὶ
1166 2180 1219 2206 τῶν
1235 2179 1322 2206 ταυτὰ
1341 2180 1446 2211 τούτοις
1460 2178 1633 2210 διδαξάντων,
1648 2178 1804 2212 ἐμμένομεν

1016 2225 1150 2259 δόγμασι,
1174 2225 1221 2251 καὶ
1241 2225 1297 2256 τοῖς
1328 2223 1467 2250 εὐσεϐέσιν
1491 2223 1580 2250 αὐτῶν
1603 2222 1802 2256 ἀκολουῦοὖμεν

180 2273 209 2297 et
231 2269 391 2304 prophetica
404 2269 487 2296 verba
502 2274 659 2304 sequentes,
672 2274 794 2296 exactam
810 2270 966 2298 orthodoxa:

1021 2273 1114 2306 ίχνεσι⁸
1144 2272 1199 2302 τοῖς
1225 2270 1279 2305 γὰρ
1316 2270 1515 2304 εὐαγγελικοῖς,
1539 2270 1586 2296 καὶ
1615 2269 1803 2300 ἁποστολικοίς

181 2312 244 2340 ﬁdei
259 2313 381 2347 regulam
397 2313 476 2339 nobis
491 2312 657 2340 tradiderint
673 2321 773 2347 :quam
784 2315 906 2349 regulam
917 2323 966 2342 nos

180 2361 373 2387 inconcussam
408 2360 633 2394 immobilemque
668 2361 788 2388 retinere
823 2362 966 2389 studemus

179 2415 277 2435 omnes
300 2407 348 2441 qui
368 2406 397 2434 in
422 2406 535 2434 Oriente
558 2407 733 2439 habitamus;
766 2408 895 2435 similiter
917 2409 965 2443 qui

177 2453 343 2489 Bithyniam,
354 2457 383 2480 et
390 2452 613 2487 Paphlagoniam,
625 2457 652 2480 et
661 2453 859 2489 Cappadociam
868 2462 965 2482 secun-

178 2499 252 2530 dam,
266 2503 295 2526 et
308 2498 449 2530 Pisidiam,
462 2501 491 2525 et
509 2497 691 2529 Thessaliam.
715 2502 742 2525 et
754 2498 877 2534 Mysiam,
891 2500 965 2527 Rho-

178 2545 324 2579 dopenque
339 2545 474 2575 incolunt,
487 2547 515 2571 et
525 2543 572 2570 alii
582 2543 777 2578 quamplurimi
794 2544 963 2572 diversarum

176 2590 392 2626 provinciarum.
417 2590 501 2618 Italos
511 2597 623 2624 quoque
635 2594 742 2618 certum
758 2595 801 2617 est
815 2591 962 2618 novitatem

177 2637 251 2665 illam
268 2644 442 2672 nequaquam
455 2637 561 2664 laturos
570 2643 641 2663 esse.
665 2635 732 2662 Nam
752 2635 884 2663 Martinus
899 2643 963 2663 san-

176 2682 328 2714 ctissimus,
357 2682 469 2716 Deoque
494 2679 691 2708 dilectissimus
715 2679 960 2708 Mediolanensium

176 2727 332 2762 episcopus,
353 2727 387 2754 ad
406 2735 458 2754 nos
477 2726 599 2761 scripsit,
619 2725 777 2760 librumque
799 2727 874 2754 beati
895 2727 960 2755 Am-

176 2772 261 2799 brosii
273 2772 307 2799 de
323 2772 466 2800 Dominica
484 2772 676 2799 incarnatione
689 2771 723 2799 ad
738 2771 892 2806 piissimum
911 2773 961 2800 im-

213 2829 236 2844 "
255 2828 334 2860 Joan,
352 2837 372 2861 ι,
388 2829 431 2857 Η.
468 2829 490 2845 "
506 2829 578 2856 Psal.
598 2836 652 2859 xxi,

223 2883 266 2917 ll)
282 2883 411 2917 δόγμασιν
426 2884 460 2910 Μ.
477 2884 504 2911 in
519 2884 649 2917 margine.

223 2883 266 2917 Η)
282 2883 411 2917 δόγμασιν
426 2884 460 2910 Μ.
477 2884 504 2911 in
519 2892 577 2911 mar

210 2883 266 2953 £15)
281 2918 460 2952 Μαρτινιαινός
475 2919 558 2946 scribi
577 2892 594 2946 Ξ

1015 2317 1062 2343 καὶ
1085 2317 1263 2351 προφητικοῖς
1278 2315 1404 2350 ἑπόμενοι
1420 2316 1539 2351 ῥήμασιν
1556 2315 1622 2350 (14),
1638 2314 1738 2349 ἀκριεῆ
1751 2314 1802 2347 τῆς

1014 2362 1168 2397 ὀρθοδοξίας
1192 2362 1257 2397 ἡμῖν
1284 2361 1430 2388 κατέλιπον
1450 2361 1559 2388 κανόνα·
1583 2361 1613 2387 ὃν
1637 2360 1733 2395 ἀκλινῆ
1754 2361 1802 2386 καὶ

1015 2408 1164 2435 ἀσάλευτον
1194 2407 1310 2442 φυλάξαι
1343 2407 1530 2442 σπουδάζομεν
1557 2407 1676 2438 ἅπαντες
1704 2406 1728 2432 οἱ
1751 2405 1802 2441 τὴν

1020 2453 1165 2488 ’Λνατολὴν
1179 2453 1326 2485 οἰκοῦντες.
1354 2453 1490 2484 Ὡσαύτως
1512 2453 1540 2479 δὲ
1566 2454 1591 2480 οἱ
1614 2452 1729 2484 Βιθυνοὶ,
1753 2453 1802 2479 καὶ

1013 2499 1201 2532 Παφλαγόνες,
1214 2500 1262 2526 καὶ
1273 2499 1609 2534 ἠδευτέραΚαππαδοχῐα,
1622 2500 1669 2525 καὶ
1682 2499 1799 2531 Πισιδία,

1012 2545 1060 2572 και)⁸
1073 2545 1216 2578 Θετταλία,
1249 2546 1296 2572 καὶ
1319 2546 1422 2578 Μυσία,
1448 2545 1496 2572 καὶ
1517 2545 1641 2580 Ῥοδόπη.
1661 2545 1708 2570 καὶ
1724 2544 1799 2571 ἄλλοι

1012 2591 1133 2617 πλεῖστοι
1157 2591 1211 2617 ἀπὸ
1223 2591 1360 2626 διαφόρων
1376 2590 1526 2626 ὲπαρχιῶν.
1542 2590 1622 2625 Δῆλοι
1642 2590 1670 2616 δέ
1684 2591 1735 2616 εἰσι
1751 2589 1800 2616 καὶ

1018 2636 1168 2663 Ἰταλιῶται
1185 2638 1233 2673 τῆς
1248 2638 1424 2672 καινοτομίας
1444 2638 1545 2672 ταύτης
1561 2637 1613 2664 οὐκ
1628 2635 1796 2670 ἀνεξόμενοι,

1019 2682 1049 2709 ὐ
1063 2683 1117 2718 γὰρ
1135 2683 1340 2717 θεοφιλέστατος
1355 2684 1400 2710 καὶ
1418 2683 1566 2718 ἁγιώτατος
1578 2682 1714 2717 Μαρτῖνος
1728 2680 1797 2717 (15).

1015 2729 1029 2755 ὸ
1053 2728 1103 2763 τῆς
1121 2728 1293 2756 Μεδιολάνων
1316 2729 1476 2761 ἐπίσκοπος,
1492 2729 1538 2754 καὶ
1556 2728 1707 2763 γράμματα
1729 2725 1799 2761 πρὸς

1015 2774 1088 2808 ἡμᾶς
1103 2773 1256 2807 ἀπέστειλε,
1271 2774 1319 2800 καὶ
1330 2773 1370 2809 τῷ
1381 2771 1569 2808 ιὺσεϐεστάτῳ
1580 2771 1685 2808 βασιλεῖ
1698 2770 1800 2806 βιϐλίον

699 2827 725 2854 l.
763 2828 786 2844 "
805 2827 900 2855 Matth.
920 2837 992 2861 xxw,
1008 2830 1052 2858 59.
1091 2831 1114 2847 "
1127 2831 1204 2859 Joan.
1221 2841 1267 2865 xu,
1284 2832 1329 2858 27.
1367 2832 1390 2848 "
1420 2831 1515 2858 Matth.
1530 2838 1602 2863 xxvr,
1614 2829 1659 2857 58.

595 2919 703 2952 ebebat,
721 2917 793 2954 quod
808 2924 848 2946 est
864 2927 959 2948 verum
977 2925 1039 2962 (κίεις
1054 2932 1162 2954 nomen,
