1945 3058
124 139 212 189 ater)

790 141 972 171 EPlSTOM
991 142 1132 173 CLXXII.

1704 147 1770 181 1486

138 194 305 230 φρονοῦντας
313 194 494 228 εὺρξπκοντες.
505 205 514 220 ι
526 192 572 227 Εἷς
579 194 632 230 γὰρ
642 194 751 231 Κῦριος,
763 196 811 231 μὶα
826 196 927 228 πίστις,

993 197 1080 225 ientes
1100 198 1285 233 reperiremus
1302 200 1386 234 (unus
1400 201 1475 227 enim
1500 200 1642 234 Dominus,
1660 196 1722 229 una'
1741 203 1770 229 ti-

137 242 170 267 ἓν
194 242 344 276 βάπτισμα,
362 251 371 267 ι
391 241 554 276 ὲδοξάσαμεν
568 241 614 267 τὸν
639 241 693 268 τῶν
720 242 787 268 ὅλων
813 242 926 277 Σωτῆρα

138 287 218 317 Θεὸν,
230 287 355 322 ἀλλήλοις
376 287 579 322 συγχαίροντες,
600 288 640 313 ὁτι
658 289 716 319 ταῖς
736 287 926 317 θεοπνεύστοις

137 334 280 368 Γραφαῖς,
302 334 349 360 καὶ
362 335 394 368 τῇ
422 334 571 368 πιραδόσει
589 333 642 360 τῶν
666 334 750 368 ἁγίων
777 333 925 368 Πατέρων,

140 378 343 413 συμϐαίνουσαν
368 377 459 412 ἔχουσι
480 378 572 404 πίστιν
597 378 629 405 αἴ
648 386 677 404 τε
698 378 762 413 παρ’
784 378 850 413 ἡμῖν
878 377 925 402 καὶ

140 424 208 458 παρ’
227 424 291 458 ὑμῖν
315 423 485 458 Ἐκκλησίαι.
907 429 914 441 ¹

139 522 268 549 CLXXII.
281 537 316 542 ——
328 522 449 558 Epistola
472 523 624 550 Theodoreti
638 523 675 549 ad
696 521 847 549 Nestorium
862 521 929 556 (55).

142 578 232 605 Versio
260 579 371 614 antiqua
398 579 503 614 inserto
523 580 588 605 actis
616 579 714 614 quinta:
739 578 894 606 Collutionis
916 587 930 605 v

489 613 599 649 Synodi.

178 670 293 697 Domino
306 677 370 697 meo
386 669 614 697 reverendissimo
630 674 658 697 et
673 670 888 705 religiosissimo,
904 674 931 697 et

141 717 316 744 sanctissimo
332 717 416 751 patri,
437 716 566 751 episcopo
591 716 728 748 Nestorio,
747 715 932 743 Theodoritus

142 762 171 790 in
188 763 303 790 Domino
319 762 447 798 gaudere.

178 808 256 840 Quod
279 815 333 834 non
359 807 462 834 urbana
487 807 696 834 conversatione
724 807 862 838 delector,
882 815 931 834 nec

143 853 271 881 smculari
296 853 449 885 curatione,
470 861 524 880 nec
545 853 642 888 gloria,
664 861 716 880 nec
739 853 801 879 aliis
818 853 932 880 sedibus

143 907 206 926 sum
219 899 355 933 alligatus,
371 899 490 925 arbitror
506 899 576 926 scire
595 902 669 925 tuam
688 898 871 925 sanctitatem.
887 898 933 924 Li-

143 949 189 972 cet
205 945 279 971 enim
297 949 324 971 et
339 944 408 971 nihil
426 944 510 977 aliud,
533 944 591 978 ipsa
617 949 707 970 tamen
724 943 845 971 solitudo
865 943 933 969 civi-

146 990 220 1021 tatis,
243 998 323 1024 quam
347 990 501 1024 gubernare
516 990 630 1016 sortitus
653 997 729 1021 sum,
749 989 847 1016 sufﬁcit
863 989 934 1016 hanc

144 1036 200 1069 (36)
219 1043 260 1062 me
276 1035 478 1069 philosophiam
493 1034 602 1061 docere.
618 1034 677 1061 Non
690 1035 779 1061 solum
798 1035 872 1061 enim
890 1042 934 1061 so—

143 1079 299 1111 litudinem,
317 1079 365 1106 sed
379 1080 462 1106 etiam
477 1079 610 1114 plurimos
628 1079 711 1106 habet
724 1087 814 1106 rerum
832 1079 934 1105 tumul-

145 1129 200 1158 tus,
216 1126 262 1160 qui
282 1130 396 1160 possunt
407 1126 496 1153 facere
513 1126 615 1161 pigros,
633 1125 716 1152 etiam
729 1133 776 1153 eos
791 1126 838 1160 qui
854 1126 933 1153 valde

143 1171 185 1198 eis
202 1171 331 1206 gaudent.

179 1217 264 1243 Nemo
281 1217 363 1252 igitur
377 1217 541 1251 persuadeat
555 1221 608 1245 tuae
628 1217 779 1250 sanctitati,
798 1217 870 1252 quod
883 1226 933 1253 ego

143 1261 329 1296 episcopalem
347 1263 439 1289 sedem
457 1263 582 1297 cupiens,
602 1263 756 1290 cohibendo
776 1263 849 1298 ('57)
869 1271 934 1290 ocu-

144 1308 187 1335 los
212 1316 299 1338 meos,
322 1313 449 1343 tanquam
470 1309 638 1336 orthodoxas
663 1309 770 1344 suscepi
796 1308 934 1344 Egyptia-

144 1361 191 1380 cas
208 1353 324 1381 litteras.
340 1354 376 1382 Ut
395 1354 467 1381 enim
481 1362 544 1381 cum
563 1354 619 1389 ipsa
637 1355 751 1381 veritate
766 1354 867 1386 dicam,
882 1362 933 1382 sae-

145 1399 208 1434 pius
225 1407 256 1426 ea
279 1399 382 1434 perlegi
399 1403 426 1426 et
443 1400 583 1427 subtiliter
608 1400 734 1432 discussi,
754 1405 782 1427 et
804 1400 933 1427 hteretica

145 1445 206 1472 illas
224 1446 546 1473 amaritudineliberatas
556 1445 680 1481 (58)esse
696 1445 800 1477 inveni,
815 1449 843 1472 et
854 1445 932 1472 timui

979 241 1038 273 des,
1053 251 1137 269 unum
1147 243 1282 278 baptisma
1294 244 1338 278 "),
1353 245 1566 279 gloriﬁcavimus
1579 246 1770 274 universorum

979 285 1147 315 Salvatorem
1164 289 1259 321 Deum,
1279 290 1397 317 invicem
1420 291 1634 326 congaudentcs,
1655 294 1728 327 quod
1743 298 1771 320 et

979 339 1040 365 qua:
1055 334 1126 367 apud
1143 342 1193 361 nos
1208 339 1284 367 sunt,
1302 340 1329 362 ct
1346 345 1407 371 quae
1426 337 1499 371 apud
1516 345 1575 369 vos,
1593 337 1722 366 Ecclesia:
1741 339 1770 365 ti-

979 377 1043 404 dem
1061 379 1179 407 habeant
1198 381 1300 408 divinis
1325 382 1476 417 Scripturis
1493 388 1708 418 sanctorumque
1720 385 1772 410 l’a-

980 428 1055 451 trum
1073 427 1211 454 traditioni
1230 433 1452 455 consentaneum.

1027 523 1154 552 CLXXII.
1171 541 1203 545 ——
1218 525 1336 561 Epistola
1354 526 1504 552 Theodoreti
1519 526 1553 552 ad
1571 525 1728 551 Nestorium.

1197 582 1283 609 γενδῐο
1301 583 1381 610 Marii
1395 583 1557 609 Met-caloris.

1019 667 1135 695 Domino
1151 676 1212 695 meo
1225 677 1289 696 vere
1303 669 1349 696 Dei
1367 670 1566 701 amantissimo,
1579 674 1606 696 et
1616 668 1771 696 venerando

980 716 1076 740 sancto
1097 714 1171 740 Patri
1199 715 1337 747 Nestorio,
1365 716 1504 750 episcopo,
1533 716 1723 743 Thcodoretus
1744 715 1771 742 in

983 758 1098 785 Domino
1114 760 1239 788 salutem.

1015 804 1093 837 Quod
1115 806 1218 833 urbana
1234 814 1276 833 mc
1294 811 1466 834 conversatio
1482 811 1509 834 et
1523 806 1686 841 obsequium
1716 806 1773 840 glo-

984 850 1078 885 riaque
1091 858 1145 877 non
1161 857 1282 886 superet,
1295 860 1346 880 nec
1356 853 1472 880 excelsis
1489 852 1625 888 indigeam
1646 851 1770 881 sedibus,

983 896 1103 923 arbitror
1127 902 1201 924 tuam
1230 905 1395 933 cognoscere
1419 899 1603 926 sanctitatem.
1627 898 1695 925 Nam
1720 897 1771 924 etsi

984 942 1053 969 nihil
1072 942 1158 975 aliud,
1178 944 1272 971 saltem
1290 944 1409 972 solitudo
1422 945 1552 976 civitatis,
1569 944 1646 978 cujus
1663 943 1773 977 dispen-

984 988 1116 1016 sationem
1127 989 1221 1017 videor
1232 997 1291 1017 esse
1301 990 1425 1023 sortitus,
1435 991 1506 1018 hanc
1517 999 1559 1017 me
1572 989 1773 1024 philosophiam

984 1033 1151 1062 suﬂicientcr
1172 1037 1282 1063 edocuit
1299 1057 1305 1066 .
1326 1045 1409 1072 quam
1429 1041 1537 1064 constat
1558 1037 1592 1064 ad
1615 1035 1774 1064 solitudinis

984 1081 1136 1112 cumulum,
1151 1082 1234 1108 etiam
1248 1083 1342 1110 turbas
1361 1083 1464 1110 habere
1479 1090 1634 1114 causarum,
1653 1090 1713 1116 qum
1729 1090 1773 1109 rc—

986 1125 1093 1152 tardare
1115 1126 1248 1161 plurimos
1268 1128 1386 1161 valeant,
1406 1127 1488 1155 etiam
1502 1127 1549 1162 qui
1572 1127 1655 1154 rebus
1673 1126 1773 1153 talibus

984 1171 1067 1198 nimis
1084 1173 1232 1200 exsultant.

1019 1218 1116 1246 Nullus
1140 1219 1224 1254 igitur
1250 1223 1304 1246 tum
1331 1219 1495 1254 persuadeat
1518 1219 1669 1251 sanctitati,
1700 1218 1773 1254 quod

984 1274 1034 1302 ego
1052 1266 1151 1302 pracsul
1168 1273 1228 1293 esse
1244 1265 1416 1297 desiderans,
1435 1266 1536 1293 clausis
1552 1266 1639 1293 oculis
1666 1264 1772 1300 1357

984 1313 1059 1340 velut
1084 1316 1159 1339 recta
1185 1312 1331 1347 dogmata,
1365 1311 1489 1346 {Egyptia
1532 1311 1633 1345 scripta
1678 1317 1773 1337 susce-

984 1357 1082 1392 perim.
1099 1357 1166 1384 Nam
1181 1365 1229 1392 per
1244 1358 1330 1391 ipsam
1349 1357 1435 1384 fateor
1454 1357 1610 1388 veritatem,
1627 1355 1725 1390 sepius
1741 1362 1773 1380 ra

985 1404 1129 1430 revolvens
1155 1407 1183 1430 et
1213 1402 1360 1438 diligenter
1381 1402 1559 1434 examinans,
1585 1401 1620 1428 ab
1645 1400 1774 1427 lucretixa

984 1449 1120 1484 pravitate
1133 1449 1222 1476 libera
1240 1448 1421 1483 deprehendi,
1435 1451 1464 1475 et
1483 1447 1601 1482 aliquam
1617 1446 1670 1473 illis
1686 1447 1774 1480 impo-

145 1491 292 1525 quamdam
306 1491 346 1518 eis
366 1491 498 1518 maculam
517 1491 667 1526 imponere,
684 1495 712 1518 et
731 1495 806 1518 certe
824 1490 852 1517 in
871 1491 934 1518 odio
948 1496 970 1525 α
987 1502 1053 1521 nere
1075 1494 1210 1521 maculam
1231 1492 1388 1525 formidavi,
1412 1500 1467 1519 non
1486 1497 1578 1519 tamen
1593 1492 1668 1518 velut
1688 1491 1711 1517 is
1725 1498 1774 1524 ap-

147 1538 262 1570 habens,
281 1546 364 1573 quam
386 1538 457 1564 alius
470 1538 594 1572 quidam,
613 1542 717 1572 patrem
738 1537 856 1569 illarum,
875 1542 937 1564 tan-

147 1590 229 1617 quam
241 1587 382 1609 auctorem
392 1583 560 1609 tumultuum
573 1582 750 1614 exsistcntem
759 1582 835 1609 orbis
848 1586 936 1608 terra—

149 1634 209 1653 rum
224 1635 230 1652 :
245 1631 273 1654 et
291 1634 371 1661 spero
387 1626 477 1653 nullas
491 1633 586 1660 pmnas
599 1625 738 1652 sustinere
754 1625 837 1659 hujus
850 1623 937 1659 gratia

149 1673 175 1699 in
187 1671 349 1707 diejudicii,
361 1672 491 1706 quoniam
501 1670 681 1706 justusjudex
699 1670 878 1698 intentionem
891 1677 938 1696 cx—

148 1717 244 1751 quirit.

183 1763 231 1790 llis
249 1771 315 1790 vero
331 1771 392 1797 qua:
403 1762 538 1789 adversus
551 1766 625 1789 tuam
645 1755 817 1794 sanctitatem
838 1761 938 1795 injuste

149 1814 176 1836 et
199 1815 293 1837 contra
314 1810 389 1844 leges
413 1809 484 1836 facta
510 1813 584 1841 sunt,
611 1816 663 1836 nec
684 1807 707 1834 si
722 1801 815 1834 ambas
842 1815 938 1834 manus

150 1865 224 1884 meas
238 1857 339 1891 aliquis
354 1857 458 1886 incidet
482 1856 549 1890 (59),
562 1855 649 1889 patiar
661 1854 831 1886 consentire,
846 1854 938 1881 divina

151 1902 277 1929 videlicet
291 1902 378 1936 gratia
398 1909 441 1928 me
463 1901 619 1936 adiuvante,
634 1905 661 1927 et
676 1900 863 1927 inﬁrmitatem
881 1900 939 1926 ani—

151 1955 201 1974 ma:
215 1951 406 1981 supportantc.

185 1994 218 2020 Et
235 1993 289 2028 (50)
303 1993 355 2020 hoc
368 1993 450 2020 etiam
465 1996 571 2020 certum
581 1992 754 2027 exigentibus
767 2000 817 2027 per
834 1991 940 2019 litteras

150 2038 212 2065 feci.
230 2038 322 2065 Direxi
335 2046 401 2065 vero
423 2039 506 2065 etiam
523 2043 576 2065 tua:
589 2038 738 2069 sanctitati,
758 2046 819 2073 quae
836 2038 939 2065 rescri-

151 2084 256 2118 psimus
267 2083 300 2110 ad
315 2092 348 2110 ea
362 2092 423 2118 qum
435 2084 545 2118 scripsit
557 2083 646 2116 nobis,
660 2087 690 2110 ut
699 2088 855 2118 cognoscat,
867 2083 940 2118 quod

152 2129 257 2155 nullum
270 2137 319 2156 nos
338 2133 455 2163 tempus,
471 2132 583 2163 propter
601 2128 656 2164 (41)
673 2129 793 2156 divinam
808 2129 938 2156 virtutem

987 1539 1131 1574 probetur,
1158 1539 1205 1574 qui
1229 1539 1278 1565 toti
1306 1538 1409 1565 mundo
1429 1546 1512 1565 causa
1536 1536 1750 1572 perturbationis
1767 1537 1774 1546 '

987 1585 1123 1612 exstiterit
1139 1584 1206 1619 (Μ),
1220 1588 1248 1611 ct
1261 1591 1340 1618 spem
1358 1591 1400 1610 me
1421 1591 1468 1618 pro
1488 1583 1540 1610 hac
1558 1590 1588 1610 re
1606 1582 1689 1610 nullis
1706 1582 1775 1609 deli-

987 1632 1040 1659 ctis
1055 1632 1081 1658 in
1097 1631 1250 1666 dicjudicii
1270 1630 1422 1665 subiacere,
1437 1630 1500 1664 quia
1522 1629 1605 1664 iudex
1618 1629 1710 1664 justus
1729 1636 1777 1655 ex—

989 1679 1078 1713 plorat
1090 1677 1262 1712 propositum
1280 1676 1461 1711 singulorum.

1025 1765 1073 1792 llis
1098 1768 1189 1791 autem
1213 1770 1275 1797 quae
1289 1766 1386 1789 contra
1410 1765 1484 1788 tuam
1508 1761 1712 1788 venerationem
1732 1759 1775 1786 in-

986 1811 1059 1846 juste
1074 1813 1155 1844 atque
1173 1809 1265 1842 inique
1278 1811 1383 1842 patrata
1396 1810 1470 1836 sunt,
1484 1813 1534 1832 nec
1553 1806 1575 1833 si
1588 1805 1656 1832 mihi
1669 1809 1774 1831 utram-

989 1851 1042 1891 que
1056 1862 1165 1882 manum
1184 1853 1246 1888 quis
1265 1852 1440 1880 abscinderct
1463 1850 1530 1886 (45),
1543 1855 1640 1884 potero
1653 1849 1776 1884 prtebcrc

989 1909 1165 1932 consensum,
1181 1899 1271 1926 divina
1293 1898 1387 1933 procul
1414 1897 1499 1924 dubio
1521 1896 1587 1923 mihi
1611 1899 1775 1930 cooperante

990 1947 1087 1983 gratia,
1099 1951 1125 1974 cl
1138 1945 1322 1973 inﬁrmitatem
1336 1943 1433 1970 anima:
1446 1942 1617 1969 sublevante.

1026 1993 1083 2020 Hoc
1099 1996 1191 2019 autem
1210 1991 1294 2017 etiam
1319 1989 1372 2021 his,
1390 1988 1435 2022 qui
1460 1988 1517 2014 lucc
1535 1986 1658 2020 exigunt,
1669 1989 1776 2013 certum

990 2038 1089 2065 litteris
1103 2037 1165 2069 feci,
1182 2040 1211 2063 et
1229 2039 1325 2063 vestrm
1338 2034 1392 2069 (46)
1409 2032 1560 2064 sanctitati,
1573 2031 1637 2067 quid
1652 2031 1717 2058 eisa
1733 2039 1775 2057 me

991 2084 1153 2118 rescriptum
1165 2082 1210 2113 sit,
1227 2080 1350 2116 exempla
1371 2079 1508 2107 transmisi
1520 2100 1527 2110 ,
1541 2082 1677 2113 quatenus
1691 2085 1775 2112 agno-

992 2128 1131 2164 scatquod
1145 2128 1250 2154 nullum
1265 2130 1372 2161 tempus
1384 2133 1435 2152 nos
1457 2133 1504 2160 per
1521 2125 1642 2151 divinam
1661 2123 1776 2158 gratiam

152 2175 278 2207 mutavit,
290 2183 341 2202 nec
358 2175 533 2209 multipedcs,
546 2175 589 2202 vcl
603 2175 811 2209 versipellioues
828 2175 936 2207 docuit,
957 2162 977 2189 θ
992 2173 1171 2202 commutabit
1189 2172 1254 2208 (47),
1275 2180 1326 2199 nec
1342 2172 1490 2207 polypodas
1501 2179 1550 2197 nec
1567 2170 1777 2197 chamaeleontis

152 2227 268 2254 quormn
289 2220 317 2247 hi
339 2220 451 2255 quidem
477 2225 578 2255 petras,
593 2220 632 2247 illi
656 2220 720 2248 l‘olia
742 2221 796 2255 (42)
818 2228 867 2255 per
882 2221 938 2256 (47))

152 2266 270 2294 colorem
287 2266 439 2293 imitantur.

183 2325 206 2341 "
219 2325 320 2359 Ephes.
332 2333 369 2352 tv.
384 2327 409 2354 5.

189 2383 245 2418 (55)
265 2383 321 2410 Etsi
345 2383 437 2410 Grzcca
459 2383 517 2410 haec
539 2382 653 2417 epistola
676 2383 768 2417 periit,
783 2382 884 2418 triplex
900 2388 939 2410 ta-

154 2417 216 2445 men
229 2418 289 2452 ejus
303 2418 493 2452 interpretatio
510 2418 657 2452 reperitur.
673 2418 763 2444 Prima
781 2417 809 2444 in
824 2418 940 2453 Synodi-

154 2460 197 2484 co,
219 2460 244 2480 c.
263 2452 323 2484 120,
339 2453 411 2487 apud
434 2453 568 2484 Mansum,
593 2457 612 2480 t.
629 2453 660 2485 V,
677 2460 704 2486 p.
717 2453 782 2484 898;
807 2452 892 2479 altera
912 2453 939 2479 in

155 2487 251 2523 synodi
271 2486 373 2522 quinta:
392 2488 538 2515 collatione
561 2488 587 2520 5,
610 2487 681 2522 apud
701 2488 838 2523 eumdem,
858 2492 877 2514 t.
893 2486 938 2523 lX,

157 2530 181 2557 p.
195 2522 258 2555 ΞΜ,
281 2523 487 2562 ειῄιιειίιυοῳιθ
500 2523 630 2562 __prior_em
659 2527 781 2562 partem.
792 2522 941 2562 Ga_rnerius

156 2562 285 2591 posuerat
305 2557 333 2584 in
359 2557 469 2585 Auetar.
500 2557 676 2589 Theodoreti,
701 2565 728 2592 p.
750 2557 795 2584 74.
820 2557 940 2592 Tertiam

156 2592 242 2619 edidit
253 2593 356 2620 Marius
367 2593 501 2620 Mercator
516 2601 532 2620 e
547 2591 707 2620 recensione
718 2591 855 2622 Garnerii,
873 2596 893 2618 t.
907 2591 940 2622 ll,

157 2635 183 2661 p.
204 2627 256 2663 272
271 2636 341 2662 seq.,
360 2631 388 2655 et
409 2628 522 2660 Baluzii,
543 2636 571 2663 p.
586 2628 637 2654 555
659 2635 716 2662 seq.
735 2626 895 2663 Secundam
915 2631 943 2653 et

157 2662 265 2700 tertiam
278 2663 334 2695 hic,
352 2668 493 2700 praeeunte
500 2662 647 2700 Gai-aerio,
662 2662 814 2700 posuimus,
832 2662 942 2695 utrique

157 2697 344 2725 diversitatem
360 2699 484 2725 lectionis
499 2698 526 2725 in
540 2698 685 2724 Baluziana
703 2697 824 2724 editione
836 2700 863 2724 et
875 2703 938 2724 con-

157 2731 281 2767 ciliorum
297 2738 326 2760 et
343 2733 420 2760 Marii
433 2733 592 2761 Mercatoris
604 2733 773 2767 adiicientes.

205 2768 249 2803 56)
270 2768 345 2803 Hanc
361 2768 439 2795 abest.
455 2768 568 2795 aParis.
585 2768 657 2803 apud
674 2768 826 2794 Baluzium.

204 2802 249 2837 37)
270 2802 434 2839 Conhibendo
449 2807 516 2830 vett.
535 2802 657 2839 libri’ap.
682 2803 774 2831 Baluz.
795 2802 841 2838 qui
855 2802 938 2829 inter-

158 2842 281 2872 pretatur
295 2847 301 2865 :
318 2838 499 2866 connivendo.

992 2220 1119 2248 ostendet
1129 2218 1216 2253 :quod
1228 2218 1266 2244 illi
1281 2217 1392 2252 quidem
1402 2223 1501 2251 petras,
1512 2217 1540 2244 hi
1552 2225 1579 2243 Vt
1586 2224 1615 2242 ro
1625 2215 1690 2242 folia
1701 2215 1777 2250 juxta

994 2268 1098 2295 colores
1110 2264 1237 2300 propri0s
1258 2263 1412 2290 imitentur.

1029 2382 1084 2416 (38)
1103 2382 1225 2408 [libratos
1238 2379 1324 2416 Paris.
1339 2386 1384 2412 ap.
1398 2377 1499 2416 Baluz.‘

1040 2411 1084 2445 59)
1104 2416 1231 2443 lncideret
1247 2411 1425 2441 rectius’vett.
1439 2411 1500 2438 libri
1516 2419 1560 2445 ap.
1579 2411 1671 2439 Batus.

1043 2448 1085 2479 l0.)
1107 2451 1140 2478 Et
1154 2451 1231 2477 abest
1242 2457 1256 2476 a
1271 2449 1357 2476 Paris.
1371 2448 1463 2474 Baluz.

1043 2453 1074 2479 etO
1107 2453 1140 2478 Et
1154 2453 1231 2477 abest
1242 2457 1256 2476 a
1271 2453 1302 2476 Pa

1041 2453 1085 2520 Ml
1104 2486 1203 2512 Prmler
1220 2485 1302 2520 idemj

1040 2522 1083 2549 42)
1107 2521 1170 2547 Vero
1189 2520 1265 2547 addit
1278 2519 1360 2545 idem.

1040 2522 1073 2549 42
1107 2522 1170 2547 Vero
1189 2522 1265 2547 addit
1278 2522 1360 2545 idem.

1040 2522 1083 2592 43;
1104 2555 1156 2592 Pro
1171 2555 1252 2582 idem.
1367 2587 1373 2592 _
1532 2584 1538 2592 Ι
1608 2584 1618 2592 1
1677 2583 1700 2592 U
1722 2581 1765 2592 Η.

1040 2558 1083 2592 45)
1104 2558 1156 2582 Pro
1171 2558 1252 2582 idem.
1677 2583 1683 2589 θ
1740 2585 1742 2587 ἱ
1760 2583 1765 2588 _

1029 2558 1084 2627 (44)
1104 2590 1163 2618 Alio
1183 2597 1262 2627 quam
1288 2587 1339 2627 illis
1365 2587 1429 2622 imp.
1451 2584 1582 2627 chulam
1606 2581 1776 2627 [ονζῃμᾴιιρίςςν

994 2619 1165 2689 ἓρρνοἷιειαν,
1184 2619 1254 2652 celat
1272 2623 1316 2658 qui
1336 2627 1388 2649 toto
1403 2619 1505 2648 'muudo
1525 2628 1547 2646 ε.
1566 2628 1583 2655 ρ
1606 2626 1629 2646 c.
1651 2619 1697 2646 Sic
1711 2619 1764 2644 edit

1016 2663 1086 2689 aluz.

1016 2670 1086 2690 atuz.

1020 2697 1089 2731 “5)
1110 2695 1253 2731 Abscidcrit
1270 2693 1300 2720 Β.

1042 2729 1087 2759 46)
1108 2731 1170 2757 Tum
1185 2729 1214 2756 Β.

1042 2733 1075 2759 46
1108 2733 1170 2757 Tum
1185 2733 1214 2756 Β.

1019 2733 1087 2804 lui
1107 2764 1284 2794 Commutavit
1299 2779 1333 2784 —
1352 2762 1473 2790 ostendit.
1488 2759 1519 2789 Β.
