1945 3058
153 162 218 202 tisi

463 171 707 201 THEODORETI
726 170 894 201 EPISCOPI
915 168 1098 198 CYRENSIS
1118 167 1297 198 EPISTULA
1316 167 1468 197 CLXXXI.

1714 163 1726 194 1
1734 162 1784 194 i932

152 224 322 252 contristavit
341 231 406 251 vero
432 223 544 250 forsitan
571 228 710 257 mortuos;
734 229 763 251 et
788 224 869 250 timor
884 227 936 253 est,
955 226 974 251 Α
991 225 1041 248 ista
1071 229 1131 255 qua:
1158 221 1361 256 divulgantur:
1383 219 1513 255 quoniam
1542 226 1609 245 vero
1632 217 1686 245 vidi
1713 218 1781 251 sola,

152 279 187 298 nc
207 271 365 306 praegravati
389 271 448 305 ejus
472 270 691 302 conversatione,
714 270 812 297 iterum
836 269 869 296 ad
889 277 940 296 nos

153 316 306 347 remittant,
326 315 367 342 vel
388 315 449 342 illos
465 314 607 350 diffugiat,
633 315 679 350 qui
704 323 767 342 eum
789 315 938 348 abducunt,

153 361 224 388 sicut
234 361 278 388 ille
294 365 424 396 tyrannus
436 360 543 395 Cynisci
556 360 668 387 Luciani
684 360 752 395 (77).

193 416 400 444 Procurandum
418 415 502 450 igitur
515 420 567 448 est,
584 420 611 443 et
628 419 738 450 oportet
752 420 826 442 tuam
840 414 942 442 sancti-

156 465 238 488 tatem
256 460 373 488 maxime
394 461 466 487 hanc
486 461 625 494 suscipere
642 459 838 490 festinantiam,
854 463 883 485 et
896 460 942 494 ju-

156 505 220 531 bere
243 505 358 540 collegio
375 508 498 531 mortuos
521 504 730 538 asportantium,
754 503 873 538 lapidem
892 503 942 530 ali-

154 557 235 583 quem
260 549 407 575 maximum
434 553 462 575 ct
486 548 676 583 gravissimum
701 549 827 583 sepulcro
854 548 942 582 impo-

155 602 231 627 nere,
253 602 287 621 ne
307 594 407 621 iterum
423 595 476 622 huc
498 594 638 629 perveniat
657 595 723 630 (78),
742 598 770 622 et
786 594 942 621 instabilem

154 640 323 667 voluntatem
340 640 441 667 iterum
455 640 636 667 demonstret.

190 695 309 723 Infernis
329 704 399 723 nova
416 696 542 731 dogmata
553 696 660 728 afferat,
678 695 715 722 ibi
728 695 776 722 diu
792 700 941 730 noctuque,

156 741 227 767 sicut
241 742 308 773 vult,
320 741 530 768 sermocinetur.
549 742 608 768 Non
621 741 695 768 enim
713 741 851 774 timemus,
869 750 904 768 ne
916 745 944 769 et

157 785 217 812 illos
231 785 473 813 dividatadversus
483 785 611 820 pietatem
624 786 728 820 1353
744 785 852 820 publice
877 786 944 813 allo-

157 838 253 864 quens,
266 835 294 858 et
309 835 396 857 morte
416 830 591 857 circumdans
602 835 728 857 naturain
745 831 941 858 iunnortalem.

157 875 329 911 Lapidabunt
337 877 411 903 enim
420 883 494 908 eum,
504 883 557 903 non
568 876 655 903 soluat
666 876 714 911 qui
723 875 817 903 divina
829 876 943 904 scientia

157 921 259 948 eruditi
277 927 351 952 sunt.
371 922 417 949 scd
431 922 514 950 etiam
533 926 561 950 et
574 923 704 955 Nemrod,
726 927 754 949 et
779 923 896 953 Pharao,
917 927 945 950 et

158 967 356 999 Scnnachcrib,
373 972 401 994 et
419 967 440 994 si
454 967 517 1002 quis
533 976 630 996 eorum
652 967 750 996 similis
767 973 809 995 est
827 969 873 996 Dei
892 969 944 995 im-

158 1017 303 1046 pugnator.

195 1067 248 1094 Sed
267 1068 342 1095 enim
367 1068 426 1095 sine
452 1076 534 1096 causa
557 1069 643 1095 multa
670 1069 767 1103 loquar
784 1070 857 1104 (79};
882 1070 945 1099 silet

159 1113 231 1139 enim
255 1112 338 1140 miser
351 1113 462 1140 invitus.
485 1123 494 1138 ι
515 1113 676 1148 Egredietur
685 1114 769 1146 enim,
788 1115 854 1142 dicit
869 1115 945 1142 Scri-

159 1161 242 1191 ptura
263 1157 329 1192 (80),
354 1157 466 1192 spiritus
483 1150 553 1192 ejus,
578 1162 606 1185 et
632 1164 787 1186 revertetur
809 1160 836 1186 iu
853 1160 945 1194 pulve-

159 1210 216 1229 rem
236 1205 244 1211 '
259 1210 351 1235 suum,
368 1203 396 1229 in
416 1203 463 1229 illo
477 1203 521 1230 die
539 1204 669 1238 peribunt
689 1212 785 1231 omnes
801 1205 945 1240 cogitatio-

158 1256 208 1275 nes
220 1249 253 1275 “.
270 1258 278 1274 ι
291 1249 345 1276 Iste
365 1256 434 1276 vero
445 1253 474 1276 et
487 1249 562 1276 aliud
578 1249 661 1276 habet
674 1250 825 1277 silentium.
839 1250 945 1277 Nudata

158 1294 232 1320 enim
260 1294 333 1321 illius
354 1294 425 1321 facta
446 1294 559 1329 alligant
582 1294 722 1330 linguam,
741 1295 890 1322 obstruunt
903 1303 944 1328 os,

159 1339 267 1366 frenant
285 1347 406 1373 sensum,
427 1340 508 1368 silere
522 1340 636 1372 faciunt,
650 1341 679 1368 in
696 1345 797 1368 terram
815 1341 953 1369 inclinare.

159 1388 269 1419 cogunt.

192 1430 256 1458 Ideo
272 1431 369 1467 plango
386 1432 517 1460 miserum
537 1437 566 1460 et
578 1434 675 1468 ploro:
693 1440 744 1461 nec
762 1433 835 1460 enim
851 1441 946 1468 puram

159 1476 227 1504 mihi
240 1476 449 1506 delectationem
468 1479 534 1506 fecit
551 1480 650 1507 mortis
661 1480 722 1515 ejus
734 1480 882 1512 nuntiatio,
898 1479 946 1506 sed

157 1521 255 1550 dolore
270 1523 438 1557 permistam.
457 1524 547 1551 Laetor
568 1525 642 1552 enim
656 1529 684 1551 et
707 1525 858 1560 jucundor,
874 1525 948 1559 ejus-

162 1568 233 1595 modi
249 1569 404 1603 pestilentia
419 1578 564 1597 commune
588 1571 716 1598 Ecclesia:
736 1571 946 1598 videnslibera-
961 1581 982 1609 ο
998 1571 1138 1599 Christum
1157 1571 1320 1603 dividimus;
1341 1575 1383 1598 est
1397 1571 1470 1598 enim
1492 1571 1590 1598 unicus

163 1618 236 1646 tum;
263 1614 412 1642 contristor
435 1623 500 1642 vero
520 1619 547 1642 et
562 1616 640 1650 ploro
660 1616 795 1651 cogitans,
808 1616 881 1652 quod
896 1624 947 1645 nec

161 1659 286 1694 requiem
306 1661 439 1688 malorum
459 1661 626 1689 miserabilis
646 1663 809 1697 susceperit,
828 1663 875 1690 sed
893 1672 945 1690 ma-

157 1705 218 1740 jora
229 1710 258 1733 et
272 1707 366 1741 pejora
382 1711 553 1741 pertentans,
568 1707 716 1735 defunctus
728 1712 780 1735 est.
795 1708 949 1736 Somniavit

159 1751 244 1783 enim,
258 1751 329 1779 sicut
345 1752 451 1785 dicunt,
464 1757 492 1779 et
510 1753 612 1788 regiam
623 1753 719 1780 urbem
734 1754 907 1788 perturbare,
921 1759 949 1781 et

159 1799 214 1834 piis
228 1799 328 1827 iterum
346 1799 521 1834 dogmatibus
530 1808 693 1835 repugnare,
712 1805 740 1828 et
759 1805 832 1828 tuam
849 1802 950 1829 sancti-

161 1849 244 1871 tatem
258 1852 399 1875 accusare.
413 1849 506 1880 utpote
520 1853 551 1872 ea
562 1845 709 1882 colentem.
721 1845 775 1873 Sed
787 1845 855 1873 vidit
865 1846 948 1879 Deus,

159 1895 188 1917 ct
205 1899 261 1918 non
276 1891 401 1926 despexit
424 1891 492 1927 (81).
513 1901 522 1917 ‹
549 1892 666 1920 Immisit
688 1900 755 1920 vero
772 1893 854 1928 φιμδν
873 1894 900 1920 in
918 1900 949 1920 os

159 1935 237 1970 ejus,
262 1940 291 1963 et
305 1936 413 1964 frenum
438 1937 466 1964 in
490 1937 562 1964 labia
588 1938 659 1972 ejus,
678 1943 707 1965 et
725 1938 826 1966 avertit
843 1947 906 1965 eum
921 1939 949 1966 in

160 1986 264 2009 terram
278 1981 345 2018 (82),
358 1990 391 2010 ex
403 1991 457 2017 qua
465 1988 591 2018 sumptus
604 1984 684 2011 est‘.»
697 1984 757 2011 Fiat
768 1992 835 2012 vero
848 1985 951 2012 oralio-

161 2027 244 2055 nibus
260 2032 313 2055 tua:
334 2028 505 2061 sanctitatis,
519 2033 550 2055 ut
565 2029 780 2057 misericordiam
796 2034 823 2057 et
840 2031 948 2057 veniam

160 2079 356 2108 consequatur,
367 2078 395 2102 et
402 2074 494 2102 vincat
506 2075 639 2102 immensa
655 2075 703 2102 Dei
715 2076 860 2103 clementia
875 2076 951 2104 illius

162 2119 373 2154 malignitatem.

199 2164 273 2199 Rogo
288 2172 352 2192 vero
366 2169 439 2192 tuam
457 2165 641 2198 sanctitatem,
667 2166 773 2194 solvere
797 2167 876 2194 nobis
893 2169 951 2195 ani-

162 2217 213 2236 ma:
244 2209 377 2236 tumultus
399 2218 406 2236 :
431 2209 555 2244 plurima:
580 2210 654 2237 enim
679 2214 707 2237 et
731 2211 846 2238 diversa:
871 2211 951 2239 fatum

161 2255 373 2287 circumsonant,
397 2259 425 2282 et
442 2263 492 2282 nos
508 2256 680 2289 perturbant,
696 2264 858 2285 communes
877 2258 949 2285 cala-

161 2300 271 2327 mitates
284 2300 488 2327 annuntiantes.
510 2300 627 2333 Quidam
642 2309 709 2328 vero
725 2306 799 2328 luam
816 2311 948 2330 reveren~

163 2347 229 2374 tiam
251 2346 388 2381 proficisci
410 2347 506 2374 dicunt
531 2347 565 2374 ad
590 2348 761 2380 comitatum,
778 2348 838 2376 sine
850 2350 948 2377 volun-

163 2396 228 2425 tate,
243 2396 271 2419 et
282 2399 369 2427 usque
382 2399 456 2419 nunc
472 2392 656 2427 despiciebam
673 2393 741 2429 (85),
757 2398 852 2430 utpote
868 2395 946 2428 falsa,

193 2483 217 2500 ν’
231 2483 303 2511 Psal.
316 2492 392 2517 cxtv,
405 2484 431 2512 5.
472 2485 480 2500 ί
497 2485 548 2513 lsa.
563 2493 663 2513 xxxvn.
679 2485 726 2513 24.
761 2487 771 2502 ’
784 2486 836 2520 lsa,
853 2495 871 2519 ι,
887 2487 912 2514 9.

199 2561 255 2598 (77)
274 2563 314 2590 Ita
326 2563 545 2598 legendum.esse
557 2563 614 2598 jam
629 2563 720 2598 plures
733 2563 947 2596 admonuerunt,

165 2605 227 2624 cum
246 2597 314 2625 alias
334 2597 365 2624 in
388 2598 467 2625 libris
483 2597 609 2626 vcttfsit
625 2597 636 2625 ἱ
651 2598 717 2633 Cyni
741 2598 864 2626 Ciliciam
891 2599 950 2626 sine

164 2639 258 2668 sensu,
282 2633 394 2668 propius
413 2633 455 2668 ad,
463 2633 606 2660 veritatem
623 2634 648 2660 in
666 2633 728 2661 aliis
745 2642 752 2660 ι
771 2633 951 2668 Cynicililiaui

165 2667 185 2694 f.
198 2667 397 2703 cauliculutiani.
418 2667 458 2695 Ad
478 2668 588 2695 Luciani
607 2668 746 2703 dialogum
766 2667 887 2703 respicit,
904 2668 951 2703 qui

165 2676 185 2694 ι.
198 2676 397 2694 ειιηιειιιιιιιαηι.
418 2676 458 2695 Λα
478 2676 588 2695 Lucium
607 2676 679 2695 malo
700 2676 746 2695 um
766 2676 887 2703 respicit,
904 2676 951 2703 qui

164 2705 208 2728 est
224 2702 295 2728 inter
313 2702 434 2737 dialogos
457 2707 626 2730 mortuorum
649 2676 700 2730 sui
724 2703 835 2730 nomine
859 2703 953 2730 Κατά-

158 2737 253 2773 .'.-.)._o_u;_
263 2736 284 2773 ἢ
297 2736 444 2773 Τύρανῖιος,
457 2738 505 2765 ubi
520 2738 543 2772 (ᾗ
555 2739 581 2769 7,
595 2742 614 2765 t.
630 2738 650 2769 l,
662 2747 690 2773 p.
703 2737 765 2769 628,
777 2738 844 2765 edit.
860 2738 948 2765 Reitz.

167 2770 365 2808 coll.§9,_iO)
395 2773 501 2800 inducit
525 2770 671 2808 Cyniscuni
700 2773 892 2808 admonentem
920 2778 950 2799 ut

168 2805 373 2842 Megapenthem
402 2805 554 2842 tyrannum'
574 2808 705 2841 vinciant,
727 2815 762 2835 ne
782 2807 815 2834 ad
838 2815 952 2842 superos

170 2839 291 2872 aufugiat
301 2848 334 2866 ex
346 2839 420 2868 orco:

206 2873 261 2908 (78)
282 2874 430 2902 Perreniret
450 2880 551 2905 ctmox
570 2878 760 2905 deinonstraret
777 2877 860 2905 Mans.

991 266 1142 300 cadentque
1155 273 1249 293 oumes
1264 266 1397 296 dicent-:5,
1417 265 1603 292 necessarium
1616 264 1782 296 existimavi,

991 311 1134 338 veritatem
1149 319 1164 338 a
1181 316 1226 338 tua
1239 311 1345 338 discere
1362 311 1505 338 sanctitate
1517 319 1523 336 :
1535 315 1564 336 ut
1576 310 1616 336 vel
1633 309 1782 342 rideamus,

993 361 1086 392 utpote
1100 357 1176 389 falsa,
1193 361 1240 384 aut
1253 361 1283 384 ut
1295 365 1369 389 vera,
1387 357 1485 384 merito
1498 356 1650 392 lugeamus.

992 427 1133 455 CLXXXI.
1161 442 1197 447 —
1227 427 1350 462 Epistola
1381 427 1416 453 ad
1449 427 1599 454 Abuudium
1629 425 1783 454 Comensem

1273 463 1422 497 episcopatu
1443 462 1510 497 (84).

1029 528 1145 554 Domino
1169 535 1231 554 vere
1256 527 1366 554 amabili
1393 532 1475 562 atque
1504 527 1680 555 sanctissimo
1705 527 1783 554 fratri

993 573 1132 605 Abuudio,
1146 574 1336 601 Theodoretus
1350 574 1377 600 in
1390 573 1506 600 Domino
1521 573 1648 600 salutem.

1029 619 1168 653 Comperi,
1183 619 1255 653 quod
1271 623 1362 646 vestra
1387 618 1484 653 religio
1504 626 1597 645 veram
1612 622 1639 645 et
1654 618 1785 653 apostoli-

994 671 1052 691 cam
1067 664 1147 691 lidem
1166 663 1210 698 pia
1224 669 1316 690 mente
1329 667 1490 693 conservet:
1511 667 1539 690 et
1556 664 1658 697 gratias
1671 664 1712 697 egi
1726 663 1784 690 Deo

993 709 1185 744 omnipotenti,
1206 709 1279 744 quod
1296 709 1391 743 religio
1406 729 1413 740 ,
1429 716 1490 743 quae.
1504 709 1722 743 periclitabatur,
1737 717 1783 736 re-

995 759 1095 782 novata
1117 760 1164 782 est
1181 763 1231 790 per
1251 755 1425 782 sanctitatem
1441 759 1559 781 vestram
1572 773 1580 787 ,
1605 758 1632 780 et
1657 754 1732 781 venit
1755 753 1784 781 in

994 801 1094 828 lucem.

1030 847 1065 874 Et
1081 847 1152 874 sicut
1171 846 1274 873 dudum
1290 846 1316 872 in
1335 845 1440 872 diluvio
1453 844 1555 872 factum
1569 849 1622 877 est,
1641 849 1671 872 ut
1688 845 1720 872 ad
1738 852 1783 872 sc-

995 899 1056 919 men
1074 892 1183 927 generis
1202 891 1326 922 humani,
1345 890 1402 918 Noe
1421 894 1448 917 et
1465 889 1514 916 filii
1528 890 1588 924 ejus
1610 889 1699 916 relicti
1716 889 1783 920 sint,

999 936 1105 972 1364
1126 937 1163 963 ita
1182 937 1210 963 in
1234 936 1362 971 pnesenti
1393 935 1696 962 occidentales.Patrcs
1719 939 1785 961 sunt

996 982 1140 1014 reservati,
1161 986 1192 1009 ut
1211 990 1245 1009 ex
1265 981 1299 1008 iis
1324 981 1406 1010 etiam
1432 981 1582 1008 orientales
1605 985 1785 1007 sacrosancta:

995 1029 1124 1056 Ecclesiae
1149 1035 1242 1055 veram
1264 1027 1421 1054 custodiant
1445 1026 1618 1061 religionem,
1637 1034 1718 1061 quam
1739 1035 1786 1053 va-

995 1079 1068 1100 stare
1088 1074 1144 1108 jam
1168 1078 1196 1100 et
1217 1072 1353 1100 devorare
1376 1072 1486 1107 penitus
1508 1072 1640 1107 sacrilega
1666 1076 1693 1098 et
1716 1078 1785 1098 nova

996 1121 1109 1149 liwresis
1123 1120 1255 1148 tentabat.
1275 1120 1347 1154 Ergo
1369 1118 1425 1155 (85)
1449 1123 1605 1152 opportune
1626 1118 1679 1145 dici
1695 1123 1786 1152 potest

996 1176 1049 1194 vox
1060 1168 1106 1194 illa
1122 1167 1282 1202 prophetica
1297 1175 1303 1192 :
1322 1176 1330 1191 ι
1345 1166 1403 1193 Nisi
1416 1167 1548 1193 Dominus
1560 1166 1678 1193 Sabaoth
1692 1174 1785 1194 semen

996 1213 1076 1240 nobis
1093 1213 1258 1247 reliquisset,
1278 1212 1382 1239 similes
1401 1211 1464 1238 facti
1482 1220 1605 1239 essemus
1617 1233 1623 1244 ,
1646 1212 1785 1246 quomodo

997 1257 1113 1284 Sodoma
1138 1260 1166 1283 et
1185 1256 1376 1288 Gomorrha’;
1397 1266 1406 1280 ι
1426 1256 1495 1282 adeo
1517 1256 1606 1286 nobis,
1633 1256 1710 1290 quasi
1734 1257 1785 1283 aii-

996 1302 1068 1337 quod
1090 1302 1234 1334 diluvium,
1255 1306 1283 1328 et
1295 1301 1397 1328 bellum
1415 1301 1507 1328 evenit
1526 1301 1565 1328 ira
1580 1301 1627 1328 Dei
1651 1309 1685 1328 ex
1703 1301 1786 1337 impia

997 1347 1105 1375 haeresi.

1032 1393 1110 1420 Nunc
1126 1400 1193 1419 vero
1215 1392 1364 1419 Salvatoris
1378 1391 1464 1418 nostri
1481 1392 1510 1419 in
1528 1400 1644 1427 corpore
1667 1392 1787 1420 humano

996 1437 1181 1472 praesentiam.
1197 1441 1226 1464 et
1240 1444 1325 1464 unum
1341 1436 1440 1464 Filium
1454 1436 1512 1467 Dei,
1525 1441 1553 1463 et
1567 1436 1716 1471 perfectam
1729 1437 1788 1471 ejus

997 1483 1138 1514 deitatem,
1150 1486 1178 1509 et
1190 1481 1338 1516 perfectam
1352 1481 1550 1508 humanitatem
1565 1481 1739 1513 confitemur,
1761 1485 1790 1508 et

999 1537 1052 1556 non
1068 1528 1096 1555 in
1113 1527 1182 1554 duos
1197 1527 1268 1554 filios
1289 1534 1373 1554 unum
1393 1526 1539 1553 Dominum
1554 1531 1679 1554 nostrum
1696 1527 1789 1554 Jcsum

1615 1581 1621 1598 :
1642 1572 1689 1598 sed
1712 1571 1790 1599 diffe-

1000 1617 1117 1645 rentiam
1139 1617 1187 1645 Dei
1211 1621 1240 1644 et
1261 1616 1381 1644 hominis
1411 1617 1612 1651 cognoscimus,
1636 1621 1664 1644 et
1687 1618 1791 1644 scimus

999 1664 1072 1699 quod
1089 1664 1206 1691 alterum
1223 1672 1256 1691 ex
1271 1663 1350 1690 Patre
1363 1666 1415 1695 est,
1428 1663 1545 1690 alterum
1560 1670 1593 1689 ex
1613 1664 1718 1689 semine
1736 1663 1789 1690 Da-

997 1709 1042 1736 vid
1055 1712 1082 1735 et
1093 1709 1242 1740 Abraham,
1254 1709 1331 1743 juxta
1346 1708 1454 1736 divinas
1476 1708 1642 1743 Scripturas,
1660 1708 1789 1743 quodque

998 1754 1092 1782 divina
1105 1754 1216 1789 quidem
1232 1759 1330 1781 natura
1345 1755 1405 1782 sine
1419 1754 1547 1788 passione
1561 1758 1613 1785 est,
1626 1762 1726 1790 corpus
1738 1763 1788 1782 au-

999 1805 1054 1827 tem
1078 1805 1142 1828 ante
1167 1800 1278 1835 quidem
1299 1805 1359 1827 erat
1382 1801 1410 1827 in
1426 1800 1565 1834 passione,
1591 1809 1664 1827 nunc
1685 1809 1751 1828 vero
1762 1806 1791 1828 ct

999 1845 1089 1881 ipsum
1118 1846 1239 1873 alienum
1267 1850 1308 1872 est
1332 1853 1348 1872 a
1376 1845 1501 1879 passione
1524 1853 1531 1872 :
1555 1852 1617 1871 nam
1647 1850 1789 1879 postquam

999 1891 1131 1923 surrexit,
1147 1891 1182 1918 ab
1197 1892 1272 1918 omni
1286 1891 1412 1926 passione
1430 1894 1537 1917 constat
1548 1898 1608 1917 esse
1633 1890 1789 1918 liberatum.

1038 1936 1101 1964 Haec
1118 1944 1152 1963 ex
1167 1936 1269 1963 litteris
1288 1935 1454 1964 sanctissimi
1474 1943 1506 1962 ac
1529 1935 1726 1970 religiosissimi
1743 1943 1791 1962 ar—

999 1983 1166 2017 chiepiscopi
1188 1982 1294 2009 domini
1307 1982 1393 2009 nostri
1413 1981 1513 2008 Leonis
1532 1980 1690 2008 didicimus.
1714 1981 1790 2016 Legi-

1000 2037 1062 2056 mus
1077 2029 1233 2063 enimqua:
1252 2029 1287 2056 ad
1307 2032 1408 2055 sancta:
1422 2032 1450 2055 et
1472 2027 1558 2053 beatae
1579 2027 1716 2053 memoria?
1729 2027 1790 2054 Fla-

999 2075 1112 2102 vianum
1130 2074 1250 2109 scripsit,
1270 2078 1298 2101 et
1311 2073 1413 2108 gratias
1435 2073 1541 2107 egimus
1559 2071 1675 2098 Domino
1695 2077 1790 2100 nostra

1000 2120 1200 2148 humanissimo
1215 2120 1282 2152 Deo,
1298 2119 1370 2154 quod
1386 2119 1548 2146 advocatum
1561 2121 1589 2144 ct
1603 2122 1792 2153 propugnato—

1000 2174 1058 2194 rem
1071 2166 1194 2193 veritatis
1212 2165 1378 2192 invenimus.

1037 2212 1084 2239 llis
1099 2216 1126 2239 et
1140 2219 1190 2247 ego
1202 2211 1302 2238 litteris
1312 2211 1450 2242 consensi,
1465 2214 1493 2237 et
1509 2210 1575 2237 huic
1590 2210 1712 2245 epistolae
1725 2217 1792 2237 mea:

968 2254 987 2280 υ
1001 2258 1157 2292 exemplum
1174 2264 1270 2284 earum
1287 2255 1412 2290 copulavi
1426 2275 1432 2288 ,
1454 2255 1498 2282 cui
1517 2255 1599 2282 etiam
1619 2254 1768 2289 subscripsi
1783 2274 1790 2286 ,

1002 2310 1030 2332 et
1048 2313 1082 2332 ex
1103 2304 1156 2331 hoc
1177 2303 1303 2338 probavi,
1327 2302 1399 2337 quod
1418 2302 1524 2337 regulas
1540 2301 1717 2337 apostolicas,
1739 2300 1792 2327 hoc

1001 2355 1053 2383 est,
1076 2357 1142 2377 vera
1155 2349 1282 2384 dogmata
1304 2356 1416 2383 sequor,
1434 2347 1571 2382 hodieque
1584 2348 1611 2374 in
1628 2347 1671 2374 his
1685 2354 1792 2381 perma-

1001 2404 1065 2429 neo,
1083 2399 1111 2423 et
1130 2395 1193 2423 ideo
1208 2394 1312 2423 bellum
1326 2393 1425 2429 patior.

1037 2564 1092 2600 (79)
1113 2564 1217 2600 Loquor
1231 2564 1295 2600 libri
1310 2567 1376 2591 vett.
1386 2563 1467 2600 apud
1481 2562 1576 2589 Baluz.

1036 2598 1091 2634 (80)
1112 2598 1250 2635 Scriptura
1268 2599 1347 2626 abest
1359 2607 1374 2626 a
1386 2598 1471 2625 litans.

1040 2634 1097 2670 (8i)
1119 2634 1193 2670 Videt
1208 2634 1295 2670 Mans.

1050 2669 1094 2703 82)
1115 2669 1197 2696 1erra
1211 2669 1299 2696 Mans.

1050 2699 1094 2739 83)
1112 2703 1174 2731 Sine
1193 2704 1329 2731 uoluntate
1351 2704 1406 2738 ejus
1433 2709 1493 2738 qua:
1518 2710 1586 2728 nunc
1606 2699 1794 2736 despiciebat”.

1006 2739 1092 2767 Paris.
1106 2739 1179 2773 apud
1192 2739 1285 2766 Baluz.

1043 2774 1102 2810 (84),
1119 2769 1194 2810 lianc
1210 2774 1351 2810 epistolam
1370 2771 1496 2810 primus,
1521 2771 1593 2810 quod
1619 2771 1686 2802 seio,
1706 2769 1790 2797 edidit

1008 2806 1139 2836 Bai-anius
1154 2806 1254 2835 Aumil.
1273 2809 1307 2835 ad
1321 2817 1346 2835 η.
1366 2807 1426 2839 450,
1439 2814 1465 2841 p.
1484 2815 1520 2833 in.
1535 2806 1592 2833 lii.

1043 2844 1097 2879 (83$)
1119 2843 1161 2870 Et.
1175 2843 1236 2870 Bar.
