4056 6350
498 312 573 376 l5
1568 309 1629 367 S.
1669 307 1917 366 ISIDORI
1961 306 2407 366 HISPALENSIS
2442 305 2746 366 EPISCOPI
3714 313 3775 370 Ib

503 428 832 503 praegnantis
859 435 960 484 est.
989 425 1096 482 Sed
1119 433 1175 481 et
1198 424 1301 480 hoc
1324 437 1354 478 a
1388 423 1563 493 poetis
1589 424 1745 477 metri
1769 421 2090 479 necessitate
2114 422 2171 485 Α
2197 430 2377 478 tamen
2405 436 2527 478 cum
2556 421 2875 491 adiectione,
2900 431 2961 477 ut
2981 430 3107 492 puta
3140 422 3414 479 volucrem
3439 435 3658 493 equum,
3684 438 3777 480 vo-

499 531 838 668 ";I;.mliiter
859 610 1015 663 Arma
1064 616 1119 663 et
1160 607 1284 661 tela.
1312 608 1476 662 Arma
1522 614 1648 661 sunt
1685 604 1877 673 quibus
1903 602 2094 659 defen-

498 705 710 762 dimuri
741 702 875 776 [Αι.,
915 697 1296 770 defendimus],
1350 698 1454 755 tela
1492 713 1612 769 qua:
1654 698 1916 752 mittimus
1956 696 2094 769 [Al.,

501 790 843 863 emittimus}.
890 791 1021 847 Item
1072 804 1221 845 arma
1256 789 1380 846 belli
1427 796 1580 856 sunt,
1628 798 1961 844 armamenta
1994 804 2093 843 na-

502 902 678 944 νωπι.

571 977 667 1035 4ο.
718 992 859 1033 inter
909 975 1168 1031 Alluvium
1203 984 1258 1028 et
1305 972 1605 1027 cellarium.
1656 972 1928 1028 Alluvmm
1964 986 2095 1027 con-

505 1072 741 1140 sumptio
762 1076 844 1123 est
863 1067 1102 1137 riparum
1130 1081 1197 1120 ex
1227 1063 1402 1134 aquis,
1432 1062 1721 1119 colluvium
1748 1073 1928 1118 autem
1959 1078 2093 1118 con-

505 1159 752 1233 gregatio
782 1158 1042 1223 sordium,
1075 1173 1194 1227 quae
1218 1156 1277 1211 Iit
1305 1172 1333 1209 a
1363 1154 1600 1210 ﬂuxione
1631 1156 1819 1210 multa.

579 1252 671 1309 41.
726 1252 867 1308 Inter
926 1250 1183 1321 Aquatum
1238 1256 1294 1303 et
1362 1265 1633 1318 aquosum.
1682 1248 1953 1318 Aquatam
1998 1263 2098 1320 po-

500 1346 705 1401 tionem
737 1353 884 1400 recte
932 1343 1200 1409 dicimus,
1244 1355 1505 1411 aquosum
1552 1340 1729 1395 locum
1787 1340 1878 1410 qui
1931 1356 1996 1396 ex
2043 1356 2101 1397 se

505 1451 700 1507 aquam
732 1435 929 1491 fundit.
958 1435 1033 1490 Ita
1066 1442 1123 1491 et
1163 1447 1433 1489 meracam
1481 1434 1776 1503 potionem,
1824 1449 2096 1491 merosum

508 1541 691 1588 autem
715 1532 899 1586 vinum
922 1530 1277 1600 appellamus.

574 1624 634 1694 8
649 1619 737 1674 42.
758 1620 904 1676 Inter
917 1621 1162 1693 Apricum
1182 1630 1481 1693 etopacum.
1504 1622 1756 1691 Apricum
1773 1629 2100 1677 contrarium

504 1721 803 1783 estopaco,
834 1712 985 1783 quasi
1009 1720 1254 1783 apertum
1278 1713 1440 1779 caelo,
1472 1714 1555 1769 vel
1587 1713 1687 1768 soli
1720 1714 1838 1769 sine
1862 1714 1994 1787 [Al.,
2025 1714 2101 1788 in]

2197 510 2401 568 Iucrem
2456 512 2726 584 tigridem.
2780 510 2850 567 Ut
2902 521 2987 568 est
3028 512 3157 568 illud
3207 513 3423 569 Pacuvii
3483 528 3500 567 :
3574 512 3778 570 Volucri

2197 604 2359 660 currit
2398 621 2497 659 axe
2538 605 2811 676 quadriga.
2842 604 2972 661 Nam
3005 606 3138 678 [Al.,
3169 605 3285 678 sed]
3309 615 3366 661 et
3389 606 3596 677 sagitta:
3623 606 3774 663 volu-

2201 706 2322 749 cres
2350 695 2623 764 dicuntur,
2654 694 2798 767 quod
2831 695 2912 751 bis
2952 697 3128 767 pinnae
3152 697 3289 771 [Al.,
3322 697 3533 769 pennae]
3562 698 3776 768 conglu-

2203 784 2464 840 tinantur.
2485 787 2617 843 Nam
2653 788 2770 843 sine
2798 788 3097 857 adiectione
3125 798 3329 843 tantum
3370 788 3556 844 alitem
3600 796 3771 843 sonat.

2272 877 2330 949 9
2360 877 2450 933 48.
2478 878 2617 934 Inter
2673 880 2925 954 Anguem,
2972 891 3252 953 serpentem
3296 890 3351 937 et
3395 882 3688 936 draconem.
3730 882 3783 938 In

2202 970 2340 1025 mari
2368 985 2591 1039 angues,
2626 971 2678 1025 in
2710 982 2851 1026 terra
2880 982 3182 1043 serpentes,
3202 972 3256 1027 in
3280 972 3481 1041 templo
3501 972 3781 1029 dracones.

2203 1060 2278 1117 Ut
2293 1061 2542 1133 Virgilius
2560 1078 2574 1117 :
2598 1062 2901 1134 Tranquilla
2920 1064 3126 1135 ρετξαιια
3141 1080 3369 1137 angues;
3384 1074 3439 1119 et
3456 1064 3616 1135 paulo
3634 1074 3780 1133 post;

2207 1158 2431 1230 Serpens
2460 1159 2726 1230 amplexus
2762 1168 2989 1225 uterque.
3029 1160 3159 1216 Item
3194 1180 3206 1214 :
3237 1159 3467 1216 Delubra
3495 1163 3565 1215 ad
3593 1178 3786 1216 summa

2207 1252 2483 1307 dracones.

2278 1344 2369 1401 49.
2402 1344 2548 1399 Inter
2585 1344 2812 1399 Aureum
2854 1352 2910 1399 et
2957 1351 3219 1399 auratum.
3262 1345 3497 1400 Aureum
3542 1359 3672 1399 auro
3715 1344 3788 1397 fa-

2205 1444 2385 1503 ctum,
2419 1445 2663 1491 auratum
2695 1452 2761 1491 ex
2800 1435 2905 1490 alia
2944 1436 3167 1491 materia
3204 1435 3443 1505 factum,
3496 1446 3551 1493 et
3579 1437 3789 1492 mistum

2206 1543 2346 1583 auro
2377 1529 2640 1599 aperitur.

2280 1625 2371 1680 50.
2420 1624 2562 1680 Inter
2609 1625 2867 1680 Animalia
2911 1633 2971 1681 et
3007 1625 3310 1681 animantia.
3370 1625 3633 1682 Animalia
3672 1632 3794 1682 sunt

2211 1733 2332 1789 qum
2362 1718 2562 1774 habent
2588 1718 2821 1773 animam
2846 1760 2861 1784 ,
2892 1718 3188 1773 animantia
3232 1726 3435 1772 tantum
3475 1718 3546 1772 ad
3592 1717 3796 1773 animos

506 1806 737 1861 horrore
784 1805 1015 1876 frigoris.
1058 1805 1125 1860 Et
1160 1813 1242 1861 est
1280 1808 1544 1877 apricum,
1589 1807 1739 1875 quasi
1775 1804 1908 1877 [Al.,
1958 1804 2103 1878 quia]
2138 1828 2186 1889 Β
2215 1812 2507 1881 pertinent.

504 1897 628 1954 sine
671 1896 798 1953 ﬂatu
837 1904 894 1952 et
922 1896 1140 1967 Irigore.
1184 1897 1319 1952 Hinc
1348 1907 1402 1953 et
1456 1897 1691 1952 Africam
1748 1897 1849 1951 dici
1887 1898 2100 1967 quidam

508 1990 854 2058 existimant,
882 1990 1034 2061 quasi
1065 1989 1337 2058 Apricam.
1371 1992 1441 2046 At
1470 2001 1657 2046 contra
1704 2005 1927 2059 opacum
1976 2005 2103 2045 Con~

507 2083 737 2139 densum
783 2090 891 2150 est,
962 2092 1016 2137 et
1066 2084 1375 2137 umbrosum
1410 2124 1427 2150 ,
1492 2084 1631 2137 sicut
1689 2092 1745 2137 et
1810 2095 2098 2137 ammnum.

514 2177 743 2234 Ammna
780 2186 956 2231 autem
988 2176 1129 2231 dicta
1154 2191 1218 2231 eo
1245 2176 1385 2247 quod
1424 2186 1691 2231 amentur.

577 2268 672 2323 45.
702 2267 846 2324 Inter
886 2267 1138 2322 Acerbum
1163 2277 1219 2323 et
1268 2285 1522 2323 acervum.
1554 2269 1793 2322 Acervus
1831 2280 1926 2336 per
1972 2266 2104 2320 duas

507 2377 568 2417 ub
597 2361 875 2426 scribitur,
912 2370 963 2416 et
984 2360 1248 2430 signiﬁcat
1282 2360 1498 2415 molem.
1530 2361 1768 2414 Acerbus
1791 2374 1883 2427 per
1916 2356 1944 2409 b
1966 2354 2102 2411 scri-

510 2463 639 2528 ptus
663 2454 929 2527 significat
960 2456 1324 2509 immaturum.

577 2549 672 2607 44.
722 2549 867 2605 Inter
910 2548 1073 2602 Arbos
1097 2556 1152 2603 et
1177 2548 1351 2602 arbor.
1384 2545 1857 2603 Arborinlerdum
1901 2554 1955 2600 et
1986 2543 2102 2599 sine

509 2640 713 2706 fructu,
740 2638 901 2694 arbos
927 2652 1057 2693 vero
1088 2637 1299 2692 nonnisi
1352 2637 1648 2692 fructifera.
1679 2634 1941 2691 Similiter
1969 2632 2102 2688 silva

510 2742 571 2791 et
614 2748 815 2789 neruus.
845 2731 994 2788 Silva
1026 2730 1293 2786 interdum
1316 2740 1400 2786 est
1430 2732 1725 2791 fructuosa,
1754 2744 1942 2785 nemus
1970 2742 2101 2783 vero

508 2824 730 2902 arbores
750 2821 1021 2879 mnbrosze
1048 2830 1101 2876 et
1121 2820 1465 2875 infructuosa:
1488 2820 1878 2891 intelliguntur.

563 2909 673 2992 45.
699 2935 841 2991 Inter
890 2933 1145 2990 Acerbum
1189 2942 1247 2989 et
1284 2934 1639 2987 immaturum.
1692 2931 1965 2987 Acerbum
2016 2939 2100 2986 est

498 3028 672 3099 longe
700 3042 731 3083 a
759 3028 1073 3083 maturitate
1099 3024 1356 3097 positum,
1383 3024 1729 3080 immaturum
1761 3038 1891 3079 vero
1923 3023 2105 3091 proxi-

507 3134 658 3177 ιιιιω
679 3118 993 3176 maturitati.

2281 1901 2369 1958 51.
2416 1902 2556 1957 Inter
2604 1903 2852 1958 Austrum
2880 1910 2936 1957 et
2983 1911 3203 1958 ostrum.
3250 1902 3508 1957 Austrum
3573 1911 3789 1959 ventum

2209 1994 2499 2067 significat,
2528 2006 2730 2051 ostrum
2760 2009 2889 2049 vero
2918 2009 3230 2066 purpuram.

2276 2084 2367 2141 52.
2430 2086 2571 2141 Inter
2613 2086 2806 2139 Annuit
2850 2094 2907 2141 et
2953 2086 3152 2140 abnuit.
3222 2084 3423 2141 Annuit
3479 2085 3791 2153 consentit,

2206 2178 2397 2235 abnuit
2422 2178 2668 2249 denegat.

2280 2292 2369 2347 5'».
2398 2291 2539 2347 Inter
2565 2290 2665 2347 .Es
2694 2302 2749 2347 et
2791 2308 2863 2347 es.
2903 2290 3003 2349 Es
3050 2290 3254 2348 metalli
3302 2292 3549 2360 materia,
3579 2306 3640 2348 es
3668 2304 3797 2347 vero

2208 2382 2429 2439 verbum
2460 2393 2561 2439 est.

2279 2499 2369 2554 5i.
2400 2498 2544 2552 Inter
2574 2498 2820 2551 Animum
2866 2507 2922 2554 et
2968 2500 3222 2554 animam.
3265 2498 3454 2552 Anima
3494 2496 3613 2550 sine
3642 2496 3797 2552 dill'e-

2207 2592 2377 2647 rentia
2404 2633 2419 2659 ,
2450 2593 2659 2647 animus
2690 2608 2819 2649 vero
2858 2593 3038 2647 varius
3067 2600 3151 2647 est
3184 2609 3198 2657 ;
3245 2590 3389 2660 quod
3438 2589 3620 2644 animo
3652 2590 3801 2663 sapi-

2209 2698 2351 2750 mus,
2374 2683 2553 2737 anima
2582 2698 2683 2753 qua
2716 2684 2968 2738 vivimus.

2240 2796 2370 2858 .55.
2425 2796 2568 2849 Inter
2621 2796 2702 2848 Ad
2746 2804 2802 2851 et
2846 2806 2919 2848 at.
2966 2795 3045 2851 Ad
3079 2795 3389 2868 praepositio
3433 2806 3551 2867 est,
3580 2808 3638 2855 at
3672 2814 3801 2857 vero

2210 2886 2543 2955 coniunctio.

2282 2998 2372 3055 56.
2388 3000 2741 3072 lnterAdjuro
2762 3010 2815 3057 et
2828 3001 3032 3075 abjuro.
3044 3001 3248 3073 Adiuro
3263 3019 3413 3077 rogo,
3427 3005 3620 3077 abjuro
3635 3024 3796 3079 nego.

2282 3116 2371 3172 57.
2405 3114 2551 3170 Inter
2605 3116 2757 3186 Apud
2785 3125 2840 3173 et
2861 3134 3033 3189 penes.
3062 3117 3212 3186 Quod
3240 3118 3382 3189 apud
3426 3130 3478 3175 te
3504 3128 3633 3177 tunc
3661 3122 3800 3187 dico,

581 3211 675 3270 46.
718 3212 859 3269 Inter
898 3213 1124 3267 Avenam
1159 3219 1215 3268 et
1265 3212 1530 3267 habenam.
1575 3212 1757 3267 Avena
1806 3227 1901 3282 per
1943 3227 1971 3266 υ
2008 3212 2105 3267 lit-
2137 3228 2183 3293 ρ
2213 3222 2334 3265 eum
2387 3209 2618 3280 aliquam
2654 3219 2858 3280 partem
2904 3226 3119 3266 omnem
3166 3211 3433 3281 signiﬁco.
3468 3212 3603 3267 Nam
3637 3230 3800 3283 penes

516 3317 688 3365 teram
735 3306 903 3363 herba
928 3314 1032 3363 est.
1084 3306 1303 3363 ﬂabena
1335 3320 1433 3376 per
1456 3305 1492 3357 d
1520 3304 1748 3360 litteram
1780 3305 1952 3361 lorum
2001 3314 2105 3361 est.

508 3398 762 3456 Babenas
801 3408 980 3455 autem
1023 3400 1091 3455 ab
1122 3398 1367 3454 habendo
1394 3399 1563 3454 dictas
1589 3409 1801 3471 putant,
1846 3400 1988 3470 quod
2020 3399 2104 3455 bis

511 3505 683 3563 equos
699 3490 980 3557 habemus,
999 3490 1100 3548 hoc
1120 3499 1204 3546 est
1228 3500 1494 3558 tenemus,
1516 3491 1655 3546 unde
1676 3500 1729 3547 et
1751 3490 1873 3561 equi
1904 3491 2108 3547 habiles

514 3584 680 3653 omni

586 3673 681 3730 47.
712 3675 856 3729 Inter
897 3674 1054 3730 Avem
1093 3684 1148 3729 et
1186 3676 1465 3732 volucrem.
1520 3675 1661 3731 Aves
1709 3673 1938 3730 dicimus
1988 3688 2107 3745 quae

514 3781 614 3838 per
639 3780 763 3822 aera
796 3765 1003 3823 levibus
1045 3763 1179 3838 [Al.,
1224 3765 1416 3838 levius]
1466 3765 1692 3820 volitant
1747 3764 1924 3835 pinnis
1970 3762 2106 3837 [Al.,

516 3857 732 3931 pennis]
757 3899 775 3927 ,
805 3859 1051 3913 volucres
1080 3866 1259 3913 autem
1298 3875 1402 3914 non
1452 3858 1625 3913 solum
1657 3872 1783 3913 aves
1831 3873 2107 3923 vocamus,

514 3950 614 4006 sed
668 3948 1042 4019 quadrupedes
1094 3947 1256 4002 nimia
1289 3949 1607 4018 pernicitate
1656 3958 1961 4015 currentes,
2015 3936 2108 4002 sed

585 4103 1024 4177 59._Etymolog.
1048 4102 1152 4177 lib.
1203 4115 1352 4168 xvnt,
1395 4114 1515 4170 cap.
1549 4099 1603 4154 5.
1637 4098 1793 4154 Aliud
1823 4098 2109 4155 discrimen

515 4176 656 4244 apud
691 4174 833 4230 Fest.
860 4175 989 4230 dict.
1022 4174 1201 4230 Arma.

588 4247 838 4309 —Serv.,
869 4246 935 4300 ad
967 4245 1042 4301 ill.
1075 4260 1127 4300 Ix
1159 4243 1319 4300 18m:
1356 4242 1605 4297 Telorum
1634 4241 1899 4311 e/fundere
1927 4251 2105 4297 contra

515 4334 669 4390 omne
695 4334 877 4390 genus.

590 4384 729 4443 Ibid.
769 4388 885 4442 Vat.
942 4396 1064 4458 post
1110 4386 1251 4443 hanc
1294 4385 1648 4443 diﬂ’erentiam
1693 4386 1882 4442 inserit
1916 4402 1931 4444 :
1962 4384 2112 4439 Inter

509 4476 700 4531 aquam
726 4468 776 4513 et
796 4460 1009 4531 undam,
1037 4471 1169 4531 etc.,
1199 4467 1256 4512 ut
1285 4475 1430 4513 num.
1467 4458 1555 4531 85.
1588 4460 1762 4513 Anev.

588 4531 679 4585 40.
708 4530 1005 4599 Etymolog.
1040 4530 1135 4585 lib.
1172 4546 1287 4597 xw,
1314 4544 1432 4598 cap.
1460 4529 1514 4583 9.

588 4600 731 4657 Ibid.
773 4598 1108 4672 Consumptio
1130 4610 1205 4655 est
1232 4600 1483 4670 riparum.
1520 4601 1829 4671 Eleganter,
1862 4599 1939 4672 _ait
1975 4598 2107 4672 Bar-

513 4672 693 4739 thius;
742 4669 1037 4742 perduntu’r
1071 4672 1212 4726 enim
1242 4669 1321 4726 rut
1364 4684 1470 4724 non
1503 4669 1796 4742 videantur
1830 4670 1981 4739 ripm.
2022 4669 2107 4742 _Ita

514 4743 651 4798 mori
691 4739 906 4813 flumina
952 4743 1195 4813 exposuit
1232 4742 1372 4797 idem
1414 4743 1554 4810 apud
1586 4740 1893 4799 Petronium
1944 4739 2107 4795 Arbi-

514 4812 765 4869 trum.In
795 4812 917 4867 Vat.
947 4812 1105 4879 Cod.,
1134 4815 1503 4867 consummatio
1526 4823 1626 4869 est.
1649 4814 1827 4868 Anev.

588 4884 679 4939 41.
709 4884 786 4938 Ex
804 4887 1058 4954 Agratio,
1081 4885 1133 4938 in
1156 4899 1263 4954 quo
1286 4894 1462 4940 tamen
1485 4899 1581 4955 pro
1602 4892 1844 4954 aquatum
1855 4892 1939 4939 est
1951 4899 2111 4951 aqua-

511 4957 693 5009 ticum.

586 5055 658 5068 --
680 5024 930 5080 Dicimus.
962 5024 1023 5079 F.
1053 5024 1368 5081 Addendum
1399 5042 1464 5081 ex
1495 5027 1748 5097 Agraetio,
1777 5042 1895 5098 qua:
1924 5042 2107 5097 aquam

514 5096 731 5151 aliunde
757 5098 964 5166 recepit,
998 5113 1177 5166 aquas.

585 5168 678 5223 42.
713 5170 799 5223 ΑΙ.
834 5185 847 5222 :
883 5165 975 5221 Est
998 5183 1211 5238 opacum
1233 5170 1379 5235 quasi
1404 5178 1634 5238 opertum
1665 5170 1812 5225 caelo.

582 5266 669 5309 -ί
682 5239 809 5295 Sine
829 5240 977 5309 ﬂatu.
994 5236 1143 5293 Puto
1172 5236 1708 5306 mendum‘subesse,
1734 5240 2108 5297 scribendum-

511 5322 622 5387 gue
650 5308 1011 5387 hispani,
1043 5309 1093 5362 id
1124 5317 1247 5387 est,_
1273 5310 1381 5387 sine
1412 5312 1623 5387 frigore,
1655 5313 1732 5387 sic
1755 5322 1833 5387 _et
1863 5313 1917 5367 in
1947 5311 2105 5387 Serv.

514 5377 627 5451 leg.
656 5377 1047 5453 adilll'vAin.
1076 5377 1322 5453 :_Apricis
1366 5377 1517 5437 statio
1560 5383 1855 5453 gratissima
1896 5382 2101 5453 mergis,

513 5447 650 5523 et'vt
676 5447 827 5523 ΛΕη..
856 5451 922 5504 ad
968 5452 1048 5523 ill.
1082 5447 1252 5506 Terris
1280 5451 1509 5507 immittit
1538 5447 1748 5523 apricis.
1800 5453 1919 5507 Vid.
1954 5447 2102 5508 Fest.

514 5519 648 5576 dict.
673 5519 938 5596 Apricum.
970 5520 1090 5596 Ipse
1120 5524 1422 5596 Etymolog:
1453 5523 1547 5577 lib.
1573 5519 1665 5596 in,
1688 5536 1809 5596 cap.
1841 5524 1930 5579 I8.

585 5590 892 5664 —0_pacum
912 5590 1240 5664 condensam.
1261 5593 1351 5648 Sic
1380 5593 1554 5664 Fest.,
1584 5594 1714 5648 dict.
1742 5590 1994 5664 Opacum.

586 5661 948 5717 —Am¢num.
980 5662 1071 5716 Sic
1098 5666 1257 5719 etiam
1287 5673 1444 5720 vetus
1474 5663 1713 5723 Glossar.
1737 5661 1999 5719 Amanum
2021 5665 2105 5721 in-

515 5740 842 5806 terpretatur
872 5736 1087 5788 σύσκιον
1109 5736 1286 5806 sinon.
1339 5776 1356 5787 .

584 5804 659 5856 ὲ-
682 5805 895 5867 Autama
916 5812 1104 5858 autem.
1139 5804 1256 5876 Ipse
1298 5807 1605 5886 Etymolog.
1636 5806 1730 5865 lib.
1762 5823 1873 5883 xiv,
1899 5822 2019 5878 cap.
2042 5808 2097 5866 8.

2216 3302 2614 3371 possessionem
2644 3301 2925 3371 signiﬁcat,
2976 3304 3115 3372 apud
3138 3312 3316 3358 autem
3342 3304 3488 3371 quasi
3521 3318 3721 3375 corpus
3749 3314 3802 3361 et

2218 3392 2437 3457 librum,
2468 3410 2574 3451 non
2615 3396 2887 3465 possessio
2919 3396 3051 3467 [Αι.,
3077 3395 3520 3467 possessionem].
3567 3397 3803 3452 Dicimus

2215 3494 2418 3549 autem,
2449 3486 2590 3555 apud
2617 3496 2664 3540 te
2689 3486 2849 3541 habeo
2876 3495 3143 3557 argentum
3172 3503 3364 3554 meum,
3409 3504 3513 3543 non
3542 3504 3703 3557 penes
3728 3498 3805 3553 te;

2215 3591 2336 3646 quae
2374 3591 2503 3648 ergo
2532 3576 2849 3644 redduntur,
2891 3578 3027 3647 apud
3061 3587 3113 3633 te
3142 3577 3348 3642 babeol;
3381 3593 3499 3649 quae
3521 3578 3807 3648 possiden-

2216 3673 2324 3732 tur,
2358 3682 2523 3736 penes
2559 3678 2611 3723 te
2639 3668 2830 3724 habeo.
3150 3735 3161 3740 ,

2288 3761 2378 3817 58.
2411 3761 2554 3817 Inter
2575 3762 2855 3817 Amburere
2884 3774 2937 3815 et
2965 3762 3281 3826 comburere,
3307 3769 3360 3816 et
3382 3761 3617 3829 sepelire.
3646 3761 3807 3814 Com-

2217 3857 2415 3911 burere
2435 3864 2521 3909 est
2546 3856 2653 3925 igni
2683 3856 2833 3919 dare,
2860 3855 3148 3909 amburere
3188 3869 3254 3909 ex
3287 3860 3515 3920 utraque
3544 3853 3807 3918 adurere;

2219 3961 2377 4002 urere
2431 3956 2513 4003 est
2554 3945 2661 4018 igni
2712 3946 2942 4002 adurere
2980 3946 3191 4015 penitus
3224 3984 3240 4012 ,
3291 3951 3347 3998 et
3395 3944 3463 3997 ad
3516 3945 3807 4001 medullam

2230 4100 2401 4162 Fest..
2442 4101 2568 4155 dict.
2604 4098 3077 4154 Amazna.Servius
3100 4096 3163 4151 ad
3197 4095 3348 4153 illud.
3382 4096 3808 4162 νᾸΞηηωηωηα

2214 4172 2436 4240 piorum,
2462 4179 2518 4225 et
2539 4186 2609 4233 νι,
2643 4186 2843 4225 amoena
2875 4172 3052 4225 vireta.

2284 4243 2373 4298 45.
2411 4244 2481 4295 Ex
2512 4242 2747 4311 Agrum;
2784 4242 2897 4308 ipse
2945 4242 3247 4311 Etymolog.
3281 4239 3375 4295 lib.
3431 4251 3716 4312 xvu,‘cap.
3750 4241 3804 4293 6.

2284 4343 2355 4353 -—-
2383 4312 2593 4367 Molem.
2630 4313 2715 4368 Al.
2741 4313 3000 4367 mobilem.
3037 4314 3299 4381 Agraztius
3327 4311 3487 4365 male.

2286 4382 2473 4453 44.Ex
2506 4386 2730 4453 Agrum,
2761 4395 2814 4437 et
2845 4383 2959 4451 ipse
2988 4383 3291 4453 Etymolog.
3322 4383 3416 4437 lib.
3450 4397 3582 4445 xvn,
3614 4386 3807 4451 eap.6.

2139 4476 2192 4537 Ι)
2289 4452 2442 4537 Ibid;
2467 4452 2614 4537 vati,
2657 4464 2702 4537 et
2733 4458 3229 4537 [rnuctuoste_._Ansv_.

2286 4526 2379 4598 46.
2404 4528 2479 4598 Es
2506 4528 2703 4598 Agrazt.
2729 4523 2831 4591 46;
2864 4528 2978 4595 ipse
3008 4527 3303 4598 Etymolog.
3333 4524 3427 4579 lib.
3456 4540 3542 4583 xx,
3571 4537 3693 4591 cap.
3724 4523 3807 4576 I6.

2287 4596 2376 4651 47.
2421 4596 2629 4652 Volucri
2649 4599 2827 4651 currit.
2861 4598 2946 4652 Al.
2977 4616 2989 4652 :
3031 4596 3267 4652 Volueris
3293 4597 3387 4649 erit
3416 4611 3482 4648 es:
3506 4598 3661 4664 quad.

2287 4670 2427 4724 Ibid.
2458 4667 2590 4739 Cod.
2615 4677 2724 4721 vat.
2755 4670 2970 4737 omittit,
3008 4670 3169 4722 nimia
3200 4668 3560 4739 pernicitate...
3613 4674 3764 4739 sonat
3791 4681 3809 4729 ;

2212 4750 2267 4796 et
2295 4756 2442 4795 num.
2469 4738 2537 4791 49
2560 4750 2613 4793 et
2639 4739 2727 4801 50,
2761 4748 2814 4794 et
2842 4741 2912 4792 ita
2946 4734 3097 4795 alios.
3127 4734 3373 4793 Barthius
3409 4738 3459 4790 in
3490 4750 3585 4789 suo
3608 4734 3808 4789 Codice

2212 4812 2420 4882 legebat
2469 4826 2483 4864 :
2521 4809 2733 4865 Volucri
2771 4812 2930 4864 currit
2964 4813 3114 4864 citata
3142 4810 3416 4879 quadriga;
3457 4806 3803 4872 emendabat,

2211 4881 2315 4937 cita
2342 4898 2438 4952 pro
2467 4884 2643 4948 citata,
2671 4892 2729 4937 ut
2752 4882 2821 4935 sit
2850 4892 3172 4948 anapaestus.
3207 4881 3376 4935 Ansv.

2282 4946 2372 5009 48.
2392 4956 2467 5008 Ex
2491 4946 2700 5021 Servio,
2729 4953 2795 5007 ad
2826 4946 2999 5009 locum
3031 4967 3066 5006 ιι
3090 4952 3217 5007 [Ειι.
3241 4946 3536 5021 citatumad
3559 4946 3802 5021 verbum.

2284 5026 2371 5080 50.
2406 5029 2463 5080 C.
2494 5017 2697 5080 Fronto
2731 5042 2744 5078 :
2791 5025 3085 5079 Animantia
3130 5025 3331 5077 animus
3380 5020 3525 5091 facit,
3560 5017 3809 5071 animalia

2211 5098 2299 5153 ani
2307 5114 2441 5150 mam
2471 5096 2679 5150 habent.

2281 5168 2498 5224 52.Vid.
2528 5167 2665 5222 Non.
2700 5168 2834 5224 dict.
2868 5166 3112 5230 Innnere,
3148 5174 3201 5219 et
3220 5164 3477 5218 Annuere.

2282 5269 2352 5280 —
2382 5239 2473 5296 Sic
2501 5246 2711 5294 veteres
2742 5239 3067 5293 membranae
3091 5251 3279 5289 vocum
3326 5235 3381 5287 in
3425 5231 3681 5287 Terentio
3708 5244 3807 5287 ex-

2210 5310 2454 5380 plica'ar.
2491 5327 2505 5363 :
2530 5312 2742 5375 Abnuo,
2769 5325 2930 5380 nego,
2957 5306 3223 5380 subtraho.

2288 5380 2377 5437 54.
2409 5381 2543 5436 Non.
2577 5381 2768 5443 Marc.,
2794 5375 2921 5434 dict.
2953 5379 3190 5443 Animus,
3218 5385 3272 5431 et
3298 5375 3504 5429 Anima.

2280 5451 2414 5506 Ibid.
2461 5451 2580 5506 Vat.
2611 5452 2786 5505 anima
2809 5451 3045 5519 spiritus,
3074 5466 3173 5517 quo
3195 5449 3428 5503 uiuimus.
3454 5451 3622 5503 Altlv.

2283 5522 2375 5597 55.
2396 5523 2715 5597 _Ijltymplog.
2748 5524 2839 5597 lib.
2867 5538 2905 5591 ι,
2939 5519 3183 5597 cap._26.

2277 5594 2368 5649 57.
2396 5592 2519 5649 νεά.
2555 5592 2697 5650 Fest".
2716 5632 2733 5660 ,
2758 5592 2889 5647 dict.
2922 5593 3101 5661 Apud.

2280 5664 2370 5719 58.
2393 5665 2451 5720 F.
2470 5665 2705 5736 Legend.
2721 5659 2740 5723 7;
2757 5662 2807 5736 _U
2811 5664 2858 5719 ri
2881 5672 2954 5717 est
2956 5659 3167 5736 penitus
3190 5674 3236 5719 et
3251 5664 3316 5718 ad
3334 5661 3619 5736 medullam
3636 5659 3809 5730 ignem

2210 5738 2414 5791 sentire.
2460 5731 2607 5810 Nam
2641 5734 2906 5810 dictiones
2938 5731 3018 5810 est
3058 5736 3404 5810 igniadurere
3430 5748 3496 5810 es
3518 5731 3627 5791 illis
3645 5741 3810 5809 supe-

2206 5809 2462 5877 rioribus,
2493 5817 2568 5883 est
2592 5807 2700 5881 igni
2728 5807 2875 5883 dare,
2904 5806 2987 5880 sic
3009 5806 3147 5867 male
3170 5807 3519 5876 irrepserunt.
3734 5806 3739 5809 ’

2916 5937 2953 5961 μζ
2964 5946 2967 5951 .
