4056 6350
289 265 355 322 I7
1501 263 2112 322 DIFFERENTIARUM
2153 263 2288 322 LIB.
2329 266 2367 323 I.
3512 275 3580 354 ιι

285 381 462 452 ignem
520 379 743 437 sentire.
777 379 1022 452 Sepelire
1065 390 1149 437 est
1191 383 1438 453 sepulcro
1489 387 1726 456 cingere,
1784 385 1867 441 vel
1895 387 2254 453 Aacgrotatio
2283 386 2334 441 in
2363 401 2612 457 corpore,
2658 392 2735 444 sic
2777 391 3036 461 aegritudo
3083 392 3137 448 in
3167 393 3347 451 animo
3376 379 3578 456 nomen

284 487 483 542 corpus
508 474 672 528 humo
689 481 872 543 tegere
887 482 942 530 et
962 473 1245 531 ossa.Inde
1260 473 1510 545 Virgilius
1524 476 1769 546 (rﬁ‘neid.
1793 476 1871 547 x):

282 564 482 636 Carpus
511 567 666 622 humo
695 569 895 635 patiare
924 571 1026 638 tegi
1058 585 1075 622 :
1119 569 1226 624 Aut
1252 567 1493 639 (Eneid.
1516 573 1599 640 rx)
1626 588 1639 624 :

997 682 1047 730 Si
1072 695 1168 744 qua
1187 683 1234 731 id
1267 681 1456 732 fortuna
1484 683 1685 743 vetabit,

468 741 675 792 Absenti
703 740 828 791 lerat
867 740 1103 805 inferias;
1121 744 1420 807 decoretque
1444 740 1687 807 sepulcro.

359 825 464 893 ιο
536 825 628 880 59.
681 825 826 880 Inter
873 826 1132 881 Audacem
1183 836 1235 881 et
1284 828 1629 882 temerarium.
1689 826 1877 882 Audax

282 931 386 970 non
427 919 602 990 tirneg,
649 920 968 974 temerarius
999 937 1106 976 non
1131 921 1361 976 aestimat
1392 923 1708 990 periculum.

355 1009 444 1062 lit).
478 1011 620 1066 Inter
660 1013 742 1066 Ad
773 1012 947 1081 forum
979 1014 1054 1068 ire
1092 1023 1144 1068 et
1173 1015 1226 1067 in
1266 1017 1438 1083 forum
1465 1016 1558 1069 ire.
1589 1015 1672 1070 Ad
1703 1014 1876 1071 lorum

286 1099 619 1173 signilicatur
649 1104 840 1175 aliquis
868 1105 1014 1161 locus
1041 1105 1094 1159 in
1125 1120 1286 1175 quem
1314 1107 1483 1173 imus;
1515 1107 1568 1162 in
1601 1106 1798 1174 forum,
1823 1109 1875 1163 in

282 1191 458 1260 ipsum
501 1195 694 1250 lorum.

354 1283 414 1338 6i
435 1325 449 1340 .
480 1285 624 1342 Inter
653 1288 833 1356 Afrum
862 1297 913 1343 et
952 1291 1206 1359 Africum,
1240 1301 1294 1346 et
1320 1291 1644 1362 Africanum.
1693 1292 1879 1347 Afrum

283 1374 518 1432 dicimus
568 1380 760 1446 civem,
799 1380 1036 1436 Alricum
1080 1393 1331 1452 ventum,
1363 1382 1670 1440 Africanum
1719 1400 1882 1456 nego-

285 1468 558 1525 tiatorem.

355 1561 446 1616 62.
479 1563 625 1617 Inter
653 1566 938 1635 Agnoscere
965 1578 1019 1622 et
1059 1584 1380 1640 cognoscere.
1407 1572 1761 1640 Agnoscimus
1785 1588 1883 1627 no-

280 1663 363 1708 tos
386 1699 401 1718 ,
437 1662 811 1726 cognoscimus
843 1663 1071 1732 ignotos.

348 1745 440 1801 63.
471 1749 611 1803 Inler
660 1750 895 1821 Auferre,
926 1753 1153 1806 adimere
1192 1763 1245 1808 et
1301 1755 1512 1826 eripere.
1574 1755 1880 1814 Auferimus
1916 1781 1964 1840 Β

282 1854 396 1894 rem
461 1856 620 1910 quant
651 1843 918 1911 dedimus,
961 1847 1246 1902 adimimus
1297 1849 1406 1918 jus,
1451 1849 1710 1919 eripimus
1743 1855 1885 1922 quod

278 1931 345 1984 ab
373 1931 556 2000 aliquo
588 1932 721 2005 [Al.,
747 1932 874 2005 alio]
903 1936 1161 2006 rapimus.

1981 478 2140 534 liabet
2168 496 2272 533 non
2295 481 2594 550 sejunctum
2624 497 2654 538 a
2681 483 2887 541 dolore.
2913 485 3078 542 Dolor
3098 488 3258 558 igitur
3295 492 3580 564 agritudo,

1980 571 2032 625 id
2054 577 2164 637 est,
2187 586 2344 628 causa
2364 572 2602 630 efﬁciens
2623 577 2990 647 aegritudinem
3019 579 3071 636 in
3091 581 3292 651 animo,
3326 591 3579 655 tanquam

1980 664 2377 732 aegrotationem
2409 665 2461 722 iu
2491 682 2733 737 corpore.

2604 779 2680 836 De
2702 782 2874 838 littera
2900 785 2959 840 Β.

2048 870 2141 926 71.
2173 868 2313 925 Inter
2339 868 2715 942 Benignitatem
2746 887 2798 931 et
2814 877 3110 936 bonitatem.
3139 880 3306 936 Stoici
3336 881 3409 937 ita
3435 880 3582 936 deli-

1981 961 2133 1016 niunt
2162 961 2294 1035 [Al.,
2325 962 2708 1037 distinguunt]:
2733 968 2872 1038 quod
2888 970 3191 1042 benignitas
3218 973 3289 1028 sit
3307 974 3478 1029 virtus
3507 973 3578 1028 ad

1981 1055 2419 1113 benefaciendum
2437 1073 2500 1114 ex
2508 1058 2701 1128 posita,
2721 1061 2878 1130 leuis,
2899 1064 3113 1131 blanda,
3129 1065 3301 1121 dulcis
3317 1065 3578 1136 alloquio,

1983 1147 2049 1202 ad
2091 1149 2327 1203 omnium
2351 1151 2613 1205 bonorum
2641 1153 3048 1210 lamiliaritatem
3071 1157 3332 1225 invitans,
3365 1157 3577 1212 bonitas

1981 1252 2157 1299 autem
2188 1245 2323 1300 bene
2351 1245 2565 1313 quidem
2599 1246 2772 1302 facere
2801 1258 2855 1303 et
2881 1259 3139 1319 praestare
3168 1251 3309 1322 quod
3343 1250 3581 1320 poscitur

1983 1345 2166 1406 parata
2192 1347 2304 1403 est;
2341 1353 2445 1392 non
2475 1348 2652 1394 tamen
2683 1339 2827 1394 novit
2856 1342 3034 1396 suavis
3063 1357 3182 1398 esse
3206 1341 3501 1409 consortio,
3524 1349 3584 1397 et

1982 1441 2077 1482 sua
2106 1439 2324 1484 cunctos
2352 1430 2582 1484 invitare
2610 1430 2918 1488 dulcedine.

2056 1519 2142 1573 72.
2176 1521 2316 1576 Inter
2343 1520 2559 1576 Beatum
2602 1533 2655 1578 et
2709 1523 2929 1592 felicem.
2989 1527 3183 1582 Beatus
3226 1527 3327 1582 sibi
3371 1538 3579 1584 tantum

1984 1622 2098 1677 est,
2165 1612 2322 1679 lelix,
2385 1622 2445 1679 et
2493 1614 2611 1668 aliis
2662 1613 2792 1686 [Αι.,
2853 1626 3140 1686 sequenter
3189 1628 3243 1673 et
3296 1618 3466 1690 aliis],
3521 1629 3582 1676 ut

1985 1716 2067 1761 est
2094 1705 2221 1760 illud
2249 1705 2588 1775 Virgilianqu
2622 1723 2636 1760 :

2147 1798 2226 1847 Sis
2248 1797 2365 1847 felix
2395 1807 2715 1860 nostrumque
2756 1812 2896 1850 leves
2927 1814 3233 1863 quaecunque
3258 1801 3381 1864 [Al.,
3406 1815 3581 1865 quem-

3042 1866 3256 1926 cunque]
3281 1865 3518 1915 laborem.

1995 1943 2139 1999 Felix
2171 1951 2348 1997 autem
2378 1943 2594 2008 dicitur,
2621 1959 2714 2013 per
2736 1961 2892 2014 quem
2919 1945 3074 2000 datur
3102 1956 3155 2001 et
3183 1948 3440 2016 accipitur
3468 1946 3585 2004 ἱειί·

348 2021 440 2076 64.
472 2023 616 2078 Inter
654 2027 819 2098 Agere
850 2044 1058 2082 causam
1087 2040 1141 2084 et
1172 2031 1361 2086 dicere.
1391 2033 1545 2101 Quod
1573 2034 1680 2103 agit
1710 2045 1889 2105 patro-
1992 2039 2145 2105 citas,
2171 2052 2226 2095 ut
2249 2043 2375 2111 felix
2395 2051 2612 2112 tempus,
2640 2043 2766 2113 felix
2795 2049 2959 2112 locus,
2992 2045 3117 2114 felix
3141 2050 3379 2101 eventus.‘

275 2127 396 2178 nus,
421 2113 549 2168 dicit
569 2130 710 2172 reus.

2063 2133 2150 2186 75.
2213 2133 2354 2189 Inter
2423 2135 2641 2202 Beatus,
2694 2136 2966 2202 honestus,
3025 2142 3338 2206 fortunatus.
3391 2139 3584 2197 Beatus

349 2206 440 2261 65.
466 2207 608 2265 Inler
635 2211 837 2281 Aquam
867 2222 922 2269 et
949 2217 1162 2270 undam.
1196 2217 1348 2274 Unda
1394 2234 1610 2289 semper
1649 2223 1702 2276 in
1740 2228 1886 2276 motu
1989 2226 2189 2295 animo,
2214 2228 2467 2283 honestus
2499 2231 2761 2296 moribus,
2798 2233 3094 2286 fortunatus
3119 2233 3436 2289 substantia.

276 2306 379 2364 est,
414 2313 551 2368 aqua
585 2316 715 2357 vero
752 2307 964 2359 stativa.
1016 2306 1182 2364 Porro
1223 2309 1422 2367 imbres
1469 2313 1688 2368 nubium
1722 2322 1881 2384 sunt,

279 2385 467 2447 latices
507 2391 751 2450 fontium.
775 2397 906 2451 Nam
938 2399 1078 2456 latex
1134 2405 1348 2472 proprie
1382 2404 1555 2475 liquor
1585 2406 1748 2463 fontis
1777 2420 1881 2476 est;
1912 2429 1926 2435 ·

277 2492 332 2537 et
359 2483 556 2553 dictus,
587 2488 726 2553 quod
757 2489 809 2544 in
870 2493 1019 2547 venis
1053 2503 1210 2550 terra:
1245 2495 1427 2551 lateat.

345 2573 436 2630 66.
468 2576 612 2632 Inter
657 2577 898 2650 Equora
933 2593 983 2639 et
1016 2587 1198 2641 maria.
1241 2586 1504 2657 Equora,
1537 2605 1642 2645 non
1673 2598 1877 2647 tantum

273 2680 446 2736 aqua,
469 2670 563 2725 sed
610 2681 664 2727 et
684 2676 856 2743 campi
905 2689 1121 2748 propter
1151 2682 1509 2751 aequalitatem
1538 2683 1695 2751 dicti,
1728 2701 1877 2743 mare

273 2769 456 2817 autem
487 2775 687 2819 tantum
720 2770 1062 2840 congregatio
1087 2787 1364 2840 aquarum.

343 2851 432 2909 67.
456 2855 597 2912 Inter
622 2875 784 2912 levant
814 2869 868 2916 et
891 2864 1161 2920 circulum.
1202 2865 1398 2921 Evum
1429 2879 1632 2926 tantum
1666 2881 1874 2944 tempus

269 2949 525 3014 oetendit,
543 2953 795 3008 saeculum
817 2970 941 3010 vero
964 2960 1372 3028 perpetuitatem
1395 2970 1449 3017 et
1468 2971 1695 3034 tempus.
1719 2965 1871 3022 Unde

269 3049 322 3095 et
344 3043 396 3095 in
426 3045 615 3098 san:qu
637 3048 942 3102 swculorum
971 3050 1218 3106 dicimus.

2059 2321 2150 2377 74.
2185 2323 2324 2378 Inter
2350 2323 2526 2379 Bibere
2573 2335 2623 2380 et
2651 2334 2845 2394 potare.
2895 2326 3085 2382 Bibere
3111 2337 3313 2383 natura:
3343 2338 3447 2398 est,
3489 2344 3584 2401 po-

1989 2426 2102 2471 tare
2132 2417 2375 2472 luxuriae.

2056 2509 2144 2564 75.
2170 2508 2312 2563 Inter
2335 2508 2606 2564 Balineum
2634 2520 2686 2565 et
2709 2511 2965 2567 balneum.
2998 2510 3056 2566 In
3087 2527 3242 2582 prosa
3273 2513 3584 2584 quotidiana

1981 2616 2230 2658 sermone
2258 2603 2545 2670 balineum,
2579 2604 2630 2657 in
2651 2618 2810 2658 versu
2839 2604 3087 2660 balneum
3114 2605 3363 2663 dicimus.

2052 2694 2140 2749 76.
2184 2695 2325 2749 Inter
2363 2693 2591 2748 Barbam
2637 2705 2691 2751 et
2722 2697 2922 2751 barbas.
2977 2697 3203 2753 Barbam
3263 2699 3575 2766 hominum.

1979 2785 2174 2840 barbas
2223 2788 2489 2854 pecudum
2522 2787 2604 2840 vel
2652 2785 2939 2842 herbarum
2989 2788 3239 2845 dicimus.
3290 2790 3490 2845 Barbas
3525 2797 3583 2847 et

1978 2876 2274 2941 hominum,
2294 2887 2353 2932 ut
2371 2877 2514 2950 apud
2529 2877 2802 2949 Virgilium
2823 2895 2838 2932 :
2860 2876 3060 2934 Barbas
3096 2881 3382 2950 incanaque
3407 2889 3582 2938 menta

1973 2972 2109 3044 regis
2141 2972 2384 3028 Romani.

2050 3068 2151 3138 12
2203 3067 2295 3122 77.
2358 3067 2498 3123 Inter
2546 3066 2798 3122 Bucinam
2840 3077 2897 3125 et
2944 3069 3203 3126 bucinam.
3246 3069 3444 3126 Buciua
3488 3079 3575 3127 est

338 3136 427 3191 68.
464 3137 604 3194 Inter
635 3139 867 3212 Equum
890 3153 944 3200 et
983 3148 1198 3210 iustum.
1227 3147 1408 3204 Justus
1434 3150 1627 3222 quippe
1655 3169 1717 3207 ex
1749 3153 1864 3225 lege
1891 3163 1940 3228 α
1972 3157 2096 3212 tuba
2126 3136 2227 3228 qua
2259 3157 2469 3228 signum
2503 3157 2662 3213 datur
2691 3160 2743 3214 in
2777 3158 2958 3216 hostes
3005 3160 3136 3234 [Al.,
3171 3160 3434 3232 hostem],
3463 3161 3575 3217 Bu-

264 3235 365 3293 est,
391 3229 542 3299 quasi
565 3230 655 3301 jus
678 3235 1017 3306 custodiens,
1048 3256 1233 3310 aequus
1260 3252 1438 3298 autem
1463 3247 1656 3316 estqui
1678 3262 1868 3303 secun-

263 3319 389 3376 dum
412 3332 652 3379 naturam
671 3327 870 3397 justus.
899 3330 1108 3388 Etenim
1135 3335 1315 3405 justus
1345 3353 1373 3391 a
1396 3338 1512 3410 iure
1539 3341 1786 3409 vivendo,
1811 3343 1864 3401 id

262 3423 363 3479 est,
388 3415 538 3485 Juxta
558 3420 698 3490 quod
726 3421 814 3491 jus
842 3435 922 3478 est
943 3425 1205 3493 faciendo,
1236 3441 1473 3487 vocatur.

331 3506 421 3562 69.
454 3509 598 3566 Inter
612 3528 803 3584 a'grum
841 3526 894 3572 et
923 3530 1190 3590 aegrotum.
1247 3521 1414 3594 AEger
1445 3527 1659 3597 proprie
1680 3527 1860 3585 animo

260 3609 504 3666 maestus,
537 3618 656 3658 nam
701 3621 924 3677 corpore
947 3622 1177 3680 aegrotus
1207 3614 1418 3672 dicitur.
1457 3618 1859 3698 Proindelaager

258 3701 358 3758 est,
391 3703 446 3748 et
487 3695 678 3765 tristis,
727 3701 823 3772 11
857 3713 909 3756 et
950 3706 1087 3760 male
1127 3707 1341 3776 valens,
1372 3723 1602 3780 :rgrotus
1652 3695 1854 3782 autem,

260 3782 370 3838 sive
397 3797 667 3855 aegrotans
696 3795 1063 3851 tantummodo
1092 3798 1229 3852 male
1255 3799 1456 3855 valens.

330 3876 419 3931 70.
496 3877 641 3935 Inter
688 3881 1074 3955 AEgritudinem
1141 3899 1193 3945 et
1251 3893 1656 3962 agrotationem.
1703 3896 1855 3955 Sicut

329 4059 674 4140 Tﬁepflire.
710 4063 1007 4140 Etymolog.
1034 4067 1124 4123 lib.
1162 4085 1235 4136 xl,
1267 4086 1386 4140 cap.
1418 4071 1512 4128 22.

331 4127 485 4214 ibid;
511 4131 762 4214 Fortasse
779 4127 1071 4208 legendum
1103 4156 1164 4193 ex
1194 4127 1405 4214 u'traq'ue
1432 4127 1594 4212 parte,
1638 4145 1812 4202 Auuv.

329 4201 417 4254 59.
448 4201 521 4255 Ex
547 4203 762 4282 Agrietii
798 4201 992 4282 meme,
1019 4215 1274 4267 temeritas
1301 4201 1408 4267 sine
1433 4201 1671 4282 consilio,
1690 4201 1852 4273 auda-

261 4273 338 4324 cia
359 4283 472 4341 post
506 4275 796 4331 consilium.
815 4278 874 4334 C.
897 4278 1097 4334 Fronto
1122 4282 1246 4337 hinc
1276 4284 1412 4338 forte
1437 4273 1801 4343 emendandus
1836 4307 1851 4345 :

1967 3250 2121 3306 ciuus
2145 3250 2260 3319 ipse
2285 3250 2502 3321 clangor
2523 3252 2754 3307 canoris.

2042 3343 2133 3400 78.
2167 3343 2312 3399 Inter
2360 3342 2566 3398 Bellum
2619 3353 2674 3400 et
2731 3346 2988 3416 praelium.
3039 3346 3245 3402 Bellum
3287 3347 3568 3420 indicitur,

1970 3435 2206 3504 praelium
2233 3435 2453 3505 geritur.
2482 3434 2539 3489 In
2588 3435 2731 3490 bello
2779 3439 2921 3491 enim
2946 3451 3052 3492 non
3085 3439 3265 3492 statim
3292 3441 3566 3509 prtelium;

1965 3527 2018 3581 in
2057 3527 2244 3596 praelio
2270 3535 2449 3583 autem
2481 3527 2662 3582 statim
2700 3537 2756 3583 et
2786 3529 3008 3585 bellum.
3044 3529 3195 3585 Unde
3223 3542 3275 3584 et
3304 3533 3446 3602 apud
3475 3547 3573 3588 an-

1969 3622 2143 3691 tiquos
2197 3620 2320 3675 tuba
2372 3620 2538 3690 prieIii
2587 3621 2795 3691 signum
2827 3631 2969 3685 erat,
3005 3621 3132 3678 belli
3163 3623 3407 3679 buccina.
3435 3623 3571 3681 Item

1965 3711 2162 3767 bellum
2196 3721 2364 3767 totum
2391 3720 2494 3778 est,
2531 3711 2584 3766 id
2615 3723 2717 3774 est,
2748 3722 2892 3768 totus
2920 3713 3226 3781 conﬂictus,
3275 3725 3329 3770 ut
3362 3716 3570 3787 Jugur-

1965 3806 2171 3861 tliiuum
2206 3804 2646 3879 [.41.,jurgium),
2675 3805 2851 3872 civile,
2880 3806 3156 3862 Punicum.
3191 3808 3370 3877 Pugna
3411 3809 3568 3865 unius

1962 3899 2090 3968 diei,
2132 3900 2376 3970 praelium
2410 3916 2533 3968 pars
2564 3915 2774 3970 pugnae,
2801 3900 2927 3957 licet
2955 3909 3010 3957 et
3049 3916 3224 3972 pugna
3245 3901 3472 3958 duorum
3495 3902 3568 3959 sit

1962 4075 2230 4148 μανάρςρς·

2033 4143 2212 4226 σέβῃ
2238 4143 2392 4226 felix.
2413 4144 2489 4199 Ex
2510 4145 2910 4226 §erv._videtur,
2938 4148 3005 4203 ad
3017 4147 3107 4226 _il_l_.
3133 4148 3297 4205 rIEn.
3325 4169 3338 4205 :
3373 4152 3460 4207 Sis
3485 4154 3564 4226 fe-
3634 4168 3692 4200 ιρι·

1963 4214 2288 4289 lix,het_illud
2311 4215 2484 4289 eclog.
2510 4215 2542 4268 5
2569 4234 2588 4289 _:
2614 4216 2702 4289 Sis
2732 4219 2918 4283 bonus,
2948 4237 2978 4274 ο
3003 4220 3246 4289 felixque.

2035 4285 2170 4365 Ibid:
2200 4283 2345 4365 llud.
2382 4283 2518 4365 Vat,
2551 4286 2679 4354 felix
2705 4300 2966 4357 sequenter
2997 4283 3045 4345 et
3068 4283 3256 4346 aliis...
3297 4305 3346 4348 et
3386 4297 3562 4365 adipi-

259 4346 453 4427 audax.
473 4361 575 4396 non
607 4347 774 4427 .timet,
808 4353 1104 4427 temerarius
1127 4370 1227 4407 non
1269 4357 1528 4425 providet;
1559 4373 1679 4412 nam
1714 4361 1853 4416 male
1959 4357 2119 4427 scitur
2141 4355 2378 4427 [είὶεἱιαεο
2412 4346 2582 4411 Allif-

261 4413 480 4488 aliriqui,
512 4416 686 4469 audax
717 4413 815 4473 nun
840 4423 1090 4488 providet,
1124 4413 1422 4480 (cruciarius
1453 4413 1553 4481 non
1585 4430 1745 4484 timet.

260 4484 616 4607 be62.Serv.,
642 4489 706 4542 ad
738 4484 974 4562 illud;v1u
1003 4484 1130 4547 Ain.
1157 4511 1171 4548 ε
1197 4497 1426 4568 Accipio,
1455 4515 1773 4570 agnoscoque
1791 4503 1858 4556 li-

321 4573 399 4607 ns.

290 4570 399 4610 ens.

330 4627 418 4712 b5.
445 4627 748 4712 ronto
771 4650 783 4684 :
819 4634 998 4712 {infert
1022 4636 1111 4705 qui
1135 4637 1296 4705 dedit,
1326 4640 1508 4694 adimit
1529 4641 1741 4712 imperio
1773 4660 1861 4700 co-

259 4708 424 4763 actus,
444 4700 636 4770 eripit,
660 4704 748 4767 qui
776 4700 1063 4770 plus'valet'.

327 4798 398 4810 —
427 4767 549 4825 lus.
576 4772 661 4837 F.,
689 4767 850 4837 Iussi,
884 4786 940 4830 ut
961 4778 1094 4832 intra
1127 4779 1300 4835 littera
1334 4785 1403 4835 lt.

327 4841 516 4928 66.§x
543 4843 725 4928 Serv,
742 4845 906 4928 aditi.
938 4849 1099 4903 IuEn.
1125 4867 1143 4904 :
1161 4851 1290 4917 Quae
1309 4869 1388 4906 me
1404 4869 1612 4924 aequora
1628 4868 1861 4928 possunt.

329 4942 400 4984 5—-
431 4911 594 4984 Νοηη
625 4916 752 4971 dict.
784 4917 1005 4984 /Equor.

329 4983 420 5066 B7.
445 4982 723 5069 servqad
768 4989 846 5044 ill.
872 4982 920 5069 vi
957 4991 1084 5047 ΛΕη.
1121 4994 1326 5069 :_Qu_em
1372 4998 1461 5052 tibi
1491 5000 1716 5069 longtevo
1749 5017 1768 5054 :
1791 5031 1862 5041 —

259 5051 456 5140 {Evam
485 5056 703 5140 (inquit)
735 5063 938 5140 proprie
977 5051 1278 5120 aeternitwatis
1310 5080 1415 5140 est.
1449 5051 1769 5140 Uttde’nquis
1808 5073 1861 5128 in

261 5123 467 5212 Isidoro
496 5123 634 5182 forte
679 5123 960 5212 legendum
990 5147 1206 5190 censeat
1235 5154 1245 5190 :
1279 5123 1481 5194 Αῐυιιηί
1498 5123 1862 5212 tantum—per:

258 5197 557 5264 petuitalem
581 5197 831 5256 ostendit.

332 5263 424 5350 (ἐξ.
457 5269 758 5350 Etymolog.
785 5275 876 5328 lib.
907 5293 960 5341 x,
991 5277 1120 5333 dict.
1156 5280 1383 5350 quuus,
1417 5283 1592 5338 littera
1615 5286 1676 5341 Α.

338 5337 628 5418 69.nEx'_C.
659 5337 915 5418 Fronton.
945 5337 998 5402 et
1028 5337 1282 5418 Agraetid.

335 5410 520 5499 ἰῇ).
537 5412 713 5499 Serra,
736 5417 898 5499 adill.
914 5410 1116 5499 Δι’ᾹΞηξξ
1136 5423 1683 5499 Curisqueingentibus
1702 5444 1858 5499 (eger.

253 5478 585 5561 [interpretes
610 5478 865 5561 Terentii,
899 5493 1015 5545 Act.
1043 5508 1079 5560 ι,
1105 5509 1253 5551 scen.
1287 5478 1340 5561 ἦ,
1368 5478 1536 5552 Andr.

329 5551 423 5622 70.
453 5555 540 5606 Al.
575 5565 632 5608 ut
657 5551 872 5622 Cicero,
901 5551 1115 5618 ruscu'l.
1141 5582 1221 5621 m.

330 5621 643 5704 £bid._'Nota
676 5627 883 5685 Pantini
913 5634 1041 5703 quid
1072 5636 1172 5690 sibi
1203 5637 1350 5704 velit,
1382 5639 1584 5695 nescio.
1613 5643 1787 5696 Anu.

329 5691 425 5762 74.
473 5693 591 5751 Vat.
620 5709 668 5753 et
690 5691 945 5755 omnium:
965 5707 1138 5762 Anev.

330 5761 428 5820 72.
459 5765 572 5824 Hoc
600 5784 761 5828 sensu
792 5783 846 5830 et
871 5775 1109 5834 Fronto:
1137 5779 1348 5848 Beatus,
1375 5782 1462 5852 qui
1487 5782 1628 5855 apud
1651 5781 1857 5840 Greco:

1885 4428 1938 4488 D
1995 4426 2089 4504 74.
2120 4429 2186 4504 _I_n
2209 4428 2402 4504 Codice
2428 4429 2842 4504 Regiovaticano
2870 4432 3008 4488 1858
3032 4474 3048 4498 ,
3081 4433 3134 4488 in
3164 4449 3270 4504 quo
3303 4436 3563 4494 DiiI'eren-

1973 4500 2059 4573 tia:
2084 4500 2368 4573 aliquando
2386 4500 2715 4573 copiosiores
2737 4513 2860 4556 sunt
2886 4543 2900 4566 ,
2932 4519 3091 4573 quam
3136 4500 3196 4559 in'
3222 4506 3475 4573 Excusis,
3504 4509 3562 4564 id

1971 4570 2043 4622 ita
2073 4572 2338 4624 refertur:
2375 4567 2522 4624 Inter
2558 4570 2724 4626 bibere
2747 4581 2794 4626 et
2832 4567 3009 4643 potare
3030 4591 3048 4628 :
3081 4577 3296 4630 bibimus
3341 4567 3562 4633 necessi-

1970 4648 2093 4706 tate,
2126 4652 2359 4710 potamus
2406 4643 2690 4707 voluntate;
2720 4644 2810 4696 alii
2848 4645 3023 4700 dieunt
3051 4663 3072 4701 :
3123 4644 3304 4702 Bibere
3358 4661 3558 4706 natura

1968 4721 2061 4772 est,
2093 4724 2270 4782 potare
2297 4712 2538 4767 luxuria.
2582 4719 2750 4771 Ausv.

2040 4782 2128 4840 76.
2160 4784 2236 4863 Bx
2266 4783 2446 4863 Ser_v.,
2476 4785 2542 4838 ad
2574 4786 2647 4839 ill.
2678 4801 2736 4863 tu
2769 4785 2958 4863 Georg.
3001 4787 3254 4863 gBarbas,
3280 4792 3563 4863 incanaque

1969 4865 2156 4931 menta.
2180 4856 2344 4908 Porro
2367 4856 2517 4931 locus
2540 4869 2697 4931 quem
2721 4855 2954 4931 Isidorus
2974 4861 3120 4914 citat.
3145 4855 3314 4917 estex
3334 4877 3382 4917 vr
3405 4855 3560 4931 Α’Ξὶι..

1970 4926 2019 4979 in
2040 4941 2180 4998 quo,
2214 4941 2312 4998 pro
2338 4926 2536 4991 crines,
2555 4927 2736 4982 barbas
2766 4929 2959 4998 legisse
2988 4941 3216 4986 constat.

2039 4997 2126 5051 77.
2160 4995 2406 5071 Barthius
2440 5007 2586 5066 putat
2606 4995 2963 5055 bucinus'esse
2983 5000 3303 5071 adjectivum
3338 5019 3556 5068 nomen,

1967 5080 2020 5123 et
2044 5068 2443 5144 rescribendum
2461 5111 2476 5134 ,
2505 5071 2745 5123 bucineus
2767 5087 2928 5144 canor
2954 5082 3029 5126 est
3054 5068 3163 5142 ipse
3190 5075 3425 5144 clangor.
3452 5072 3561 5129 Pro

1966 5154 2040 5213 eo
2062 5141 2241 5213 sonitu
2271 5139 2749 5213 bucinatusexstat
2777 5143 2916 5213 apud
2962 5139 3199 5213 Papiam.
3244 5139 3387 5198 Idem
3430 5144 3562 5200 Bar-

1969 5210 2128 5283 thius,
2153 5211 2263 5283 alio
2285 5210 2434 5277 loco,
2469 5212 2675 5267 scilicet
2711 5210 3169 5283 libexxvrfcap.
3191 5214 3279 5283 I5,
3307 5216 3560 5271 observat

1966 5281 2205 5355 bucinam
2234 5281 2300 5335 de
2329 5297 2464 5337 sono
2497 5283 2703 5355 bucina
2725 5285 2866 5351 dici,
2915 5294 2990 5340 uti
3014 5301 3080 5340 ex
3125 5281 3426 5355 fragmento
3469 5285 3560 5345 ΙΙ.
3632 5347 3637 5350 _

1964 5350 2238 5427 Capri,__et
2264 5369 2335 5427 ex
2361 5355 2458 5407 hac
2497 5353 2684 5427 Isidori
2719 5350 3018 5427 diﬂ’eren_tia
3057 5350 3280 5427 colligit.
3321 5358 3496 5414 Ann.
3618 5365 3628 5405 ἶ

2037 5424 2126 5478 78.
2146 5423 2276 5479 Vide
2305 5424 2482 5492 Serv.,
2515 5425 2580 5480 ad
2605 5425 2734 5482 illud
2768 5441 2862 5481 vui
2890 5424 3052 5482 £50.:
3087 5423 3325 5493 Qui'me
3347 5431 3404 5484 in
3427 5429 3565 5486 bella

1961 5505 2252 5565 sequantur.

2031 5594 2104 5607 —
2134 5565 2197 5619 In
2225 5567 2375 5629 bello.
2407 5566 2467 5621 C.
2503 5568 2721 5624 Fronto.

2033 5667 2103 5677 —-
2130 5638 2278 5692 Tuba
2304 5639 2487 5710 prtelii.
2520 5640 2596 5710 Ex
2625 5640 2777 5710 Serv.
2804 5679 2819 5701 ,
2852 5638 3085 5710 xtEn..
3114 5641 3182 5697 ad
3212 5643 3348 5699 illud
3369 5662 3388 5698 :
3416 5645 3563 5704 Bdlo

1961 5711 2050 5764 dat
2072 5708 2377 5784 sig_i_iuin,'et
2405 5710 2515 5778 ipse
2545 5708 2844 5784 Elymolog.
2868 5709 2960 5784 lib.
2987 5727 3136 5784 χχιιι,
3161 5728 3289 5784 cap.
3309 5716 3338 5770 l.
3359 5728 3413 5774 et
3433 5718 3506 5778 4.,

2033 5809 2106 5823 -
2138 5781 2382 5836 Ρηειὲιιηι
2414 5797 2551 5849 pars.
2576 5782 2664 5837 Sic
2689 5779 2829 5836 Non.
2855 5781 2985 5841 dict.
3010 5779 3238 5841 Bellum;
