4056 6350
283 266 354 322 ιε,
1462 253 2078 314 DIFFERENTIARUM
2120 255 2249 315 LIB.
2293 259 2338 314 ι.
3507 265 3576 321 ss

353 380 478 438 138.
502 378 646 435 Inter
661 374 992 446 Defensorem
1013 378 1069 429 et
1084 371 1320 428 ultorem.
1341 371 1599 428 Defensor
1623 346 1794 440 curat,
1809 384 1876 426 ne
1901 374 1958 434 Α
1983 368 2136 441 tium]
2163 379 2247 428 est
2273 371 2565 442 separatio,
2584 385 2708 428 cum
2737 370 2932 430 mulier
2981 387 3012 428 a
3050 371 3166 431 viro
3189 374 3441 444 discedit,
3491 377 3579 434 di-

281 477 374 534 ﬁat
401 472 620 544 injuria,
653 471 796 527 ultor
816 468 870 524 id
892 467 1037 537 facit,
1065 482 1134 523 ne
1159 467 1377 537 impune
1405 467 1476 522 sit
1502 466 1641 522 laeta
1665 464 1877 535 injuria.

351 568 477 626 139.
503 566 646 623 Inter
666 564 963 636 Deformem
983 570 1038 615 et
1060 569 1285 633 turpem.
1300 559 1567 616 Deformis
1589 559 1657 615 ad
1683 574 1879 630 corpus

281 664 534 738 pertinet.
571 658 766 729 Turpis
793 658 873 729 ad,
890 657 1148 712 animum.

350 757 608 831 20140.
643 753 785 808 Inter
821 751 1116 805 Dementem
1154 759 1208 804 et
1253 749 1492 803 delirum.
1537 748 1772 804 Demens
1797 753 1883 803 est

283 843 649 920 cujuscunque
675 844 849 901 aetatis
873 857 1080 912 amens,
1105 850 1160 898 et
1180 841 1297 917 [F.,
1330 841 1382 897 id
1409 841 1510 913 est]
1530 841 1647 896 sine
1667 850 1876 907 mente,

284 945 484 1001 delirus
525 953 704 998 autem
759 955 859 1012 per
912 949 1122 996 aetatem
1158 947 1339 994 mente
1380 935 1658 994 delectus:
1708 938 1882 995 dictus

283 1050 461 1096 autem
492 1039 584 1103 ita,
615 1052 684 1093 eo
707 1036 852 1108 quod
882 1043 1030 1091 recto
1058 1033 1270 1099 ordine,
1310 1034 1462 1103 quasi
1493 1032 1612 1102 lira,
1644 1033 1879 1090 aberret.

286 1123 409 1188 Lini
458 1133 602 1188 enim
645 1140 730 1188 est
774 1129 1028 1184 arationis
1066 1141 1255 1197 genus,
1283 1141 1403 1181 cum
1428 1124 1563 1199 [Al.,
1593 1141 1713 1181 cum
1753 1125 1880 1200 qua]

283 1227 532 1297 agricola:
561 1224 697 1281 facta
727 1222 864 1297 (Al...
904 1219 1067 1292 jacta]
1102 1229 1345 1277 semente
1397 1220 1634 1292 dirigunt
1679 1222 1880 1277 sulcos.

361 1319 486 1374 141.
513 1319 657 1373 Inter
686 1317 868 1371 Dirum
912 1324 966 1370 et
1001 1324 1245 1368 atrocem.
1281 1313 1436 1368 Dirus
1479 1313 1879 1381 immisericors,

284 1412 433 1484 quasi
465 1413 641 1467 divina
668 1411 744 1466 ira
791 1410 843 1463 in
885 1408 938 1464 id
985 1408 1223 1463 adactus.
1255 1408 1455 1473 Atrox,
1499 1407 1749 1476 crudelis,
1782 1407 1884 1466 hoc

282 1516 387 1572 est,
420 1507 638 1572 crudus,
663 1519 834 1576 neque
858 1504 1036 1559 suavis
1059 1503 1194 1578 [.4l.,
1225 1502 1536 1574 suasibilis].

356 1599 482 1655 142.
516 1599 664 1655 Inter
689 1595 882 1652 Dolum
921 1606 973 1651 et
1009 1596 1258 1652 dolorem.
1313 1595 1473 1650 Dolor
1519 1605 1602 1651 est
1643 1596 1885 1665 corporis

284 1690 698 1747 incommoditas
723 1733 738 1758 ,
789 1691 904 1745 sive
968 1689 1233 1745 molestia.
1275 1688 1439 1744 Dolus
1493 1703 1622 1745 vero
1676 1688 1883 1744 occulta

283 1788 511 1852 malitia,
539 1785 750 1842 blandis
779 1784 1119 1840 sermonibus
1147 1785 1427 1838 adornata.

357 1878 483 1934 143.
509 1878 650 1934 Inter
676 1876 1141 1947 Dolum,insidias,
1175 1885 1228 1930 et
1249 1874 1478 1946 fraudes.
1515 1873 1675 1929 Dolus
1702 1871 1882 1928 animo

285 1973 366 2039 ﬁt,
396 1971 608 2028 insidiae
638 1971 778 2038 loco,
802 1972 917 2026 sive
946 1969 1084 2038 telo,
1114 1967 1261 2028 fraus
1287 1969 1430 2024 circa
1454 1968 1613 2024 Iidem
1640 1975 1880 2024 mutuam

284 2067 416 2142 [ΔΑ.
445 2064 682 2138 injuria].

356 2161 482 2218 144.
511 2160 655 2216 Inter
681 2159 1002 2214 Dementiam
1023 2165 1077 2215 et
1099 2159 1396 2213 amentiam.
1430 2158 1707 2214 Dementia
1740 2165 1878 2212 tctu-

284 2256 473 2328 porale
521 2253 707 2309 vitium
758 2263 863 2320 est,
920 2253 1150 2308 amentia
1199 2263 1534 2323 perpetuum.
1594 2251 1879 2309 Dementia

282 2356 462 2404 autem
488 2347 650 2412 dicta,
678 2346 832 2417 quasi
859 2347 1141 2402 diminutio
1177 2347 1394 2402 mentis.

351 2440 479 2496 145.
512 2441 655 2497 Inter
683 2442 1074 2497 Distinctionem
1121 2449 1178 2498 et
1211 2441 1710 2495 subdistinctionem.
1762 2438 1880 2494 Dis-

283 2534 469 2591 tinctio
523 2535 685 2591 ﬁnem
729 2549 924 2591 sensus
963 2535 1128 2602 facit,
1183 2533 1560 2591 subdistinctio
1603 2533 1882 2603 suspendit

285 2626 422 2699 [Αιά
453 2635 688 2682 mentem
720 2624 918 2698 θυεμ).

355 2721 484 2776 146.
542 2721 685 2778 Inter
760 2721 1050 2775 Dimidium
1094 2729 1147 2776 et
1195 2718 1542 2774 dimidiatum.
1591 2717 1880 2774 Dimidium

281 2822 369 2870 est
395 2829 548 2884 aequa
605 2829 732 2886 pars
771 2814 940 2870 divisa
963 2855 978 2881 ,
1020 2814 1358 2870 dimidiatum
1401 2812 1584 2885 utique
1613 2829 1756 2885 pars,
1785 2813 1880 2870 sed

284 2903 420 2978 [Al.,
443 2904 513 2976 si]
542 2921 648 2962 non
675 2907 922 2974 aequalis.

358 2999 487 3056 147.
515 2998 658 3055 Inter
702 2998 922 3055 Divertit
943 3007 999 3056 et
1024 3000 1250 3054 divortit.
1284 2997 1524 3054 Divortio
1557 2995 1673 3068 [F.,
1705 2996 1882 3052 divor-

1983 465 2142 521 vertit
2169 480 2320 535 vero,
2349 466 2439 536 qui
2469 480 2502 520 a
2531 464 2623 520 via
2653 465 2736 520 vel
2764 465 2974 521 ratione
2999 466 3259 522 deﬂectit.

2054 557 2158 626 21
2191 555 2320 611 148.
2379 557 2523 612 Inter
2575 555 2754 612 Deluit
2799 565 2855 612 et
2892 557 3043 612 diluit
3081 574 3098 612 :
3147 557 3326 614 Deluit
3365 565 3576 629 purgat,

1981 646 2138 703 diluit
2194 658 2474 719 temperat.
2493 648 2720 720 [Livius,
2749 649 2819 706 de
2847 660 3024 706 morte
3052 649 3338 707 Mitridatis
3367 670 3383 707 :
3431 652 3583 719 Quod

1983 757 2098 795 cum
2121 740 2378 796 diluisset.
3055 797 3057 800 ,

2058 833 2183 889 149.
2234 833 2378 888 Inter
2431 831 2688 886 Dilectum
2717 842 2769 888 et
2807 831 3077 890 delectum.
3110 833 3374 890 Dilectum
3403 850 3433 890 a
3461 835 3582 892 dili-

1983 923 2184 995 gendo,
2215 923 2483 978 delectum
2514 923 2581 978 ab
2607 923 2889 993 deligendo
2920 922 3052 995 [Al.,
3081 921 3371 995 eligendo].

2058 1013 2182 1069 150.
2215 1013 2358 1069 Inter
2401 1011 2666 1067 Directum
2721 1024 2776 1070 et
2823 1015 3102 1073 derectum.
3155 1018 3438 1076 Derectum
3486 1032 3583 1086 per

1986 1111 2153 1167 latum
2175 1119 2282 1175 est,
2326 1110 2588 1164 directum
2618 1092 2712 1180 per
2740 1111 2975 1182 longum.

2059 1203 2185 1258 151.
2219 1204 2362 1258 Inter
2408 1201 2710 1258 Discernere
2754 1211 2808 1258 et
2865 1219 3142 1259 secernere.
3195 1205 3466 1260 Discernit
3490 1202 3582 1274 qui

1987 1294 2043 1350 in
2084 1295 2219 1350 duas
2247 1302 2428 1364 partes
2457 1293 2685 1357 dividit,
2717 1296 2968 1360 secernit,
2999 1295 3088 1365 qui
3114 1311 3181 1350 ex
3221 1296 3405 1352 multis
3433 1311 3584 1353 seor-

1985 1402 2109 1442 sum
2137 1386 2302 1440 multa
2326 1386 2494 1456 eligit.

2059 1479 2182 1536 152.
2216 1479 2359 1536 Inter
2385 1479 2570 1534 Dicere
2596 1488 2653 1535 et
2689 1494 2988 1533 memorare.
3028 1479 3164 1533 Dicit
3189 1495 3354 1548 enim,
3382 1482 3475 1549 qui
3494 1495 3580 1537 se-

1988 1572 2096 1628 mel
2125 1572 2265 1628 idem
2298 1571 2609 1642 pronuntiat
2629 1613 2646 1640 ,
2696 1581 2990 1637 memorat,
3019 1585 3125 1626 non
3166 1572 3257 1641 qui
3287 1573 3452 1628 semel
3501 1572 3582 1628 di-

1989 1665 2082 1729 cit,
2128 1663 2223 1719 sed
2267 1663 2356 1733 qui
2409 1662 2608 1733 saepius
2669 1661 2835 1728 idem,
2875 1661 3151 1717 memoriae
3205 1662 3582 1718 conservanda:

1913 1779 1962 1839 Β
1990 1769 2173 1822 causa,
2205 1755 2351 1809 facit.

2062 1844 2188 1901 153.
2225 1845 2368 1901 Inter
2419 1845 2664 1915 Dersgere
2715 1853 2770 1900 et
2816 1844 3060 1916 dirigere.
3123 1843 3419 1914 Derigimus
3465 1857 3584 1913 quas

1982 1954 2170 2010 curva,
2196 1947 2321 1994 sunt
2345 1979 2361 2004 ,
2407 1937 2685 2007 dirigimus
2709 1979 2725 2005 ,
2756 1952 2876 1992 cum
2906 1937 3086 2007 aliquo
3113 1936 3398 1992 tendimus.

2055 2031 2178 2086 154.
2202 2033 2343 2086 Inter
2365 2031 2671 2101 Deportare,
2703 2041 3023 2101 comportare
3067 2041 3120 2086 et
3155 2039 3442 2101 experiare.
3485 2028 3588 2086 De-

1985 2132 2198 2192 portare
2245 2133 2328 2179 est
2358 2122 2558 2193 aliquid
2591 2121 2806 2188 afferre,
2840 2132 3183 2191 comportare
3214 2123 3267 2178 in
3297 2139 3463 2178 unum
3509 2122 3588 2178 Io-

1981 2232 2103 2274 cum
2125 2216 2393 2285 conferre,
2419 2227 2707 2285 exportare
2734 2215 2946 2270 tollere.

2056 2332 2182 2388 155.
2206 2331 2354 2387 Inter
2401 2329 2678 2385 Discedere
2705 2341 2759 2386 et
2808 2329 3102 2398 abscedere,
3143 2337 3198 2384 et
3222 2337 3435 2384 caetera.
3469 2325 3588 2382 Dis-

1983 2423 2175 2480 cedere
2206 2437 2301 2493 per
2325 2422 2617 2477 divortium
2661 2421 2914 2490 dicimus,
2937 2421 3230 2477 abscedere
3260 2432 3357 2490 per
3385 2420 3584 2476 absen-

1985 2521 2147 2586 tiam,
2206 2518 2461 2575 secedere
2511 2534 2607 2589 per
2660 2518 3086 2589 singularitatem
3119 2558 3137 2585 ,
3183 2514 3448 2573 decedere
3493 2526 3588 2584 pes

2041 2630 2212 2670 ortem
2223 2654 2235 2667 .

2041 2631 2104 2670 or
2163 2630 2235 2669 m.

1984 2625 2179 2764 milis.
2234 2707 2377 2762 Inter
2418 2705 2630 2759 Deauco
2689 2712 2744 2760 et
2787 2704 2997 2758 diduco.
3037 2703 3252 2757 Deduco
3302 2699 3370 2756 de
3413 2697 3588 2756 amico

1985 2799 2330 2874 producendo
2357 2798 2491 2871 μι.,
2516 2795 2902 2868 perducendo].
2939 2795 3142 2850 Diduco
3170 2803 3350 2848 autem
3389 2791 3584 2847 distra-

1985 2895 2076 2961 ho,
2137 2893 2217 2950 vel
2266 2891 2472 2948 divido.
2513 2889 2645 2945 Item
2673 2897 2932 2959 quantum
2974 2886 3043 2941 ad
3091 2899 3259 2956 equos
3288 2880 3586 2954 triumphs-

1985 2992 2064 3048 Ies
2085 2993 2189 3063 22
2208 2990 2455 3057 refertur,
2481 2987 2526 3043 si
2553 2986 2698 3058 equi,
2729 2985 2930 3040 duxere
2962 2982 3292 3053 triumphos;
3323 2981 3372 3037 si
3396 2983 3582 3047 boves,

286 3157 565 3211 deserendo
588 3155 776 3211 dictus.
810 3157 887 3228 Ex,
911 3154 1131 3228 Agraetii
1163 3163 1345 3228 mente
1371 3162 1560 3211 neutra
1585 3151 1880 3228 harum_l_e-
1910 3161 1959 3227 ο
2059 3179 2132 3228 σέ-
2166 3148 2398 3228 Diuertit.
2459 3145 2596 3202 Sunt
2645 3145 2778 3197 enim
2817 3139 3127 3228 diverticula
3148 3179 3165 3205 ,
3196 3137 3441 3228 “quecui-ib

287 3228 547 3293 ctionum,
575 3242 707 3298 quas
748 3243 846 3282 ms.
878 3221 1106 3291 habent,
1136 3227 1346 3282 tolerari
1389 3234 1584 3295 potest.
1609 3225 1696 3279 AI.
1724 3241 1740 3280 :
1766 3221 1885 3278 Dis-

288 3306 454 3354 sertus
478 3311 551 3354 est
581 3301 757 3353 doctus
785 3317 817 3353 a
844 3299 1157 3364 disserendo,
1189 3306 1296 3352 etc.

359 3371 484 3426 137.
513 3369 727 3425 Rectius
752 3369 888 3426 forte
914 3370 1144 3424 Fronto:
1181 3369 1346 3431 Dives,
1377 3369 1496 3438 quia
1525 3367 1783 3422 dividendi
1804 3365 1886 3434 fa-

291 3441 531 3495 cultatem
558 3441 727 3495 habet.
752 3442 920 3496 Varro
950 3456 979 3495 a
1008 3443 1123 3494 divo
1146 3440 1380 3494 deducit.

360 3540 429 3554 ——
458 3511 732 3568 Locorum.
753 3513 842 3568 Sic
868 3511 983 3567 fere
1021 3511 1238 3577 Fronto,
1258 3527 1312 3565 ix
1343 3511 1584 3578 Terent.,
1615 3509 1883 3574 Scaurus;

290 3594 344 3637 et
366 3583 483 3655 ipse
505 3584 812 3655 Etymolog.
841 3584 934 3639 lib.
969 3600 1021 3648 χ,
1057 3582 1232 3638 littera
1266 3581 1324 3635 L.

359 3652 503 3710 Ibid.
532 3652 678 3717 vat.,
710 3652 857 3722 quasi
886 3656 986 3708 loci
1016 3656 1218 3724 plenus.
1251 3654 1425 3706 Anev.

360 3725 486 3780 138.
523 3725 611 3781 Sic
632 3734 688 3781 et
707 3721 939 3781 Fronto:
976 3721 1117 3781 Ultio
1136 3725 1358 3779 vindicat
1381 3727 1606 3796 factum;
1635 3721 1880 3788 uindicta,

288 3796 364 3853 vel
388 3797 666 3851 cindicatio
683 3838 699 3862 ,
731 3799 904 3869 futura
929 3797 1176 3869 prohibet.

362 3869 487 3924 139.
520 3869 629 3928 AL,
661 3866 923 3922 Animam.
954 3868 1180 3932 Crimen,
1206 3866 1275 3920 al.
1302 3879 1406 3922 ms.

361 3939 488 4064 1143.
518 3938 690 4064 ιεέῗη
719 3941 846 3995 dict.
867 3939 1036 3995 Mente
1049 3931 1272 4009 captum.
1307 3936 1427 4008 Ipse
1450 3934 1757 4007 Etymolog.
1786 3931 1881 3988 lib.

404 4028 420 4064 ι
469 4026 561 4064 era
644 4050 658 4064 .

294 4026 350 4075 Χ,
383 4021 561 4066 littera
591 4021 658 4065 υ.

359 4111 430 4122 --
461 4079 623 4146 Non.,
656 4082 784 4137 dict.
812 4082 1040 4146 Delirus,
1072 4090 1128 4137 et
1169 4082 1281 4147 ipse
1306 4080 1357 4136 in
1384 4078 1757 4152 Etymologiis.

360 4183 434 4194 —
465 4153 672 4209 Sulcos.
701 4153 756 4208 In
787 4153 1088 4224 Etymolog.
1108 4153 1347 4224 additur:
1373 4149 1440 4206 In
1455 4148 1592 4224 quos
1620 4148 1784 4224 amnis
1803 4164 1879 4224 set

290 4241 380 4298 ges
421 4225 670 4289 decurrit,
696 4219 1002 4293 quod'cum
1043 4219 1270 4278 minime
1299 4219 1488 4278 verum
1514 4223 1606 4286 sit,
1636 4219 1884 4275 fortassis

289 4307 345 4350 et
372 4294 484 4350 illic
524 4311 586 4350 ea
616 4297 776 4351 verba
825 4296 1080 4352 tollenda.
1130 4305 1220 4348 aut
1248 4293 1588 4349 scribendum
1612 4307 1675 4347 ex
1705 4291 1878 4345 Nom:

295 4365 517 4438 Iu_quos
534 4368 698 4438 omnis
727 4367 870 4438 uligo
901 4336 1144 4422 decuriit.
1391 4437 1395 4438 ν
1551 4379 1556 4384 “

359 4435 503 4492 Ibid.
535 4437 677 4505 Vat.,
703 4435 823 4493 sine
853 4449 1015 4494 mente
1053 4439 1315 4509 defectus;
1364 4437 1558 4509 delirus
1586 4442 1759 4488 autem
1791 4448 1884 4502 pro

292 4519 461 4565 etate.
496 4509 574 4564 De
614 4509 940 4582 verbisque
971 4507 1405 4582 iniEt'ymologiis
1454 4507 1724 4562 adduntur
1762 4512 1885 4574 post

290 4583 521 4652 dirigunt
534 4581 734 4652 sulcos,
762 4580 877 4636 dixi
905 4596 1002 4636 suo
1028 4580 1162 4636 loco.
1213 4584 1381 4652 Angv.

363 4649 876 4725 111.Indignatus_;
909 4655 971 4717 L,
996 4662 1165 4717 natus,
1199 4661 1255 4706 ut
1296 4650 1508 4725 Festus.
1540 4650 1674 4708 Vide
1695 4649 1882 4715 Serv.,

291 4725 357 4779 ad
388 4724 518 4778 illud
551 4739 588 4779 ll
618 4722 782 4778 dim:
816 4722 946 4789 Qua:
971 4740 1112 4778 mens
1141 4735 1248 4777 tam
1275 4724 1408 4778 dira.

357 4823 429 4836 -—
458 4795 632 4860 Fest.,
658 4794 892 4850 dictione
920 4796 1150 4850 Alroces.

362 4865 508 4921 Ibid.
537 4865 790 4921 Paulinus
817 4881 913 4936 pro
943 4868 995 4920 in
1038 4867 1092 4919 id
1137 4869 1350 4920 adactus
1405 4863 1619 4936 indicat
1651 4879 1716 4919 ex
1744 4877 1880 4936 var.

293 4937 418 4993 lect.
465 4938 789 5009 indignatus,
810 4933 863 4992 et
919 4952 984 4991 ex
1032 4939 1339 5006 conjectura
1386 4947 1555 4990 natus.
1611 4933 1880 5009 Barthius,

293 5009 387 5064 lib.
418 5005 626 5063 XXXVIII
649 5009 958 5074 Adversar.,
982 5023 1100 5077 cap.
1131 5005 1191 5076 Ξ,
1232 5009 1357 5077 legit
1400 5024 1561 5077 tteque
1599 5005 1878 5077 suasibilis,

296 5089 349 5135 et
374 5080 592 5147 exponit
622 5079 904 5144 consultus,
926 5076 1124 5134 ratione
1158 5076 1324 5144 utens,
1356 5090 1412 5134 ut
1441 5076 1580 5150 apud
1611 5076 1878 5146 Apicium,

295 5161 348 5206 et
383 5150 756 5205 Phtebatlium.
788 5151 959 5206 Ansv.
1620 5164 1622 5167 '

370 5221 496 5276 ΗΞ.
513 5221 748 5286 SicCic.,
766 5223 927 5279 Tusc.
948 5238 1014 5278 tt:
1037 5221 1200 5277 Dolor
1215 5230 1383 5277 motus
1409 5239 1556 5292 asper
1574 5222 1628 5275 in
1651 5235 1883 5290 corpore,

294 5309 325 5346 a
354 5293 584 5350 sensibus
607 5294 829 5348 alienus.

367 5393 438 5436 1-
467 5363 585 5436 Ipse
617 5363 919 5436 Etymolog.
953 5365 1044 5421 lib.
1069 5381 1133 5431 ι,
1166 5366 1338 5422 littera
1371 5364 1420 5418 D
1449 5363 1578 5420 dicit
1621 5364 1850 5418 dolosas.

365 5435 526 5505 Ibid.‘
547 5435 664 5490 Vat.
697 5435 917 5490 adornat
950 5452 1047 5505 pro
1075 5437 1352 5491 adornata.
1381 5439 1555 5494 Anev.

371 5505 496 5579 144.
517 5495 640 5579 ὶέἱι).
675 5522 705 5561 x
743 5495 1038 5578 latymolog.
1067 5509 1238 5564 littera
1265 5508 1355 5579 D.,‘

369 5576 496 5650 145.
529 5576 826 5649 Ειχωοιοςζ
861 5579 952 5633 lib.
981 5576 1018 5643 ι’,
1051 5594 1168 5650 cap.
1203 5579 1287 5634 18.

366 5678 440 5692 —
463 5648 678 5706 Sensus.
708 5651 815 5716 AL,
849 5650 1057 5716 Mentis,
1083 5648 1158 5704 vel
1177 5668 1376 5708 sensus.

371 5719 751 5794 116_._Agraat.,
778 5730 832 5794 et
859 5723 1074 5790 copiose
1104 5724 1298 5793 Agell.,
1331 5724 1422 5779 lib.
1458 5740 1538 5794 tu,
1571 5737 1692 5794 cap.
1725 5720 1814 5778 14.

371 5820 445 5834 -—
468 5789 609 5860 Non,
631 5789 763 5848 dict.
793 5789 1099 5848 Divortium.

1911 4550 1968 4612 Ι)

1987 3223 2155 3286 verbo,
2189 3222 2379 3274 semita:
2429 3229 2725 3271 transversa:
2754 3231 2784 3286 ᾳ
2809 3215 2988 3286 latere,
3037 3213 3130 3266 vite
3177 3209 3448 3278 militares,
3505 3207 3581 3263 ait

1987 3284 2168 3357 Serm,
2197 3292 2262 3346 ad
2293 3289 2419 3345 illud
2451 3304 2504 3342 ιι
2533 3286 2664 3342 Atla.
2694 3285 2772 3339 Ad
2794 3284 3020 3357 divortia
3045 3291 3187 3357 nota.

2059 3352 2202 3418 Ibid.
2233 3362 2334 3417 Ms.
2366 3360 2511 3424 Vat.,
2542 3360 2619 3413 vel
2644 3374 2678 3410 a
2704 3355 2902 3410 ratione
2925 3353 3168 3424 deﬂectit.
3193 3352 3368 3407 Ansv.

2061 3433 2184 3490 148.
2218 3433 2297 3487 Ex
2326 3430 2577 3502 Agmtio.

2058 3537 2128 3546 —
2157 3492 2400 3575 Purgat,"
2411 3503 2524 3567 AL,
2556 3507 2740 3571 purgat
2767 3498 2845 3553 vel
2872 3498 3023 3563 lavat,
3049 3494 3192 3566 quod
3224 3501 3401 3549 tamen
3427 3492 3580 3548 abest

1988 3577 2056 3634 ab
2081 3577 2334 3647 Agraatio.

2059 3635 2344 3702 —"Livius.
2379 3645 2457 3701 Ex
2484 3644 2580 3701 lib.
2605 3659 2697 3709 cn,
2723 3652 2780 3697 ut
2807 3645 3018 3697 constat
3049 3652 3118 3693 ex
3144 3635 3290 3693 Flori
3321 3636 3580 3708 epitome,

1985 3731 2104 3776 erat
2121 3721 2292 3774 locus.

2059 3791 2198 3844 Ibid.
2226 3788 2494 3852 Barthius,
2526 3787 2620 3842 Iib.
2668 3797 2862 3856 !X_XI_!,_
2894 3794 3014 3849 cap.
3047 3776 3137 3856 14,
3192 3777 3370 3846 potius
3417 3774 3584 3856 Festo

1986 3862 2073 3918 vel
2106 3861 2274 3918 Paulo
2303 3848 2615 3918 assentitur,
2645 3854 2737 3925 qui
2779 3848 2988 3907 deluere
3016 3848 3230 3904 solvere
3278 3848 3504 3917 exponit
3549 3857 3582 3899 ι

1989 3935 2199 4000 luenda,
2233 3947 2340 3987 non
2369 3946 2398 3984 a
2425 3927 2667 3984 lavando.
2699 3929 2874 3982 Ant-3v.
2945 3995 2958 4000 _
3223 3988 3238 4000 ι
3304 3986 3342 4000 ,
3402 3987 3434 4000 Α,
3506 3987 3520 4000 ,

2221 4002 2300 4126 [ἓξ
2326 4001 2531 4126 .‘eadem
2555 4007 2733 4054 mente
2764 3995 3055 4066 Agraetius:
3086 3988 3238 4061 diligi
3260 3986 3584 4057 dilectionis,

2075 4093 2144 4126 tat
2175 4092 2228 4126 ηι
2273 4091 2334 4126 181
2363 4114 2376 4126 .

1989 4077 2144 4131 deliai
2175 4074 2376 4131 iudicii.

2061 4094 2376 4201 [igiiiuliiiich
2394 4143 2675 4213 legendum
2711 4135 3101 4213 constat_a_pud
3123 4131 3410 4213 Agraetiutn
3443 4127 3585 4184 unde

1988 4227 2233 4288 sumptus
2252 4214 2432 4298 .quoatl
2446 4201 2674 4268 Eetisum
2707 4212 2886 4293 locus:
2927 4201 3195 4291 Directuni
3214 4205 3269 4256 in
3294 4201 3460 4284 latera
3485 4215 3586 4270 ap-

1991 4299 2174 4342 tatum.
2209 4289 2299 4345 SIC
2349 4297 2403 4342 et
2449 4283 2749 4354 Etymolog.
2783 4281 2876 4336 lib.
2908 4289 2960 4346 ς,
2988 4279 3069 4335 ltt.
3121 4277 3204 4330 D:
3235 4272 3474 4328 Dtrectus
3525 4285 3587 4324 eo

2011 4304 2174 4342 atum.
2209 4304 2299 4345 mc
2349 4304 2403 4342 et
2450 4304 2749 4346 mytuowg.
2783 4304 2876 4336 ιω.
2908 4304 2960 4346 x,
2988 4304 3069 4335 us.
3121 4304 3198 4330 υ.

1987 4361 2124 4430 quod
2149 4362 2201 4414 in
2228 4366 2424 4430 rectum
2444 4357 2602 4430 vadit.
2747 4423 2830 4430 ___
2982 4422 2994 4430 _
3117 4420 3155 4430 _
3226 4417 3259 4430 __
3287 4415 3300 4428 .

2060 4431 2203 4486 Ibid.
2226 4429 2539 4500 Elegantem
2570 4425 2710 4480 hanc
2730 4422 3089 4480 differentiam
3117 4417 3370 4475 Barthius
3399 4419 3578 4470 vocat.

1993 4503 2168 4559 Alter.

2059 4573 2182 4631 152.
2220 4574 2390 4638 Fest.,
2420 4571 2549 4626 dict.
2579 4567 2888 4622 Memorare.

2017 4647 2019 4650 ⁴
2065 4645 2206 4700 Ibid.
2241 4644 2588 4712 Vat.,sa:pius
2619 4640 2702 4712 id:
2728 4640 2904 4692 Anuv.

2065 4697 2305 4772 133.78%
2337 4697 2529 4768 Paulus
2569 4727 2634 4766 ex
2666 4710 2822 4764 Festo
2856 4726 2871 4764 :
2907 4707 3138 4780 Dirigere
3165 4701 3307 4780 apud
3342 4697 3590 4780 Plautum

1989 4771 2240 4843 invenitur
2265 4803 2357 4854 pro
2374 4783 2653 4848 discedere,
2677 4781 2772 4835 sed
2789 4771 3076 4833 discindere
3105 4771 3231 4846 legit
3257 4774 3338 4828 vir
3363 4771 3588 4834 erudit.;

1993 4860 2060 4915 Et
2086 4875 2203 4912 cum
2231 4859 2423 4915 aliquo.
2448 4860 2556 4915 AL,
2588 4870 2703 4907 eum
2724 4852 2792 4905 ad
2815 4853 3058 4915 aliquem.
3392 4912 3419 4915 Δ

2043 4871 2060 4914 t
2086 4875 2203 4912 cum
2231 4869 2423 4919 attquo.
2448 4869 2556 4919 AL,
2588 4870 2703 4907 cum
2724 4869 2792 4905 aa
2815 4869 3058 4919 aliquem.

2086 4875 2203 4912 cum
2231 4867 2423 4926 attquo.
2448 4867 2556 4919 AL,
2588 4870 2703 4907 eum
2724 4867 2792 4905 aa
2815 4867 3058 4921 anquem.

2063 4930 2186 4986 154.
2212 4928 2373 4984 Forte
2403 4924 2748 4982 scribendum
2775 4939 2843 4978 ex
2885 4930 3064 4976 mente
3094 4917 3349 4989 Agrzetii:
3381 4912 3586 4978 Depor-

1990 5010 2119 5068 tare,
2142 5019 2200 5056 ea
2222 5002 2455 5069 deferre;
2477 4998 2616 5053 male
2647 5005 2822 5049 tamen
2847 4995 2980 5063 ipse,
3006 4987 3273 5063 deponere.
3297 4987 3588 5054 Apportare

1989 5084 2064 5127 est
2106 5072 2300 5142 aliquid
2331 5071 2548 5142 afferre;
2580 5084 2774 5142 comp_._,
2803 5076 2908 5142 etc.

2062 5175 2126 5187 _.
2165 5137 2495 5216 TollereQ-De
2523 5137 2860 5216 loco_t_oller_e_.
2881 5137 3082 5216 Agraei.
3127 5206 3138 5216 _
3176 5206 3187 5216 _
3325 5211 3445 5216 JH
3466 5193 3563 5216 μ’,

2066 5193 2190 5270 156'.
2211 5193 2507 5280 sese};
2532 5193 2598 5266 ad
2629 5211 2704 5264 ill.
2741 5224 2757 5262 ι
2780 5208 2904 5263 Ain.
2929 5193 3288 5282 {inspiciens
3305 5211 3446 5253 mare
3465 5193 3590 5248 reli-

1993 5290 2160 5342 t'olum
2182 5303 2196 5340 :
2222 5316 2292 5328 --
2324 5272 2556 5350 Deduco,
2581 5296 2890 5351 prosequor;
2919 5272 3366 5353 diduce,_divido.”

2065 5387 2136 5399 --
2172 5357 2264 5412 Vel
2286 5357 2478 5411 divido.
2511 5343 2597 5410 A'I'.
2629 5371 2718 5407 seu
2742 5343 2904 5419 'pono,
2931 5351 2981 5403 id
3002 5356 3107 5411 est,
3129 5344 3170 5398 f.
3201 5360 3290 5399 seu
3313 5343 3549 5410 dispono.

2067 5459 2137 5470 -—
2167 5427 2360 5499 Equos.
2393 5428 2566 5482 Malim
2590 5442 2788 5499 currus.

2064 5531 2133 5542 —
2163 5482 2482 5556 subducere.
2511 5499 2590 5554 Ex
2639 5498 2818 5560 Serv.,
2847 5492 2914 5546 ad
2965 5489 3044 5545 ill.
3077 5505 3094 5544 ι
3125 5486 3254 5545 Ain.
3291 5482 3590 5541 Subducere

1995 5575 2226 5629 classem.

2064 5676 2134 5686 -—
2165 5643 2459 5700 Deducunt.
2488 5657 2544 5697 ut
2572 5640 2700 5697 En.
2730 5638 2839 5700 AL,
2872 5636 3141 5690 diducunt.

2067 5719 2205 5772 Ibid.
2245 5719 2383 5781 Vat.,
2410 5716 2603 5770 deduco
2633 5726 2725 5779 pro
2756 5710 2928 5764 animo
2970 5705 3286 5762 deducendo.
3319 5705 3497 5760 A381.
