4056 6350
460 264 525 323 31
1487 263 1546 316 S.
1589 257 1835 318 ISIDORI
1877 249 2318 313 HISPALENSIS
2361 250 2670 309 EPISCOPI
3683 243 3754 301 32

460 381 662 451 τί,“11011
685 379 877 452 prosit,
895 379 1177 448 deportato
1195 383 1406 431 noceat.
1423 374 1553 430 Item
1569 374 1772 428 distant
1787 373 1890 444 27
1910 381 1967 426 et
1995 370 2048 424 in
2075 375 2127 433 Α
2153 370 2406 423 timorem.
2460 365 2711 421 Formido
2752 362 3024 433 objicitur,
3071 363 3154 419 vel
3184 362 3379 430 oculis,
3425 361 3510 420 vel
3537 364 3744 429 animo,

460 473 568 530 Ioci
599 472 876 544 qualitate.
901 469 1058 537 Quod
1089 484 1211 524 cum
1246 468 1486 537 relegata
1509 465 1725 535 quidem
1758 464 2047 520 humanius

461 566 788 636 transigitur,
843 561 1138 633 deportatis
1170 575 1300 617 vero
1341 559 1520 615 solent
1563 558 1754 613 insula:
1784 556 2050 625 assignari

461 673 582 725 qua
602 667 727 713 sunt
750 657 1082 726 asperrimas,
1115 670 1344 726 quaeque
1370 663 1494 709 sunt
1523 653 1681 724 paqu
1705 652 1884 707 minus
1903 666 2051 707 sum-

464 764 557 806 mo
582 750 847 820 supplicio
869 748 1266 818 comparandae.

531 841 657 897 201.
703 842 845 897 Inter
866 839 1111 895 Eremum
1139 849 1192 896 et
1218 840 1494 895 desertum.
1533 839 1759 893 Eremus
1788 836 1947 904 estin
1973 836 2055 891 via

469 938 724 1003 solitudo,
773 938 866 993 ubi
923 951 1197 1006 nunquam
1256 935 1556 991 habitatum
1613 945 1722 998 est,
1781 933 2054 988 desertum

462 1030 553 1086 ubi
581 1029 871 1099 aliquando
893 1029 1190 1083 habitatum
1233 1037 1287 1082 et
1314 1027 1631 1082 derelictum
1665 1035 1769 1080 est.

535 1122 664 1179 202.
698 1121 844 1176 Inter
896 1121 1317 1174 Exsecrationem
1344 1128 1398 1174 et
1421 1119 1754 1190 jurationem.
1795 1117 2056 1172 Exsecra-

463 1215 556 1280 tio,
598 1226 655 1268 ut
681 1223 801 1283 puta
833 1230 846 1266 :
877 1212 934 1266 Si
959 1212 1152 1265 malum
1175 1229 1276 1266 non
1302 1212 1470 1279 patior
1501 1211 1611 1284 [F.,
1641 1219 1696 1263 ut
1720 1210 1918 1263 malum
1942 1224 2044 1262 non

461 1305 650 1378 patiar]
671 1323 684 1372 ;
705 1305 911 1360 Juratio
938 1320 956 1359 :
987 1304 1048 1359 Si
1071 1306 1258 1359 bonum
1282 1304 1409 1357 mihi
1444 1304 1624 1357 evenit.

534 1398 657 1452 205.
686 1397 829 1451 Inter
859 1394 1180 1465 Expertum.
1232 1407 1285 1451 et
1312 1405 1680 1465 experrectum.
1743 1395 2056 1463 Expertum,

460 1490 663 1560 aliquid
693 1489 932 1558 agnitum
959 1528 975 1551 ,
1009 1497 1385 1558 experrectum
1404 1504 1434 1543 a
1453 1503 1663 1544 somno.

529 1581 657 1636 204.
701 1582 843 1636 Inter
876 1578 958 1633 En
997 1589 1051 1635 et
1075 1597 1176 1636 ent.
1209 1581 1312 1648 En,
1343 1597 1466 1638 cum
1496 1579 1758 1646 ostendis,
1792 1595 1901 1646 em,
1935 1594 2056 1634 cum

457 1691 730 1746 inerepas.

2150 462 2268 517 sine
2297 460 2534 516 adhibita
2581 458 2812 524 ratione,
2858 467 2914 512 et
2963 457 3197 512 maxime
3245 456 3524 526 parvulis,
3587 471 3753 527 pavor

2152 566 2330 611 autem
2359 570 2480 610 cum
2502 553 2784 608 timiditate
2814 551 2979 606 animi
3000 550 3176 606 subita
3192 559 3276 606 est
3303 552 3630 607 conturbatis
3657 565 3751 609 oo-

2153 649 2322 718 casio,
2352 663 2472 719 quae
2501 657 2680 702 tamen
2721 646 2948 701 solvitur
2977 646 3208 712 ratione,
3239 646 3327 701 vel
3359 655 3621 716 tempore,
3653 661 3752 704 nec

2155 750 2283 809 stat,
2315 741 2441 796 item
2490 749 2665 796 metus
2694 749 2777 795 est
2825 747 3002 794 motus
3048 738 3268 794 interior
3319 739 3486 793 animi
3519 739 3750 805 subitus,

2156 830 2270 886 sive
2299 829 2499 895 cordis,
2530 829 2702 884 factus
2731 844 2795 884 ex
2838 829 3013 897 aliqua
3041 828 3178 883 tristi
3226 829 3623 885 recordatione.
3671 831 3758 886 'I‘i’

2158 935 2276 975 mor
2304 937 2430 976 vero
2457 930 2539 975 est
2564 922 2829 975 accedens
2859 919 3013 974 dolor
3051 921 3248 976 mentis
3279 921 3616 976 extrinsecus
3642 963 3658 988 ,
3689 937 3754 977 ex

2159 1013 2332 1081 aliqua
2388 1011 2651 1065 accidenti
2699 1010 3003 1066 occasione.
3060 1011 3229 1066 Porro
3291 1012 3547 1066 timiditas
3589 1011 3754 1068 animi

2158 1104 2342 1159 vitium
2374 1106 2759 1174 sempiternum
2792 1115 2893 1160 est.
2927 1106 3058 1160 Nam
3119 1107 3300 1173 timor,
3355 1120 3449 1174 pro
3508 1115 3752 1176 tempore

2159 1206 2259 1252 est.
2301 1196 2481 1265 Itaque
2513 1197 2565 1250 in
2592 1197 2705 1250 viro
2742 1196 2869 1251 forti
2907 1207 2994 1252 est
3014 1198 3303 1268 aliquando
3336 1199 3516 1264 timor,
3550 1198 3753 1252 timidi-

2162 1299 2244 1345 tas
2272 1307 2565 1361 nunquam.
2598 1293 2694 1347 Est
2743 1302 2920 1348 autem
2964 1304 3016 1349 et
3044 1294 3218 1350 bonus
3263 1295 3422 1348 timor
3453 1303 3506 1348 et
3558 1294 3751 1349 malus.

2162 1383 2332 1437 Malus
2383 1393 2485 1450 est,
2519 1400 2640 1438 cum
2683 1386 2992 1454 temporalia
3041 1385 3179 1440 bona
3229 1387 3457 1456 quisque
3488 1387 3587 1440 sibi
3631 1387 3756 1440 sub-

2165 1477 2302 1532 trahi
2331 1477 2692 1546 perhorrescit
2714 1479 2848 1551 [Al.,
2878 1480 3112 1534 abstrahi
3140 1479 3486 1552 pertimescit]
3512 1498 3525 1546 ;
3559 1481 3753 1548 bonus,

2163 1585 2282 1625 cum
2311 1581 2509 1639 quanto
2555 1572 2677 1640 quis
2721 1570 2886 1626 Deum
2916 1573 3192 1627 ardentius
3225 1573 3418 1642 diligit,
3454 1583 3599 1628 tanto
3629 1589 3754 1628 eum

2163 1660 2473 1732 diligentius
2501 1662 2771 1718 offendere
2801 1665 3146 1732 pertimescit.
3199 1664 3329 1718 Nam
3364 1668 3550 1720 timere
3591 1666 3758 1721 inter-

529 1767 658 1823 θος),
702 1769 847 1825 [Mer
877 1770 1091 1825 Ebria",
1116 1777 1174 1826 ει
1199 1768 1474 1822 ebriosum.
1501 1767 1695 1821 Ebrius
1737 1766 1802 1820 ad
1845 1775 2055 1833 tempus
2089 1767 2136 1826 Β
2162 1751 2286 1806 dum
2322 1753 2559 1820 prodest,
2594 1762 2648 1806 et
2675 1752 2850 1819 decet,
2893 1769 2987 1822 pro
3034 1753 3288 1823 qualitate
3343 1766 3641 1824 temporum
3673 1766 3755 1811 at-

462 1859 690 1914 multum
729 1861 884 1931 bibit,
919 1861 1164 1918 ebriosus
1195 1873 1409 1928 semper
1443 1859 1666 1912 multum
1697 1858 1849 1913 bibit.

532 1952 657 2007 206.
703 1953 841 2008 Inter
871 1952 1105 2022 {Equum
1130 1964 1183 2007 et
1207 1967 1415 2021 equum.
1441 1951 1641 2020 Equus,
1677 1949 1819 2019 quod
1844 1959 1926 2004 est
1947 1948 2068 2002 ani-

462 2045 602 2112 mal,
636 2062 729 2115 per
775 2064 802 2101 e
831 2059 886 2104 et
924 2065 978 2102 u.
1024 2048 1135 2102 sola
1180 2045 1550 2100 scribendum.
1604 2043 1754 2109 Quod
1812 2055 1941 2096 vero
1969 2055 2064 2110 pro

457 2139 602 2208 justo
626 2140 874 2196 scribitur
919 2138 1036 2213 [F.,
1061 2135 1342 2208 accipitur]
1381 2152 1475 2206 per
1501 2152 1546 2190 at
1573 2135 1942 2205 diphthongon
1968 2147 2065 2203 ge-

461 2231 660 2286 minata
684 2250 716 2286 u
745 2250 780 2288 u
801 2243 884 2288 est
913 2233 1276 2288 scribendum.

1072 2324 1151 2378 De
1186 2322 1358 2377 littera
1398 2321 1461 2378 F.

533 2413 660 2470 207.
705 2414 844 2470 Inter
877 2413 1110 2470 Fidelem
1157 2425 1211 2470 et
1240 2415 1425 2483 ﬁdum.
1475 2411 1638 2468 Fidus
1685 2411 1888 2467 amicus
1931 2409 2066 2466 dici-

463 2513 573 2575 tur,
602 2506 775 2561 lidelis
805 2504 1054 2561 famulus.
1093 2506 1221 2560 Item
1249 2505 1479 2560 infidelis
1501 2513 1583 2559 est
1606 2504 1698 2573 qui
1728 2511 1876 2558 caret
1903 2501 2069 2557 ﬁrmi-

463 2603 606 2662 tate,
641 2596 857 2662 infidus,
885 2598 976 2666 qui
1007 2597 1132 2650 ﬁde.

535 2685 662 2743 208.
716 2688 858 2744 Inter
907 2687 1189 2743 Famosum
1234 2698 1287 2744 et
1340 2689 1607 2759 infamem.
1653 2685 1913 2742 Famosus
1958 2693 2064 2748 est,

463 2776 532 2833 de
558 2795 661 2849 quo
685 2780 822 2834 fama
849 2781 1082 2850 loquitur
1110 2796 1207 2836 seu
1229 2782 1366 2836 bene
1391 2796 1485 2836 seu
1513 2781 1682 2847 male,
1707 2781 1918 2835 infamis
1941 2795 2068 2836 vero

464 2879 670 2927 tantum
702 2873 856 2928 make
887 2872 1044 2929 fama:
1073 2883 1178 2929 est.

533 2962 658 3019 209.
703 2966 843 3022 Inter
872 2963 1120 3022 Ferocem
1157 2976 1210 3023 et
1249 2968 1437 3037 ferum.
1486 2967 1662 3023 Ferox
1708 2967 1906 3034 dicitur
1951 2970 2067 3021 ani-

463 3070 608 3124 mus,
633 3056 777 3113 ferus
804 3058 910 3114 leo.

2169 1861 2273 1914 que
2307 1860 2612 1899 causarum.

2239 1957 2365 2012 215.
2425 1958 2568 2013 Inter
2591 1956 2819 2014 Facinus
2846 1971 2900 2015 et
2927 1963 3184 2031 flagitium
3230 1962 3300 2016 ita
3325 1962 3532 2018 videtur
3564 1963 3755 2019 distin-

2168 2064 2330 2118 guere
2361 2051 2709 2120 Augustinus.
2760 2052 3027 2122 Quidquid
3053 2056 3208 2120 enim,
3240 2055 3431 2122 inquit,
3465 2058 3570 2126 agit
3607 2058 3758 2112 indo-

2169 2139 2293 2192 mita
2343 2142 2602 2205 cupiditas
2629 2143 2695 2194 ad
2745 2145 3174 2213 corrumpendum
3227 2146 3455 2198 animum
3484 2159 3530 2198 et
3576 2163 3760 2216 corpus

2171 2247 2349 2296 suum,
2410 2234 2666 2305 ﬂagitium
2729 2246 2972 2300 vocatur,
3029 2237 3279 2306 quidquid
3345 2254 3461 2292 vero
3531 2240 3634 2309 agit
3705 2249 3762 2294 ut

2168 2324 2317 2376 alteri
2345 2336 2542 2390 noceat,
2571 2325 2761 2378 dicitur
2810 2327 3029 2396 facinus.
3064 2327 3127 2380 Et
3173 2329 3280 2382 hac
3312 2330 3413 2383 duo
3435 2347 3621 2400 genera
3643 2339 3763 2386 sunt

2171 2419 2398 2466 omnium
2452 2413 2586 2486 [Al.,
2637 2414 2919 2486 hominum]
2980 2428 3321 2485 peccatorum.
3390 2419 3497 2474 Sed
3560 2421 3763 2489 ﬂagitia

2169 2508 2345 2576 priora
2373 2517 2514 2573 sunt,
2539 2524 2654 2576 qut:
2679 2524 2795 2562 cum
2819 2511 3138 2575 corruperint
3164 2512 3393 2564 animum
3431 2513 3485 2564 in
3530 2512 3765 2582 facinora

2172 2601 2464 2668 prosiliunt.

2243 2704 2351 2773 29
2367 2701 2494 2757 216.
2517 2703 2657 2757 Inter
2677 2701 3018 2756 Phantasiam
3042 2711 3097 2758 et
3117 2702 3446 2772 phantasma.
3474 2701 3761 2757 Phantasia

2171 2804 2252 2849 est
2275 2796 2448 2864 imago
2477 2795 2702 2864 alicujus
2721 2795 2962 2864 corporis
2982 2794 3118 2862 visa,
3138 2794 3486 2862 etcogitando
3505 2805 3688 2864 postea
3711 2796 3762 2850 in

2170 2886 2351 2939 animo
2383 2886 2621 2955 ﬁgurata,
2654 2894 2710 2940 ut
2740 2894 2889 2955 puta,
2914 2887 2996 2940 avi
3029 2886 3112 2941 vel
3145 2885 3312 2956 patris
3342 2887 3572 2956 species,
3606 2899 3764 2956 quem

2171 2978 2460 3048 aliquando
2497 2979 2747 3045 vidimus,
2783 2993 2845 3032 ac
2877 2977 3004 3031 dum
3046 2977 3334 3048 cogitando
3375 2993 3760 3043 memoramus,

2175 3070 2506 3139 phantasiam
2538 3071 2791 3125 dicimus.
2827 3070 3148 3125 Phantasma
3179 3086 3306 3125 vero
3333 3081 3415 3125 cst
3435 3086 3500 3126 ex
3535 3071 3765 3140 imagine

537 3144 664 3205 210.
697 3151 840 3205 Inter
860 3147 1129 3205 Fallacem
1150 3161 1203 3207 et
1223 3152 1537 3207 mendacem.
1566 3152 1756 3208 Omnis
1784 3151 1943 3208 homo
1969 3153 2066 3210 fal-
2093 3163 2140 3226 ς
2172 3164 2405 3234 cognita,
2453 3164 2650 3234 aliqua,
2698 3178 2857 3232 quam
2905 3163 3160 3230 vidimus,
3203 3163 3378 3234 imago
3420 3163 3664 3230 formata,
3711 3170 3770 3218 ut

465 3239 551 3297 Iax
572 3240 625 3296 id
654 3241 783 3312 agit,
807 3243 916 3314 28
935 3242 1076 3298 unde
1099 3243 1324 3314 quisque
1347 3243 1590 3310 fallatur;
1617 3257 1722 3298 non
1751 3253 1928 3299 autem
1952 3259 2067 3298 om-

466 3331 549 3390 nis
577 3335 690 3390 vult
714 3334 899 3391 fallere
923 3339 1012 3407 qui
1035 3337 1309 3392 mentitur.
1337 3337 1488 3394 Sicut
1514 3339 1663 3393 mimi
1692 3347 1747 3394 et
1767 3340 2068 3406 comoediae,

466 3436 522 3484 et
550 3429 718 3486 multa
748 3440 1016 3501 poemata,
1061 3432 1150 3486 ubi
1179 3432 1518 3487 mendaciutn
1545 3433 1847 3488 delectandi
1895 3434 2072 3502 potius

467 3521 644 3577 studio
661 3539 818 3594 quam
836 3523 1053 3580 fallendi
1072 3526 1346 3582 voluntate
1360 3527 1628 3582 scribitur.
1661 3526 1791 3582 Nam
1815 3537 1868 3583 et
1886 3543 2073 3582 omnes

468 3609 584 3670 fere
597 3615 686 3684 qui
701 3619 948 3684 jocantur
966 3616 1099 3688 ML,
1117 3634 1253 3688 pene
1267 3621 1356 3690 qui
1376 3617 1705 3690 loquuntur],
1726 3621 2069 3674 mentiuntur.

539 3691 675 3763 211.
712 3707 854 3763 Inter
906 3706 1180 3763 Furiatum
1250 3720 1306 3765 et
1351 3713 1623 3782 furiosum.
1685 3710 1944 3767 Furiosus
1993 3723 2077 3769 est

471 3799 560 3872 qui
602 3797 834 3880 ferarum
866 3803 972 3858 ritu
1000 3803 1186 3870 fertur,
1224 3815 1278 3860 et
1306 3805 1376 3860 ab
1414 3821 1479 3861 eo
1505 3807 1655 3861 furor
1687 3821 1956 3877 nunquam
1992 3822 2077 3862 re-

470 3898 634 3967 cedit,
681 3899 903 3955 furiatus
929 3900 1020 3969 qui
1045 3899 1173 3953 furit
1197 3915 1263 3954 ex
1291 3916 1472 3955 causa.

541 3991 669 4045 212.
716 3992 860 4048 Inter
892 3991 1189 4058 Furiosum,
1237 3993 1484 4059 furentem
1515 3991 1652 4063 [AI.,
1702 3993 1994 4063 furientem]
2025 4003 2081 4049 et

472 4085 681 4140 iratum.
733 4082 988 4139 Furiosus
1044 4094 1125 4140 est
1189 4083 1371 4152 corde,
1427 4085 1608 4142 furens
1657 4085 1789 4157 [Al.,
1848 4082 2078 4157 furtens]

474 4190 656 4245 causa,
697 4175 864 4232 iratus
893 4177 1107 4232 merito.

543 4267 676 4326 215.
713 4268 856 4323 Inter
878 4265 1222 4323 Ferocitatem
1250 4278 1304 4324 et
1333 4268 1607 4338 feritatem.
1638 4269 1914 4324 Ferocitas
1935 4283 2080 4340 saepe

478 4360 625 4418 laudi
654 4361 900 4441 habetur.
934 4360 1032 4416 Est
1072 4363 1214 4417 enim
1264 4362 1518 4418 ferocitas
1547 4364 1800 4429 militum,
1843 4374 1898 4419 et
1925 4362 2078 4418 ferox

477 4452 736 4523 juventus
758 4452 974 4510 dicitur.
1010 4453 1218 4510 Feritas
1252 4466 1430 4511 autem
1461 4456 1612 4512 dirus
1640 4457 1804 4511 animi
1837 4456 2074 4511 habitus.

551 4543 680 4600 214.
725 4544 869 4602 Inter
899 4545 1284 4616 Farmidinem,
1307 4564 1570 4619 pavorem.
1620 4560 1674 4605 et
1705 4557 1909 4613 metum,
1961 4549 2076 4603 sive

483 4708 601 4780 dice
628 4707 883 4763 Vaticano
911 4709 1074 4766 5321.
1100 4709 1350 4766 Barthius
1380 4725 1497 4767 eam
1535 4712 1735 4780 reperit
1761 4714 1814 4765 in
1843 4728 1940 4765 suo
1970 4715 2071 4767 Lo-

485 4778 624 4843 dice,
652 4781 880 4853 ubi_era_t
902 4799 1088 4851 magna
1115 4781 1524 4853 cudi/ferentia,
1549 4778 1612 4836 ut
1634 4784 1706 4835 ait
1736 4781 1954 4837 Orenius
1976 4783 2077 4853 pri-

483 4867 567 4906 mo
591 4860 695 4906 etc.
731 4851 978 4919 Conjicit,
1003 4862 1056 4905 ut
1081 4854 1152 4906 ait
1183 4851 1491 4914 Herennius.
1519 4855 1722 4908 scilicet
1752 4851 2075 4908 Modesﬁnus

485 4922 611 4986 JC.;
642 4931 696 4975 et
718 4937 862 4983 mox.
890 4923 960 4975 ita
988 4925 1040 4975 in
1064 4924 1283 4993 relegata
1306 4924 1347 4976 si
1379 4927 1563 4978 mentio
1586 4941 1686 4978 non
1717 4926 1771 4990 fit
1801 4925 2071 4989 bonorum,

487 4992 683 5046 homini
714 4993 897 5061 prosit,
930 4992 1196 5060 deportato
1224 5006 1420 5049 noceat.
1453 4997 1628 5050 Annv.

556 5061 684 5115 202.
719 5061 938 5116 Videtur
964 5079 1029 5116 ex
1070 5065 1246 5128 Serv.,
1280 5066 1345 5118 ad
1378 5066 1506 5121 illud
1528 5082 1566 5121 Il
1595 5065 1722 5120 Ain.
1757 5084 1770 5120 :
1811 5065 1914 5119 Vos
1945 5082 2070 5132 arae,

2175 3271 2322 3328 puta,
2356 3260 2562 3328 species
2590 3259 2672 3312 avi
2703 3274 2862 3328 quem
2887 3274 3155 3326 nunquam
3181 3259 3374 3313 vidisse
3400 3259 3765 3326 meminimus;

2175 3352 2267 3405 sed
2296 3361 2472 3405 tamen
2506 3349 2620 3419 ejus
2655 3351 2862 3420 species
2879 3353 2998 3405 'non
3031 3351 3310 3415 memoria,
3343 3353 3438 3407 sed
3470 3363 3615 3404 motu
3649 3352 3767 3407 ani-

2176 3442 2248 3496 mi
2296 3441 2571 3511 ftguratur.
2617 3441 2691 3494 De
2734 3441 2963 3509 cognitis
3006 3456 3134 3509 ergo
3175 3441 3457 3509 speciebus
3507 3444 3768 3498 memoria

2176 3533 2416 3596 collecta,
2452 3532 2731 3602 phantasia
2762 3542 2872 3597 est;
2925 3531 2992 3586 de
3023 3532 3306 3601 incognitis
3349 3533 3559 3604 species
3590 3536 3774 3589 animo

2179 3625 2422 3694 ﬁgurata,
2457 3623 2795 3691 phantasma.
2825 3623 2955 3678 Nam
2987 3624 3208 3694 figurata
3239 3623 3610 3694 phantasmata
3639 3626 3774 3680 nihil

2178 3720 2321 3775 aliud
2352 3728 2478 3774 sunt
2505 3735 2663 3790 quam
2706 3719 2772 3774 de
2812 3719 2992 3789 specie
3025 3719 3290 3788 corporis,
3321 3733 3582 3788 corporeo
3612 3735 3774 3776 sensu

2180 3812 2486 3876 abstracta;
2535 3811 2895 3881 ﬁgmentoque
2935 3812 3226 3877 memoria},
3273 3820 3330 3865 ut
3366 3821 3582 3881 accepta
3626 3821 3772 3883 sunt,

2181 3904 2263 3958 vel
2294 3904 2500 3972 partiri,
2536 3903 2619 3957 vel
2651 3902 3030 3971 multiplicare,
3066 3903 3149 3958 vel
3179 3903 3521 3965 contrahere,
3550 3903 3631 3957 vel
3662 3903 3777 3958 dis-

2183 3994 2424 4058 tendere,
2475 3993 2559 4047 vel
2588 3993 2858 4056 ordinare,
2898 3993 2981 4048 vel
3036 3994 3273 4060 turbare,
3312 3994 3396 4050 vel
3429 3993 3687 4064 quidlibet
3715 3996 3777 4049 ﬁ-

2181 4099 2372 4154 gurare
2419 4081 2704 4151 cogitando
2754 4081 3060 4136 facillimum
3105 4093 3208 4148 est,
3259 4085 3376 4144 sed.
3427 4100 3547 4139 cum
3587 4101 3772 4139 verum

2182 4175 2457 4245 qumritur.
2494 4189 2684 4228 cavere
2725 4184 2780 4229 et
2824 4174 2993 4230 vitare
3039 4176 3277 4232 difﬁcile.
3322 4178 3449 4232 Item
3495 4180 3775 4249 phantasia

2183 4275 2265 4322 est
2286 4267 2678 4338 incognitarum
2705 4284 2882 4322 rerum
2909 4282 2975 4323 ex
2999 4269 3229 4339 cognitis
3255 4271 3586 4340 conjectura,
3611 4273 3777 4341 phan-

2187 4370 2352 4413 tasma
2380 4375 2510 4414 vero
2545 4375 2722 4414 rerum
2752 4360 3044 4430 incognitio
3075 4362 3431 4430 rognitarum.

2254 4451 2383 4506 217.
2417 4452 2557 4507 Inter
2585 4451 2863 4505 Fiduciam
2902 4461 2956 4507 et
3016 4453 3398 4521 confidentiam.
3459 4453 3676 4508 Fiducia
3727 4455 3778 4510 in

2189 4547 2344 4601 bonis
2367 4545 2550 4616 rebus,
2575 4547 2897 4603 conﬁdentia
2927 4547 2980 4602 in
3010 4547 3165 4603 malis
3192 4556 3293 4603 est.

2181 4728 2278 4766 vus
2308 4725 2406 4781 pro
2452 4710 2705 4774 ablativo,
2733 4719 2789 4764 ut
2832 4724 2886 4765 tn
2933 4719 3072 4777 utor,
3123 4709 3352 4764 fortasse
3395 4708 3520 4764 ferri
3571 4717 3780 4778 posset.

2182 4786 2355 4841 Anev.

2242 4855 2370 4910 208.
2388 4853 2509 4908 Vid.
2536 4853 2700 4917 Non.,
2726 4853 2857 4908 dict.
2877 4851 3062 4908 Fama.

2251 4925 2380 4980 209.
2414 4926 2491 4980 Ex
2516 4924 2578 4984 C.
2632 4927 2920 4979 Frontone.

2249 4996 2375 5050 211.
2408 4997 2485 5050 Ex
2513 4997 2710 5062 δεῖν..
2753 4998 2817 5051 ad
2855 4996 2982 5053 illud
3035 5011 3070 5050 tt
3122 4992 3247 5049 ZEn.
3286 5011 3298 5045 :

2185 5067 2460 5123 Charebus.

3354 4989 3572 5046 Furiata
3611 5001 3776 5045 mente

489 5149 728 5210 ensesque
759 5133 970 5210 nefandi
999 5150 1091 5191 :-
1115 5125 1413 5190 Exsecratio
1435 5147 1506 5190 est
1529 5138 1858 5192 adversorum
1885 5125 2067 5208 depree
2102 5125 2158 5187 Ι)
2257 5138 2392 5192 Ibid.
2421 5139 2520 5206 Qui
2555 5141 2704 5210 fuerit
2732 5155 2804 5210 ex,
2822 5133 3438 5210 causa,scilicet,‘quia,
3465 5144 3525 5189 ut
3554 5133 3782 5210 11118111·-

492 5205 662 5280 catioi
683 5205 1054 5280 jusjurandum
1082 5220 1198 5258 vero
1225 5217 1402 5280 optare
1423 5223 1692 5280 prospera.

560 5273 693 5328 205.
723 5277 797 5330 Ex
827 5274 887 5329 C.
938 5273 1242 5349 Frontone:
1275 5273 1645 5346 Expertus'est
1675 5280 1868 5349 aliquid
1899 5291 1985 5335 aut
2030 5281 2082 5335 in

491 5341 629 5420 bona
646 5357 808 5420 parte,
832 5353 922 5420 aut
963 5346 1015 5400 in
1040 5345 1215 5412 mala;
1245 5341 1564 5420 experrectus
1614 5352 1676 5406 de
1701 5341 1899 5408 somno.

567 5417 694 5471 206.
726 5416 969 5471 Innuitur
998 5429 1148 5493 vetus
1179 5416 1601 5477 mos'scribendi
1631 5441 1774 5493 ecus,
1807 5435 1860 5479 et
1885 5422 2080 5479 deinde

493 5504 614 5559 σφω
644 5504 740 5554 pro
768 5505 948 5557 equus,
977 5498 1034 5543 ut
1059 5491 1134 5559 qis
1169 5507 1261 5559 pro
1290 5493 1421 5557 quis,
1446 5503 1550 5554 etc.
1583 5498 1752 5548 Anev.

498 5559 691 5688 Pl2007.
729 5561 809 5615 Ex
853 5559 1233 5629 interpretibus
1285 5562 1540 5629 Terentii,
1585 5575 1689 5619 act.
1725 5579 1762 5629 1,
1818 5581 1968 5622 scen.
1999 5566 2034 5618 2
2060 5606 2077 5632 ,

617 5648 718 5688 rm.
1841 5678 1845 5683 .

617 5648 694 5686 I’III
704 5673 718 5688 .
1841 5678 1845 5683 .

570 5701 709 5777 Ibid.
746 5701 896 5777 V.at.,
915 5719 1004 5777 qut
1033 5713 1172 5777 caret
1193 5703 1563 5777 inﬁrmitatem,
1593 5705 1729 5775 ﬁdus
1749 5708 1878 5777 ,rqui
1903 5707 2080 5774 ﬁdem.

499 5769 750 5834 Mendum
775 5784 859 5831 est
880 5769 1232 5845 infirmitatem
1251 5769 1352 5846 pro
1374 5769 1655 5847 ﬁrmitate;
1694 5769 2087 5836 sed'accusati-

2189 5210 2351 5272 thius,
2382 5204 2606 5263 l'uriatur
2635 5211 2718 5264 cui
2744 5209 3028 5263 stimulilad
3053 5209 3183 5261 iram
3207 5204 3581 5274 subjiciuntur.
3605 5205 3780 5258 Ant-:v.

2257 5281 2382 5335 212.
2434 5280 2680 5338 Iratus...
2725 5282 2801 5335 Ex
2860 5277 3542 5348 interpretibusA'I‘erentii,
3600 5282 3705 5330 act.
3739 5289 3778 5340 t,

2187 5369 2338 5409 scen.
2371 5355 2422 5418 1,
2459 5355 2623 5418 And.,
2653 5363 2707 5407 et
2737 5361 2840 5406 act.
2874 5369 2946 5414 IIl,
2981 5346 3128 5405 scen.
3163 5348 3213 5412 1,
3243 5346 3482 5418 Hecyrae.

2257 5424 2384 5482 2I6.
2414 5415 2654 5477 Breviter
2688 5425 2801 5476 haec
2832 5425 2882 5476 in
2906 5421 3105 5476 Codice
3129 5415 3382 5471 Vaticano
3412 5415 3548 5470 5521
3586 5434 3598 5470 :
3639 5415 3785 5470 Inter

2188 5497 2461 5568 phantasia
2511 5505 2556 5546 et
2608 5496 2910 5562 phantasma
2930 5493 3052 5568 quid
3091 5490 3339 5568 interest?
3379 5487 3662 5568 Phantasia
3705 5487 3786 5540 in-

2191 5560 2508 5637 cognitarum
2537 5560 2709 5617 rerum
2739 5579 2799 5616 ea:
2826 5565 3044 5634 cognitis
3083 5564 3416 5632 conjectura;
3472 5560 3784 5628 phantasma

2190 5656 2358 5693 rerum
2388 5638 2670 5705 incognilio
2702 5637 3046 5709 cogniturum:
3078 5637 3249 5709 Διιξγ.
3337 5704 3350 5709 _
3410 5701 3431 5709 Δ
3457 5701 3468 5709 .
3541 5701 3552 5709 _
3705 5706 3712 5709 Α
3752 5697 3765 5709 ο

2261 5711 2390 5764 217.
2408 5709 2482 5764 Ex
2501 5701 2683 5774 Serv.,
2699 5701 2906 5762 ad'illud
2938 5703 3137 5763 t/En.:
3167 5703 3374 5760 Generis
3393 5701 3587 5772 fiducia
3610 5701 3785 5756 vestri.
