4056 6350
311 260 383 321 33
1518 253 2134 312 DlFFERENTIARUM
2174 254 2304 330 LIB;
2345 255 2387 314 I.

3520 263 3603 326 31-

374 375 505 434 218.
535 372 679 430 Inte'r
706 370 929 428 Famam
954 377 1008 428 et
1031 371 1272 444 gloriam.
1302 370 1480 427 Gloria
1504 373 1700 442 quippe
1728 371 1897 425 virtu-
1923 381 1978 442 Δ
2001 384 2211 442 crymas
2233 371 2480 438 fundere,
2506 374 2654 444 quasi
2684 372 2872 442 ﬂuere,
2917 389 3129 446 p.0rare
3167 385 3251 434 est
3274 379 3425 449 quasi
3472 395 3599 441 cum
3634 359 3641 366 ’

307 480 421 525 tum
463 475 570 536 est,
616 467 754 521 fama
789 481 920 521 vero
962 464 1230 540 vitiorum:
1287 465 1494 520 Ennius
1539 466 1592 519 in
1641 465 1896 520 Achille:

305 560 580 617 Summam
609 569 664 613 tu
699 559 788 613 tibi
826 574 919 629 pro
951 559 1090 612 mala
1114 559 1218 612 vita
1247 559 1436 628 famam
1468 559 1777 624 extollesfet
1809 575 1900 628 pro

302 655 437 709 bona
457 661 698 723 paratam
725 653 965 725 gloriam.
992 652 1128 726 [Al.,
1147 662 1328 722 parata
1349 651 1629 724 gloria]...;
1661 653 1899 707 malevoo

301 746 476 802 lentes
516 743 720 818 [Fort.,
761 746 901 800 male
946 744 1206 818 viventes]
1250 747 1393 801 enim
1443 746 1638 800 famam
1681 745 1896 814 tollunt,

300 838 687 895 benevolentes
718 835 919 904 [Fort.,
949 837 1089 894 bene
1118 836 1382 910 viventes]
1413 839 1656 910 gloriam.

369 929 499 986 2l9.
534 929 678 985 Inter
709 927 904 983 Fatum
942 937 996 986 et
1035 929 1290 998 fortunam
1331 909 1519 1001 pagani
1568 932 1641 986 ita
1679 909 1901 1002 separa-

299 1027 467 1074 nant:
500 1017 643 1088 quod
685 1016 828 1071 enim
870 1015 1088 1072 fortuitu
1129 1016 1293 1083 venit,
1321 1016 1461 1072 nulla
1501 1018 1675 1087 palam
1715 1033 1896 1087 causa,

299 1113 571 1168 Iortunam
605 1110 904 1176 vocabant,
940 1108 1107 1164 fatum
1144 1124 1278 1164 vero
1310 1110 1564 1180 quidquid
1596 1111 1896 1181 appositum

297 1205 549 1274 singulis,
596 1212 651 1258 et
689 1212 943 1257 statutum
971 1213 1089 1258 erat
1112 1247 1125 1268 ,
1167 1211 1224 1257 ut
1263 1213 1387 1274 puta
1413 1246 1427 1268 ,
1486 1204 1577 1258 lati
1607 1219 1728 1260 esse
1754 1205 1900 1261 dice-

294 1298 429 1352 bant
461 1295 602 1366 quod
635 1295 926 1362 nascimur,
955 1294 1096 1364 quod
1130 1295 1458 1362 occidimus;
1485 1295 1712 1352 fortuna:
1743 1298 1899 1368 quid-

293 1387 422 1459 quid
452 1389 507 1444 in
535 1388 643 1441 vita
673 1386 952 1442 varietatis
991 1387 1184 1441 accidit
1216 1387 1348 1459 [Al.,
1379 1385 1678 1459 occiderit].

363 1480 492 1535 220.
519 1480 664 1535 Inter
688 1477 997 1533 Falsitatem
1035 1487 1092 1533 et
1124 1479 1462 1533 mendacium.
1508 1477 1716 1549 Negare
1754 1479 1896 1550 quod

293 1589 482 1629 verum
515 1573 653 1645 [Al.,
679 1571 823 1643 vere]
855 1581 957 1638 est,
988 1570 1194 1626 falsitas
1235 1581 1342 1639 est,
1375 1571 1577 1642 lingere
1613 1573 1754 1640 quod
1801 1589 1895 1626 ve-

291 1680 408 1721 rum
443 1663 579 1735 [Αι.,
611 1661 757 1734 vere]
781 1677 885 1717 non
914 1671 1017 1728 εει,
1041 1661 1378 1716 mendacium
1404 1671 1507 1717 est.
1538 1662 1688 1719 Unde
1709 1665 1817 1734 30
1843 1672 1898 1718 et

2007 478 2140 518 voce
2182 464 2345 531 ﬂere,
2376 467 2659 537 plangere,
2708 483 2828 523 cum
2859 468 3113 541 lacrymis
3157 480 3344 541 pectus
3376 461 3467 528 aut
3519 474 3599 530 fa-

2001 553 2137 610 ciem
2183 557 2425 612 tundere.
2472 557 2798 626 Latnentari,
2839 569 2924 616 est
2963 576 3087 618 cum
3131 564 3399 635 aliquibus
3437 566 3600 625 dictis

2003 645 2395 702 miserabilibus
2443 649 2594 704 ﬂere.
2641 650 2908 717 Mterere,
2956 668 3078 708 cum
3121 654 3335 711 silentio
3387 658 3595 714 dolere.

2003 737 2209 809 Lugere
2229 749 2312 794 est
2337 756 2458 795 cum
2491 742 2700 798 habitus
2730 745 3046 802 mutatione.
3079 746 3374 820 Lacrymas
3415 761 3596 807 autem

2001 841 2031 882 a
2079 828 2404 884 laceratione
2448 832 2643 887 mentis
2693 833 2884 889 dictas.
2929 834 3203 907 Lugentes
3243 853 3372 894 vero
3426 840 3597 908 dicti,

2001 922 2152 991 quasi
2205 923 2322 978 luce
2373 932 2623 992 egentes,
2680 925 2821 982 unde
2875 937 2930 982 et
2980 928 3154 985 luctus
3206 929 3348 1002 [Ρη
3396 931 3594 1004 lucus]

2001 1012 2216 1070 dicitur.

2070 1107 2174 1177 31
2206 1106 2330 1162 228.
2368 1108 2510 1163 Inter
2557 1108 2761 1166 Fodere
2785 1121 2839 1167 et
2868 1112 3109 1180 effodere.
3133 1115 3342 1172 Fodere
3369 1126 3454 1172 est
3477 1127 3594 1172 tan-

2001 1208 2114 1254 tum
2143 1200 2437 1257 sollicitare
2469 1212 2667 1258 terram
2687 1243 2703 1268 ,
2727 1203 2982 1271 eﬂodere,
3013 1207 3114 1263 hoc
3141 1208 3315 1278 ipsum
3344 1211 3593 1267 faciendo

1999 1313 2191 1355 eruere
2218 1299 2438 1368 aliquid,
2468 1300 2553 1355 vel
2592 1300 2859 1366 invenire,
2900 1302 2984 1357 cui
3025 1305 3349 1360 contrarium
3383 1314 3470 1361 est
3504 1306 3593 1363 itt-

2000 1387 2205 1446 fodere.

2069 1484 2196 1540 229.
2224 1485 2366 1541 Inter
2408 1485 2680 1541 Famulari
2719 1494 2774 1542 et
2809 1486 3040 1560 obsequi.
3070 1487 3334 1547 Famulari
3374 1499 3460 1548 est
3493 1490 3590 1548 de-

1998 1575 2129 1642 biti;
2163 1576 2407 1647 obsequi,
2432 1577 2720 1632 voluntatis
2747 1577 2981 1648 proprie.

2067 1668 2199 1724 230.
2251 1669 2392 1724 Inter
2423 1668 2694 1739 Flagitare
2732 1677 2788 1726 et
2829 1669 3112 1741 flagitiare.
3152 1670 3303 1736 Quod
3352 1672 3591 1742 ﬂagitare

287 1758 422 1815 Cato
447 1777 461 1813 :
492 1758 595 1824 Tu,
621 1760 856 1827 inquam,
881 1757 926 1812 si
946 1773 1120 1811 verum
1150 1758 1426 1828 supprimis
1450 1755 1583 1830 [.Al.,
1609 1772 1726 1810 vera
1755 1756 1895 1809 nobis
1931 1785 1974 1846 Β
2002 1761 2144 1816 idem
2173 1771 2254 1816 est
2297 1760 2438 1831 quod
2503 1760 2697 1818 acriter
2758 1760 3123 1831 interpellare,
3160 1760 3421 1832 ﬂagitiare
3459 1778 3590 1818 vero

288 1851 608 1924 supprimis].
658 1851 903 1920 falsarius
962 1851 1286 1921 agnosceris;
1334 1851 1378 1902 si
1433 1850 1567 1919 falsa
1617 1849 1891 1920 con/iugis,

290 1945 515 1999 mendax
539 1959 648 2008 esse
676 1942 863 1997 videris
891 1940 1028 2014 [Al.,
1053 1939 1417 2013 judicaberis].

357 2033 488 2089 221.
525 2034 670 2089 Inter
697 2031 919 2088 Falsum
950 2041 1004 2086 et
1053 2031 1247 2100 ﬁctum.
1300 2029 1516 2086 Falsum
1548 2029 1614 2086 ad
1649 2042 1893 2087 oratores

287 2126 546 2197 pertinet,
577 2124 671 2182 ubi
706 2124 908 2180 veritas
948 2137 1091 2193 saepe
1137 2122 1206 2177 ita
1240 2121 1458 2190 luditur,
1504 2132 1563 2177 ut
1599 2139 1718 2194 quae
1757 2122 1891 2179 facta

284 2230 411 2276 sunt
439 2228 745 2289 negentur;
779 2218 960 2273 ﬁctum
995 2231 1127 2271 vero
1155 2216 1220 2270 ad
1250 2224 1458 2286 poetas,
1491 2216 1580 2270 ubi
1604 2233 1724 2288 quso
1755 2217 1891 2273 facta

283 2328 391 2368 non
419 2321 549 2368 sunt
578 2313 715 2368 laeta
738 2312 1006 2370 dicuntur.
1033 2313 1248 2368 Falsum
1276 2323 1360 2369 est
1383 2329 1512 2384 ergo
1536 2314 1679 2384 quod
1703 2330 1889 2370 verum

283 2421 388 2461 non
418 2415 539 2471 est;
577 2405 758 2460 ﬁctum
786 2406 929 2475 quod
956 2413 1159 2460 tantum
1190 2405 1486 2459 verisimile
1514 2414 1619 2461 est.

356 2500 484 2555 222.
549 2501 694 2555 Inter
745 2500 993 2554 Fertilem
1035 2508 1091 2555 et
1134 2500 1476 2569 fructuosum.
1527 2499 1766 2565 Fertilis,
1809 2508 1890 2554 est

283 2607 446 2664 ager;
482 2592 836 2660 fructuosum,
867 2592 1008 2664 quod
1037 2592 1229 2662 cuique
1274 2591 1649 2660 compendium
1675 2601 1779 2646 εει.

353 2683 484 2738 225.
547 2685 690 2740 Inter
758 2682 1058 2740 Frondeum
1098 2693 1153 2740 et
1202 2685 1525 2756 frondosum.
1581 2685 1884 2740 Frondeum

281 2787 362 2834 est
391 2786 564 2832 totum
599 2777 798 2832 factum
830 2777 899 2832 de
931 2775 1232 2844 frondibus,
1275 2786 1334 2830 ut
1376 2786 1558 2844 torus,
1601 2777 1887 2832 frondosus

281 2885 411 2925 vero
470 2878 554 2924 est
605 2870 756 2924 locus
809 2868 941 2942 [Al.,
992 2868 1205 2941 lucus].
1256 2869 1406 2925 Licet
1462 2869 1604 2925 enim
1653 2870 1886 2925 abundet

283 2962 585 3028 frondibus,
643 2978 749 3017 non
807 2973 984 3017 tamen
1037 2971 1121 3017 est
1161 2961 1230 3018 de
1269 2961 1555 3018 frondibus
1603 2973 1761 3018 totus.
1793 2962 1887 3020 Sic

281 3066 338 3112 et
357 3055 722 3128 gramineum,
747 3063 802 3110 et
818 3055 1186 3127 graminosum
1211 3056 1347 3127 [Al.,
1369 3055 1668 3128 germinem
1691 3066 1744 3112 et
1763 3072 1884 3126 ger-

280 3145 600 3220 minosum].

347 3258 480 3314 224.
513 3259 657 3313 Inter
691 3257 740 3310 F
745 3259 860 3312 lecti
885 3267 944 3314 et
985 3260 1208 3330 deﬂecti.
1263 3259 1431 3315 Flecti
1461 3268 1546 3315 est
1575 3269 1720 3316 retro
1753 3260 1886 3333 [Al.,

283 3369 313 3408 a
341 3350 519 3424 recto]
541 3361 597 3407 et
625 3352 680 3406 in
708 3352 1048 3422 proximum;
1087 3352 1301 3409 deﬂecti
1333 3368 1463 3408 vero
1493 3354 1705 3424 longius
1755 3364 1807 3409 et
1836 3354 1887 3408 in

279 3443 522 3500 devium.

351 3536 483 3590 225.
502 3535 650 3591 Inter
678 3534 816 3589 Frui
837 3544 891 3590 et
920 3538 997 3590 uti
1021 3536 1137 3591 haec
1157 3535 1432 3593 distinctio
1458 3546 1561 3592 est.
1582 3537 1736 3605 Quod
1761 3537 1889 3592 frui-

282 3645 403 3686 mur
432 3643 541 3699 qno
572 3643 911 3698 nequaquam
941 3644 1130 3685 carere
1175 3644 1462 3701 possumus
1487 3647 1501 3695 ;
1544 3631 1742 3686 utimur
1767 3647 1886 3700 quae

282 3721 575 3791 aliquando
605 3737 708 3777 nec
730 3736 948 3789 semper
977 3722 1259 3777 habemus.
1296 3724 1375 3778 Ac
1403 3737 1501 3794 per
1531 3722 1632 3780 hoc
1655 3725 1730 3779 uti
1752 3733 1886 3780 tem-

284 3813 473 3882 porale
503 3822 606 3881 est,
641 3813 745 3867 frui
772 3827 906 3867 vero
937 3823 1217 3868 aeternum.

353 3905 481 3959 226.
517 3905 661 3960 Inter
692 3904 933 3960 Fremere
960 3915 1015 3962 et
1044 3907 1297 3975 frendere.
1328 3908 1583 3964 Fremere
1624 3918 1707 3964 est
1742 3910 1884 3966 furo-

282 4011 397 4053 rem
452 3998 683 4063 mentis,
733 4013 904 4068 usque
953 3998 1020 4052 ad
1071 3999 1220 4053 vocis
1270 4000 1554 4055 tumultum
1589 4002 1882 4070 excitare,

282 4088 534 4144 Irendere
579 4103 712 4143 vero
762 4088 1011 4158 proprie,
1070 4089 1259 4145 dentes
1295 4091 1653 4160 comprimere
1679 4101 1886 4148 etcon-

284 4189 488 4235 cutere.
523 4179 677 4235 Unde
707 4180 854 4235 l'rena
893 4180 1058 4245 dicta,
1089 4183 1230 4250 quod
1254 4182 1369 4236 haec
1396 4182 1518 4252 equi
1539 4166 1806 4251 frettdant,
1833 4185 1884 4240 id

285 4281 382 4340 est,
415 4284 663 4344 premant
710 4272 861 4346 [Al.,
907 4272 1249 4345 imprimam]
1301 4275 1554 4331 dentibus
1582 4317 1597 4343 ,
1643 4286 1695 4332 et
1739 4293 1886 4333 mor-

285 4366 466 4423 deaut.
500 4367 635 4423 Hinc
673 4376 728 4422 et
751 4367 998 4422 Irenetici
1039 4367 1192 4432 dicti,
1232 4382 1298 4423 eo
1340 4367 1480 4438 quod
1527 4369 1718 4424 dentes
1756 4385 1888 4427 con-

285 4460 510 4514 culiant.

353 4553 484 4610 227.
521 4554 663 4612 Inter
695 4555 851 4612 Flere
889 4566 945 4612 et
982 4557 1202 4625 plorare.
1234 4557 1390 4613 Flere
1425 4567 1511 4613 est
1539 4559 1770 4613 ubertim
1806 4559 1887 4615 Ia-

353 4715 482 4772 2I9.
519 4717 597 4772 Ex
626 4718 782 4773 Serv.
815 4731 1015 4786 mente,
1052 4720 1117 4774 ad
1135 4721 1209 4775 ill.
1236 4735 1289 4774 tv
1315 4719 1480 4776 Em:
1506 4719 1885 4787 Quemdederat
1913 4730 1970 4791 ι)

289 4804 494 4842 cursum
520 4792 729 4857 fortuna
759 4793 954 4863 peregi.

357 4857 612 4942 ΙὺὶάεηΑη
634 4875 737 4914 vos
772 4864 938 4932 fatum
965 4861 1347 4942 a_Clt_ristianis
1394 4861 1638 4942 adhiberi
1693 4866 1884 4932 possit,

290 4930 538 5003 nonnulli
591 4930 839 4999 quaerunt
860 4975 874 4994 .
907 4934 1173 4990 catholico
1201 4947 1361 4989 sensu
1392 4947 1421 4986 a
1457 4933 1736 5003 plerisque
1765 4930 1883 4990 eam

286 5001 535 5055 adhiberi
567 5012 799 5060 constat.
831 5006 1004 5059 Ansv.

355 5071 456 5127 221
468 5073 580 5195 éEx
600 5073 952 5142 interpretum
974 5077 1210 5133 Terentii
1238 5086 1435 5142 mente,
1455 5087 1560 5135 act.
1577 5095 1594 5135 I
1609 5077 1881 5144 Eunucb.,

355 5159 436 5195 en.
513 5182 527 5195 .

288 5157 436 5198 scen.
468 5157 527 5196 Ζ.

354 5212 749 5291 223_.ExServ.
779 5218 844 5272 ad
861 5218 937 5274 ill.
973 5236 1009 5275 II
1037 5219 1202 5276 (Em:
1240 5220 1464 5274 Nemora
1487 5221 1620 5275 inter
1643 5221 1882 5291 frondea;

287 5283 443 5356 unde
463 5284 615 5341 locus
638 5296 794 5343 antea
823 5291 1067 5356 mutilus,
1097 5293 1393 5349 restitutus.

217 5405 224 5422 ;
288 5424 303 5429 Α
363 5354 510 5429 Ibid.
538 5357 795 5413 Pantinus
834 5375 898 5416 ex
926 5354 1072 5417 varia
1105 5363 1335 5418 lecti0ne
1365 5372 1509 5417 notat
1542 5363 1704 5428 locus,
1737 5362 1878 5429 quod

286 5424 466 5497 ipsum
489 5428 544 5481 in
566 5438 714 5484 textu
737 5431 968 5487 Grialius
987 5434 1174 5489 edidit.
1220 5434 1470 5490 Fortasse
1519 5424 1778 5490 Pantinus
1825 5435 1878 5490 in

285 5507 421 5570 nota
446 5499 614 5570 voluit
644 5501 791 5556 lucus
825 5518 923 5570 pro
946 5506 1109 5560 locus.
1136 5507 1309 5566 Annv.

522 5569 708 5652 πρυ.)
732 5567 1034 5652 Εεγηιοὶοε.
1058 5618 1076 5641 ,
1109 5577 1281 5652 littera
1313 5575 1383 5652 F.

357 5637 502 5721 ibid.
537 5637 892 5721 Scribenditm
926 5637 1102 5721 potius
1133 5650 1442 5718 phrenetici,
1473 5651 1612 5721 quod
1643 5666 1749 5714 non
1800 5660 1884 5709 est

285 5723 319 5768 I
344 5713 587 5788 frendeg,
617 5713 713 5769 sed
743 5713 984 5788 sGrazoo
1014 5713 1294 5787 phrenesis.
1322 5713 1472 5788 Ancv

325 5779 490 5842 "297.
520 5783 665 5840 Fest.
689 5825 706 5852 ,
737 5785 868 5842 dict.
899 5779 1143 5845 Plorare.

2000 1861 2084 1908 est
2129 1853 2422 1923 impurare.

2068 1947 2196 2002 251.
2232 1946 2372 2001 Inter
2403 1946 2635 2020 Fugiunt
2663 1955 2720 2003 et
2749 1946 3053 2019 diffugiunt.
3099 1944 3332 2017 Fugiunt
3369 1934 3590 2015 pariter,

1997 2038 2283 2108 diffugiunt
2309 2039 2487 2094 divisi.

2065 2143 2190 2199 232.
2249 2142 2387 2197 Inter
2449 2140 2697 2194 Fatemur
2724 2149 2778 2196 et
2805 2139 3125 2208 confitemur.
3167 2137 3427 2193 Conliteri
3471 2151 3593 2207 pro-

1997 2236 2094 2306 prii
2123 2235 2329 2291 arbitrii
2361 2247 2478 2302 eSt;
2531 2249 2651 2288 nam
2684 2234 2854 2296 lateri,
2885 2232 3053 2287 coacti
3101 2239 3184 2286 est
3223 2230 3424 2300 animi,
3484 2242 3592 2286 non

1996 2329 2290 2383 voluntatis
2319 2327 2428 2398 [ΑΙ.
2457 2327 2718 2396 profiteri,
2753 2325 2804 2378 id
2840 2322 3042 2396 est...].

2062 2421 2187 2474 255.
2217 2421 2358 2474 Inter
2387 2417 2616 2474 Fecisti?
2634 2428 2691 2476 et
2720 2418 2951 2487 nunquid
2998 2416 3199 2487 fecisti?
3231 2414 3586 2485 percontandi

1992 2513 2292 2568 diﬂ‘erentia
2320 2525 2423 2566 εει.
2456 2511 2590 2566 Nam
2617 2526 2726 2582 quo
2756 2511 2874 2567 loco
2907 2509 3154 2564 volumus
3184 2507 3339 2563 nobis
3363 2522 3590 2576 respon-

1991 2607 2107 2662 deri
2163 2606 2359 2661 lactum
2408 2620 2559 2667 esse,
2600 2605 2742 2674 quod
2787 2614 2872 2660 est
2915 2605 3259 2673 imperatum,
3305 2601 3531 2656 dicimus
3571 2615 3596 2656 :

1993 2700 2228 2755 Fecisti?
2264 2700 2379 2765 Quo
2422 2701 2542 2754 loco
2578 2699 2830 2754 volumus
2867 2699 3076 2770 negari,
3118 2697 3224 2754 hoc
3255 2697 3416 2753 modo
3451 2696 3591 2752 dici-

1990 2808 2110 2848 mus
2136 2809 2149 2847 :
2180 2791 2434 2863 Nunquid
2467 2793 2630 2861 fecisti
2650 2793 2675 2846 ?

2059 2906 2186 2961 234.
2219 2906 2360 2962 Inter
2392 2906 2539 2961 Fluit
2580 2917 2634 2962 et
2676 2907 2876 2975 deﬂuit.
2928 2905 3070 2960 Fluit
3097 2907 3238 2976 quod
3272 2903 3589 2960 naturaliter

1990 2998 2248 3064 decurrit,
2293 3007 2352 3053 ut
2391 3001 2614 3064 humor,
2659 2999 2848 3054 deﬂuit
2888 3006 3066 3053 autem
3109 2999 3248 3067 quod
3286 3007 3470 3065 aetate,
3501 2996 3590 3053 vel

1989 3099 2256 3147 vetustate
2281 3090 2612 3157 dissolvitur,
2643 3100 2702 3146 ut
2728 3101 2858 3146 mtas
2889 3090 3187 3158 hominum,
3220 3090 3403 3145 folium
3433 3090 3591 3145 arbo-

1915 3174 1964 3237 C
1992 3184 2087 3239 ris.
2131 3183 2325 3238 Fluere
2371 3193 2550 3238 autem
2600 3184 2768 3237 tribus
2819 3183 2992 3239 modis
3027 3183 3259 3238 dicimus
3305 3199 3320 3238 :
3365 3183 3592 3240 humore

1995 3289 2199 3340 rerum,
2257 3275 2404 3327 sanie
2426 3273 2693 3340 vivorum,
2726 3274 2847 3329 tabe
2877 3282 3234 3328 mortuorum.

2063 3363 2189 3447 233.
2223 3364 2364 3419 Inter
2394 3365 2655 3431 Funebre,
2685 3365 2972 3436 funereum,
3017 3374 3072 3420 et
3098 3370 3376 3436 funestum.
3411 3365 3590 3423 Fune-

1992 3456 2111 3521 bre,
2139 3453 2478 3523 luctuosum;
2511 3457 2815 3522 funereum,
2847 3457 2989 3526 quod
3026 3471 3091 3512 ex
3124 3457 3315 3514 funere
3342 3467 3588 3528 constat;

1992 3549 2260 3607 funestum
2286 3565 2437 3618 vero,
2467 3549 2609 3621 quod
2637 3549 2824 3604 funere
2852 3549 2983 3621 [Αι.,
3015 3549 3066 3604 in
3103 3550 3313 3622 funere]
3347 3551 3591 3621 inquina-

1991 3651 2102 3699 tum
2134 3652 2235 3699 est.
2281 3642 2464 3711 Itaque
2501 3642 2747 3697 funestus
2775 3640 3007 3696 famulus
3036 3643 3256 3708 dicitur,
3288 3644 3375 3712 qui
3404 3641 3588 3712 aliquo

1990 3734 2176 3790 funere
2203 3734 2435 3804 pollutus
2464 3741 2570 3799 est,
2596 3747 2704 3802 quo
2731 3734 2908 3787 minus
2934 3747 3085 3786 sacra
3109 3748 3366 3802 peragere
3389 3741 3589 3802 potest.

2059 3825 2187 3881 236.
2221 3824 2368 3880 Inter
2389 3822 2623 3896 Fragrat
2639 3832 2692 3879 et
2710 3824 2919 3894 flagrat.
2943 3823 3170 3894 Fragrat
3191 3839 3288 3894 per
3305 3841 3333 3876 r
3355 3825 3585 3880 litteram

1989 3917 2057 3971 ad
2087 3916 2305 3971 odorem
2363 3916 2626 3979 refertur;
2672 3915 2816 3985 perl
2858 3915 2924 3969 ad
2953 3916 3224 3970 ﬂammam
3278 3927 3331 3972 et
3382 3917 3583 3988 ignem.

1991 4008 2123 4066 Nam
2181 4009 2393 4079 quando
2432 4007 2734 4063 incendium
2786 4008 3070 4077 signiﬁcat,
3122 4009 3265 4079 quod
3307 4008 3436 4064 ﬂatu
3481 4010 3586 4067 ali-

1992 4111 2098 4169 tur,
2130 4102 2275 4171 perl
2319 4101 2584 4168 dicimus;
2625 4112 2680 4156 et
2718 4102 2933 4168 quando
2979 4102 3223 4166 odorem,
3273 4104 3395 4173 quia
3421 4103 3588 4160 fracta

1991 4193 2124 4267 [Αι.,
2157 4192 2250 4262 qui
2281 4209 2311 4247 a
2341 4191 2532 4265 fracta]
2579 4195 2762 4262 specie
2815 4196 2986 4264 maior
3011 4203 3126 4264 est,
3163 4211 3260 4264 per
3285 4214 3312 4250 r
3340 4197 3591 4252 enuntia-

1989 4293 2077 4339 tur
2107 4284 2238 4356 [Al.,
2271 4282 2691 4356 pronuntiatur].

2059 4375 2187 4431 237.
2230 4375 2375 4430 Inter
2400 4374 2642 4431 Fratrem
2672 4385 2726 4432 et
2756 4393 3078 4448 germanum.
3138 4378 3356 4435 Fratres
3403 4380 3590 4434 dicun-

1992 4477 2098 4537 tur,
2129 4469 2217 4538 qui
2246 4484 2313 4524 ex
2341 4468 2533 4524 eodem
2566 4480 2715 4537 patre
2744 4479 3056 4536 nascuntur,
3089 4480 3140 4524 et
3171 4486 3277 4526 non
3310 4488 3373 4526 ex
3395 4472 3586 4528 eadem

1996 4571 2188 4618 matre.
2215 4562 2315 4631 Qui
2346 4577 2479 4617 vero
2523 4562 2629 4633 32
2676 4577 2741 4617 ex
2768 4562 2956 4617 eodem
2989 4571 3140 4632 patre
3166 4573 3221 4618 et
3247 4574 3419 4621 matre
3453 4565 3586 4638 [Al.,

2065 4753 2135 4794 έ-
2163 4721 2442 4794 Plangere.
2473 4720 2564 4778 Sic
2595 4731 2746 4777 vctus
2775 4722 3030 4791 glossar.,
3064 4724 3422 4794 plangoribus.

2066 4793 2192 4848 230.
2229 4793 2388 4848 Vetus
2415 4794 2671 4863 glossar.,
2696 4795 3002 4863 flagitaverit
3033 4809 3129 4862 pro
3159 4793 3367 4852 acriter.

2065 4894 2136 4906 σ-
2163 4864 2300 4920 Male
2343 4865 2616 4936 imputare.
2671 4863 2726 4917 In
2757 4880 2887 4920 mss.
2914 4865 3118 4935 impura
3144 4883 3226 4920 res
3257 4878 3331 4922 est
3361 4884 3457 4936 pro
3483 4871 3582 4923 im-

1998 4946 2198 5006 putare.

2065 5007 2190 5061 232.
2227 5006 2390 5070 Νοη..
2423 5006 2550 5060 dict.
2585 5005 2851 5074 Con/lteri.

2068 5108 2138 5120 ——
2167 5080 2343 5144 Serv.,
2367 5079 2431 5132 ad
2463 5076 2589 5132 illud
2615 5092 2666 5131 tv
2697 5077 2823 5133 lEn.
2854 5095 2866 5130 :
2892 5077 3043 5133 Anna
3073 5078 3270 5147 fatebor
3292 5081 3449 5136 enim.

2064 5150 2192 5206 254.
2217 5150 2395 5213 Serv.,
2428 5149 2493 5202 ad
2529 5149 2600 5203 ill.
2627 5164 2724 5203 vttt
2742 5148 2867 5203 Ain.
2890 5167 2902 5201 :
2929 5152 3089 5206 Sanie
3113 5150 3325 5218 taboque
3345 5154 3580 5219 fluentes,

1993 5231 2178 5276 contra
2227 5221 2428 5275 sentit:
2456 5220 2644 5275 Sanies
2666 5221 2856 5274 mortui
2875 5232 2948 5276 est
2975 5263 2990 5286 ,
3018 5222 3186 5275 tabum
3211 5222 3446 5291 viventis,
3481 5227 3584 5279 sri-

1992 5291 2109 5347 licet
2138 5292 2429 5358 sanguinis.

2064 5362 2203 5418 Ibid.
2231 5362 2353 5418 Vat.
2372 5408 2387 5430 ,
2419 5371 2473 5417 ut
2499 5373 2628 5416 tetas
2658 5364 2899 5416 hominis.
2929 5366 3098 5417 Ancv.

2061 5433 2188 5490 256.
2213 5435 2292 5491 Ex
2320 5433 2501 5498 Serv.,
2533 5435 2596 5489 ad
2629 5434 2706 5488 ill.
2732 5450 2747 5488 ι
2779 5433 2903 5489 Ain.
2933 5450 2946 5486 :
2975 5431 3289 5503 Fragrantia
3317 5436 3498 5499 mella,
3533 5438 3583 5491 in

1990 5505 2162 5580 altero
2217 5522 2320 5580 ms.
2373 5515 2489 5580 erat
2515 5504 2702 5580 :lVam
2732 5504 2953 5580 guando
2991 5505 3353 5580 ﬂammsm__et
3394 5508 3584 5580 ignem,

1988 5579 2079 5648 qui
2109 5579 2401 5634 incendium
2422 5577 2700 5648 signiﬁcat.
2732 5574 2892 5630 Forte
2916 5575 3220 5648 legendum:
3257 5575 3395 5631 Nam
3412 5574 3583 5648 quan-

1989 5645 2351 5720 dofflammam
2373 5657 2418 5702 et
2438 5645 2726 5720 incendium
2759 5645 3343 5720 signiﬁcathpraaeunte
3372 5645 3580 5707 servio.

2058 5716 2189 5776 237.
2218 5721 2307 5775 Sic
2326 5720 2420 5774 lib.
2451 5717 2828 5843 Etémologax
2848 5759 2864 5782 ,
2890 5731 3010 5786 cap.
3031 5716 3087 5773 6.

2062 5789 2219 5843 ...Εκ
2239 5791 2485 5843 eodem...
2559 5803 2588 5841 ι
2611 5789 2735 5843 eod.
2756 5789 2851 5843 lib.
2873 5790 3036 5843 citato
3061 5803 3087 5842 v

2062 5789 2219 5846 -—-Es
2239 5791 2485 5847 eodem...
2511 5787 2588 5843 Ex
2611 5789 2735 5844 eod.
2756 5789 2851 5846 lib.
2873 5790 3036 5849 citato
3061 5787 3271 5845 videtur
3295 5787 3577 5866 legendum
