4056 6350
476 315 550 376 39
1537 308 1596 364 S.
1637 305 1887 364 ISIDORI
1927 306 2369 367 IIISPALENSIS
2410 308 2718 368 EPISCOPI
3688 317 3763 378 40

544 426 673 482 277.
703 425 847 481 Inter
873 423 1086 479 Grande
1133 431 1188 477 et
1235 425 1534 478 maximum.
1595 419 1813 476 Grande
1843 420 1910 475 ad
1941 435 2062 476 cor-
2089 425 2142 486 Α
2173 423 2308 490 Quia
2356 425 2582 479 Liberain
2632 425 2858 478 animam
2911 440 3075 480 meam
3131 427 3194 481 ab
3243 428 3448 499 inferno
3496 431 3762 501 inferiori.

477 533 576 592 pus
605 519 857 589 pertinet,
889 515 1185 571 maximum
1217 514 1284 569 ad
1314 516 1572 568 animum.

1009 610 1114 681 37
1161 608 1237 663 De
1283 610 1450 662 littera
1483 607 1548 661 ιι.

545 705 675 761 278.
701 705 846 758 Inter
882 701 1058 758 Hodie
1105 711 1161 758 et
1205 704 1301 756 hoc
1330 701 1429 754 die.
1467 699 1636 754 Hodie
1657 709 1741 755 est
1768 713 1919 768 quam
1956 698 2072 768 pri-

474 811 622 853 mum
653 794 779 863 ﬁat,
827 793 933 850 hoc
959 792 1045 849 die
1078 792 1230 863 quasi
1289 790 1577 860 aliquando
1629 790 1828 846 factum
1868 787 2070 844 refera-

2248 516 2375 570 289.
2417 514 2559 571 Inter
2590 512 2802 570 Initium
2832 527 2882 571 et
2913 517 3241 587 principium.
3289 519 3500 574 Initium
3550 532 3634 577 est
3679 539 3768 580 re-

2179 619 2299 659 rum
2329 619 2358 657 a
2389 619 2496 675 quo
2516 605 2642 674 quid
2666 605 2872 674 incipit,
2895 615 2954 660 ut
2978 606 3323 663 fundamenta
3345 608 3558 678 domus,
3586 613 3767 668 carina

2181 695 2330 750 navis
2359 713 2372 760 ;
2410 696 2727 764 principium
2756 704 2932 750 autem
2965 698 3251 753 verborum
3283 701 3562 758 exordium
3592 713 3694 758 est.

2252 785 2380 840 290.
2421 785 2567 841 Inter
2594 786 2858 840 Iudicium
2896 795 2950 843 et
2978 789 3262 860 justitiam.
3303 789 3516 846 Iustitia
3547 801 3630 848 est
3656 805 3771 848 stu-

2182 877 2331 933 dium
2387 889 2535 934 recte
2567 880 2826 948 vivendi,
2871 881 3129 950 judicium
3181 899 3312 939 vero
3357 887 3582 956 aequitas
3627 897 3772 944 recte

542 979 670 1037 279.
706 979 849 1036 Inter
872 978 922 1033 II
932 994 1029 1032 unc
1054 977 1190 1030 diem
1213 983 1269 1030 et
1297 975 1432 1029 hanc
1456 975 1614 1028 diem.
1644 974 1764 1028 Dies
1790 970 2071 1028 masculini
2176 971 2489 1042 iudicandi;
2521 973 2766 1045 quisquis
2787 989 2916 1046 ergo
2938 976 3077 1032 bene
3097 979 3327 1033 vivendo
3349 981 3510 1035 servit
3536 980 3667 1053 [At.,
3690 982 3772 1037 vi-

481 1072 698 1145 generls
727 1071 922 1126 bonum
969 1079 1178 1136 tempus
1226 1064 1365 1134 apud
1395 1074 1607 1120 veteres
1638 1062 1941 1128 indicabat;
1994 1061 2075 1118 Ie-

483 1162 678 1219 minini
717 1161 936 1222 malum,
981 1157 1146 1211 veluti
1174 1156 1227 1210 in
1261 1155 1384 1222 Job,
1417 1155 1692 1209 maledicta
1722 1154 1854 1208 dies.

547 1254 675 1311 280.
700 1253 846 1309 Inter
873 1250 1055 1306 Habeo
1085 1258 1141 1306 et
1167 1250 1230 1303 ab
1259 1266 1340 1304 eo.
1368 1248 1577 1314 Habeo,
1604 1246 1814 1302 retineo
1839 1263 1854 1312 ;
1889 1245 1958 1302 ab
1980 1258 2071 1310 eo,

477 1347 582 1404 hoc
608 1353 710 1409 est,
740 1344 808 1398 ab
833 1343 971 1412 ipso.

560 1438 686 1494 28].
721 1437 865 1492 Inter
890 1434 1005 1489 Hos
1035 1443 1089 1489 et
1112 1451 1187 1489 os.
1215 1433 1273 1490 Si
1309 1432 1408 1487 hos
1428 1446 1552 1487 cum
1588 1431 1621 1484 It
1650 1431 1969 1497 scribimus,
2001 1429 2076 1485 si-

484 1529 805 1601 gniﬁcamus
842 1540 1128 1597 personam
1149 1565 1164 1589 ,
1187 1525 1307 1579 sine
1339 1525 1372 1578 It
1405 1522 1672 1594 signiﬁcat
1698 1522 1924 1578 vultum.

549 1624 681 1679 282.
706 1623 852 1679 Inter
883 1620 1138 1676 eresim
1179 1629 1234 1674 et
1277 1619 1514 1672 schisma.
1545 1617 1794 1673 Schisma
1832 1631 1956 1672 esse
1983 1630 2076 1672 ea-

475 1717 602 1774 dem
642 1714 993 1784 opinantem,
1043 1721 1206 1780 atque
1245 1709 1435 1764 eodem
1493 1709 1598 1763 ritu
1650 1707 1918 1762 colentem
1965 1719 2074 1776 quo

2179 1067 2337 1124 vcndi
2366 1067 2584 1138 serviat]
2610 1108 2626 1132 ,
2671 1067 2934 1136 justitiam
2965 1068 3132 1136 facit;
3178 1073 3422 1144 quisquis
3455 1084 3601 1130 recte
3626 1075 3774 1146 judi-

2181 1171 2266 1215 cat
2298 1161 2351 1214 in
2399 1159 2658 1226 subditis,
2697 1159 2956 1230 judicium
3009 1164 3266 1220 custodit.
3314 1166 3629 1223 Profanatur
3681 1183 3778 1223 au-

2183 1265 2291 1310 tem
2319 1251 2581 1324 judicium
2627 1255 2838 1308 astutia:
2882 1264 3127 1326 tempore
3150 1296 3166 1322 ,
3195 1273 3300 1311 non
3332 1258 3609 1328 dignitate.
3639 1259 3774 1316 Nam

2184 1345 2416 1412 primum
2437 1354 2651 1413 oportet
2672 1359 2938 1416 quemque
2961 1360 3082 1402 esse
3105 1346 3334 1418 justum,
3360 1350 3643 1417 providere
3686 1369 3778 1410 re-

2179 1437 2590 1504 ctitudinem,et
2619 1447 2739 1508 post
2766 1437 2868 1493 hoc
2894 1443 3198 1510 assequitur
3225 1442 3279 1497 in
3305 1441 3520 1511 judiciis
3545 1446 3772 1515 :equita-

2185 1541 2318 1588 tem.
2352 1531 2552 1587 [lorum
2583 1533 2812 1602 primum
2845 1534 3057 1589 virtutis
3096 1544 3216 1602 est,
3257 1536 3486 1592 alterum
3533 1538 3774 1596 honoris.

2181 1623 2368 1693 Neque
2398 1624 2542 1678 enim
2571 1625 2852 1695 quisquam
2885 1635 3061 1696 potest
3087 1628 3374 1696 pervenire
3397 1629 3461 1683 ad
3495 1629 3774 1701 honorem,

2183 1715 2285 1770 nisi
2320 1730 2420 1784 per
2451 1715 2733 1771 virtutem.
2767 1716 2953 1772 DiIIert
2982 1717 3126 1772 enim
3149 1718 3355 1788 justitia
3380 1735 3411 1774 a
3431 1720 3650 1791 judicio.
3680 1723 3779 1783 So-

483 1810 669 1868 cmteri
690 1848 707 1875 ,
741 1806 858 1863 solo
905 1803 1340 1874 congregationis
1369 1801 1624 1857 delectari
1660 1799 1926 1854 discidio:
1960 1797 2074 1853 hat-
2104 1814 2155 1877 Β
2188 1805 2265 1862 let
2291 1805 2433 1862 enim
2467 1807 2570 1862 dici
2593 1807 2856 1876 judicium
2891 1823 3117 1878 pravum
3144 1851 3158 1874 ,
3193 1811 3333 1881 quod
3367 1812 3622 1883 injustam
3655 1822 3778 1878 est;

477 1905 641 1964 resim
667 1910 847 1957 autem
879 1913 1002 1954 esse
1031 1899 1188 1967 longe
1211 1896 1316 1949 alia
1345 1894 1653 1963 opinantem
1679 1907 1839 1961 quam
1864 1890 2072 1956 caeteri,

478 1995 748 2065 aliamque
774 1993 877 2049 sibi
907 2006 970 2047 ac
1007 1991 1166 2062 longe
1187 1988 1506 2044 dissimilem
1542 1986 1781 2056 perversi
1811 1982 2077 2055 dogmatis

482 2087 768 2147 instituere
818 2085 1105 2140 culturam.
1137 2081 1375 2137 Haeresis
1413 2087 1592 2133 autem
1627 2078 1817 2133 Graece
1847 2077 1916 2129 ab
1960 2075 2078 2130 ele-

485 2178 665 2232 ctione
678 2175 894 2237 dicitur,
913 2173 1056 2244 quod
1084 2173 1292 2226 scilicet
1316 2169 1684 2239 unusquisque
1707 2167 1760 2221 id
1790 2166 1892 2222 sibi
1917 2166 2079 2235 eligat

481 2271 628 2343 quod
659 2270 851 2325 melius
881 2283 1004 2322 esse
1055 2266 1284 2321 videtur.
1317 2263 1475 2318 Secta
1512 2269 1688 2315 autem
1732 2276 1762 2314 a
1811 2257 2078 2312 divisione

483 2361 625 2418 dicta
654 2369 760 2424 est,
793 2358 943 2428 quasi
969 2357 1160 2413 sectio.
1188 2355 1340 2410 Unde
1363 2363 1420 2408 et
1439 2363 1599 2407 sectae
1629 2349 2075 2420 philosophorum

485 2453 572 2510 vel
603 2453 981 2508 hiereticorum
1015 2449 1281 2503 dicuntur.

548 2546 678 2603 285.
737 2545 881 2600 Inter
936 2541 1124 2597 Honos
1175 2551 1230 2596 et
1275 2555 1426 2592 onus.
1470 2536 1653 2592 Honos
1707 2535 1776 2592 de
1839 2535 2075 2601 honore,

483 2653 620 2696 onus
645 2637 713 2694 de
739 2650 927 2691 onere.

560 2728 688 2783 284.
719 2728 860 2784 Inter
890 2723 1039 2779 Hora
1060 2731 1114 2776 et
1157 2737 1270 2775 ora.
1321 2719 1464 2774 Hora
1494 2733 1616 2774 cum
1639 2717 1673 2771 It
1695 2716 1878 2772 littera
1903 2755 1920 2782 ,
1967 2715 2080 2769 die-

488 2837 642 2888 rum,
671 2821 787 2875 sine
833 2818 867 2871 h
892 2815 1192 2888 regionum,
1225 2813 1311 2868 vel
1345 2812 1552 2878 ﬁnium,
1584 2810 1697 2866 sive
1723 2809 1835 2864 oris
1879 2805 2082 2878 signiti-

486 2915 651 2983 catio,
685 2928 790 2983 quo
832 2910 1033 2966 locutio
1054 2907 1393 2978 exprimitur.

557 3003 687 3060 285.
727 3002 872 3058 Inter
896 2999 946 3055 Η
953 3007 1164 3054 onustus
1189 3007 1243 3052 et
1265 3004 1505 3050 oneratus
1532 2994 1637 3051 hoc
1663 2994 1910 3059 interest,
1937 2989 2079 3061 quod

488 3101 745 3153 oneratus
776 3101 859 3147 est
898 3091 1255 3162 qualicunque
1314 3102 1531 3159 pressus
1579 3086 1849 3157 pondere,
1905 3083 2082 3140 honu-

2181 1898 2392 1970 justitia
2415 1911 2552 1954 vero
2575 1915 2847 1970 nunquam
2871 1897 3006 1973 [Αι.,
3034 1900 3307 1974 iniqua]et
3324 1903 3520 1974 injusta
3535 1921 3654 1962 esse
3673 1921 3782 1963 nou

2184 2001 2380 2064 potest.

2253 2085 2382 2143 291.
2427 2087 2570 2142 Inter
2617 2085 3034 2154 lncantatorem,
3086 2105 3326 2160 magum,
3387 2091 3680 2161 aruspicem
3727 2100 3784 2148 et

2183 2178 2497 2247 maleﬁcum.
2550 2178 2922 2234 lncantatores
2977 2190 3100 2235 sunt
3129 2183 3219 2250 qui
3261 2197 3374 2238 rem
3425 2183 3604 2238 verbis
3647 2184 3779 2256 [,Al.,

2187 2266 2382 2342 verbo]
2411 2280 2690 2340 peragunt.
2719 2269 2879 2339 Magi,
2904 2271 2992 2340 qui
3015 2270 3084 2326 de
3106 2272 3374 2328 sideribus
3403 2273 3784 2343 philosopham

2187 2371 2296 2419 tur.
2330 2362 2558 2418 Maleﬁci
2583 2405 2598 2430 ,
2647 2363 2737 2434 qui
2781 2366 3039 2434 sanguine
3069 2374 3292 2421 utuntur
3319 2376 3373 2422 et
3411 2367 3647 2423 victimis
3673 2409 3686 2431 ,
3730 2376 3786 2424 et

2189 2471 2340 2526 saepe
2371 2457 2688 2524 contingunt
2717 2471 2943 2528 corpora
2977 2471 3332 2514 mortuorum.
3357 2462 3667 2530 Aruspices,
3693 2464 3781 2531 qui

2185 2556 2308 2603 exta
2342 2545 2475 2619 [Αι.,
2505 2546 2675 2615 secta]
2706 2546 2970 2617 pecudum
3003 2548 3314 2618 inspiciunt,
3336 2559 3392 2604 et
3414 2564 3480 2604 ex
3503 2550 3584 2604 eis
3606 2549 3783 2604 futura

2184 2636 2510 2708 praedicunt.

2255 2729 2382 2785 292.
2427 2729 2569 2784 Inter
2599 2728 2878 2782 Indoctum
2919 2737 2973 2784 et
3021 2730 3317 2785 indocilem.
3370 2729 3618 2785 Indocilis
3658 2739 3782 2796 est,

2185 2821 2276 2892 qui
2308 2822 2519 2890 penitus
2549 2836 2656 2874 non
2687 2820 2796 2891 39
2823 2828 2997 2889 potest
3031 2819 3242 2875 discere
3273 2818 3408 2892 [At.,
3439 2821 3656 2877 docere.
3683 2818 3778 2888 F.,

2186 2909 2413 2983 doceri].
2443 2909 2694 2966 Indoctus
2719 2949 2735 2975 ,
2765 2911 2853 2977 qui
2885 2909 3118 2964 nondum
3168 2911 3361 2976 discit,
3394 2920 3450 2966 et
3493 2920 3672 2966 tamen
3703 2912 3786 2966 «ιι.

2194 3018 2349 3059 scere
2378 3012 2574 3073 potest.
2621 3001 2700 3055 Ad
2747 2999 2888 3055 hanc
2927 3000 3152 3056 formam
3200 3001 3334 3074 [Αι.,
3361 3002 3429 3056 ab
3460 3001 3558 3056 hac
3587 2999 3784 3073 forma]

2189 3095 2388 3151 similia
2419 3093 2717 3161 distingue,
2740 3100 2800 3146 ut
2825 3101 2971 3161 puta,
3001 3091 3280 3158 immotus,
3309 3101 3363 3146 et
3388 3090 3700 3156 immobilis,
3728 3097 3786 3147 et

489 3195 607 3243 stus
635 3197 784 3250 vero,
815 3183 899 3239 cui
931 3183 1105 3251 ipsum
1135 3195 1270 3233 onus
1299 3177 1489 3233 honori
1513 3184 1616 3243 est,
1669 3187 1725 3230 ut
1747 3175 1790 3231 si
1813 3177 1932 3245 quis
1953 3189 2082 3246 spo-

2199 3189 2275 3244 Itis
2305 3187 2520 3242 similia.

487 3279 560 3337 lia
609 3276 842 3332 hostium
895 3275 1048 3330 Ierat.
1101 3270 1206 3328 Sed
1259 3283 1514 3324 oneratus
1560 3266 1940 3338 aSpiratiooem
1973 3281 2078 3320 non

492 3371 672 3435 habet,
705 3367 828 3439 quia
855 3367 923 3422 ab
951 3381 1115 3420 onere
1145 3365 1292 3419 venit
1317 3381 1330 3428 ;
1383 3363 1643 3416 honustus
1668 3375 1818 3426 vero,
1874 3357 1995 3429 quia
2015 3349 2105 3411 ab

493 3462 702 3518 honore
732 3457 1038 3526 descendit,
1072 3455 1268 3510 retinet
1296 3454 1699 3524 aspirationem.

564 3554 691 3608 286.
735 3551 880 3607 Inter
909 3549 1171 3604 Hauritur
1198 3557 1253 3603 et
1282 3549 1604 3602 exhauritur.
1632 3546 1889 3602 Hauritur
1911 3561 2044 3617 aqua
2065 3585 2083 3616 ,

493 3645 808 3704 exhauritur
838 3649 1051 3714 puteus.

563 3738 687 3793 287.
732 3737 873 3792 Inter
907 3734 1198 3790 Herbidum
1223 3741 1278 3788 et
1304 3731 1596 3786 herbosum.
1624 3728 1917 3785 Herbidum
1947 3729 2085 3784 dici-

492 3847 616 3890 mus
640 3831 834 3896 locum,
864 3829 972 3900 38
1000 3827 1052 3881 in
1079 3840 1186 3897 quo
1214 3824 1499 3880 herbarum
1540 3822 1781 3876 viriditas
1815 3834 2086 3890 nunquam

491 3932 714 3991 cessat,
742 3921 1029 3977 herbosum
1061 3928 1264 3980 autem,
1292 3915 1382 3987 qui
1411 3914 1564 3969 facile
1590 3913 1810 3968 herbam
1841 3918 2085 3981 generat,

491 4023 551 4075 et
577 4016 644 4071 ad
674 4003 884 4086 tempus
908 4010 1126 4067 arescit.

1105 4102 1185 4157 De
1214 4102 1385 4156 littera
1413 4100 1456 4156 I.

565 4201 695 4258 288.
727 4201 871 4257 Inter
894 4199 1129 4270 Inferam
1154 4206 1209 4254 et
1233 4197 1521 4267 infernum.
1553 4193 1686 4248 Pars
1723 4206 1968 4263 superior
2007 4191 2092 4246 in-

498 4297 639 4354 ferni
668 4294 875 4351 inieras
898 4301 1001 4359 est,
1028 4293 1116 4346 ubi
1141 4290 1462 4360 quieverunt
1483 4296 1608 4342 ante
1628 4287 1914 4341 adventum
1936 4285 2087 4340 Chri-

497 4391 572 4451 sti
593 4390 790 4448 animat
813 4386 1111 4458 justorum.
1144 4384 1279 4440 Pars
1314 4397 1442 4438 vero
1473 4380 1693 4437 inferior
1723 4379 1963 4436 infernus
1987 4419 2005 4447 ,
2037 4378 2092 4435 in

500 4501 614 4559 quo
645 4483 930 4540 truduntur
959 4480 1094 4554 [ΑΛ.
1123 4477 1433 4550 traduntur]
1460 4477 1652 4531 anima:
1683 4477 1972 4546 impiorum
2003 4472 2090 4546 qui

2261 3281 2390 3336 295.
2452 3278 2596 3334 Inter
2629 3277 2908 3332 Innoaaum
2936 3285 2990 3330 ct
3040 3291 3338 3331 innocuum.
3399 3276 3666 3332 Innocuus
3697 3282 3784 3330 est

2188 3375 2418 3431 cuinon
2446 3379 2708 3437 nocetur;
2759 3369 3008 3425 innoxius
3034 3408 3051 3434 ,
3093 3369 3181 3439 qui
3222 3381 3327 3423 non
3370 3366 3516 3422 novit
3562 3381 3781 3422 nocere.

2257 3466 2385 3522 29‘.
2409 3466 2554 3520 Inter
2582 3463 2859 3536 Impurum
2882 3473 2935 3517 et
2957 3461 3294 3533 impudicum.
3318 3460 3626 3531 Impudicus
3649 3458 3782 3526 ML,

2190 3557 2496 3632 impurus],
2531 3557 2622 3626 qui
2649 3555 3030 3626 turpitudinem
3059 3553 3251 3627 ﬂagitii
3299 3553 3496 3621 infert;
3545 3553 3786 3625 impurus

2191 3650 2323 3724 [Al.,
2355 3648 2720 3723 impudicus],
2753 3651 2842 3721 qui
2872 3649 3089 3718 patitur.

2262 3742 2390 3797 295.
2415 3743 2558 3798 Inter
2579 3741 2942 3796 Immemorem
2965 3749 3020 3794 et
3043 3741 3303 3810 ignarum.
3343 3739 3630 3794 Immemor
3677 3747 3784 3806 est,

2191 3835 2284 3906 qui
2312 3835 2512 3891 oblitus
2543 3845 2664 3902 est;
2699 3835 2954 3904 ignarus,
2988 3833 3078 3903 qui
3109 3832 3329 3887 inscius.
3365 3831 3516 3888 Unde
3544 3841 3599 3886 et
3624 3846 3784 3888 nares

2192 3928 2371 3990 dictae,
2405 3943 2523 3998 qua:
2554 3941 2652 3981 nos
2681 3925 2850 3979 odore
2879 3924 3013 3996 [Al.,
3039 3922 3104 3977 ad
3134 3921 3385 3994 odorem]
3415 3923 3705 3979 admonent
3725 3934 3787 3979 ut

2192 4033 2579 4092 cognoscamus
2626 4015 2762 4087 [Al.,
2808 4010 3114 4083 noscamus]
3171 4012 3372 4084 aliquid
3419 4023 3476 4069 et
3521 4016 3782 4070 sciamus.

2195 4110 2349 4168 Unde
2371 4120 2425 4166 et
2451 4107 2704 4164 olfecisse
2727 4146 2742 4172 ,
2773 4106 2944 4161 scisse
2973 4104 3107 4178 [At.,
3141 4103 3295 4159 olfari
3327 4103 3435 4177 res]
3462 4114 3668 4161 veteres
3693 4105 3786 4160 di-

2195 4205 2408 4259 cebant.

2265 4295 2396 4352 296.
2421 4294 2563 4347 Inter
2592 4290 2822 4345 Inertem
2851 4300 2904 4345 et
2929 4307 3154 4363 segnem.
3172 4289 3319 4345 Iners
3345 4289 3462 4345 sine
3489 4298 3624 4352 arte.
3649 4300 3698 4344 et
3714 4288 3786 4344 ob

2196 4391 2299 4447 hoc
2327 4403 2498 4460 neque
2527 4387 2709 4458 operis
2727 4385 2943 4455 quidem
2969 4385 3131 4439 ullius
3150 4384 3284 4456 [Al.,
3313 4382 3568 4453 operique
3591 4381 3780 4452 utilis].

2196 4481 2408 4552 Segnis,
2434 4479 2589 4550 quasi
2617 4478 2734 4534 sine
2762 4479 2903 4548 igne;
2935 4476 3206 4548 quomodo
3231 4475 3616 4540 securus,sine
3630 4489 3783 4541 cura,

500 4579 789 4651 plurimum
834 4580 1210 4644 peccaverunt.
1257 4571 1332 4626 De
1380 4586 1485 4640 quo
1532 4569 1802 4639 Propheta
1851 4568 2086 4622 animam
2116 4583 2168 4644 D
2196 4576 2246 4631 id
2275 4585 2357 4630 est
2390 4573 2637 4644 frigidus,
2673 4587 2767 4641 per
2801 4570 2941 4639 quod
2981 4571 3222 4624 inutilem
3260 4568 3565 4638 accipimus.

500 4685 653 4729 suam
683 4667 961 4724 liberatam
986 4680 1109 4721 esse
1129 4663 1327 4735 gaudet
1350 4661 1485 4737 ML,
1501 4657 1844 4732 congaudet],
1864 4659 2087 4715 dicens:

730 4847 792 4903 C.
822 4830 1024 4901 Fronto
1051 4860 1065 4898 :
1117 4840 1327 4897 Grande
1348 4840 1676 4904 incremento,
1705 4853 1948 4909 magnum
1973 4853 2090 4891 am-

505 4918 864 5046 Phétégrilu
901 4986 1085 5040 Honus
1113 4985 1396 5056 regionum,
1438 4982 1533 5039 sed
1564 4998 1665 5037 vox
1717 4981 1984 5052 regionunt
2014 4981 2089 5033 Ir-

506 5059 676 5132 repsit
704 5074 770 5114 ex
797 5057 1042 5126 sequenti
1066 5055 1311 5110 articulo.

578 5131 707 5186 284.
742 5128 821 5184 Ex
847 5128 1141 5198 Agraetio.”
1246 5195 1288 5198 _

468 5234 474 5248 -
576 5202 704 5257 285.
723 5200 801 5255 Ex
816 5193 968 5255 Serv.
981 5238 998 5262 ,
1010 5197 1074 5252 ad
1092 5197 1170 5252 ill.
1185 5211 1202 5251 ι
1224 5195 1350 5252 En.
1374 5213 1386 5247 :
1405 5195 1602 5266 Spoliis
1615 5193 1823 5248 orientis
1835 5200 2098 5266 onustum.

580 5303 651 5313 —
682 5269 848 5325 Vetus
877 5269 1074 5340 gloss.,
1105 5266 1290 5340 Hortus
1331 5265 1514 5340 honer.
1531 5271 1668 5340 [Γιμή
1694 5267 1833 5340 θίξιν.
1855 5268 1977 5334 τιμὴ
2007 5265 2099 5318 ἀν-

512 5346 750 5420 epirum.
783 5334 953 5420 Varro
979 5334 1162 5420 etiam,
1184 5340 1220 5393 4
1255 5339 1322 5392 de
1350 5336 1505 5407 Ling.
1531 5334 1649 5391 La't.
1683 5350 1700 5390 :
1727 5334 1933 5387 Dictum
1974 5349 2102 5386 onus

511 5412 562 5473 εὶ
586 5413 748 5466 honos
777 5412 863 5478 qui
892 5412 1099 5466 sustinet
1123 5426 1284 5478 remp.

573 5482 705 5542 287.
733 5474 925 5539 Fusius
954 5483 1069 5536 haec
1096 5474 1392 5534 ditl‘erentia
1419 5476 1703 5545 exponitur
1734 5475 1786 5530 in
1812 5474 1948 5531 libro
1977 5475 2095 5530 sine

514 5553 705 5608 ordine
734 5554 1089 5622 alphabetico,
1114 5565 1266 5606 num.
1301 5547 1425 5613 4'54,
1444 5548 1534 5603 ubi
1556 5545 1801 5603 nonnihil
1826 5546 2096 5602 annotabo

515 5635 586 5681 σι
608 5623 880 5680 Goldasto.
914 5627 1085 5679 Anev.

521 5741 524 5744 .
584 5694 716 5765 288.
749 5694 915 5765 Inferi
934 5694 1193 5765 infernum
1218 5701 1293 5746 est
1323 5699 1550 5765 ute_rque
1572 5691 1698 5765 Ms.,
1725 5690 2002 5765 mendose.

591 5763 921 5820 —Dicens...
943 5763 1143 5818 Psalm.
1159 5778 1262 5817 cxx
1274 5778 1340 5817 xv
1357 5781 1368 5815 :
1386 5763 1453 5817 Et
1470 5763 1650 5818 eruisti
1663 5764 1888 5816 anintam
1907 5774 2091 5816 meant.

568 5835 721 5920 SM.
752 5834 1050 5914 Etymolog.
1080 5833 1178 5891 lib.
1205 5848 1318 5900 vui,
1352 5849 1470 5904 cap.
1499 5835 1552 5890 9.

2269 4666 2396 4724 297.
2436 4665 2581 4722 Inter
2608 4664 2860 4719 Insanum
2880 4671 2938 4718 et
2957 4662 3317 4716 insanientem.
3351 4658 3573 4714 Insanus
3591 4666 3672 4711 est
3692 4655 3782 4727 qui

2272 4841 2411 4897 Ibid.
2441 4840 2708 4907 Barthius,
2731 4838 2826 4894 lib.
2857 4853 2924 4891 ιι
2971 4834 3280 4907 Adversar.,
3332 4849 3382 4889 c.
3431 4834 3519 4900 10,
3569 4833 3622 4887 in
3671 4833 3786 4887 suis

2200 4915 2526 4967 membranis
2565 4905 2724 4966 verba
2769 4916 3017 4978 corrupta
3061 4905 3266 4961 invenit
3311 4915 3358 4957 et
3415 4920 3550 4978 ηερε
3594 4913 3786 4972 cogunt

2201 4999 2438 5055 corpora,
2469 4992 2524 5038 et
2547 4998 2611 5036 ex
2637 4976 2943 5055 conjectura
2972 4977 3287 5046 reponebat,
3340 4985 3387 5028 et
3433 4976 3521 5043 qui
3573 4989 3782 5046 surgere

2203 5051 2389 5126 cogunt
2414 5070 2649 5124 corpora,
2671 5065 2776 5107 etc.
2803 5051 2974 5105 Aasv.

2229 5198 2240 5210 .
2461 5125 2536 5181 Ex
2562 5123 2747 5188 Serv.,
2791 5120 2922 5177 En.
2956 5139 2970 5176 :
3002 5121 3061 5176 Is
3089 5137 3249 5193 genus
3275 5118 3516 5172 indocile.
3565 5117 3677 5186 AL,
3705 5117 3789 5170 in-

2206 5198 2459 5251 docibitis.

2276 5297 2347 5310 -—
2377 5266 2560 5322 Discit.
2584 5295 2608 5307 -
2631 5265 2859 5330 Didicit,
2885 5280 2953 5320 ex
2978 5264 3134 5319 Serv.

2278 5339 2409 5393 295.
2437 5335 2512 5390 Ex
2541 5337 2722 5402 Serv.,
2755 5337 2820 5390 ad
2848 5329 2925 5390 ill.
2959 5352 2990 5388 x
3019 5333 3144 5387 IEn.
3172 5350 3184 5384 :
3221 5331 3408 5385 Omnes
3429 5329 3676 5402 innocua.

2280 5409 2407 5466 295.
2441 5406 2516 5460 Ex
2543 5399 2790 5462 Servﬁad
2820 5407 2896 5460 ill.
2923 5421 2939 5459 ι
2963 5405 3089 5461 Ain.
3118 5402 3335 5467 :Neque
3359 5401 3491 5454 enim
3511 5399 3678 5470 ignari
3697 5414 3786 5470 su»

2199 5495 2312 5534 mtts
2337 5489 2454 5533 ante
2486 5478 2758 5531 malorum.
2792 5478 2906 5544 Ipse
2934 5476 3236 5545 Etymolog.
3274 5474 3366 5528 lib.
3389 5487 3429 5545 ix
3453 5514 3468 5538 ,
3520 5467 3782 5545 littera].

2268 5553 2394 5606 296.
2424 5548 2594 5614 Fest.,
2623 5550 2748 5604 dict.
2769 5541 2939 5611 Iners,
2980 5541 3063 5599 est
3095 5541 3272 5601 autem
3288 5559 3354 5601 ex
3378 5544 3556 5610 Serv.,
3591 5541 3783 5614 adill.t

2199 5621 2331 5746 ﬁla.
2360 5612 2612 5746 :Ilnstant
2642 5621 2873 5672 ardentes
2899 5615 3078 5686 Tyrii;
3104 5615 3217 5688 ipse
3252 5616 3556 5688 Etymolog.
3591 5612 3687 5668 lib.
3721 5628 3778 5686 x,

2219 5711 2236 5746 ι
2315 5708 2371 5746 ra
2426 5731 2440 5746 .

2198 5694 2371 5750 littera
2389 5694 2440 5747 I.

2272 5795 2342 5808 —-
2366 5763 2668 5836 Etymolog.
2703 5761 2796 5818 lib.
2819 5776 2852 5815 x
2873 5803 2889 5832 ,
2916 5761 3091 5820 littera
3124 5760 3188 5819 S.
