4056 6350
263 305 331 365 ιι
1481 300 2091 362 DIFFERENTIARUM
2132 305 2262 363 LIB.
2303 305 2347 363 Ι.
3479 307 3548 364 42

268 429 533 493 perpetuo
553 419 723 477 animi
753 416 937 477 furore
978 426 1227 488 tenetur;
1259 418 1535 477 insaniens
1564 419 1743 477 subito
1771 419 1856 477 in-
1881 422 1938 484 Α
1963 421 2067 476 mia
2094 432 2271 477 autem
2298 422 2356 475 fit
2381 419 2667 476 multorum
2709 429 3086 479 consumente
3116 435 3386 481 sermone.

262 512 459 570 citatus
492 512 883 583 indignatione,
918 511 1007 568 vel
1035 511 1134 568 ira.

331 609 464 665 298.
510 608 653 664 Inter
680 606 910 678 Impium
930 614 985 662 et
1007 616 1322 676 peccatorem
1352 606 1454 662 hoc
1476 605 1680 662 distare
1700 605 1861 674 solet,

263 702 407 773 quod
459 702 636 757 omnis
694 700 892 771 impius
956 709 1243 769 peccator,
1296 713 1403 754 non
1461 707 1639 754 tamen
1686 697 1861 754 omnis

268 803 527 863 peccator
576 791 773 862 impius
827 791 1103 848 habendus
1143 800 1245 846 est.
1292 789 1492 860 Impius
1534 791 1733 860 quippe
1778 796 1862 844 est

263 886 513 955 quisquis
560 899 591 939 a
640 882 767 940 ﬁdei
816 883 1016 954 pietate
1062 882 1271 940 alienus
1321 882 1572 951 efficitur,
1606 890 1862 952 peccator

264 993 398 1034 vero
429 979 523 1049 qui
555 993 719 1049 prava
750 978 964 1035 actione
995 977 1246 1034 ftedatur.
1294 1014 1324 1033 .-

328 1070 457 1125 299.
502 1070 646 1126 Inter
678 1069 1015 1141 Iniquitatem
1044 1080 1098 1126 et
1131 1077 1397 1137 peccatum
1429 1070 1507 1125 sic
1544 1069 1748 1125 distare
1777 1068 1862 1125 di-

258 1162 333 1218 cit
364 1163 707 1231 Ambrosius,
743 1163 885 1234 quod
915 1163 1168 1234 iniquitas
1191 1161 1259 1217 ad
1286 1162 1480 1217 mentis
1512 1161 1859 1217 acerbitatem

263 1255 527 1321 refertur,
560 1264 839 1326 peccatum
877 1270 1008 1311 vero
1053 1253 1120 1309 ad
1164 1252 1562 1325 prolapsionem
1593 1250 1855 1322 corporis.

259 1345 532 1403 Praecedit
577 1347 739 1418 igitur
787 1348 1075 1419 iniquitas,
1123 1355 1406 1416 peccatum
1455 1344 1718 1416 sequitur.
1751 1344 1858 1400 Sed

259 1441 492 1510 gravior
524 1449 609 1496 est
636 1440 915 1511 iniquitas,
950 1449 1201 1511 tanquam
1231 1440 1458 1495 materia
1489 1445 1855 1507 peccatorum,

252 1526 311 1581 in
336 1526 494 1595 cujus
518 1526 927 1597 comparatione
953 1526 1124 1581 levius
1144 1535 1228 1581 est
1249 1532 1549 1597 peccatum.
1576 1523 1705 1580 Item
1730 1537 1854 1594 pec-

255 1627 439 1673 catum
472 1627 559 1675 est
584 1618 725 1690 quod
747 1619 1086 1685 admittitur;
1118 1618 1384 1689 piaculum
1416 1626 1597 1672 autem
1631 1616 1683 1671 id
1715 1615 1858 1687 quod

256 1710 555 1766 admissum
586 1719 671 1766 est
694 1754 709 1779 ,
742 1720 799 1767 et
836 1710 892 1766 id
928 1710 1069 1781 quod
1118 1711 1364 1780 expiatur
1394 1709 1708 1765 admissum.
1745 1708 1856 1762 Ini-

2036 511 2160 569 505.
2201 514 2342 569 Inter
2372 512 2621 568 Incusare
2659 521 2714 570 et
2767 530 3034 570 accusare.
3088 516 3400 573 Incusamus
3449 533 3546 589 po-

1966 602 2156 668 tiores,
2191 608 2504 658 accusa'mus
2534 618 2712 674 pares.
2746 602 2875 661 Item
2895 606 3204 663 incusamus
3230 606 3419 677 verbo,
3453 623 3544 668 ao-

1963 708 2216 749 cusamus
2247 694 2471 749 crimine
2500 703 2554 750 et
2580 693 2743 751 facto.

2032 783 2159 839 504.
2201 786 2347 841 Inter
2370 785 2563 841 lubere
2590 797 2646 843 et
2680 789 2952 859 imperare.
2984 789 3185 845 Jubere
3228 790 3371 861 apud
3392 800 3547 847 vete-

1960 893 2051 935 res
2094 894 2201 934 non
2249 879 2390 935 idem
2419 890 2536 935 erat
2590 880 2729 950 quod
2758 881 3054 952 imperare;
3100 897 3222 937 nam
3251 881 3442 952 jubere
3472 882 3550 939 ibi

1961 972 2261 1041 dicebatur,
2285 973 2375 1029 ubi
2415 974 2702 1029 voluntatis
2734 984 2850 1030 erat
2883 975 3236 1046 obsequium;
3280 975 3550 1044 imperare

1961 1064 2271 1134 autem,jubi
2287 1065 2614 1139 debito,[Al.,
2629 1066 2812 1136 dubio]
2825 1067 3050 1136 quisque
3064 1066 3289 1136 imperio
3307 1066 3549 1135 parebat.

2031 1155 2135 1228 41
2170 1155 2296 1214 505.
2320 1157 2463 1213 Inter
2491 1155 2759 1212 Iactamur
2779 1166 2831 1214 et
2854 1160 3155 1230 fatigamur,
3189 1159 3464 1217 Iactamur
3494 1159 3550 1216 in

1961 1250 2126 1303 maris
2155 1249 2429 1317 ﬂuctibus,
2460 1249 2749 1321 fatigamur
2776 1252 2831 1305 in
2856 1253 3035 1308 terris.

2033 1340 2162 1397 506.
2203 1341 2348 1397 Inter
2380 1341 2542 1397 Jaceo
2592 1350 2647 1398 et
2685 1344 2849 1412 jacio.
2895 1341 3059 1400 Jaceo
3102 1344 3454 1403 accubantem
3478 1343 3550 1403 si-

1963 1433 2202 1504 gniﬁcat,
2228 1437 2370 1506 jacio
2394 1452 2522 1493 vero
2550 1437 2707 1493 mitto
2733 1437 3087 1493 demonstrat.

2034 1525 2161 1581 507.
2212 1526 2353 1583 Inter
2403 1526 2589 1600 Ignem
2638 1537 2691 1585 et
2745 1530 2941 1598 focum.
2990 1525 3131 1597 Ignis
3182 1527 3297 1598 ipsa
3336 1526 3551 1583 flamma

1961 1625 2065 1683 est,
2096 1616 2249 1675 focus
2276 1635 2407 1676 vero
2437 1620 2608 1677 fomes
2629 1661 2645 1687 ,
2700 1634 2763 1674 ac
2810 1620 3198 1676 nutrimentum
3227 1621 3385 1691 ignis.
3412 1620 3551 1677 Nam

1963 1708 2131 1767 Varro
2158 1728 2173 1766 :
2206 1712 2398 1782 Focus,
2438 1713 2516 1768 ait
2564 1713 2697 1787 [Al.,
2727 1711 2950 1785 autem],
2982 1713 3173 1781 dictus,
3218 1712 3358 1783 quod
3386 1716 3551 1783 foveat

254 1804 481 1873 quitatis
504 1812 681 1859 autem
708 1812 814 1859 tres
837 1812 962 1858 sunt
978 1800 1320 1857 differentiae:
1348 1797 1853 1872 “suggestionis,
1887 1814 1936 1877 Β
1961 1803 2148 1875 ignem.
2182 1806 2361 1863 Focus
2397 1822 2527 1877 ergo
2556 1806 2734 1863 dictus
2763 1821 2794 1862 a
2825 1806 2956 1861 fotu-

258 1894 665 1963 delectationis,
698 1903 753 1951 et
773 1908 1091 1951 consensus.
1124 1893 1269 1949 Inter
1300 1892 1606 1961 iniquitates
1646 1899 1701 1946 et
1728 1903 1856 1960 pec-

255 1996 373 2041 cata
426 1996 648 2043 sanctus
697 1987 1061 2060 Hieronymus
1110 1986 1250 2041 hanc
1297 1980 1658 2041 differentiam
1687 1984 1853 2040 facit:

254 2079 574 2151 iniquitates
606 2080 833 2136 dicimus
857 2086 977 2151 quae
1009 2089 1135 2135 ante
1171 2087 1477 2149 susceptam
1508 2078 1668 2133 fidem
1696 2117 1711 2143 ,
1742 2077 1858 2132 sive

258 2186 352 2241 per
384 2172 778 2241 ignorantiam,
823 2173 935 2227 sive
964 2187 1062 2242 per
1100 2172 1378 2227 scientiam
1423 2171 1852 2226 committuntur.

259 2261 487 2318 Peccata
519 2278 650 2319 vero
670 2306 685 2332 ,
720 2279 843 2334 quae
871 2270 994 2334 post
1018 2263 1380 2334 cognitionem
1410 2262 1571 2330 ﬁdei,
1609 2262 1697 2317 vel
1725 2275 1858 2332 gra-

259 2353 390 2410 tiam
424 2354 769 2425 baptismatis
797 2357 1231 2423 contrahuntur;
1274 2355 1604 2425 totidemque
1644 2364 1699 2410 et
1727 2368 1854 2424 pec-

254 2454 389 2514 cata,
425 2447 600 2515 verbi,
633 2447 815 2518 operis
843 2458 898 2504 et
921 2446 1316 2504 consensionis.

324 2560 453 2617 500.
494 2561 639 2617 Inter
688 2560 931 2618 Invidum
975 2572 1029 2619 et
1070 2563 1423 2631 invidiosum,
1456 2561 1601 2632 quod
1636 2560 1854 2617 invidus

264 2650 499 2710 feliciori
547 2654 788 2724 invidet,
833 2656 1130 2712 invidiosus
1160 2665 1341 2712 autem
1387 2656 1434 2712 is
1462 2664 1544 2712 est
1572 2656 1680 2728 [ΑΙ.
1714 2656 1855 2712 idem

254 2741 361 2814 est]
389 2743 483 2813 qui
536 2743 603 2799 ab
628 2746 737 2801 alio
769 2746 967 2816 patitur
997 2745 1252 2802 invidiam
1288 2745 1398 2817 [AL
1426 2743 1670 2817 malum].
1713 2745 1856 2801 Nihil

253 2845 440 2891 autem
465 2834 777 2906 honestum,
800 2840 945 2908 quod
970 2854 1078 2895 non
1099 2838 1445 2895 invidiosum.
1467 2840 1637 2895 Nemo
1657 2840 1857 2909 quippe

254 2924 464 2982 invidet
491 2929 689 2985 misero
714 2947 729 2995 ;
760 2930 881 3000 quis
908 2940 1089 2986 autem
1122 2931 1293 2987 bonus
1315 2941 1372 2988 et
1394 2946 1499 2986 non
1524 2931 1856 2988 invidiosus?

321 3016 454 3073 501.
489 3020 633 3077 Inter
662 3020 806 3076 Iram
839 3033 893 3079 et
922 3024 1274 3079 iracundiam.
1327 3024 1408 3079 Ira
1457 3039 1700 3094 praesens
1750 3032 1852 3089 est,

249 3118 382 3165 etes
408 3125 571 3166 causa
599 3114 872 3181 nascitur;
897 3116 1169 3171 iracundia
1192 3124 1373 3172 autem
1396 3116 1582 3171 vitium
1610 3116 1856 3171 naturale

2034 1898 2159 1954 508.
2202 1899 2346 1955 Inter
2389 1897 2617 1953 Januam
2663 1909 2719 1954 et
2766 1898 2973 1954 ostium.
3022 1897 3190 1955 Ianua
3234 1906 3318 1955 est
3369 1898 3550 1955 aditus

1964 1993 2166 2062 primus
2196 1991 2248 2045 in
2282 1991 2521 2054 domum,
2557 1989 2755 2045 ostium
2800 1991 2856 2044 in
2890 1989 3190 2060 quemlibet
3221 1990 3396 2045 locum
3448 1988 3552 2044 do-

1960 2101 2098 2141 mus.
2132 2084 2395 2142 Similiter
2427 2098 2559 2140 vero
2584 2083 2772 2153 janua,
2804 2082 2889 2138 vel
2917 2091 3001 2137 est
3045 2081 3227 2137 clausa
3270 2079 3403 2153 [Al.,
3429 2094 3553 2136 cum

1957 2174 2253 2248 claustris],
2294 2175 2379 2230 vel
2432 2182 2654 2244 patens;
2697 2172 2842 2230 fores
2896 2182 3073 2229 autem
3105 2182 3160 2228 et
3207 2173 3378 2228 valvae
3419 2173 3552 2242 ipsa:

1958 2270 2154 2326 clausae
2183 2268 2320 2343 [Αι.,
2354 2268 2469 2338 ipsa
2497 2263 2756 2337 claustra]
2786 2276 2932 2333 sunt,
2963 2268 3057 2323 sed
3082 2266 3226 2323 fores
3256 2282 3376 2337 quae
3406 2268 3552 2322 foras

1958 2369 2259 2427 vertuntur,
2289 2359 2484 2427 valvae,
2516 2376 2637 2431 quas
2667 2363 2810 2415 intus
2837 2362 3171 2431 aperiuntur,
3202 2370 3256 2416 et
3283 2361 3551 2432 duplices,

1958 2456 2277 2527 multiplices
2305 2496 2322 2523 ,
2392 2454 2898 2526 complicabilesque
2972 2465 3120 2511 sunt.
3179 2455 3356 2511 Portae
3415 2470 3548 2512 vero

1958 2548 2177 2617 prOprie
2227 2562 2502 2602 murorum
2545 2546 2825 2614 dicuntur;
2873 2553 3035 2617 atque
3075 2546 3197 2602 ideo
3233 2547 3365 2621 [Αι.,
3400 2546 3549 2619 inde]

1957 2640 2116 2695 dictae
2141 2653 2208 2695 eo
2234 2638 2377 2708 quod
2418 2638 2713 2708 antiquitus
2745 2647 2957 2709 portato
2986 2649 3163 2695 aratro
3188 2638 3550 2708 designaban-

1960 2742 2044 2788 tur
2076 2730 2208 2803 [Al.,
2256 2738 2529 2801 portatura
2569 2739 2709 2785 ποιῶ
2752 2729 3041 2802 designat],
3074 2730 3291 2801 quando
3316 2733 3549 2787 circum-

1958 2824 2250 2881 ducebatur
2273 2838 2459 2896 gyrus,
2490 2831 2653 2894 atque
2679 2822 2807 2880 urbs
2834 2822 2940 2896 [AL
2963 2840 2986 2890 ',
3018 2823 3184 2897 Urbo]
3216 2825 3548 2895 signabatur.

2030 2916 2155 2972 509.
2196 2915 2340 2972 Inter
2365 2915 2391 2968 Ι
2400 2914 2522 2970 llius
2548 2915 2731 2970 similis
2755 2921 2815 2971 et
2834 2913 2918 2971 illi
2940 2916 3145 2973 similis.
3179 2917 3326 2973 Illius
3350 2917 3545 2977 similis

1959 3009 2027 3065 ad
2058 3026 2234 3068 mores
2262 3013 2517 3079 refertur,
2544 3013 2624 3069 illi
2654 3012 2844 3070 similis
2877 3014 2946 3070 ad
2974 3014 3202 3073 vultum.

2031 3102 2156 3157 510.
2197 3102 2343 3161 Inter
2370 3102 2646 3160 Juveutam
2682 3114 2735 3161 et
2768 3107 3113 3177 juventutem.
3166 3105 3429 3161 Iuventus
3465 3114 3551 3163 est

251 3195 651 3270 el'perpetuum
680 3213 782 3259 est.
835 3204 967 3260 Item
1004 3208 1173 3261 iratus
1216 3222 1314 3275 pro
1342 3215 1586 3276 tempore
1616 3208 1852 3263 concita-

1962 3193 2210 3265 iuvenum
2268 3199 2599 3268 multitudo;
2643 3200 2862 3272 juventa
2896 3201 3030 3275 [Αι.,
3061 3200 3328 3272 juventas]
3365 3211 3548 3257 autem

248 3295 367 3355 tur;
394 3292 682 3349 iracundus
702 3304 880 3351 autem
907 3296 1219 3368 frequenter
1236 3298 1346 3368 [Αι.
1371 3297 1647 3370 frequens]
1667 3298 1852 3354 irasci-

253 3389 358 3450 tur,
379 3395 432 3440 et
450 3386 519 3441 ad
539 3387 712 3444 levem
733 3392 1000 3448 sermonis
1020 3406 1227 3461 auram,
1246 3392 1400 3462 quasi
1416 3408 1446 3445 a
1463 3401 1623 3448 vento
1641 3390 1848 3459 folium,

251 3488 644 3536 commovetur.
668 3479 749 3537 De
767 3482 962 3538 talibus
979 3482 1110 3539 dicit
1125 3484 1402 3553 Scriptura
1426 3502 1438 3538 :
1464 3482 1556 3539 Vir
1571 3485 1853 3540 iracundus

251 3566 551 3626 inhonestus
585 3582 683 3629 est.
716 3575 779 3629 Et
807 3575 1041 3631 iterum:
1072 3576 1365 3654 Iracupdus
1393 3576 1582 3633 effodit
1611 3586 1849 3645 peccata.

321 3661 449 3719 502.
506 3664 650 3721 Inter
705 3665 1055 3738 Ignominiam
1109 3678 1164 3725 et
1214 3670 1507 3740 infamiam.
1558 3669 1855 3740 Ignominia

252 3755 472 3821 ponitur
498 3766 769 3827 potestate
801 3760 932 3834 [Al.,
977 3762 1029 3818 in
1079 3762 1373 3835 potestate]
1422 3763 1679 3833 alicujus,
1712 3762 1849 3819 infa-

318 3893 449 3948 298.
484 3895 564 3950 [ὴ
597 3897 902 3956 Ambrosio.

325 3972 629 4055 Ibid._IIaac
657 3986 740 4033 est
772 3980 1039 4055 rat_io__cur
1068 3980 1393 4055 sanctissimi
1430 3981 1617 4055 Patres
1649 3983 1848 4055 docent

252 4046 448 4122 impios
467 4046 539 4122 _i_u
568 4055 810 4122 extremo
835 4050 1039 4122 judicio
1066 4065 1171 4106 non
1201 4066 1324 4107 esse
1350 4052 1691 4122 iudicandos,
1722 4054 1846 4121 quia

251 4118 360 4192 jam
388 4115 791 4192 judicati__sunt,
821 4115 915 4175 sed
947 4134 1042 4176 eos
1067 4122 1156 4191 qui
1206 4115 1367 4178 medii
1406 4136 1535 4179 sunt
1564 4115 1703 4179 inter
1733 4115 1849 4192 pios

252 4195 307 4243 et
343 4187 559 4256 impios.
591 4188 722 4244 Vide
747 4187 1112 4247 Prudentiana
1144 4209 1286 4263 mea,
1327 4210 1381 4248 n.
1416 4196 1540 4249 I79.
1567 4187 1740 4251 Anav.

321 4264 561 4346 299...“
610 4276 757 4324 textu
808 4270 1083 4346 Pantinus
1116 4275 1346 4331 fortasse
1396 4275 1605 4346 legebat
1656 4285 1847 4345 totque,

253 4348 346 4418 aut
367 4338 579 4418 totidem
597 4348 667 4405 et,
694 4356 791 4410 pro
824 4356 930 4412 quo
970 4343 1119 4399 varia
1170 4346 1326 4402 lectio
1370 4338 1672 4418 assignatur
1725 4338 1849 4401 toti;

252 4411 487 4479 demque.
520 4412 697 4466 Ansv.

323 4472 451 4542 500.
486 4488 793 4562 Etymolog.
829 4493 924 4549 lib.
949 4510 1001 4557 x,
1036 4495 1209 4552 littera
1232 4472 1289 4551 Ι.

498 4568 557 4624 In
580 4571 685 4645 Ms.
712 4570 911 4645 Barthii
936 4592 950 4629 :
980 4573 1225 4631 Feliciori
1255 4579 1464 4645 invidet,
1485 4590 1533 4634 et
1559 4582 1655 4636 sibi
1677 4594 1841 4637 nocet.

252 4636 686 4723 ‘I_n_ridiosus,.qu_i
716 4643 994 4723 abualiquo
1026 4650 1221 4723 patitur
1251 4636 1479 4723 malum.
1517 4651 1676 4723 Legit
1722 4636 1849 4708 Bar-

253 4707 399 4790 thius
445 4727 458 4761 :
498 4713 587 4780 qui
613 4707 705 4790 ab
742 4707 918 4790 aliqud
941 4707 1132 4787 petitur
1156 4720 1311 4776 malo.
1346 4723 1487 4785 Mox,
1514 4707 1671 4790 initi,
1703 4707 1850 4779 bonis

252 4792 349 4863 pro
374 4780 564 4863 bonus,
594 4793 649 4839 et
672 4780 924 4843 Barthius
941 4780 1357 4860 interpretatur,
1381 4780 1525 4848 bonis
1556 4780 1847 4863 abundans,

253 4851 501 4919 locuples.
534 4853 709 4912 Ansv.

322 4930 420 5013 SOI
439 4973 451 4985 .
473 4934 709 4991 Terentii
727 4937 1071 5013 interpretes,
1089 4950 1194 4998 act.
1216 4957 1289 5009 ιν,
1307 4957 1454 5000 scen.
1472 4945 1526 5013 6,
1546 4946 1808 5004 Heauton.
1830 4966 1844 5003 :

256 4998 282 5076 ζ
290 5019 346 5055 ra
371 5005 449 5076 de
475 5021 633 5061 causa
661 5017 756 5074 est,
784 4998 1071 5065 iracundia'
1082 5013 1145 5068 de
1166 4998 1290 5068 vitio
1316 4998 1535 5071 multum
1546 4998 1846 5076 iudieiis}.

252 5070 727 5152 Distinguitetiam
742 5070 954 5147 Cicero,
990 5099 1043 5137 ιν
1071 5084 1268 5152 Tusc.;
1302 5094 1357 5142 et
1384 5070 1586 5145 Fronto
1611 5070 1848 5148 Fundi

252 5160 311 5195 ex
338 5145 544 5212 oﬂ'ensa
572 5158 669 5214 est,
700 5145 983 5208 iracundus
1015 5164 1226 5211 natura.

319 5224 462 5310 Ibid.
480 5228 655 5310 γει-ρει
673 5229 968 5310 Scriptura;
979 5233 1209 5292 fortasse
1228 5247 1440 5296 suntex
1466 5239 1728 5298 Proverh.
1754 5259 1844 5310 xv,

372 5298 465 5353 ubi
495 5292 900 5383 Vulgata‘gyir
949 5292 1847 5383 iracunduswprobocairigas—ei

249 5379 363 5435 cap.
398 5383 550 5442 xx_vt,
579 5371 641 5426 2I
680 5388 693 5423 :
729 5371 823 5425 Vir
848 5374 1129 5433 iracundus
1158 5371 1368 5436 suscitat
1395 5384 1555 5439 rixas.
1595 5371 1846 5442 Barthius

250 5438 595 5527 propellitque
622 5442 797 5498 locum
827 5444 1029 5527 indicat
1071 5450 1433 5527 differentiam
1483 5454 1625 5510 inter
1664 5438 1843 5527 ﬁetu;

247 5519 433 5636 Κῖνἑέ
482 5512 749 5581 damnum,
780 5531 901 5587 qua
950 5517 1128 5575 littera
1180 5520 1231 5575 ι)
1272 5523 1385 5593 jam
1430 5512 1686 5595 exposita’
1717 5528 1841 5584 fuit.

470 5663 555 5746 En
579 5663 896 5752 C..Fronto.
923 5686 936 5721 :
962 5668 1563 5752 Ignominiajmponitur
1583 5680 1645 5733 ab
1668 5696 1724 5735 eo
1749 5684 1843 5752 qui

249 5743 406 5821 potest
451 5736 897 5821 animadversione
944 5736 1141 5815 notare,
1189 5736 1408 5816 infamia
1448 5765 1514 5804 ea:
1556 5736 1837 5809 multorum

249 5818 478 5863 sermone
502 5818 759 5866 nascitur.

528 5903 806 5968 Parnm"
849 5905 1203 5972 LXXXIII.

1881 4520 1934 4579 D

1958 3289 2238 3347 hominum
2275 3301 2360 3348 est
2405 3301 2554 3349 tetas.
2607 3293 2869 3350 Iuventas
2922 3309 3051 3351 vero
3099 3294 3266 3350 decus
3296 3296 3551 3363 juventu-

1960 3384 2051 3451 tis,
2081 3384 2178 3440 sed
2204 3394 2456 3442 auctores
2486 3386 2540 3441 in
2570 3387 2843 3456 plerisque
2874 3389 3005 3444 locis
3046 3388 3204 3444 aliter
3227 3395 3544 3459 posuerunt.

2031 3476 2156 3532 5H.
2201 3476 2345 3533 Inter
2375 3477 2596 3547 Inﬁcere
2637 3487 2693 3534 et
2735 3480 2948 3549 allicere.
3010 3481 3231 3539 Inﬁcere
3277 3490 3365 3538 est
3401 3481 3551 3539 colo-

1958 3585 2074 3627 rem
2105 3581 2334 3638 mutare,
2367 3571 2589 3628 ofﬁcere
2616 3581 2701 3629 est
2729 3574 2887 3630 alicui
2926 3588 3141 3631 nocere.

2027 3666 2153 3723 512.
2196 3667 2340 3724 Inter
2371 3666 2611 3723 Invenire
2656 3678 2711 3725 et
2748 3670 2988 3740 reperire.
3030 3670 3335 3728 Invenimus
3365 3669 3547 3741 inqui-

1957 3761 2082 3828 sita,
2115 3760 2422 3831 reperimus
2449 3761 2593 3819 ultro
2613 3763 2969 3819 occurrentia.

2023 3896 2147 3951 505.
2185 3898 2264 3953 Ex
2288 3900 2464 3978 Serv.,
2496 3899 2563 3955 ad
2591 3899 2670 3955 ill.
2696 3916 2713 3954 ι
2738 3900 2869 3957 Ain.
2897 3898 3148 3963 :Talibus
3188 3902 3414 3973 incusat,
3450 3908 3545 3978 qui

1961 3977 2142 4025 tamen
2172 3971 2405 4039 amplius
2433 3986 2595 4040 quam
2628 3981 2833 4027 noster.

2022 4040 2151 4096 505.
2180 4043 2258 4096 Ex
2285 4041 2463 4109 Serv.,
2487 4042 2553 4097 ad
2576 4041 2651 4097 ill.
2678 4059 2694 4097 ι
2717 4043 2845 4100 Ain.
2872 4060 2886 4097 :
2912 4043 3085 4101 Terris
3097 4049 3327 4117 jactatus
3346 4056 3394 4103 et
3413 4050 3543 4107 alto.

2024 4119 2166 4201 Ibid.
2220 4122 2275 4178 In
2319 4130 2444 4201 nlita
2477 4122 2794 4201 Pantiniest
2819 4142 2958 4180 mars
2984 4142 3080 4201 pro
3109 4127 3259 4182 varia
3289 4129 3543 4201 lectione,

1954 4193 2052 4249 sed
2082 4192 2313 4249 fortasse
2343 4193 2604 4249 Pantinus
2625 4196 2795 4251 voluit
2820 4192 3185 4253 marefAnnv.

2028 4263 2155 4319 507.
2182 4264 2349 4337 Fest.,
2375 4264 2503 4320 dict.
2530 4262 2722 4333 Focus,
2748 4276 2802 4323 et
2828 4267 3009 4335 Serv.,
3035 4272 3102 4324 ad
3131 4268 3237 4337 ill.,
3260 4284 3333 4326 xu
3360 4270 3491 4329 ιλΕιι.
3520 4291 3536 4328 :

1957 4333 2023 4388 In
2052 4336 2322 4405 medioque
2353 4339 2513 4404 focos.

2025 4404 2151 4460 508.
2194 4404 2270 4460 Ex
2300 4406 2481 4476 Serv.,
2513 4407 2580 4463 ad
2611 4408 2686 4464 ill.
2728 4424 2747 4464 ι
2781 4409 2910 4467 En.
2939 4409 3200 4467 :Foribus
3226 4404 3383 4468 cardo
3412 4415 3541 4474 stri-

1957 4477 2108 4531 debat
2136 4478 2334 4533 ahenis.

2029 4579 2104 4629 —_
2125 4546 2320 4629 Porta},
2346 4557 2451 4629 etc.
2484 4549 2607 4629 Yid.
2648 4552 2829 4629 serv”
2869 4555 2940 4629 ad
2961 4554 3036 4608 ill.
3065 4553 3249 4629 “Ain.
3270 4571 3290 4629 με
3322 4553 3545 4629 Jamque

1954 4620 2367 4690 prapinquabant
2389 4622 2579 4689 portis;
2615 4632 2667 4678 et
2698 4624 2790 4679 lib.
2814 4620 2856 4679 v
2878 4626 3030 4687 Ᾱζη..
3062 4624 3128 4678 ad
3155 4625 3282 4679 illud
3310 4643 3322 4677 :
3354 4620 3543 4682 Urbem

1956 4691 2588 4767 designataratrmlpse,
2617 4695 2941 4767 Etymolog.,
2974 4695 3068 4749 lib.
3100 4712 3189 4760 xv,
3221 4710 3344 4765 cap.
3376 4697 3430 4751 2.

2023 4759 2165 4816 Ibid.
2200 4761 2346 4836 lianc
2386 4759 2739 4836 differentiam
2780 4759 3102 4836 elegantem,
3131 4777 3184 4820 et
3215 4759 3312 4836 pro
3342 4770 3539 4825 multo—

1952 4848 2085 4906 rum»
2115 4831 2442 4906 antiquitatis
2476 4835 2712 4890 locorum
2746 4831 2984 4894 meliore
3026 4831 3534 4906 carptufprtesertim

1950 4904 2531 4984 comicorumkutilem
2575 4921 2714 4984 esse_
2751 4909 2827 4963 ait
2880 4904 3156 4984 Barthius,
3178 4904 3269 4977 qui
3318 4910 3534 4984 inanem

1950 4989 2166 5042 operam
2200 4979 2366 5041 ponit,
2399 4983 2458 5029 ut
2499 4992 2678 5033 veram
2701 4979 2984 5036 lectionem
3031 4981 3278 5035 restituat
3315 4982 3369 5036 in
3411 4980 3531 5037 Edil

1952 5046 2099 5116 tione
2126 5044 2392 5099 Grialiana
2423 5046 2532 5116 jam
2573 5052 2941 5107 constitutam.
2969 5052 3140 5106 Δεῖν.

2020 5115 2154 5191 510.
2181 5117 2255 5171 Ex
2282 5115 2459 5191 Se_rv.,
2481 5118 2547 5173 ad
2568 5118 2647 5175 ill.
2674 5122 2843 5178 liEn.
2871 5140 2885 5177 :
2910 5121 3204 5191 Lumenque
3217 5123 3463 5191 juventw.

2020 5215 2091 5227 —
2104 5186 2303 5261 Pecus.
2338 5187 2466 5261 Leg.
2489 5193 2755 5261 juvenum,
2788 5210 2852 5251 ex
2893 5196 3045 5250 Scrv.

2019 5258 2553 5335 TIligniinumLLe'g.
2575 5258 2821 5335 Deus,'ex
2848 5276 3024 5321 mente
3043 5267 3199 5319 Serv.
3218 5270 3282 5335 _et
3306 5264 3533 5335 Acron.,

1948 5329 2001 5407 in
2030 5329 2309 5407 0d.__5_lib.
2341 5329 2612 5407 t__Horatii.
2636 5329 2764 5392 Haec
2785 5348 2865 5393 est
2895 5339 3016 5407 ἥβη,
3041 5344 3091 5389 et
3114 5335 3191 5389 sic
3212 5330 3326 5388 fere
3348 5329 3533 5406 Λετωέ

1948 5400 2071 5455 tius.
2119 5400 2237 5454 Vid.
2270 5412 2324 5455 et
2346 5400 2505 5468 Nom,
2539 5406 2667 5461 dict.
2700 5400 2967 5462 Iuventus.

2017 5472 2252 5550 511:5:
2281 5472 2342 5550 C_.
2367 5473 2593 5532 Fronto.
2626 5495 2639 5530 :
2674 5476 2899 5550 Infeclor
2925 5475 3149 5531 colorem
3176 5485 3363 5545 mutat,
3396 5480 3525 5549 017's:

1947 5552 2055 5599 ctor
2084 5544 2246 5613 ofﬁcio
2273 5545 2430 5599 obest.

2252 5615 2452 5692 F_ro_nto
2473 5635 2487 5672 :
2510 5618 2799 5692 Inuenimus
2816 5632 3018 5692 nostra,
3035 5626 3321 5690 reperimus
3338 5629 3533 5683 aliena.

2014 5686 2158 5771 Ibid;
2173 5686 2245 5771 .151
2278 5687 2521 5771 [aditique
2572 5689 2777 5759 Grialii,
2806 5686 3031 5771 agnum.
3079 5686 3204 5771 512,
3237 5700 3431 5771 gradus
3471 5700 3533 5755 fit

1943 5757 2011 5813 ad
2039 5773 2095 5811 n.
2128 5756 2252 5841 5}}.
2285 5758 2591 5841 Propterea,
2625 5777 2691 5817 ex
2720 5756 2773 5841 μ.
2810 5764 2897 5835 I2,
2929 5766 3064 5833 duos
3082 5756 3208 5841 feci,
3237 5756 3300 5828 ἷιι
3326 5784 3533 5831 υιιωθη

1947 5843 2048 5887 suo
2077 5828 2265 5888 ordine
2302 5830 2671 5901 procederent.
2704 5837 2877 5893 Ansv.
