4056 6350
517 332 587 398 tr’
1619 329 1681 384 s.
1723 322 1969 383 ismont
2008 318 2456 383 HISPALENSIS
2494 319 2803 379 EPISCOPI
3754 334 3821 387 ,ιε

519 452 838 514 memoriam
867 440 1046 518 habet,
1068 458 1277 505 memor
1296 457 1424 503 vero
1454 442 1699 500 beneficii
1722 442 1810 499 vel
1838 441 2114 499 defensio—
2145 456 2197 519 Α
2286 437 2411 495 367.
2448 439 2589 493 Inter
2614 436 2921 492 Miseremur
2964 438 3018 492 et
3052 434 3445 493 miserescimus.
3504 439 3826 502 Miseremnc

519 548 605 604 nis
630 560 837 601 memor
862 554 963 600 est.

2222 542 2479 602 quantum
2530 544 2755 586 necesse
2797 540 2902 596 est,
2935 532 3332 587 miserescimus
3372 531 3604 602 amplius
3662 550 3822 606 quam

592 628 698 699 [‘7
723 626 847 682 556.
881 625 1020 679 Inter
1051 620 1256 678 Horam
1286 630 1339 676 ct
1372 619 1683 674 tarditatem.
1712 616 1859 672 Mora
1885 625 1968 673 est
1998 630 2120 686 quas
2224 640 2448 683 necesse
2474 634 2579 682 est,
2632 624 2765 681 [lem
2810 624 3129 683 miseremur
3177 627 3370 697 rogati,
3420 624 3823 689 miserescimus

524 719 770 789 impedit,
800 718 1022 773 tarditas
1051 731 1174 787 quae
1204 713 1510 783 impeditur.
1542 711 1689 767 Mora
1708 711 1759 765 in
1792 726 1873 776 re,
1899 707 2120 765 tarditas
2222 720 2388 777 ιιιιι-ο,

522 828 575 866 ω
598 812 897 945 iii/illisi”
921 886 1166 941 Mendum
1197 892 1247 939 et
1278 884 1622 938 mendacium.
1662 882 1910 937 Mendum
1962 882 2016 935 in
2057 879 2119 933 Ii-

524 983 621 1037 bro
645 981 861 1051 proprie
889 980 1104 1044 dicitur,
1131 977 1269 1032 unde
1298 985 1351 1031 et
1376 976 1665 1031 emendare
1704 975 1955 1030 dicimus.
1986 971 2119 1028 Nam

524 1073 868 1132 mendacium
897 1074 948 1127 in
980 1071 1187 1127 caeteris
1219 1070 1376 1125 rebus
1404 1079 1507 1124 est.

598 1168 725 1224 358.
780 1168 921 1221 Inter
970 1162 1231 1217 Malitiam
1294 1173 1350 1217 et
1407 1162 1798 1233 malignitatem.
1855 1155 2123 1228 Cogitatio

528 1262 728 1330 quippe
759 1272 918 1329 prava
950 1256 1143 1311 mentis
1174 1254 1375 1309 malitia
1406 1254 1618 1324 dicitur,
1674 1252 1892 1308 malitiae
1934 1258 2119 1306 votum

528 1354 614 1410 vel
645 1365 780 1422 opus
808 1349 1115 1419 malignitas
1144 1348 1463 1417 appellatur.

597 1444 721 1500 359.
782 1444 923 1497 Inter
970 1438 1363 1503 multationem,
1427 1452 1653 1505 poenam,
1687 1444 1740 1489 et
1784 1434 2121 1502 supplicium.

526 1532 769 1590 Multatio
830 1539 1009 1600 potest
1059 1544 1180 1584 esse
1205 1570 1222 1595 ,
1276 1536 1331 1583 et
1369 1528 1483 1582 sine
1525 1527 1805 1596 sanguine,
1840 1526 1892 1581 in
1925 1524 2125 1579 damno

525 1624 787 1695 pecuniae.
814 1621 1146 1690 Supplicium
1167 1634 1291 1675 cum
1313 1621 1603 1689 sanguine;
1631 1632 1789 1688 ptena
1812 1631 1942 1672 vero
1965 1614 2125 1670 dolor

525 1720 643 1772 sine
664 1716 947 1786 sanguine.

600 1809 726 1865 360.
762 1809 904 1864 Inter
934 1806 1126 1863 Munus
1164 1819 1220 1864 et
1258 1810 1465 1863 donum.
1499 1808 1694 1863 Munus
1735 1814 1819 1861 est
1864 1804 2124 1871 debitum,

532 1911 591 1958 ut
636 1900 767 1974 [Al.,
804 1900 879 1973 in]
911 1911 1164 1972 patrono;
1211 1903 1445 1970 donum,
1490 1899 1837 1954 honorarium
1861 1907 1963 1953 est.
1993 1895 2125 1951 Item

532 1995 735 2049 donum
766 1995 945 2049 dantis
991 2002 1114 2061 est,
1168 2010 1363 2050 munus
1396 1992 1729 2063 accipientis.
1775 1992 1984 2046 Dictum
2034 2004 2131 2043 au-

528 2096 639 2142 tem
663 2086 863 2143 donum
891 2087 1137 2157 adando,
1167 2102 1361 2143 munus
1382 2102 1413 2142 a
1442 2086 1752 2152 muniendo,
1796 2084 1882 2140 vel
1928 2099 1960 2139 a
2009 2097 2124 2137 mo-

531 2181 735 2237 nendo.

601 2275 726 2331 36L
768 2272 915 2328 Inter
945 2270 1137 2326 Meruit
1168 2282 1223 2327 et
1254 2273 1549 2342 promeruit.
1610 2268 1806 2333 Meruit
1848 2282 2131 2324 commune

525 2374 615 2423 est
652 2375 707 2420 et
734 2365 801 2419 ad
833 2379 1046 2433 ptenam
1074 2374 1128 2419 et
1173 2364 1239 2418 ad
1274 2365 1576 2431 praamium,
1604 2362 1899 2431 promeruit
1923 2370 2131 2415 tantum

531 2459 597 2514 ad
622 2456 1074 2529 pruimium.Nam
1109 2459 1437 2525 promeritus
1468 2454 1665 2511 dicitur
1695 2455 1785 2525 qui
1820 2452 1955 2509 bene
1984 2451 2131 2523 facit,

532 2551 611 2607 sic
644 2551 947 2606 immeritus
975 2551 1064 2623 qui
1090 2551 1250 2605 male.

618 2644 916 2700 562.1nter
959 2642 1211 2713 Magnum
1237 2650 1292 2697 et
1325 2642 1594 2713 grandem.
1630 2641 1878 2709 Magnum
1922 2639 1990 2695 ad
2019 2637 2135 2694 ani-

532 2753 682 2793 mum
727 2737 1014 2794 referimus
1066 2735 1186 2809 [ΑΙ.
1238 2733 1531 2807 refertur],
1582 2734 1841 2805 grandem
1896 2734 1962 2789 ad
2002 2747 2137 2789 cor-

532 2846 651 2902 pus.

604 2921 729 2976 363.
778 2922 921 2977 Inter
966 2918 1209 2974 Mutuum
1258 2919 1387 2973 dare
1418 2917 1552 2990 [Al.,
1583 2914 1851 2988 mutuare]
1902 2924 1953 2971 ct
2004 2932 2137 2970 com-

542 3016 772 3069 modare.
806 3013 913 3081 Qui
952 3020 1197 3067 mutuum
1229 3010 1339 3075 dat,
1371 3009 1515 3063 aliud
1546 3020 1863 3078 recepturus
1893 3018 2012 3076 est;
2045 3010 2135 3080 qui

537 3105 867 3171 commodat,
911 3106 1093 3173 utique
1122 3103 1264 3158 idem
1290 3100 1392 3155 sibi
1427 3099 1576 3155 reddi
1598 3101 1892 3156 desiderat.

612 3195 744 3252 564.
788 3194 931 3251 Ιηῑει·
970 3194 1183 3248 Monere
1220 3202 1278 3249 et
1320 3192 1617 3248 admonere.
1675 3193 1853 3248 Monet
1878 3193 1969 3264 qui
2001 3207 2138 3261 prte-

2164 3244 2211 3308 C

2300 812 2427 869 368.
2457 812 2602 869 Inter
2633 812 2927 883 Monemus,
2960 814 3295 869 admonemus
3322 824 3377 871 et
3420 832 3822 875 commonemus.

2231 905 2513 963 Monemus
2550 907 2750 977 futura,
2780 909 3130 965 admonemus
3162 910 3480 980 praesentia,
3518 924 3829 969 commone-

2232 1017 2352 1056 mus
2378 1003 2671 1070 praeterita.

2296 1093 2420 1147 569.
2469 1094 2615 1150 Inter
2667 1092 3057 1149 Multitudinem
3101 1103 3159 1151 et
3207 1110 3497 1150 numerum.
3543 1095 3835 1151 Multitudo

2224 1199 2453 1239 numero
2492 1185 2580 1252 lit,
2628 1185 2783 1239 turba
2840 1186 2961 1241 loco
3007 1186 3202 1257 posita.
3238 1185 3472 1243 Possunt
3498 1188 3645 1243 enim
3676 1187 3829 1258 pauci

2233 1279 2290 1335 in
2330 1288 2559 1349 angusto
2589 1279 2804 1334 turbam
2838 1280 3039 1336 facere.

2312 1373 2441 1428 370.
2466 1372 2609 1428 Inter
2638 1370 2771 1427 Mihi
2798 1382 2854 1429 et
2890 1373 2982 1426 mi.
3013 1369 3141 1443 Mihi
3184 1370 3395 1427 dativus
3422 1385 3581 1429 casus
3616 1379 3722 1440 est,
3754 1372 3833 1429 mi

2237 1464 2536 1521 vocativus.

2297 1578 2423 1634 371.
2459 1577 2601 1632 Inter
2631 1575 2949 1643 Municipem
2995 1586 3053 1633 et
3101 1567 3482 1649 municipﬂem.
3529 1576 3835 1648 Municipes

2233 1680 2360 1727 sunt
2404 1671 2685 1726 curialium
2710 1671 2977 1739 majores,
3020 1671 3149 1727 dicti
3189 1686 3255 1726 eo
3277 1670 3420 1741 quod
3450 1671 3561 1726 ﬁsci
3605 1685 3833 1727 munera

2229 1764 2528 1833 accipiant;
2573 1762 2925 1834 municipales
2953 1772 3131 1819 autem
3161 1764 3451 1833 originales
3492 1761 3627 1836 [Al.,
3661 1764 3830 1834 origib

2162 1855 2210 1916 B
2240 1854 2349 1927 nis]
2379 1857 2528 1911 cives
2559 1865 2685 1911 sunt
2709 1896 2724 1921 ,
2774 1864 2828 1912 et
2877 1856 2932 1911 in
2976 1854 3149 1912 locum
3180 1854 3383 1929 [Forte,
3408 1853 3548 1926 loco]
3595 1854 3836 1910 ofﬁcium

2230 1956 2503 2021 gerentes.

2300 2063 2423 2117 572.
2470 2063 2616 2117 Inter
2663 2059 2933 2115 Hamillus
2962 2064 3029 2127 ζει
3071 2076 3361 2125 mammas,
3412 2068 3466 2115 et
3514 2059 3689 2113 ubera.
3723 2058 3837 2115 blat-

2233 2158 2396 2213 millae
2420 2158 2652 2212 virorum
2684 2164 2829 2221 sunt,
2860 2168 3110 2208 mamma:
3141 2152 3454 2221 mulierum,
3476 2152 3640 2207 ubera
3672 2166 3836 2221 peco-

2232 2264 2350 2305 rum
2385 2248 2541 2321 [Al.,
2601 2245 2921 2317 pecudum].
2980 2243 3200 2309 Papillae
3240 2250 3417 2297 autem
3477 2252 3602 2297 sunt
3645 2242 3835 2298 nuclea

2234 2358 2447 2397 summa
2509 2356 2867 2399 mammarum
2895 2381 2913 2408 ,
2962 2354 3079 2412 qua:
3146 2344 3401 2407 augentes
3469 2336 3833 2405 comprehcn-

2233 2433 2386 2489 dunL

2306 2546 2431 2600 575.
2457 2546 2601 2602 Inter
2626 2544 2923 2600 Matronam
2964 2552 3018 2599 et
3043 2551 3258 2597 matrem
3297 2541 3560 2613 familias,
3589 2539 3839 2596 Melissus

2237 2640 2622 2711 grammaticus
2654 2638 2949 2694 arbitratur
2982 2636 3084 2691 hoc
3113 2636 3395 2700 interesse,
3422 2631 3566 2706 quod
3592 2640 3841 2689 matrona

2237 2734 2445 2789 dicatur
2475 2742 2648 2789 mater
2676 2733 2838 2801 primi
2870 2732 3051 2801 pueri;
3084 2740 3254 2787 mater
3279 2730 3532 2799 familias,
3562 2745 3684 2801 quae
3712 2728 3839 2799 pill-

2238 2841 2329 2882 res
2357 2826 2582 2896 peperit.
2609 2824 2715 2878 Alii
2746 2824 3003 2879 dixerunt
3028 2832 3331 2879 matronam
3353 2824 3459 2879 dici
3489 2838 3611 2894 qua:
3638 2821 3692 2877 in
3726 2837 3847 2878 ma-

2240 2918 2550 2973 trimonium
2579 2931 2703 2971 cum
2728 2916 2848 2971 viro
2881 2917 3228 2981 convenerit,
3255 2924 3311 2972 et
3351 2916 3405 2972 in
3436 2930 3503 2972 eo
3525 2914 3655 2986 [Al.,
3686 2913 3841 2985 ideo]

2240 3007 2638 3064 matrimonium
2660 3007 2771 3079 49
2799 3018 2979 3062 actum
3005 3006 3140 3079 [Al.,
3159 3002 3383 3078 dictum]
3407 3024 3423 3075 ;
3454 3016 3680 3062 matrem
3710 3019 3849 3062 vero

2242 3102 2469 3158 familias
2490 3116 2608 3158 eam
2639 3115 2761 3157 esse
2790 3117 2909 3171 quae
2939 3101 2993 3155 in
3027 3102 3203 3157 mariti
3248 3116 3432 3167 manu,
3462 3099 3845 3171 mancipioque

2240 3204 2345 3261 est,
2376 3203 2467 3249 aut
2496 3195 2548 3250 in
2594 3193 2746 3263 cujus
2777 3192 3001 3248 maritus
3046 3207 3206 3247 manu
3254 3191 3629 3261 mancipioque
3671 3186 3842 3257 eﬂet,

532 3289 698 3357 cipit,
746 3288 1015 3345 Admonet
1060 3285 1172 3360 48
1224 3286 1315 3358 qui
1358 3287 1503 3357 quod
1539 3286 1812 3343 exciderat
1860 3286 2137 3343 memoria:
2165 3284 2211 3308 υ
2241 3290 2492 3360 quoniam
2525 3289 2578 3344 in
2610 3287 2872 3343 familiam
2902 3302 3118 3358 quoque
3166 3286 3345 3343 mariti
3388 3295 3445 3343 et
3476 3286 3561 3341 sui
3611 3284 3847 3342 mercdis

536 3382 771 3437 reducit.

600 3472 729 3527 ‘565.
762 3471 906 3528 Inter
937 3471 1168 3527 Meretur
1194 3479 1249 3525 et
1290 3480 1483 3529 mwret.
1513 3471 1617 3541 Qui
1655 3480 1894 3529 meretur
1943 3471 2135 3544 dignus

532 3574 613 3620 est
643 3565 820 3635 aliquo
850 3564 1139 3629 beneflcio;
1170 3565 1261 3635 qui
1288 3574 1501 3633 maeret,
1538 3565 1711 3620 tristis
1737 3576 1845 3621 est.

605 3654 732 3712 366.
788 3656 933 3712 Inter
986 3654 1246 3710 Miramur
1292 3665 1349 3713 et
1399 3656 1741 3711 admiramur.
1790 3655 2135 3713 Admiramttr

535 3750 784 3817 virtutes,
819 3753 1083 3807 miramur
1114 3766 1301 3821 opera.

605 3930 732 3985 557.
758 3930 996 3984 Carisius
1017 3929 1095 3984 sic
1116 3930 1230 3983 fere
1254 3927 1498 3983 mendum
1518 3936 1572 3983 et
1593 3929 1831 3985 mendam
1868 3929 2137 3986 discrimi-

536 4013 667 4059 nat:
704 4000 949 4057 Mendum
979 4002 1032 4054 in
1061 4000 1319 4053 mendacii
1367 4000 1744 4071 signiﬁcatione
1773 4002 2134 4071 distinguitur,

535 4072 722 4129 menda
750 4073 802 4125 in
824 4072 973 4140 culpa
999 4071 1184 4139 operis,
1217 4082 1303 4123 aut
1330 4071 1578 4140 corporis.

612 4141 735 4197 558.
759 4142 847 4198 Sic
866 4143 1055 4196 Cicero
1074 4184 1088 4205 ,
1120 4157 1175 4195 ιιι
1204 4142 1270 4197 de
1305 4141 1487 4195 Natnr.
1516 4140 1669 4196 deor.
1707 4159 1719 4195 :
1749 4142 1843 4197 Est
1867 4144 1999 4198 enim
2025 4159 2137 4197 ma-

539 4216 651 4273 litia
679 4224 879 4267 versuta
909 4224 955 4268 et
984 4213 1151 4283 fallax
1180 4213 1392 4267 nocendi
1423 4212 1576 4283 ratio.

610 4285 734 4340 559.
762 4285 840 4338 Ex
869 4282 1118 4339 Varronis
1142 4292 1341 4345 mente,
1367 4299 1399 4336 v
1428 4282 1493 4338 de
1523 4284 1673 4354 Ling.
1703 4286 1820 4339 Lat.
1854 4303 1868 4339 :
1901 4283 2071 4339 Multa
2104 4301 2137 4338 a

534 4357 769 4428 pecunia,
794 4370 907 4427 quat
928 4373 959 4409 a
982 4355 1283 4427 magistratu
1310 4354 1469 4421 dicta,
1502 4365 1557 4409 ut
1580 4357 1714 4427 exigi
1744 4357 1903 4426 possit
1927 4358 1988 4412 ob
2012 4372 2130 4428 pec-

537 4436 727 4481 catum.

608 4526 680 4539 -
707 4497 890 4554 Poena.
920 4497 1126 4563 Varro.,
1159 4498 1286 4551 ibid.
1315 4514 1326 4550 :
1355 4495 1514 4550 Poena
1540 4514 1572 4550 a
1602 4499 1882 4567 puniendo,
1914 4510 2003 4552 aut
2036 4514 2139 4568 pte-

538 4570 772 4634 uilendo,
797 4570 934 4637 quod
959 4577 1072 4635 post
1099 4580 1362 4636 peccatum
1385 4570 1631 4638 sequitur.

2239 3383 2496 3439 venisset.
2537 3382 2792 3438 Matronae
2816 3391 2994 3437 autem
3027 3390 3084 3437 et
3118 3381 3352 3450 virgines
3395 3378 3603 3435 nubilas
3651 3377 3846 3434 dicun-

2240 3487 2365 3547 tur,
2407 3492 2526 3547 qute
2579 3484 2780 3558 matres
2815 3474 2925 3544 jam
2969 3473 3083 3528 lieri
3133 3480 3375 3543 possunt.
3435 3471 3699 3538 Quoniam
3750 3483 3849 3539 per

2239 3570 2528 3642 quamdam
2574 3568 2713 3641 juris
2750 3568 3146 3625 solemnitatem
3194 3567 3249 3624 in
3303 3564 3562 3622 familiam
3610 3565 3847 3635 migrant

2246 3663 2451 3719 mariti.

2311 3754 2438 3813 574.
2469 3754 2615 3811 Inter
2666 3754 2933 3812 Mortuum
2983 3763 3039 3810 et
3079 3759 3386 3809 emortuum.
3423 3751 3692 3809 Mortuum
3733 3750 3847 3822 jam

2318 3932 2444 3987 569.
2479 3931 2621 4002 Lege
2643 3932 2883 4001 (inducta
2916 3932 3172 4002 dictione)
3205 3948 3502 3997 numerum,
3551 3946 3673 4003 quae
3700 3933 3850 3989 male

2248 4017 2315 4057 ex
2346 4004 2589 4072 sequenti
2629 4018 2787 4057 versu
2818 4004 3109 4072 irrepserat
3130 4006 3355 4058 turbam.

2242 4097 2250 4104 -
2315 4102 2386 4113 —
2412 4072 2547 4125 Loco
2573 4074 2759 4144 posita.
2783 4072 2869 4141 F.,
2906 4075 3004 4128 loci
3026 4076 3218 4144 positu.
3250 4075 3313 4131 (Ξ.
3349 4072 3547 4129 Fronto
3572 4092 3583 4127 :
3613 4072 3846 4130 Turbam

2246 4154 2499 4239 angustus
2531 4144 2671 4197 locus
2697 4146 2844 4226 facit.

2477 4214 2784 4294 ElyInUIQE.
2814 4216 2915 4294 ltb._
2943 4232 3016 4283 ix,
3052 4232 3172 4294 cap.

2319 4282 2458 4339 Ibid.
2490 4282 2653 4338 Error
2677 4282 2885 4339 videtur
2906 4282 3185 4355 irrepsisse
3202 4288 3253 4342 in
3270 4298 3396 4343 nota
3412 4287 3620 4344 Pantini
3640 4330 3653 4351 ,
3672 4301 3737 4342 ac
3760 4289 3845 4341 lea

2236 4355 2465 4430 gendum
2478 4356 2689 4430 originis
2704 4368 2819 4430 post
2831 4357 3126 4428 originales,
3141 4367 3195 4413 et
3206 4359 3318 4414 loco
3334 4367 3456 4430 post
3470 4359 3649 4413 locum.
3665 4356 3848 4414 Annv.

2312 4424 2440 4498 .372.
2476 4424 2885 4498 Ex'iﬁtymolog.
2910 4424 3013 4482 lib.
3040 4444 3113 4493 ιι,
3146 4444 3266 4498 cap.
3301 4424 3355 4485 1.

2315 4495 2452 4549 Ibid.
2485 4496 2540 4549 In
2572 4495 2819 4553 Editione
2840 4495 3046 4553 “Grialii
3084 4495 3560 4555 erat'mammillas.
3592 4501 3765 4553 Ansv.

2318 4565 2444 4640 3773.
2472 4567 2598 4635 Leg.
2618 4569 2800 4624 Ilelins
2822 4570 3063 4625 Melissus
3080 4585 3146 4624 ex
3163 4571 3337 4640 Agel.,
3358 4570 3452 4627 lib.
3476 4586 3623 4633 xvnt,
3639 4584 3763 4640 cap.
3784 4570 3842 4625 6.

611 4640 738 4695 560.
773 4635 850 4693 Ex
883 4635 1173 4707 Front.,ret
1198 4635 1499 4709 Etymolog.
1525 4641 1615 4695 lib.
1648 4655 1860 4709 vt,cap.
1891 4644 1978 4696 I9.
2004 4638 2139 4695 Vide
2169 4676 2221 4736 Β
2250 4635 2638 4736 ιικιεενεῇιιξ
2668 4639 2848 4736 opinoio
2872 4635 3361 4698 recensetuerid.
3394 4640 3555 4695 etiam
3589 4640 3682 4695 lib.
3707 4639 3849 4713 Ety-

537 4728 723 4781 supra.

614 4780 685 4823 L—
711 4782 843 4836 Item
868 4782 1079 4835 denum.
1112 4780 1188 4835 Ex
1213 4782 1478 4851 Agraatio,
1508 4782 1574 4835 ad
1604 4782 1850 4840 verbum.

619 4884 691 4895 —
723 4852 1001 4906 Monendo.
1040 4852 1314 4919 Movenda,
1343 4854 1633 4922 Agrzetius,
1668 4854 1807 4907 male
1830 4855 2037 4921 opinor.

614 4923 712 4979 '56I
728 4962 740 4977 .
770 4924 1095 4992 lntcrpretes
1111 4925 1152 4977 Τ
1155 4934 1349 4989 erent.,
1367 4933 1474 4981 act.
1495 4940 1552 4988 ιι,
1571 4939 1718 4978 scen.
1734 4924 1796 4975 2:
1820 4923 2139 4986 Promernit,

544 4997 767 5071 adjuvit,
801 4994 1011 5071 profuit.
1037 4996 1143 5071 _Cui
1167 4995 1493 5071 contrarium
1526 5005 1607 5071 est
1636 4997 1967 5071 commeruit;
2000 4995 2141 5071 unde

545 5066 665 5139 quis
706 5083 807 5139 pro
848 5066 1496 5139 imtneritus‘comnteritus
1548 5067 1829 5135 legendum
1878 5066 2139 5134 suspicari

543 5136 729 5209 possit.
764 5136 859 5192 Vel
890 5152 952 5190 ex
1002 5136 1096 5189 illo
1151 5136 1268 5190 loco
1300 5137 1521 5206 Hecyr.,
1552 5147 1696 5191 actu.
1734 5153 1789 5192 ιιι
1819 5176 1835 5201 ,
1876 5152 2025 5192 sccn.
2060 5139 2094 5191 5
2123 5154 2139 5193 :

593 5222 713 5278 Qua;
735 5227 982 5279 nunquam
1006 5214 1268 5277 quidquam
1294 5228 1415 5276 erga
1438 5228 1517 5265 me
1540 5218 1799 5265 ommerita
1822 5222 1898 5264 est
1919 5223 2077 5277 pater.

548 5289 647 5343 Ubi
666 5292 824 5346 iidem
855 5290 1176 5356 interpretes
1200 5288 1383 5339 mereri
1414 5286 1546 5356 bona
1577 5287 1823 5351 dicimus,
1842 5287 2143 5340 commereri

509 5371 516 5377 '
548 5362 703 5411 mala.
735 5361 855 5415 VIII.
889 5355 1073 5424 Serv.,
1106 5357 1171 5412 ad
1204 5356 1283 5411 ill.
1325 5372 1374 5411 ιν
1399 5355 1524 5412 [Et].
1563 5375 1579 5411 :
1615 5356 1899 5429 Nunquam
1949 5358 2145 5429 liegina

549 5430 1137 5499 negabo-I’romeritam.

621 5499 746 5571 565.
781 5502 856 5554 Ex
888 5502 1124 5571 ,Agrtetio
1144 5498 1531 5555 abhrcviatum.

624 5569 748 5622 ΞΜ.
774 5574 835 5623 (1.
864 5569 1046 5626 From.
1078 5590 1090 5625 :
1125 5573 1297 5625 Monet
1319 5580 1527 5641 propter
1546 5571 1950 5637 benivolentiam,
1974 5571 2146 5625 admo-

556 5652 637 5695 uet
666 5651 719 5693 ut
748 5641 1013 5707 conﬁrmet
1040 5645 1359 5698 memoriam.

629 5712 753 5763 366.
786 5712 861 5764 Ex
892 5715 1145 5778 Agraetio.

625 5783 752 5858 567.
787 5781 863 5858 Ex
910 5782 1061 5858 Serv.
1108 5798 1297 5842 sensus
1340 5800 1645 5858 cxpressns,
1682 5784 1750 5843 ad
1782 5784 1860 5843 ill.
1902 5800 1937 5841 ιι
1967 5785 2135 5846 Em:

561 5853 934 5913 Hiserescimus
962 5852 1116 5911 ultro.

2250 4710 2451 4777 molog.
2476 4725 2549 4773 ix,
2580 4725 2703 4777 cap.
2737 4711 2823 4765 I8.

2322 4807 2387 4822 -—
2414 4778 2480 4854 In
2511 4784 2680 4853 cujus.
2708 4782 2818 4854 AL,
2849 4783 2903 4836 in
2931 4784 3064 4853 ejus.
3090 4782 3144 4837 In
3169 4782 3325 4854 cujus
3351 4782 3547 4854 Agell.,
3572 4782 3845 4850 apertius.

2314 4881 2385 4892 —-
2421 4850 2673 4924 _V_enis'set.
2708 4853 2903 4906 Locum
2925 4850 3160 4919 venisset,
3191 4850 3363 4924 Age".

2315 4951 2387 4964 -ο
2412 4922 2689 4988 Matrona},
2710 4932 2814 4979 etc.
2834 4923 2953 4980 Vid.
2974 4921 3333 4994 Servium,'ad
3356 4924 3485 4981 illud
3506 4938 3563 4979 ix
3580 4921 3799 4981 Eneid.
3826 4944 3844 4983 :

2247 4992 2428 5048 Multis
2457 5012 2484 5047 e
2507 4996 2752 5049 matribus
2776 5012 2925 5050 ausa.

2322 5103 2391 5116 -—
2414 5074 2588 5131 Locus
2615 5092 2719 5132 non
2756 5078 2980 5146 integer,
3008 5085 3143 5133 ctex
3174 5076 3385 5142 Servio,
3413 5076 3552 5132 unde
3574 5086 3653 5131 est
3680 5075 3747 5128 ad
3783 5078 3853 5133 il-

2251 5145 2361 5219 lud,
2388 5146 2597 5219 xt‘gEn.
2627 5166 2641 5201 :
2672 5145 2930 5219 Tirrhena
2956 5165 3045 5219 per
3065 5150 3257 5219 oppida
3288 5158 3497 5216 matres,
3524 5148 3592 5219 ita
3616 5147 3849 5215 explen-

2252 5218 2355 5270 dus
2388 5234 2400 5269 :
2436 5217 2631 5273 Matres
2656 5218 2885 5288 familias
2913 5217 3051 5284 vero,
3074 5217 3191 5288 qua
3215 5222 3269 5273 in
3298 5218 3683 5273 matrimonium
3709 5233 3843 5271 cono

2250 5297 2488 5342 venerunt
2520 5307 2612 5357 per
2640 5287 3028 5359 coemptionem,
3052 5287 3317 5357 quoniam,
3349 5301 3453 5344 etc.
3480 5289 3608 5343 Nam
3640 5287 3846 5358 alioqui

2253 5359 2544 5427 descriptio
2573 5362 2663 5415 illa
2690 5362 2914 5415 minime
2938 5362 3200 5415 matronis
3225 5362 3497 5426 convenit,
3529 5360 3623 5414 sed
3653 5363 3848 5414 matri-

2253 5430 2353 5500 bus
2400 5429 2629 5485 familias
2671 5440 2896 5485 tantum.
2926 5428 3047 5483 Vid.
3091 5431 3249 5485 etiam
3299 5431 3483 5500 Serv.,
3518 5430 3584 5485 ad
3635 5430 3710 5483 ill.
3771 5445 3846 5486 vn

2253 5498 2473 5554 Aineid.
2510 5516 2524 5557 :
2563 5502 2826 5569 Qnteritur
2875 5501 3055 5556 Itwres.
3112 5502 3178 5555 Et
3222 5501 3361 5557 forte
3414 5498 3576 5559 etiam
3621 5502 3847 5558 tertium

2250 5571 2548 5625 membrum
2582 5574 2649 5629 de
2700 5583 2871 5628 matre
2920 5571 3294 5640 desideratur;
3352 5574 3577 5628 consule
3629 5572 3723 5624 lib.
3762 5588 3844 5639 ix,

2249 5658 2366 5715 cap.
2395 5641 2787 5715 8,7Elymolog.
2817 5643 2931 5698 Vid.
2963 5642 3132 5715 Fest.,
3158 5644 3290 5700 dict.
3325 5645 3489 5699 Mater
3506 5640 3756 5711 familias,
3788 5653 3849 5699 et

2246 5712 2409 5785 Non.
2438 5712 2571 5769 dith
2596 5712 2873 5785 Matrona,
2903 5724 2956 5768 et
2985 5712 3179 5769 Matres
3209 5716 3458 5785 familias.

2317 5784 2457 5838 Ibid.
2491 5786 2547 5840 In
2590 5794 2738 5839 textu
2768 5784 2949 5839 Grialii
2976 5797 3091 5841 erat
3131 5784 3342 5841 .llesius.
3372 5785 3447 5839 De
3476 5784 3690 5839 Melisso
3719 5785 3845 5841 tida

2243 5856 2542 5928 catalogum
2570 5857 2893 5926 scriptorum
2913 5857 2981 5915 ab
3003 5857 3206 5917 Isidoro
3230 5857 3591 5918 laudatorum.
3612 5870 3677 5913 ex
3709 5856 3846 5912 Bar-
