4056 6350
243 350 315 406 se
1472 338 2091 400 DIFFERENTIARUM
2130 338 2261 395 LIB.
2305 337 2348 394 ι.
2842 288 2874 293 Ἴ
3481 337 3553 394 so

245 468 617 526 exanimatum
640 466 778 543 [Αι.,
810 464 1077 541 exanime]
1131 479 1351 537 corpus,
1388 474 1690 523 emortuum
1720 477 1847 518 vero
1876 464 1931 527 Α
2024 461 2150 517 385.
2189 459 2330 515 Inter
2376 455 2591 514 Nudum
2629 462 2686 513 et
2722 456 2996 511 nudatum.
3052 453 3130 510 Ea
3170 453 3313 510 enim
3358 452 3561 511 nudata

244 565 482 622 vicinum
528 562 711 618 morti.

320 655 451 712 375.
496 654 644 710 Inter
692 654 841 709 Mare
879 662 934 709 et
977 654 1166 708 maria.
1208 653 1353 708 Mare
1389 650 1718 706 elementum
1769 656 1853 703 est

247 760 449 816 totum,
484 750 655 805 maria
685 763 815 804 vero
855 756 1036 817 partes
1077 750 1260 804 maris.
1305 747 1460 803 Sicut
1496 754 1651 801 terrae
1705 750 1852 810 sunt,

251 856 397 899 terra
415 857 547 897 vero
572 851 779 897 tantum
811 842 1163 897 elementum.

1956 552 2210 609 dicuntur
2237 566 2356 621 quae
2387 550 2570 606 vestiri
2596 550 2791 616 solent,
2823 563 2885 605 ea
2916 547 3061 604 nuda
3084 562 3205 619 quae
3243 561 3351 603 non
3381 546 3561 604 solent

1959 646 2084 716 tegi.
2133 644 2264 700 Item
2296 643 2470 699 nudus
2508 643 2651 698 illius
2680 642 2761 697 rei
2807 649 2902 695 aut
2942 640 3030 695 illa
3071 654 3133 696 re
3162 641 3299 695 bene
3339 638 3560 696 dicitur.

1961 738 2203 794 Nudatus
2231 751 2362 792 vero
2389 739 2457 792 ab
2485 736 2578 791 illo
2605 735 2951 791 denuntiatur
2970 733 3103 806 [Al.,
3134 731 3565 804 denuntiamus].

2031 849 2163 906 586.
2204 850 2348 905 Inter
2375 848 2640 922 Negamus
2692 855 2749 905 et
2798 849 3132 920 abnegamsts.
3178 846 3466 918 Negamus,
3514 846 3567 904 si

332 936 459 995 576.
490 936 636 992 Inter
662 934 866 991 Montes
894 943 952 990 et
980 936 1152 990 colles.
1182 938 1394 990 Montes
1419 942 1657 987 tumores
1686 940 1857 987 terra-
1961 941 2089 1012 quid
2121 942 2400 1010 obiicitur;
2429 941 2778 1011 abnegamus,
2800 941 2843 995 si
2876 939 3003 1009 quid
3033 939 3252 1010 ρειίωιι,

249 1045 401 1097 rum,
425 1029 596 1087 colles
609 1027 1028 1099 prominentiora
1049 1027 1173 1096 juga
1197 1025 1482 1093 montium,
1513 1024 1666 1093 quasi
1695 1022 1853 1076 colla.

331 1123 457 1180 377.
508 1123 651 1177 Inter
692 1119 1111 1192 Malogranatam
1148 1129 1203 1174 et
1252 1118 1693 1190 Malagranatum.
1744 1117 1858 1170 Ma-

254 1218 570 1291 logranata,
622 1215 868 1271 feminini
915 1214 1159 1286 generis,
1209 1214 1372 1268 arbor
1417 1221 1540 1279 est;
1596 1212 1861 1281 malogra-

249 1320 447 1368 natum
476 1323 627 1375 vero,
650 1308 868 1378 generis
898 1307 1096 1371 neutri,
1130 1321 1348 1375 pomum
1377 1315 1480 1361 est.
1506 1303 1658 1359 Sicut
1686 1301 1856 1373 persi-

247 1420 360 1461 eus
386 1413 443 1460 et
466 1403 733 1474 persicum
759 1420 772 1455 :
805 1403 1073 1471 persicus,
1104 1402 1317 1470 generis
1347 1397 1623 1462 feminini,
1668 1395 1860 1459 arbor;

248 1498 552 1569 persicum,
578 1496 793 1568 generis
829 1494 1026 1560 neutri,
1056 1496 1262 1548 fructus
1291 1501 1394 1547 est.
1440 1492 1592 1547 Sicut
1617 1489 1790 1543 buxus
1811 1496 1867 1543 et

252 1592 499 1647 buxum:
529 1604 653 1644 nam
686 1588 886 1643 buxum
912 1595 1158 1641 neutrum
1184 1586 1204 1659 [
1226 1584 1335 1651 AL,
1371 1583 1544 1637 neutri
1574 1580 1627 1653 ],
1662 1582 1865 1651 lignum

252 1694 350 1742 est
377 1702 393 1739 :
430 1687 604 1738 buxus
631 1680 947 1737 femininum
978 1680 990 1752 |
1026 1680 1136 1742 ΑΙ..
1167 1676 1471 1748 feminini],
1501 1676 1663 1731 arbor
1690 1685 1792 1729 est.

326 1776 466 1833 378.
502 1776 647 1830 Inter
680 1773 849 1843 Magis
876 1782 933 1828 et
963 1775 1153 1840 potius.
1197 1770 1365 1840 Magis
1416 1776 1503 1824 est
1528 1768 1779 1822 alterum
1799 1780 1867 1822 ex

2034 1032 2161 1089 587.
2192 1032 2333 1088 Inter
2366 1032 2638 1087 Neminem
2681 1042 2737 1087 et
2780 1032 3004 1088 nullum.
3054 1032 3335 1087 Neminem
3373 1028 3441 1085 ad
3466 1027 3569 1085 ho-

1967 1126 2166 1181 minem
2197 1125 2505 1190 referimus,
2548 1124 2754 1179 nullum
2781 1124 2848 1179 ad
2877 1122 3082 1179 omnia.

2038 1218 2165 1275 588.
2209 1219 2355 1274 Inter
2386 1217 2613 1284 Nomen,
2657 1232 2968 1286 prwnomen,
2999 1232 3279 1288 cognomen
3323 1223 3377 1271 et
3407 1230 3573 1288 agno-

1969 1325 2101 1364 men.
2159 1309 2360 1364 Nomen
2393 1308 2527 1382 [Al.,
2572 1306 2902 1379 praenomen]
2944 1314 3029 1364 est
3079 1308 3396 1363 vocabulum
3440 1322 3569 1377 pro-

1971 1402 2102 1472 priae
2124 1400 2497 1470 appellationis
2536 1418 2551 1467 ;
2592 1412 2921 1469 praenomen,
2953 1399 3095 1469 quod
3125 1400 3455 1465 nominibus,
3494 1398 3566 1453 ob

1970 1495 2283 1565 dignitatem
2315 1494 2449 1567 [ΑΛ.
2501 1492 2777 1564 dignitate]
2829 1494 3040 1563 generis
3098 1493 3464 1562 praeponitur:
3516 1502 3576 1545 ut

1971 1587 2192 1643 Publius
2237 1586 2505 1655 Virgilius.
2556 1584 2675 1640 Non
2721 1585 2865 1640 enim
2904 1597 3186 1653 possumus
3230 1583 3412 1638 dicere
3434 1580 3570 1655 [Al.,

1971 1677 2223 1751 dicimus]
2260 1678 2510 1747 Virgilius
2539 1677 2778 1733 Publius.
2808 1676 3141 1747 Cognomen,
3165 1674 3308 1746 quod
3338 1689 3401 1731 es
3427 1675 3579 1729 fami-

1976 1770 2045 1824 lia
2068 1770 2281 1840 generis
2310 1772 2475 1837 venit,
2511 1779 2569 1824 ut
2612 1779 2736 1838 puta
2766 1768 2950 1838 Scipio
2978 1767 3281 1831 Cornelius,
3313 1781 3344 1821 a
3373 1768 3575 1823 Corne-

258 1869 490 1925 duobus
522 1868 801 1938 prteferre,
834 1875 1011 1921 utrum
1054 1872 1365 1934 comparet;
1414 1861 1590 1931 ροιίιιε
1637 1860 1871 1916 alterum
1903 1862 1950 1923 Β
1979 1869 2048 1935 lia
2074 1868 2274 1922 familia
2300 1876 2470 1921 ortus.
2518 1869 2818 1934 Agnomen,
2850 1866 2956 1936 51
2986 1863 3127 1934 quod
3151 1878 3218 1918 ex
3247 1861 3466 1926 virtute,
3491 1860 3581 1916 vel

333 1973 503 2017 ηιηιῑ.

333 1978 423 2017 nm
466 1973 503 2016 ι.

249 1964 467 2109 da379..
502 2052 647 2106 Inter
670 2049 818 2105 Mala
864 2060 919 2109 et
948 2051 1134 2105 malas.
1166 2048 1303 2104 Mala
1336 2061 1494 2119 poma
1525 2054 1674 2115 sunt,
1718 2045 1876 2102 make

258 2163 397 2204 vero
430 2147 685 2201 maxillae.

338 2239 468 2295 εεο.
502 2239 647 2293 Inter
670 2236 868 2291 Marem
921 2243 975 2289 et
1016 2250 1178 2289 mare.
1230 2234 1433 2292 Marem
1466 2277 1482 2302 ,
1535 2234 1869 2301 masculum;

259 2350 414 2390 mare
450 2334 779 2388 elementum
819 2338 1099 2397 estaquac.

336 2427 435 2479 '58I
454 2471 469 2481 .
500 2425 645 2478 Inter
668 2422 1000 2477 Mentientem
1023 2430 1075 2475 et
1102 2420 1389 2490 fallentem.
1413 2419 1872 2477 Considerandum

258 2529 345 2576 est
373 2518 518 2589 quod
546 2516 635 2571 ille
666 2515 921 2569 mentitur
949 2513 1038 2584 qui
1067 2513 1180 2566 vult
1205 2512 1373 2566 videri
1416 2514 1561 2581 quod
1604 2528 1708 2568 non
1753 2522 1868 2568 est:

258 2616 352 2687 qui
380 2613 570 2687 [Forte
594 2610 741 2684 quia]
769 2617 946 2665 autem
981 2624 1087 2663 non
1118 2608 1307 2663 volens
1349 2606 1492 2661 aliud
1525 2617 1674 2677 putat
1703 2621 1868 2678 quam

258 2719 363 2774 est,
391 2722 501 2761 non
527 2704 807 2767 mentitur,
841 2704 935 2759 sed
961 2703 1180 2757 fallitur.
1215 2700 1358 2755 Inest
1400 2714 1530 2770 ergo
1580 2700 1687 2772 5o
1723 2701 1868 2755 omni

259 2798 547 2857 mentienti
574 2797 822 2851 voluntas
854 2795 1070 2850 fallendi
1098 2812 1111 2847 :
1142 2807 1231 2848 res
1257 2803 1434 2847 autem
1488 2791 1704 2845 fallendi
1736 2833 1752 2856 ,
1777 2805 1871 2845 voc

257 2896 441 2952 Iunias
470 2907 580 2947 non
631 2902 714 2946 est
767 2889 1084 2946 mentiendi.
1145 2887 1276 2943 Nam
1322 2895 1377 2940 et
1419 2884 1554 2955 lapis
1609 2885 1763 2951 fallit,
1816 2894 1872 2942 et

259 2986 431 3041 multa
464 2997 695 3053 corpora
728 2982 909 3051 specie
940 2981 1166 3048 fallunt,
1205 2988 1263 3033 ut
1314 2978 1447 3033 remi
1496 2978 1647 3032 fracti
1685 2979 1737 3032 in
1770 2994 1870 3033 un-

257 3081 347 3144 da,
372 3080 500 3133 dum
526 3077 635 3131 sint
654 3075 876 3145 integri:
908 3073 1001 3129 sed
1039 3083 1094 3129 et
1124 3083 1300 3127 turres
1325 3116 1340 3141 ,
1373 3073 1525 3142 quasi
1568 3081 1864 3137 currentes,

258 3174 445 3228 oculos
503 3171 866 3241 navigantium
918 3168 1127 3222 fallunt.
1186 3168 1253 3221 Et
1285 3176 1463 3221 tamen
1517 3165 1621 3221 hoc
1661 3175 1866 3220 natura:

251 3272 423 3335 agunt
460 3263 643 3331 specie
672 3277 779 3315 non
808 3258 1105 3316 mentiendi
1135 3259 1430 3313 voluntate.

323 3351 459 3408 382.
496 3351 641 3405 Inter
673 3348 871 3403 Monile
916 3354 972 3403 et
1010 3346 1222 3399 munile.
1260 3344 1458 3399 Monile
1503 3343 1699 3400 dicitur
1749 3345 1874 3401 har-

256 3461 398 3517 pago
428 3463 457 3499 a
495 3443 801 3508 monendo,
850 3456 916 3496 eo
966 3440 1107 3510 quod
1159 3446 1376 3493 moneat
1428 3437 1706 3493 mulierem
1748 3453 1872 3496 esse

255 3543 361 3597 sub
394 3550 667 3610 poteState
696 3538 831 3603 viri;
863 3534 1066 3590 munile
1095 3547 1225 3589 vero
1243 3533 1437 3588 dicitur
1466 3533 1869 3601 vestimentum,

254 3648 289 3688 a
317 3631 634 3695 muniendo,
670 3629 750 3685 vel
781 3628 980 3684 munile
1008 3625 1204 3681 dicitur
1231 3634 1603 3680 ornamentum
1632 3640 1696 3680 ex
1723 3640 1873 3696 gem-

257 3728 363 3781 mis
407 3724 551 3794 quod
574 3721 718 3777 solet
744 3736 810 3777 ex
836 3719 1155 3775 feminarum
1182 3716 1419 3788 pendere
1448 3716 1590 3772 collo
1616 3732 1631 3772 :
1664 3717 1866 3772 dictum

257 3834 292 3873 ἃ
320 3832 571 3873 munere.

859 3903 939 3959 De
964 3903 1141 3957 littera
1167 3901 1232 3956 N.

330 4000 462 4057 383.
495 3999 641 4054 Inter
664 3998 1032 4053 Necessitatem
1069 4005 1123 4049 et
1168 3991 1611 4048 necessitudinem.
1665 3990 1865 4047 Neces-

257 4094 393 4149 sitas
424 4092 627 4161 aliquid
679 4090 790 4146 fieri
819 4089 982 4159 cogit,
1029 4085 1369 4143 necessitudo
1417 4091 1598 4139 autem
1644 4084 1868 4141 affectus

255 4195 346 4241 est
378 4183 468 4238 vel
490 4183 761 4237 vinculum
791 4179 1223 4251 propinquitatis.

331 4281 466 4335 ⁸584.
500 4279 642 4335 Inter
693 4278 845 4332 Nihil
894 4286 950 4333 et
990 4277 1160 4331 nihili.
1209 4275 1351 4331 Nihil
1390 4275 1705 4332 adverbium
1762 4285 1867 4343 est,

256 4372 417 4429 nihili
446 4380 628 4428 autem
661 4372 822 4427 homo
855 4370 1051 4425 nullius
1094 4369 1375 4424 momenti.

256 4507 382 4565 ιι]ῐο
413 4516 469 4562 et
499 4506 773 4571 Fabricio,
799 4505 849 4559 in
884 4505 1215 4571 Isidorianis,
1239 4520 1360 4573 cap.
1393 4504 1483 4573 5'5,
1510 4521 1657 4562 num.
1679 4508 1735 4562 2.
1765 4508 1874 4565 Me-

260 4580 382 4633 lissi
414 4592 632 4646 quoqne
678 4580 791 4632 sive
819 4576 1088 4647 ejusdem,
1126 4578 1237 4632 sive
1251 4577 1485 4647 alterius
1515 4580 1876 4636 meminerunt

256 4645 609 4712 Chalcidius,
637 4645 923 4703 Plinius‘et
946 4648 1205 4703 Donatus.
1236 4645 1459 4704 Correxi
1490 4650 1543 4702 in
1570 4652 1743 4704 mariti
1776 4667 1875 4721 pro

257 4722 318 4773 in
343 4721 524 4775 matri.
555 4722 727 4776 Anev.

335 4792 469 4847 375.
503 4790 581 4844 Ex
603 4790 787 4855 Serv.,
814 4789 881 4844 ad
913 4789 989 4844 ill.
1021 4804 1076 4843 vr
1115 4790 1242 4845 Ain.
1281 4790 1419 4845 :Tot
1460 4792 1625 4846 maria
1662 4792 1871 4850 intravi.

336 4863 469 4916 576.
505 4861 695 4925 Varro,
719 4876 749 4915 a
780 4861 1019 4925 colendo,
1056 4876 1108 4915 ιν
1136 4864 1205 4917 de
1236 4862 1389 4931 Ling.
1419 4861 1537 4917 Lat.
1794 4858 1809 4865 “

338 4933 485 5007 Ibid.
521 4931 886 5007 Quasiicolla.
926 4932 1005 4987 Ita
1053 4932 1215 4987 etiam
1268 4932 1362 4987 Iib.
1413 4949 1500 4986 xiv
1541 4933 1871 5007 Etymolog.,

257 5018 384 5071 cap.
420 5006 482 5068 8,
514 5018 662 5058 num.
692 5004 780 5058 I9.
812 5005 985 5058 Aser.

338 5073 472 5128 38L
507 5075 609 5127 Res
636 5084 836 5141 autem,
863 5082 971 5129 etc.
1004 5076 1116 5140 AL,
1144 5090 1225 5128 res
1255 5083 1426 5129 autem
1453 5075 1666 5145 fallunt,
1694 5078 1879 5147 quibus

260 5154 441 5199 tamen
475 5147 557 5198 vol
566 5185 579 5199 .

343 5247 411 5256 —
446 5215 649 5289 Specie,
680 5225 787 5271 etc.
819 5211 916 5289 F._.
946 5218 1136 5289 species
1163 5218 1317 5272 etiam
1345 5217 1535 5286 fallunt
1560 5229 1637 5273 ut.

343 5316 416 5359 1—
442 5286 698 5359 Natum,
732 5296 838 5359 etc:
871 5286 1195 5350 F.,'Natura
1223 5306 1310 5359 ag.
1342 5290 1559 5355 species.

347 5358 493 5412 Ibid.
523 5357 779 5413 Fortasse
810 5357 1068 5414 Pantinus
1090 5360 1144 5413 in
1190 5357 1339 5415 testu
1371 5360 1578 5431 legebat
1620 5362 1740 5432 quia
1782 5380 1881 5419 att-

262 5438 393 5488 tem.
431 5431 608 5483 Anev.

344 5499 474 5556 583.
513 5499 709 5554 Eodem
732 5513 893 5555 sensu
916 5500 979 5557 C.
1004 5500 1227 5569 Fronto,
1254 5511 1311 5557 et
1332 5502 1564 5558 Scaurus
1587 5503 1655 5559 de
1678 5504 1881 5561 Ortho-

256 5574 522 5640 grapliia.

345 5640 475 5713 584.
511 5644 796 5713 Agraetius,
826 5652 881 5698 et
904 5640 1141 5700 Carisius
1170 5644 1285 5700 fere
1314 5644 1523 5701 eadem.

347 5711 475 5788 385.
510 5711 587 5769 Es
603 5714 758 5771 Serv.
781 5729 973 5770 sensus
992 5730 1279 5787 expressus
1296 5718 1360 5770 ad
1384 5716 1515 5772 illud
1540 5733 1615 5774 xu
1636 5718 1881 5788 dinem,

264 5780 500 5837 {induto
542 5788 731 5854 capite.

349 5854 474 5910 3s7.
508 5855 749 5915 Breviter
762 5857 1090 5917 Frontonem
1107 5860 1367 5929 expressit
1387 5878 1401 5915 :
1422 5859 1613 5917 Nullus
1635 5870 1742 5918 tam
1763 5867 1816 5919 in
1840 5878 1897 5919 re

1902 4828 1958 4889 D

1980 1961 2111 2016 vitio
2165 1961 2436 2017 trahitur:
2485 1968 2542 2014 ut
2585 1960 2765 2030 Scipio
2807 1958 3110 2023 Africanus,
3163 1971 3261 2027 pro
3314 1970 3379 2012 eo
3436 1955 3584 2024 quod

1978 2056 2215 2115 Africam
2241 2056 2431 2111 vicerit
2456 2072 2470 2110 :
2503 2054 2588 2110 vel
2612 2053 2869 2109 Lentulus
2895 2052 3051 2117 Sura,
3075 2065 3174 2122 pro
3195 2064 3262 2106 eo
3283 2048 3424 2120 quod
3468 2064 3581 2103 ma-

1974 2150 2123 2220 jores
2177 2148 2435 2204 habuerat
2485 2163 2661 2204 suras.
2692 2145 2923 2202 Proinde
2973 2160 3168 2200 nomen
3195 2159 3227 2198 a
3255 2140 3585 2214 proprietate

1975 2242 2144 2309 venit,
2193 2256 2503 2311 praenomen
2548 2256 2577 2294 a
2618 2239 2899 2312 dignitate,
2926 2252 3220 2307 cognomen
3259 2236 3329 2291 ab
3351 2235 3582 2306 origine,

1978 2348 2246 2405 agnomen
2277 2349 2415 2391 vero
2436 2351 2464 2390 a
2494 2334 2674 2405 specie
2706 2334 2787 2389 vel
2817 2333 3048 2389 actione.

2048 2427 2174 2484 389.
2224 2429 2367 2485 Inter
2399 2428 2650 2484 Nascitur
2680 2438 2736 2483 et
2774 2427 3057 2483 enascitur.
3107 2422 3394 2489 Nascitur,
3436 2423 3584 2493 quod

1975 2523 2044 2578 ab
2086 2530 2236 2577 utero
2278 2521 2516 2589 decidit;
2549 2523 2843 2586 enascitur,
2865 2518 3006 2591 quod
3036 2533 3104 2573 ex
3131 2526 3296 2586 terra,
3320 2522 3413 2571 snt
3434 2529 3576 2585 aqua

1976 2614 2237 2686 exsurgit.

2046 2707 2172 2763 590.
2225 2707 2367 2763 Inter
2409 2706 2645 2762 Nautam
2690 2712 2745 2759 et
2792 2703 3039 2759 navitam.
3085 2702 3275 2757 Navita
3303 2698 3574 2770 poeticum

1974 2810 2080 2856 est.
2109 2800 2239 2854 Nam
2272 2801 2445 2854 dictus
2471 2809 2556 2854 est
2581 2812 2611 2851 a
2632 2803 2814 2861 nauta,
2845 2795 2938 2851 sed
2968 2808 3130 2850 causa
3159 2791 3312 2848 metri
3346 2806 3376 2846 a
3407 2788 3582 2861 poetis

1978 2909 2081 2948 una
2121 2892 2296 2948 littera
2326 2891 2503 2947 addita
2534 2897 2638 2944 est.

2048 2989 2174 3042 39!.
2212 2986 2355 3041 Inter
2389 2984 2531 3038 Num
2577 2994 2631 3039 et
2660 2996 2818 3037 nunc.
2868 2979 3030 3047 Num,
3088 2974 3361 3047 nunquid;
3412 2988 3579 3045 nunc,

1975 3082 2163 3139 modo.

2045 3173 2170 3229 592.
2203 3169 2344 3227 Inter
2373 3169 2457 3224 Ne
2505 3177 2559 3224 et
2614 3182 2714 3222 me.
2744 3165 2857 3233 Nze,
2892 3166 2937 3221 si
2986 3161 3337 3237 praeponitur,
3389 3158 3585 3214 adver-

1899 3271 1945 3334 C
1973 3266 2121 3323 bium
2166 3273 2249 3319 est
2294 3272 2349 3319 et
2375 3268 2534 3317 acuto
2563 3270 2786 3315 accentu
2838 3257 3235 3327 pronuntiatur,
3268 3266 3335 3307 ne
3377 3264 3505 3306 vero
3533 3250 3586 3307 si

1979 3358 2355 3428 subiungatur,
2382 3354 2689 3425 conjunctio
2716 3362 2819 3420 est,
2850 3361 2906 3406 et
2937 3363 3125 3420 presso
3153 3352 3400 3401 accentu.

2054 3452 2180 3505 595.
2240 3449 2385 3504 Inter
2412 3447 2581 3520 Nigro
2627 3456 2683 3501 et
2730 3448 2914 3518 migro.
2946 3444 3109 3515 Nigro
3158 3440 3368 3511 nigrum
3416 3434 3579 3503 facio,

1978 3544 2152 3616 migro
2180 3541 2475 3597 demutatio
2507 3538 2644 3613 [Αι.,
2673 3538 2741 3594 de
2770 3538 2890 3593 loco
2930 3535 3177 3609 mutatio]
3208 3549 3311 3593 est.

2053 3635 2178 3692 594.
2212 3635 2356 3690 Inter
2381 3632 2642 3688 Neutrum
2669 3639 2724 3686 et
2741 3632 3046 3685 neulralem.
3068 3629 3329 3685 Neutrum
3358 3644 3582 3698 nomen,

1980 3737 2073 3783 aut
2101 3740 2417 3799 pronomen,
2473 3723 2557 3779 vel
2606 3721 2990 3791 participium;
3039 3722 3277 3776 neutrale
3304 3736 3435 3778 vero
3461 3736 3585 3777 ver-

1976 3821 2103 3877 bum
2135 3828 2241 3874 est.

2046 3910 2173 3967 595.
2199 3909 2340 3965 Inter
2368 3907 2536 3962 Notus
2571 3912 2627 3962 et
2651 3912 2803 3961 notus
2853 3902 2985 3976 [Al.,
3021 3901 3193 3975 notu].
3221 3900 3413 3970 Notus,
3453 3917 3582 3975 cog-

1976 4006 2141 4071 nitus,
2173 4014 2328 4059 notus
2344 4000 2546 4071 judicio
2573 4018 2587 4066 ;
2615 3998 2804 4065 Notus,
2832 3998 3046 4051 Auster.

2052 4097 2177 4153 396.
2205 4097 2348 4151 Inter
2380 4093 2623 4150 Nobilem
2665 4100 2721 4147 et
2771 4090 3011 4145 nobilem.
3065 4088 3307 4155 Nobilis,
3349 4101 3581 4159 genero-

1978 4202 2111 4252 sus;
2144 4185 2356 4251 nobilis,
2408 4193 2566 4239 notus
2595 4181 2871 4237 omnibus.

2051 4280 2176 4334 397.
2210 4278 2353 4332 Inter
2384 4275 2614 4332 Nomina
2640 4284 2695 4331 et
2726 4273 2981 4329 Numina.
3015 4271 3241 4330 Nomina
3271 4282 3395 4331 sunt
3420 4287 3581 4332 voca-

1981 4371 2127 4437 bula,
2159 4369 2395 4432 numina,
2425 4377 2681 4436 potestas.

1978 4526 2135 4581 quam
2159 4510 2213 4564 in
2241 4523 2492 4579 persona:
2518 4522 2662 4562 nemo
2689 4507 2744 4561 in
2771 4521 2991 4577 persona
3013 4505 3223 4577 dicitur,
3245 4515 3303 4561 ut
3334 4524 3479 4563 nemo
3500 4508 3591 4565 ho-

1979 4599 2083 4645 mo,
2111 4581 2172 4639 F.
2204 4598 2266 4635 ne
2291 4583 2464 4635 homo.

2050 4653 2175 4707 588.
2211 4653 2458 4707 Testibus
2492 4651 2790 4719 Sosipatro,
2811 4649 3037 4711 Donato.
3056 4649 3333 4715 Diomedo,
3358 4661 3411 4707 et
3432 4651 3583 4708 aliis:

1983 4723 2188 4777 Nomen
2218 4734 2309 4789 est,
2354 4724 2490 4794 quod
2522 4724 2772 4793 originem
2814 4723 2975 4794 gentis
3013 4720 3266 4785 declarat,
3318 4733 3370 4775 ut
3396 4721 3589 4777 Corne-

1983 4796 2103 4849 lius.
2133 4795 2459 4863 Prwnomen,
2493 4796 2628 4862 quod
2660 4794 2851 4847 nomini
2881 4794 3132 4863 gentilitio
3162 4794 3505 4862 praeponitur,
3530 4803 3592 4848 ut

1984 4868 2226 4921 Publius.
2259 4866 2573 4934 Cognomen,
2592 4866 2731 4935 quod
2746 4862 3037 4918 nominibus
3062 4862 3342 4917 Gentililiis
3371 4867 3587 4935 subjun-

1985 4941 2141 5009 gitur,
2175 4949 2228 4992 ut
2254 4938 2453 5004 Scipio.
2478 4938 2764 5007 Agnomen,
2788 4937 2925 5009 quod
2947 4937 3259 5009 extrinsecus
3274 4937 3406 5009 addi
3435 4937 3585 5009 solet,

1987 5005 2164 5081 aliqua
2190 5012 2410 5073 ratione,
2441 5005 2721 5081 velZevenlu
2750 5005 3038 5081 quantum,
3086 5016 3141 5060 ut
3167 5007 3459 5078 Africanus.
3493 5005 3590 5057 Hic

1993 5079 2122 5136 vero
2172 5083 2225 5137 in
2268 5091 2495 5148 utroque
2526 5079 2889 5146 Manuscripto
2911 5092 3209 5147 cognomen
3240 5087 3295 5131 et
3322 5091 3590 5148 agnomen

1987 5154 2144 5209 sedes
2166 5147 2574 5222 permutat-ant;
2628 5150 2942 5222 reduximus
2994 5159 3167 5222 tamen
3207 5156 3492 5222 utrumque
3533 5147 3589 5222 in

1990 5240 2142 5279 suum
2168 5216 2375 5286 locum,
2411 5237 2516 5276 non
2549 5216 2707 5276 modo
2729 5216 2794 5276 iis
2827 5235 2962 5291 quos
2996 5220 3106 5274 disi
3137 5217 3463 5291 auctoribus,
3481 5216 3586 5291 sed

1990 5298 2108 5380 ipso
2158 5296 2319 5350 etiam
2366 5285 2569 5348 Isidoro
2616 5293 2709 5347 lib.
2760 5308 2773 5345 ι
2814 5285 3140 5364 E'tymolog.,
3193 5300 3312 5355 cap.
3355 5288 3426 5343 de
3481 5285 3592 5343 No-

1991 5383 2156 5423 mine.

2062 5437 2189 5493 389.
2235 5438 2311 5492 Ex
2336 5436 2572 5508 Agrtrtio

2059 5511 2188 5564 590.
2222 5509 2392 5576 Fest.,
2428 5510 2479 5562 in
2506 5510 2633 5565 dict.
2668 5508 2883 5564 Navita.

2062 5582 2189 5638 596.
2220 5581 2298 5635 Ex
2331 5581 2494 5647 Non.,
2522 5582 2647 5637 dict.
2682 5581 2892 5635 Nobile;

2064 5683 2132 5694 -—
2155 5654 2245 5709 Sic
2268 5646 2564 5714 Titinnius;
2592 5653 2729 5705 male
2752 5650 2897 5720 {actis
2924 5646 3270 5717 nobilitarenl,
3292 5646 3429 5718 quod
3458 5646 3595 5701 noti-

1990 5726 2204 5795 ]icarent
2228 5723 2381 5795 Non,
2432 5738 2495 5776 ex
2505 5722 2665 5795 posit.

2062 5795 2187 5869 597.
2224 5794 2303 5869 E_x
2346 5789 2524 5860 Serm,
2554 5792 2620 5845 ad
2644 5791 2778 5848 illud
2816 5791 2997 5869 Eclog.
3032 5809 3087 5851 Iv
3113 5810 3130 5850 :
3155 5789 3341 5848 Slabiti
3366 5789 3594 5858 fatorum

2008 5884 2130 5940 tum
2137 5868 2217 5923 itte
2243 5864 2444 5927 Parcae.
