4056 6350
270 340 341 397 55
580 392 583 393 ν
1489 340 2108 403 DIFFEREN'I'IARUII
2149 346 2276 404 LIB.
2323 349 2364 404 I.
3196 302 3199 303 ν
3478 364 3547 420 54

265 478 361 534 per
391 460 834 518 exercitationem
876 458 1012 533 [ΑΙ.,
1038 474 1141 533 pro
1166 462 1572 535 exercitatione]
1603 466 1736 521 artis
1765 466 1848 522 in-
1878 464 1937 524 Α
1960 462 2066 534 tur]
2093 464 2144 518 in
2172 465 2417 522 crimine.
2454 467 2597 541 Ergo
2623 469 2715 540 qui
2738 471 2935 528 viderit
2960 475 3265 546 mulierem,
3290 487 3349 535 et
3370 482 3545 536 anima

264 564 536 620 structus;
571 553 857 620 facundus,
887 553 977 622 qui
1002 552 1161 608 facile
1184 555 1351 624 possit
1380 553 1503 611 lari.

338 645 463 700 429..
498 645 646 701 Inter
687 644 977 700 Pudentem
1013 653 1070 700 et
1106 647 1449 701 uerecundum
1479 650 1579 701 hoc
1609 648 1857 716 interest,

263 738 406 808 quod
436 737 647 807 pudens
695 738 1000 807 opinionem
1042 753 1223 793 veram
1274 737 1573 811 falsamque
1624 745 1858 799 metuit:

262 829 618 886 Verecundus
643 837 823 883 autem
853 844 958 884 non
1000 829 1103 885 nisi
1135 846 1314 886 veram
1342 832 1475 906 [Al.,
1509 835 1660 906 vera]
1684 836 1856 895 timet.

335 923 464 979 425.
506 922 650 987 Inter
693 919 986 992 Profanum
1007 962 1022 988 ,
1043 932 1095 978 et
1127 924 1406 995 nefandum
1429 968 1443 993 ,
1496 935 1551 983 et
1578 933 1858 1001 nefarium.

264 1010 554 1081 Nelei-ius,
601 1021 662 1068 ut
713 1013 885 1068 Varro
927 1015 1235 1082 existimat,
1283 1032 1390 1074 non
1444 1020 1635 1091 dignus
1694 1025 1857 1082 farre.

265 1108 385 1176 Quo
431 1107 609 1177 primo
653 1104 761 1163 cibi
788 1120 987 1177 genere
1015 1108 1125 1163 vita
1154 1108 1431 1166 hominum
1459 1115 1860 1173 sustentabatur

268 1196 408 1271 [Al.,
442 1196 853 1269 sustinebatur].
893 1198 1195 1267 Nelandns,
1226 1201 1279 1257 id
1308 1213 1421 1272 est,
1454 1220 1555 1261 nec
1580 1209 1861 1265 nominan-

264 1291 369 1357 dus
397 1290 638 1359 quidem.
681 1288 943 1347 Prolanus
990 1302 1167 1350 autem
1196 1335 1212 1359 ,
1258 1295 1344 1349 cui
1393 1300 1568 1352 sacris
1597 1315 1703 1355 non
1734 1302 1862 1359 licet

265 1383 554 1459 interesse.
618 1382 696 1447 De
747 1398 855 1452 quo
898 1383 1221 1442 Sallustius:
1267 1387 1441 1443 Sacra
1464 1390 1658 1459 polluet
1680 1399 1862 1465 profa-

266 1493 388 1531 nus.
436 1475 703 1532 Profanus
732 1490 882 1547 ergo,
912 1492 1093 1547 porro,
1126 1480 1178 1534 id
1208 1490 1312 1546 est,
1343 1483 1499 1551 longe
1525 1499 1554 1538 a
1586 1484 1730 1541 fano.

334 1570 465 1625 424.
500 1568 648 1629 Inter
669 1567 1003 1625 Peccatorem
1033 1580 1088 1625 et
1114 1572 1439 1635 immundum
1460 1617 1475 1640 ,
1508 1576 1649 1645 quod
1684 1580 1860 1635 omnis

266 1670 522 1732 peccator
555 1660 867 1725 imwundus
915 1670 1026 1726 est;
1073 1677 1177 1718 non
1208 1672 1390 1720 tamen
1418 1668 1592 1721 omnis
1623 1668 1859 1725 immun-

264 1755 368 1811 dus
415 1763 689 1824 peccator.
750 1754 1009 1815 Peccator
1037 1757 1180 1813 enim
1210 1767 1294 1813 est
1335 1761 1425 1829 qui
1472 1761 1860 1831 transgreditur

1963 556 2080 624 ejus
2110 558 2267 612 fuerit
2295 559 2527 628 titillata,
2583 562 2669 617 hic
2717 567 3065 633 pr0passione
3107 560 3390 639 percussus
3418 581 3502 627 est
3530 591 3545 629 :

1963 646 2018 703 Si
2048 664 2175 704 vero
2198 654 2551 722 consenserit,
2584 664 2639 710 et
2667 655 2735 711 de
2763 659 3087 729 c0gitatione
3130 662 3377 718 allectum
3406 665 3549 721 lece-

1964 741 2033 797 rit
2061 742 2219 811 (sicut
2249 745 2508 815 scriptum
2535 756 2617 802 est
2643 747 2696 803 in
2728 748 2892 805 David
2928 768 2940 803 :
2973 754 3289 809 transierunt
3312 744 3381 810 in
3417 756 3548 825 alre-

1963 848 2104 892 ctum
2132 840 2350 909 cordis),
2375 841 2443 896 de
2467 844 2817 912 propassione
2840 848 3028 902 transit
3056 848 3121 903 ad
3147 850 3471 920 passionem,
3495 861 3549 907 et

1964 930 2087 986 huic
2116 945 2221 987 non
2249 932 2498 988 voluntas
2528 933 2700 1001 deest,
2731 934 2826 990 sed
2856 937 3091 992 occasio.

2036 1029 2158 1087 452.
2196 1030 2339 1085 Inter
2367 1030 2845 1090 Percunctationem
2885 1045 2941 1092 et
2974 1037 3421 1108 interrogationem
3444 1043 3551 1096 Au-

1964 1125 2211 1193 gustinus
2242 1124 2343 1178 hoc
2372 1123 2637 1181 interesse
2681 1128 2786 1198 56
2827 1128 3124 1211 existimat,
3154 1128 3381 1188 dicens:
3408 1134 3549 1223 quod

1962 1218 2031 1273 ad
2064 1218 2554 1287 percunctationem
2587 1219 2752 1274 multa
2783 1222 3095 1291 responderi
3126 1224 3356 1291 soleant,
3384 1218 3548 1279 veluti

1963 1312 2091 1382 quid
2124 1311 2358 1379 esthoc,
2404 1323 2495 1369 aut
2525 1312 2693 1369 illud?
2745 1325 2803 1370 ut
2850 1318 3268 1385 restiondeantur
3310 1319 3545 1387 diversa,

1963 1405 2051 1461 vel
2094 1405 2263 1461 varia.
2314 1405 2395 1461 Ad
2442 1392 2917 1479 interrogationem
2960 1425 3063 1465 non
3114 1394 3275 1467 multa
3327 1394 3549 1484 respon-

1964 1495 2178 1558 dentur,
2217 1497 2309 1552 sed
2343 1508 2431 1551 aut
2464 1513 2592 1565 non,
2624 1507 2715 1552 aut
2743 1500 2902 1555 etiam
2954 1503 3398 1569 pronuntiabitur.
3452 1501 3551 1560 Ve-

1964 1588 2059 1642 luti
2091 1588 2289 1643 factum
2336 1588 2605 1646 dictumve
2654 1592 2770 1646 est?
2825 1580 3020 1648 Verum
3068 1603 3160 1649 aut
3200 1594 3396 1652 falsum
3424 1596 3551 1653 est?

1964 1680 2342 1749 Respondetur
2375 1700 2388 1736 :
2428 1693 2521 1738 aut
2551 1700 2681 1749 non,
2718 1685 3021 1742 autetiam.
3124 1668 3131 1675 ’
3316 1672 3319 1675 Δ
3384 1668 3394 1675 ”

2034 1783 2161 1838 455.
2178 1782 2321 1838 Inter
2338 1783 2629 1855 Perfectum
2640 1795 2691 1841 et
2703 1797 3111 1842 consummatum
3123 1786 3224 1844 hoc
3235 1788 3549 1869 distatquod

266 1855 543 1917 praecepta
596 1845 733 1915 Dei,
779 1856 834 1902 et
882 1862 1107 1904 necesse
1143 1857 1227 1904 est
1270 1851 1409 1905 hunc
1438 1862 1491 1906 et
1523 1850 1856 1911 immundum

1967 1874 2258 1943 perlectum
2281 1885 2361 1930 est
2382 1845 2467 1931 cui
2488 1876 2595 1946 jam
2617 1878 2738 1933 addi
2768 1878 2902 1932 nihil
2922 1880 3064 1933 aliud
3083 1888 3279 1950 potest.
3303 1845 3553 1957 Consum:

266 1954 390 1994 esse
419 1940 542 2004 quia
571 1937 985 2007 transgreditur.
1029 1938 1340 1995 lmmundus
1366 1950 1543 1998 autem
1572 1954 1657 2000 est
1687 1956 1740 2001 et
1766 1948 1857 2017 qui

261 2034 371 2105 55
397 2047 518 2093 cum
551 2045 721 2089 uxore
742 2047 834 2086 sua
866 2032 1168 2100 dormierit,
1194 2045 1284 2091 aut
1307 2047 1576 2094 mortuum
1598 2041 1855 2114 tetigerit,

261 2139 371 2199 non
402 2133 581 2183 tamen
612 2124 735 2179 ideo
764 2134 1013 2192 peccator
1037 2134 1142 2182 est.

334 2216 467 2271 425.
497 2214 643 2271 Inter
676 2214 969 2281 Ploratum,
1010 2218 1293 2289 planctum,
1334 2230 1389 2277 et
1417 2226 1615 2292 ﬂetum.
1672 2227 1859 2282 Plora-

259 2318 348 2364 tus
402 2318 608 2363 tantum
660 2309 1017 2379 lacrymarum
1069 2320 1190 2376 est,
1240 2313 1485 2381 planctus
1516 2325 1721 2374 tantum
1758 2336 1857 2375 vo-

256 2417 404 2471 cum,
439 2402 600 2467 ﬂetus
629 2402 696 2463 ad
726 2413 1012 2473 utrumque
1039 2406 1296 2475 pertinet.

326 2498 461 2553 426.
497 2497 640 2555 Inter
670 2496 947 2571 Pigritiam
996 2507 1050 2554 et
1079 2507 1358 2572 torporem.
1404 2504 1615 2577 Torpor
1658 2510 1859 2567 dormi-

258 2593 424 2651 tantis
456 2602 558 2658 est,
585 2593 799 2662 pigritia
826 2592 1115 2663 vigilantis.

331 2685 463 2739 427.
506 2685 646 2741 Inter
692 2684 1138 2745 Perseuerantiam
1183 2699 1241 2747 et
1279 2695 1639 2763 pertinaciam.
1666 2696 1861 2756 Perse-

257 2777 509 2837 verantia
537 2780 589 2831 in
622 2777 819 2834 virtute
844 2786 950 2845 est,
984 2781 1271 2849 pertinacia
1302 2783 1358 2840 in
1391 2785 1544 2843 vitio.

331 2886 465 2942 428.
522 2887 666 2943 Inter
722 2888 1053 2961 Prmidium,
1108 2897 1363 2951 auxilium
1428 2907 1486 2954 et
1553 2902 1857 2958 subsidium.

260 2980 585 3036 Praesidium
605 2992 687 3036 est
706 2982 884 3053 aliquo
903 2986 1020 3041 loco
1039 2985 1154 3041 utili
1178 2989 1426 3057 positum,
1445 2991 1702 3047 auxilium
1719 2995 1861 3073 quod

258 3073 332 3128 ab
371 3076 571 3132 exteris
601 3074 777 3143 datur,
807 3078 1102 3133 subsidium
1130 3080 1273 3149 quod
1313 3089 1498 3150 postea
1526 3082 1856 3152 supervenit.

334 3193 465 3248 4‘29.
498 3194 640 3251 Inter
677 3200 951 3268 potentiam
1005 3209 1060 3253 et
1108 3207 1442 3266 potentatum.
1490 3172 1735 3275 Potentia
1777 3207 1859 3252 est

260 3288 345 3341 sui
412 3288 671 3359 cujusque
740 3292 947 3355 solius,
1000 3300 1311 3362 potentatus
1379 3306 1511 3349 vero
1568 3291 1859 3347 auctoritas

264 3380 402 3453 HL,
428 3384 785 3458 auctoritatis]
815 3396 897 3441 est
920 3368 1214 3456 iudicialis.
1400 3364 1401 3367 Ἴ

339 3499 471 3555 450.
529 3499 673 3554 Inter
728 3500 929 3555 Pestem
968 3513 1024 3557 et
1072 3502 1434 3579 pestilentiam.
1474 3501 1645 3565 Pestis
1687 3502 1859 3571 ipsum

264 3602 351 3665 est
384 3607 585 3646 nomen
618 3594 788 3663 morbi
822 3594 971 3668 [Al.,
1008 3593 1227 3665 verbi],
1280 3595 1581 3669 pestilentia
1630 3609 1760 3650 vero
1809 3596 1861 3653 id

264 3687 411 3765 quod
442 3702 507 3745 ex
540 3704 597 3744 se
626 3690 809 3745 efﬁcit.
836 3689 1165 3762 Pestilentia:
1184 3698 1363 3749 autem
1397 3698 1509 3751 tres
1532 3687 1676 3747 modi
1701 3696 1860 3746 sunt:

264 3789 355 3859 aut
385 3796 449 3841 ex
484 3792 651 3847 terra,
685 3790 778 3845 aut
801 3796 867 3837 ex
907 3797 1063 3852 aqua,
1088 3790 1179 3859 aut
1213 3796 1278 3839 ex
1308 3796 1452 3847 aere.

337 3872 466 3928 451.
501 3873 641 3943 Inter
670 3874 975 3945 Passionem
1004 3884 1057 3943 et
1091 3875 1477 3946 propassionem
1510 3872 1863 3942 Hieronymus

265 3964 323 4018 in
362 3963 671 4020 Matthreum
701 3967 1004 4043 distinguit,
1029 3966 1262 4031 dicens:
1306 3966 1446 4036 quod
1483 3966 1659 4045 passio
1701 3981 1863 4034 repu-

266 4065 414 4112 tatur
442 4059 494 4111 in
530 4059 683 4129 culpa
712 4076 728 4124 ;
759 4060 1064 4129 propassio,
1100 4059 1223 4139 licet
1269 4058 1477 4137 culpam
1508 4059 1700 4137 habeat
1728 4057 1861 4130 [Al.,

268 4163 363 4220 pro
388 4150 545 4219 culpa
574 4147 878 4221 habeatur],
910 4159 1087 4213 tamen
1120 4165 1227 4211 non
1251 4158 1461 4229 tenetur
1488 4150 1621 4223 [Al.,
1650 4152 1861 4217 retine-

304 4307 467 4389 .421'...
511 4309 706 4389 Ascon.
732 4307 1059 4389 Pedianus".
1084 4306 1307 4389 injerr.
1340 4306 1501 4389 l_‘l_on.,
1526 4307 1654 4363 dict.
1688 4307 1854 4380 Nefa-

264 4380 420 4461 εἰμες.
445 4380 559 4461 ipse
581 4378 884 4450 Etymolog.
920 4379 1014 4461 lin.
1043 4394 1098 4442 x,
1122 4377 1405 4461 litteraolV.

290 4520 306 4531 .
338 4447 478 4531 Ibid.
506 4447 752 4505 Fortasse
778 4447 1203 4505 ne’nominandus
1228 4450 1450 4519 quidem.
1482 4448 1555 4505 Ita
1576 4460 1724 4507 certe
1749 4467 1858 4508 me-

266 4521 691 4659 ""iéiinair,
719 4607 771 4657 tv
814 4591 879 4647 de
911 4591 1067 4664 Ling.
1110 4590 1256 4660 Lat.,
1299 4590 1473 4657 initio.
1525 4592 1690 4659 Non.,
1720 4594 1850 4661 dict.

264 4660 587 4716 Peruicacia.

1886 3245 1935 3309 G

1963 1977 2163 2022 malum
2193 1984 2323 2024 vero
2352 1976 2436 2022 est
2462 1969 2737 2038 quodlibet
2765 1984 2900 2039 opus
2929 1972 2982 2024 in
3016 1971 3173 2025 linem
3202 1972 3513 2027 deductum.

2033 2060 2160 2115 454.
2196 2060 2339 2116 Inter
2373 2059 2567 2116 Patens
2620 2069 2674 2116 et
2721 2063 2977 2133 patulum.
3033 2061 3276 2117 Patulnm
3324 2064 3551 2119 dicimus

1963 2152 2105 2221 quod
2139 2152 2456 2209 naturaliter
2485 2165 2703 2221 semper
2724 2162 2886 2222 patet,
2922 2160 2981 2208 ut
3020 2168 3195 2219 nares,
3239 2153 3419 2210 arbor.
3454 2156 3553 2210 Pa-

1964 2250 2083 2297 tens
2130 2257 2259 2297 vero
2308 2244 2451 2312 quod
2497 2244 2738 2314 aperitur
2791 2254 2844 2299 et
2891 2245 3177 2314 clauditur,
3231 2253 3289 2300 ut
3334 2248 3553 2319 ostium,

1962 2337 2125 2393 oculi.
2172 2338 2269 2394 Sic
2318 2338 2554 2394 lucidum
2597 2346 2653 2394 et
2701 2340 2915 2395 lucibile
2947 2357 2960 2393 :
2996 2340 3230 2395 lucidum
3279 2350 3363 2396 est
3405 2343 3549 2413 quod

1962 2429 2181 2486 aliunde
2209 2429 2564 2500 illuminatur,
2588 2431 2801 2515 lucibile
2826 2432 2965 2503 quod
2998 2447 3091 2503 per
3118 2446 3179 2488 se
3209 2432 3371 2489 lucet.

2037 2536 2163 2593 455.
2217 2538 2359 2593 Inter
2388 2534 2668 2593 Penetrale
2703 2548 2761 2594 et
2802 2540 3134 2610 penetrabile.
3191 2538 3345 2607 Quod
3393 2553 3554 2611 pcne-

1965 2638 2067 2684 trat
2099 2631 2377 2699 penetrale
2398 2630 2628 2695 dicitur;
2655 2632 2799 2711 quod
2829 2641 3002 2687 autem
3032 2641 3358 2711 penetratur,
3390 2616 3554 2704 pene-

1965 2720 2175 2777 trabile.
2224 2722 2526 2777 Penetralia
2556 2708 2888 2778 autemvsunt
2912 2708 3201 2780 domorum.
3232 2735 3459 2805 secreta,
3498 2734 3553 2780 et

1964 2816 2107 2871 dicta
2134 2816 2202 2870 ab
2227 2831 2292 2892 eo
2320 2815 2459 2889 quod
2491 2824 2575 2871 est
2605 2815 2837 2901 penitus.
3334 2802 3337 2805 ’
3454 2802 3459 2807 ’

2035 2925 2161 2980 456.
2215 2927 2357 2981 Inter
2409 2926 2537 2980 Post
2589 2937 2644 2981 et
2697 2943 2830 3011 pone
2876 2928 2976 2989 hoc
3029 2926 3241 2993 videtur
3292 2929 3555 2986 interesse

1966 3018 2105 3089 quod
2130 3030 2250 3087 post
2275 3034 2490 3089 semper
2515 3019 2807 3089 chronicés
2835 3020 3104 3094 ponimus,
3131 3035 3251 3077 cum
3282 3020 3508 3077 dicimus
3536 3039 3553 3077 :

1968 3112 2096 3166 Post
2128 3121 2339 3187 tempus
2369 3111 2616 3187 veniam;
2654 3125 2791 3183 pone
2829 3125 2977 3183 vero,
3011 3120 3130 3180 post
3161 3120 3390 3184 tergum.

2038 3222 2163 3280 457.
2215 3223 2357 3279 Inter
2417 3224 2652 3295 precari,
2700 3229 2755 3277 et
2801 3222 3114 3288 imprecari,
3166 3231 3221 3276 et
3270 3223 3554 3293 deprecari.

1970 3315 2184 3395 Precari
2216 3326 2297 3373 est
2342 3331 2569 3387 rogare,
2623 3314 2905 3384 imprecari
2955 3324 3038 3375 est
3081 3322 3268 3383 optare
3297 3314 3421 3387 [Δί.
3455 3331 3556 3379 ex-

1936 3420 2153 3479 .optare
2177 3407 2217 3480 ],
2248 3409 2527 3479 deprecari
2574 3417 2656 3464 est
2701 3423 2981 3475 excusare,
3013 3409 3093 3463 vel
3116 3424 3431 3480 expurgare.
3468 3410 3557 3466 Ci-

1969 3518 2093 3559 cero
2124 3506 2141 3574 (
2167 3504 2257 3558 lib.
2292 3519 2328 3558 u
2355 3504 2408 3563 in
2461 3502 2613 3557 Verr.
2638 3504 2679 3573 ).
2723 3502 2885 3569 Quid,
2918 3503 3108 3571 inquit,
3140 3500 3300 3559 faciat
3326 3504 3555 3559 Horten-

1970 3594 2116 3650 sius?
2148 3594 2471 3655 Avarititene
2498 3594 2720 3653 crimina
2746 3592 3063 3661 frugalitatis
3093 3592 3337 3648 laudibus
3362 3592 3555 3664 depre-

1971 3684 2165 3741 ceturl

2036 3778 2162 3833 458.
2218 3776 2359 3830 Inter
2407 3774 2633 3828 Poscere
2671 3784 2726 3829 et
2754 3790 3045 3843 exposcere.
3100 3774 3331 3833 Poscere
3376 3776 3554 3834 minus

1935 3877 2049 3931 'est
2087 3882 2245 3937 quam
2295 3880 2609 3936 exposcere.
2659 3866 2791 3923 Nam
2822 3872 3045 3935 poscunt
3092 3866 3183 3935 qui
3238 3866 3552 3937 simpliciter

1968 3970 2174 4033 petunt,
2199 3966 2498 4030 exposcunt
2519 3960 2610 4029 qui
2633 3958 2955 4013 desiderant.

2036 4055 2163 4109 459.
2203 4054 2345 4109 Inter
2366 4050 2614 4107 Polliceri
2636 4061 2689 4109 et
2712 4053 3021 4122 promittere.
3049 4051 3298 4123 Polliceri
3324 4051 3555 4117 dicimur

1966 4149 2070 4219 57
2096 4147 2239 4218 quod
2278 4153 2471 4217 sponte
2498 4144 2854 4216 promittimus
2884 4160 2982 4203 nec
3012 4147 3214 4218 rogati,
3243 4146 3555 4215 promittere

1970 4310 2033 4363 D.
2064 4306 2414 4371 Augustinus,
2442 4311 2549 4359 act.
2584 4319 2637 4367 v,
2666 4317 2814 4358 scen.
2845 4301 2900 4370 4,
2931 4302 3160 4356 Andria.

2064 4322 2141 4362 nu
2184 4322 2414 4371 usunus,
2442 4322 2549 4359 act.
2584 4322 2637 4367 v,
2666 4322 2814 4358 scen.
2845 4322 2900 4370 ιι»,
2931 4322 3160 4356 auarus.

2037 4409 2107 4419 —
2136 4322 2237 4431 Eat
2267 4375 2422 4431 etiam
2451 4390 2603 4445 pron.
2641 4374 2749 4440 AL,
2792 4373 2881 4427 Sic
2924 4373 3359 4445 pronuntiabit”,
3387 4371 3551 4446 forte,

1965 4452 2119 4507 etiam
2147 4464 2300 4507 pron.
3101 4494 3105 4503 .

2039 4467 2465 4575 iiid'i'i'ihnnus
2503 4517 2559 4572 in
2594 4522 2740 4587 textu
2768 4515 2958 4585 legisse
2997 4494 3207 4587 videtur
3234 4524 3325 4569 aut
3353 4524 3399 4569 et
3426 4532 3549 4587 pro.

1965 4591 2303 4657 nuntiabitur,
2337 4604 2434 4658 pro
2461 4603 2567 4659 quo
2590 4586 2811 4657 coniicit
2836 4595 2927 4641 ‘aut
2947 4586 3140 4649 etiam;
3165 4600 3286 4655 qua:
3314 4586 3544 4657 genuina

1963 4675 2045 4720 est
2075 4663 2251 4719 lectio.
2284 4664 2458 4715 Ansv.
3192 4674 3197 4681 ’

340 4732 467 4786 628.
492 4733 553 4788 C.
572 4732 757 4787 Front.
782 4752 795 4787 :
818 4733 1118 4788 Subsidium
1134 4732 1272 4804 quod
1291 4733 1462 4788 subest
1478 4734 1846 4804 deﬁcientibus,
1876 4733 1933 4794 D
2031 4734 2158 4792 454.
2192 4733 2269 4787 Ex
2298 4732 2451 4788 Serv.
2476 4729 2650 4804 adill.
2675 4729 2853 4804 Eclgg.
2881 4744 2916 4795 l,
2940 4727 3143 4804 Tityre,
3172 4734 3230 4782 tu
3262 4729 3475 4804 potitae.

266 4806 567 4873 prtesidium
608 4806 907 4873 imponitur,
956 4807 1207 4859 auxilium
1258 4806 1577 4873 repentinum
1620 4816 1693 4859 est
1719 4849 1733 4870 ,
1780 4809 1853 4861 ita

263 4876 559 4957 subsidium
576 4877 642 4927 ad
671 4876 917 4957 secundos
957 4892 1105 4931 casus
1137 4874 1479 4957 praeparatur.
1544 4874 1853 4957 Praesidium

264 4946 643 5069 isddcug‘todiam
668 4986 683 5011 ,
715 4946 969 5000 auxilium
991 4988 1006 5012 ,
1039 4959 1095 5000 ut
1118 4946 1298 5016 possit,
1323 4962 1385 5000 ea:
1406 4947 1665 5025 insperato
1696 4951 1850 5004 venit.

318 5034 333 5069 I
372 5058 390 5069 .
468 5026 569 5069 est.

318 5018 390 5073 id.
422 5017 569 5071 Fest.
1490 5017 1495 5019 ⁷
1600 5018 1603 5025 ’

339 5088 469 5140 429.
510 5088 596 5143 Al.
626 5104 732 5141 sua:
756 5088 791 5142 2
820 5088 952 5143 Mss.
976 5102 1072 5157 pro
1098 5090 1198 5143 sui.

340 5156 481 5213 Ibid.
514 5159 670 5213 Varia
704 5160 858 5213 lectio
885 5156 1031 5229 efﬁcit
1059 5174 1179 5213 cum
1206 5167 1351 5215 textu
1377 5160 1563 5217 Grialii
1587 5162 1854 5230 congruit.

266 5231 394 5300 Legi
427 5233 624 5295 poterit
650 5230 795 5300 facit,
828 5230 1143 5299 aut'aliquid
1167 5233 1341 5287 simile
1360 5247 1458 5302 pro
1489 5230 1655 5301 e/ﬁcit.
1682 5239 1852 5287 Anav.

344 5303 474 5357 451.
536 5302 593 5355 In
632 5302 826 5356 Codice
880 5302 1295 5371 Regiovaticano
1330 5302 1490 5357 1858
1538 5302 1855 5357 dilferentize

264 5383 393 5427 sunt
423 5372 760 5442 alphabetico
788 5372 1000 5441 quidem
1042 5373 1230 5427 ordine
1268 5373 1561 5442 dispositae,
1591 5375 1684 5428 sed
1730 5375 1854 5429 alibi

263 5445 677 5507 contractiores,
706 5444 835 5498 alibi
867 5445 1212 5511 copiosiores,
1244 5452 1298 5498 et
1328 5444 1597 5500 nonnullae
1633 5445 1851 5512 addita),

264 5526 352 5583 ut,
374 5515 607 5583 exempli
651 5516 849 5583 gratia:
892 5515 1038 5569 Inter
1082 5517 1189 5584 pati
1218 5526 1264 5569 et
1289 5518 1519 5586 perpeti:
1550 5518 1656 5583 pati
1696 5516 1854 5571 brevis

265 5598 384 5653 est,
444 5586 638 5657 perpeti
695 5588 939 5653 longioris
998 5594 1069 5641 est
1130 5587 1386 5657 temporis.
1442 5586 1587 5640 Inter
1645 5603 1853 5655 passum

266 5668 319 5713 et
352 5667 652 5728 expertum:
682 5658 905 5728 patimur
952 5658 1241 5723 voluntate,
1288 5660 1579 5727 experimur
1632 5658 1852 5728 necessi-

267 5740 391 5784 tate.
416 5725 424 5728 ⁷
453 5729 629 5783 Malim
686 5726 989 5798 Experimur
1032 5730 1291 5784 uoluntate
1313 5770 1330 5797 ,
1358 5725 1605 5799 patimur
1631 5725 1851 5795 necessi-

268 5810 391 5855 tate.
436 5804 608 5855 Ansv.

344 5872 470 5927 tae.
512 5872 593 5926 Ex
641 5871 1025 5945 interpretibus
1063 5872 1283 5929 Terent.
1313 5870 1525 5929 videtur
1554 5870 1849 5941 sumpsisse

2032 4837 2103 4848 —
2133 4806 2212 4859 Ex
2257 4803 2409 4859 Serv.
2443 4801 2509 4855 ad
2543 4802 2621 4855 ill.
2654 4816 2706 4854 v1
2732 4799 2886 4863 Em,
2927 4798 3308 4871 Lucentemque
3340 4798 3546 4871 globum

1959 4877 2113 4939 Iunce,
2150 4891 2218 4930 ex
2240 4890 2347 4943 quo
2376 4873 2588 4943 videtur
2618 4872 2899 4943 legendum
2925 4872 3120 4932 lucens,
3148 4883 3261 4943 non
3290 4867 3543 4943 lucidum.

1958 4938 2162 5002 Fronto
2191 4938 2367 4999 tamen
2398 4943 2474 4998 ita
2503 4938 2809 4997 etiam’fere
2836 4941 3117 5011 distinguit
3146 4939 3286 4995 inter
3316 4938 3545 4994 lucidum

1962 5030 2016 5074 et
2044 5019 2375 5072 luminosum.
2546 5016 2553 5021 “
2909 5016 2913 5020 ’
3006 5028 3009 5033 '
3214 5014 3219 5023 ’

2032 5089 2158 5144 455.
2195 5088 2271 5141 Ex
2294 5087 2448 5143 Serv.
2479 5084 2573 5140 lib.
2591 5100 2627 5139 x
2653 5083 2779 5139 (En.
2803 5083 2869 5139 ad
2895 5083 3003 5157 ill.,
3027 5080 3279 5137 Nostrum
3300 5086 3543 5151 penetra-

1963 5160 2062 5215 bile
2090 5161 2269 5212 telum.

2032 5229 2438 5302 ~Penetralia».
2470 5227 2550 5282 Ex
2579 5227 2853 5302 Servuad
2882 5226 2962 5281 ill.
2996 5221 3217 5302 vrttﬁn.
3242 5238 3267 5302 ἒς
3290 5216 3549 5302 Pentetro-

1962 5303 2093 5357 libus
2114 5303 2256 5373 altis,
2286 5308 2341 5354 et
2373 5300 2574 5373 ill.gvt*.
2601 5299 2801 5373 liegnis
2828 5296 3109 5373 penetralia
3138 5296 3349 5373 nostris.

2030 5371 2156 5425 456.
2198 5358 2367 5435 Fest.,
2417 5370 2547 5424 dict.
2592 5358 2766 5431 Patie,
2799 5358 2852 5423 et
2892 5369 3043 5423 Serv.
3088 5362 3157 5418 ad
3192 5360 3279 5417 ill.
3308 5373 3350 5417 ιι
3388 5358 3546 5430 Em,

1962 5443 2105 5498 Pone
2133 5443 2266 5497 subit
2294 5444 2505 5509 confuso.

2034 5542 2102 5555 -—
2133 5513 2371 5583 Tempus.
2408 5511 2469 5565 F.
2494 5511 2661 5567 dictio
2689 5520 2887 5583 tempus
2915 5512 3157 5583 superat:

2028 5586 2153 5658 457.
2189 5574 2265 5658 [Si
2296 5585 2504 5658 Agraei.
2524 5583 2615 5651 qui
2642 5584 2763 5658 h_inc
2784 5574 2917 5658 forte
2938 5574 3240 5658 ungendus.
3418 5644 3453 5658 η

2027 5655 2153 5712 458.
2184 5644 2429 5710 Ξθηῖεᾶ
2454 5644 2611 5707 ἰΙΙ.”ιι
2636 5650 2764 5706 En.
2791 5668 2805 5703 :
2832 5650 2890 5704 Si
2912 5644 3033 5716 tibi,
3049 5664 3165 5721 qua
3184 5662 3361 5718 posco,
3384 5644 3543 5701 aliter

1956 5727 2393 5803 quiﬂllsi‘iorlls'
2798 5791 2839 5803 ..
2918 5792 2965 5803 ..
3064 5790 3119 5803 η.

2026 5798 2151 5854 459.
2185 5798 2263 5853 Ex
2308 5797 2463 5852 Serv.
2512 5792 2582 5849 ad
2607 5793 2685 5849 ill.
2717 5809 2736 5849 ι
2774 5791 3018 5859 ιΕηοίᾶ.,
3054 5791 3261 5846 Ditione
3285 5795 3541 5859 tenerent,

1959 5868 2255 5926 Pollicitus.
3532 5872 3535 5875 λ
