4056 6350
442 302 514 361 55
1480 289 1539 345 S.
1581 285 1835 345 ISIDORI
1877 284 2323 345 HISPALENSIS
2364 283 2673 343 EPISCOPI
3648 287 3724 344 56

444 418 588 493 quod
616 414 837 489 petitur.
881 410 1024 483 Ergo
1070 407 1433 482 promittimus
1472 406 1665 477 regali,
1716 405 2031 475 pollicemur
2055 409 2111 468 Α
2135 404 2409 474 populum,
2437 398 3010 493 uniusimultitudinem
3053 396 3317 493 civitatis_
3339 397 3718 472 intelligimus.

445 516 608 570 ultro.
675 510 811 566 Item
893 506 1214 578 pollicemur
1286 504 1589 573 scriptura,
1673 499 2036 571 promittimus

447 606 638 661 verbo.

517 698 646 754 440.
676 694 822 751 Inter
848 693 1138 766 Properare
1159 700 1214 748 et
1240 690 1498 762 festinare.
1544 689 1755 744 Marcus
1797 687 1927 743 Cato
1957 688 2037 744 sic

443 791 727 861 distinguit
759 788 946 844 dicens
981 805 996 844 :
1029 788 1130 855 Qui
1156 784 1573 855 unumquodque
1603 793 1813 838 mature
1843 782 2035 837 transi-

442 885 541 951 git,
576 884 622 938 is
654 892 929 952 properat.
959 881 1057 947 Qui
1084 878 1245 933 multa
1274 877 1435 932 simul
1471 877 1671 945 incipit,
1706 890 1881 946 neque
1914 891 2036 945 per-

448 972 595 1037 licit,
644 971 690 1026 is
723 971 957 1026 festinat.
1007 969 1121 1038 Ego
1170 965 1585 1036 unumquodque
1630 963 1773 1035 quod
1814 964 2035 1021 adortus

441 1078 591 1120 eram
619 1062 977 1133 transigebam
1002 1068 1048 1112 ο.

520 1154 647 1211 441.
682 1155 824 1210 Inter
871 1152 1105 1207 Primum
1134 1158 1191 1205 et
1218 1150 1467 1221 priorem.
1500 1148 1711 1205 Primus
1758 1165 1790 1204 e
1827 1148 2035 1216 multis,

453 1248 603 1320 prior
626 1264 657 1304 e
681 1248 911 1313 duobus,
942 1245 1227 1316 primarius
1254 1259 1283 1297 a
1313 1244 1595 1314 dignitate.

533 1342 660 1397 442.
692 1341 834 1396 Inter
861 1340 1051 1395 Plures
1081 1350 1136 1395 et
1164 1340 1349 1409 pluris.
1401 1338 1574 1394 Pluris
1618 1346 1702 1394 est
1740 1338 1884 1407 quod
1923 1353 2036 1393 ma-

454 1436 560 1507 jori
615 1450 822 1491 summa
878 1436 1122 1498 laxatur,
1182 1433 1364 1503 plures
1412 1447 1544 1489 vero
1590 1433 1657 1488 de
1699 1431 2037 1488 multitudine

446 1528 731 1585 scribimus
760 1528 893 1600 [Al.,
927 1524 1221 1598 scribitur].

520 1621 647 1676 445.
672 1621 818 1677 Inter
861 1620 1047 1675 Petivit
1083 1630 1139 1677 et
1166 1619 1423 1692 expetivit.
1472 1618 1669 1674 Petivit
1711 1633 1809 1689 pro
1850 1633 2037 1688 parum

449 1713 545 1788 [F.
576 1716 702 1770 add.
749 1714 955 1785 petivit]
988 1714 1224 1783 ponitur,
1254 1712 1511 1783 expetivit
1540 1728 1639 1781 pro
1668 1714 1801 1767 satis
1830 1714 2033 1784 petivit.

2210 493 2334 549 451.
2387 493 2528 550 Inter
2584 492 2892 560 Pontiﬁcem
2948 500 3003 547 et
3048 500 3231 546 uatem.
3292 491 3539 548 Pontifex
3599 503 3727 551 tan-

2140 595 2249 643 tum
2293 602 2559 642 summum
2612 585 2945 643 sacerdotem
3010 586 3298 657 signiﬁcat,
3351 596 3500 643 vates
3546 598 3727 645 autem

2138 678 2288 748 plura
2310 678 2593 748 significat,
2621 688 2711 733 aut
2753 677 3079 746 sacerdotes,
3114 686 3206 733 aut
3236 685 3445 748 poetas,
3473 688 3565 735 aut
3588 695 3721 751 pro-

2138 770 2349 841 phetas.

2208 862 2335 917 452.
2365 862 2510 919 Inter
2538 862 2829 934 Profugunt
2853 872 2908 920 et
2944 864 3191 919 exsulem.
3235 864 3499 937 Prologus
3536 867 3734 924 volun-

2142 964 2274 1020 tate,
2306 958 2459 1012 exsul
2487 957 2830 1013 necessitate.

2208 1050 2332 1106 455.
2360 1052 2499 1107 Inter
2543 1051 2781 1106 Patrium
2798 1060 2852 1108 et
2868 1060 3159 1123 paternum.
3181 1052 3467 1111 Paternum
3488 1065 3569 1112 est
3589 1059 3735 1126 quod

2138 1143 2306 1213 patris
2330 1140 2453 1211 fuit,
2479 1152 2535 1197 ut
2582 1142 2776 1198 fundus
2823 1154 3096 1214 paternus.
3134 1146 3342 1201 Patrius
3358 1146 3552 1203 dicitur
3594 1150 3738 1219 patri

2136 1236 2325 1307 similis
2340 1236 2447 1309 [ΑΙ.
2462 1236 2595 1305 patri
2609 1235 2876 1309 allectus],
2890 1246 2945 1293 ut
2959 1239 3159 1307 patrius
3172 1239 3380 1294 animus
3394 1239 3520 1313 [Αι.,
3535 1238 3737 1313 amor.]

2211 1330 2336 1386 454.
2393 1331 2534 1386 Inter
2587 1331 2837 1404 Proprias
2891 1344 2945 1388 et
2989 1336 3199 1403 propius
3248 1334 3383 1406 [AI.,
3427 1335 3738 1408 proprium].

2140 1421 2397 1492 Proprius
2421 1430 2505 1477 est
2534 1436 2754 1490 nomen,
2776 1427 2994 1493 propius
3018 1439 3147 1480 vero
3171 1426 3321 1495 juxta
3344 1441 3452 1482 me.

2210 1514 2335 1569 455.
2363 1514 2507 1569 Inter
2539 1514 2902 1589 Pragnantent
2925 1526 2979 1571 et
2998 1520 3266 1588 grauidam
3287 1518 3400 1575 haec
3428 1519 3738 1579 differentia

2140 1617 2221 1663 est
2240 1625 2253 1660 :
2273 1616 2635 1678 praegnantem
2658 1624 2777 1664 esse
2798 1625 2917 1679 quae
2946 1613 3226 1681 concepit;
3246 1612 3541 1683 gravidam,
3572 1630 3737 1684 quam

2142 1702 2279 1758 uteri
2307 1702 2545 1774 gravedo
2575 1703 2875 1771 proximam
2907 1707 3077 1774 partui
3108 1706 3365 1761 ostendit.

452 1810 515 1865 Et
554 1808 921 1863 inimicissime
955 1822 1018 1863 ac
1044 1806 1389 1862 vehementer
1416 1805 1636 1863 adnisus
1658 1816 1760 1864 est.
1786 1807 1867 1862 Ex
1890 1808 2035 1864 enim

2211 1793 2337 1847 456.
2370 1794 2513 1849 Inter
2565 1793 2792 1865 Pignera
2836 1804 2891 1851 et
2938 1798 3175 1868 pignora.
3218 1796 3442 1869 Pignera
3480 1808 3606 1854 sunt
3653 1815 3742 1857 re-

454 1916 552 1971 pro
578 1900 732 1955 valde
761 1901 992 1969 ponitur.

527 1995 653 2049 444.
704 1995 846 2049 Inter
878 1993 1073 2064 Pyram
1094 2002 1149 2048 et
1168 2008 1351 2065 rogum
1374 2007 1393 2045 :
1417 1991 1553 2063 Pyra
1582 1999 1667 2047 est
1711 1993 2041 2048 constructio

452 2087 736 2159 lignorum,
773 2095 1056 2157 antequam
1116 2086 1253 2156 ignis
1302 2085 1552 2141 admouis
1582 2096 1684 2142 est.
1733 2087 1912 2157 Rogus
1961 2096 2045 2143 est

455 2180 583 2236 dum
613 2181 785 2236 ardet.
821 2182 1041 2235 Bustum
1072 2194 1201 2235 vero
1230 2188 1576 2250 posteaquam
1610 2180 1763 2234 arsit.

529 2272 656 2328 445.
708 2270 850 2326 Inter
891 2270 1099 2325 Plebem
1142 2280 1196 2325 et
1240 2270 1514 2340 populum.
1566 2271 1725 2327 Plebs
1772 2286 1801 2324 a
1849 2272 2045 2341 populo

455 2378 522 2419 eo
548 2363 731 2429 distat,
764 2364 904 2433 quod
934 2363 1161 2434 populus
1207 2373 1290 2418 est
1332 2362 1599 2434 generalis
1626 2363 1947 2417 universitas
1971 2363 2048 2417 ci-

454 2457 600 2512 vium
634 2471 756 2513 cum
803 2457 1134 2523 senioribus,
1184 2456 1335 2526 plebs
1379 2463 1558 2511 autem
1588 2471 1711 2526 pars
1748 2455 1963 2510 humilis
1992 2464 2049 2511 et

455 2550 687 2618 abjecta.

532 2640 665 2700 446.
720 2643 865 2700 Inter
896 2643 1202 2715 Pauperiem
1247 2650 1303 2698 et
1344 2652 1726 2717 paupertatem,
1759 2641 2049 2713 Pauperies

453 2733 706 2789 damnum
733 2744 834 2802 est,
871 2745 1153 2805 paupertas
1180 2736 1295 2806 ipsa
1324 2736 1583 2791 conditio.

525 2826 651 2881 447.
700 2827 843 2883 Inter
871 2826 1168 2882 Proclivum
1213 2838 1267 2883 et
1314 2828 1590 2882 declioum.
1639 2826 1916 2881 Proclivus
1966 2834 2051 2880 est

461 2932 753 2986 ascensus;
787 2921 1044 2982 declivus,
1081 2923 1377 2976 descensus
1406 2920 1601 2974 facilis.

530 3010 658 3064 448.
702 3010 846 3065 Inter
874 3011 1194 3077 Puerperam
1237 3021 1292 3064 et
1338 3013 1582 3081 puellam.
1625 3011 1867 3068 Puellam
1896 3012 2049 3068 inve-

456 3109 591 3156 stem
618 3101 722 3156 dici
744 3102 852 3173 58
872 3110 926 3157 et
950 3111 1107 3157 aetate
1130 3103 1431 3172 parvulam,
1456 3105 1606 3175 quasi
1629 3106 1826 3175 pullam
1850 3124 1862 3171 ;
1891 3122 2044 3177 puer-

2144 1900 2287 1953 rum,
2320 1884 2539 1956 pignora
2571 1886 2800 1941 liliorum
2830 1897 2885 1942 et
2914 1888 3219 1944 ali'ectuum.

2215 1979 2343 2032 4ὸ7.
2394 1980 2535 2034 Inter
2593 1979 2897 2035 Portentum
2956 1992 3011 2037 et
3067 1994 3371 2038 monstrum.
3430 1984 3744 2044 Portentum

2147 2080 2229 2126 est
2248 2072 2387 2142 quod
2408 2072 2515 2145 59
2532 2087 2593 2127 ex
2614 2072 2799 2129 formis
2820 2075 3045 2131 diversis
3064 2079 3396 2148 proponitur,
3414 2092 3743 2149 monstrum,

2146 2166 2288 2235 quod
2320 2174 2469 2221 extra
2509 2172 2755 2220 naturam
2786 2168 3041 2234 nascitur,
3070 2170 3154 2225 vel
3208 2171 3364 2226 nimis
3395 2175 3613 2243 grande,
3651 2175 3742 2232 vel

2148 2257 2309 2311 nimis
2339 2258 2519 2312 breve.

2219 2350 2346 2405 458.
2378 2348 2519 2406 Inter
2550 2350 2853 2407 Portentum
2894 2361 2951 2409 et
3004 2362 3372 2425 portentosum.
3428 2357 3747 2417 Portentum

2148 2441 2343 2498 dicitur
2381 2443 2519 2512 quod
2559 2459 2625 2499 ex
2654 2446 2797 2499 omni
2825 2455 2977 2514 parte
3024 2456 3227 2502 natura:
3266 2450 3611 2506 mutationem
3643 2466 3742 2507 su-

2150 2550 2302 2590 mens
2320 2536 2516 2607 aliquid
2544 2538 2860 2607 portendere
2884 2538 3115 2595 futurum
3138 2541 3369 2609 videtur,
3399 2545 3537 2600 sicut
3563 2546 3749 2616 biceps

2150 2639 2308 2697 caput
2338 2630 2390 2685 in
2422 2645 2621 2700 corpus
2654 2648 2842 2699 unum,
2876 2633 2959 2687 vel
3010 2634 3148 2689 sicut
3197 2636 3247 2690 in
3278 2634 3469 2693 Xerxis
3503 2642 3645 2709 regia
3673 2656 3744 2697 ex

2149 2736 2284 2791 equa
2312 2722 2528 2791 vulpem
2563 2722 2742 2779 ferunt
2782 2734 3019 2780 creatam
3052 2726 3401 2801 (Heracliam)
3429 2748 3443 2796 ;
3475 2747 3568 2801 per
3594 2735 3741 2803 quod

2151 2812 2271 2883 ejus
2297 2814 2432 2868 solvi
2459 2830 2681 2886 regnum
2716 2824 2988 2873 ostensum
3016 2829 3119 2873 est.
3150 2820 3281 2875 Nam
3315 2830 3621 2891 portentosa
3664 2826 3748 2880 di-

2152 2917 2345 2963 cuntur
2372 2925 2492 2979 qua:
2518 2926 2588 2965 ex
2641 2920 2791 2980 parte
2819 2914 3063 2983 corporis
3121 2923 3338 2969 sumunt
3390 2916 3742 2974 mutationem

2154 3004 2285 3078 [Αι.,
2319 3008 2695 3081 notationem];
2729 3018 2806 3076 ut,
2832 3010 3060 3079 exempli
3093 3024 3275 3075 causa,
3305 3025 3425 3065 cum
3450 3027 3541 3067 sex
3573 3013 3749 3080 digitis

2154 3101 2287 3166 nati,
2314 3100 2427 3156 sive
2448 3118 2567 3157 cum
2596 3103 2775 3174 aliqua
2799 3104 3057 3174 pravitate
3087 3103 3214 3176 [Ρη
3237 3105 3538 3179 parvitate]
3565 3123 3741 3164 mem-

457 3210 639 3263 peram
663 3210 812 3259 vero,
844 3211 963 3265 quae
988 3196 1214 3265 primum
1241 3212 1461 3267 puerum
1484 3199 1639 3254 enixa
1668 3208 1770 3261 est,
1794 3208 1848 3255 et
1876 3200 1927 3254 in
1953 3215 2048 3254 an-
2078 3195 2124 3259 C
2155 3192 2393 3249 brorum.

458 3285 544 3341 nis
595 3287 890 3355 puerilibus
937 3290 1096 3357 parit.
1163 3288 1313 3345 Unde
1367 3299 1425 3347 et
1477 3290 1727 3346 Horatius
1757 3292 1913 3363 (Lib.
1972 3309 2043 3365 tv,

458 3379 546 3433 od.
578 3376 637 3448 4)
664 3395 678 3431 :

765 3468 1043 3520 Laudantur
1064 3469 1207 3520 simili
1234 3472 1370 3534 prole
1394 3485 1672 3535 puerperae.

528 3550 654 3606 449.
706 3552 847 3607 Inter
894 3553 1239 3622 Pampineum
1296 3567 1351 3611 et
1404 3559 1779 3629 pampinosum.
1833 3559 2045 3629 Pampi-

459 3656 617 3698 neum
640 3651 723 3698 est
746 3653 913 3699 totum
937 3646 1005 3701 de
1027 3647 1314 3717 pampinis,
1341 3652 1714 3720 pampinosum
1734 3652 1870 3720 quod
1897 3667 2046 3721 pam-

459 3736 600 3806 pinis
632 3737 840 3806 plenum
873 3750 975 3796 est.

530 3829 654 3885 450.
690 3832 830 3887 Inter
860 3832 1124 3903 Populum
1148 3844 1204 3890 et
1226 3839 1463 3908 papulas,
1493 3853 1612 3893 cum
1635 3840 1778 3893 enim
1820 3841 2047 3909 populos

462 3936 688 3977 numero
734 3924 924 3992 plurali
967 3927 1217 3993 dicimus,
1272 3929 1435 3983 urbes
1487 3929 1876 3998 significamus;
1926 3946 2046 3985 cum

531 4064 602 4106 τ-
634 4035 927 4106 Scriptura.
964 4039 1070 4103 A|.,
1105 4038 1303 4093 Minus.
1332 4040 1394 4095 F.
1431 4041 1600 4093 minis.

534 4105 837 4180 Ibid._H;ec
863 4116 946 4162 est
972 4110 1137 4176 prima
1162 4111 1462 4165 dillerentia
1492 4125 1611 4180 qum
1635 4112 1687 4165 in
1719 4112 1891 4167 altero
1911 4113 2051 4170 libro

463 4192 571 4251 non
604 4177 934 4251 alphabetico
978 4183 1233 4248 occurrit,
1285 4177 1713 4237 brevior'tamen
1750 4198 1907 4251 quam
1948 4188 2049 4241 hoc

462 4249 601 4303 loco.
629 4250 798 4302 Anev.
1767 4249 1773 4251 ⁷

476 4386 484 4392 ⁵
534 4319 753 4392 aliisin
795 4322 1036 4377 oratione
1086 4338 1245 4392 quam
1277 4323 1344 4378 de
1375 4326 1485 4378 suis
1512 4324 1801 4380 virtutibus
1836 4326 2039 4382 habuit.

459 4386 630 4467 Itgell.
666 4390 757 4446 lib.
793 4406 868 4456 vr,
902 4406 1021 4467 cap.
1050 4386 1138 4467 1}.
1187 4394 1349 4467 Nom,
1396 4396 1523 4449 dict.
1566 4398 1828 4467 festinare.
1863 4398 2036 4462 Fest.,

2228 3291 2357 3348 459.
2382 3292 2523 3348 Inter
2572 3293 2874 3349 Portentum
2920 3301 2973 3350 et
3004 3302 3273 3349 ostentum.
3310 3293 3622 3350 Portentum
3654 3311 3750 3351 na-

2155 3384 2323 3439 scitur
2370 3395 2423 3441 et
2460 3388 2510 3440 in
2556 3402 2649 3441 sua
2681 3397 2959 3458 permanet
2984 3388 3277 3455 qualitate;
3322 3395 3590 3442 ostentum
3622 3403 3751 3444 vero

2154 3476 2329 3530 Subito
2358 3476 2583 3533 oll'ertur
2613 3478 2804 3545 oculis,
2839 3488 2892 3533 et
2918 3478 3257 3532 subducitur.
3291 3478 3380 3533 Sic
3440 3488 3744 3549 portentum

2155 3566 2395 3621 dicitura
2426 3569 2813 3637 portendendo,
2849 3570 2899 3624 id
2927 3578 3011 3624 est
3041 3584 3199 3638 porro
3223 3570 3577 3637 ostendendo,
3611 3574 3753 3631 sicut

2154 3666 2209 3711 et
2229 3658 2550 3730 prodigium,
2581 3660 2719 3729 quod
2754 3676 2915 3729 porro
2944 3661 3107 3728 dicat,
3140 3661 3191 3715 id
3224 3670 3306 3718 est
3328 3662 3501 3717 futura
3532 3663 3599 3719 de
3621 3665 3743 3722 lon-

2155 3764 2221 3819 ge
2252 3751 2525 3820 praedicat.
2552 3753 2850 3809 Monstrum
2880 3768 3010 3809 sane
3038 3769 3067 3809 a
3092 3756 3295 3810 monitu
3324 3756 3409 3811 vel
3435 3767 3745 3815 monstran-

2156 3843 2227 3897 do
2270 3845 2493 3912 dictum,
2526 3848 2666 3915 quod
2718 3848 2919 3916 aliquid
2948 3848 3297 3919 significando
3337 3849 3669 3907 demonstret
3694 3863 3751 3911 et

2142 3936 2356 3989 .statim.
2384 3936 2629 4006 Quinque
2658 3947 2781 3992 sunt
2806 3948 2983 3994 autem
3014 3955 3209 4009 genera
3263 3941 3647 4011 prodigiorum,
3684 3954 3742 4001 ut

2164 4044 2268 4126 lam
2301 4048 2591 4126 signiﬁcet.
2619 4050 2756 4126 Vox_
2778 4052 3346 4126 tamenupullampon
3386 4062 3588 4126 temere
3616 4055 3749 4126 reji-

2161 4116 2372 4194 cienda,
2416 4119 2849 4194 quandoquidem
2874 4132 2927 4176 et
2953 4116 3087 4176 Neu.
3136 4123 3353 4194 pullum,
3386 4125 3555 4194 inquit
3579 4116 3747 4181 tutetis

2160 4188 2395 4266 novellas,
2420 4192 2484 4243 ab
2505 4188 2717 4266 antiquo
2746 4191 2894 4245 verbo
2922 4188 3145 4266 pultare,
3175 4197 3315 4266 quod
3341 4188 3500 4249 vetus
3532 4198 3745 4262 glossa-

2157 4259 2312 4347 rium‘
2330 4261 2596 4348 Egnpscit,
2625 4272 2811 4348 estque
2858 4259 3205 4348 πάραφγᾴδοεξ
3231 4267 3453 4348 ﬁdum,
3484 4259 3609 4335 pulli
3636 4291 3747 4348 ςπα-

2150 4329 2427 4456 ιᾳῖφυάξεῖ).
2447 4330 2563 4457 Ιιρεθ
2583 4329 2735 4388 certe
2750 4334 2887 4388 hanc
2907 4329 3148 4389 e'anidém
3168 4329 3449 4393 lectionem
3471 4329 3749 4408 superiore

2174 4417 2185 4452 I
2231 4418 2286 4453 ΓΟ
2352 4419 2376 4455 3
2423 4417 2449 4456 Θ
2480 4441 2495 4457 ο

2174 4417 2286 4454 IDI‘O
2313 4417 2495 4457 ηθοθι.

461 4460 919 4556 dict-.Jprroperare.
1052 4463 1238 4556 limat.
1418 4460 1916 4556 prapérat,ra‘ppa-ret
1944 4460 2047 4525 non
2076 4478 2130 4539 D
2221 4511 2292 4522 -
2333 4483 2634 4554 Etymolog,
2668 4484 2763 4540 lib,
2796 4500 2856 4549 ιι,
2885 4500 3003 4556 cap,
3032 4486 3086 4541 2,

464 4548 570 4585 esse
593 4534 844 4608 defessus,
872 4534 961 4608 qui
984 4535 1207 4608 festinat,
1241 4538 1439 4608 uidetur
1462 4534 1568 4591 esse
1601 4534 1931 4608 defatigatus.

534 4631 605 4644 -—-
630 4603 1074 4682 Unumquodque_._
1094 4603 1209 4673 'AL,
1226 4603 1849 4682 _1\'unqu_am__quidquam
1867 4653 1882 4677 ,
1906 4611 2043 4682 quod

463 4674 678 4747 adortus
700 4692 863 4742 eram,
895 4674 1192 4730 transibam.
1216 4674 1500 4734 Ortus’Ms.
1530 4674 1709 4747 Forte,
1741 4674 1904 4738 orsus.

535 4745 659 4817 441.
703 4748 779 4800 Ex
807 4746 1061 4817 Agmtio.

531 4814 659 4885 442.
691 4818 768 4871 Ex
800 4814 1056 4885 Agrtetio.

531 4880 1075 4963 λζνλξῗξ,ιι-ξιὶινιέιὶἰεείηιε.Δ
1086 4889 1231 4963 Lego
1253 4891 1562 4963 enixissime,
1580 4902 1669 4947 aut
1685 4894 2040 4951 intensissime.

534 4956 677 5038 44ὀᾷ
696 4958 773 5012 Ex
804 4957 979 5038 servm,
1012 4959 1079 5038 ad
1106 4956 1191 5016 ill:
1211 4977 1248 5017 tt
1274 4963 1427 5031 jEn.,
1459 4956 1774 5020 Constituere
1802 4985 1976 5038 pyras.

533 5057 605 5069 -—
635 5030 808 5094 Fest.,
830 5029 984 5094 dict.,
1009 5032 1229 5087 bustum.

532 5099 662 5157 445.
680 5101 788 5182 _Sic
809 5101 842 5155 9
864 5101 1083 5182 Terent.
1105 5104 1341 5182 Scaurus
1359 5104 1426 5182 de
1443 5104 1799 5177 Orthograph.
1826 5128 1838 5164 :
1870 5110 2045 5182 Popu-

462 5170 544 5224 lus
575 5182 647 5251 est
674 5174 727 5226 in
750 5189 851 5243 quo
873 5174 1037 5251 omnis
1070 5190 1192 5251 pars
1231 5176 1447 5251 civitatis
1468 5218 1483 5243 ,
1518 5170 1686 5231 omnes
1709 5170 1818 5251 ejus
1841 5170 2044 5237 ordines

466 5244 786 5320 continentur
811 5259 830 5298 :
849 5245 1008 5320 plebs
1048 5259 1111 5300 ea
1142 5246 1336 5303 dicitur
1360 5289 1375 5314 ,
1416 5249 1467 5302 in
1496 5264 1599 5318 qua
1628 5244 1814 5320 genies
1850 5252 2042 5309 civium

466 5312 693 5376 patritiae
722 5331 826 5369 non
848 5316 1048 5371 insunt.

536 5377 660 5433 446.
693 5381 864 5451 Fest.,
896 5388 1023 5442 dict.
1054 5386 1372 5457 Pauperies;
1395 5406 1461 5446 ex
1491 5406 1597 5460 quo
1636 5389 1771 5449 forte
1806 5396 2047 5453 scriben-

467 5447 926 5534 dum_,npa'upertas
945 5469 1017 5512 est
1046 5447 1394 5534 damn.i_quo'd
1420 5447 1715 5534 quadrupes
1747 5447 1889 5534 facit.

540 5519 669 5601 448.
702 5523 818 5607 Lib.
838 5540 868 5575 x
889 5527 1206 5607 Etytnolog"
1227 5519 1412 5607 liltera‘
1426 5519 1693 5607 P._Puql_l_a
1714 5519 1786 5589 est
1808 5519 2043 5607 parvula,

467 5594 865 5679 quasi‘pupillq,
897 5594 1071 5679 el'lib.
1116 5594 1203 5667 ίι,⁷
1224 5619 1343 5672 cap.
1479 5602 1712 5679 Pupilla,
1755 5594 1893 5679 quod
1916 5594 2046 5679 pura

466 5666 628 5744 sitnet
677 5665 979 5744 impolluta,
1030 5679 1087 5722 ut
1109 5665 1244 5744 sum
1294 5665 1500 5744 puellm.
1538 5665 1601 5728 Et
1630 5665 1709 5729 sic
1756 5665 2043 5736 dictionem

467 5734 668 5819 pullam
706 5734 763 5819 in
797 5738 1051 5819 pupillam
1101 5740 1238 5800 forte
1283 5734 1402 5817 quis
1447 5745 1755 5819 mutandam
1802 5734 2042 5819 censeat,

467 5820 586 5859 cum
621 5814 674 5860 et
699 5805 900 5865 Graecis
925 5811 955 5870 ἡ
984 5809 1107 5888 κόρη
1134 5805 1417 5886 utrumque
1447 5828 1500 5876 et
1530 5817 1781 5889 pupillam
1821 5830 1875 5879 et
1901 5805 2047 5893 puel:

2214 4560 2343 4617 449.
2378 4564 2533 4620 Serv.
2558 4565 2621 4617 ad
2648 4564 2726 4620 ill.
2755 4581 2768 4617 ι
2800 4565 2950 4632 ιΕη.,
2981 4566 3206 4621 Nemora
3231 4569 3362 4623 inter
3392 4570 3626 4640 frondea.

2218 4642 2245 4696 Ι
2254 4644 2340 4715 bid
2351 4684 2363 4697 .
2392 4644 2789 4715 Pampinosum.
2820 4646 3116 4703 Adhibetur
3139 4648 3253 4703 hac
3273 4665 3372 4704 vox
3397 4665 3425 4703 a
3447 4651 3744 4709 Columella

2149 4721 2204 4767 et
2246 4714 2445 4771 Plinio.
2478 4714 2653 4770 Anuv.

2220 4786 2349 4841 451.
2395 4787 2513 4841 Lib.
2541 4788 2844 4859 Etymolog.
2875 4805 2968 4859 vn,
2999 4804 3118 4859 cap.
3150 4792 3236 4846 12.

2220 4866 2344 4946 452.
2378 4867 2497 4921 Vid.
2523 4866 2678 4923 Serv.
2713 4868 2777 4923 ad
2809 4870 2886 4927 ill.
2917 4887 2931 4925 ι
2963 4870 3091 4926 ιλΕη.
3125 4870 3423 4946 Profugus,
3456 4872 3745 4941 Larinaque

2147 4941 2281 4993 venit
2299 4939 2494 4992 littora.

2219 5008 2343 5063 456.
2378 5010 2459 5063 Ex
2495 5009 2747 5080 Agraetio.

2220 5088 2345 5144 457.
2371 5089 2590 5167 Fronto.
2618 5090 2734 5145 Sic:
2756 5089 3081 5167 Portentum,
3108 5096 3245 5166 quod
3266 5112 3449 5167 porro,
3479 5107 3529 5152 et
3555 5099 3748 5155 diutius

2148 5171 2338 5225 manet,
2397 5165 2726 5232 futurumque
2780 5165 3125 5233 postmodum
3178 5165 3375 5236 aliquid
3442 5169 3744 5237 signiﬁcat;

2147 5241 2431 5305 monstrum
2456 5242 2526 5286 est
2570 5244 2743 5287 contra
2801 5246 3056 5298 naturam,
3083 5248 3137 5291 ut
3182 5246 3254 5290 est
3299 5238 3645 5305 Minotaurus,
3690 5250 3747 5296 et

2149 5302 2307 5368 inira,
2339 5305 2645 5379 inutnonstro
2667 5308 2997 5379 reclusum-do
3026 5318 3225 5362 natura
3248 5310 3460 5362 vertitur
3486 5326 3506 5364 :
3537 5313 3588 5364 in
3622 5302 3748 5379 por-

2148 5385 2283 5428 tento
2314 5374 2552 5443 differtur
2578 5386 2804 5431 eventus.
2833 5376 2996 5445 Νοη..
3029 5378 3157 5434 ἀίστῐ,
3195 5387 3445 5431 monstra.

2218 5453 2344 5510 458.
2378 5455 2671 5526 Etymolog.
2700 5456 2792 5511 lib.
2819 5471 2873 5521 tt,
2906 5472 3025 5526 cap.
3053 5456 3106 5512 ’5.

2172 5530 2175 5531 ⁷
2222 5534 2359 5588 Ibid.
2396 5534 2660 5611 Paulinus
2683 5536 2733 5588 in
2770 5544 2912 5611 textu
2945 5537 3169 5607 legebat,
3200 5545 3435 5609 utputo,
3471 5542 3744 5611 parvitate,

2149 5620 2245 5676 pro
2273 5621 2378 5677 quo
2416 5605 2737 5673 conjiciebut
2763 5605 3033 5677 pravitate.
3065 5610 3235 5663 Ansv.

2218 5684 2457 5762 459._C_._
2475 5684 2682 5762 Fronto
2694 5687 2880 5741 eodem
2903 5704 3061 5744 sensu
3099 5699 3377 5759 ostentum,
3401 5693 3537 5759 quod
3558 5704 3745 5762 pratter

2150 5754 2572 5812 consuetudinem
2603 5755 2836 5825 offertur,
2867 5771 2915 5813 et
2949 5762 3104 5825 infra,
3137 5764 3189 5816 in
3216 5754 3620 5819 ostento'rart't'as
3642 5766 3743 5817 ad-

2151 5828 2573 5884 ministrationem
2600 5828 2767 5899 (Lego
2791 5832 3204 5905 admirationem)
3237 5835 3381 5907 facit.
