4056 6350
331 337 404 392 57
1558 310 2172 373 DIFFEREN'I'IARUM
2214 312 2341 370 LIB.
2383 315 2422 369 I.
3551 322 3621 378 53

330 449 506 503 Varro
524 441 675 510 dicit,
698 440 753 498 id
775 446 897 498 est:
922 441 1252 510 portentum,
1276 439 1571 503 ostentum,
1592 432 1915 504 prodigium,
1948 434 2001 495 Α
2024 432 2322 502 publicata;
2354 432 2677 502 Pompeiana
2698 472 2717 501 ,
2758 433 2805 489 si
2854 434 2922 489 ad
2951 434 3111 491 aliam
3140 435 3359 493 domum
3405 441 3618 500 transit.

332 539 653 596 miraculum
679 544 735 592 et
763 541 1082 590 monstrum.

403 632 531 689 460.
578 630 722 685 Inter
761 626 1049 682 Pueritiam
1077 634 1132 681 et
1173 624 1509 695 pubertatem.
1563 622 1799 680 Pueritia
1845 630 1931 678 est

330 736 518 784 tenera
558 730 614 778 et
644 735 808 792 parva
833 728 989 784 mtas,
1013 733 1044 774 a
1074 719 1305 788 puritate
1350 716 1423 771 ita
1448 725 1671 783 vocata;
1728 714 1929 771 Puber-

330 825 417 870 tas
441 821 622 868 autem
650 820 783 866 aetas
812 809 994 864 adulta
1024 817 1107 864 est
1135 823 1254 875 quas
1302 807 1413 877 jam
1442 805 1661 877 gignere
1693 813 1871 877 potest
1906 822 1923 872 ;

330 908 472 962 dicta
504 920 535 960 a
581 906 743 974 pube,
777 903 832 958 id
867 912 951 959 est
979 916 1008 955 a
1040 900 1303 972 pudendis
1330 901 1598 969 corporis,
1630 901 1771 970 quod
1813 900 1929 955 haec

332 999 449 1052 loca
478 1006 609 1062 tunc
632 996 863 1066 primum
887 993 1194 1063 lanuginem
1217 990 1481 1047 inducunt
1506 990 1618 1064 [L.,
1651 990 1921 1064 Induunt].

331 1087 568 1144 Pueritia
621 1098 801 1143 autem
838 1099 869 1139 a
907 1083 1136 1154 septimo
1168 1098 1332 1149 anno,
1374 1082 1629 1153 pubertas
1669 1098 1702 1140 a
1734 1093 1927 1155 quarto

329 1179 541 1236 decimo
571 1180 778 1249 incipit.

401 1269 531 1325 461.
583 1272 720 1327 Inter
776 1270 1088 1327 Percussum
1141 1279 1197 1326 et
1248 1272 1556 1342 perculsum.
1605 1271 1923 1328 Percussum

324 1374 559 1431 corpore
580 1361 825 1426 dicimus,
842 1363 1149 1433 perculsum
1165 1363 1365 1416 animo.
1394 1360 1602 1426 Cicero,
1621 1362 1689 1417 de
1708 1362 1885 1432 Signis
1906 1382 1920 1417 :

327 1453 609 1523 Tanquam
632 1456 744 1524 ipsa
786 1456 875 1511 illa
896 1454 1010 1510 face
1040 1455 1315 1523 perculsus
1344 1466 1489 1512 esset
1518 1453 1760 1527 [Agrtet.,
1794 1472 1921 1526 per-

322 1544 506 1601 culsos
532 1544 698 1618 esse].

396 1636 524 1691 462.
583 1638 728 1695 Inter
765 1628 1090 1694 Parricidam
1134 1651 1188 1697 et
1232 1643 1536 1715 parieidam.
1596 1643 1918 1700 Parricidam

324 1729 557 1787 dicimus
579 1733 669 1801 qui
694 1734 884 1789 occidit
909 1743 1211 1805 parentem;
1246 1738 1560 1808 paricidam,
1594 1738 1681 1810 qui
1712 1740 1917 1797 socium

322 1832 487 1893 atque
510 1838 717 1895 parem.
1646 1820 1649 1825 ’

394 1914 522 1972 465.
579 1917 720 1973 Ιηιει·
771 1917 1062 1975 Procellam
1114 1932 1167 1978 et
1225 1932 1588 1995 tempestatem.
1646 1924 1917 1983 Procellas

324 2022 430 2063 non
474 2018 581 2063 tam
614 2019 873 2066 terrarum
913 2013 1022 2084 ϐο
1047 2028 1206 2084 quam
1238 2014 1360 2070 cteli
1388 2030 1529 2084 esse,
1570 2023 1916 2088 tempestates

319 2111 502 2157 autem
545 2100 802 2157 ﬂuctuum
834 2114 981 2162 sunt.

395 2196 525 2251 464.
562 2195 701 2251 Ιηιει·
726 2196 942 2253 Plantas
968 2208 1021 2254 et
1047 2198 1327 2270 plantaria.
1366 2202 1518 2269 Quod
1558 2208 1750 2273 planta!
1791 2216 1916 2261 sunt

320 2300 489 2359 raptae
519 2291 588 2347 de
614 2291 918 2361 arboribus,
953 2294 1212 2363 plantaria
1244 2310 1395 2363 vero,
1447 2312 1567 2367 qua:
1592 2314 1659 2354 ex
1686 2301 1909 2354 semiui-

322 2382 425 2437 bus
457 2393 580 2437 nata
632 2394 777 2453 sunt,
828 2394 884 2441 et
936 2401 1058 2441 cum
1107 2387 1375 2444 radicibus
1413 2398 1467 2444 et
1505 2399 1645 2445 terra
1703 2393 1913 2462 propria

316 2476 733 2533 transferuntur.

392 2588 519 2644 465.
552 2589 699 2646 Inter
738 2591 1041 2648 Pomarinm
1069 2602 1126 2649 et
1160 2603 1436 2664 pometum.
1482 2596 1784 2652 Pomarinm
1832 2605 1917 2653 est

319 2682 409 2737 ubi
439 2699 594 2751 poma
646 2697 917 2754 ponuntur
946 2685 1079 2758 [Αι.,
1132 2690 1589 2763 lransponuntur],
1640 2700 1912 2760 pometum

317 2776 406 2830 ubi
435 2791 589 2844 poma
628 2786 951 2843 nascuntur.
1002 2782 1300 2849 pomerium
1334 2781 1425 2838 ubi
1451 2797 1608 2853 poma
1637 2783 1913 2840 inveniun-

317 2880 403 2925 tur
432 2870 564 2944 [Al.,
598 2869 713 2940 ipse
736 2871 885 2927 locus
913 2872 1207 2946 arborum].

377 2983 506 3040 466.
551 2985 694 3040 Inter
721 2986 915 3056 Pyram
942 2996 996 3041 et
1025 3004 1230 3058 pyrum.
1264 2987 1400 3061 Pyra
1430 2999 1515 3046 est
1558 3004 1720 3062 rogus
1775 2991 1908 3063 [Al.,

315 3076 502 3151 robur]
530 3080 745 3147 ardens,
776 3095 963 3151 pyrum
993 3096 1120 3138 vero
1147 3098 1384 3153 pomum.

2099 524 2224 578 472.
2243 525 2385 580 Inter
2404 525 2728 594 Populumet
2742 527 2953 597 plebem.
2969 527 3123 595 Quod
3146 530 3368 600 populus
3388 540 3475 588 est
3494 534 3616 589 uni-

2028 633 2218 675 versus
2244 634 2362 676 cum
2390 630 2578 677 senatu
2600 629 2655 678 et
2681 621 2892 679 civibus
2914 622 3193 692 Romanis,
3229 626 3380 696 plebs
3408 636 3614 686 tantum

2028 710 2187 766 vilior
2219 727 2490 769 numerus.

2098 802 2224 859 473.
2254 801 2398 860 Inter
2427 804 2637 863 Partem
2665 813 2720 864 et
2744 808 2956 877 partim.
2988 808 3203 865 Partem
3240 826 3463 883 nomen,
3494 826 3619 882 par-

2032 893 2124 947 tim
2147 894 2458 949 adverbium
2477 907 2580 952 est.

2098 986 2227 1043 474.
2257 989 2404 1044 Inter
2434 988 2763 1047 Postremum
2783 1000 2840 1048 et
2884 994 3240 1065 posteriorem.
3299 993 3618 1051 Postremus

2027 1081 2095 1137 de
2126 1082 2330 1148 multis,
2364 1082 2631 1151 posterior
2658 1084 2728 1139 de
2756 1084 2989 1141 duobus.
3504 1158 3507 1163 ι

2096 1171 2223 1227 475.
2244 1173 2383 1229 Inter
2399 1172 2722 1244 Principium
2744 1184 2798 1231 et
2818 1177 3041 1233 initium.
3070 1175 3420 1247 Principium,
3445 1180 3617 1249 prima

2027 1278 2185 1334 pars;
2218 1265 2453 1331 initium,
2485 1266 2907 1337 uniuscujusque
2929 1270 3005 1324 rei
3028 1267 3328 1338 incipientis
3349 1278 3610 1339 emptum.

2097 1358 2224 1415 476.
2255 1359 2400 1416 Inter
2452 1358 2687 1417 Pendent
2715 1363 3036 1433 etpendunt.
3067 1362 3309 1418 Pendent
3333 1364 3613 1434 suspensi,

2026 1450 2265 1518 pendunt
2289 1450 2487 1521 aliquid
2522 1453 2902 1521 ponderantes.

2094 1542 2200 1613 θι
2235 1540 2360 1596 477.
2388 1542 2533 1598 Inter
2572 1545 2715 1599 Pene
2740 1553 2793 1599 et
2816 1560 2961 1615 pene.
2995 1546 3138 1601 Pene
3166 1545 3474 1601 adverbium
3496 1554 3614 1616 est,

2024 1646 2161 1702 pene
2190 1634 2494 1703 turpissima
2523 1634 2657 1707 [Al.,
2689 1634 3002 1709 novissima]
3051 1650 3171 1707 pars
3193 1639 3449 1706 corporis.

2640 1736 2718 1791 De
2747 1738 2915 1792 littera
2947 1738 3011 1803 Q.

1946 1817 1996 1878 Β
2092 1824 2219 1879 478.
2252 1825 2394 1881 Inter
2426 1826 2692 1892 Quatenus
2735 1838 2791 1883 et
2828 1830 3086 1899 quatinus.
3133 1830 3409 1897 Quatenus
3430 1830 3619 1887 adver-

2020 1918 2166 1973 bium
2196 1928 2301 1985 est,
2331 1921 2583 1990 quatinus
2617 1922 2926 2001 coniunctio
2967 1923 3228 1989 causalis,
3262 1932 3321 1978 ut
3348 1924 3395 1979 si
3423 1925 3571 1980 dicas
3599 1942 3615 1981 :

2021 2012 2276 2082 Quatinus
2294 2015 2513 2068 hocsine
2528 2014 2685 2086 plaga
2703 2006 2806 2071 non
2829 2015 2980 2084 facis,
2999 2032 3058 2069 en
3075 2015 3165 2070 tibi
3188 2017 3390 2087 plagas.
3410 2015 3619 2073 Adver-

2016 2105 2163 2160 bium
2187 2118 2268 2161 est
2293 2116 2469 2160 autem
2494 2104 2779 2174 quatenus,
2802 2108 2895 2161 aut
2919 2107 3197 2175 temporis,
3217 2114 3309 2160 aut
3326 2106 3459 2172 loci;
3480 2115 3617 2162 tem-

2016 2198 2161 2268 poris
2186 2212 2306 2253 cum
2329 2198 2559 2275 dicimus
2588 2217 2602 2254 :
2635 2199 2898 2267 Quatenus
2927 2200 3023 2254 hoc
3050 2200 3203 2255 modo
3233 2216 3313 2254 res
3336 2201 3615 2257 exercebis.
3712 2196 3723 2205 ’

2086 2288 2397 2379 479νῦιιειι
2430 2291 2690 2358 Quoniam
2720 2300 2774 2347 et
2802 2294 2945 2379 quia,
2978 2292 3239 2359 Quoniam
3265 2294 3616 2362 praeponitur,

2014 2383 2174 2453 ειβΐε
2213 2392 2524 2452 sequentem
2558 2398 2776 2439 sensum
2822 2383 3025 2453 alligat,
3060 2395 3119 2439 ut
3147 2403 3163 2440 :
3192 2386 3437 2453 quoniam
3484 2385 3619 2439 dicis

2015 2464 2150 2547 [Αι.,
2177 2471 2351 2545 dicit],
2385 2475 2527 2530 dico.
2582 2475 2717 2544 Quia
2773 2475 3130 2547 postponitur,
3177 2484 3233 2529 et
3286 2474 3617 2543 superiorem

2012 2580 2228 2622 sensum
2258 2568 2565 2635 conﬁrmat,
2596 2582 2690 2624 ut:
2724 2569 2874 2624 Scias
2901 2569 3022 2639 quia
3044 2554 3233 2622 didici.

2086 2662 2211 2718 480.
2245 2664 2387 2719 Inter
2411 2666 2779 2732 Quamdudum
2802 2677 2855 2721 et
2872 2667 3208 2737 jamdudum.
3238 2665 3612 2733 Quamdudum

2014 2753 2393 2824 interrogantis
2422 2765 2524 2824 est,
2550 2756 2866 2825 jamdudum
2898 2755 3294 2825 respondentis.

2084 2845 2213 2900 481.
2258 2845 2402 2901 Inter
2447 2846 2710 2913 Quaeritur
2750 2856 2805 2903 et
2845 2850 3087 2915 quiritur.
3138 2847 3381 2915 Quiritur
3406 2846 3475 2902 de
3510 2846 3613 2902 im-

2014 2935 2299 3005 plorando,
2332 2938 2593 3007 quaeritur
2620 2937 2689 2993 de
2720 2938 3064 3009 inquirendo.

2084 3027 2209 3101 482.
2265 3029 2407 3084 Inter
2455 3029 2677 3095 Questus
2724 3039 2781 3086 et
2830 3038 3075 3102 quwstus.
3144 3028 3390 3096 Qutestus
3443 3027 3607 3096 lucri,

2021 3128 2243 3190 questus
2276 3118 2652 3190 lacrymarum.

388 3189 692 3248 467.1nter
736 3192 1056 3247 Piscatorem
1087 3204 1142 3249 et
1178 3195 1477 3267 piscarium.
1537 3195 1782 3253 Piscator
1826 3203 1910 3253 est
1940 3206 1985 3270 ί]
2046 3189 2049 3190 ⁷
2085 3212 2211 3269 485,
2253 3189 2400 3268 Ιῃιειί
2428 3213 2558 3282 Qui:
2587 3223 2643 3271 et
2668 3230 2785 3287 que.
2831 3214 2964 3283 Quae
3014 3228 3310 3285 pronomen
3356 3223 3463 3282 est,
3507 3230 3611 3286 que

312 3282 406 3353 qui
427 3284 587 3351 capit,
639 3285 898 3355 piscarius
920 3294 1004 3341 est
1037 3287 1124 3356 qni
1164 3288 1365 3344 vendit.

386 3376 514 3431 468.
544 3376 684 3432 Inter
710 3376 1015 3432 Pulvereum
1036 3387 1091 3433 et
1108 3379 1534 3450 pulverulentum.
1569 3380 1906 3453 Pnlvereum,

317 3466 546 3533 tactum;
579 3469 1001 3537 pulverulentum
1028 3480 1132 3536 est,
1164 3471 1383 3541 pulvere
1413 3472 1651 3542 plenum.

383 3557 514 3616 469.
552 3558 699 3616 Inter
731 3561 960 3626 Pennas,
989 3572 1042 3617 et
1073 3565 1282 3634 pinnas,
1335 3573 1389 3620 et
1444 3582 1689 3634 pennam.
1723 3565 1907 3623 Pinnae

313 3660 435 3706 sunt
463 3667 761 3721 murorum,
804 3669 994 3724 penum
1023 3656 1222 3721 avium,
1254 3672 1284 3711 a
1317 3656 1635 3728 pendendo;
1667 3672 1904 3728 pennum

313 3747 630 3801 extremitas
660 3746 785 3802 ferri
808 3748 971 3805 acuti.

382 3846 509 3904 470.
569 3848 713 3903 Inter
794 3847 1078 3917 Prtedam,
1128 3852 1330 3905 lucrum
1394 3860 1449 3906 et
1524 3855 1901 3923 compendium.

311 3944 497 4000 Praeda
550 3961 617 4001 ex
669 3945 842 4012 hoste,
870 3946 1075 4002 lucrum
1126 3962 1192 4003 ex
1236 3948 1475 4018 negotio,
1522 3950 1902 4019 compendium

309 4034 530 4105 proprie
558 4050 629 4091 ex
662 4038 918 4107 pondere.

384 4127 507 4185 47I.
556 4129 698 4185 Inter
730 4130 961 4202 Pompeii
988 4133 1255 4201 porticum,
1290 4130 1626 4203 Pompeiam,
1667 4142 1715 4187 et
1745 4133 1905 4189 Pom-

312 4221 572 4291 peianum.
622 4222 894 4294 Pompeii,
938 4232 1021 4280 est
1065 4224 1237 4294 ipsius
1288 4225 1555 4294 Pompeii;
1612 4223 1902 4296 Pompeia,

2017 3320 2145 3361 vero
2166 3306 2474 3375 conjunctio
2499 3314 2603 3363 est.

2090 3400 2215 3456 484.
2245 3402 2389 3458 Inter
2427 3403 2579 3468 Quod
2616 3412 2672 3460 et
2705 3412 2849 3475 quot.
2887 3404 2941 3460 Si
2970 3419 3063 3475 per
3089 3407 3125 3458 ά
3160 3405 3415 3461 scribitur
3444 3407 3609 3478 quod,

2018 3509 2312 3564 pronomen
2344 3497 2622 3566 personale
2649 3506 2765 3563 est;
2793 3497 2838 3551 si
2865 3512 2961 3566 per
2991 3507 3009 3551 t
3040 3508 3191 3568 quot,
3221 3514 3497 3554 numerus.

2626 3596 2704 3651 De
2731 3596 2904 3652 littera
2932 3599 2995 3651 [ἶ.

2085 3685 2211 3741 485.
2244 3686 2387 3743 Inter
2419 3687 2610 3742 Recens
2637 3698 2691 3743 et
2724 3704 2934 3743 novum.
2960 3687 3168 3743 Recens
3200 3689 3434 3744 nascitur
3454 3690 3603 3756 ;'no-

2013 3794 2134 3834 vum
2160 3781 2236 3835 Iit.
2277 3781 2427 3836 Unde
2459 3789 2515 3835 et
2544 3781 2792 3850 Virgilius
2817 3798 2830 3833 :

2165 3870 2263 3921 Lac
2285 3870 2404 3920 mihi
2429 3883 2525 3920 non
2548 3876 2721 3921 testate
2743 3883 2921 3920 novum
2940 3910 2952 3931 ,
2978 3883 3074 3919 non
3097 3870 3279 3933 frigore
3300 3871 3435 3922 deﬁt.

2078 3954 2187 4024 62
2216 3953 2348 4009 486.
2382 3954 2527 4008 Inter
2556 3951 2881 4025 Religionem
2907 3962 2961 4008 et
2988 3954 3163 4023 ﬁdem.
3200 3954 3357 4010 Fides
3378 3963 3462 4012 est
3491 3971 3609 4013 cre-

2009 4044 2206 4100 dulitas
2236 4060 2337 4115 qua
2361 4045 2531 4101 Deum
2559 4046 2901 4115 confitemur,
2922 4046 3111 4116 religio
3136 4055 3220 4102 est
3247 4046 3421 4102 cultus
3448 4064 3609 4119 quem

2006 4137 2084 4193 illi
2114 4140 2402 4195 credentes
2440 4140 2777 4197 exhibemus.
2823 4140 2971 4195 Dicta
3015 4150 3197 4197 autem
3238 4142 3371 4199 Ildes
3422 4144 3489 4198 ab
3543 4158 3611 4199 eo

2007 4232 2147 4300 quod
2178 4230 2237 4288 Iit
2275 4234 2327 4289 id
2376 4234 2517 4303 quod
2549 4235 2689 4289 inter
2726 4242 2983 4303 utrosque
3022 4235 3275 4304 placitum
3306 4245 3408 4291 est.
3441 4236 3607 4304 Quasi

370 4378 509 4437 460.
536 4381 875 4467 Haec-cadent
906 4385 1015 4440 fere
1044 4384 1343 4456 Etymolog.
1378 4386 1471 4439 IiI).
1502 4401 1569 4452 II,
1605 4399 1724 4455 cap.
1752 4385 1787 4439 2
1806 4428 1819 4453 ,
1850 4394 1905 4443 ει
1930 4390 1984 4450 D
2081 4358 2525 4467 —_Pompeiana.
2557 4397 2594 4450 2
2622 4396 2721 4451 Με.
2752 4394 3119 4467 Pompeigena.

309 4453 451 4509 libro
480 4456 719 4509 secundo
767 4456 1046 4511 Ditl‘erent.

382 4553 453 4565 —
482 4525 729 4580 Pubertas
758 4537 947 4581 autem.
982 4527 1146 4591 Fest.,
1171 4526 1304 4580 dict.
1341 4525 1527 4581 Pubes.

380 4624 453 4637 —
483 4594 719 4652 Pueritia
741 4607 931 4652 autem.
956 4597 1077 4654 Lib.
1109 4614 1168 4665 ll,
1200 4597 1474 4654 DiIIerent.

380 4665 477 4721 46I
493 4708 505 4719 .
535 4668 615 4721 Ex
648 4668 902 4737 Agrattio.

380 4738 559 4811 1-109
584 4739 832 4811 signia}
865 4740 990 4803 Ms.,
1023 4740 1278 4811 designat.

380 4807 505 4863 462.
538 4808 655 4864 Lib.
688 4826 743 4877 v,
765 4810 1091 4881 Etymolog.,
1123 4807 1242 4879 cap.
1274 4809 1368 4866 25.

382 4888 524 4962 Ibid.
552 4890 793 4947 Paricida
818 4901 871 4946 et
898 4891 1153 4962 patricida
1182 4905 1277 4961 pro
1300 4889 1487 4945 eodem
1515 4891 1681 4959 accipi
1705 4894 1897 4949 solent.

309 4958 445 5015 Vide
474 4961 713 5017 Festum.
745 4958 917 5019 Attva

382 5032 509 5105 463.
552 5032 625 5087 Ex
648 5033 820 5105 ,Serv.
868 5033 933 5086 ad
965 5032 1043 5087 ill.
1076 5047 1125 5105 ι.
1157 5031 1307 5105 Em,
1349 5031 1629 5101 Creberque
1666 5035 1902 5105 procellis

309 5100 538 5174 Africus,
568 5115 621 5157 et
644 5104 759 5171 ipse
787 5105 1086 5174 Etymolog.
1116 5104 1208 5174 lib.
1245 5117 1508 5174 suntcap.
1544 5100 1631 5158 II.

383 5172 509 5227 464.
542 5174 617 5229 Ex
639 5176 795 5230 Serv.
827 5172 893 5228 ad
920 5174 993 5228 ill.
1021 5190 1085 5242 II,
1111 5172 1331 5245 Georg.,
1358 5172 1463 5227 Hic
1488 5174 1692 5245 plantas
1729 5186 1901 5232 tenero

310 5245 612 5316 abscindens
642 5246 707 5299 de
736 5261 970 5316 corpore.

389 5313 513 5386 466.
543 5316 619 5370 Ex
651 5313 927 5386 Sosipatro
956 5315 1185 5372 Carisio.

383 5384 789 5460 -Ροηωνίςιηιζ
817 5399 921 5454 etc,
953 5388 1089 5443 Puto
1116 5390 1381 5459 glossema
1424 5386 1666 5457 proxime
1698 5404 1900 5460 praece-

312 5456 551 5512 dentium
582 5458 889 5513 verborum.

384 5529 512 5600 468.
542 5528 686 5596 Lego
708 5544 770 5582 ea:
797 5532 1003 5599 pulvere
1017 5531 1225 5600 factum.

382 5598 512 5673 470.
541 5600 601 5653 C.
640 5598 883 5673 Fronto,
908 5598 1110 5673 gprteda
1140 5603 1293 5655 rictos
1319 5601 1526 5673 spoliat.

384 5696 453 5747 —‘
471 5668 865 5747 Compendium.
895 5668 957 5727 C.
981 5673 1223 5738 Fronto.,
1249 5668 1617 5745 Compendittm
1640 5676 1811 5747 utique
1832 5676 1902 5729 ad

315 5741 513 5810 pondus
543 5743 782 5810 pertinet.

382 5809 506 5867 471.
537 5809 612 5868 Ex
630 5812 689 5870 C.
717 5812 1007 5873 Frontone.

2078 4465 2396 4520 —Domum.
2414 4467 2823 4521 Dominationem
2838 4465 3058 4532 transiit,
3075 4467 3216 4537 Lego
3228 4482 3291 4523 ex
3308 4467 3600 4527 Frontone.

2050 4546 2203 4617 ⁴477.
2246 4548 2416 4613 Fest.,
2446 4549 2571 4603 dict.
2608 4547 2813 4601 Penem.

2077 4625 2297 4702 478._C.
2326 4628 2524 4702 Fronto
2554 4645 2568 4702 ς
2595 4627 2876 4694 Quatenus,
2905 4627 3133 4697 quatine,
3168 4629 3442 4699 quatinus,
3469 4646 3598 4702 quo-

2007 4698 2167 4750 niam.
2201 4698 2364 4760 Fest..
2386 4700 2511 4753 dict.
2535 4701 2817 4766 Quatenus.

2077 4776 2215 4851 ibid.
2252 4779 2596 4851 Quatenuset
2637 4780 2878 4848 quatinus
2918 4781 3129 4851 proprie
3172 4795 3277 4835 non
3318 4779 3597 4851 diII'ernnt,

2004 4848 2261 4922 quidquid
2285 4848 2477 4922 Festus
2499 4849 2694 4922 aliique
2716 4852 2895 4907 dicant
2914 4848 2933 4918 ξ
2954 4848 3046 4908 δεῖ]
3072 4852 3193 4922 quia
3223 4851 3362 4920 apud
3386 4850 3599 4908 'vetercs

2006 4935 2031 4971 e
2059 4930 2112 4973 et
2138 4920 2156 4972 i
2185 4922 2321 4974 inter
2342 4936 2400 4975 se
2428 4920 2582 4975 facile
2607 4920 3102 4988 commutabantur,
3126 4922 3325 4976 idcirco
3349 4934 3598 4992 quatenus

2006 4998 2060 5041 et
2098 4992 2357 5064 quatinus,
2388 5002 2629 5062 protenus
2684 5002 2737 5046 et
2782 4994 3036 5064 protinus,
3076 5003 3131 5048 et
3172 4992 3364 5047 similia
3408 5008 3597 5049 occur-

2008 5073 2149 5115 runL
2190 5063 2357 5117 Anev.

2078 5141 2203 5217 48L
2240 5144 2314 5197 Ex
2357 5142 2584 5217 Agraet.,
2638 5145 2778 5200 unde
2828 5145 3109 5217 legendum
3158 5152 3413 5213 constat:
3451 5142 3595 5200 Inter

2004 5216 2252 5287 quieritur
2299 5224 2344 5269 et
2392 5216 2662 5284 queritur:
2693 5218 2925 5286 queritur
2965 5217 3300 5287 deplorando,
3344 5218 3596 5283 quaeritur

2005 5286 2069 5339 de
2096 5286 2427 5358 inquirendo,
2469 5290 2570 5340 nisi
2612 5290 2768 5343 malis
2798 5286 3037 5358 quiritur’
3066 5289 3117 5340 in
3161 5288 3437 5356 quiritatur
3478 5304 3595 5343 tnu-

2008 5357 2249 5413 landum.

2078 5436 2214 5490 Ibid.
2248 5435 2619 5505 Coujecturam
2672 5438 2904 5507 Paulini,
2956 5437 3239 5506 legendum
3290 5440 3585 5508 quiritatur,

2004 5512 2285 5563 conlirmat
2317 5510 2461 5562 locus
2494 5509 2767 5573 Varronis,
2801 5511 2836 5564 Ι.
2870 5526 2901 5561 v
2934 5509 3001 5563 de
3032 5510 3182 5579 Ling.
3219 5514 3334 5576 Iat.,
3361 5525 3479 5579 cap.
3514 5512 3583 5567 7:

2008 5580 2265 5645 Quiritare
2302 5581 2486 5632 dicitur
2525 5582 2566 5635 is
2590 5582 2678 5650 qui
2719 5580 2997 5645 Quiritium
3026 5580 3180 5651 ﬁdem
3210 5582 3437 5636 clamans
3483 5582 3587 5635 im-

2004 5653 2191 5722 plorat.
2227 5651 2395 5705 Ansv.

2076 5731 2203 5787 482.
2236 5732 2312 5785 Ex
2340 5731 2601 5799 Agraetio,
2630 5733 2679 5785 in
2705 5746 2810 5801 quo
2834 5733 2972 5789 male
3000 5742 3085 5790 est
3107 5735 3271 5789 lucro.

2086 5811 2211 5867 486.
2240 5810 2438 5877 Cicer.,
2460 5809 2577 5866 ΟΠ..
