4056 6350
446 297 517 357 ω
1487 291 1546 348 8.
1587 290 1836 349 ιεωοει
1876 288 2323 355 ηιεΡΔιιΕΝειε
2357 289 2666 357 EPISCOPI
3666 302 3732 367 ει)

448 416 585 473 inter
606 411 774 468 Deum
798 417 853 467 et
880 410 1155 467 hominem
1176 408 1316 465 dicta
1341 422 1553 479 quoque
1579 408 1788 479 religio,
1807 422 1872 463 eo
1893 406 2038 476 quod
2066 410 2115 477 Α
2145 415 2252 476 tur,
2282 421 2495 476 quoque
2518 407 2742 477 yioiam'
2765 422 2924 479 ρωιη
2952 408 3328 489 “nmmum
3357 410 3581 491 δίψη]
3612 432 3735 485 γεω

446 522 511 563 ea
542 506 787 561 homines
837 503 1126 574 religantur
1156 501 1369 557 vinculo
1410 500 1679 557 serviendi
1721 498 1789 555 ad
1835 498 2039 555 cultum

447 599 764 659 divinitatis.
812 598 1023 668 Religio
1072 607 1252 657 autem
1300 603 1385 651 est
1424 593 1478 657 in
1518 595 1749 659 virtute,
1780 591 2041 661 supersu-

449 690 522 745 tio
545 705 671 745 vero
702 691 752 743 in
785 688 932 744 cultu
962 688 1171 743 illicito.
1450 730 1457 737 .

501 780 626 841 487.
648 780 790 838 Inter
812 780 1087 837 Rationale
1112 789 1164 841 et
1187 777 1509 841 rationabile.
1526 775 1808 837 Rationale
1833 785 1887 839 et
1904 773 2037 846 |'AI.,

450 869 527 943 ut]
559 872 783 942 angelus
822 880 878 927 et
922 871 1107 935 homo,
1160 870 1479 925 rationabile
1520 868 1669 939 quod
1701 870 1909 927 ratione
1953 868 2040 927 vel

448 965 623 1035 agitur
649 964 735 1021 vel
762 964 980 1023 dicitur.

517 1056 641 1111 488.
675 1058 817 1114 Inter
845 1059 1111 1117 Rusticum
1136 1064 1193 1113 et
1215 1057 1554 1115 rusticanum.
1580 1057 1830 1117 Rusticus
1851 1070 2043 1127 opera-

445 1149 557 1205 rius
583 1148 688 1203 dici
721 1156 917 1218 potest,
951 1146 1254 1205 rusticanus
1286 1155 1440 1217 pater
1472 1148 1724 1205 familias.

516 1240 640 1297 489.
670 1242 813 1297 Inter
839 1240 1201 1297 Rusticitatem
1230 1248 1284 1295 et
1311 1240 1716 1311 rusticationem.
1751 1237 2041 1299 Rusticitas

447 1348 658 1393 morum
690 1341 791 1397 est,
817 1331 1096 1392 rusticatio
1123 1330 1324 1400 operis.

513 1424 639 1478 490.
670 1424 811 1477 Inter
855 1423 1129 1476 Rationem
1154 1430 1209 1483 ει
1237 1422 1702 1479 ratiocinationem.
1748 1421 1904 1477 Ratio
1956 1428 2045 1479 est

444 1516 637 1577 mentis
669 1526 848 1571 motus
876 1515 1011 1588 {At.,
1037 1513 1266 1589 molitm]
1295 1515 1348 1571 in
1378 1514 1461 1575 bis
1486 1530 1606 1584 quae
1634 1514 1882 1573 dicuntur
1901 1512 2039 1591 [A_L,

443 1608 760 1679 discunlur],
779 1608 1091 1677 discernere
1119 1609 1201 1663 vel
1224 1617 1548 1667 connectere
1579 1609 1806 1674 valens;
1835 1610 2042 1665 ratioci-

443 1702 586 1755 natio
609 1710 785 1755 autem
819 1703 1146 1758 rationabilis
1167 1714 1251 1758 est
1273 1702 1592 1773 subtilisque
1613 1703 1931 1771 disputatio,
1956 1710 2039 1755 at-

2144 509 2197 555 et
2226 509 2467 555 sanctum
2498 512 2602 566 est,
2634 510 2877 557 sanctum
2912 518 3045 563 vero
3076 518 3182 565 non
3210 503 3471 571 continuo
3495 523 3733 577 sacrum.

2146 591 2274 657 Item
2324 602 2566 663 sanctum
2613 592 2667 661 in
2721 593 2915 667 bonam
2962 605 3166 665 partem
3219 598 3480 671 ponitur;
3524 612 3733 677 sacrum

2144 700 2272 742 vero
2298 686 2404 755 duo
2429 688 2718 758 signiticet,
2752 698 2807 745 et
2837 690 3054 759 bonum,
3088 700 3141 755 et
3162 692 3360 759 malum
3386 714 3401 753 :
3432 693 3654 763 bonum,
3681 706 3738 755 ut

2145 779 2271 847 iilud
2298 778 2503 851 (Virg.,
2536 779 2719 854 Eclog.
2751 782 2807 853 ᾖ)
2834 800 2849 837 :
2880 780 3027 845 Inter
3052 784 3271 854 ﬂumina
3297 794 3447 853 nota,
3498 796 3544 851 et
3574 790 3735 859 fontes

2142 888 2312 939 sacros
2332 889 2350 939 ;
2373 873 2595 943 malum,
2622 882 2683 933 ut
2708 890 2721 929 :
2748 874 2879 929 Auri
2904 891 3051 939 sacra
3070 880 3231 945 fames
3248 874 3490 945 (.Eneid.
3517 879 3605 933 tib.
3630 882 3733 949 ut).

2147 966 2211 1021 Et
2246 984 2258 1020 :
2292 966 2469 1030 Same
2518 967 2819 1035 panduntur
2856 978 3019 1038 potu;
3064 967 3317 1038 (43mm.
3366 970 3456 1027 lib.
3500 976 3596 1041 it).
3630 972 3730 1035 Et:

2142 1055 2285 1111 Leno
2306 1072 2449 1121 sacer
2470 1055 2725 1129 (Plaut).
2756 1058 2821 1123 Et
2845 1074 2859 1113 :
2883 1072 3026 1123 sacer
3052 1059 3225 1125 hircus
3252 1058 3481 1131 (0vid.).
3508 1059 3660 1129 Unde
3682 1072 3736 1137 et

2140 1148 2277 1220 ignis
2304 1165 2455 1205 sacer
2497 1152 2689 1205 dicitur
2721 1151 2908 1205 hulcus
2956 1151 3235 1207 horribile.
3268 1152 3421 1223 Alma
3452 1164 3628 1209 autem
3665 1154 3732 1221 ab

2140 1244 2332 1309 alendo
2354 1244 2514 1313 dicta.
2545 1244 2696 1311 Unde
2718 1253 2773 1309 et
2798 1245 2937 1313 apud
2975 1259 3207 1315 paganos
3236 1246 3379 1309 alma
3399 1246 3564 1301 Ceres
3588 1246 3731 1316 dicta

2142 1346 2243 1402 est,
2273 1334 2653 1403 alimentorum
2685 1338 2976 1399 inventrix.

2212 1430 2336 1485 499.
2373 1431 2513 1493 Inter
2545 1430 2841 1501 Sapientem
2868 1440 2924 1489 et
2952 1432 3257 1498 prudentem
3283 1432 3356 1495 ita
3386 1431 3617 1497 discerni
3648 1448 3737 1493 50¢

2142 1521 2244 1587 let,
2272 1530 2329 1575 ut
2351 1523 2562 1591 sapiens
2589 1531 2812 1576 vocetur
2852 1522 2895 1575 is
2923 1523 3014 1591 qui
3052 1525 3375 1581 intellectum
3407 1535 3734 1591 internarum

2142 1613 2386 1681 rimatur,
2422 1614 2654 1683 prudens
2687 1628 2817 1681 vero
2842 1614 2929 1682 qui
2960 1628 3020 1671 ea
3059 1630 3179 1684 quae
3206 1616 3449 1681 sensibus
3494 1618 3735 1685 corporis

2143 1708 2511 1774 experiuntur.

441 1805 548 1859 que
575 1804 604 1855 φ
633 1790 796 1846 certis
834 1790 898 1849 ad
923 1791 1244 1865 incertorum
1272 1793 1405 1864 [Al.,
1431 1794 1553 1849 add.
1601 1805 1691 1847 aut
1722 1794 1941 1861 incertis
1970 1794 2035 1848 ad
2068 1800 2117 1859 Β
2214 1796 2338 1851 500.
2370 1798 2511 1852 Ιηιει·
2539 1796 2798 1860 Stultum,
2832 1796 3053 1864 fatuum,
3096 1804 3150 1851 et
3196 1798 3478 1868 stupidum.
3509 1799 3734 1873 Quidam

444 1881 741 1954 certorum]
774 1882 1165 1952 indagationem
1197 1887 1374 1949 nitens
1404 1887 1679 1957 cogitatio.

514 1974 637 2030 49L
685 1976 825 2041 Inter
877 1976 1091 2047 Regium
1134 1986 1189 2045 et
1232 1980 1421 2047 regale.
1481 1977 1704 2047 Regium
1753 1988 1832 2043 est
1873 1979 2041 2048 ipsius

442 2067 604 2137 regis,
639 2068 821 2136 regale
852 2068 1071 2137 dignum
1114 2084 1259 2138 rege.
1301 2069 1389 2125 Sic
1434 2080 1489 2124 et
1535 2069 1676 2138 regia
1725 2081 1777 2125 et
1823 2052 2039 2139 regalis.

444 2157 610 2227 Begia
636 2157 911 2225 domusin
946 2174 1048 2227 qua
1079 2168 1181 2224 est,
1215 2158 1407 2229 regalis
1436 2174 1564 2229 rege
1594 2160 1776 2230 digna.

517 2248 642 2305 49⁸2.
666 2251 809 2305 Inter
839 2250 1038 2318 Rubor,
1065 2250 1243 2327 robur,
1277 2250 1447 2305 robor.
1495 2250 1680 2321 Rubor
1714 2252 1911 2321 coloris
1937 2263 2037 2321 est,

444 2342 609 2403 robur
641 2342 871 2404 virtutis,
900 2344 1060 2396 robor
1087 2342 1317 2413 arboris.

515 2434 639 2489 495.
674 2435 817 2491 Inter
854 2435 1080 2506 Reptitia
1108 2446 1165 2491 et
1202 2438 1465 2507 tepentia,
1502 2436 1731 2509 Reptilia
1772 2454 2035 2511 aquarum

440 2539 584 2597 sunt,
610 2532 850 2599 repentia
877 2539 1053 2595 terrae.

513 2622 637 2678 494.
672 2624 816 2679 Inter
841 2624 1047 2693 Rivitnt,
1080 2628 1291 2696 fonteut,
1323 2633 1614 2695 torreniem,
1640 2636 1691 2680 et
1712 2629 1927 2697 ﬂumen.
1948 2628 2039 2682 Ri-

441 2731 540 2771 vus
564 2716 739 2771 subito
766 2716 824 2771 fit
851 2734 862 2770 :
890 2717 1009 2772 fons
1027 2725 1109 2773 est
1140 2725 1478 2786 caputatque
1510 2716 1765 2781 decursus
1796 2719 1851 2779 in
1880 2735 2036 2790 quem

442 2807 701 2862 naturalis
729 2816 909 2887 manat
935 2822 1093 2877 aqua,
1125 2816 1336 2879 torrens
1360 2810 1551 2879 pluviae
1583 2811 1775 2875 tlucuts
1800 2827 2039 2879 praeceps

442 2903 571 2975 [At.,
607 2903 781 2971 pluvia
806 2903 997 2959 fluctus
1029 2911 1083 2961 et
1108 2900 1403 2975 prteceps],
1434 2904 1627 2965 ﬂuvius
1658 2920 1809 2981 aqua:
1849 2905 2033 2965 decur-

439 3007 532 3063 sus
556 2994 901 3064 generaliter.

1058 3104 1135 3158 De
1163 3104 1333 3159 littera
1358 3104 1415 3159 S.

2146 1898 2385 1957 veterum
2417 1891 2619 1957 iatuum
2649 1887 2957 1957 existimant
2988 1889 3078 1957 qui
3110 1904 3210 1957 nec
3236 1892 3379 1959 quod
3411 1891 3552 1955 fatur
3597 1894 3731 1963 ipse,

2144 2000 2245 2045 nec
2280 1984 2423 2054 quod
2453 1984 2541 2049 alii
2572 1983 2785 2049 dicunt,
2821 1982 3110 2065 intelligat;
3145 1984 3365 2038 stultum
3410 2001 3538 2041 vero
3569 1986 3735 2043 hebe-

2144 2078 2332 2131 liorem
2366 2080 2551 2131 corde.
2582 2075 2735 2131 Unde
2764 2076 3015 2130 Afranius
3052 2094 3063 2125 :
3096 2075 3232 2149 Ego,
3266 2078 3471 2145 inquit,
3499 2096 3579 2141 me
3607 2081 3735 2135 stul-

2143 2178 2251 2231 tum
2274 2168 2531 2232 existimo,
2577 2167 2777 2236 fatuum
2808 2182 2918 2237 esse
2945 2184 3047 2225 non
3078 2168 3279 2239 Opinor.
3316 2169 3367 2225 Id
3397 2179 3498 2236 est,
3531 2170 3735 2233 obtusis

2142 2262 2355 2326 quidem
2388 2261 2669 2325 sensibus,
2704 2276 2807 2325 non
2850 2269 3029 2327 tamen
3075 2262 3256 2317 nullis.
3305 2262 3561 2333 Stupidus
3610 2279 3736 2320 vero

2141 2352 2315 2407 dictus
2340 2360 2420 2407 est
2448 2352 2596 2422 quasi
2628 2351 2891 2419 lapideus,
2926 2352 3076 2421 quasi
3106 2353 3355 2413 stolidus.

2212 2442 2339 2499 50L
2373 2444 2513 2497 Inter
2548 2443 2752 2498 Stevum
2777 2452 2829 2497 et
2873 2444 3149 2497 crudelem.
3180 2447 3365 2500 Saevus
3389 2442 3444 2507 in
3470 2446 3546 2515 ira
3570 2487 3585 2515 ,
3613 2460 3735 2508 cru-

2141 2534 2278 2611 delis
2301 2535 2351 2588 in
2381 2535 2659 2605 sanguine.

2215 2626 2337 2682 502.
2383 2629 2524 2683 Inter
2568 2628 2842 2697 Stuprum,
2877 2628 3146 2691 incestum,
3177 2636 3230 2681 et
3250 2626 3577 2681 adulterium.
3613 2627 3736 2684 Stu-

2145 2736 2295 2787 prum
2354 2720 2406 2772 in
2479 2720 2719 2789 virgine,
2774 2704 2883 2788 6a
2938 2718 3199 2771 incestum
3260 2719 3313 2772 in
3377 2728 3595 2787 parente
3646 2719 3731 2775 vel

2142 2812 2335 2877 vidua,
2388 2794 2708 2863 adulterium
2764 2796 2815 2863 in
2868 2817 3049 2877 nupta.
3107 2810 3311 2864 Dictum
3362 2820 3540 2865 autem
3593 2794 3735 2866 ince¥

2140 2910 2281 2956 stum
2311 2903 2463 2971 quasi
2498 2903 2785 2954 incaslum.
3304 2886 3309 2891 “
3440 2884 3445 2889 ’

2212 3008 2337 3066 503.
2372 3013 2511 3065 Inter
2543 3009 2848 3065 Satietatem
2878 3019 2929 3064 et
2960 3012 3301 3065 saturitatem.
3328 3011 3553 3067 Satielas
3584 3015 3735 3069 vario

2141 3120 2337 3175 genere
2367 3102 2795 3173 spectaculorum
2829 3102 3117 3171 contingit,
3159 3104 3411 3159 saturitas
3438 3120 3564 3159 vero
3592 3106 3737 3160 cibo-

511 3219 635 3276 495.
678 3220 816 3275 Inter
848 3217 1035 3275 Sidera
1056 3258 1069 3282 ,
1104 3226 1273 3283 astra,
1306 3217 1481 3271 stellas
1502 3259 1515 3281 ,
1549 3227 1600 3271 et
1642 3217 1811 3286 signa.
1846 3217 2033 3273 Sidera
2062 3177 2111 3242 ϐ
2144 3196 2257 3251 rum
2291 3207 2391 3251 es"

441 3314 530 3369 illa
572 3314 818 3368 dicuntur
844 3312 1037 3382 quibus
1072 3311 1379 3379 navigantes
1409 3309 1755 3365 considerant
1798 3311 1939 3381 quod
1968 3313 2033 3365 ad

441 3388 654 3462 cursum
668 3407 897 3477 dirigant
918 3390 1221 3467 consilium;
1237 3404 1342 3473 63
1357 3413 1496 3457 astra
1520 3412 1697 3459 autem
1721 3416 1843 3457 sunt
1867 3405 2035 3459 stella?

439 3500 690 3572 grandes,
718 3509 773 3554 ut
801 3500 997 3562 Orion;
1026 3496 1197 3550 stella.-
1220 3504 1421 3561 autem,
1448 3495 1773 3565 ntultijuges,
1808 3504 1866 3548 ut
1898 3495 2038 3566 Hya-

441 3594 557 3664 des,
592 3592 868 3658 Pleiades;
893 3592 1104 3661 signum
1133 3603 1261 3643 vero
1284 3603 1391 3659 quo
1414 3588 1701 3643 animantis
1730 3590 1906 3659 imago
1928 3589 2036 3643 for-

364 3688 369 3693 ”
444 3692 581 3738 mata
613 3693 715 3748 est,
750 3692 808 3737 ut
825 3681 1056 3745 Taurus,
1084 3678 1307 3747 Scorpio
1336 3687 1389 3733 et
1421 3677 1749 3748 huiusmodi.

514 3776 640 3831 496.
687 3776 827 3831 Inter
870 3775 1248 3845 Sempiternum
1286 3784 1341 3827 et
1379 3782 1683 3844 perpetuum
1724 3773 1826 3827 hoc
1876 3771 2041 3826 distat

444 3872 578 3945 [Αι.,
606 3869 922 3940 discrepat],
955 3870 1094 3937 quod
1123 3869 1524 3936 senipiternitas
1554 3867 1619 3920 ad
1666 3866 1831 3921 Deum
1865 3866 2039 3935 perti-

444 3972 553 4025 net,
587 3962 911 4029 perpetuitas
938 3958 1004 4011 ad
1034 3960 1272 4025 angelos,
1304 3957 1387 4011 vel
1419 3957 1484 4010 ad
1514 3958 1719 4009 animas
1749 3957 1879 4027 [Al.,
1924 3955 2041 4008 ani-

447 4048 608 4123 mam]
639 4052 935 4105 hominum.
978 4050 1215 4104 Primum
1247 4048 1387 4103 enim
1422 4063 1633 4116 semper
1658 4046 1776 4112 fuit,
1811 4062 1908 4102 nec
1932 4062 2038 4101 un-

445 4160 603 4215 quam
628 4158 745 4199 esse
770 4128 998 4207 desinit;
1033 4142 1258 4195 alterum
1281 4155 1403 4195 esse
1430 4130 1617 4209 coepit,
1654 4139 1745 4194 sed
1780 4154 1898 4194 esse
1922 4154 2042 4208 per-

447 4245 662 4306 petuum
697 4248 800 4289 non
830 4231 1049 4288 desinit.

519 4324 644 4380 497.
673 4326 817 4381 Ιηιει·
840 4324 1059 4378 Sensum
1084 4332 1138 4378 et
1168 4322 1500 4393 intellectum.
1538 4320 1739 4376 Sensus
1782 4320 1847 4397 ad
1887 4328 2040 4373 natu-

446 4432 559 4473 ram
594 4417 844 4489 refertur,
880 4400 1184 4487 intellectus
1216 4412 1281 4479 ad
1313 4419 1502 4483 artem.

516 4507 639 4563 498.
666 4508 809 4562 Inter
828 4507 1071 4571 Sacrum,
1105 4488 1501 4575 religiosum,et
1529 4512 1780 4556 sanctum.
1815 4502 2037 4557 Sacrum

450 4616 704 4656 vocamus
731 4600 872 4669 quod
914 4597 980 4653 ad
1020 4598 1185 4651 Deum
1220 4596 1486 4664 pertinet;
1536 4594 1842 4662 religiosum
1893 4592 2038 4662 quod

447 4694 511 4748 ad
544 4692 788 4747 homines
814 4691 1021 4761 justos;
1054 4698 1299 4743 sanctum
1330 4702 1459 4742 vero
1484 4698 1590 4755 quo
1616 4684 1816 4753 aliquid
1859 4686 2040 4738 sanci~

519 4881 589 4893 —-—
616 4851 925 4922 Superstitio
946 4866 1084 4905 vero.
1118 4848 1291 4922 Nom,
1311 4848 1440 4922 dict.
1476 4846 1887 4915 Superstitionis.

517 4922 641 4979 491.
674 4918 747 4977 Plx
772 4924 834 4977 C.
863 4921 1071 4985 Front.,
1103 4921 1233 4975 dict.
1268 4918 1499 4990 Regium.
1810 4924 1813 4929 '

517 4993 646 5050 492.
682 4995 841 5047 Vetus
865 4994 1131 5057 Glossar.,
1156 4988 1490 5066 τοὺαγίεῖᾷος
1515 4991 1664 5055 ξύλου
1696 4988 1994 5066 μελάνδρυς.

516 5067 641 5122 495.
682 5066 1111 5136 Etymologalib.
1138 5078 1232 5129 xu,
1261 5076 1381 5136 cap.
1411 5061 1464 5115 6.

518 5138 645 5193 494.
682 5131 882 5194 ῡείιεο
912 5131 1235 5203 differentia,
1261 5134 1381 5186 vide
1408 5148 1462 5189 n.
1504 5131 1632 5185 ⁸244.
1670 5134 1835 5187 Ansv.

520 5210 645 5281 495.
682 5210 980 5281 Etymolog.
1012 5206 1104 5261 lib.
1141 5218 1221 5271 tu,
1245 5219 1363 5281 cap.
1398 5204 1463 5257 5‘)
1491 5215 1545 5257 et
1569 5204 1655 5281 79.

523 5279 658 5333 Ibid.
684 5274 878 5334 ln'aliis
895 5274 1019 5333 Mss.
1041 5290 1155 5348 qua:
1176 5278 1466 5346 navigantes
1482 5276 1825 5330 considerant.
1859 5274 2029 5333 ARBV.

522 5350 646 5405 496.
677 5351 792 5404 Lib.
821 5353 1219 5406 Sententiarum
1248 5348 1312 5401 Ι).
1339 5348 1527 5401 Isidor.

523 5420 647 5475 498.
677 5422 851 5484 Serv.,
885 5423 948 5475 ad
979 5422 1061 5476 ill.
1085 5435 1101 5475 t
1126 5418 1254 5475 IEn.
1279 5436 1291 5472 :
1320 5418 1542 5483 Templis
1564 5417 1743 5471 indicit
1765 5417 2025 5470 honorem.

454 5493 521 5548 Ει
554 5493 678 5544 illud
708 5507 765 5544 tu
790 5491 916 5547 Eu.
944 5514 958 5548 :
986 5494 1111 5546 Auri
1140 5507 1288 5546 sacra
1318 5495 1498 5555 fames.

524 5566 647 5618 500.
682 5559 985 5632 Etymolog.
1040 5564 1134 5619 lib.
1176 5580 1239 5627 ι,
1277 5564 1448 5617 littera
1478 5562 1550 5626 S,
1577 5562 1893 5627 interpretes
1923 5558 2027 5625 Ter

456 5638 611 5691 rettlii
637 5644 741 5688 act.
767 5649 817 5697 v,
850 5648 997 5688 scen.
1032 5636 1084 5697 9,
1118 5634 1357 5689 Eunuch.

524 5735 596 5746 —
626 5706 901 5774 Stupidus.
942 5705 1103 5770 Νοη..
1136 5708 1263 5761 dict.
1295 5704 1563 5772 Stupidus.

528 5777 657 5833 50‘2-
686 5773 815 5834 Cum
841 5777 1026 5840 viduis,
1054 5776 1217 5841 Nom,
1271 5776 1399 5829 dict.
1433 5773 1703 5842 Stuptttm.
1732 5790 1735 5791 ν

2215 3308 2339 3361 304.
2400 3307 2540 3361 Inter
2594 3305 2905 3377 Superbiam
2944 3313 2999 3359 et
3037 3309 3412 3377 arrogantiam.
3463 3310 3737 3379 Arrogan-

2149 3400 2220 3454 tia
2250 3409 2331 3455 est
2363 3402 2536 3453 inanis
2568 3400 2734 3469 gloria
2763 3399 2830 3453 de
2861 3414 2927 3453 eo
2960 3401 3099 3467 quod
3132 3402 3357 3471 quisque
3386 3413 3487 3457 est.
3539 3403 3738 3473 Super-

2151 3493 2231 3545 bia
2281 3506 2430 3556 vero,
2486 3488 2902 3559 supergrediens
2953 3489 3115 3543 elatio
3163 3493 3356 3544 mentis
3405 3493 3469 3547 de
3498 3509 3562 3567 eo
3594 3493 3734 3563 quod

2150 3600 2253 3639 non
2298 3597 2396 3639 (νει.
2451 3583 2725 3652 Superbim
2768 3592 2946 3638 autem
2997 3584 3206 3653 gemina
3254 3593 3334 3639 est
3381 3585 3731 3645 differentia:

2150 3680 2260 3735 Una
2295 3694 2412 3747 qum
2441 3678 2745 3746 spirituales
2792 3691 2856 3732 ac
2886 3692 3121 3733 summos
3164 3678 3305 3732 viros
3355 3693 3449 3747 per
3481 3682 3733 3737 virtutum

2143 3774 2457 3843 iactantiam
2488 3772 2690 3842 dejicit,
2733 3773 2901 3828 altera
2939 3788 3059 3842 quae
3113 3770 3363 3827 carnales
3394 3789 3518 3843 erga
3550 3778 3733 3829 senio-

2149 3880 2263 3917 rum
2319 3864 2601 3932 imperium
2659 3863 3031 3919 inobedientes
3086 3864 3276 3918 reddit.
3354 3865 3501 3919 Dicta
3558 3848 3733 3922 autem

2143 3957 2419 4025 superbia,
2452 3956 2574 4025 quia
2602 3971 2765 4025 super
2798 3956 2909 4009 vult
2934 3971 3092 4025 quam
3125 3958 3261 4025 quod
3297 3967 3395 4011 est.

2216 4047 2338 4101 505.
2374 4046 2513 4099 Inter
2550 4046 2806 4100 Srientem
2834 4056 2887 4101 et
2916 4048 3155 4101 sciotnm.
3206 4048 3391 4102 Sciens
3418 4059 3502 4102 est
3534 4050 3735 4117 peritus

2144 4126 2368 4194 scientia
2397 4146 2451 4191 et
2478 4138 2675 4202 rebus;
2710 4140 2929 4206 sciolus,
2988 4140 3264 4193 simulator
3290 4142 3524 4194 scientiae
3551 4156 3612 4195 ac
3644 4158 3717 4209 pe-

2146 4232 2306 4295 ritim,
2337 4232 2528 4286 scienti
2556 4234 2854 4287 contrarius
2880 4240 2964 4288 est
2991 4251 3003 4299 ;
3040 4244 3092 4287 et
3120 4235 3543 4304 quidquidalius
3572 4235 3728 4300 sciat,

2150 4325 2265 4392 ipse
2298 4324 2470 4377 videri
2504 4323 2665 4377 vellet
2715 4325 2855 4378 scire
2886 4342 2897 4374 :
2942 4334 3032 4399 aut
3080 4326 3167 4393 qui
3201 4339 3259 4378 se
3291 4322 3566 4403 profitetur
3594 4324 3733 4403 seire

2148 4416 2347 4481 omnia,
2379 4426 2470 4468 aut
2501 4417 2659 4471 etiam
2693 4417 2865 4471 futura
2898 4418 3209 4486 prmdicere.
3295 4396 3303 4419 i

2219 4507 2341 4564 506.
2397 4509 2539 4564 Inter
2588 4509 2847 4580 Spureum
2906 4520 2956 4566 et
3014 4512 3267 4579 spurium.
3334 4509 3569 4580 Spurcus
3622 4529 3731 4570 non

2147 4613 2349 4657 tantum
2400 4602 2682 4671 impurus,
2739 4604 2833 4657 sed
2884 4613 2937 4658 et
3001 4617 3215 4668 saevus;
3286 4592 3499 4673 spurius
3552 4614 3731 4663 autem

2148 4702 2297 4763 patre
2348 4695 2573 4759 incerto,
2631 4703 2800 4749 matre
2848 4694 3002 4765 vidua
3055 4696 3285 4767 genitus,
3320 4684 3481 4765 'quasi
3525 4705 3729 4765 tantum

2062 4850 2116 4911 D
2213 4874 2285 4915 -έ
2316 4848 2617 4921 ξιγιιιοζοι.
2649 4848 2741 4921 lib.
2774 4865 2828 4913 κ,
2864 4848 3035 4921 littera
3067 4847 3117 4917 ι.

2214 4904 2616 5004 τέ’,ΕιξηιρΙρξ
2646 4908 2741 5004 iiii.
2768 4904 2965 5004 v,’cttp.
2990 4904 3170 5004 glil'et
3199 4921 3291 4989 lib.
3326 4937 3353 4975 κ
3372 4960 3387 4986 ,
3622 4924 3683 5004 4.

2216 4990 2343 5045 505.
2372 4991 2608 5057 Carisius
2636 5007 2657 5061 7:
2692 4990 2953 5061 Saturitas
2984 4993 3037 5045 in
3064 4992 3175 5045 cibo
3202 5002 3397 5061 tantum
3428 4990 3727 5059 dicitur,'in

2141 5062 2335 5116 ueteris
2384 5076 2499 5135 vero
2546 5060 2773 5135 satietas.
2824 5060 2883 5115 C.
2935 5062 3133 5135 Fronto
3181 5065 3412 5135 brevius.
3465 5064 3726 5135 Saturitas

2138 5134 2347 5195 ventris,
2380 5132 2587 5185 satietas
2618 5133 2796 5195 animi.
3124 5130 3127 5137 ’
3338 5134 3341 5135 ⁷
3402 5130 3407 5135 ’
3586 5130 3591 5133 ’
3635 5130 3639 5135 ’
3720 5130 3727 5136 ’

2213 5201 2337 5256 504.
2353 5202 2415 5255 C.
2438 5201 2663 5255 Fronto:
2683 5202 2937 5271 Superbia
2953 5221 2986 5256 a
2998 5205 3382 5272 super/iubendo
3397 5220 3414 5258 :
3428 5207 3728 5275 arrogantia

2139 5276 2289 5327 etiam
2316 5274 2367 5325 in
2401 5289 2672 5340 pauperem
2698 5276 2853 5327 cadit.
3552 5274 3561 5275 7
3644 5276 3647 5279 ’

2209 5344 2638 5421 τέμδιςρενειιιι,
2673 5355 2777 5413 etc.
2809 5346 2895 5400 AI.
2926 5345 3139 5416 Semper
3159 5347 3277 5421 vult
3297 5385 3311 5410 ,
3340 5348 3475 5421 quod
3502 5363 3603 5403 ηοη
3631 5357 3724 5402 ρει,

2209 5416 2331 5469 502i.
2361 5415 2698 5468 Dissimulare
2743 5425 2822 5469 est
2874 5424 3047 5469 astute
3094 5415 3382 5481 celare,‘e't
3429 5418 3720 5482 Occultare.

2137 5490 2274 5558 quod
2301 5487 2418 5558 quis
2442 5488 2563 5547 scit,
2586 5487 2830 5558 quamvis
2863 5501 2963 5538 non
2991 5488 3154 5550 dicat,
3188 5502 3243 5543 se
3277 5488 3505 5555 nescire.
3542 5494 3714 5558 Ansv.

2209 5552 2333 5611 δυιὴ
2367 5555 2531 5618 Νοιι..
2565 5552 2692 5617 dict.
2727 5555 3009 5618 Spurenm.
3462 5554 3465 5555 ⁷
3642 5552 3651 5565 ’

2209 5628 2653 5703 -Ϊ-ᾼδριιγίιιε-αηιι
2675 5645 2739 5678 m.
2780 5626 3086 5703 Etymolog:
3111 5628 3203 5683 lib.
3240 5646 3309 5703 ix,
3340 5644 3458 5703 cap.
3489 5630 3543 5686 5.

2212 5700 2348 5753 Ibid.
2385 5698 2631 5771 Spurium
2672 5698 2936 5750 vocabant.
2966 5699 3019 5753 In
3052 5698 3420 5771 Etymnlogiis;
3444 5703 3565 5769 loco
3588 5700 3724 5759 cita-

2138 5781 2214 5838 to,
2245 5770 2434 5825 litteris
2462 5768 2661 5823 Grmcis
2690 5771 2903 5843 σπόριον
2928 5768 3197 5847 vocabant.
