4056 6350
366 311 419 374 61
1566 304 2172 378 DIFFERENTIARUM
2213 307 2338 361 LIB.
2384 307 2422 362 I.
3556 321 3624 375 53

353 420 523 504 spurii
557 419 720 474 ﬁlius.
781 417 913 488 Quia
943 417 1260 494 muliebrem
1291 426 1538 484 naturam
1581 421 1784 490 antiqui
1824 420 1933 491 [AL
1963 420 2016 492 Α
2042 435 2158 475 nem
2186 437 2343 491 quam
2369 425 2612 491 noveris;
2643 440 2818 493 posse,
2851 429 3049 490 referre
3080 432 3444 498 tantummodo
3475 438 3625 505 quod

359 514 482 566 add.
531 510 924 581 jurisconsulti]
973 511 1210 578 Spurium
1262 512 1538 576 vocabant.
1613 512 1840 580 Eosdem
1891 521 1944 567 et

359 602 606 680 favonios
647 601 866 682 quidam
905 603 1203 670 appellant,
1251 603 1373 672 quia
1400 602 1640 672 quietiam
1692 603 1941 674 animalia

364 697 568 775 favonii
601 695 799 772 spiritu
830 695 1022 775 hausto
1050 697 1335 764 concipere
1364 696 1754 767 existimantur.

426 769 558 846 507.,
588 769 727 844 Inter
774 769 1117 861 Sceleratum,
1169 789 1456 868 scelestum,
1505 798 1559 844 et
1612 789 1936 846 scelerosum.

354 881 705 950 Grammatiei
735 880 920 954 dicunt
950 881 1264 948 sceleratum
1305 880 1453 939 illum
1506 895 1623 943 esse
1669 881 1854 956 inquo
1882 883 1940 936 ﬁt

355 975 484 1049 [Al.,
519 973 611 1045 sit]
640 973 814 1028 scelus
841 991 855 1038 ;
901 982 960 1026 ut
987 973 1173 1026 Cicero
1199 990 1210 1024 :
1248 972 1292 1025 0
1318 981 1364 1025 te
1393 972 1522 1043 [A|.,
1555 972 1628 1044 tu]
1671 975 1934 1044 scelerate,

352 1068 436 1136 qui
465 1067 706 1120 subactus
744 1074 792 1120 et
821 1064 1126 1140 prostitutas
1157 1081 1228 1118 es.
1261 1063 1556 1138 Scelestum
1611 1073 1788 1138 autem
1841 1081 1938 1134 per

355 1173 507 1226 quem
555 1157 631 1208 lit.
685 1153 755 1212 ,Ut
802 1154 1124 1230 Terentius:
1165 1154 1400 1226 scelesta,
1450 1170 1586 1208 ovem
1632 1155 1754 1225 lupo
1795 1172 1933 1228 corn-

354 1248 556 1302 misisti.
604 1247 939 1310 Scelerosus,
989 1246 1076 1315 qui
1109 1244 1277 1308 facit:
1332 1254 1388 1299 ut
1413 1245 1552 1302 idem
1589 1244 1741 1316 :Ego
1786 1247 1933 1312 illum

350 1341 655 1416 scelerosum
694 1341 879 1394 misera
916 1339 1093 1394 nolens
1132 1339 1338 1419 pertuli.
1390 1338 1494 1394 Sed
1543 1339 1658 1406 haec
1687 1349 1932 1394 auctores

347 1407 455 1502 non
485 1445 865 1502 usquequaque
893 1429 1216 1502 custodiunt.

347 1495 368 1514 ”
415 1523 520 1592 65
545 1495 840 1575 ii—08.-Inter
854 1495 1085 1576 Salutem
1107 1530 1161 1576 et
1182 1522 1560 1592 salubritatem.
1578 1523 1730 1580 Salus
1750 1534 1829 1577 est
1853 1523 1931 1601 in-

350 1614 568 1681 tegritas
585 1615 859 1684 corporis;
882 1613 1193 1678 salubritas,
1219 1614 1377 1667 saluti
1400 1615 1724 1690 conveniens
1746 1629 1927 1686 causa,

346 1719 439 1772 per
468 1719 628 1773 quam
662 1706 860 1776 sanitas
880 1746 894 1769 ,
927 1705 1010 1759 vel
1039 1714 1344 1759 reservatur
1368 1744 1385 1769 ,
1443 1706 1523 1761 vel
1578 1715 1925 1778 restaurator.

2046 515 2294 572 audieris.

2115 607 2239 662 515.
2302 610 2445 666 Inter
2489 609 2755 667 Simulare
2805 623 2857 669 et
2909 615 3250 680 dissimulare.
3310 617 3626 686 Dissimula-

2042 714 2162 753 mus
2209 709 2332 757 nota
2377 719 2390 756 :
2432 704 2746 762 simulamus
2791 707 2988 776 ignota.
3045 709 3142 775 Qui
3191 711 3333 772 enim
3382 713 3531 782 ﬁngit
3562 728 3623 770 se

2041 792 2180 845 scire
2207 793 2348 860 quod
2376 795 2568 860 nescit,
2617 795 2829 850 simulat
2853 814 2867 862 ;
2897 798 3006 869 66
3030 801 3116 866 qui
3149 811 3324 864 autem
3352 803 3489 871 quod
3523 804 3626 859 scit

2043 880 2250 936 nescire
2299 897 2357 947 se
2405 884 2556 950 dicit,
2610 886 2928 956 dissimulat.
2985 889 3136 946 Unde
3184 901 3237 956 et
3285 892 3612 952 Sallustius:

2040 970 2140 1037 Ille
2164 975 2430 1029 simulator
2456 978 2654 1042 incerti,
2685 995 2746 1034 ac
2772 982 2896 1034 certi
2924 981 3275 1036 dissimulator
3304 993 3438 1040 erat.

2110 1064 2235 1119 516.
2260 1067 2402 1121 Inter
2424 1068 2634 1131 Sistere,
2660 1079 2712 1123 et
2732 1072 3024 1136 consistere,
3051 1082 3105 1126 et
3132 1074 3388 1142 assistere.
3420 1075 3622 1144 Sistere

2038 1167 2121 1230 est
2151 1159 2416 1232 interdum
2461 1162 2738 1227 resistere,
2790 1163 2872 1217 vel
2921 1163 3231 1232 prohibere,
3290 1165 3340 1230 id
3377 1177 3479 1236 est,
3525 1168 3618 1236 qui

2038 1252 2266 1322 aliquam
2295 1268 2404 1310 rem
2439 1256 2492 1307 in
2525 1253 2641 1310 loco
2669 1262 2811 1322 stare
2840 1254 2982 1326 iacit.
3018 1255 3084 1310 Ut
3112 1256 3358 1330 Virgilius
3383 1273 3398 1310 :
3423 1258 3618 1316 Sistere

2037 1357 2221 1412 aquam
2273 1343 2460 1411 ﬂuviis.
2529 1344 2800 1410 Assistere
2851 1359 2978 1398 vero
3043 1355 3095 1400 et
3144 1355 3267 1414 ante
3317 1363 3515 1424 unum,
3565 1356 3620 1403 et

2036 1445 2217 1484 coram
2250 1434 2432 1485 multis
2459 1450 2473 1498 ;
2504 1434 2799 1488 consistere
2829 1435 2881 1487 in
2913 1435 3091 1488 medio
3119 1436 3329 1490 adesse.

2105 1524 2232 1579 517.
2286 1525 2426 1598 Inter
2480 1526 2683 1581 Sereire
2734 1535 2788 1580 et
2844 1527 3104 1600 inservire.
3160 1513 3364 1600 Seruire
3413 1539 3614 1608 tantum

2033 1614 2263 1669 dominis
2298 1633 2309 1667 :
2343 1616 2894 1691 inservire-cujusque
2929 1620 3227 1688 praeceptis.

2102 1707 2227 1761 518.
2284 1708 2425 1763 Inter
2478 1710 2692 1777 Spirare
2739 1719 2792 1765 et
2844 1713 3127 1779 exspirare.
3178 1711 3393 1784 Spirare
3435 1714 3616 1770 vivere

415 1795 542 1850 509.
577 1797 718 1851 Inter
767 1799 937 1866 Super
982 1809 1035 1854 et
1093 1816 1250 1868 supra
1302 1800 1401 1855 hoc
1451 1802 1674 1864 interest
1711 1821 1721 1854 :
1753 1802 1925 1874 Super
1954 1801 2005 1864 B
2030 1807 2146 1865 est,
2180 1802 2451 1876 exspirare
2483 1802 2638 1878 mori.

343 1897 424 1969 est
467 1890 607 1959 quod
641 1891 885 1946 imminet
941 1891 1218 1968 [Agraztius
1267 1894 1516 1964 eminet],
1573 1910 1731 1966 supra
1785 1897 1926 1969 quod

339 1965 668 2034 substratum
722 1981 920 2049 aliquid
972 1983 1150 2056 liabet.
1203 1965 1338 2060 Item
1394 1999 1555 2060 super
1611 1965 1922 2054 interdum,

338 2079 428 2126 aut
459 2073 708 2139 nimium,
741 2082 833 2126 aut
865 2075 993 2127 satis
1021 2075 1333 2143 accipimus.

409 2165 535 2218 510.
569 2165 714 2219 Inter
743 2165 936 2242 Subter
963 2175 1017 2219 et
1061 2167 1253 2222 subtus.
1297 2151 1333 2203 ὐ
1362 2167 1559 2232 Subter
1587 2180 1666 2225 est
1696 2173 1835 2241 quod
1867 2188 1924 2230 re

336 2255 510 2325 aliqua
569 2258 845 2323 superiore
897 2257 1231 2344 deprim'itur,
1284 2267 1340 2314 et
1390 2264 1731 2338 proculcatur
1783 2265 1920 2338 [Αι.,

336 2345 700 2418 conculcatur]
729 2364 742 2411 ;
777 2349 963 2402 subtus
983 2347 1126 2426 quod
1150 2347 1437 2406 demissum
1468 2353 1626 2428 altius
1658 2371 1760 2408 nou
1793 2371 1922 2410 con-

336 2438 571 2509 tingitur.
727 2427 732 2432 ”

403 2530 529 2586 511.
600 2531 743 2586 Inter
792 2535 1014 2603 supremi
1080 2545 1133 2590 et
1199 2535 1470 2612 supprimi.
1550 2538 1797 2606 Supremi
1865 2548 1919 2596 et

333 2621 525 2675 summi
593 2622 856 2694 signiticet
913 2634 967 2698 et
1023 2626 1156 2692 imi;
1228 2613 1485 2699 supprimi
1540 2640 1757 2699 autem,
1822 2647 1915 2686 oc-

332 2712 546 2767 cultari.
950 2700 954 2704 ’

400 2804 524 2858 Sir}.
559 2806 701 2860 Inter
745 2806 960 2863 Sumere
1003 2817 1058 2864 et
1096 2812 1326 2891 accipere
1363 2813 1498 2892 [AI.,
1542 2815 1912 2894 pra’cipimtts].

325 2896 593 2952 Sumimus
625 2897 748 2968 ipsi,
780 2901 1066 2970 accipimus
1098 2903 1164 2958 ab
1211 2905 1337 2978 alio.
1381 2906 1509 2961 Cum
1533 2909 1674 2974 enim
1699 2909 1909 2978 damus,

328 2989 608 3043 dicendum
642 3000 744 3054 est,
779 2993 970 3061 Accipe
1001 3013 1015 3061 ;
1066 3010 1185 3049 cum
1216 2977 1570 3065 permittimus
1612 2999 1742 3073 [Al.,
1775 3018 1910 3082 pra:-

329 3080 575 3168 cipimus]
610 3084 706 3152 ipsi
739 3085 943 3151 tollere,
1003 3088 1226 3142 dicimus
1270 3087 1403 3162 [Al.,
1448 3092 1733 3168 dicendum
1781 3080 1907 3168 est],

2102 1913 2226 1968 519.
2258 1914 2398 1968 Inter
2427 1914 2652 1985 Surgere
2691 1925 2744 1971 et
2772 1933 3035 1988 exurgere,
3077 1928 3131 1974 et
3159 1919 3381 1988 reliqua.
3429 1920 3614 1988 Surgi-

2030 2012 2115 2078 tur
2144 2019 2173 2058 a
2206 2003 2344 2070 loco,
2399 2006 2703 2074 exsurgitur
2728 2022 2756 2060 a
2786 2021 3000 2072 somno,
3053 2006 3346 2078 insurgitur
3392 2010 3457 2063 ad
3496 2011 3612 2068 vin-

2029 2096 2250 2166 dictam,
2279 2099 2619 2168 consurgitur
2650 2099 2715 2167 ad
2740 2101 3023 2167 auxilium.

2063 2214 2065 2217 -
2094 2186 2216 2240 520.
2242 2187 2383 2244 Inter
2405 2188 2690 2261 Subjicitur
2721 2199 2774 2254 et
2802 2192 3132 2262 supponitur.
3162 2190 3455 2261 Subjicitur
3480 2191 3610 2260 cito,

2021 2278 2337 2358 supponitur
2367 2279 2526 2350 lente.

2092 2369 2217 2424 521.
2255 2371 2393 2442 Inter
2441 2372 2611 2442 Simul
2655 2383 2708 2429 et
2757 2374 2929 2432 semel.
2983 2373 3162 2430 Semel
3213 2375 3281 2438 ad
3325 2390 3604 2432 numerum

2021 2463 2271 2530 pertinet,
2308 2474 2382 2530 ut,
2427 2465 2593 2524 semel
2633 2464 2754 2531 bis;
2805 2467 2964 2542 simul
3008 2467 3073 2528 ad
3122 2468 3609 2535 congregationem,

2021 2561 2095 2618 ut,
2131 2551 2339 2606 Globati
2388 2553 2518 2625 [Al.,
2553 2557 2879 2628 conglobati]
2922 2559 3075 2611 simul
3101 2559 3340 2627 feruntur
3369 2560 3422 2622 in
3464 2574 3610 2614 arma

2016 2643 2131 2697 viri.

2087 2733 2212 2812 5‘22.
2257 2735 2398 2792 Inter
2429 2736 2739 2809 Sepulcrum
2763 2749 2816 2794 et
2854 2750 3257 2808 monumentum.
3287 2741 3605 2810 Sepulcrum

2019 2829 2389 2886 tantummodo
2445 2831 2682 2903 tumulus
2737 2829 3108 2904 defunctorum
3158 2843 3258 2900 est.
3294 2847 3605 2898 monumen-

2017 2927 2127 2974 tum
2176 2936 2344 2986 vero,
2399 2936 2540 2994 nunc
2585 2924 2920 2992 sepulcrum,
2975 2937 3114 2986 nunc
3158 2923 3380 2996 historia
3425 2938 3604 2988 rerum

2014 3021 2283 3088 gestarum
2315 3034 2328 3069 :
2360 3012 2558 3068 dictum
2613 3028 2677 3068 eo
2717 3014 2859 3084 quod
2901 3022 3133 3078 mentem
3159 3023 3391 3079 moneat,
3426 3014 3505 3067 vel
3537 3013 3606 3068 ad

2013 3103 2328 3178 memoriam
2366 3101 2634 3169 defuncti,
2684 3104 2764 3158 vel
2794 3104 2859 3157 ad
2910 3105 3328 3170 recordationem
3372 3104 3446 3160 rei
3475 3104 3607 3157 scri-

326 3156 509 3229 Stime.
556 3176 689 3248 Item
724 3178 982 3232 sumimus
1013 3192 1107 3247 per
1137 3195 1255 3244 nos,
1306 3181 1653 3250 accipimusa
1684 3175 1988 3244 volenti-6
2018 3199 2139 3260 pta).
2193 3173 2360 3249 Porro
2420 3196 2650 3248 tumulus
2707 3195 2925 3260 bifarie,
2977 3211 3114 3248 nunc
3165 3203 3374 3263 tumens
3429 3195 3603 3262 tellus,

326 3257 446 3333 bus,
477 3266 712 3320 tollimus
739 3281 768 3320 a
795 3282 898 3340 non
928 3270 1228 3324 volentibus
1251 3268 1382 3342 [Αι.,
1409 3273 1753 3350 nolentibus].
1781 3277 1906 3330 Item

326 3355 619 3410 auferimus
648 3356 797 3429 [Leg.
854 3359 1180 3432 adimimus],
1209 3361 1326 3431 jure
1367 3363 1619 3434 quidquid
1665 3367 1908 3423 dedimus

327 3448 647 3503 assumimus
671 3448 846 3518 jussu,
878 3450 1129 3530 eripimus
1162 3439 1233 3506 vi.
1301 3443 1304 3447 ’

395 3535 524 3595 515.
576 3535 726 3626 Inter
777 3539 998 3607 Sperare
1031 3524 1105 3597 ἐι
1153 3527 1465 3616 exspectare.
1521 3549 1907 3626 Exspectamus

324 3641 375 3686 et
423 3633 563 3686 bona
587 3618 658 3688 'et
704 3617 887 3700 'mala;
943 3653 1218 3705 speramus
1267 3653 1443 3697 autem
1501 3625 1702 3700 tantum
1743 3627 1903 3704 bona.

325 3723 455 3779 Miro
503 3734 686 3780 autem
717 3731 875 3782 modo
910 3729 1156 3799 Virgilius
1208 3736 1354 3789 verbi
1400 3738 1557 3808 hujus
1605 3745 1906 3810 proprieta-

325 3829 426 3873 tem
449 3835 480 3874 a
506 3819 719 3899 prOpria
758 3821 1143 3894 signiﬁcatione
1167 3810 1418 3896 secernit,
1466 3832 1648 3887 dicens
1667 3835 1905 3899 (Αἰναρία.

507 4001 646 4054 Hunc
683 4016 778 4066 ego
801 4007 842 4055 si
868 4010 1001 4069 potui
1025 4013 1209 4059 tantum
1242 4026 1442 4074 sperare
1467 4015 1719 4080 dolorem;

322 4082 450 4138 dum
505 4099 666 4142 omne
713 4089 856 4158 quod
907 4092 1160 4146 exhorret
1213 4096 1420 4151 animus
1469 4102 1664 4156 rectius
1718 4103 1905 4162 timere

321 4175 527 4231 dicatur
548 4178 658 4251 [Αι.
687 4180 811 4234 add.
843 4198 998 4251 quam
1027 4187 1286 4258 sperare].
1316 4189 1420 4244 Sed
1444 4197 1772 4260 grammatici
1808 4197 1906 4251 hoc

321 4279 615 4337 exponunt,
644 4270 882 4328 dicentes
913 4290 926 4327 :
958 4276 1186 4343 Sperare
1217 4278 1349 4332 dixit
1380 4295 1474 4348 pro
1501 4283 1709 4340 timere.
1754 4287 1904 4354 Quod

319 4368 374 4413 et
401 4359 645 4416 Lucanus
673 4364 1004 4433 distinguens
1031 4368 1105 4422 ait
1135 4385 1150 4422 ε
1183 4369 1356 4424 Liceat
1386 4389 1591 4443 sperare
1615 4377 1830 4432 timenti.

390 4449 514 4505 5H.
546 4450 689 4506 Inter
733 4453 880 4522 Scire
918 4465 973 4513 et
997 4475 1164 4514 nosse.
1195 4460 1344 4516 Scire
1372 4473 1454 4516 est
1485 4465 1712 4522 reddere
1740 4472 1904 4525 ratio-

2017 3300 2155 3340 nuuc
2182 3287 2489 3356 sepulcrum
2510 3297 2752 3352 vocatur.
2787 3289 3103 3366 Sepulcrum
3134 3296 3310 3341 autem
3336 3302 3364 3340 a
3389 3289 3602 3356 sepulto

2015 3375 2240 3429 dictum.
2271 3377 2521 3446 Sepultus
2567 3392 2716 3442 vero,
2770 3393 2834 3431 eo
2879 3379 3021 3447 quod
3070 3379 3185 3432 sine
3233 3377 3600 3447 palpitatione,

2016 3468 2098 3520 vel
2136 3469 2286 3536 pulsu
2328 3469 2419 3538 sit,
2449 3469 2500 3522 id
2541 3479 2644 3535 est,
2697 3472 2814 3525 sine
2840 3482 3007 3526 motu.
3058 3471 3299 3538 Cadaver
3355 3481 3530 3538 autem
3574 3488 3604 3525 a

2013 3560 2255 3614 cadendo
2282 3560 2501 3615 dictum.

2086 3649 2208 3704 523.
2244 3651 2383 3706 Inter
2413 3651 2740 3721 Sacri/icium
2786 3663 2839 3708 et
2877 3655 3095 3708 hostiam
3140 3657 3256 3712 haec
3294 3666 3444 3714 vetus
3484 3665 3605 3724 erat

2013 3743 2286 3807 discretio,
2318 3743 2458 3811 quod
2501 3744 2817 3798 sacriﬁcium
2861 3757 3152 3813 spontanea
3196 3748 3394 3802 oblatio
3440 3759 3597 3814 erat;

2015 3833 2185 3886 hostia
2214 3849 2338 3887 vero
2374 3850 2490 3902 quae
2522 3835 2743 3889 devictis
2776 3836 3015 3906 hostibus
3048 3836 3440 3906 inunolabatur.
3477 3838 3601 3892 Iltec

2010 3935 2065 3979 et
2085 3927 2292 3978 victima
2328 3927 2634 3980 vocabatur.
2665 3927 2766 3980 Alii
2789 3927 3055 3980 victimam
3104 3928 3206 3997 67
3248 3927 3367 3998 ideo
3405 3927 3599 3996 dictam

2012 4028 2220 4086 putant,
2253 4020 2370 4087 quia
2417 4019 2523 4072 ictu
2567 4033 2818 4087 percussa
2855 4019 3015 4086 cadit,
3051 4019 3130 4084 vel
3173 4020 3294 4087 quia
3331 4019 3504 4072 vineta
3535 4019 3601 4072 ad

2009 4126 2129 4164 aras
2156 4111 2484 4179 perducitur.

2082 4202 2202 4256 524.
2262 4201 2401 4262 Inter
2454 4202 2611 4258 Sedes
2658 4214 2711 4276 et
2766 4206 2997 4256 thronos.
3056 4202 3222 4270 Sedes
3264 4217 3368 4282 pon
3403 4211 3600 4272 tantum

2009 4293 2189 4357 unius,
2236 4294 2328 4347 sed
2378 4295 2661 4347 multorum
2705 4302 2807 4348 est.
2861 4294 2988 4347 Nam
3048 4296 3236 4348 solium
3278 4296 3432 4348 unius
3484 4304 3598 4346 tan-

2010 4393 2119 4436 tum
2167 4394 2270 4447 est,
2300 4393 2354 4438 et
2397 4399 2620 4454 regum;
2672 4387 2830 4440 sedes
2862 4371 3267 4455 quibuscunque
3311 4385 3438 4456 [.-ll.,
3474 4385 3601 4438 illud

2009 4473 2397 4546 cujuscunque]
2435 4476 2737 4544 proprium;
2772 4476 2978 4532 Solium
3021 4486 3222 4541 autem,
3259 4478 3342 4531 vel
3373 4491 3404 4540 a
3434 4479 3600 4530 solius

381 4589 1614 4682 597.SicinterpretesTerentiiact.tv,scen.:'i,
1637 4607 1903 4666 Eunuch.:
1937 4618 1988 4677 ι)
2016 4627 2137 4665 cava
2182 4614 2505 4682 speculantur
2550 4616 2741 4671 amicti.
2798 4617 2885 4671 AI.
2909 4657 2924 4682 ,
2969 4615 3362 4676 Dissimulamus
3399 4626 3596 4680 notum,

320 4660 636 4728 Scelerosus,
665 4675 734 4718 est
763 4660 1032 4722 multorum
1057 4687 1074 4724 :
1103 4660 1386 4736 scelestum,
1406 4675 1483 4728 vel
1506 4660 1654 4730 unius
1683 4660 1902 4734 riis-Seele-

317 4746 486 4817 rosus,
510 4738 717 4815 pruprie
739 4748 914 4817 auctor
937 4741 1055 4817 scel:
1071 4744 1139 4795 ris
1169 4759 1186 4796 :
1217 4745 1510 4809 sceleratus,
1536 4749 1588 4801 in
1611 4766 1708 4817 quo
1733 4753 1899 4806 scelus

318 4804 383 4854 sit
413 4807 757 4872 commissum,
792 4810 865 4861 rel
896 4812 1239 4866 constitutum.

547 4876 631 4952 ᾼ-Ι.
666 4877 844 4952 {Etet},
875 4883 950 4933 rel
976 4884 1220 4952 salt-dtur,
1245 4885 1319 4937 uel
1346 4899 1654 4944 reservatur.

391 4942 526 5018 509ἒ
552 4947 625 4999 Ex
650 4950 901 5018 Agraetio.

387 5043 458 5097 '—
490 5014 658 5097 Super
683 5014 958 5097 interdum.
993 5023 1145 5097 serv.
1182 5025 1247 5078 ad
1280 5026 1352 5080 ill.
1388 5042 1445 5081 ιιι
1467 5071 1481 5093 ,
1515 5028 1664 5097 Ann,
1703 5031 1746 5085 Ο
1769 5032 1893 5086 mihi

312 5085 732 5166 solameiﬁsuper
764 5095 1084 5166 Astyanactis
1112 5095 1302 5166 imago.

550 5158 626 5210 Ex
645 5155 911 5228 'Agraztio.

538 5225 850 5310 Ecstg'dict.
874 5232 1198 5310 Supremum.
1223 5239 1384 5304 Non.,
1401 5239 1528 5294 dict.
1550 5245 1889 5310 Supremum.

346 5368 354 5375 _
388 5291 511 5374 512.
545 5298 632 5352 Sic
660 5301 718 5352 C.
750 5291 983 5382 Fronto':
1022 5291 1288 5361 Sumimus

309 5381 532 5444 crptmus
560 5385 673 5434 quae
696 5376 1058 5444 porriguntur.

385 5464 457 5524 ἶ
501 5441 971 5524 Αεξμιῃὶιημδ,’ᾳις.
1009 5448 1081 5524 _E_x
1115 5447 1300 5524 Front.
1335 5452 1420 5516 qui
1452 5452 1542 5518 ita,
1578 5455 1766 5524 aufert,
1803 5457 1890 5524 qui

309 5508 480 5595 dedit,
520 5508 699 5591 adimit
731 5517 923 5595 (leg‘oin
959 5516 1159 5573 Isidoro
1189 5508 1485 5591 adimimus)
1525 5508 1736 5595 imperio
1758 5508 1888 5579 ἐάα-

308 5587 474 5653 ctr_t_s_;_
501 5581 649 5653 eripit
685 5587 771 5649 qui
792 5581 909 5653 plus
934 5593 1083 5640 valet.

369 5647 593 5729 5152ξ3ᾑ
607 5647 982 5729 interpretibus
997 5659 1226 5714 Terentii
1240 5671 1344 5718 act.
1362 5679 1418 5727 tt,
1436 5665 1638 5729 scen.6,
1656 5667 1886 5722 Andrite.

386 5719 646 5789 TﬂMiro,
684 5725 838 5781 Serv.
873 5731 936 5780 ad
971 5745 1180 5784 versum
1213 5719 1453 5789 citatum.

380 5784 806 5850 515.5x’5erv.
840 5799 904 5852 ad
935 5800 1010 5855 ill.
1043 5784 1238 5872 1.4:an
1265 5784 1624 5874 υέέέίήὶαιαηι,
1667 5820 1713 5862 et
1753 5809 1883 5864 nube

2013 4683 2317 4736 simulamus
2351 4685 2603 4754 ignotum.

2079 4755 2268 4830 -τριιὶ
2295 4758 2451 4808 enim.
2485 4757 2545 4810 C.
2572 4755 2791 4822 Fronto,
2842 4758 2940 4823 Qui
2985 4759 3189 4813 simulat
3233 4759 3445 4830 probare
3491 4759 3596 4809 vult

2006 4825 2142 4890 quod
2164 4842 2264 4877 non
2287 4836 2378 4878 est.
3039 4859 3051 4870 δ

2078 4895 2250 4948 —llle
2276 4896 2565 4949 simulator.
2603 4898 2734 4952 Puto
2766 4899 3024 4953 Isidorum
3056 4901 3332 4966 scripsisse
3363 4901 3590 4958 adducto

2006 4963 2124 5039 Ioco
2147 4982 2209 5018 ex
2237 4967 2709 5039 bellotlatilinario
2735 4980 2788 5023 et
2809 4972 3054 5038 exposito
3075 4989 3086 5023 :
3107 4963 3390 5039 cujuslibet
3425 4977 3495 5026 rei
3516 4978 3587 5027 si-

2002 5037 2246 5098 mulator,
2272 5052 2329 5087 ac
2353 5037 2722 5092 dissimulator.
2746 5037 3238 5102 Simulatorincer‘ti,
3259 5059 3316 5095 ac
3335 5045 3457 5104 certi
3476 5047 3587 5098 (lis-

2000 5105 2424 5179 simulatorerat.
2458 5106 2565 5162 Nisi
2604 5108 2742 5164 forte
2777 5112 2844 5164 ab
2872 5114 2976 5165 alio
3006 5117 3265 5179 glossema
3297 5112 3580 5178 adjcclun't.

2075 5175 2198 5230 516.
2254 5177 2444 5231 Nescio
2481 5195 2544 5231 an
2586 5183 2855 5248 scripserit
2886 5175 3151 5236 Isidorus:
3203 5175 3433 5235 assistere
3466 5200 3584 5237 vero

2001 5255 2118 5323 ante
2148 5264 2320 5310 unum,
2354 5251 2626 5323 consistere
2654 5269 2826 5305 coram
2873 5255 3062 5307 multis.
3120 5253 3180 5304 Et
3235 5252 3432 5320 reliqua
3465 5272 3581 5323 quae

2001 5315 2155 5368 alteri
2185 5320 2475 5386 exemplari
2506 5322 2742 5386 deerant,
2775 5326 3082 5376 omittenda.

2228 5387 2307 5463 E_x
2341 5394 2589 5463 Agrtetio,
2623 5397 2711 5463 qui
2747 5393 2881 5448 forte
2909 5398 3046 5445 hunc
3077 5391 3456 5453 emendandus.

2073 5456 2203 5534 522.
2250 5456 2418 5525 Festi,
2464 5462 2591 5518 dict.
2640 5456 2976 5533 Sepulcrum.
3020 5463 3318 5534 Etytnolog.
3363 5469 3454 5520 lib.
3491 5483 3579 5532 xv,

1999 5530 2234 5595 cap.ll.

2072 5596 2209 5652 Ibid.
2248 5601 2475 5657 Dictum.
2507 5605 2660 5658 Serv.
2697 5605 2762 5658 ad
2794 5604 2871 5659 ill.
2906 5621 2986 5668 vr,
3022 5605 3172 5670 Em,
3217 5608 3308 5661 illa
3339 5607 3449 5663 hcc
3476 5624 3582 5661 mo-

1997 5682 2238 5724 numenta
2266 5675 2491 5742 reliquit.

2067 5769 2136 5779 —
2167 5743 2464 5813 Etymolog.
2499 5745 2585 5797 lib.
2620 5760 2707 5807 xv,
2739 5760 2857 5813 cap.
2890 5746 2976 5803 II.

2060 5841 2133 5852 —
2152 5814 2450 5886 Etymolog.
2473 5815 2565 5870 lib.
2600 5831 2680 5882 ιι,
2709 5831 2827 5887 cap.
2859 5818 2912 5872 2.
