  <div class='ocr_page' id='page_1' title='image "/cluster/home/n/w/nwhite01/storage/ocr_20150623/83/hvd.32044015469448/039.png"; bbox 0 0 4056 6350; ppageno 0'>
   <div class='ocr_carea' id='block_1_1' title="bbox 399 308 3698 379">
    <p class='ocr_par' dir='ltr' id='par_1_1' title="bbox 399 308 3698 379">
     <span class='ocr_line' id='line_1_1' title="bbox 399 308 3698 379; baseline -0.004 -1"><span class='ocrx_word' id='word_1_1' title='bbox 399 323 470 378; x_wconf 78' lang='grc'><strong>65</strong></span> <span class='ocrx_word' id='word_1_2' title='bbox 1426 311 1488 370; x_wconf 88' lang='lat' dir='ltr'><strong>S.</strong></span> <span class='ocrx_word' id='word_1_3' title='bbox 1529 310 1779 369; x_wconf 80' lang='lat' dir='ltr'><strong>ISIDORI</strong></span> <span class='ocrx_word' id='word_1_4' title='bbox 1824 308 2266 368; x_wconf 82' lang='lat' dir='ltr'><strong>IIISPALENSIS</strong></span> <span class='ocrx_word' id='word_1_5' title='bbox 2308 308 2613 369; x_wconf 79' lang='lat' dir='ltr'><strong>EPISCOPI</strong></span> <span class='ocrx_word' id='word_1_6' title='bbox 3625 322 3698 379; x_wconf 70' lang='grc' dir='ltr'><strong>σι</strong></span> 
     </span>
    </p>
   </div>
   <div class='ocr_carea' id='block_1_2' title="bbox 396 423 3692 511">
    <p class='ocr_par' dir='ltr' id='par_1_2' title="bbox 396 423 3692 511">
     <span class='ocr_line' id='line_1_2' title="bbox 396 423 3692 511; baseline 0 -20"><span class='ocrx_word' id='word_1_7' title='bbox 396 434 659 496; x_wconf 86' lang='lat' dir='ltr'><strong>sessione,</strong></span> <span class='ocrx_word' id='word_1_8' title='bbox 714 430 801 487; x_wconf 87' lang='lat' dir='ltr'><strong>vel</strong></span> <span class='ocrx_word' id='word_1_9' title='bbox 842 442 873 485; x_wconf 88' lang='lat' dir='ltr'><strong>a</strong></span> <span class='ocrx_word' id='word_1_10' title='bbox 915 427 1183 486; x_wconf 67' lang='lat' dir='ltr'><strong>soliditate</strong></span> <span class='ocrx_word' id='word_1_11' title='bbox 1236 426 1461 481; x_wconf 87' lang='lat' dir='ltr'><strong>dictum.</strong></span> <span class='ocrx_word' id='word_1_12' title='bbox 1523 424 1729 480; x_wconf 88' lang='lat' dir='ltr'><strong>Solium</strong></span> <span class='ocrx_word' id='word_1_13' title='bbox 1790 424 1987 489; x_wconf 88' lang='lat' dir='ltr'><strong>Latini,</strong></span> <span class='ocrx_word' id='word_1_14' title='bbox 2019 428 2073 490; x_wconf 75' lang='grc' dir='ltr'><strong>Α</strong></span> <span class='ocrx_word' id='word_1_15' title='bbox 2095 437 2280 479; x_wconf 81' lang='lat' dir='ltr'><strong>senex.</strong></span> <span class='ocrx_word' id='word_1_16' title='bbox 2306 423 2533 480; x_wconf 89' lang='lat' dir='ltr'><strong>Senecta</strong></span> <span class='ocrx_word' id='word_1_17' title='bbox 2559 434 2739 482; x_wconf 90' lang='lat' dir='ltr'><strong>autem</strong></span> <span class='ocrx_word' id='word_1_18' title='bbox 2768 436 2853 483; x_wconf 93' lang='lat' dir='ltr'><strong>est</strong></span> <span class='ocrx_word' id='word_1_19' title='bbox 2877 428 2991 499; x_wconf 89' lang='lat' dir='ltr'><strong>ipsa</strong></span> <span class='ocrx_word' id='word_1_20' title='bbox 3020 442 3161 496; x_wconf 90' lang='lat' dir='ltr'><strong>sors,</strong></span> <span class='ocrx_word' id='word_1_21' title='bbox 3190 428 3304 485; x_wconf 90' lang='lat' dir='ltr'><strong>sive</strong></span> <span class='ocrx_word' id='word_1_22' title='bbox 3332 428 3354 504; x_wconf 88' lang='lat'><strong>[</strong></span> <span class='ocrx_word' id='word_1_23' title='bbox 3380 431 3489 502; x_wconf 75' lang='lat' dir='ltr'><strong>AL,</strong></span> <span class='ocrx_word' id='word_1_24' title='bbox 3512 436 3692 511; x_wconf 78' lang='lat' dir='ltr'><strong>atque]</strong></span> 
     </span>
    </p>
   </div>
   <div class='ocr_carea' id='block_1_3' title="bbox 398 519 1990 589">
    <p class='ocr_par' dir='ltr' id='par_1_3' title="bbox 398 519 1990 589">
     <span class='ocr_line' id='line_1_3' title="bbox 398 519 1990 589; baseline -0.006 -7"><span class='ocrx_word' id='word_1_25' title='bbox 398 526 567 582; x_wconf 81' lang='lat' dir='ltr'><strong>Graeci</strong></span> <span class='ocrx_word' id='word_1_26' title='bbox 617 527 868 579; x_wconf 77' lang='lat' dir='ltr'><strong>thronum</strong></span> <span class='ocrx_word' id='word_1_27' title='bbox 920 523 1123 577; x_wconf 85' lang='lat' dir='ltr'><strong>dicunt.</strong></span> <span class='ocrx_word' id='word_1_28' title='bbox 1184 521 1353 577; x_wconf 85' lang='lat' dir='ltr'><strong>Sedes</strong></span> <span class='ocrx_word' id='word_1_29' title='bbox 1403 529 1582 576; x_wconf 90' lang='lat' dir='ltr'><strong>autem</strong></span> <span class='ocrx_word' id='word_1_30' title='bbox 1634 520 1825 584; x_wconf 68' lang='lat' dir='ltr'><strong>dictae,</strong></span> <span class='ocrx_word' id='word_1_31' title='bbox 1868 519 1990 589; x_wconf 87' lang='lat' dir='ltr'><strong>quia</strong></span> 
     </span>
    </p>
   </div>
   <div class='ocr_carea' id='block_1_4' title="bbox 397 610 1988 687">
    <p class='ocr_par' dir='ltr' id='par_1_4' title="bbox 397 610 1988 687">
     <span class='ocr_line' id='line_1_4' title="bbox 397 610 1988 687; baseline -0.003 -17"><span class='ocrx_word' id='word_1_32' title='bbox 397 616 534 687; x_wconf 84' lang='lat' dir='ltr'><strong>apud</strong></span> <span class='ocrx_word' id='word_1_33' title='bbox 570 626 779 672; x_wconf 83' lang='lat' dir='ltr'><strong>veteres</strong></span> <span class='ocrx_word' id='word_1_34' title='bbox 822 614 1094 669; x_wconf 81' lang='lat' dir='ltr'><strong>Romanos</strong></span> <span class='ocrx_word' id='word_1_35' title='bbox 1137 629 1244 667; x_wconf 88' lang='lat' dir='ltr'><strong>non</strong></span> <span class='ocrx_word' id='word_1_36' title='bbox 1289 623 1408 669; x_wconf 89' lang='lat' dir='ltr'><strong>erat</strong></span> <span class='ocrx_word' id='word_1_37' title='bbox 1446 629 1574 667; x_wconf 85' lang='lat' dir='ltr'><strong>usus</strong></span> <span class='ocrx_word' id='word_1_38' title='bbox 1615 610 1988 667; x_wconf 89' lang='lat' dir='ltr'><strong>accumbendi.</strong></span> 
     </span>
    </p>
   </div>
   <div class='ocr_carea' id='block_1_5' title="bbox 401 704 1988 773">
    <p class='ocr_par' dir='ltr' id='par_1_5' title="bbox 401 704 1988 773">
     <span class='ocr_line' id='line_1_5' title="bbox 401 704 1988 773; baseline -0.004 -9"><span class='ocrx_word' id='word_1_39' title='bbox 401 709 550 764; x_wconf 86' lang='lat' dir='ltr'><strong>Unde</strong></span> <span class='ocrx_word' id='word_1_40' title='bbox 576 716 633 764; x_wconf 84' lang='lat' dir='ltr'><strong>et</strong></span> <span class='ocrx_word' id='word_1_41' title='bbox 660 707 954 763; x_wconf 80' lang='lat' dir='ltr'><strong>consedere</strong></span> <span class='ocrx_word' id='word_1_42' title='bbox 991 706 1211 773; x_wconf 78' lang='lat' dir='ltr'><strong>antiquo</strong></span> <span class='ocrx_word' id='word_1_43' title='bbox 1242 720 1392 761; x_wconf 90' lang='lat' dir='ltr'><strong>more</strong></span> <span class='ocrx_word' id='word_1_44' title='bbox 1421 705 1635 760; x_wconf 88' lang='lat' dir='ltr'><strong>dicitur.</strong></span> <span class='ocrx_word' id='word_1_45' title='bbox 1669 704 1797 757; x_wconf 86' lang='lat' dir='ltr'><strong>Nam</strong></span> <span class='ocrx_word' id='word_1_46' title='bbox 1844 711 1988 758; x_wconf 82' lang='lat' dir='ltr'><strong>vete-</strong></span> 
     </span>
    </p>
   </div>
   <div class='ocr_carea' id='block_1_6' title="bbox 394 794 1993 868">
    <p class='ocr_par' dir='ltr' id='par_1_6' title="bbox 394 794 1993 868">
     <span class='ocr_line' id='line_1_6' title="bbox 394 794 1993 868; baseline -0.003 -13"><span class='ocrx_word' id='word_1_47' title='bbox 394 815 485 855; x_wconf 89' lang='lat' dir='ltr'><strong>res</strong></span> <span class='ocrx_word' id='word_1_48' title='bbox 528 800 778 855; x_wconf 74' lang='lat' dir='ltr'><strong>sedentes</strong></span> <span class='ocrx_word' id='word_1_49' title='bbox 806 798 1181 868; x_wconf 73' lang='lat' dir='ltr'><strong>epulabantur.</strong></span> <span class='ocrx_word' id='word_1_50' title='bbox 1230 798 1446 861; x_wconf 81' lang='lat' dir='ltr'><strong>Postea,</strong></span> <span class='ocrx_word' id='word_1_51' title='bbox 1484 807 1541 852; x_wconf 89' lang='lat' dir='ltr'><strong>ut</strong></span> <span class='ocrx_word' id='word_1_52' title='bbox 1576 798 1651 849; x_wconf 90' lang='lat' dir='ltr'><strong>ait</strong></span> <span class='ocrx_word' id='word_1_53' title='bbox 1698 794 1889 863; x_wconf 88' lang='lat' dir='ltr'><strong>Varro,</strong></span> <span class='ocrx_word' id='word_1_54' title='bbox 1922 796 1993 851; x_wconf 88' lang='lat' dir='ltr'><strong>de</strong></span> 
     </span>
    </p>
   </div>
   <div class='ocr_carea' id='block_1_7' title="bbox 397 889 1991 960">
    <p class='ocr_par' dir='ltr' id='par_1_7' title="bbox 397 889 1991 960">
     <span class='ocr_line' id='line_1_7' title="bbox 397 889 1991 960; baseline -0.002 -15"><span class='ocrx_word' id='word_1_55' title='bbox 397 890 515 945; x_wconf 81' lang='lat' dir='ltr'><strong>Vita</strong></span> <span class='ocrx_word' id='word_1_56' title='bbox 555 892 733 960; x_wconf 84' lang='lat' dir='ltr'><strong>populi</strong></span> <span class='ocrx_word' id='word_1_57' title='bbox 764 889 1013 956; x_wconf 84' lang='lat' dir='ltr'><strong>Romani,</strong></span> <span class='ocrx_word' id='word_1_58' title='bbox 1044 889 1143 944; x_wconf 89' lang='lat' dir='ltr'><strong>viri</strong></span> <span class='ocrx_word' id='word_1_59' title='bbox 1173 890 1514 947; x_wconf 85' lang='lat' dir='ltr'><strong>discumbere</strong></span> <span class='ocrx_word' id='word_1_60' title='bbox 1542 895 1847 959; x_wconf 66' lang='lat' dir='ltr'><strong>coeperunt,</strong></span> <span class='ocrx_word' id='word_1_61' title='bbox 1875 903 1991 942; x_wconf 86' lang='lat' dir='ltr'><strong>mu-</strong></span> 
     </span>
    </p>
   </div>
   <div class='ocr_carea' id='block_1_8' title="bbox 398 980 1992 1052">
    <p class='ocr_par' dir='ltr' id='par_1_8' title="bbox 398 980 1992 1052">
     <span class='ocr_line' id='line_1_8' title="bbox 398 980 1992 1052; baseline -0.001 -15"><span class='ocrx_word' id='word_1_62' title='bbox 398 983 555 1037; x_wconf 87' lang='lat' dir='ltr'><strong>lieres</strong></span> <span class='ocrx_word' id='word_1_63' title='bbox 586 982 799 1037; x_wconf 88' lang='lat' dir='ltr'><strong>sedere.</strong></span> <span class='ocrx_word' id='word_1_64' title='bbox 846 982 979 1050; x_wconf 82' lang='lat' dir='ltr'><strong>Quia</strong></span> <span class='ocrx_word' id='word_1_65' title='bbox 1027 990 1183 1052; x_wconf 81' lang='lat' dir='ltr'><strong>turpe</strong></span> <span class='ocrx_word' id='word_1_66' title='bbox 1231 983 1336 1038; x_wconf 84' lang='lat' dir='ltr'><strong>illis</strong></span> <span class='ocrx_word' id='word_1_67' title='bbox 1360 989 1475 1037; x_wconf 87' lang='lat' dir='ltr'><strong>erat</strong></span> <span class='ocrx_word' id='word_1_68' title='bbox 1504 980 1845 1035; x_wconf 83' lang='lat' dir='ltr'><strong>discumbere</strong></span> <span class='ocrx_word' id='word_1_69' title='bbox 1875 996 1992 1036; x_wconf 89' lang='lat' dir='ltr'><strong>mu-</strong></span> 
     </span>
    </p>
   </div>
   <div class='ocr_carea' id='block_1_9' title="bbox 398 1074 1372 1149">
    <p class='ocr_par' dir='ltr' id='par_1_9' title="bbox 398 1074 1372 1149">
     <span class='ocr_line' id='line_1_9' title="bbox 398 1074 1372 1149; baseline -0.002 -18"><span class='ocrx_word' id='word_1_70' title='bbox 398 1076 586 1132; x_wconf 87' lang='lat' dir='ltr'><strong>lierem</strong></span> <span class='ocrx_word' id='word_1_71' title='bbox 620 1076 751 1149; x_wconf 83' lang='grc' dir='ltr'><strong>[Αι.,</strong></span> <span class='ocrx_word' id='word_1_72' title='bbox 782 1077 1124 1133; x_wconf 78' lang='lat' dir='ltr'><strong>discumbere</strong></span> <span class='ocrx_word' id='word_1_73' title='bbox 1156 1074 1372 1145; x_wconf 85' lang='lat' dir='ltr'><strong>visum].</strong></span> 
     </span>
    </p>
   </div>
   <div class='ocr_carea' id='block_1_10' title="bbox 466 1166 1989 1235">
    <p class='ocr_par' dir='ltr' id='par_1_10' title="bbox 466 1166 1989 1235">
     <span class='ocr_line' id='line_1_10' title="bbox 466 1166 1989 1235; baseline 0.001 -12"><span class='ocrx_word' id='word_1_74' title='bbox 466 1168 590 1223; x_wconf 85' lang='lat'><strong>525.</strong></span> <span class='ocrx_word' id='word_1_75' title='bbox 640 1168 783 1222; x_wconf 90' lang='lat' dir='ltr'><strong>Inter</strong></span> <span class='ocrx_word' id='word_1_76' title='bbox 842 1167 1060 1223; x_wconf 74' lang='lat' dir='ltr'><strong>Servum</strong></span> <span class='ocrx_word' id='word_1_77' title='bbox 1130 1178 1183 1223; x_wconf 90' lang='lat' dir='ltr'><strong>et</strong></span> <span class='ocrx_word' id='word_1_78' title='bbox 1231 1166 1506 1235; x_wconf 80' lang='lat' dir='ltr'><strong>famulum.</strong></span> <span class='ocrx_word' id='word_1_79' title='bbox 1567 1166 1719 1221; x_wconf 82' lang='lat' dir='ltr'><strong>Servi</strong></span> <span class='ocrx_word' id='word_1_80' title='bbox 1770 1178 1896 1221; x_wconf 88' lang='lat' dir='ltr'><strong>sunt</strong></span> <span class='ocrx_word' id='word_1_81' title='bbox 1935 1168 1989 1224; x_wconf 90' lang='lat' dir='ltr'><strong>in</strong></span> 
     </span>
    </p>
   </div>
   <div class='ocr_carea' id='block_1_11' title="bbox 396 1260 1993 1332">
    <p class='ocr_par' dir='ltr' id='par_1_11' title="bbox 396 1260 1993 1332">
     <span class='ocr_line' id='line_1_11' title="bbox 396 1260 1993 1332; baseline 0.001 -16"><span class='ocrx_word' id='word_1_82' title='bbox 396 1261 538 1316; x_wconf 83' lang='lat' dir='ltr'><strong>bello</strong></span> <span class='ocrx_word' id='word_1_83' title='bbox 564 1262 724 1329; x_wconf 87' lang='lat' dir='ltr'><strong>capti,</strong></span> <span class='ocrx_word' id='word_1_84' title='bbox 766 1262 920 1332; x_wconf 88' lang='lat' dir='ltr'><strong>quasi</strong></span> <span class='ocrx_word' id='word_1_85' title='bbox 962 1260 1190 1323; x_wconf 80' lang='lat' dir='ltr'><strong>servati;</strong></span> <span class='ocrx_word' id='word_1_86' title='bbox 1231 1261 1368 1313; x_wconf 89' lang='lat' dir='ltr'><strong>sicut</strong></span> <span class='ocrx_word' id='word_1_87' title='bbox 1399 1260 1724 1328; x_wconf 84' lang='lat' dir='ltr'><strong>mancipium</strong></span> <span class='ocrx_word' id='word_1_88' title='bbox 1757 1262 1825 1315; x_wconf 91' lang='lat' dir='ltr'><strong>ab</strong></span> <span class='ocrx_word' id='word_1_89' title='bbox 1865 1261 1993 1317; x_wconf 87' lang='lat' dir='ltr'><strong>hos-</strong></span> 
     </span>
    </p>
   </div>
   <div class='ocr_carea' id='block_1_12' title="bbox 397 1350 1991 1425">
    <p class='ocr_par' dir='ltr' id='par_1_12' title="bbox 397 1350 1991 1425">
     <span class='ocr_line' id='line_1_12' title="bbox 397 1350 1991 1425; baseline -0.002 -15"><span class='ocrx_word' id='word_1_90' title='bbox 397 1354 562 1421; x_wconf 87' lang='lat' dir='ltr'><strong>tibus,</strong></span> <span class='ocrx_word' id='word_1_91' title='bbox 592 1358 744 1425; x_wconf 90' lang='lat' dir='ltr'><strong>quasi</strong></span> <span class='ocrx_word' id='word_1_92' title='bbox 778 1372 936 1411; x_wconf 91' lang='lat' dir='ltr'><strong>manu</strong></span> <span class='ocrx_word' id='word_1_93' title='bbox 958 1366 1191 1423; x_wconf 91' lang='lat' dir='ltr'><strong>captum.</strong></span> <span class='ocrx_word' id='word_1_94' title='bbox 1222 1350 1432 1406; x_wconf 88' lang='lat' dir='ltr'><strong>Famuli</strong></span> <span class='ocrx_word' id='word_1_95' title='bbox 1461 1361 1639 1407; x_wconf 89' lang='lat' dir='ltr'><strong>autem</strong></span> <span class='ocrx_word' id='word_1_96' title='bbox 1670 1368 1735 1408; x_wconf 80' lang='lat' dir='ltr'><strong>ex</strong></span> <span class='ocrx_word' id='word_1_97' title='bbox 1762 1353 1991 1423; x_wconf 88' lang='lat' dir='ltr'><strong>propriis</strong></span> 
     </span>
    </p>
   </div>
   <div class='ocr_carea' id='block_1_13' title="bbox 397 1449 772 1507">
    <p class='ocr_par' dir='ltr' id='par_1_13' title="bbox 397 1449 772 1507">
     <span class='ocr_line' id='line_1_13' title="bbox 397 1449 772 1507; baseline 0.003 -2"><span class='ocrx_word' id='word_1_98' title='bbox 397 1449 613 1507; x_wconf 80' lang='lat' dir='ltr'><strong>familiis</strong></span> <span class='ocrx_word' id='word_1_99' title='bbox 645 1452 772 1507; x_wconf 92' lang='lat' dir='ltr'><strong>orti.</strong></span> 
     </span>
    </p>
   </div>
   <div class='ocr_carea' id='block_1_14' title="bbox 469 1539 1992 1599">
    <p class='ocr_par' dir='ltr' id='par_1_14' title="bbox 469 1539 1992 1599">
     <span class='ocr_line' id='line_1_14' title="bbox 469 1539 1992 1599; baseline -0.001 -2"><span class='ocrx_word' id='word_1_100' title='bbox 469 1544 595 1599; x_wconf 85' lang='lat'><strong>526.</strong></span> <span class='ocrx_word' id='word_1_101' title='bbox 636 1543 779 1598; x_wconf 87' lang='lat' dir='ltr'><strong>Inter</strong></span> <span class='ocrx_word' id='word_1_102' title='bbox 835 1540 1139 1595; x_wconf 80' lang='lat' dir='ltr'><strong>Servitutem</strong></span> <span class='ocrx_word' id='word_1_103' title='bbox 1179 1546 1234 1593; x_wconf 89' lang='lat' dir='ltr'><strong>et</strong></span> <span class='ocrx_word' id='word_1_104' title='bbox 1283 1539 1561 1593; x_wconf 77' lang='lat' dir='ltr'><strong>servitium.</strong></span> <span class='ocrx_word' id='word_1_105' title='bbox 1619 1539 1866 1595; x_wconf 84' lang='lat' dir='ltr'><strong>Servitus</strong></span> <span class='ocrx_word' id='word_1_106' title='bbox 1907 1549 1992 1597; x_wconf 91' lang='lat' dir='ltr'><strong>est</strong></span> 
     </span>
    </p>
   </div>
   <div class='ocr_carea' id='block_1_15' title="bbox 398 1628 1989 1695">
    <p class='ocr_par' dir='ltr' id='par_1_15' title="bbox 398 1628 1989 1695">
     <span class='ocr_line' id='line_1_15' title="bbox 398 1628 1989 1695; baseline -0.001 -6"><span class='ocrx_word' id='word_1_107' title='bbox 398 1634 634 1690; x_wconf 91' lang='lat' dir='ltr'><strong>conditio</strong></span> <span class='ocrx_word' id='word_1_108' title='bbox 678 1629 971 1695; x_wconf 83' lang='lat' dir='ltr'><strong>serviendi,</strong></span> <span class='ocrx_word' id='word_1_109' title='bbox 1016 1628 1299 1684; x_wconf 85' lang='lat' dir='ltr'><strong>servitium</strong></span> <span class='ocrx_word' id='word_1_110' title='bbox 1345 1644 1601 1685; x_wconf 90' lang='lat' dir='ltr'><strong>numerus</strong></span> <span class='ocrx_word' id='word_1_111' title='bbox 1639 1629 1989 1690; x_wconf 64' lang='lat' dir='ltr'><strong>scrvientium</strong></span> 
     </span>
    </p>
   </div>
   <div class='ocr_carea' id='block_1_16' title="bbox 400 1721 991 1803">
    <p class='ocr_par' dir='ltr' id='par_1_16' title="bbox 400 1721 991 1803">
     <span class='ocr_line' id='line_1_16' title="bbox 400 1721 991 1803; baseline -0.005 -21"><span class='ocrx_word' id='word_1_112' title='bbox 400 1730 534 1803; x_wconf 85' lang='lat' dir='ltr'><strong>[Al.,</strong></span> <span class='ocrx_word' id='word_1_113' title='bbox 565 1739 839 1780; x_wconf 88' lang='lat' dir='ltr'><strong>servorum</strong></span> <span class='ocrx_word' id='word_1_114' title='bbox 865 1721 991 1793; x_wconf 87' lang='lat' dir='ltr'><strong>est].</strong></span> 
     </span>
    </p>
   </div>
   <div class='ocr_carea' id='block_1_17' title="bbox 2097 515 2946 575">
    <p class='ocr_par' dir='ltr' id='par_1_17' title="bbox 2097 515 2946 575">
     <span class='ocr_line' id='line_1_17' title="bbox 2097 515 2946 575; baseline 0.006 -4"><span class='ocrx_word' id='word_1_115' title='bbox 2097 515 2337 571; x_wconf 90' lang='lat' dir='ltr'><strong>conditio</strong></span> <span class='ocrx_word' id='word_1_116' title='bbox 2367 522 2630 572; x_wconf 87' lang='lat' dir='ltr'><strong>senectuti</strong></span> <span class='ocrx_word' id='word_1_117' title='bbox 2662 518 2946 575; x_wconf 85' lang='lat' dir='ltr'><strong>accedens.</strong></span> 
     </span>
    </p>
   </div>
   <div class='ocr_carea' id='block_1_18' title="bbox 2167 608 3696 690">
    <p class='ocr_par' dir='ltr' id='par_1_18' title="bbox 2167 608 3696 690">
     <span class='ocr_line' id='line_1_18' title="bbox 2167 608 3696 690; baseline 0.007 -27"><span class='ocrx_word' id='word_1_118' title='bbox 2167 608 2294 663; x_wconf 80' lang='lat'><strong>552.</strong></span> <span class='ocrx_word' id='word_1_119' title='bbox 2325 609 2467 664; x_wconf 89' lang='lat' dir='ltr'><strong>Inter</strong></span> <span class='ocrx_word' id='word_1_120' title='bbox 2498 610 2698 665; x_wconf 78' lang='lat' dir='ltr'><strong>Sonam</strong></span> <span class='ocrx_word' id='word_1_121' title='bbox 2731 620 2787 666; x_wconf 91' lang='lat' dir='ltr'><strong>et</strong></span> <span class='ocrx_word' id='word_1_122' title='bbox 2823 614 3067 668; x_wconf 76' lang='lat' dir='ltr'><strong>sonitum.</strong></span> <span class='ocrx_word' id='word_1_123' title='bbox 3098 612 3277 669; x_wconf 87' lang='lat' dir='ltr'><strong>Sonus</strong></span> <span class='ocrx_word' id='word_1_124' title='bbox 3300 613 3432 687; x_wconf 78' lang='grc' dir='ltr'><strong>[Αι.,</strong></span> <span class='ocrx_word' id='word_1_125' title='bbox 3462 615 3696 690; x_wconf 82' lang='lat' dir='ltr'><strong>sonitus]</strong></span> 
     </span>
    </p>
   </div>
   <div class='ocr_carea' id='block_1_19' title="bbox 2098 701 3692 781">
    <p class='ocr_par' dir='ltr' id='par_1_19' title="bbox 2098 701 3692 781">
     <span class='ocr_line' id='line_1_19' title="bbox 2098 701 3692 781; baseline 0.005 -26"><span class='ocrx_word' id='word_1_126' title='bbox 2098 708 2182 755; x_wconf 85' lang='lat' dir='ltr'><strong>est</strong></span> <span class='ocrx_word' id='word_1_127' title='bbox 2222 701 2479 773; x_wconf 85' lang='lat' dir='ltr'><strong>quidquid</strong></span> <span class='ocrx_word' id='word_1_128' title='bbox 2526 703 2742 758; x_wconf 84' lang='lat' dir='ltr'><strong>auditur</strong></span> <span class='ocrx_word' id='word_1_129' title='bbox 2780 703 3059 769; x_wconf 86' lang='lat' dir='ltr'><strong>sensibile,</strong></span> <span class='ocrx_word' id='word_1_130' title='bbox 3091 706 3298 761; x_wconf 89' lang='lat' dir='ltr'><strong>sonitus</strong></span> <span class='ocrx_word' id='word_1_131' title='bbox 3338 705 3472 778; x_wconf 79' lang='grc' dir='ltr'><strong>[Αι.,</strong></span> <span class='ocrx_word' id='word_1_132' title='bbox 3504 709 3692 781; x_wconf 88' lang='lat' dir='ltr'><strong>sonus]</strong></span> 
     </span>
    </p>
   </div>
   <div class='ocr_carea' id='block_1_20' title="bbox 2093 792 3425 869">
    <p class='ocr_par' dir='ltr' id='par_1_20' title="bbox 2093 792 3425 869">
     <span class='ocr_line' id='line_1_20' title="bbox 2093 792 3425 869; baseline 0.009 -23"><span class='ocrx_word' id='word_1_133' title='bbox 2093 807 2225 847; x_wconf 85' lang='lat' dir='ltr'><strong>vero</strong></span> <span class='ocrx_word' id='word_1_134' title='bbox 2250 793 2494 850; x_wconf 82' lang='lat' dir='ltr'><strong>confusio</strong></span> <span class='ocrx_word' id='word_1_135' title='bbox 2519 794 2656 869; x_wconf 84' lang='grc' dir='ltr'><strong>[Αι.,</strong></span> <span class='ocrx_word' id='word_1_136' title='bbox 2687 792 2947 866; x_wconf 83' lang='lat' dir='ltr'><strong>confusae]</strong></span> <span class='ocrx_word' id='word_1_137' title='bbox 2974 797 3119 852; x_wconf 81' lang='lat' dir='ltr'><strong>vocis</strong></span> <span class='ocrx_word' id='word_1_138' title='bbox 3150 798 3425 858; x_wconf 81' lang='lat' dir='ltr'><strong>tubarum.</strong></span> 
     </span>
    </p>
   </div>
   <div class='ocr_carea' id='block_1_21' title="bbox 2167 885 3698 964">
    <p class='ocr_par' dir='ltr' id='par_1_21' title="bbox 2167 885 3698 964">
     <span class='ocr_line' id='line_1_21' title="bbox 2167 885 3698 964; baseline 0.003 -22"><span class='ocrx_word' id='word_1_139' title='bbox 2167 885 2294 942; x_wconf 79' lang='grc'><strong>555.</strong></span> <span class='ocrx_word' id='word_1_140' title='bbox 2336 886 2521 959; x_wconf 86' lang='lat' dir='ltr'><strong>Spolia</strong></span> <span class='ocrx_word' id='word_1_141' title='bbox 2571 888 2639 942; x_wconf 92' lang='lat' dir='ltr'><strong>ad</strong></span> <span class='ocrx_word' id='word_1_142' title='bbox 2688 887 3085 960; x_wconf 75' lang='lat' dir='ltr'><strong>esspoliantes,</strong></span> <span class='ocrx_word' id='word_1_143' title='bbox 3141 892 3339 946; x_wconf 64' lang='lat' dir='ltr'><strong>exuuiae</strong></span> <span class='ocrx_word' id='word_1_144' title='bbox 3380 891 3447 947; x_wconf 89' lang='lat' dir='ltr'><strong>ad</strong></span> <span class='ocrx_word' id='word_1_145' title='bbox 3497 906 3698 964; x_wconf 74' lang='lat' dir='ltr'><strong>exspo-</strong></span> 
     </span>
    </p>
   </div>
   <div class='ocr_carea' id='block_1_22' title="bbox 2095 978 2271 1034">
    <p class='ocr_par' dir='ltr' id='par_1_22' title="bbox 2095 978 2271 1034">
     <span class='ocr_line' id='line_1_22' title="bbox 2095 978 2271 1034; baseline 0 -1"><span class='ocrx_word' id='word_1_146' title='bbox 2095 978 2271 1034; x_wconf 88' lang='lat' dir='ltr'><strong>liatos.</strong></span> 
     </span>
    </p>
   </div>
   <div class='ocr_carea' id='block_1_23' title="bbox 2169 1070 3700 1146">
    <p class='ocr_par' dir='ltr' id='par_1_23' title="bbox 2169 1070 3700 1146">
     <span class='ocr_line' id='line_1_23' title="bbox 2169 1070 3700 1146; baseline 0.007 -22"><span class='ocrx_word' id='word_1_147' title='bbox 2169 1070 2294 1125; x_wconf 78' lang='grc'><strong>554.</strong></span> <span class='ocrx_word' id='word_1_148' title='bbox 2318 1071 2465 1128; x_wconf 90' lang='lat' dir='ltr'><strong>Inter</strong></span> <span class='ocrx_word' id='word_1_149' title='bbox 2488 1071 2702 1128; x_wconf 85' lang='lat' dir='ltr'><strong>Stillam</strong></span> <span class='ocrx_word' id='word_1_150' title='bbox 2721 1083 2775 1129; x_wconf 90' lang='lat' dir='ltr'><strong>et</strong></span> <span class='ocrx_word' id='word_1_151' title='bbox 2796 1080 2995 1145; x_wconf 81' lang='lat' dir='ltr'><strong>guttam</strong></span> <span class='ocrx_word' id='word_1_152' title='bbox 3016 1074 3287 1130; x_wconf 69' lang='lat' dir='ltr'><strong>Palaemon</strong></span> <span class='ocrx_word' id='word_1_153' title='bbox 3319 1079 3700 1146; x_wconf 86' lang='lat' dir='ltr'><strong>grammaticus</strong></span> 
     </span>
    </p>
   </div>
   <div class='ocr_carea' id='block_1_24' title="bbox 2095 1163 3442 1235">
    <p class='ocr_par' dir='ltr' id='par_1_24' title="bbox 2095 1163 3442 1235">
     <span class='ocr_line' id='line_1_24' title="bbox 2095 1163 3442 1235; baseline 0.004 -18"><span class='ocrx_word' id='word_1_154' title='bbox 2095 1163 2166 1217; x_wconf 79' lang='lat' dir='ltr'><strong>ita</strong></span> <span class='ocrx_word' id='word_1_155' title='bbox 2188 1163 2505 1234; x_wconf 88' lang='lat' dir='ltr'><strong>distinguit:</strong></span> <span class='ocrx_word' id='word_1_156' title='bbox 2532 1163 2712 1229; x_wconf 81' lang='lat' dir='ltr'><strong>Gutta,</strong></span> <span class='ocrx_word' id='word_1_157' title='bbox 2737 1164 2927 1235; x_wconf 86' lang='lat' dir='ltr'><strong>inquit,</strong></span> <span class='ocrx_word' id='word_1_158' title='bbox 2950 1175 3087 1233; x_wconf 89' lang='lat' dir='ltr'><strong>stat;</strong></span> <span class='ocrx_word' id='word_1_159' title='bbox 3111 1165 3253 1220; x_wconf 80' lang='lat' dir='ltr'><strong>stilla</strong></span> <span class='ocrx_word' id='word_1_160' title='bbox 3284 1168 3442 1223; x_wconf 87' lang='lat' dir='ltr'><strong>cadit.</strong></span> 
     </span>
    </p>
   </div>
   <div class='ocr_carea' id='block_1_25' title="bbox 2166 1252 3699 1329">
    <p class='ocr_par' dir='ltr' id='par_1_25' title="bbox 2166 1252 3699 1329">
     <span class='ocr_line' id='line_1_25' title="bbox 2166 1252 3699 1329; baseline 0.006 -20"><span class='ocrx_word' id='word_1_161' title='bbox 2166 1252 2295 1321; x_wconf 80' lang='grc'><strong>555.</strong></span> <span class='ocrx_word' id='word_1_162' title='bbox 2340 1254 2486 1310; x_wconf 90' lang='lat' dir='ltr'><strong>Inter</strong></span> <span class='ocrx_word' id='word_1_163' title='bbox 2531 1255 2817 1311; x_wconf 84' lang='lat' dir='ltr'><strong>Stationem</strong></span> <span class='ocrx_word' id='word_1_164' title='bbox 2857 1267 2910 1312; x_wconf 89' lang='lat' dir='ltr'><strong>et</strong></span> <span class='ocrx_word' id='word_1_165' title='bbox 2937 1268 3167 1329; x_wconf 75' lang='lat' dir='ltr'><strong>portum.</strong></span> <span class='ocrx_word' id='word_1_166' title='bbox 3218 1258 3393 1314; x_wconf 83' lang='lat' dir='ltr'><strong>Statio</strong></span> <span class='ocrx_word' id='word_1_167' title='bbox 3442 1270 3556 1325; x_wconf 85' lang='lat' dir='ltr'><strong>eSI,</strong></span> <span class='ocrx_word' id='word_1_168' title='bbox 3606 1263 3699 1317; x_wconf 88' lang='lat' dir='ltr'><strong>ubi</strong></span> 
     </span>
    </p>
   </div>
   <div class='ocr_carea' id='block_1_26' title="bbox 2096 1349 3699 1422">
    <p class='ocr_par' dir='ltr' id='par_1_26' title="bbox 2096 1349 3699 1422">
     <span class='ocr_line' id='line_1_26' title="bbox 2096 1349 3699 1422; baseline 0.006 -19"><span class='ocrx_word' id='word_1_169' title='bbox 2096 1349 2162 1403; x_wconf 87' lang='lat' dir='ltr'><strong>ad</strong></span> <span class='ocrx_word' id='word_1_170' title='bbox 2208 1362 2419 1419; x_wconf 83' lang='lat' dir='ltr'><strong>tempus</strong></span> <span class='ocrx_word' id='word_1_171' title='bbox 2467 1360 2613 1406; x_wconf 84' lang='lat' dir='ltr'><strong>stant</strong></span> <span class='ocrx_word' id='word_1_172' title='bbox 2656 1367 2845 1419; x_wconf 88' lang='lat' dir='ltr'><strong>naves,</strong></span> <span class='ocrx_word' id='word_1_173' title='bbox 2898 1362 3085 1422; x_wconf 89' lang='lat' dir='ltr'><strong>portus</strong></span> <span class='ocrx_word' id='word_1_174' title='bbox 3129 1354 3217 1408; x_wconf 88' lang='lat' dir='ltr'><strong>ubi</strong></span> <span class='ocrx_word' id='word_1_175' title='bbox 3256 1353 3514 1409; x_wconf 87' lang='lat' dir='ltr'><strong>hiemant.</strong></span> <span class='ocrx_word' id='word_1_176' title='bbox 3565 1354 3699 1413; x_wconf 83' lang='lat' dir='ltr'><strong>Nam</strong></span> 
     </span>
    </p>
   </div>
   <div class='ocr_carea' id='block_1_27' title="bbox 2097 1434 3701 1516">
    <p class='ocr_par' dir='ltr' id='par_1_27' title="bbox 2097 1434 3701 1516">
     <span class='ocr_line' id='line_1_27' title="bbox 2097 1434 3701 1516; baseline 0.007 -21"><span class='ocrx_word' id='word_1_177' title='bbox 2097 1451 2286 1512; x_wconf 89' lang='lat' dir='ltr'><strong>portus</strong></span> <span class='ocrx_word' id='word_1_178' title='bbox 2318 1443 2468 1498; x_wconf 87' lang='lat' dir='ltr'><strong>locus</strong></span> <span class='ocrx_word' id='word_1_179' title='bbox 2523 1444 2740 1516; x_wconf 83' lang='lat' dir='ltr'><strong>ignotus</strong></span> <span class='ocrx_word' id='word_1_180' title='bbox 2785 1454 2870 1499; x_wconf 89' lang='lat' dir='ltr'><strong>est</strong></span> <span class='ocrx_word' id='word_1_181' title='bbox 2913 1445 2982 1500; x_wconf 86' lang='lat' dir='ltr'><strong>ab</strong></span> <span class='ocrx_word' id='word_1_182' title='bbox 3012 1460 3232 1502; x_wconf 89' lang='lat' dir='ltr'><strong>accessu</strong></span> <span class='ocrx_word' id='word_1_183' title='bbox 3262 1434 3565 1515; x_wconf 83' lang='lat' dir='ltr'><strong>ventorum,</strong></span> <span class='ocrx_word' id='word_1_184' title='bbox 3610 1450 3701 1506; x_wconf 86' lang='lat' dir='ltr'><strong>ubi</strong></span> 
     </span>
    </p>
   </div>
   <div class='ocr_carea' id='block_1_28' title="bbox 2096 1534 2856 1607">
    <p class='ocr_par' dir='ltr' id='par_1_28' title="bbox 2096 1534 2856 1607">
     <span class='ocr_line' id='line_1_28' title="bbox 2096 1534 2856 1607; baseline 0.003 -18"><span class='ocrx_word' id='word_1_185' title='bbox 2096 1534 2323 1591; x_wconf 87' lang='lat' dir='ltr'><strong>hiberna</strong></span> <span class='ocrx_word' id='word_1_186' title='bbox 2354 1551 2630 1607; x_wconf 89' lang='lat' dir='ltr'><strong>opponere</strong></span> <span class='ocrx_word' id='word_1_187' title='bbox 2656 1539 2856 1594; x_wconf 85' lang='lat' dir='ltr'><strong>solent.</strong></span> 
     </span>
    </p>
   </div>
   <div class='ocr_carea' id='block_1_29' title="bbox 2174 1630 3698 1705">
    <p class='ocr_par' dir='ltr' id='par_1_29' title="bbox 2174 1630 3698 1705">
     <span class='ocr_line' id='line_1_29' title="bbox 2174 1630 3698 1705; baseline 0.006 -21"><span class='ocrx_word' id='word_1_188' title='bbox 2174 1630 2297 1685; x_wconf 85' lang='grc'><strong>556.</strong></span> <span class='ocrx_word' id='word_1_189' title='bbox 2333 1630 2479 1685; x_wconf 87' lang='lat' dir='ltr'><strong>Inter</strong></span> <span class='ocrx_word' id='word_1_190' title='bbox 2523 1631 2778 1687; x_wconf 81' lang='lat' dir='ltr'><strong>Serenum</strong></span> <span class='ocrx_word' id='word_1_191' title='bbox 2806 1642 2861 1687; x_wconf 88' lang='lat' dir='ltr'><strong>et</strong></span> <span class='ocrx_word' id='word_1_192' title='bbox 2888 1636 3241 1705; x_wconf 85' lang='lat' dir='ltr'><strong>tranquillum.</strong></span> <span class='ocrx_word' id='word_1_193' title='bbox 3273 1636 3532 1692; x_wconf 89' lang='lat' dir='ltr'><strong>Serenum</strong></span> <span class='ocrx_word' id='word_1_194' title='bbox 3556 1638 3698 1693; x_wconf 87' lang='lat' dir='ltr'><strong>enim</strong></span> 
     </span>
    </p>
   </div>
   <div class='ocr_carea' id='block_1_30' title="bbox 2097 1719 3705 1800">
    <p class='ocr_par' dir='ltr' id='par_1_30' title="bbox 2097 1719 3705 1800">
     <span class='ocr_line' id='line_1_30' title="bbox 2097 1719 3705 1800; baseline 0.008 -26"><span class='ocrx_word' id='word_1_195' title='bbox 2097 1719 2163 1774; x_wconf 90' lang='lat' dir='ltr'><strong>ad</strong></span> <span class='ocrx_word' id='word_1_196' title='bbox 2218 1723 2413 1777; x_wconf 76' lang='lat' dir='ltr'><strong>cmlum</strong></span> <span class='ocrx_word' id='word_1_197' title='bbox 2460 1722 2651 1778; x_wconf 89' lang='lat' dir='ltr'><strong>referri</strong></span> <span class='ocrx_word' id='word_1_198' title='bbox 2700 1734 2897 1794; x_wconf 89' lang='lat' dir='ltr'><strong>potest,</strong></span> <span class='ocrx_word' id='word_1_199' title='bbox 2941 1726 3006 1779; x_wconf 85' lang='lat' dir='ltr'><strong>ad</strong></span> <span class='ocrx_word' id='word_1_200' title='bbox 3050 1742 3199 1783; x_wconf 89' lang='lat' dir='ltr'><strong>mare</strong></span> <span class='ocrx_word' id='word_1_201' title='bbox 3241 1742 3347 1783; x_wconf 91' lang='lat' dir='ltr'><strong>non</strong></span> <span class='ocrx_word' id='word_1_202' title='bbox 3378 1738 3573 1800; x_wconf 84' lang='lat' dir='ltr'><strong>potest.</strong></span> <span class='ocrx_word' id='word_1_203' title='bbox 3606 1731 3705 1788; x_wconf 86' lang='lat' dir='ltr'><strong>Se-</strong></span> 
     </span>
    </p>
   </div>
   <div class='ocr_carea' id='block_1_31' title="bbox 468 1812 3565 1889">
    <p class='ocr_par' dir='ltr' id='par_1_31' title="bbox 468 1812 3565 1889">
     <span class='ocr_line' id='line_1_31' title="bbox 468 1812 3565 1889; baseline 0.004 -16"><span class='ocrx_word' id='word_1_204' title='bbox 468 1818 593 1873; x_wconf 83' lang='lat'><strong>527.</strong></span> <span class='ocrx_word' id='word_1_205' title='bbox 630 1816 771 1870; x_wconf 91' lang='lat' dir='ltr'><strong>Inter</strong></span> <span class='ocrx_word' id='word_1_206' title='bbox 798 1815 1049 1871; x_wconf 83' lang='lat' dir='ltr'><strong>Socerum</strong></span> <span class='ocrx_word' id='word_1_207' title='bbox 1086 1823 1141 1872; x_wconf 88' lang='lat' dir='ltr'><strong>et</strong></span> <span class='ocrx_word' id='word_1_208' title='bbox 1170 1831 1395 1872; x_wconf 89' lang='lat' dir='ltr'><strong>socrum.</strong></span> <span class='ocrx_word' id='word_1_209' title='bbox 1424 1815 1683 1873; x_wconf 89' lang='lat' dir='ltr'><strong>Socerum</strong></span> <span class='ocrx_word' id='word_1_210' title='bbox 1711 1818 1885 1874; x_wconf 85' lang='lat' dir='ltr'><strong>virum</strong></span> <span class='ocrx_word' id='word_1_211' title='bbox 1916 1818 1999 1875; x_wconf 91' lang='lat' dir='ltr'><strong>di-</strong></span> <span class='ocrx_word' id='word_1_212' title='bbox 2024 1812 2075 1875; x_wconf 80' lang='grc' dir='ltr'><strong>Β</strong></span> <span class='ocrx_word' id='word_1_213' title='bbox 2104 1828 2293 1869; x_wconf 75' lang='lat' dir='ltr'><strong>renum</strong></span> <span class='ocrx_word' id='word_1_214' title='bbox 2324 1813 2467 1868; x_wconf 71' lang='lat' dir='ltr'><strong>enim</strong></span> <span class='ocrx_word' id='word_1_215' title='bbox 2499 1814 2695 1869; x_wconf 65' lang='lat' dir='ltr'><strong>leum</strong></span> <span class='ocrx_word' id='word_1_216' title='bbox 2723 1816 2980 1883; x_wconf 72' lang='grc' dir='ltr'><strong>ἀίείῐηυεν</strong></span> <span class='ocrx_word' id='word_1_217' title='bbox 3016 1819 3363 1889; x_wconf 63' lang='lat' dir='ltr'><strong>&quot;amittiut&quot;?!</strong></span> <span class='ocrx_word' id='word_1_218' title='bbox 3399 1837 3565 1878; x_wconf 78' lang='lat' dir='ltr'><strong>mare.</strong></span> 
     </span>
    </p>
   </div>
   <div class='ocr_carea' id='block_1_32' title="bbox 398 1908 1147 1975">
    <p class='ocr_par' dir='ltr' id='par_1_32' title="bbox 398 1908 1147 1975">
     <span class='ocr_line' id='line_1_32' title="bbox 398 1908 1147 1975; baseline -0.004 -9"><span class='ocrx_word' id='word_1_219' title='bbox 398 1911 592 1975; x_wconf 89' lang='lat' dir='ltr'><strong>cimus,</strong></span> <span class='ocrx_word' id='word_1_220' title='bbox 626 1921 839 1963; x_wconf 90' lang='lat' dir='ltr'><strong>socrum</strong></span> <span class='ocrx_word' id='word_1_221' title='bbox 868 1908 1147 1963; x_wconf 76' lang='lat' dir='ltr'><strong>feminam.</strong></span> 
     </span>
    </p>
   </div>
   <div class='ocr_carea' id='block_1_33' title="bbox 467 1999 1997 2075">
    <p class='ocr_par' dir='ltr' id='par_1_33' title="bbox 467 1999 1997 2075">
     <span class='ocr_line' id='line_1_33' title="bbox 467 1999 1997 2075; baseline 0.007 -21"><span class='ocrx_word' id='word_1_222' title='bbox 467 2000 591 2057; x_wconf 80' lang='lat'><strong>528.</strong></span> <span class='ocrx_word' id='word_1_223' title='bbox 625 1999 768 2057; x_wconf 87' lang='lat' dir='ltr'><strong>Inter</strong></span> <span class='ocrx_word' id='word_1_224' title='bbox 796 2002 1199 2059; x_wconf 84' lang='lat' dir='ltr'><strong>Similitudinem</strong></span> <span class='ocrx_word' id='word_1_225' title='bbox 1222 2012 1277 2059; x_wconf 86' lang='lat' dir='ltr'><strong>et</strong></span> <span class='ocrx_word' id='word_1_226' title='bbox 1305 2004 1547 2075; x_wconf 75' lang='lat' dir='ltr'><strong>figuram.</strong></span> <span class='ocrx_word' id='word_1_227' title='bbox 1580 2004 1887 2063; x_wconf 89' lang='lat' dir='ltr'><strong>Similitudo</strong></span> <span class='ocrx_word' id='word_1_228' title='bbox 1912 2015 1997 2064; x_wconf 85' lang='lat' dir='ltr'><strong>est</strong></span> 
     </span>
    </p>
   </div>
   <div class='ocr_carea' id='block_1_34' title="bbox 396 2094 1993 2171">
    <p class='ocr_par' dir='ltr' id='par_1_34' title="bbox 396 2094 1993 2171">
     <span class='ocr_line' id='line_1_34' title="bbox 396 2094 1993 2171; baseline 0.003 -21"><span class='ocrx_word' id='word_1_229' title='bbox 396 2110 515 2150; x_wconf 89' lang='lat' dir='ltr'><strong>cum</strong></span> <span class='ocrx_word' id='word_1_230' title='bbox 556 2094 849 2149; x_wconf 90' lang='lat' dir='ltr'><strong>secundum</strong></span> <span class='ocrx_word' id='word_1_231' title='bbox 892 2094 1127 2165; x_wconf 87' lang='lat' dir='ltr'><strong>aliquam</strong></span> <span class='ocrx_word' id='word_1_232' title='bbox 1175 2096 1408 2165; x_wconf 89' lang='lat' dir='ltr'><strong>speciem</strong></span> <span class='ocrx_word' id='word_1_233' title='bbox 1460 2098 1631 2153; x_wconf 88' lang='lat' dir='ltr'><strong>visam</strong></span> <span class='ocrx_word' id='word_1_234' title='bbox 1683 2098 1859 2171; x_wconf 91' lang='lat' dir='ltr'><strong>imago</strong></span> <span class='ocrx_word' id='word_1_235' title='bbox 1909 2100 1993 2157; x_wconf 89' lang='lat' dir='ltr'><strong>vel</strong></span> 
     </span>
    </p>
   </div>
   <div class='ocr_carea' id='block_1_35' title="bbox 396 2186 1997 2261">
    <p class='ocr_par' dir='ltr' id='par_1_35' title="bbox 396 2186 1997 2261">
     <span class='ocr_line' id='line_1_35' title="bbox 396 2186 1997 2261; baseline 0.004 -20"><span class='ocrx_word' id='word_1_236' title='bbox 396 2187 648 2258; x_wconf 76' lang='lat' dir='ltr'><strong>pingitur,</strong></span> <span class='ocrx_word' id='word_1_237' title='bbox 682 2186 767 2241; x_wconf 85' lang='lat' dir='ltr'><strong>vel</strong></span> <span class='ocrx_word' id='word_1_238' title='bbox 796 2186 1078 2242; x_wconf 80' lang='lat' dir='ltr'><strong>formatur.</strong></span> <span class='ocrx_word' id='word_1_239' title='bbox 1128 2187 1324 2259; x_wconf 87' lang='lat' dir='ltr'><strong>Figura</strong></span> <span class='ocrx_word' id='word_1_240' title='bbox 1362 2198 1445 2244; x_wconf 90' lang='lat' dir='ltr'><strong>est</strong></span> <span class='ocrx_word' id='word_1_241' title='bbox 1488 2204 1609 2244; x_wconf 90' lang='lat' dir='ltr'><strong>cum</strong></span> <span class='ocrx_word' id='word_1_242' title='bbox 1642 2190 1997 2261; x_wconf 88' lang='lat' dir='ltr'><strong>impressione</strong></span> 
     </span>
    </p>
   </div>
   <div class='ocr_carea' id='block_1_36' title="bbox 396 2278 1997 2349">
    <p class='ocr_par' dir='ltr' id='par_1_36' title="bbox 396 2278 1997 2349">
     <span class='ocr_line' id='line_1_36' title="bbox 396 2278 1997 2349; baseline 0.005 -15"><span class='ocrx_word' id='word_1_243' title='bbox 396 2278 583 2335; x_wconf 69' lang='lat' dir='ltr'><strong>forma:</strong></span> <span class='ocrx_word' id='word_1_244' title='bbox 603 2278 829 2349; x_wconf 88' lang='lat' dir='ltr'><strong>alicujus</strong></span> <span class='ocrx_word' id='word_1_245' title='bbox 862 2281 1035 2349; x_wconf 88' lang='lat' dir='ltr'><strong>imago</strong></span> <span class='ocrx_word' id='word_1_246' title='bbox 1062 2281 1401 2349; x_wconf 82' lang='lat' dir='ltr'><strong>exprimitur,</strong></span> <span class='ocrx_word' id='word_1_247' title='bbox 1432 2282 1597 2337; x_wconf 88' lang='lat' dir='ltr'><strong>veluti</strong></span> <span class='ocrx_word' id='word_1_248' title='bbox 1624 2284 1669 2338; x_wconf 88' lang='lat' dir='ltr'><strong>si</strong></span> <span class='ocrx_word' id='word_1_249' title='bbox 1698 2284 1751 2339; x_wconf 92' lang='lat' dir='ltr'><strong>in</strong></span> <span class='ocrx_word' id='word_1_250' title='bbox 1780 2300 1905 2341; x_wconf 89' lang='lat' dir='ltr'><strong>cera</strong></span> <span class='ocrx_word' id='word_1_251' title='bbox 1929 2302 1997 2342; x_wconf 77' lang='lat' dir='ltr'><strong>ex</strong></span> 
     </span>
    </p>
   </div>
   <div class='ocr_carea' id='block_1_37' title="bbox 395 2368 1996 2448">
    <p class='ocr_par' dir='ltr' id='par_1_37' title="bbox 395 2368 1996 2448">
     <span class='ocr_line' id='line_1_37' title="bbox 395 2368 1996 2448; baseline 0.006 -24"><span class='ocrx_word' id='word_1_252' title='bbox 395 2368 596 2424; x_wconf 81' lang='lat' dir='ltr'><strong>annulo</strong></span> <span class='ocrx_word' id='word_1_253' title='bbox 640 2368 873 2440; x_wconf 89' lang='lat' dir='ltr'><strong>efﬁgiem</strong></span> <span class='ocrx_word' id='word_1_254' title='bbox 924 2380 1123 2437; x_wconf 91' lang='lat' dir='ltr'><strong>sumat,</strong></span> <span class='ocrx_word' id='word_1_255' title='bbox 1176 2380 1267 2427; x_wconf 91' lang='lat' dir='ltr'><strong>aut</strong></span> <span class='ocrx_word' id='word_1_256' title='bbox 1315 2373 1361 2427; x_wconf 88' lang='lat' dir='ltr'><strong>si</strong></span> <span class='ocrx_word' id='word_1_257' title='bbox 1412 2373 1605 2443; x_wconf 89' lang='lat' dir='ltr'><strong>ﬁgulus</strong></span> <span class='ocrx_word' id='word_1_258' title='bbox 1651 2376 1706 2431; x_wconf 92' lang='lat' dir='ltr'><strong>in</strong></span> <span class='ocrx_word' id='word_1_259' title='bbox 1754 2377 1996 2448; x_wconf 86' lang='lat' dir='ltr'><strong>argillam</strong></span> 
     </span>
    </p>
   </div>
   <div class='ocr_carea' id='block_1_38' title="bbox 398 2462 2000 2541">
    <p class='ocr_par' dir='ltr' id='par_1_38' title="bbox 398 2462 2000 2541">
     <span class='ocr_line' id='line_1_38' title="bbox 398 2462 2000 2541; baseline 0.004 -22"><span class='ocrx_word' id='word_1_260' title='bbox 398 2478 615 2519; x_wconf 89' lang='lat' dir='ltr'><strong>manum</strong></span> <span class='ocrx_word' id='word_1_261' title='bbox 669 2463 986 2533; x_wconf 89' lang='lat' dir='ltr'><strong>vultumque</strong></span> <span class='ocrx_word' id='word_1_262' title='bbox 1030 2462 1263 2534; x_wconf 86' lang='lat' dir='ltr'><strong>aliquem</strong></span> <span class='ocrx_word' id='word_1_263' title='bbox 1312 2464 1607 2535; x_wconf 88' lang='lat' dir='ltr'><strong>imprimat,</strong></span> <span class='ocrx_word' id='word_1_264' title='bbox 1651 2478 1705 2523; x_wconf 92' lang='lat' dir='ltr'><strong>et</strong></span> <span class='ocrx_word' id='word_1_265' title='bbox 1746 2470 2000 2541; x_wconf 82' lang='lat' dir='ltr'><strong>ﬁngendo</strong></span> 
     </span>
    </p>
   </div>
   <div class='ocr_carea' id='block_1_39' title="bbox 400 2556 828 2627">
    <p class='ocr_par' dir='ltr' id='par_1_39' title="bbox 400 2556 828 2627">
     <span class='ocr_line' id='line_1_39' title="bbox 400 2556 828 2627; baseline 0.005 -16"><span class='ocrx_word' id='word_1_266' title='bbox 400 2556 621 2627; x_wconf 88' lang='lat' dir='ltr'><strong>ﬁguram</strong></span> <span class='ocrx_word' id='word_1_267' title='bbox 654 2557 828 2613; x_wconf 87' lang='lat' dir='ltr'><strong>faciat.</strong></span> 
     </span>
    </p>
   </div>
   <div class='ocr_carea' id='block_1_40' title="bbox 468 2649 2003 2728">
    <p class='ocr_par' dir='ltr' id='par_1_40' title="bbox 468 2649 2003 2728">
     <span class='ocr_line' id='line_1_40' title="bbox 468 2649 2003 2728; baseline 0.007 -26"><span class='ocrx_word' id='word_1_268' title='bbox 468 2649 593 2704; x_wconf 79' lang='lat'><strong>529.</strong></span> <span class='ocrx_word' id='word_1_269' title='bbox 636 2649 778 2706; x_wconf 90' lang='lat' dir='ltr'><strong>Inter</strong></span> <span class='ocrx_word' id='word_1_270' title='bbox 816 2649 1131 2721; x_wconf 82' lang='lat' dir='ltr'><strong>Sanguinem</strong></span> <span class='ocrx_word' id='word_1_271' title='bbox 1195 2660 1249 2708; x_wconf 89' lang='lat' dir='ltr'><strong>et</strong></span> <span class='ocrx_word' id='word_1_272' title='bbox 1310 2667 1563 2710; x_wconf 84' lang='lat' dir='ltr'><strong>cruorem.</strong></span> <span class='ocrx_word' id='word_1_273' title='bbox 1633 2655 1865 2728; x_wconf 81' lang='lat' dir='ltr'><strong>Sanguis</strong></span> <span class='ocrx_word' id='word_1_274' title='bbox 1918 2667 2003 2713; x_wconf 89' lang='lat' dir='ltr'><strong>est</strong></span> 
     </span>
    </p>
   </div>
   <div class='ocr_carea' id='block_1_41' title="bbox 398 2743 2002 2813">
    <p class='ocr_par' dir='ltr' id='par_1_41' title="bbox 398 2743 2002 2813">
     <span class='ocr_line' id='line_1_41' title="bbox 398 2743 2002 2813; baseline 0.004 -14"><span class='ocrx_word' id='word_1_275' title='bbox 398 2743 526 2799; x_wconf 89' lang='lat' dir='ltr'><strong>dum</strong></span> <span class='ocrx_word' id='word_1_276' title='bbox 564 2744 616 2797; x_wconf 91' lang='lat' dir='ltr'><strong>in</strong></span> <span class='ocrx_word' id='word_1_277' title='bbox 643 2757 871 2813; x_wconf 90' lang='lat' dir='ltr'><strong>corpore</strong></span> <span class='ocrx_word' id='word_1_278' title='bbox 900 2752 1103 2810; x_wconf 88' lang='lat' dir='ltr'><strong>manet,</strong></span> <span class='ocrx_word' id='word_1_279' title='bbox 1148 2743 1349 2801; x_wconf 71' lang='lat' dir='ltr'><strong>effusus</strong></span> <span class='ocrx_word' id='word_1_280' title='bbox 1370 2761 1499 2802; x_wconf 90' lang='lat' dir='ltr'><strong>vero</strong></span> <span class='ocrx_word' id='word_1_281' title='bbox 1529 2761 1689 2803; x_wconf 92' lang='lat' dir='ltr'><strong>cruor</strong></span> <span class='ocrx_word' id='word_1_282' title='bbox 1720 2748 1795 2803; x_wconf 88' lang='lat' dir='ltr'><strong>ﬁt.</strong></span> <span class='ocrx_word' id='word_1_283' title='bbox 1828 2748 2002 2807; x_wconf 87' lang='lat' dir='ltr'><strong>Cruor</strong></span> 
     </span>
    </p>
   </div>
   <div class='ocr_carea' id='block_1_42' title="bbox 398 2833 2000 2906">
    <p class='ocr_par' dir='ltr' id='par_1_42' title="bbox 398 2833 2000 2906">
     <span class='ocr_line' id='line_1_42' title="bbox 398 2833 2000 2906; baseline 0.003 -16"><span class='ocrx_word' id='word_1_284' title='bbox 398 2843 578 2890; x_wconf 85' lang='lat' dir='ltr'><strong>autem</strong></span> <span class='ocrx_word' id='word_1_285' title='bbox 610 2849 640 2889; x_wconf 93' lang='lat' dir='ltr'><strong>a</strong></span> <span class='ocrx_word' id='word_1_286' title='bbox 669 2833 937 2890; x_wconf 87' lang='lat' dir='ltr'><strong>cruditate</strong></span> <span class='ocrx_word' id='word_1_287' title='bbox 969 2844 1211 2901; x_wconf 89' lang='lat' dir='ltr'><strong>vocatur,</strong></span> <span class='ocrx_word' id='word_1_288' title='bbox 1244 2837 1386 2892; x_wconf 91' lang='lat' dir='ltr'><strong>unde</strong></span> <span class='ocrx_word' id='word_1_289' title='bbox 1415 2847 1472 2892; x_wconf 92' lang='lat' dir='ltr'><strong>et</strong></span> <span class='ocrx_word' id='word_1_290' title='bbox 1502 2839 1795 2895; x_wconf 87' lang='lat' dir='ltr'><strong>crudelitas</strong></span> <span class='ocrx_word' id='word_1_291' title='bbox 1830 2841 2000 2906; x_wconf 85' lang='lat' dir='ltr'><strong>dicta,</strong></span> 
     </span>
    </p>
   </div>
   <div class='ocr_carea' id='block_1_43' title="bbox 400 2926 2000 3002">
    <p class='ocr_par' dir='ltr' id='par_1_43' title="bbox 400 2926 2000 3002">
     <span class='ocr_line' id='line_1_43' title="bbox 400 2926 2000 3002; baseline 0.004 -19"><span class='ocrx_word' id='word_1_292' title='bbox 400 2938 456 2983; x_wconf 88' lang='lat' dir='ltr'><strong>et</strong></span> <span class='ocrx_word' id='word_1_293' title='bbox 497 2926 713 2981; x_wconf 88' lang='lat' dir='ltr'><strong>crudus.</strong></span> <span class='ocrx_word' id='word_1_294' title='bbox 763 2926 867 2981; x_wconf 84' lang='lat' dir='ltr'><strong>Alii</strong></span> <span class='ocrx_word' id='word_1_295' title='bbox 927 2927 1112 2982; x_wconf 90' lang='lat' dir='ltr'><strong>dicunt</strong></span> <span class='ocrx_word' id='word_1_296' title='bbox 1166 2943 1414 2983; x_wconf 88' lang='lat' dir='ltr'><strong>cruorem</strong></span> <span class='ocrx_word' id='word_1_297' title='bbox 1464 2930 1805 2986; x_wconf 89' lang='lat' dir='ltr'><strong>victimarum</strong></span> <span class='ocrx_word' id='word_1_298' title='bbox 1854 2948 2000 3002; x_wconf 87' lang='lat' dir='ltr'><strong>esse,</strong></span> 
     </span>
    </p>
   </div>
   <div class='ocr_carea' id='block_1_44' title="bbox 399 3017 1829 3089">
    <p class='ocr_par' dir='ltr' id='par_1_44' title="bbox 399 3017 1829 3089">
     <span class='ocr_line' id='line_1_44' title="bbox 399 3017 1829 3089; baseline 0.002 -17"><span class='ocrx_word' id='word_1_299' title='bbox 399 3018 709 3088; x_wconf 88' lang='lat' dir='ltr'><strong>sanguinem</strong></span> <span class='ocrx_word' id='word_1_300' title='bbox 742 3017 1032 3071; x_wconf 86' lang='lat' dir='ltr'><strong>hominum.</strong></span> <span class='ocrx_word' id='word_1_301' title='bbox 1070 3017 1137 3071; x_wconf 88' lang='lat' dir='ltr'><strong>Ut</strong></span> <span class='ocrx_word' id='word_1_302' title='bbox 1174 3018 1425 3087; x_wconf 86' lang='lat' dir='ltr'><strong>Virgilius</strong></span> <span class='ocrx_word' id='word_1_303' title='bbox 1456 3018 1694 3089; x_wconf 75' lang='lat' dir='ltr'><strong>(/Eneid.</strong></span> <span class='ocrx_word' id='word_1_304' title='bbox 1719 3020 1778 3089; x_wconf 92' lang='lat' dir='ltr'><strong>tt)</strong></span> <span class='ocrx_word' id='word_1_305' title='bbox 1817 3040 1829 3075; x_wconf 90' lang='lat'>:</span> 
     </span>
    </p>
   </div>
   <div class='ocr_carea' id='block_1_45' title="bbox 583 3111 1782 3175">
    <p class='ocr_par' dir='ltr' id='par_1_45' title="bbox 583 3111 1782 3175">
     <span class='ocr_line' id='line_1_45' title="bbox 583 3111 1782 3175; baseline 0.001 -13"><span class='ocrx_word' id='word_1_306' title='bbox 583 3112 835 3175; x_wconf 88' lang='lat' dir='ltr'><strong>Sanguine</strong></span> <span class='ocrx_word' id='word_1_307' title='bbox 855 3111 1081 3175; x_wconf 82' lang='lat' dir='ltr'><strong>placastis</strong></span> <span class='ocrx_word' id='word_1_308' title='bbox 1105 3114 1295 3174; x_wconf 78' lang='lat' dir='ltr'><strong>ventos,</strong></span> <span class='ocrx_word' id='word_1_309' title='bbox 1323 3121 1375 3163; x_wconf 91' lang='lat' dir='ltr'><strong>et</strong></span> <span class='ocrx_word' id='word_1_310' title='bbox 1409 3114 1598 3174; x_wconf 85' lang='lat' dir='ltr'><strong>virgine</strong></span> <span class='ocrx_word' id='word_1_311' title='bbox 1622 3125 1782 3175; x_wconf 77' lang='lat' dir='ltr'><strong>ctesa;</strong></span> 
     </span>
    </p>
   </div>
   <div class='ocr_carea' id='block_1_46' title="bbox 401 3193 1375 3266">
    <p class='ocr_par' dir='ltr' id='par_1_46' title="bbox 401 3193 1375 3266">
     <span class='ocr_line' id='line_1_46' title="bbox 401 3193 1375 3266; baseline -0.001 -15"><span class='ocrx_word' id='word_1_312' title='bbox 401 3193 456 3251; x_wconf 87' lang='lat' dir='ltr'><strong>id</strong></span> <span class='ocrx_word' id='word_1_313' title='bbox 484 3205 583 3260; x_wconf 88' lang='lat' dir='ltr'><strong>est,</strong></span> <span class='ocrx_word' id='word_1_314' title='bbox 618 3195 878 3265; x_wconf 82' lang='lat' dir='ltr'><strong>sanguine</strong></span> <span class='ocrx_word' id='word_1_315' title='bbox 911 3195 1131 3266; x_wconf 85' lang='lat' dir='ltr'><strong>virginis</strong></span> <span class='ocrx_word' id='word_1_316' title='bbox 1162 3195 1375 3251; x_wconf 64' lang='lat' dir='ltr'><strong>occisae.</strong></span> 
     </span>
    </p>
   </div>
   <div class='ocr_carea' id='block_1_47' title="bbox 474 3286 1999 3359">
    <p class='ocr_par' dir='ltr' id='par_1_47' title="bbox 474 3286 1999 3359">
     <span class='ocr_line' id='line_1_47' title="bbox 474 3286 1999 3359; baseline 0.002 -16"><span class='ocrx_word' id='word_1_317' title='bbox 474 3287 597 3343; x_wconf 81' lang='grc'><strong>550.</strong></span> <span class='ocrx_word' id='word_1_318' title='bbox 628 3287 768 3342; x_wconf 92' lang='lat' dir='ltr'><strong>Inter</strong></span> <span class='ocrx_word' id='word_1_319' title='bbox 817 3287 1002 3343; x_wconf 82' lang='lat' dir='ltr'><strong>Sinam</strong></span> <span class='ocrx_word' id='word_1_320' title='bbox 1044 3297 1099 3343; x_wconf 91' lang='lat' dir='ltr'><strong>et</strong></span> <span class='ocrx_word' id='word_1_321' title='bbox 1137 3287 1406 3359; x_wconf 80' lang='lat' dir='ltr'><strong>gremium.</strong></span> <span class='ocrx_word' id='word_1_322' title='bbox 1450 3286 1639 3342; x_wconf 89' lang='lat' dir='ltr'><strong>Sinum</strong></span> <span class='ocrx_word' id='word_1_323' title='bbox 1668 3287 1896 3345; x_wconf 91' lang='lat' dir='ltr'><strong>dicimus</strong></span> <span class='ocrx_word' id='word_1_324' title='bbox 1922 3292 1999 3348; x_wconf 88' lang='lat' dir='ltr'><strong>si-</strong></span> 
     </span>
    </p>
   </div>
   <div class='ocr_carea' id='block_1_48' title="bbox 404 3380 1999 3450">
    <p class='ocr_par' dir='ltr' id='par_1_48' title="bbox 404 3380 1999 3450">
     <span class='ocr_line' id='line_1_48' title="bbox 404 3380 1999 3450; baseline 0.003 -14"><span class='ocrx_word' id='word_1_325' title='bbox 404 3390 579 3436; x_wconf 73' lang='lat' dir='ltr'><strong>nuata:</strong></span> <span class='ocrx_word' id='word_1_326' title='bbox 607 3382 773 3435; x_wconf 89' lang='lat' dir='ltr'><strong>vestis</strong></span> <span class='ocrx_word' id='word_1_327' title='bbox 802 3380 1227 3449; x_wconf 89' lang='lat' dir='ltr'><strong>receptaculum,</strong></span> <span class='ocrx_word' id='word_1_328' title='bbox 1255 3383 1517 3450; x_wconf 87' lang='lat' dir='ltr'><strong>gremium</strong></span> <span class='ocrx_word' id='word_1_329' title='bbox 1548 3381 1775 3436; x_wconf 82' lang='lat' dir='ltr'><strong>interius</strong></span> <span class='ocrx_word' id='word_1_330' title='bbox 1807 3399 1999 3440; x_wconf 84' lang='lat' dir='ltr'><strong>accur-</strong></span> 
     </span>
    </p>
   </div>
   <div class='ocr_carea' id='block_1_49' title="bbox 410 3471 1031 3544">
    <p class='ocr_par' dir='ltr' id='par_1_49' title="bbox 410 3471 1031 3544">
     <span class='ocr_line' id='line_1_49' title="bbox 410 3471 1031 3544; baseline 0.008 -18"><span class='ocrx_word' id='word_1_331' title='bbox 410 3480 531 3527; x_wconf 71' lang='lat' dir='ltr'><strong>tatae</strong></span> <span class='ocrx_word' id='word_1_332' title='bbox 557 3472 690 3544; x_wconf 82' lang='grc' dir='ltr'><strong>[Αι.,</strong></span> <span class='ocrx_word' id='word_1_333' title='bbox 719 3471 1031 3544; x_wconf 73' lang='lat' dir='ltr'><strong>accuratae].</strong></span> 
     </span>
    </p>
   </div>
   <div class='ocr_carea' id='block_1_50' title="bbox 471 3564 2002 3636">
    <p class='ocr_par' dir='ltr' id='par_1_50' title="bbox 471 3564 2002 3636">
     <span class='ocr_line' id='line_1_50' title="bbox 471 3564 2002 3636; baseline 0.004 -16"><span class='ocrx_word' id='word_1_334' title='bbox 471 3566 582 3636; x_wconf 76' lang='lat'><strong>68</strong></span> <span class='ocrx_word' id='word_1_335' title='bbox 612 3564 735 3621; x_wconf 78' lang='grc'><strong>551.</strong></span> <span class='ocrx_word' id='word_1_336' title='bbox 769 3566 910 3621; x_wconf 90' lang='lat' dir='ltr'><strong>Inter</strong></span> <span class='ocrx_word' id='word_1_337' title='bbox 949 3566 1165 3621; x_wconf 88' lang='lat' dir='ltr'><strong>Senium</strong></span> <span class='ocrx_word' id='word_1_338' title='bbox 1194 3575 1249 3624; x_wconf 91' lang='lat' dir='ltr'><strong>et</strong></span> <span class='ocrx_word' id='word_1_339' title='bbox 1275 3576 1597 3621; x_wconf 79' lang='lat' dir='ltr'><strong>senectutem.</strong></span> <span class='ocrx_word' id='word_1_340' title='bbox 1624 3568 1887 3625; x_wconf 89' lang='lat' dir='ltr'><strong>Senectus</strong></span> <span class='ocrx_word' id='word_1_341' title='bbox 1917 3580 2002 3626; x_wconf 90' lang='lat' dir='ltr'><strong>est</strong></span> 
     </span>
    </p>
   </div>
   <div class='ocr_carea' id='block_1_51' title="bbox 402 3657 1999 3727">
    <p class='ocr_par' dir='ltr' id='par_1_51' title="bbox 402 3657 1999 3727">
     <span class='ocr_line' id='line_1_51' title="bbox 402 3657 1999 3727; baseline 0.005 -19"><span class='ocrx_word' id='word_1_342' title='bbox 402 3657 615 3727; x_wconf 80' lang='lat' dir='ltr'><strong>gravior</strong></span> <span class='ocrx_word' id='word_1_343' title='bbox 660 3665 791 3712; x_wconf 80' lang='lat' dir='ltr'><strong>tetas</strong></span> <span class='ocrx_word' id='word_1_344' title='bbox 838 3665 958 3726; x_wconf 90' lang='lat' dir='ltr'><strong>post</strong></span> <span class='ocrx_word' id='word_1_345' title='bbox 1000 3657 1337 3727; x_wconf 89' lang='lat' dir='ltr'><strong>juventutem</strong></span> <span class='ocrx_word' id='word_1_346' title='bbox 1386 3659 1729 3725; x_wconf 84' lang='lat' dir='ltr'><strong>succedens,</strong></span> <span class='ocrx_word' id='word_1_347' title='bbox 1791 3662 1999 3716; x_wconf 89' lang='lat' dir='ltr'><strong>senium</strong></span> 
     </span>
    </p>
   </div>
   <div class='ocr_carea' id='block_1_52' title="bbox 404 3748 1995 3822">
    <p class='ocr_par' dir='ltr' id='par_1_52' title="bbox 404 3748 1995 3822">
     <span class='ocr_line' id='line_1_52' title="bbox 404 3748 1995 3822; baseline 0.006 -19"><span class='ocrx_word' id='word_1_348' title='bbox 404 3759 581 3803; x_wconf 90' lang='lat' dir='ltr'><strong>autem</strong></span> <span class='ocrx_word' id='word_1_349' title='bbox 630 3748 813 3804; x_wconf 89' lang='lat' dir='ltr'><strong>ultima</strong></span> <span class='ocrx_word' id='word_1_350' title='bbox 870 3759 1000 3807; x_wconf 78' lang='lat' dir='ltr'><strong>tetas</strong></span> <span class='ocrx_word' id='word_1_351' title='bbox 1064 3762 1183 3822; x_wconf 90' lang='lat' dir='ltr'><strong>post</strong></span> <span class='ocrx_word' id='word_1_352' title='bbox 1238 3752 1553 3822; x_wconf 87' lang='lat' dir='ltr'><strong>gravitatem</strong></span> <span class='ocrx_word' id='word_1_353' title='bbox 1608 3756 1851 3811; x_wconf 89' lang='lat' dir='ltr'><strong>veniens.</strong></span> <span class='ocrx_word' id='word_1_354' title='bbox 1904 3756 1995 3812; x_wconf 88' lang='lat' dir='ltr'><strong>Sic</strong></span> 
     </span>
    </p>
   </div>
   <div class='ocr_carea' id='block_1_53' title="bbox 404 3843 2000 3905">
    <p class='ocr_par' dir='ltr' id='par_1_53' title="bbox 404 3843 2000 3905">
     <span class='ocr_line' id='line_1_53' title="bbox 404 3843 2000 3905; baseline 0.004 -8"><span class='ocrx_word' id='word_1_355' title='bbox 404 3856 570 3897; x_wconf 81' lang='lat' dir='ltr'><strong>senex</strong></span> <span class='ocrx_word' id='word_1_356' title='bbox 598 3850 654 3897; x_wconf 88' lang='lat' dir='ltr'><strong>et</strong></span> <span class='ocrx_word' id='word_1_357' title='bbox 680 3844 879 3902; x_wconf 86' lang='lat' dir='ltr'><strong>senior.</strong></span> <span class='ocrx_word' id='word_1_358' title='bbox 914 3843 1045 3897; x_wconf 85' lang='lat' dir='ltr'><strong>Nam</strong></span> <span class='ocrx_word' id='word_1_359' title='bbox 1073 3844 1254 3900; x_wconf 90' lang='lat' dir='ltr'><strong>senior</strong></span> <span class='ocrx_word' id='word_1_360' title='bbox 1282 3844 1457 3900; x_wconf 90' lang='lat' dir='ltr'><strong>adhuc</strong></span> <span class='ocrx_word' id='word_1_361' title='bbox 1498 3844 1738 3905; x_wconf 88' lang='lat' dir='ltr'><strong>viridior.</strong></span> <span class='ocrx_word' id='word_1_362' title='bbox 1772 3848 1841 3903; x_wconf 90' lang='lat' dir='ltr'><strong>Ut</strong></span> <span class='ocrx_word' id='word_1_363' title='bbox 1871 3849 2000 3904; x_wconf 91' lang='lat' dir='ltr'><strong>illud</strong></span> 
     </span>
    </p>
   </div>
   <div class='ocr_carea' id='block_1_54' title="bbox 410 3936 800 4006">
    <p class='ocr_par' dir='ltr' id='par_1_54' title="bbox 410 3936 800 4006">
     <span class='ocr_line' id='line_1_54' title="bbox 410 3936 800 4006; baseline 0.003 -15"><span class='ocrx_word' id='word_1_364' title='bbox 410 3936 758 4006; x_wconf 85' lang='lat' dir='ltr'><strong>Virgilianum</strong></span> <span class='ocrx_word' id='word_1_365' title='bbox 786 3954 800 3992; x_wconf 92' lang='lat'><strong>:</strong></span> 
     </span>
    </p>
   </div>
   <div class='ocr_carea' id='block_1_55' title="bbox 558 4031 1842 4096">
    <p class='ocr_par' dir='ltr' id='par_1_55' title="bbox 558 4031 1842 4096">
     <span class='ocr_line' id='line_1_55' title="bbox 558 4031 1842 4096; baseline 0.001 -14"><span class='ocrx_word' id='word_1_366' title='bbox 558 4031 667 4082; x_wconf 83' lang='lat' dir='ltr'><strong>Jam</strong></span> <span class='ocrx_word' id='word_1_367' title='bbox 690 4032 877 4095; x_wconf 88' lang='lat' dir='ltr'><strong>senior,</strong></span> <span class='ocrx_word' id='word_1_368' title='bbox 903 4032 993 4083; x_wconf 87' lang='lat' dir='ltr'><strong>sed</strong></span> <span class='ocrx_word' id='word_1_369' title='bbox 1014 4033 1164 4082; x_wconf 84' lang='lat' dir='ltr'><strong>cruda</strong></span> <span class='ocrx_word' id='word_1_370' title='bbox 1186 4031 1283 4083; x_wconf 91' lang='lat' dir='ltr'><strong>deo</strong></span> <span class='ocrx_word' id='word_1_371' title='bbox 1307 4033 1576 4096; x_wconf 89' lang='lat' dir='ltr'><strong>viridisque</strong></span> <span class='ocrx_word' id='word_1_372' title='bbox 1593 4038 1842 4084; x_wconf 80' lang='lat' dir='ltr'><strong>Senectus.</strong></span> 
     </span>
    </p>
   </div>
   <div class='ocr_carea' id='block_1_56' title="bbox 407 4126 2002 4201">
    <p class='ocr_par' dir='ltr' id='par_1_56' title="bbox 407 4126 2002 4201">
     <span class='ocr_line' id='line_1_56' title="bbox 407 4126 2002 4201; baseline 0.001 -18"><span class='ocrx_word' id='word_1_373' title='bbox 407 4126 476 4183; x_wconf 83' lang='lat' dir='ltr'><strong>Et</strong></span> <span class='ocrx_word' id='word_1_374' title='bbox 502 4127 787 4184; x_wconf 87' lang='lat' dir='ltr'><strong>Terentius</strong></span> <span class='ocrx_word' id='word_1_375' title='bbox 820 4144 834 4181; x_wconf 89' lang='lat'><strong>:</strong></span> <span class='ocrx_word' id='word_1_376' title='bbox 876 4127 992 4193; x_wconf 81' lang='lat' dir='ltr'><strong>Quo</strong></span> <span class='ocrx_word' id='word_1_377' title='bbox 1013 4131 1135 4201; x_wconf 85' lang='lat' dir='ltr'><strong>jure</strong></span> <span class='ocrx_word' id='word_1_378' title='bbox 1176 4143 1289 4182; x_wconf 90' lang='lat' dir='ltr'><strong>sum</strong></span> <span class='ocrx_word' id='word_1_379' title='bbox 1318 4144 1441 4183; x_wconf 86' lang='lat' dir='ltr'><strong>usus</strong></span> <span class='ocrx_word' id='word_1_380' title='bbox 1470 4128 1869 4193; x_wconf 82' lang='lat' dir='ltr'><strong>adolescentior;</strong></span> <span class='ocrx_word' id='word_1_381' title='bbox 1900 4146 2002 4185; x_wconf 88' lang='lat' dir='ltr'><strong>non</strong></span> 
     </span>
    </p>
   </div>
   <div class='ocr_carea' id='block_1_57' title="bbox 406 4220 2001 4293">
    <p class='ocr_par' dir='ltr' id='par_1_57' title="bbox 406 4220 2001 4293">
     <span class='ocr_line' id='line_1_57' title="bbox 406 4220 2001 4293; baseline 0.003 -19"><span class='ocrx_word' id='word_1_382' title='bbox 406 4223 577 4291; x_wconf 78' lang='lat' dir='ltr'><strong>utique</strong></span> <span class='ocrx_word' id='word_1_383' title='bbox 600 4222 764 4293; x_wconf 87' lang='lat' dir='ltr'><strong>magis</strong></span> <span class='ocrx_word' id='word_1_384' title='bbox 794 4220 1108 4288; x_wconf 83' lang='lat' dir='ltr'><strong>adolescens,</strong></span> <span class='ocrx_word' id='word_1_385' title='bbox 1156 4222 1244 4276; x_wconf 88' lang='lat' dir='ltr'><strong>sed</strong></span> <span class='ocrx_word' id='word_1_386' title='bbox 1266 4222 1461 4277; x_wconf 85' lang='lat' dir='ltr'><strong>minus.</strong></span> <span class='ocrx_word' id='word_1_387' title='bbox 1494 4221 1560 4277; x_wconf 92' lang='lat' dir='ltr'><strong>Ut</strong></span> <span class='ocrx_word' id='word_1_388' title='bbox 1592 4223 1792 4291; x_wconf 88' lang='lat' dir='ltr'><strong>senior,</strong></span> <span class='ocrx_word' id='word_1_389' title='bbox 1825 4223 2001 4278; x_wconf 87' lang='lat' dir='ltr'><strong>minus</strong></span> 
     </span>
    </p>
   </div>
   <div class='ocr_carea' id='block_1_58' title="bbox 478 4334 1426 4406">
    <p class='ocr_par' dir='ltr' id='par_1_58' title="bbox 478 4334 1426 4406">
     <span class='ocr_line' id='line_1_58' title="bbox 478 4334 1426 4406; baseline -0.002 -18"><span class='ocrx_word' id='word_1_390' title='bbox 478 4334 603 4406; x_wconf 71' lang='lat'><strong>5:23.</strong></span> <span class='ocrx_word' id='word_1_391' title='bbox 635 4334 932 4406; x_wconf 84' lang='lat' dir='ltr'><strong>Etymolog.</strong></span> <span class='ocrx_word' id='word_1_392' title='bbox 965 4334 1057 4394; x_wconf 92' lang='lat' dir='ltr'><strong>lib.</strong></span> <span class='ocrx_word' id='word_1_393' title='bbox 1090 4350 1163 4400; x_wconf 86' lang='lat' dir='ltr'><strong>vt,</strong></span> <span class='ocrx_word' id='word_1_394' title='bbox 1190 4349 1308 4401; x_wconf 86' lang='lat' dir='ltr'><strong>cap.</strong></span> <span class='ocrx_word' id='word_1_395' title='bbox 1337 4334 1426 4389; x_wconf 87' lang='grc'><strong>19.</strong></span> 
     </span>
    </p>
   </div>
   <div class='ocr_carea' id='block_1_59' title="bbox 480 4404 1449 4477">
    <p class='ocr_par' dir='ltr' id='par_1_59' title="bbox 480 4404 1449 4477">
     <span class='ocr_line' id='line_1_59' title="bbox 480 4404 1449 4477; baseline 0 -18"><span class='ocrx_word' id='word_1_396' title='bbox 480 4404 604 4459; x_wconf 68' lang='grc'><strong>521.</strong></span> <span class='ocrx_word' id='word_1_397' title='bbox 642 4404 939 4477; x_wconf 67' lang='lat' dir='ltr'><strong>Etymoltig.</strong></span> <span class='ocrx_word' id='word_1_398' title='bbox 976 4406 1065 4461; x_wconf 92' lang='lat' dir='ltr'><strong>lib.</strong></span> <span class='ocrx_word' id='word_1_399' title='bbox 1094 4422 1185 4471; x_wconf 67' lang='lat' dir='ltr'><strong>xv,</strong></span> <span class='ocrx_word' id='word_1_400' title='bbox 1210 4420 1325 4477; x_wconf 75' lang='lat' dir='ltr'><strong>cap.</strong></span> <span class='ocrx_word' id='word_1_401' title='bbox 1364 4406 1449 4477; x_wconf 85' lang='lat' dir='ltr'><strong>ll_.</strong></span> 
     </span>
    </p>
   </div>
   <div class='ocr_carea' id='block_1_60' title="bbox 475 4474 2088 4547">
    <p class='ocr_par' dir='ltr' id='par_1_60' title="bbox 475 4474 2088 4547">
     <span class='ocr_line' id='line_1_60' title="bbox 475 4474 2088 4547; baseline -0.001 -14"><span class='ocrx_word' id='word_1_402' title='bbox 475 4505 549 4516; x_wconf 97' lang='lat'><strong>—</strong></span> <span class='ocrx_word' id='word_1_403' title='bbox 578 4474 803 4533; x_wconf 83' lang='lat' dir='ltr'><strong>Solium.</strong></span> <span class='ocrx_word' id='word_1_404' title='bbox 830 4474 1010 4542; x_wconf 86' lang='lat' dir='ltr'><strong>Serv.,</strong></span> <span class='ocrx_word' id='word_1_405' title='bbox 1056 4477 1123 4531; x_wconf 85' lang='lat' dir='ltr'><strong>ad</strong></span> <span class='ocrx_word' id='word_1_406' title='bbox 1169 4475 1296 4531; x_wconf 91' lang='lat' dir='ltr'><strong>illud</strong></span> <span class='ocrx_word' id='word_1_407' title='bbox 1338 4492 1356 4529; x_wconf 92' lang='grc' dir='ltr'>ι</span> <span class='ocrx_word' id='word_1_408' title='bbox 1398 4475 1525 4531; x_wconf 67' lang='lat' dir='ltr'><strong>Ain.</strong></span> <span class='ocrx_word' id='word_1_409' title='bbox 1562 4492 1576 4529; x_wconf 89' lang='lat'><strong>:</strong></span> <span class='ocrx_word' id='word_1_410' title='bbox 1610 4474 1851 4547; x_wconf 86' lang='lat' dir='ltr'><strong>Solioqtte</strong></span> <span class='ocrx_word' id='word_1_411' title='bbox 1904 4476 2007 4532; x_wconf 82' lang='lat' dir='ltr'><strong>alte</strong></span> <span class='ocrx_word' id='word_1_412' title='bbox 2037 4482 2088 4541; x_wconf 85' lang='grc' dir='ltr'><strong>Ι)</strong></span> 
     </span>
    </p>
   </div>
   <div class='ocr_carea' id='block_1_61' title="bbox 406 4547 846 4605">
    <p class='ocr_par' dir='ltr' id='par_1_61' title="bbox 406 4547 846 4605">
     <span class='ocr_line' id='line_1_61' title="bbox 406 4547 846 4605; baseline -0.014 0"><span class='ocrx_word' id='word_1_413' title='bbox 406 4547 623 4605; x_wconf 70' lang='lat' dir='ltr'><strong>subnixa</strong></span> <span class='ocrx_word' id='word_1_414' title='bbox 644 4549 846 4602; x_wconf 80' lang='lat' dir='ltr'><strong>resedit.</strong></span> 
     </span>
    </p>
   </div>
   <div class='ocr_carea' id='block_1_62' title="bbox 483 4617 2004 4687">
    <p class='ocr_par' dir='ltr' id='par_1_62' title="bbox 483 4617 2004 4687">
     <span class='ocr_line' id='line_1_62' title="bbox 483 4617 2004 4687; baseline 0.003 -16"><span class='ocrx_word' id='word_1_415' title='bbox 483 4649 555 4661; x_wconf 91' lang='lat'>—</span> <span class='ocrx_word' id='word_1_416' title='bbox 584 4619 743 4672; x_wconf 82' lang='lat' dir='ltr'><strong>Sedes</strong></span> <span class='ocrx_word' id='word_1_417' title='bbox 771 4626 939 4671; x_wconf 87' lang='lat' dir='ltr'><strong>autem</strong></span> <span class='ocrx_word' id='word_1_418' title='bbox 962 4620 1135 4673; x_wconf 83' lang='lat' dir='ltr'><strong>unius.</strong></span> <span class='ocrx_word' id='word_1_419' title='bbox 1160 4617 1374 4677; x_wconf 91' lang='lat' dir='ltr'><strong>Isidor..</strong></span> <span class='ocrx_word' id='word_1_420' title='bbox 1410 4618 1651 4687; x_wconf 79' lang='lat' dir='ltr'><strong>proxime</strong></span> <span class='ocrx_word' id='word_1_421' title='bbox 1676 4619 1837 4673; x_wconf 87' lang='lat' dir='ltr'><strong>citato</strong></span> <span class='ocrx_word' id='word_1_422' title='bbox 1865 4619 2004 4675; x_wconf 91' lang='lat' dir='ltr'><strong>loco.</strong></span> 
     </span>
    </p>
   </div>
   <div class='ocr_carea' id='block_1_63' title="bbox 485 4689 1442 4759">
    <p class='ocr_par' dir='ltr' id='par_1_63' title="bbox 485 4689 1442 4759">
     <span class='ocr_line' id='line_1_63' title="bbox 485 4689 1442 4759; baseline -0.001 -13"><span class='ocrx_word' id='word_1_423' title='bbox 485 4689 607 4746; x_wconf 78' lang='lat'><strong>525.</strong></span> <span class='ocrx_word' id='word_1_424' title='bbox 642 4690 942 4759; x_wconf 88' lang='lat' dir='ltr'><strong>Etymolog.</strong></span> <span class='ocrx_word' id='word_1_425' title='bbox 976 4690 1065 4745; x_wconf 91' lang='lat' dir='ltr'><strong>lib.</strong></span> <span class='ocrx_word' id='word_1_426' title='bbox 1099 4706 1213 4754; x_wconf 87' lang='lat' dir='ltr'><strong>vnt,</strong></span> <span class='ocrx_word' id='word_1_427' title='bbox 1241 4705 1359 4759; x_wconf 90' lang='lat' dir='ltr'><strong>cap.</strong></span> <span class='ocrx_word' id='word_1_428' title='bbox 1388 4689 1442 4745; x_wconf 71' lang='grc'><strong>4.</strong></span> 
     </span>
    </p>
   </div>
   <div class='ocr_carea' id='block_1_64' title="bbox 484 4759 1226 4827">
    <p class='ocr_par' dir='ltr' id='par_1_64' title="bbox 484 4759 1226 4827">
     <span class='ocr_line' id='line_1_64' title="bbox 484 4759 1226 4827; baseline -0.003 -10"><span class='ocrx_word' id='word_1_429' title='bbox 484 4759 612 4817; x_wconf 71' lang='grc'><strong>526.</strong></span> <span class='ocrx_word' id='word_1_430' title='bbox 641 4761 718 4813; x_wconf 82' lang='lat' dir='ltr'><strong>Ex</strong></span> <span class='ocrx_word' id='word_1_431' title='bbox 749 4760 1024 4827; x_wconf 74' lang='lat' dir='ltr'><strong>SOsipatro</strong></span> <span class='ocrx_word' id='word_1_432' title='bbox 1052 4759 1226 4815; x_wconf 84' lang='lat' dir='ltr'><strong>Caris.</strong></span> 
     </span>
    </p>
   </div>
   <div class='ocr_carea' id='block_1_65' title="bbox 490 4830 1411 4902">
    <p class='ocr_par' dir='ltr' id='par_1_65' title="bbox 490 4830 1411 4902">
     <span class='ocr_line' id='line_1_65' title="bbox 490 4830 1411 4902; baseline 0 -17"><span class='ocrx_word' id='word_1_433' title='bbox 490 4831 617 4902; x_wconf 63' lang='lat'><strong>5291</strong></span> <span class='ocrx_word' id='word_1_434' title='bbox 648 4830 1072 4902; x_wconf 75' lang='lat' dir='ltr'><strong>Etymglog.1ib.</strong></span> <span class='ocrx_word' id='word_1_435' title='bbox 1107 4849 1183 4894; x_wconf 72' lang='grc' dir='ltr'><strong>ιι.</strong></span> <span class='ocrx_word' id='word_1_436' title='bbox 1212 4848 1331 4902; x_wconf 87' lang='lat' dir='ltr'><strong>cap.</strong></span> <span class='ocrx_word' id='word_1_437' title='bbox 1362 4834 1411 4885; x_wconf 92' lang='grc'><strong>1.</strong></span> 
     </span>
    </p>
   </div>
   <div class='ocr_carea' id='block_1_66' title="bbox 367 4836 2009 4973">
    <p class='ocr_par' dir='ltr' id='par_1_66' title="bbox 367 4836 2009 4973">
     <span class='ocr_line' id='line_1_66' title="bbox 490 4836 1411 4902; baseline 0 -17"><span class='ocrx_word' id='word_1_438' title='bbox 490 4836 614 4885; x_wconf 86' lang='lat'><strong>529.</strong></span> <span class='ocrx_word' id='word_1_439' title='bbox 648 4836 1072 4899; x_wconf 81' lang='lat' dir='ltr'><strong>Etymolog.1ib.</strong></span> <span class='ocrx_word' id='word_1_440' title='bbox 1107 4849 1183 4894; x_wconf 72' lang='grc' dir='ltr'><strong>ιι.</strong></span> <span class='ocrx_word' id='word_1_441' title='bbox 1212 4848 1331 4902; x_wconf 87' lang='lat' dir='ltr'><strong>cap.</strong></span> <span class='ocrx_word' id='word_1_442' title='bbox 1362 4836 1411 4885; x_wconf 92' lang='grc'><strong>1.</strong></span> 
     </span>
     <span class='ocr_line' id='line_1_67' title="bbox 367 4836 2009 4973; baseline 0.001 -17"><span class='ocrx_word' id='word_1_443' title='bbox 367 4836 385 4972; x_wconf 48' lang='grc' dir='ltr'>ξ</span> <span class='ocrx_word' id='word_1_444' title='bbox 482 4932 552 4942; x_wconf 89' lang='lat'><strong>--</strong></span> <span class='ocrx_word' id='word_1_445' title='bbox 579 4899 767 4973; x_wconf 82' lang='lat' dir='ltr'><strong>Cruor.</strong></span> <span class='ocrx_word' id='word_1_446' title='bbox 807 4898 991 4973; x_wconf 83' lang='lat' dir='ltr'><strong>Serv.,</strong></span> <span class='ocrx_word' id='word_1_447' title='bbox 1033 4903 1097 4957; x_wconf 88' lang='lat' dir='ltr'><strong>ad</strong></span> <span class='ocrx_word' id='word_1_448' title='bbox 1152 4904 1278 4957; x_wconf 87' lang='lat' dir='ltr'><strong>illud</strong></span> <span class='ocrx_word' id='word_1_449' title='bbox 1326 4920 1421 4960; x_wconf 87' lang='lat' dir='ltr'><strong>vttt</strong></span> <span class='ocrx_word' id='word_1_450' title='bbox 1460 4903 1588 4958; x_wconf 64' lang='lat' dir='ltr'><strong>Ain.</strong></span> <span class='ocrx_word' id='word_1_451' title='bbox 1629 4920 1643 4957; x_wconf 89' lang='lat'><strong>:</strong></span> <span class='ocrx_word' id='word_1_452' title='bbox 1691 4902 2009 4973; x_wconf 84' lang='lat' dir='ltr'><strong>Tepidusque</strong></span> 
     </span>
    </p>
   </div>
   <div class='ocr_carea' id='block_1_67' title="bbox 378 4971 1076 5040">
    <p class='ocr_par' dir='ltr' id='par_1_67' title="bbox 378 4971 1076 5040">
     <span class='ocr_line' id='line_1_68' title="bbox 378 4971 1076 5040; baseline 0 -12"><span class='ocrx_word' id='word_1_453' title='bbox 378 4976 381 4979; x_wconf 70' lang='grc'><em>’</em></span> <span class='ocrx_word' id='word_1_454' title='bbox 412 4989 561 5029; x_wconf 88' lang='lat' dir='ltr'><strong>cruor</strong></span> <span class='ocrx_word' id='word_1_455' title='bbox 591 4971 818 5040; x_wconf 79' lang='lat' dir='ltr'><strong>fumabat</strong></span> <span class='ocrx_word' id='word_1_456' title='bbox 848 4972 914 5023; x_wconf 92' lang='lat' dir='ltr'><strong>ad</strong></span> <span class='ocrx_word' id='word_1_457' title='bbox 942 4991 1076 5028; x_wconf 85' lang='lat' dir='ltr'><strong>aras.</strong></span> 
     </span>
    </p>
   </div>
   <div class='ocr_carea' id='block_1_68' title="bbox 378 5043 2009 5115">
    <p class='ocr_par' dir='ltr' id='par_1_68' title="bbox 378 5043 2009 5115">
     <span class='ocr_line' id='line_1_69' title="bbox 378 5043 2009 5115; baseline 0.004 -20"><span class='ocrx_word' id='word_1_458' title='bbox 378 5060 388 5103; x_wconf 69' lang='grc' dir='ltr'>ξ</span> <span class='ocrx_word' id='word_1_459' title='bbox 489 5043 625 5098; x_wconf 77' lang='lat' dir='ltr'><strong>Ibid.</strong></span> <span class='ocrx_word' id='word_1_460' title='bbox 660 5043 712 5096; x_wconf 90' lang='lat' dir='ltr'><strong>In</strong></span> <span class='ocrx_word' id='word_1_461' title='bbox 742 5050 888 5097; x_wconf 79' lang='lat' dir='ltr'><strong>textu</strong></span> <span class='ocrx_word' id='word_1_462' title='bbox 910 5044 1090 5098; x_wconf 81' lang='lat' dir='ltr'><strong>Grialii</strong></span> <span class='ocrx_word' id='word_1_463' title='bbox 1113 5054 1231 5099; x_wconf 81' lang='lat' dir='ltr'><strong>erat</strong></span> <span class='ocrx_word' id='word_1_464' title='bbox 1253 5062 1404 5099; x_wconf 88' lang='lat' dir='ltr'><strong>cruor</strong></span> <span class='ocrx_word' id='word_1_465' title='bbox 1427 5047 1744 5100; x_wconf 76' lang='lat' dir='ltr'><strong>victimarum</strong></span> <span class='ocrx_word' id='word_1_466' title='bbox 1761 5087 1775 5114; x_wconf 87' lang='lat'><strong>,</strong></span> <span class='ocrx_word' id='word_1_467' title='bbox 1800 5061 1894 5115; x_wconf 80' lang='lat' dir='ltr'><strong>per</strong></span> <span class='ocrx_word' id='word_1_468' title='bbox 1919 5062 2009 5102; x_wconf 82' lang='lat' dir='ltr'><strong>cr-</strong></span> 
     </span>
    </p>
   </div>
   <div class='ocr_carea' id='block_1_69' title="bbox 414 5118 1491 5182">
    <p class='ocr_par' dir='ltr' id='par_1_69' title="bbox 414 5118 1491 5182">
     <span class='ocr_line' id='line_1_70' title="bbox 414 5118 1491 5182; baseline 0.003 -13"><span class='ocrx_word' id='word_1_469' title='bbox 414 5131 588 5170; x_wconf 89' lang='lat' dir='ltr'><strong>rorctn</strong></span> <span class='ocrx_word' id='word_1_470' title='bbox 605 5156 622 5181; x_wconf 90' lang='lat'><strong>,</strong></span> <span class='ocrx_word' id='word_1_471' title='bbox 656 5123 711 5168; x_wconf 90' lang='lat' dir='ltr'><strong>ut</strong></span> <span class='ocrx_word' id='word_1_472' title='bbox 736 5125 893 5182; x_wconf 88' lang='lat' dir='ltr'><strong>puto,</strong></span> <span class='ocrx_word' id='word_1_473' title='bbox 919 5129 1016 5182; x_wconf 77' lang='lat' dir='ltr'><strong>pro</strong></span> <span class='ocrx_word' id='word_1_474' title='bbox 1042 5131 1295 5171; x_wconf 85' lang='lat' dir='ltr'><strong>cruorem.</strong></span> <span class='ocrx_word' id='word_1_475' title='bbox 1320 5118 1491 5172; x_wconf 76' lang='lat' dir='ltr'><strong>Antsv.</strong></span> 
     </span>
    </p>
   </div>
   <div class='ocr_carea' id='block_1_70' title="bbox 486 5185 1436 5256">
    <p class='ocr_par' dir='ltr' id='par_1_70' title="bbox 486 5185 1436 5256">
     <span class='ocr_line' id='line_1_71' title="bbox 486 5185 1436 5256; baseline 0.001 -17"><span class='ocrx_word' id='word_1_476' title='bbox 486 5185 612 5241; x_wconf 84' lang='grc'><strong>551.</strong></span> <span class='ocrx_word' id='word_1_477' title='bbox 648 5185 949 5256; x_wconf 79' lang='lat' dir='ltr'><strong>Etymolog.</strong></span> <span class='ocrx_word' id='word_1_478' title='bbox 986 5186 1079 5239; x_wconf 89' lang='lat' dir='ltr'><strong>lib.</strong></span> <span class='ocrx_word' id='word_1_479' title='bbox 1114 5202 1202 5253; x_wconf 76' lang='grc' dir='ltr'><strong>χι,</strong></span> <span class='ocrx_word' id='word_1_480' title='bbox 1233 5202 1350 5256; x_wconf 87' lang='lat' dir='ltr'><strong>cap.</strong></span> <span class='ocrx_word' id='word_1_481' title='bbox 1381 5188 1436 5240; x_wconf 87' lang='lat'><strong>2.</strong></span> 
     </span>
    </p>
   </div>
   <div class='ocr_carea' id='block_1_71' title="bbox 488 5255 2007 5328">
    <p class='ocr_par' dir='ltr' id='par_1_71' title="bbox 488 5255 2007 5328">
     <span class='ocr_line' id='line_1_72' title="bbox 488 5255 2007 5328; baseline 0.002 -16"><span class='ocrx_word' id='word_1_482' title='bbox 488 5286 557 5328; x_wconf 56' lang='lat' dir='ltr'><strong>e—</strong></span> <span class='ocrx_word' id='word_1_483' title='bbox 574 5256 664 5312; x_wconf 87' lang='lat' dir='ltr'><strong>Sic</strong></span> <span class='ocrx_word' id='word_1_484' title='bbox 682 5255 852 5311; x_wconf 71' lang='lat' dir='ltr'><strong>senex.</strong></span> <span class='ocrx_word' id='word_1_485' title='bbox 878 5255 1039 5311; x_wconf 84' lang='lat' dir='ltr'><strong>Forte</strong></span> <span class='ocrx_word' id='word_1_486' title='bbox 1062 5259 1363 5327; x_wconf 85' lang='lat' dir='ltr'><strong>legendum,</strong></span> <span class='ocrx_word' id='word_1_487' title='bbox 1387 5274 1449 5313; x_wconf 79' lang='lat' dir='ltr'><strong>ex</strong></span> <span class='ocrx_word' id='word_1_488' title='bbox 1473 5260 1634 5315; x_wconf 91' lang='lat' dir='ltr'><strong>citato</strong></span> <span class='ocrx_word' id='word_1_489' title='bbox 1657 5260 1775 5316; x_wconf 92' lang='lat' dir='ltr'><strong>loco</strong></span> <span class='ocrx_word' id='word_1_490' title='bbox 1790 5259 2007 5328; x_wconf 69' lang='lat' dir='ltr'><strong>lsitlori,</strong></span> 
     </span>
    </p>
   </div>
   <div class='ocr_carea' id='block_1_72' title="bbox 380 5327 1158 5382">
    <p class='ocr_par' dir='ltr' id='par_1_72' title="bbox 380 5327 1158 5382">
     <span class='ocr_line' id='line_1_73' title="bbox 380 5327 1158 5382; baseline -0.001 0"><span class='ocrx_word' id='word_1_491' title='bbox 380 5327 386 5350; x_wconf 82' lang='grc'><strong>⁷</strong></span> <span class='ocrx_word' id='word_1_492' title='bbox 416 5327 506 5382; x_wconf 87' lang='lat' dir='ltr'><strong>sed</strong></span> <span class='ocrx_word' id='word_1_493' title='bbox 536 5343 652 5380; x_wconf 86' lang='lat' dir='ltr'><strong>sene</strong></span> <span class='ocrx_word' id='word_1_494' title='bbox 682 5329 845 5381; x_wconf 88' lang='lat' dir='ltr'><strong>minus</strong></span> <span class='ocrx_word' id='word_1_495' title='bbox 875 5337 947 5380; x_wconf 83' lang='lat' dir='ltr'><strong>est</strong></span> <span class='ocrx_word' id='word_1_496' title='bbox 973 5330 1158 5381; x_wconf 82' lang='lat' dir='ltr'><strong>senior.</strong></span> 
     </span>
    </p>
   </div>
   <div class='ocr_carea' id='block_1_73' title="bbox 484 5395 1862 5469">
    <p class='ocr_par' dir='ltr' id='par_1_73' title="bbox 484 5395 1862 5469">
     <span class='ocr_line' id='line_1_74' title="bbox 484 5395 1862 5469; baseline 0.004 -19"><span class='ocrx_word' id='word_1_497' title='bbox 484 5428 554 5469; x_wconf 57' lang='grc' dir='ltr'><strong>τ-</strong></span> <span class='ocrx_word' id='word_1_498' title='bbox 580 5395 702 5469; x_wconf 64' lang='lat' dir='ltr'><strong>Jant</strong></span> <span class='ocrx_word' id='word_1_499' title='bbox 730 5399 921 5452; x_wconf 82' lang='lat' dir='ltr'><strong>senior.</strong></span> <span class='ocrx_word' id='word_1_500' title='bbox 950 5398 1072 5453; x_wconf 73' lang='lat' dir='ltr'><strong>Vid.</strong></span> <span class='ocrx_word' id='word_1_501' title='bbox 1102 5399 1281 5464; x_wconf 87' lang='lat' dir='ltr'><strong>Serv.,</strong></span> <span class='ocrx_word' id='word_1_502' title='bbox 1302 5400 1518 5469; x_wconf 87' lang='lat' dir='ltr'><strong>ibidem,</strong></span> <span class='ocrx_word' id='word_1_503' title='bbox 1550 5402 1761 5457; x_wconf 57' lang='lat' dir='ltr'><strong>(Eneid.</strong></span> <span class='ocrx_word' id='word_1_504' title='bbox 1787 5419 1862 5456; x_wconf 87' lang='lat' dir='ltr'><strong>vt.</strong></span> 
     </span>
    </p>
   </div>
   <div class='ocr_carea' id='block_1_74' title="bbox 489 5467 2005 5543">
    <p class='ocr_par' dir='ltr' id='par_1_74' title="bbox 489 5467 2005 5543">
     <span class='ocr_line' id='line_1_75' title="bbox 489 5467 2005 5543; baseline 0.004 -20"><span class='ocrx_word' id='word_1_505' title='bbox 489 5467 629 5543; x_wconf 81' lang='lat' dir='ltr'><strong>Ibid.</strong></span> <span class='ocrx_word' id='word_1_506' title='bbox 678 5467 932 5543; x_wconf 74' lang='lat' dir='ltr'><strong>Devariis</strong></span> <span class='ocrx_word' id='word_1_507' title='bbox 961 5471 1131 5525; x_wconf 64' lang='lat' dir='ltr'><strong>aetatis</strong></span> <span class='ocrx_word' id='word_1_508' title='bbox 1153 5472 1405 5541; x_wconf 88' lang='lat' dir='ltr'><strong>gradibus</strong></span> <span class='ocrx_word' id='word_1_509' title='bbox 1428 5467 1577 5540; x_wconf 85' lang='lat' dir='ltr'><strong>plura</strong></span> <span class='ocrx_word' id='word_1_510' title='bbox 1601 5476 1710 5528; x_wconf 76' lang='lat' dir='ltr'><strong>dixi</strong></span> <span class='ocrx_word' id='word_1_511' title='bbox 1742 5474 1793 5527; x_wconf 90' lang='lat' dir='ltr'><strong>in</strong></span> <span class='ocrx_word' id='word_1_512' title='bbox 1819 5474 2005 5543; x_wconf 83' lang='lat' dir='ltr'><strong>prole-</strong></span> 
     </span>
    </p>
   </div>
   <div class='ocr_carea' id='block_1_75' title="bbox 420 5538 2003 5613">
    <p class='ocr_par' dir='ltr' id='par_1_75' title="bbox 420 5538 2003 5613">
     <span class='ocr_line' id='line_1_76' title="bbox 420 5538 2003 5613; baseline 0.004 -20"><span class='ocrx_word' id='word_1_513' title='bbox 420 5542 665 5613; x_wconf 73' lang='lat' dir='ltr'><strong>gomenis</strong></span> <span class='ocrx_word' id='word_1_514' title='bbox 701 5538 766 5593; x_wconf 78' lang='lat' dir='ltr'><strong>ad</strong></span> <span class='ocrx_word' id='word_1_515' title='bbox 812 5538 1179 5607; x_wconf 73' lang='lat' dir='ltr'><strong>Dracontium,</strong></span> <span class='ocrx_word' id='word_1_516' title='bbox 1215 5558 1333 5613; x_wconf 87' lang='lat' dir='ltr'><strong>pag.</strong></span> <span class='ocrx_word' id='word_1_517' title='bbox 1380 5538 1472 5598; x_wconf 73' lang='lat' dir='ltr'><strong>2i.</strong></span> <span class='ocrx_word' id='word_1_518' title='bbox 1521 5546 1576 5599; x_wconf 91' lang='lat' dir='ltr'><strong>In</strong></span> <span class='ocrx_word' id='word_1_519' title='bbox 1627 5554 1772 5600; x_wconf 78' lang='lat' dir='ltr'><strong>testu</strong></span> <span class='ocrx_word' id='word_1_520' title='bbox 1816 5538 2003 5600; x_wconf 82' lang='lat' dir='ltr'><strong>Crialii</strong></span> 
     </span>
    </p>
   </div>
   <div class='ocr_carea' id='block_1_76' title="bbox 418 5610 1476 5677">
    <p class='ocr_par' dir='ltr' id='par_1_76' title="bbox 418 5610 1476 5677">
     <span class='ocr_line' id='line_1_77' title="bbox 418 5610 1476 5677; baseline 0.003 -11"><span class='ocrx_word' id='word_1_521' title='bbox 418 5622 534 5666; x_wconf 76' lang='lat' dir='ltr'><strong>erat</strong></span> <span class='ocrx_word' id='word_1_522' title='bbox 561 5628 575 5664; x_wconf 90' lang='lat'><strong>:</strong></span> <span class='ocrx_word' id='word_1_523' title='bbox 607 5610 695 5666; x_wconf 88' lang='lat' dir='ltr'><strong>Sic</strong></span> <span class='ocrx_word' id='word_1_524' title='bbox 721 5626 862 5664; x_wconf 87' lang='lat' dir='ltr'><strong>senes</strong></span> <span class='ocrx_word' id='word_1_525' title='bbox 890 5625 985 5677; x_wconf 88' lang='lat' dir='ltr'><strong>pro</strong></span> <span class='ocrx_word' id='word_1_526' title='bbox 1014 5612 1083 5665; x_wconf 85' lang='lat' dir='ltr'><strong>sic</strong></span> <span class='ocrx_word' id='word_1_527' title='bbox 1102 5610 1476 5671; x_wconf 40' lang='lat' dir='ltr'><strong>senem-Ann.</strong></span> 
     </span>
    </p>
   </div>
   <div class='ocr_carea' id='block_1_77' title="bbox 493 5680 2003 5756">
    <p class='ocr_par' dir='ltr' id='par_1_77' title="bbox 493 5680 2003 5756">
     <span class='ocr_line' id='line_1_78' title="bbox 493 5680 2003 5756; baseline 0 -18"><span class='ocrx_word' id='word_1_528' title='bbox 493 5682 618 5738; x_wconf 69' lang='grc'><strong>554.</strong></span> <span class='ocrx_word' id='word_1_529' title='bbox 642 5682 721 5737; x_wconf 78' lang='lat' dir='ltr'><strong>Ex</strong></span> <span class='ocrx_word' id='word_1_530' title='bbox 766 5680 828 5738; x_wconf 71' lang='grc' dir='ltr'><strong>(Ξ.</strong></span> <span class='ocrx_word' id='word_1_531' title='bbox 880 5682 1095 5738; x_wconf 82' lang='lat' dir='ltr'><strong>Fronto.</strong></span> <span class='ocrx_word' id='word_1_532' title='bbox 1118 5727 1134 5754; x_wconf 92' lang='lat'><strong>,</strong></span> <span class='ocrx_word' id='word_1_533' title='bbox 1165 5688 1254 5756; x_wconf 89' lang='lat' dir='ltr'><strong>qui</strong></span> <span class='ocrx_word' id='word_1_534' title='bbox 1286 5696 1465 5745; x_wconf 90' lang='lat' dir='ltr'><strong>tamen</strong></span> <span class='ocrx_word' id='word_1_535' title='bbox 1497 5687 1853 5744; x_wconf 80' lang='lat' dir='ltr'><strong>Palaemonem</strong></span> <span class='ocrx_word' id='word_1_536' title='bbox 1900 5698 2003 5738; x_wconf 90' lang='lat' dir='ltr'><strong>non</strong></span> 
     </span>
    </p>
   </div>
   <div class='ocr_carea' id='block_1_78' title="bbox 422 5756 680 5811">
    <p class='ocr_par' dir='ltr' id='par_1_78' title="bbox 422 5756 680 5811">
     <span class='ocr_line' id='line_1_79' title="bbox 422 5756 680 5811; baseline -0.016 -2"><span class='ocrx_word' id='word_1_537' title='bbox 422 5756 680 5811; x_wconf 86' lang='lat' dir='ltr'><strong>nominat.</strong></span> 
     </span>
    </p>
   </div>
   <div class='ocr_carea' id='block_1_79' title="bbox 494 5823 2005 5897">
    <p class='ocr_par' dir='ltr' id='par_1_79' title="bbox 494 5823 2005 5897">
     <span class='ocr_line' id='line_1_80' title="bbox 494 5823 2005 5897; baseline 0.001 -18"><span class='ocrx_word' id='word_1_538' title='bbox 494 5823 618 5882; x_wconf 85' lang='grc'><strong>555.</strong></span> <span class='ocrx_word' id='word_1_539' title='bbox 652 5825 729 5882; x_wconf 79' lang='lat' dir='ltr'><strong>Ex</strong></span> <span class='ocrx_word' id='word_1_540' title='bbox 756 5824 963 5897; x_wconf 88' lang='lat' dir='ltr'><strong>Servio,</strong></span> <span class='ocrx_word' id='word_1_541' title='bbox 989 5826 1055 5884; x_wconf 81' lang='lat' dir='ltr'><strong>ad</strong></span> <span class='ocrx_word' id='word_1_542' title='bbox 1088 5828 1164 5885; x_wconf 90' lang='lat' dir='ltr'><strong>ill.</strong></span> <span class='ocrx_word' id='word_1_543' title='bbox 1199 5844 1239 5884; x_wconf 89' lang='lat' dir='ltr'><strong>tt</strong></span> <span class='ocrx_word' id='word_1_544' title='bbox 1262 5828 1479 5888; x_wconf 67' lang='lat' dir='ltr'><strong>Aineid.</strong></span> <span class='ocrx_word' id='word_1_545' title='bbox 1507 5847 1521 5886; x_wconf 92' lang='lat'><strong>:</strong></span> <span class='ocrx_word' id='word_1_546' title='bbox 1547 5829 1715 5885; x_wconf 86' lang='lat' dir='ltr'><strong>Statio</strong></span> <span class='ocrx_word' id='word_1_547' title='bbox 1738 5826 1870 5882; x_wconf 87' lang='lat' dir='ltr'><strong>male</strong></span> <span class='ocrx_word' id='word_1_548' title='bbox 1898 5826 2005 5897; x_wconf 83' lang='lat' dir='ltr'><strong>ﬁda</strong></span> 
     </span>
    </p>
   </div>
   <div class='ocr_carea' id='block_1_80' title="bbox 2172 1904 3705 1979">
    <p class='ocr_par' dir='ltr' id='par_1_80' title="bbox 2172 1904 3705 1979">
     <span class='ocr_line' id='line_1_81' title="bbox 2172 1904 3705 1979; baseline 0.006 -18"><span class='ocrx_word' id='word_1_549' title='bbox 2172 1904 2300 1961; x_wconf 84' lang='grc'><strong>557.</strong></span> <span class='ocrx_word' id='word_1_550' title='bbox 2346 1905 2491 1961; x_wconf 90' lang='lat' dir='ltr'><strong>Inter</strong></span> <span class='ocrx_word' id='word_1_551' title='bbox 2514 1905 2661 1962; x_wconf 74' lang='lat' dir='ltr'><strong>Saxa</strong></span> <span class='ocrx_word' id='word_1_552' title='bbox 2692 1916 2745 1961; x_wconf 91' lang='lat' dir='ltr'><strong>et</strong></span> <span class='ocrx_word' id='word_1_553' title='bbox 2774 1908 2992 1979; x_wconf 86' lang='lat' dir='ltr'><strong>lapides.</strong></span> <span class='ocrx_word' id='word_1_554' title='bbox 3042 1909 3184 1965; x_wconf 78' lang='lat' dir='ltr'><strong>Saxa</strong></span> <span class='ocrx_word' id='word_1_555' title='bbox 3232 1920 3437 1967; x_wconf 90' lang='lat' dir='ltr'><strong>tantum</strong></span> <span class='ocrx_word' id='word_1_556' title='bbox 3479 1913 3705 1970; x_wconf 87' lang='lat' dir='ltr'><strong>durissi-</strong></span> 
     </span>
    </p>
   </div>
   <div class='ocr_carea' id='block_1_81' title="bbox 2098 1998 3389 2073">
    <p class='ocr_par' dir='ltr' id='par_1_81' title="bbox 2098 1998 3389 2073">
     <span class='ocr_line' id='line_1_82' title="bbox 2098 1998 3389 2073; baseline 0.005 -20"><span class='ocrx_word' id='word_1_557' title='bbox 2098 2013 2211 2063; x_wconf 88' lang='lat' dir='ltr'><strong>ma,</strong></span> <span class='ocrx_word' id='word_1_558' title='bbox 2241 2014 2363 2053; x_wconf 90' lang='lat' dir='ltr'><strong>nam</strong></span> <span class='ocrx_word' id='word_1_559' title='bbox 2394 1998 2529 2068; x_wconf 90' lang='lat' dir='ltr'><strong>lapis</strong></span> <span class='ocrx_word' id='word_1_560' title='bbox 2561 2007 2616 2054; x_wconf 89' lang='lat' dir='ltr'><strong>et</strong></span> <span class='ocrx_word' id='word_1_561' title='bbox 2642 1999 2775 2053; x_wconf 90' lang='lat' dir='ltr'><strong>dura</strong></span> <span class='ocrx_word' id='word_1_562' title='bbox 2813 2010 2867 2056; x_wconf 91' lang='lat' dir='ltr'><strong>et</strong></span> <span class='ocrx_word' id='word_1_563' title='bbox 2893 2002 3069 2057; x_wconf 90' lang='lat' dir='ltr'><strong>tnollis</strong></span> <span class='ocrx_word' id='word_1_564' title='bbox 3102 2013 3185 2058; x_wconf 90' lang='lat' dir='ltr'><strong>est</strong></span> <span class='ocrx_word' id='word_1_565' title='bbox 3215 2013 3389 2073; x_wconf 85' lang='lat' dir='ltr'><strong>petra.</strong></span> 
     </span>
    </p>
   </div>
   <div class='ocr_carea' id='block_1_82' title="bbox 2172 2091 3699 2168">
    <p class='ocr_par' dir='ltr' id='par_1_82' title="bbox 2172 2091 3699 2168">
     <span class='ocr_line' id='line_1_83' title="bbox 2172 2091 3699 2168; baseline 0.005 -21"><span class='ocrx_word' id='word_1_566' title='bbox 2172 2091 2300 2149; x_wconf 82' lang='grc'><strong>558.</strong></span> <span class='ocrx_word' id='word_1_567' title='bbox 2354 2093 2498 2149; x_wconf 92' lang='lat' dir='ltr'><strong>Inter</strong></span> <span class='ocrx_word' id='word_1_568' title='bbox 2542 2094 2769 2165; x_wconf 87' lang='lat' dir='ltr'><strong>Specum</strong></span> <span class='ocrx_word' id='word_1_569' title='bbox 2817 2103 2873 2149; x_wconf 93' lang='lat' dir='ltr'><strong>et</strong></span> <span class='ocrx_word' id='word_1_570' title='bbox 2916 2106 3141 2150; x_wconf 88' lang='lat' dir='ltr'><strong>antrum.</strong></span> <span class='ocrx_word' id='word_1_571' title='bbox 3209 2096 3440 2167; x_wconf 89' lang='lat' dir='ltr'><strong>Specnm</strong></span> <span class='ocrx_word' id='word_1_572' title='bbox 3506 2097 3699 2168; x_wconf 86' lang='lat' dir='ltr'><strong>Latini,</strong></span> 
     </span>
    </p>
   </div>
   <div class='ocr_carea' id='block_1_83' title="bbox 2101 2184 3704 2263">
    <p class='ocr_par' dir='ltr' id='par_1_83' title="bbox 2101 2184 3704 2263">
     <span class='ocr_line' id='line_1_84' title="bbox 2101 2184 3704 2263; baseline 0.004 -23"><span class='ocrx_word' id='word_1_573' title='bbox 2101 2184 2275 2241; x_wconf 68' lang='lat' dir='ltr'><strong>Graeci</strong></span> <span class='ocrx_word' id='word_1_574' title='bbox 2317 2194 2530 2239; x_wconf 84' lang='lat' dir='ltr'><strong>antrum</strong></span> <span class='ocrx_word' id='word_1_575' title='bbox 2567 2184 2773 2241; x_wconf 86' lang='lat' dir='ltr'><strong>dicunt.</strong></span> <span class='ocrx_word' id='word_1_576' title='bbox 2826 2186 2963 2242; x_wconf 92' lang='lat' dir='ltr'><strong>Sunt</strong></span> <span class='ocrx_word' id='word_1_577' title='bbox 3007 2198 3184 2243; x_wconf 90' lang='lat' dir='ltr'><strong>autem</strong></span> <span class='ocrx_word' id='word_1_578' title='bbox 3233 2190 3349 2245; x_wconf 90' lang='lat' dir='ltr'><strong>loca</strong></span> <span class='ocrx_word' id='word_1_579' title='bbox 3404 2205 3470 2247; x_wconf 83' lang='lat' dir='ltr'><strong>ex</strong></span> <span class='ocrx_word' id='word_1_580' title='bbox 3510 2192 3704 2263; x_wconf 88' lang='lat' dir='ltr'><strong>quibus</strong></span> 
     </span>
    </p>
   </div>
   <div class='ocr_carea' id='block_1_84' title="bbox 2102 2282 3238 2351">
    <p class='ocr_par' dir='ltr' id='par_1_84' title="bbox 2102 2282 3238 2351">
     <span class='ocr_line' id='line_1_85' title="bbox 2102 2282 3238 2351; baseline 0.004 -17"><span class='ocrx_word' id='word_1_581' title='bbox 2102 2293 2435 2349; x_wconf 80' lang='lat' dir='ltr'><strong>repercussa:</strong></span> <span class='ocrx_word' id='word_1_582' title='bbox 2465 2295 2626 2336; x_wconf 89' lang='lat' dir='ltr'><strong>voces</strong></span> <span class='ocrx_word' id='word_1_583' title='bbox 2656 2282 2945 2351; x_wconf 82' lang='lat' dir='ltr'><strong>imaginem</strong></span> <span class='ocrx_word' id='word_1_584' title='bbox 2978 2282 3238 2340; x_wconf 86' lang='lat' dir='ltr'><strong>referunt.</strong></span> 
     </span>
    </p>
   </div>
   <div class='ocr_carea' id='block_1_85' title="bbox 2173 2370 3705 2439">
    <p class='ocr_par' dir='ltr' id='par_1_85' title="bbox 2173 2370 3705 2439">
     <span class='ocr_line' id='line_1_86' title="bbox 2173 2370 3705 2439; baseline 0.005 -14"><span class='ocrx_word' id='word_1_585' title='bbox 2173 2370 2300 2427; x_wconf 75' lang='grc'><strong>559.</strong></span> <span class='ocrx_word' id='word_1_586' title='bbox 2324 2371 2467 2427; x_wconf 88' lang='lat' dir='ltr'><strong>Inter</strong></span> <span class='ocrx_word' id='word_1_587' title='bbox 2489 2372 2759 2439; x_wconf 79' lang='lat' dir='ltr'><strong>Semitnm,</strong></span> <span class='ocrx_word' id='word_1_588' title='bbox 2789 2374 2975 2429; x_wconf 83' lang='lat' dir='ltr'><strong>callem</strong></span> <span class='ocrx_word' id='word_1_589' title='bbox 2997 2385 3051 2430; x_wconf 89' lang='lat' dir='ltr'><strong>ct</strong></span> <span class='ocrx_word' id='word_1_590' title='bbox 3081 2378 3355 2431; x_wconf 86' lang='lat' dir='ltr'><strong>tramitem.</strong></span> <span class='ocrx_word' id='word_1_591' title='bbox 3377 2377 3577 2433; x_wconf 86' lang='lat' dir='ltr'><strong>Semita</strong></span> <span class='ocrx_word' id='word_1_592' title='bbox 3607 2377 3705 2433; x_wconf 81' lang='lat' dir='ltr'><strong>lto-</strong></span> 
     </span>
    </p>
   </div>
   <div class='ocr_carea' id='block_1_86' title="bbox 2104 2462 3706 2536">
    <p class='ocr_par' dir='ltr' id='par_1_86' title="bbox 2104 2462 3706 2536">
     <span class='ocr_line' id='line_1_87' title="bbox 2104 2462 3706 2536; baseline 0.005 -19"><span class='ocrx_word' id='word_1_593' title='bbox 2104 2462 2308 2517; x_wconf 89' lang='lat' dir='ltr'><strong>minum</strong></span> <span class='ocrx_word' id='word_1_594' title='bbox 2330 2476 2433 2530; x_wconf 85' lang='lat' dir='ltr'><strong>est,</strong></span> <span class='ocrx_word' id='word_1_595' title='bbox 2461 2465 2615 2519; x_wconf 84' lang='lat' dir='ltr'><strong>callis</strong></span> <span class='ocrx_word' id='word_1_596' title='bbox 2639 2481 2767 2521; x_wconf 90' lang='lat' dir='ltr'><strong>vero</strong></span> <span class='ocrx_word' id='word_1_597' title='bbox 2784 2482 3040 2536; x_wconf 89' lang='lat' dir='ltr'><strong>pecorum</strong></span> <span class='ocrx_word' id='word_1_598' title='bbox 3072 2469 3152 2523; x_wconf 83' lang='lat' dir='ltr'><strong>vel</strong></span> <span class='ocrx_word' id='word_1_599' title='bbox 3176 2468 3406 2524; x_wconf 91' lang='lat' dir='ltr'><strong>ferarum</strong></span> <span class='ocrx_word' id='word_1_600' title='bbox 3426 2468 3706 2526; x_wconf 88' lang='lat' dir='ltr'><strong>est.Callis</strong></span> 
     </span>
    </p>
   </div>
   <div class='ocr_carea' id='block_1_87' title="bbox 2104 2555 3701 2632">
    <p class='ocr_par' dir='ltr' id='par_1_87' title="bbox 2104 2555 3701 2632">
     <span class='ocr_line' id='line_1_88' title="bbox 2104 2555 3701 2632; baseline 0.004 -22"><span class='ocrx_word' id='word_1_601' title='bbox 2104 2556 2265 2610; x_wconf 91' lang='lat' dir='ltr'><strong>etiam</strong></span> <span class='ocrx_word' id='word_1_602' title='bbox 2307 2555 2505 2611; x_wconf 91' lang='lat' dir='ltr'><strong>dicitur</strong></span> <span class='ocrx_word' id='word_1_603' title='bbox 2547 2558 2631 2612; x_wconf 86' lang='lat' dir='ltr'><strong>via</strong></span> <span class='ocrx_word' id='word_1_604' title='bbox 2672 2560 2879 2625; x_wconf 82' lang='lat' dir='ltr'><strong>stricta,</strong></span> <span class='ocrx_word' id='word_1_605' title='bbox 2924 2576 2953 2614; x_wconf 92' lang='lat' dir='ltr'><strong>a</strong></span> <span class='ocrx_word' id='word_1_606' title='bbox 2983 2561 3092 2632; x_wconf 77' lang='lat'><strong>69</strong></span> <span class='ocrx_word' id='word_1_607' title='bbox 3121 2560 3381 2616; x_wconf 89' lang='lat' dir='ltr'><strong>calcando</strong></span> <span class='ocrx_word' id='word_1_608' title='bbox 3421 2564 3490 2616; x_wconf 84' lang='lat' dir='ltr'><strong>ita</strong></span> <span class='ocrx_word' id='word_1_609' title='bbox 3536 2562 3701 2617; x_wconf 89' lang='lat' dir='ltr'><strong>dicta.</strong></span> 
     </span>
    </p>
   </div>
   <div class='ocr_carea' id='block_1_88' title="bbox 2103 2645 3707 2724">
    <p class='ocr_par' dir='ltr' id='par_1_88' title="bbox 2103 2645 3707 2724">
     <span class='ocr_line' id='line_1_89' title="bbox 2103 2645 3707 2724; baseline 0.007 -23"><span class='ocrx_word' id='word_1_610' title='bbox 2103 2645 2373 2704; x_wconf 84' lang='lat' dir='ltr'><strong>Tramites</strong></span> <span class='ocrx_word' id='word_1_611' title='bbox 2405 2664 2536 2704; x_wconf 92' lang='lat' dir='ltr'><strong>vero</strong></span> <span class='ocrx_word' id='word_1_612' title='bbox 2566 2659 2875 2706; x_wconf 89' lang='lat' dir='ltr'><strong>transversa</strong></span> <span class='ocrx_word' id='word_1_613' title='bbox 2902 2661 3028 2706; x_wconf 92' lang='lat' dir='ltr'><strong>sunt</strong></span> <span class='ocrx_word' id='word_1_614' title='bbox 3062 2654 3115 2707; x_wconf 92' lang='lat' dir='ltr'><strong>in</strong></span> <span class='ocrx_word' id='word_1_615' title='bbox 3147 2656 3290 2723; x_wconf 87' lang='lat' dir='ltr'><strong>agris</strong></span> <span class='ocrx_word' id='word_1_616' title='bbox 3321 2654 3546 2723; x_wconf 88' lang='lat' dir='ltr'><strong>itinera,</strong></span> <span class='ocrx_word' id='word_1_617' title='bbox 3581 2670 3707 2724; x_wconf 79' lang='lat' dir='ltr'><strong>pro-</strong></span> 
     </span>
    </p>
   </div>
   <div class='ocr_carea' id='block_1_89' title="bbox 2106 2740 3705 2813">
    <p class='ocr_par' dir='ltr' id='par_1_89' title="bbox 2106 2740 3705 2813">
     <span class='ocr_line' id='line_1_90' title="bbox 2106 2740 3705 2813; baseline 0.006 -22"><span class='ocrx_word' id='word_1_618' title='bbox 2106 2740 2220 2807; x_wconf 92' lang='lat' dir='ltr'><strong>prie</strong></span> <span class='ocrx_word' id='word_1_619' title='bbox 2242 2755 2370 2809; x_wconf 86' lang='lat' dir='ltr'><strong>ergo</strong></span> <span class='ocrx_word' id='word_1_620' title='bbox 2399 2740 2551 2795; x_wconf 89' lang='lat' dir='ltr'><strong>callis</strong></span> <span class='ocrx_word' id='word_1_621' title='bbox 2573 2742 2765 2796; x_wconf 90' lang='lat' dir='ltr'><strong>semita</strong></span> <span class='ocrx_word' id='word_1_622' title='bbox 2811 2742 3006 2807; x_wconf 88' lang='lat' dir='ltr'><strong>tcnuis,</strong></span> <span class='ocrx_word' id='word_1_623' title='bbox 3050 2743 3186 2797; x_wconf 90' lang='lat' dir='ltr'><strong>callo</strong></span> <span class='ocrx_word' id='word_1_624' title='bbox 3212 2758 3464 2813; x_wconf 90' lang='lat' dir='ltr'><strong>pecorum</strong></span> <span class='ocrx_word' id='word_1_625' title='bbox 3494 2746 3705 2813; x_wconf 73' lang='lat' dir='ltr'><strong>prtedu-</strong></span> 
     </span>
    </p>
   </div>
   <div class='ocr_carea' id='block_1_90' title="bbox 2105 2832 3703 2908">
    <p class='ocr_par' dir='ltr' id='par_1_90' title="bbox 2105 2832 3703 2908">
     <span class='ocr_line' id='line_1_91' title="bbox 2105 2832 3703 2908; baseline 0.004 -24"><span class='ocrx_word' id='word_1_626' title='bbox 2105 2840 2241 2885; x_wconf 89' lang='lat' dir='ltr'><strong>rata.</strong></span> <span class='ocrx_word' id='word_1_627' title='bbox 2277 2832 2484 2887; x_wconf 89' lang='lat' dir='ltr'><strong>Semita</strong></span> <span class='ocrx_word' id='word_1_628' title='bbox 2507 2843 2684 2887; x_wconf 91' lang='lat' dir='ltr'><strong>autem</strong></span> <span class='ocrx_word' id='word_1_629' title='bbox 2711 2833 2862 2901; x_wconf 87' lang='lat' dir='ltr'><strong>quasi</strong></span> <span class='ocrx_word' id='word_1_630' title='bbox 2918 2834 3080 2888; x_wconf 79' lang='lat' dir='ltr'><strong>sentis</strong></span> <span class='ocrx_word' id='word_1_631' title='bbox 3128 2836 3234 2890; x_wconf 86' lang='lat' dir='ltr'><strong>via.</strong></span> <span class='ocrx_word' id='word_1_632' title='bbox 3288 2834 3489 2891; x_wconf 88' lang='lat' dir='ltr'><strong>Semita</strong></span> <span class='ocrx_word' id='word_1_633' title='bbox 3509 2836 3703 2908; x_wconf 56' lang='lat' dir='ltr'><strong>(dicta,</strong></span> 
     </span>
    </p>
   </div>
   <div class='ocr_carea' id='block_1_91' title="bbox 2106 2924 3704 2999">
    <p class='ocr_par' dir='ltr' id='par_1_91' title="bbox 2106 2924 3704 2999">
     <span class='ocr_line' id='line_1_92' title="bbox 2106 2924 3704 2999; baseline 0.003 -22"><span class='ocrx_word' id='word_1_634' title='bbox 2106 2938 2211 2993; x_wconf 90' lang='lat' dir='ltr'><strong>qua</strong></span> <span class='ocrx_word' id='word_1_635' title='bbox 2256 2932 2437 2993; x_wconf 84' lang='lat' dir='ltr'><strong>potest</strong></span> <span class='ocrx_word' id='word_1_636' title='bbox 2476 2924 2554 2979; x_wconf 91' lang='lat' dir='ltr'><strong>ire</strong></span> <span class='ocrx_word' id='word_1_637' title='bbox 2592 2939 2756 2978; x_wconf 91' lang='lat' dir='ltr'><strong>unum</strong></span> <span class='ocrx_word' id='word_1_638' title='bbox 2783 2925 3107 2980; x_wconf 85' lang='lat' dir='ltr'><strong>vehicnlum.</strong></span> <span class='ocrx_word' id='word_1_639' title='bbox 3155 2926 3321 2995; x_wconf 84' lang='lat' dir='ltr'><strong>Hujus</strong></span> <span class='ocrx_word' id='word_1_640' title='bbox 3366 2925 3498 2999; x_wconf 79' lang='grc' dir='ltr'><strong>[Αι.,</strong></span> <span class='ocrx_word' id='word_1_641' title='bbox 3528 2926 3704 2999; x_wconf 90' lang='lat' dir='ltr'><strong>cujus]</strong></span> 
     </span>
    </p>
   </div>
   <div class='ocr_carea' id='block_1_92' title="bbox 2106 3016 3706 3089">
    <p class='ocr_par' dir='ltr' id='par_1_92' title="bbox 2106 3016 3706 3089">
     <span class='ocr_line' id='line_1_93' title="bbox 2106 3016 3706 3089; baseline 0.002 -18"><span class='ocrx_word' id='word_1_642' title='bbox 2106 3016 2302 3087; x_wconf 82' lang='lat' dir='ltr'><strong>duplex</strong></span> <span class='ocrx_word' id='word_1_643' title='bbox 2347 3028 2501 3071; x_wconf 90' lang='lat' dir='ltr'><strong>actus</strong></span> <span class='ocrx_word' id='word_1_644' title='bbox 2530 3027 2788 3074; x_wconf 89' lang='lat' dir='ltr'><strong>vocatur:</strong></span> <span class='ocrx_word' id='word_1_645' title='bbox 2816 3026 3096 3089; x_wconf 87' lang='lat' dir='ltr'><strong>propterea</strong></span> <span class='ocrx_word' id='word_1_646' title='bbox 3128 3019 3267 3089; x_wconf 90' lang='lat' dir='ltr'><strong>quod</strong></span> <span class='ocrx_word' id='word_1_647' title='bbox 3299 3019 3405 3072; x_wconf 91' lang='lat' dir='ltr'><strong>duo</strong></span> <span class='ocrx_word' id='word_1_648' title='bbox 3424 3021 3586 3088; x_wconf 88' lang='lat' dir='ltr'><strong>capit,</strong></span> <span class='ocrx_word' id='word_1_649' title='bbox 3619 3020 3706 3074; x_wconf 88' lang='lat' dir='ltr'><strong>vel</strong></span> 
     </span>
    </p>
   </div>
   <div class='ocr_carea' id='block_1_93' title="bbox 2108 3110 3703 3177">
    <p class='ocr_par' dir='ltr' id='par_1_93' title="bbox 2108 3110 3703 3177">
     <span class='ocr_line' id='line_1_94' title="bbox 2108 3110 3703 3177; baseline 0.002 -13"><span class='ocrx_word' id='word_1_650' title='bbox 2108 3120 2327 3177; x_wconf 75' lang='lat' dir='ltr'><strong>promer</strong></span> <span class='ocrx_word' id='word_1_651' title='bbox 2346 3110 2587 3163; x_wconf 90' lang='lat' dir='ltr'><strong>euntium</strong></span> <span class='ocrx_word' id='word_1_652' title='bbox 2612 3118 2666 3164; x_wconf 91' lang='lat' dir='ltr'><strong>et</strong></span> <span class='ocrx_word' id='word_1_653' title='bbox 2684 3112 3011 3166; x_wconf 90' lang='lat' dir='ltr'><strong>venientium</strong></span> <span class='ocrx_word' id='word_1_654' title='bbox 3034 3110 3401 3166; x_wconf 88' lang='lat' dir='ltr'><strong>vehiculorum</strong></span> <span class='ocrx_word' id='word_1_655' title='bbox 3425 3126 3703 3168; x_wconf 88' lang='lat' dir='ltr'><strong>occursus.</strong></span> 
     </span>
    </p>
   </div>
   <div class='ocr_carea' id='block_1_94' title="bbox 2031 3191 3706 3274">
    <p class='ocr_par' dir='ltr' id='par_1_94' title="bbox 2031 3191 3706 3274">
     <span class='ocr_line' id='line_1_95' title="bbox 2031 3191 3706 3274; baseline 0.003 -18"><span class='ocrx_word' id='word_1_656' title='bbox 2031 3208 2079 3273; x_wconf 68' lang='grc' dir='ltr'><strong>(ζ</strong></span> <span class='ocrx_word' id='word_1_657' title='bbox 2181 3201 2306 3257; x_wconf 64' lang='grc'><strong>540.</strong></span> <span class='ocrx_word' id='word_1_658' title='bbox 2369 3202 2662 3272; x_wconf 86' lang='lat' dir='ltr'><strong>Succipere</strong></span> <span class='ocrx_word' id='word_1_659' title='bbox 2704 3191 2808 3268; x_wconf 81' lang='lat' dir='ltr'><strong>est,</strong></span> <span class='ocrx_word' id='word_1_660' title='bbox 2850 3207 2920 3261; x_wconf 91' lang='lat' dir='ltr'><strong>de</strong></span> <span class='ocrx_word' id='word_1_661' title='bbox 2958 3203 3224 3274; x_wconf 90' lang='lat' dir='ltr'><strong>superiori</strong></span> <span class='ocrx_word' id='word_1_662' title='bbox 3275 3203 3473 3271; x_wconf 71' lang='lat' dir='ltr'><strong>aliquid</strong></span> <span class='ocrx_word' id='word_1_663' title='bbox 3507 3204 3706 3262; x_wconf 86' lang='lat' dir='ltr'><strong>cadens</strong></span> 
     </span>
    </p>
   </div>
   <div class='ocr_carea' id='block_1_95' title="bbox 2104 3298 3705 3370">
    <p class='ocr_par' dir='ltr' id='par_1_95' title="bbox 2104 3298 3705 3370">
     <span class='ocr_line' id='line_1_96' title="bbox 2104 3298 3705 3370; baseline 0.003 -20"><span class='ocrx_word' id='word_1_664' title='bbox 2104 3299 2409 3367; x_wconf 88' lang='lat' dir='ltr'><strong>corporale,</strong></span> <span class='ocrx_word' id='word_1_665' title='bbox 2456 3299 2733 3369; x_wconf 90' lang='lat' dir='ltr'><strong>suscipere</strong></span> <span class='ocrx_word' id='word_1_666' title='bbox 2769 3313 2987 3352; x_wconf 86' lang='lat' dir='ltr'><strong>causam</strong></span> <span class='ocrx_word' id='word_1_667' title='bbox 3037 3298 3470 3367; x_wconf 91' lang='lat' dir='ltr'><strong>incorporaliter.</strong></span> <span class='ocrx_word' id='word_1_668' title='bbox 3517 3300 3705 3370; x_wconf 86' lang='lat' dir='ltr'><strong>Suspi-</strong></span> 
     </span>
    </p>
   </div>
   <div class='ocr_carea' id='block_1_96' title="bbox 2105 3393 3180 3462">
    <p class='ocr_par' dir='ltr' id='par_1_96' title="bbox 2105 3393 3180 3462">
     <span class='ocr_line' id='line_1_97' title="bbox 2105 3393 3180 3462; baseline 0.001 -17"><span class='ocrx_word' id='word_1_669' title='bbox 2105 3406 2232 3446; x_wconf 89' lang='lat' dir='ltr'><strong>ccre</strong></span> <span class='ocrx_word' id='word_1_670' title='bbox 2255 3404 2469 3446; x_wconf 90' lang='lat' dir='ltr'><strong>sursum</strong></span> <span class='ocrx_word' id='word_1_671' title='bbox 2504 3393 2767 3462; x_wconf 87' lang='lat' dir='ltr'><strong>aspicere,</strong></span> <span class='ocrx_word' id='word_1_672' title='bbox 2793 3401 2886 3446; x_wconf 87' lang='lat' dir='ltr'><strong>attt</strong></span> <span class='ocrx_word' id='word_1_673' title='bbox 2916 3394 3180 3448; x_wconf 90' lang='lat' dir='ltr'><strong>venerari.</strong></span> 
     </span>
    </p>
   </div>
   <div class='ocr_carea' id='block_1_97' title="bbox 2180 3480 3706 3553">
    <p class='ocr_par' dir='ltr' id='par_1_97' title="bbox 2180 3480 3706 3553">
     <span class='ocr_line' id='line_1_98' title="bbox 2180 3480 3706 3553; baseline 0.005 -19"><span class='ocrx_word' id='word_1_674' title='bbox 2180 3480 2305 3538; x_wconf 76' lang='lat' dir='ltr'><strong>5M.</strong></span> <span class='ocrx_word' id='word_1_675' title='bbox 2349 3483 2494 3539; x_wconf 89' lang='lat' dir='ltr'><strong>Inter</strong></span> <span class='ocrx_word' id='word_1_676' title='bbox 2541 3484 2803 3540; x_wconf 85' lang='lat' dir='ltr'><strong>Simulare</strong></span> <span class='ocrx_word' id='word_1_677' title='bbox 2852 3493 2906 3540; x_wconf 89' lang='lat' dir='ltr'><strong>et</strong></span> <span class='ocrx_word' id='word_1_678' title='bbox 2943 3483 3290 3540; x_wconf 88' lang='lat' dir='ltr'><strong>dissimulare.</strong></span> <span class='ocrx_word' id='word_1_679' title='bbox 3340 3484 3444 3553; x_wconf 87' lang='lat' dir='ltr'><strong>Qui</strong></span> <span class='ocrx_word' id='word_1_680' title='bbox 3491 3486 3706 3543; x_wconf 87' lang='lat' dir='ltr'><strong>simulat</strong></span> 
     </span>
    </p>
   </div>
   <div class='ocr_carea' id='block_1_98' title="bbox 2108 3574 3706 3646">
    <p class='ocr_par' dir='ltr' id='par_1_98' title="bbox 2108 3574 3706 3646">
     <span class='ocr_line' id='line_1_99' title="bbox 2108 3574 3706 3646; baseline 0.006 -20"><span class='ocrx_word' id='word_1_681' title='bbox 2108 3575 2225 3627; x_wconf 90' lang='lat' dir='ltr'><strong>vult</strong></span> <span class='ocrx_word' id='word_1_682' title='bbox 2254 3576 2423 3631; x_wconf 91' lang='lat' dir='ltr'><strong>videri</strong></span> <span class='ocrx_word' id='word_1_683' title='bbox 2466 3578 2641 3630; x_wconf 89' lang='lat' dir='ltr'><strong>facere</strong></span> <span class='ocrx_word' id='word_1_684' title='bbox 2684 3592 2804 3646; x_wconf 72' lang='lat' dir='ltr'><strong>qua:</strong></span> <span class='ocrx_word' id='word_1_685' title='bbox 2834 3590 2941 3629; x_wconf 91' lang='lat' dir='ltr'><strong>non</strong></span> <span class='ocrx_word' id='word_1_686' title='bbox 2971 3576 3118 3641; x_wconf 84' lang='lat' dir='ltr'><strong>facit,</strong></span> <span class='ocrx_word' id='word_1_687' title='bbox 3146 3577 3237 3645; x_wconf 90' lang='lat' dir='ltr'><strong>qui</strong></span> <span class='ocrx_word' id='word_1_688' title='bbox 3269 3574 3573 3632; x_wconf 89' lang='lat' dir='ltr'><strong>dissimulat</strong></span> <span class='ocrx_word' id='word_1_689' title='bbox 3598 3592 3706 3635; x_wconf 91' lang='lat' dir='ltr'><strong>non</strong></span> 
     </span>
    </p>
   </div>
   <div class='ocr_carea' id='block_1_99' title="bbox 2110 3668 3511 3738">
    <p class='ocr_par' dir='ltr' id='par_1_99' title="bbox 2110 3668 3511 3738">
     <span class='ocr_line' id='line_1_100' title="bbox 2110 3668 3511 3738; baseline 0.003 -20"><span class='ocrx_word' id='word_1_690' title='bbox 2110 3669 2224 3720; x_wconf 90' lang='lat' dir='ltr'><strong>vult</strong></span> <span class='ocrx_word' id='word_1_691' title='bbox 2252 3668 2419 3723; x_wconf 91' lang='lat' dir='ltr'><strong>videri</strong></span> <span class='ocrx_word' id='word_1_692' title='bbox 2452 3669 2628 3723; x_wconf 88' lang='lat' dir='ltr'><strong>facere</strong></span> <span class='ocrx_word' id='word_1_693' title='bbox 2655 3683 2774 3738; x_wconf 72' lang='lat' dir='ltr'><strong>qua:</strong></span> <span class='ocrx_word' id='word_1_694' title='bbox 2814 3668 2957 3721; x_wconf 84' lang='lat' dir='ltr'><strong>facit.</strong></span> <span class='ocrx_word' id='word_1_695' title='bbox 3506 3680 3511 3683; x_wconf 86' lang='lat'>‘</span> 
     </span>
    </p>
   </div>
   <div class='ocr_carea' id='block_1_100' title="bbox 2185 3758 3705 3832">
    <p class='ocr_par' dir='ltr' id='par_1_100' title="bbox 2185 3758 3705 3832">
     <span class='ocr_line' id='line_1_101' title="bbox 2185 3758 3705 3832; baseline 0.004 -21"><span class='ocrx_word' id='word_1_696' title='bbox 2185 3758 2308 3814; x_wconf 67' lang='grc'><strong>542.</strong></span> <span class='ocrx_word' id='word_1_697' title='bbox 2369 3761 2514 3815; x_wconf 91' lang='lat' dir='ltr'><strong>Inter</strong></span> <span class='ocrx_word' id='word_1_698' title='bbox 2574 3760 2826 3816; x_wconf 83' lang='lat' dir='ltr'><strong>Somnum</strong></span> <span class='ocrx_word' id='word_1_699' title='bbox 2874 3770 2929 3815; x_wconf 91' lang='lat' dir='ltr'><strong>et</strong></span> <span class='ocrx_word' id='word_1_700' title='bbox 2977 3761 3248 3818; x_wconf 81' lang='lat' dir='ltr'><strong>somnium.</strong></span> <span class='ocrx_word' id='word_1_701' title='bbox 3310 3759 3543 3816; x_wconf 87' lang='lat' dir='ltr'><strong>Somnus</strong></span> <span class='ocrx_word' id='word_1_702' title='bbox 3598 3775 3705 3832; x_wconf 90' lang='lat' dir='ltr'><strong>quo</strong></span> 
     </span>
    </p>
   </div>
   <div class='ocr_carea' id='block_1_101' title="bbox 2111 3853 3569 3925">
    <p class='ocr_par' dir='ltr' id='par_1_101' title="bbox 2111 3853 3569 3925">
     <span class='ocr_line' id='line_1_102' title="bbox 2111 3853 3569 3925; baseline 0.004 -20"><span class='ocrx_word' id='word_1_703' title='bbox 2111 3853 2430 3920; x_wconf 86' lang='lat' dir='ltr'><strong>dormimus,</strong></span> <span class='ocrx_word' id='word_1_704' title='bbox 2465 3858 2733 3911; x_wconf 90' lang='lat' dir='ltr'><strong>somnium</strong></span> <span class='ocrx_word' id='word_1_705' title='bbox 2764 3856 2908 3925; x_wconf 89' lang='lat' dir='ltr'><strong>quod</strong></span> <span class='ocrx_word' id='word_1_706' title='bbox 2942 3855 3279 3912; x_wconf 90' lang='lat' dir='ltr'><strong>dormientes</strong></span> <span class='ocrx_word' id='word_1_707' title='bbox 3302 3856 3569 3911; x_wconf 87' lang='lat' dir='ltr'><strong>videmus.</strong></span> 
     </span>
    </p>
   </div>
   <div class='ocr_carea' id='block_1_102' title="bbox 2186 3946 3704 4015">
    <p class='ocr_par' dir='ltr' id='par_1_102' title="bbox 2186 3946 3704 4015">
     <span class='ocr_line' id='line_1_103' title="bbox 2186 3946 3704 4015; baseline 0.002 -13"><span class='ocrx_word' id='word_1_708' title='bbox 2186 3946 2307 4005; x_wconf 66' lang='grc'><strong>515.</strong></span> <span class='ocrx_word' id='word_1_709' title='bbox 2360 3951 2501 4006; x_wconf 82' lang='lat' dir='ltr'><strong>Inter</strong></span> <span class='ocrx_word' id='word_1_710' title='bbox 2533 3951 2666 4005; x_wconf 85' lang='lat' dir='ltr'><strong>Sum</strong></span> <span class='ocrx_word' id='word_1_711' title='bbox 2694 3959 2748 4005; x_wconf 90' lang='lat' dir='ltr'><strong>ct</strong></span> <span class='ocrx_word' id='word_1_712' title='bbox 2785 3966 2955 4005; x_wconf 88' lang='lat' dir='ltr'><strong>suum.</strong></span> <span class='ocrx_word' id='word_1_713' title='bbox 2986 3949 3116 4004; x_wconf 87' lang='lat' dir='ltr'><strong>Sum</strong></span> <span class='ocrx_word' id='word_1_714' title='bbox 3152 3950 3371 4006; x_wconf 87' lang='lat' dir='ltr'><strong>verbum</strong></span> <span class='ocrx_word' id='word_1_715' title='bbox 3404 3957 3506 4015; x_wconf 88' lang='lat' dir='ltr'><strong>est,</strong></span> <span class='ocrx_word' id='word_1_716' title='bbox 3549 3963 3704 4005; x_wconf 86' lang='lat' dir='ltr'><strong>suum</strong></span> 
     </span>
    </p>
   </div>
   <div class='ocr_carea' id='block_1_103' title="bbox 2109 4052 2545 4111">
    <p class='ocr_par' dir='ltr' id='par_1_103' title="bbox 2109 4052 2545 4111">
     <span class='ocr_line' id='line_1_104' title="bbox 2109 4052 2545 4111; baseline 0.002 -16"><span class='ocrx_word' id='word_1_717' title='bbox 2109 4057 2405 4111; x_wconf 88' lang='lat' dir='ltr'><strong>pronomen</strong></span> <span class='ocrx_word' id='word_1_718' title='bbox 2445 4052 2545 4097; x_wconf 86' lang='lat' dir='ltr'><strong>cst.</strong></span> 
     </span>
    </p>
   </div>
   <div class='ocr_carea' id='block_1_104' title="bbox 2183 4135 3704 4209">
    <p class='ocr_par' dir='ltr' id='par_1_104' title="bbox 2183 4135 3704 4209">
     <span class='ocr_line' id='line_1_105' title="bbox 2183 4135 3704 4209; baseline 0.005 -21"><span class='ocrx_word' id='word_1_719' title='bbox 2183 4135 2307 4191; x_wconf 67' lang='grc'><strong>544.</strong></span> <span class='ocrx_word' id='word_1_720' title='bbox 2354 4139 2497 4194; x_wconf 85' lang='lat' dir='ltr'><strong>Inter</strong></span> <span class='ocrx_word' id='word_1_721' title='bbox 2547 4138 2708 4196; x_wconf 74' lang='lat' dir='ltr'><strong>Struit</strong></span> <span class='ocrx_word' id='word_1_722' title='bbox 2748 4149 2803 4196; x_wconf 93' lang='lat' dir='ltr'><strong>et</strong></span> <span class='ocrx_word' id='word_1_723' title='bbox 2841 4148 2992 4197; x_wconf 82' lang='lat' dir='ltr'><strong>sevit.</strong></span> <span class='ocrx_word' id='word_1_724' title='bbox 3026 4142 3212 4207; x_wconf 70' lang='lat' dir='ltr'><strong>Stravit,</strong></span> <span class='ocrx_word' id='word_1_725' title='bbox 3243 4142 3527 4209; x_wconf 85' lang='lat' dir='ltr'><strong>irascitur;</strong></span> <span class='ocrx_word' id='word_1_726' title='bbox 3566 4142 3704 4199; x_wconf 87' lang='lat' dir='ltr'><strong>sevit</strong></span> 
     </span>
    </p>
   </div>
   <div class='ocr_carea' id='block_1_105' title="bbox 2110 4232 2523 4286">
    <p class='ocr_par' dir='ltr' id='par_1_105' title="bbox 2110 4232 2523 4286">
     <span class='ocr_line' id='line_1_106' title="bbox 2110 4232 2523 4286; baseline 0.005 -3"><span class='ocrx_word' id='word_1_727' title='bbox 2110 4239 2344 4285; x_wconf 87' lang='lat' dir='ltr'><strong>satorcm</strong></span> <span class='ocrx_word' id='word_1_728' title='bbox 2377 4232 2523 4286; x_wconf 89' lang='lat' dir='ltr'><strong>dicit.</strong></span> 
     </span>
    </p>
   </div>
   <div class='ocr_carea' id='block_1_106' title="bbox 2112 4341 2621 4408">
    <p class='ocr_par' dir='ltr' id='par_1_106' title="bbox 2112 4341 2621 4408">
     <span class='ocr_line' id='line_1_107' title="bbox 2112 4341 2621 4408; baseline 0.01 -16"><span class='ocrx_word' id='word_1_729' title='bbox 2112 4341 2333 4408; x_wconf 84' lang='lat' dir='ltr'><strong>carinis;</strong></span> <span class='ocrx_word' id='word_1_730' title='bbox 2364 4352 2418 4399; x_wconf 86' lang='lat' dir='ltr'><strong>et</strong></span> <span class='ocrx_word' id='word_1_731' title='bbox 2440 4344 2517 4400; x_wconf 91' lang='lat' dir='ltr'><strong>ill.</strong></span> <span class='ocrx_word' id='word_1_732' title='bbox 2547 4361 2578 4399; x_wconf 76' lang='grc' dir='ltr'>κ</span> <span class='ocrx_word' id='word_1_733' title='bbox 2609 4362 2621 4397; x_wconf 90' lang='lat'><strong>:</strong></span> 
     </span>
    </p>
   </div>
   <div class='ocr_carea' id='block_1_107' title="bbox 2301 4454 3451 4522">
    <p class='ocr_par' dir='ltr' id='par_1_107' title="bbox 2301 4454 3451 4522">
     <span class='ocr_line' id='line_1_108' title="bbox 2301 4454 3451 4522; baseline 0.006 -18"><span class='ocrx_word' id='word_1_734' title='bbox 2301 4454 2574 4519; x_wconf 76' lang='lat' dir='ltr'><strong>Frangere,</strong></span> <span class='ocrx_word' id='word_1_735' title='bbox 2597 4469 2689 4507; x_wconf 90' lang='lat' dir='ltr'><strong>nec</strong></span> <span class='ocrx_word' id='word_1_736' title='bbox 2712 4458 2793 4507; x_wconf 86' lang='lat' dir='ltr'><strong>tali</strong></span> <span class='ocrx_word' id='word_1_737' title='bbox 2817 4471 3008 4522; x_wconf 89' lang='lat' dir='ltr'><strong>puppes</strong></span> <span class='ocrx_word' id='word_1_738' title='bbox 3025 4462 3237 4511; x_wconf 88' lang='lat' dir='ltr'><strong>statione</strong></span> <span class='ocrx_word' id='word_1_739' title='bbox 3260 4472 3451 4511; x_wconf 88' lang='lat' dir='ltr'><strong>recuso.</strong></span> 
     </span>
    </p>
   </div>
   <div class='ocr_carea' id='block_1_108' title="bbox 2184 4556 3703 4686">
    <p class='ocr_par' dir='ltr' id='par_1_108' title="bbox 2184 4556 3703 4686">
     <span class='ocr_line' id='line_1_109' title="bbox 2184 4556 3703 4686; baseline 0.008 -75"><span class='ocrx_word' id='word_1_740' title='bbox 2184 4587 2254 4598; x_wconf 91' lang='lat'><strong><em>——</em></strong></span> <span class='ocrx_word' id='word_1_741' title='bbox 2277 4556 2437 4686; x_wconf 58' lang='lat' dir='ltr'><strong>Fort;</strong></span> <span class='ocrx_word' id='word_1_742' title='bbox 2469 4560 2678 4629; x_wconf 77' lang='lat' dir='ltr'><strong>legend.</strong></span> <span class='ocrx_word' id='word_1_743' title='bbox 2704 4564 2845 4617; x_wconf 88' lang='lat' dir='ltr'><strong>locus</strong></span> <span class='ocrx_word' id='word_1_744' title='bbox 2874 4571 3120 4629; x_wconf 83' lang='lat' dir='ltr'><strong>remotus,</strong></span> <span class='ocrx_word' id='word_1_745' title='bbox 3153 4578 3217 4619; x_wconf 77' lang='lat' dir='ltr'><strong>ex</strong></span> <span class='ocrx_word' id='word_1_746' title='bbox 3256 4563 3557 4636; x_wconf 81' lang='lat' dir='ltr'><strong>Etymolog.</strong></span> <span class='ocrx_word' id='word_1_747' title='bbox 3604 4565 3703 4623; x_wconf 66' lang='lat' dir='ltr'><strong>lib.&quot;</strong></span> 
     </span>
     <span class='ocr_line' id='line_1_110' title="bbox 2184 4644 2453 4686; baseline 0.015 -5"><span class='ocrx_word' id='word_1_748' title='bbox 2184 4645 2221 4686; x_wconf 74' lang='grc' dir='ltr'><strong>γ.</strong></span> <span class='ocrx_word' id='word_1_749' title='bbox 2253 4644 2371 4686; x_wconf 84' lang='lat' dir='ltr'><strong>can.</strong></span> <span class='ocrx_word' id='word_1_750' title='bbox 2440 4676 2453 4685; x_wconf 90' lang='lat'><strong>.</strong></span> 
     </span>
    </p>
   </div>
   <div class='ocr_carea' id='block_1_109' title="bbox 2115 4643 2453 4695">
    <p class='ocr_par' dir='ltr' id='par_1_109' title="bbox 2115 4643 2453 4695">
     <span class='ocr_line' id='line_1_111' title="bbox 2115 4643 2453 4695; baseline 0.015 -14"><span class='ocrx_word' id='word_1_751' title='bbox 2115 4643 2221 4693; x_wconf 79' lang='lat' dir='ltr'><strong>xrv,</strong></span> <span class='ocrx_word' id='word_1_752' title='bbox 2253 4644 2371 4695; x_wconf 86' lang='lat' dir='ltr'><strong>cap.</strong></span> <span class='ocrx_word' id='word_1_753' title='bbox 2401 4643 2453 4686; x_wconf 75' lang='grc' dir='ltr'><strong>δ.</strong></span> 
     </span>
    </p>
   </div>
   <div class='ocr_carea' id='block_1_110' title="bbox 2184 4700 3703 4775">
    <p class='ocr_par' dir='ltr' id='par_1_110' title="bbox 2184 4700 3703 4775">
     <span class='ocr_line' id='line_1_112' title="bbox 2184 4700 3703 4775; baseline 0.006 -21"><span class='ocrx_word' id='word_1_754' title='bbox 2184 4700 2306 4775; x_wconf 83' lang='grc'><strong>556.</strong></span> <span class='ocrx_word' id='word_1_755' title='bbox 2335 4702 2424 4758; x_wconf 89' lang='lat' dir='ltr'><strong>Sic</strong></span> <span class='ocrx_word' id='word_1_756' title='bbox 2442 4703 2612 4774; x_wconf 76' lang='lat' dir='ltr'><strong>Virg.,</strong></span> <span class='ocrx_word' id='word_1_757' title='bbox 2637 4704 2832 4774; x_wconf 85' lang='lat' dir='ltr'><strong>Georg.</strong></span> <span class='ocrx_word' id='word_1_758' title='bbox 2860 4704 3060 4759; x_wconf 73' lang='lat' dir='ltr'><strong>1:an10</strong></span> <span class='ocrx_word' id='word_1_759' title='bbox 3077 4706 3400 4775; x_wconf 83' lang='lat' dir='ltr'><strong>properanda</strong></span> <span class='ocrx_word' id='word_1_760' title='bbox 3416 4723 3627 4773; x_wconf 86' lang='lat' dir='ltr'><strong>sereno;</strong></span> <span class='ocrx_word' id='word_1_761' title='bbox 3647 4716 3703 4763; x_wconf 88' lang='lat' dir='ltr'><strong>et</strong></span> 
     </span>
    </p>
   </div>
   <div class='ocr_carea' id='block_1_111' title="bbox 2116 4770 3701 4841">
    <p class='ocr_par' dir='ltr' id='par_1_111' title="bbox 2116 4770 3701 4841">
     <span class='ocr_line' id='line_1_113' title="bbox 2116 4770 3701 4841; baseline 0.006 -18"><span class='ocrx_word' id='word_1_762' title='bbox 2116 4770 2322 4826; x_wconf 82' lang='lat' dir='ltr'><strong>Iliemes</strong></span> <span class='ocrx_word' id='word_1_763' title='bbox 2356 4770 2868 4841; x_wconf 56' lang='lat' dir='ltr'><strong>optateserennsfet</strong></span> <span class='ocrx_word' id='word_1_764' title='bbox 2893 4778 3019 4830; x_wconf 88' lang='lat' dir='ltr'><strong>alibi</strong></span> <span class='ocrx_word' id='word_1_765' title='bbox 3049 4770 3252 4832; x_wconf 34' lang='lat' dir='ltr'><strong>:‘Unde</strong></span> <span class='ocrx_word' id='word_1_766' title='bbox 3271 4793 3476 4832; x_wconf 86' lang='lat' dir='ltr'><strong>serenas</strong></span> <span class='ocrx_word' id='word_1_767' title='bbox 3508 4770 3701 4833; x_wconf 79' lang='lat' dir='ltr'><strong>Ventus</strong></span> 
     </span>
    </p>
   </div>
   <div class='ocr_carea' id='block_1_112' title="bbox 2111 4844 2894 4916">
    <p class='ocr_par' dir='ltr' id='par_1_112' title="bbox 2111 4844 2894 4916">
     <span class='ocr_line' id='line_1_114' title="bbox 2111 4844 2894 4916; baseline 0.009 -21"><span class='ocrx_word' id='word_1_768' title='bbox 2111 4855 2227 4913; x_wconf 82' lang='lat' dir='ltr'><strong>agat</strong></span> <span class='ocrx_word' id='word_1_769' title='bbox 2260 4844 2457 4911; x_wconf 86' lang='lat' dir='ltr'><strong>nubes;</strong></span> <span class='ocrx_word' id='word_1_770' title='bbox 2486 4856 2540 4900; x_wconf 87' lang='lat' dir='ltr'><strong>et</strong></span> <span class='ocrx_word' id='word_1_771' title='bbox 2570 4862 2711 4916; x_wconf 65' lang='lat' dir='ltr'><strong>swpe</strong></span> <span class='ocrx_word' id='word_1_772' title='bbox 2740 4848 2894 4902; x_wconf 85' lang='lat' dir='ltr'><strong>alias.</strong></span> 
     </span>
    </p>
   </div>
   <div class='ocr_carea' id='block_1_113' title="bbox 2182 4916 3572 4992">
    <p class='ocr_par' dir='ltr' id='par_1_113' title="bbox 2182 4916 3572 4992">
     <span class='ocr_line' id='line_1_115' title="bbox 2182 4916 3572 4992; baseline 0.008 -26"><span class='ocrx_word' id='word_1_773' title='bbox 2182 4916 3001 4992; x_wconf 25' lang='lat' dir='ltr'><strong>:u&#39;l‘ranquillum.Tranquilla</strong></span> <span class='ocrx_word' id='word_1_774' title='bbox 3023 4936 3113 4992; x_wconf 86' lang='lat' dir='ltr'><strong>per</strong></span> <span class='ocrx_word' id='word_1_775' title='bbox 3136 4921 3265 4975; x_wconf 85' lang='lat' dir='ltr'><strong>alta.</strong></span> <span class='ocrx_word' id='word_1_776' title='bbox 3297 4935 3336 4975; x_wconf 90' lang='lat' dir='ltr'><strong>tt</strong></span> <span class='ocrx_word' id='word_1_777' title='bbox 3360 4919 3572 4977; x_wconf 69' lang='lat' dir='ltr'><strong>Eneid.</strong></span> 
     </span>
    </p>
   </div>
   <div class='ocr_carea' id='block_1_114' title="bbox 2182 4985 3697 5060">
    <p class='ocr_par' dir='ltr' id='par_1_114' title="bbox 2182 4985 3697 5060">
     <span class='ocr_line' id='line_1_116' title="bbox 2182 4985 3697 5060; baseline 0.003 -18"><span class='ocrx_word' id='word_1_778' title='bbox 2182 4985 2305 5060; x_wconf 56' lang='lat' dir='ltr'><strong>eos.</strong></span> <span class='ocrx_word' id='word_1_779' title='bbox 2339 4985 2593 5060; x_wconf 53' lang='lat' dir='ltr'><strong>agnoscit</strong></span> <span class='ocrx_word' id='word_1_780' title='bbox 2612 4991 2771 5045; x_wconf 89' lang='lat' dir='ltr'><strong>etiam</strong></span> <span class='ocrx_word' id='word_1_781' title='bbox 2803 4985 2943 5044; x_wconf 80' lang='lat' dir='ltr'><strong>hanc</strong></span> <span class='ocrx_word' id='word_1_782' title='bbox 2969 4985 3153 5046; x_wconf 82' lang='lat' dir='ltr'><strong>vocem</strong></span> <span class='ocrx_word' id='word_1_783' title='bbox 3179 5002 3334 5047; x_wconf 89' lang='lat' dir='ltr'><strong>vetus</strong></span> <span class='ocrx_word' id='word_1_784' title='bbox 3355 4992 3697 5060; x_wconf 88' lang='lat' dir='ltr'><strong>glossarinm.</strong></span> 
     </span>
    </p>
   </div>
   <div class='ocr_carea' id='block_1_115' title="bbox 2182 5055 3701 5123">
    <p class='ocr_par' dir='ltr' id='par_1_115' title="bbox 2182 5055 3701 5123">
     <span class='ocr_line' id='line_1_117' title="bbox 2182 5055 3701 5123; baseline 0.004 -14"><span class='ocrx_word' id='word_1_785' title='bbox 2182 5055 2308 5114; x_wconf 81' lang='grc'><strong>559.</strong></span> <span class='ocrx_word' id='word_1_786' title='bbox 2342 5055 2416 5113; x_wconf 60' lang='lat' dir='ltr'><strong>Ei</strong></span> <span class='ocrx_word' id='word_1_787' title='bbox 2451 5060 2631 5123; x_wconf 87' lang='lat' dir='ltr'><strong>Serv.,</strong></span> <span class='ocrx_word' id='word_1_788' title='bbox 2671 5060 2737 5114; x_wconf 92' lang='lat' dir='ltr'><strong>ad</strong></span> <span class='ocrx_word' id='word_1_789' title='bbox 2768 5062 2842 5116; x_wconf 89' lang='lat' dir='ltr'><strong>ill.</strong></span> <span class='ocrx_word' id='word_1_790' title='bbox 2876 5077 2925 5116; x_wconf 91' lang='lat' dir='ltr'><strong>tv</strong></span> <span class='ocrx_word' id='word_1_791' title='bbox 2950 5062 3166 5117; x_wconf 71' lang='lat' dir='ltr'><strong>.Eneid.</strong></span> <span class='ocrx_word' id='word_1_792' title='bbox 3195 5078 3210 5116; x_wconf 86' lang='lat'><strong>:</strong></span> <span class='ocrx_word' id='word_1_793' title='bbox 3235 5055 3536 5116; x_wconf 52' lang='lat' dir='ltr'><strong>(fontt&#39;ectaut</strong></span> <span class='ocrx_word' id='word_1_794' title='bbox 3567 5063 3701 5116; x_wconf 87' lang='lat' dir='ltr'><strong>calle</strong></span> 
     </span>
    </p>
   </div>
   <div class='ocr_carea' id='block_1_116' title="bbox 2111 5130 3411 5203">
    <p class='ocr_par' dir='ltr' id='par_1_116' title="bbox 2111 5130 3411 5203">
     <span class='ocr_line' id='line_1_118' title="bbox 2111 5130 3411 5203; baseline 0.007 -24"><span class='ocrx_word' id='word_1_795' title='bbox 2111 5140 2361 5203; x_wconf 72' lang='lat' dir='ltr'><strong>augusto;</strong></span> <span class='ocrx_word' id='word_1_796' title='bbox 2384 5138 2438 5203; x_wconf 78' lang='lat' dir='ltr'><strong>et</strong></span> <span class='ocrx_word' id='word_1_797' title='bbox 2464 5130 2581 5197; x_wconf 89' lang='lat' dir='ltr'><strong>ipse</strong></span> <span class='ocrx_word' id='word_1_798' title='bbox 2608 5132 2908 5203; x_wconf 80' lang='lat' dir='ltr'><strong>Etymolog.</strong></span> <span class='ocrx_word' id='word_1_799' title='bbox 2940 5133 3036 5190; x_wconf 88' lang='lat' dir='ltr'><strong>lib.</strong></span> <span class='ocrx_word' id='word_1_800' title='bbox 3069 5148 3155 5200; x_wconf 85' lang='lat' dir='ltr'><strong>xv,</strong></span> <span class='ocrx_word' id='word_1_801' title='bbox 3177 5147 3296 5200; x_wconf 90' lang='lat' dir='ltr'><strong>cap.</strong></span> <span class='ocrx_word' id='word_1_802' title='bbox 3325 5130 3411 5188; x_wconf 84' lang='grc'><strong>16.</strong></span> 
     </span>
    </p>
   </div>
   <div class='ocr_carea' id='block_1_117' title="bbox 2182 5200 3700 5272">
    <p class='ocr_par' dir='ltr' id='par_1_117' title="bbox 2182 5200 3700 5272">
     <span class='ocr_line' id='line_1_119' title="bbox 2182 5200 3700 5272; baseline 0.002 -17"><span class='ocrx_word' id='word_1_803' title='bbox 2182 5200 2445 5272; x_wconf 16' lang='lat' dir='ltr'><strong>—7Semis</strong></span> <span class='ocrx_word' id='word_1_804' title='bbox 2474 5203 2574 5257; x_wconf 83' lang='lat' dir='ltr'><strong>via.</strong></span> <span class='ocrx_word' id='word_1_805' title='bbox 2611 5200 2786 5267; x_wconf 57' lang='grc' dir='ltr'><strong>νάπη</strong></span> <span class='ocrx_word' id='word_1_806' title='bbox 2817 5200 2879 5258; x_wconf 71' lang='lat' dir='ltr'><strong>tv</strong></span> <span class='ocrx_word' id='word_1_807' title='bbox 2899 5203 2968 5257; x_wconf 89' lang='lat' dir='ltr'><strong>de</strong></span> <span class='ocrx_word' id='word_1_808' title='bbox 2998 5203 3147 5272; x_wconf 87' lang='lat' dir='ltr'><strong>Ling.</strong></span> <span class='ocrx_word' id='word_1_809' title='bbox 3181 5203 3298 5257; x_wconf 86' lang='lat' dir='ltr'><strong>Lat.</strong></span> <span class='ocrx_word' id='word_1_810' title='bbox 3335 5218 3350 5258; x_wconf 87' lang='lat'>:</span> <span class='ocrx_word' id='word_1_811' title='bbox 3390 5202 3549 5269; x_wconf 81' lang='lat' dir='ltr'><strong>Quasi</strong></span> <span class='ocrx_word' id='word_1_812' title='bbox 3573 5204 3700 5258; x_wconf 81' lang='lat' dir='ltr'><strong>senti</strong></span> 
     </span>
    </p>
   </div>
   <div class='ocr_carea' id='block_1_118' title="bbox 2110 5270 3371 5345">
    <p class='ocr_par' dir='ltr' id='par_1_118' title="bbox 2110 5270 3371 5345">
     <span class='ocr_line' id='line_1_120' title="bbox 2110 5270 3371 5345; baseline 0.004 -22"><span class='ocrx_word' id='word_1_813' title='bbox 2110 5270 2228 5326; x_wconf 86' lang='lat' dir='ltr'><strong>iter.</strong></span> <span class='ocrx_word' id='word_1_814' title='bbox 2252 5271 2368 5345; x_wconf 70' lang='lat' dir='ltr'><strong>Ipse</strong></span> <span class='ocrx_word' id='word_1_815' title='bbox 2396 5274 2698 5345; x_wconf 79' lang='lat' dir='ltr'><strong>Etymolog.</strong></span> <span class='ocrx_word' id='word_1_816' title='bbox 2734 5276 2827 5328; x_wconf 92' lang='lat' dir='ltr'><strong>lib.</strong></span> <span class='ocrx_word' id='word_1_817' title='bbox 2853 5277 3037 5339; x_wconf 89' lang='lat' dir='ltr'><strong>citato,</strong></span> <span class='ocrx_word' id='word_1_818' title='bbox 3066 5270 3250 5327; x_wconf 50' lang='lat' dir='ltr'><strong>a&#39;semi</strong></span> <span class='ocrx_word' id='word_1_819' title='bbox 3277 5275 3371 5328; x_wconf 87' lang='lat' dir='ltr'><strong>itu.</strong></span> 
     </span>
    </p>
   </div>
   <div class='ocr_carea' id='block_1_119' title="bbox 2182 5342 3700 5414">
    <p class='ocr_par' dir='ltr' id='par_1_119' title="bbox 2182 5342 3700 5414">
     <span class='ocr_line' id='line_1_121' title="bbox 2182 5342 3700 5414; baseline 0.003 -18"><span class='ocrx_word' id='word_1_820' title='bbox 2182 5373 2250 5382; x_wconf 96' lang='lat'><strong><em>—</em></strong></span> <span class='ocrx_word' id='word_1_821' title='bbox 2278 5342 2473 5397; x_wconf 83' lang='lat' dir='ltr'><strong>Semita</strong></span> <span class='ocrx_word' id='word_1_822' title='bbox 2502 5342 2670 5401; x_wconf 50' lang='lat' dir='ltr'><strong>dicta:</strong></span> <span class='ocrx_word' id='word_1_823' title='bbox 2690 5345 3037 5414; x_wconf 84' lang='lat' dir='ltr'><strong>Legend.Via</strong></span> <span class='ocrx_word' id='word_1_824' title='bbox 3058 5346 3216 5410; x_wconf 87' lang='lat' dir='ltr'><strong>dicta,</strong></span> <span class='ocrx_word' id='word_1_825' title='bbox 3243 5360 3414 5414; x_wconf 89' lang='lat' dir='ltr'><strong>neque</strong></span> <span class='ocrx_word' id='word_1_826' title='bbox 3436 5345 3576 5400; x_wconf 91' lang='lat' dir='ltr'><strong>enim</strong></span> <span class='ocrx_word' id='word_1_827' title='bbox 3612 5361 3700 5401; x_wconf 86' lang='lat' dir='ltr'><strong>se-</strong></span> 
     </span>
    </p>
   </div>
   <div class='ocr_carea' id='block_1_120' title="bbox 2110 5414 3012 5482">
    <p class='ocr_par' dir='ltr' id='par_1_120' title="bbox 2110 5414 3012 5482">
     <span class='ocr_line' id='line_1_122' title="bbox 2110 5414 3012 5482; baseline 0.004 -17"><span class='ocrx_word' id='word_1_828' title='bbox 2110 5414 2236 5467; x_wconf 91' lang='lat' dir='ltr'><strong>mita</strong></span> <span class='ocrx_word' id='word_1_829' title='bbox 2261 5415 2582 5480; x_wconf 82' lang='lat' dir='ltr'><strong>vehiculum,</strong></span> <span class='ocrx_word' id='word_1_830' title='bbox 2614 5416 2709 5471; x_wconf 91' lang='lat' dir='ltr'><strong>sed</strong></span> <span class='ocrx_word' id='word_1_831' title='bbox 2732 5418 2821 5469; x_wconf 91' lang='lat' dir='ltr'><strong>via</strong></span> <span class='ocrx_word' id='word_1_832' title='bbox 2846 5416 3012 5482; x_wconf 89' lang='lat' dir='ltr'><strong>capit.</strong></span> 
     </span>
    </p>
   </div>
   <div class='ocr_carea' id='block_1_121' title="bbox 2178 5485 3693 5551">
    <p class='ocr_par' dir='ltr' id='par_1_121' title="bbox 2178 5485 3693 5551">
     <span class='ocr_line' id='line_1_123' title="bbox 2178 5485 3693 5551; baseline 0.003 -14"><span class='ocrx_word' id='word_1_833' title='bbox 2178 5514 2248 5524; x_wconf 89' lang='lat'><strong><em>—</em></strong></span> <span class='ocrx_word' id='word_1_834' title='bbox 2269 5487 2424 5539; x_wconf 89' lang='lat' dir='ltr'><strong>Actus</strong></span> <span class='ocrx_word' id='word_1_835' title='bbox 2454 5494 2681 5540; x_wconf 82' lang='lat' dir='ltr'><strong>vocatur.</strong></span> <span class='ocrx_word' id='word_1_836' title='bbox 2710 5486 2923 5551; x_wconf 86' lang='lat' dir='ltr'><strong>Paulus,</strong></span> <span class='ocrx_word' id='word_1_837' title='bbox 2957 5486 3021 5539; x_wconf 87' lang='lat' dir='ltr'><strong>ad</strong></span> <span class='ocrx_word' id='word_1_838' title='bbox 3066 5485 3304 5551; x_wconf 85' lang='lat' dir='ltr'><strong>Festum,</strong></span> <span class='ocrx_word' id='word_1_839' title='bbox 3334 5487 3468 5545; x_wconf 91' lang='lat' dir='ltr'><strong>dict.</strong></span> <span class='ocrx_word' id='word_1_840' title='bbox 3513 5488 3693 5542; x_wconf 76' lang='lat' dir='ltr'><strong>Actus.</strong></span> 
     </span>
    </p>
   </div>
   <div class='ocr_carea' id='block_1_122' title="bbox 2109 5554 3689 5681">
    <p class='ocr_par' dir='ltr' id='par_1_122' title="bbox 2109 5554 3689 5681">
     <span class='ocr_line' id='line_1_124' title="bbox 2111 5554 3689 5630; baseline 0.001 -24"><span class='ocrx_word' id='word_1_841' title='bbox 2111 5554 2290 5620; x_wconf 87' lang='lat' dir='ltr'><strong>Varr.,</strong></span> <span class='ocrx_word' id='word_1_842' title='bbox 2314 5572 2367 5609; x_wconf 87' lang='lat' dir='ltr'><strong>tv</strong></span> <span class='ocrx_word' id='word_1_843' title='bbox 2389 5558 2456 5611; x_wconf 91' lang='lat' dir='ltr'><strong>de</strong></span> <span class='ocrx_word' id='word_1_844' title='bbox 2479 5556 2634 5627; x_wconf 87' lang='lat' dir='ltr'><strong>Ling.</strong></span> <span class='ocrx_word' id='word_1_845' title='bbox 2654 5557 2795 5622; x_wconf 90' lang='lat' dir='ltr'><strong>Lat.,</strong></span> <span class='ocrx_word' id='word_1_846' title='bbox 2820 5558 3027 5613; x_wconf 87' lang='lat' dir='ltr'><strong>duobus</strong></span> <span class='ocrx_word' id='word_1_847' title='bbox 3049 5556 3200 5613; x_wconf 88' lang='lat' dir='ltr'><strong>locis.</strong></span> <span class='ocrx_word' id='word_1_848' title='bbox 3225 5558 3343 5627; x_wconf 87' lang='lat' dir='ltr'><strong>Ipse</strong></span> <span class='ocrx_word' id='word_1_849' title='bbox 3368 5560 3689 5630; x_wconf 74' lang='lat' dir='ltr'><strong>Etymolng.,</strong></span> 
     </span>
     <span class='ocr_line' id='line_1_125' title="bbox 2109 5626 2609 5681; baseline 0.004 -2"><span class='ocrx_word' id='word_1_850' title='bbox 2109 5626 2203 5681; x_wconf 83' lang='lat' dir='ltr'><strong>lib.</strong></span> <span class='ocrx_word' id='word_1_851' title='bbox 2243 5644 2330 5681; x_wconf 80' lang='lat' dir='ltr'><strong>xv.</strong></span> <span class='ocrx_word' id='word_1_852' title='bbox 2367 5643 2485 5681; x_wconf 87' lang='lat' dir='ltr'><strong>can.</strong></span> <span class='ocrx_word' id='word_1_853' title='bbox 2521 5630 2609 5681; x_wconf 87' lang='grc'><strong>15.</strong></span> 
     </span>
    </p>
   </div>
   <div class='ocr_carea' id='block_1_123' title="bbox 2132 5628 2609 5698">
    <p class='ocr_par' dir='ltr' id='par_1_123' title="bbox 2132 5628 2609 5698">
     <span class='ocr_line' id='line_1_126' title="bbox 2132 5628 2609 5698; baseline 0.006 -18"><span class='ocrx_word' id='word_1_854' title='bbox 2132 5628 2203 5681; x_wconf 84' lang='lat' dir='ltr'><strong>ib.</strong></span> <span class='ocrx_word' id='word_1_855' title='bbox 2243 5643 2485 5698; x_wconf 38' lang='lat' dir='ltr'><strong>xvtcap.</strong></span> <span class='ocrx_word' id='word_1_856' title='bbox 2521 5630 2609 5685; x_wconf 83' lang='lat' dir='ltr'><strong>I5.</strong></span> 
     </span>
    </p>
   </div>
   <div class='ocr_carea' id='block_1_124' title="bbox 2177 5697 3690 5769">
    <p class='ocr_par' dir='ltr' id='par_1_124' title="bbox 2177 5697 3690 5769">
     <span class='ocr_line' id='line_1_127' title="bbox 2177 5697 3690 5769; baseline -0.002 -16"><span class='ocrx_word' id='word_1_857' title='bbox 2177 5699 2303 5753; x_wconf 70' lang='lat'><strong>542.</strong></span> <span class='ocrx_word' id='word_1_858' title='bbox 2334 5697 2413 5753; x_wconf 82' lang='lat' dir='ltr'><strong>Ex</strong></span> <span class='ocrx_word' id='word_1_859' title='bbox 2429 5700 2607 5766; x_wconf 61' lang='lat' dir='ltr'><strong>Serm,</strong></span> <span class='ocrx_word' id='word_1_860' title='bbox 2626 5700 2692 5755; x_wconf 90' lang='lat' dir='ltr'><strong>ad</strong></span> <span class='ocrx_word' id='word_1_861' title='bbox 2710 5700 2788 5757; x_wconf 91' lang='lat' dir='ltr'><strong>ill.</strong></span> <span class='ocrx_word' id='word_1_862' title='bbox 2805 5714 2835 5754; x_wconf 86' lang='lat' dir='ltr'><strong>v</strong></span> <span class='ocrx_word' id='word_1_863' title='bbox 2851 5697 2981 5757; x_wconf 68' lang='lat' dir='ltr'><strong>En.“</strong></span> <span class='ocrx_word' id='word_1_864' title='bbox 3003 5717 3016 5754; x_wconf 89' lang='lat'><strong>:</strong></span> <span class='ocrx_word' id='word_1_865' title='bbox 3041 5700 3152 5755; x_wconf 85' lang='lat' dir='ltr'><strong>Tibi</strong></span> <span class='ocrx_word' id='word_1_866' title='bbox 3178 5701 3343 5758; x_wconf 85' lang='lat' dir='ltr'><strong>tristia</strong></span> <span class='ocrx_word' id='word_1_867' title='bbox 3360 5700 3554 5757; x_wconf 87' lang='lat' dir='ltr'><strong>somnia</strong></span> <span class='ocrx_word' id='word_1_868' title='bbox 3575 5717 3690 5769; x_wconf 78' lang='lat' dir='ltr'><strong>par-</strong></span> 
     </span>
    </p>
   </div>
   <div class='ocr_carea' id='block_1_125' title="bbox 2109 5770 3692 5845">
    <p class='ocr_par' dir='ltr' id='par_1_125' title="bbox 2109 5770 3692 5845">
     <span class='ocr_line' id='line_1_128' title="bbox 2109 5770 3692 5845; baseline -0.002 -20"><span class='ocrx_word' id='word_1_869' title='bbox 2109 5779 2242 5837; x_wconf 84' lang='lat' dir='ltr'><strong>tans,</strong></span> <span class='ocrx_word' id='word_1_870' title='bbox 2270 5771 2361 5843; x_wconf 89' lang='lat' dir='ltr'><strong>qui</strong></span> <span class='ocrx_word' id='word_1_871' title='bbox 2390 5780 2600 5827; x_wconf 79' lang='lat' dir='ltr'><strong>tamen:</strong></span> <span class='ocrx_word' id='word_1_872' title='bbox 2628 5770 2925 5839; x_wconf 84' lang='lat' dir='ltr'><strong>Somnium,</strong></span> <span class='ocrx_word' id='word_1_873' title='bbox 2946 5774 3085 5845; x_wconf 80' lang='lat' dir='ltr'><strong>quod</strong></span> <span class='ocrx_word' id='word_1_874' title='bbox 3113 5773 3418 5829; x_wconf 82' lang='lat' dir='ltr'><strong>dormientes</strong></span> <span class='ocrx_word' id='word_1_875' title='bbox 3442 5772 3692 5825; x_wconf 74' lang='lat' dir='ltr'><strong>ridemus.</strong></span> 
     </span>
    </p>
   </div>
  </div>
