  <div class='ocr_page' id='page_1' title='image "/cluster/home/n/w/nwhite01/storage/ocr_20150623/83/hvd.32044015469448/040.png"; bbox 0 0 4056 6350; ppageno 0'>
   <div class='ocr_carea' id='block_1_1' title="bbox 347 196 1951 294">
    <p class='ocr_par' dir='ltr' id='par_1_1' title="bbox 347 228 1951 294">
     <span class='ocr_line' id='line_1_1' title="bbox 347 228 1951 294; baseline 0.001 -5"><span class='ocrx_word' id='word_1_1' title='bbox 347 238 411 289; x_wconf 68' lang='lat' dir='ltr'><strong>t3</strong></span> <span class='ocrx_word' id='word_1_2' title='bbox 1546 228 1951 294; x_wconf 81' lang='lat' dir='ltr'><strong>DIFFEREN&#39;I‘I</strong></span> 
     </span>
    </p>
   </div>
   <div class='ocr_carea' id='block_1_2' title="bbox 2089 196 3638 294">
    <p class='ocr_par' dir='ltr' id='par_1_2' title="bbox 2089 196 3638 291">
     <span class='ocr_line' id='line_1_2' title="bbox 2089 196 3638 291; baseline 0.001 -1"><span class='ocrx_word' id='word_1_3' title='bbox 2089 196 2154 290; x_wconf 74' lang='lat' dir='ltr'><strong>tu</strong></span> <span class='ocrx_word' id='word_1_4' title='bbox 2191 224 2325 291; x_wconf 79' lang='lat' dir='ltr'><strong>LIB.</strong></span> <span class='ocrx_word' id='word_1_5' title='bbox 2366 229 2413 291; x_wconf 94' lang='grc' dir='ltr'>ι.</span> <span class='ocrx_word' id='word_1_6' title='bbox 3566 230 3638 291; x_wconf 77' lang='lat' dir='ltr'><strong>es</strong></span> 
     </span>
    </p>
   </div>
   <div class='ocr_carea' id='block_1_3' title="bbox 410 342 3638 421">
    <p class='ocr_par' dir='ltr' id='par_1_3' title="bbox 410 342 3638 421">
     <span class='ocr_line' id='line_1_3' title="bbox 410 342 3638 421; baseline -0.002 -10"><span class='ocrx_word' id='word_1_7' title='bbox 410 345 536 411; x_wconf 70' lang='grc'>545.</span> <span class='ocrx_word' id='word_1_8' title='bbox 588 346 732 407; x_wconf 86' lang='lat' dir='ltr'><strong>Inter</strong></span> <span class='ocrx_word' id='word_1_9' title='bbox 772 361 897 406; x_wconf 77' lang='lat' dir='ltr'><strong>suus</strong></span> <span class='ocrx_word' id='word_1_10' title='bbox 942 353 998 406; x_wconf 82' lang='lat' dir='ltr'><strong>et</strong></span> <span class='ocrx_word' id='word_1_11' title='bbox 1022 359 1131 406; x_wconf 84' lang='lat' dir='ltr'><strong>sus.</strong></span> <span class='ocrx_word' id='word_1_12' title='bbox 1162 347 1305 407; x_wconf 84' lang='lat' dir='ltr'><strong>Suus</strong></span> <span class='ocrx_word' id='word_1_13' title='bbox 1349 363 1650 421; x_wconf 80' lang='lat' dir='ltr'><strong>pronomen</strong></span> <span class='ocrx_word' id='word_1_14' title='bbox 1689 359 1812 421; x_wconf 89' lang='lat' dir='ltr'><strong>est,</strong></span> <span class='ocrx_word' id='word_1_15' title='bbox 1843 362 1935 405; x_wconf 85' lang='lat' dir='ltr'><strong>sus</strong></span> <span class='ocrx_word' id='word_1_16' title='bbox 1964 348 2020 411; x_wconf 77' lang='grc' dir='ltr'>Α</span> <span class='ocrx_word' id='word_1_17' title='bbox 2120 345 2411 404; x_wconf 87' lang='lat' dir='ltr'><strong>559.lnter</strong></span> <span class='ocrx_word' id='word_1_18' title='bbox 2432 342 2595 409; x_wconf 88' lang='lat' dir='ltr'><strong>Tulit,</strong></span> <span class='ocrx_word' id='word_1_19' title='bbox 2610 342 3207 413; x_wconf 81' lang='lat' dir='ltr'><strong>Aabstulit,etsttstulit.</strong></span> <span class='ocrx_word' id='word_1_20' title='bbox 3222 344 3367 404; x_wconf 85' lang='lat' dir='ltr'><strong>Tulit</strong></span> <span class='ocrx_word' id='word_1_21' title='bbox 3390 348 3485 419; x_wconf 89' lang='lat' dir='ltr'><strong>qui</strong></span> <span class='ocrx_word' id='word_1_22' title='bbox 3509 349 3638 417; x_wconf 83' lang='lat' dir='ltr'><strong>fert,</strong></span> 
     </span>
    </p>
   </div>
   <div class='ocr_carea' id='block_1_4' title="bbox 339 448 675 504">
    <p class='ocr_par' dir='ltr' id='par_1_4' title="bbox 339 448 675 504">
     <span class='ocr_line' id='line_1_4' title="bbox 339 448 675 504; baseline -0.009 0"><span class='ocrx_word' id='word_1_23' title='bbox 339 448 539 504; x_wconf 79' lang='lat' dir='ltr'><strong>animal</strong></span> <span class='ocrx_word' id='word_1_24' title='bbox 568 456 675 502; x_wconf 89' lang='lat' dir='ltr'><strong>est.</strong></span> 
     </span>
    </p>
   </div>
   <div class='ocr_carea' id='block_1_5' title="bbox 410 533 1941 609">
    <p class='ocr_par' dir='ltr' id='par_1_5' title="bbox 410 533 1941 609">
     <span class='ocr_line' id='line_1_5' title="bbox 410 533 1941 609; baseline -0.004 -14"><span class='ocrx_word' id='word_1_25' title='bbox 410 534 539 595; x_wconf 71' lang='grc'>546.</span> <span class='ocrx_word' id='word_1_26' title='bbox 565 536 707 592; x_wconf 89' lang='lat' dir='ltr'><strong>Inter</strong></span> <span class='ocrx_word' id='word_1_27' title='bbox 719 535 913 609; x_wconf 77' lang='lat' dir='ltr'><strong>Syram</strong></span> <span class='ocrx_word' id='word_1_28' title='bbox 927 546 981 595; x_wconf 92' lang='lat' dir='ltr'><strong>et</strong></span> <span class='ocrx_word' id='word_1_29' title='bbox 1001 552 1201 593; x_wconf 86' lang='lat' dir='ltr'><strong>suram.</strong></span> <span class='ocrx_word' id='word_1_30' title='bbox 1216 535 1355 609; x_wconf 89' lang='lat' dir='ltr'><strong>Syra</strong></span> <span class='ocrx_word' id='word_1_31' title='bbox 1381 535 1557 608; x_wconf 86' lang='lat' dir='ltr'><strong>gentis</strong></span> <span class='ocrx_word' id='word_1_32' title='bbox 1581 549 1695 592; x_wconf 83' lang='lat' dir='ltr'><strong>suae</strong></span> <span class='ocrx_word' id='word_1_33' title='bbox 1716 533 1941 602; x_wconf 82' lang='lat' dir='ltr'><strong>femina,</strong></span> 
     </span>
    </p>
   </div>
   <div class='ocr_carea' id='block_1_6' title="bbox 340 629 833 701">
    <p class='ocr_par' dir='ltr' id='par_1_6' title="bbox 340 629 833 701">
     <span class='ocr_line' id='line_1_6' title="bbox 340 629 833 701; baseline -0.002 -16"><span class='ocrx_word' id='word_1_34' title='bbox 340 645 464 687; x_wconf 89' lang='lat' dir='ltr'><strong>sura</strong></span> <span class='ocrx_word' id='word_1_35' title='bbox 498 645 629 701; x_wconf 85' lang='lat' dir='ltr'><strong>pars</strong></span> <span class='ocrx_word' id='word_1_36' title='bbox 656 629 833 696; x_wconf 86' lang='lat' dir='ltr'><strong>pedis.</strong></span> 
     </span>
    </p>
   </div>
   <div class='ocr_carea' id='block_1_7' title="bbox 412 723 1942 789">
    <p class='ocr_par' dir='ltr' id='par_1_7' title="bbox 412 723 1942 789">
     <span class='ocr_line' id='line_1_7' title="bbox 412 723 1942 789; baseline -0.003 -8"><span class='ocrx_word' id='word_1_37' title='bbox 412 725 543 781; x_wconf 71' lang='lat'><strong>547.</strong></span> <span class='ocrx_word' id='word_1_38' title='bbox 590 725 737 780; x_wconf 92' lang='lat' dir='ltr'><strong>Inter</strong></span> <span class='ocrx_word' id='word_1_39' title='bbox 778 723 1047 781; x_wconf 89' lang='lat' dir='ltr'><strong>Sartorem</strong></span> <span class='ocrx_word' id='word_1_40' title='bbox 1102 735 1157 780; x_wconf 91' lang='lat' dir='ltr'><strong>et</strong></span> <span class='ocrx_word' id='word_1_41' title='bbox 1180 730 1183 735; x_wconf 81' lang='lat'>&#39;</span> <span class='ocrx_word' id='word_1_42' title='bbox 1208 725 1597 781; x_wconf 85' lang='lat' dir='ltr'><strong>sarcinatorem.</strong></span> <span class='ocrx_word' id='word_1_43' title='bbox 1647 723 1942 789; x_wconf 86' lang='lat' dir='ltr'><strong>Sartorem,</strong></span> 
     </span>
    </p>
   </div>
   <div class='ocr_carea' id='block_1_8' title="bbox 340 815 1944 890">
    <p class='ocr_par' dir='ltr' id='par_1_8' title="bbox 340 815 1944 890">
     <span class='ocr_line' id='line_1_8' title="bbox 340 815 1944 890; baseline -0.002 -17"><span class='ocrx_word' id='word_1_44' title='bbox 340 832 529 890; x_wconf 73' lang='lat' dir='ltr'><strong>agrum</strong></span> <span class='ocrx_word' id='word_1_45' title='bbox 559 818 917 881; x_wconf 84' lang='lat' dir='ltr'><strong>sarrientem;</strong></span> <span class='ocrx_word' id='word_1_46' title='bbox 956 817 1371 880; x_wconf 86' lang='lat' dir='ltr'><strong>sarcinatorem,</strong></span> <span class='ocrx_word' id='word_1_47' title='bbox 1400 826 1579 871; x_wconf 86' lang='lat' dir='ltr'><strong>vestes</strong></span> <span class='ocrx_word' id='word_1_48' title='bbox 1601 815 1944 871; x_wconf 87' lang='lat' dir='ltr'><strong>sarcientem.</strong></span> 
     </span>
    </p>
   </div>
   <div class='ocr_carea' id='block_1_9' title="bbox 344 907 1939 974">
    <p class='ocr_par' dir='ltr' id='par_1_9' title="bbox 344 907 1939 974">
     <span class='ocr_line' id='line_1_9' title="bbox 344 907 1939 974; baseline -0.002 -9"><span class='ocrx_word' id='word_1_49' title='bbox 344 940 355 950; x_wconf 84' lang='lat'><strong>-</strong></span> <span class='ocrx_word' id='word_1_50' title='bbox 413 909 540 965; x_wconf 64' lang='lat'><strong>548.</strong></span> <span class='ocrx_word' id='word_1_51' title='bbox 579 908 723 964; x_wconf 90' lang='lat' dir='ltr'><strong>Inter</strong></span> <span class='ocrx_word' id='word_1_52' title='bbox 745 908 981 964; x_wconf 77' lang='lat' dir='ltr'><strong>Similem</strong></span> <span class='ocrx_word' id='word_1_53' title='bbox 1001 917 1056 963; x_wconf 93' lang='lat' dir='ltr'><strong>et</strong></span> <span class='ocrx_word' id='word_1_54' title='bbox 1075 908 1426 963; x_wconf 74' lang='lat' dir='ltr'><strong>simulantem.</strong></span> <span class='ocrx_word' id='word_1_55' title='bbox 1452 908 1716 974; x_wconf 83' lang='lat' dir='ltr'><strong>Similem,</strong></span> <span class='ocrx_word' id='word_1_56' title='bbox 1744 907 1939 973; x_wconf 88' lang='lat' dir='ltr'><strong>talem;</strong></span> 
     </span>
    </p>
   </div>
   <div class='ocr_carea' id='block_1_10' title="bbox 345 1001 1318 1067">
    <p class='ocr_par' dir='ltr' id='par_1_10' title="bbox 345 1001 1318 1067">
     <span class='ocr_line' id='line_1_10' title="bbox 345 1001 1318 1067; baseline -0.002 -10"><span class='ocrx_word' id='word_1_57' title='bbox 345 1002 715 1067; x_wconf 83' lang='lat' dir='ltr'><strong>simulantem,</strong></span> <span class='ocrx_word' id='word_1_58' title='bbox 750 1002 912 1057; x_wconf 82' lang='lat' dir='ltr'><strong>talem</strong></span> <span class='ocrx_word' id='word_1_59' title='bbox 945 1001 1318 1058; x_wconf 73' lang='lat' dir='ltr'><strong>mentientem.</strong></span> 
     </span>
    </p>
   </div>
   <div class='ocr_carea' id='block_1_11' title="bbox 344 1090 1947 1161">
    <p class='ocr_par' dir='ltr' id='par_1_11' title="bbox 344 1090 1947 1161">
     <span class='ocr_line' id='line_1_11' title="bbox 344 1090 1947 1161; baseline 0 -13"><span class='ocrx_word' id='word_1_60' title='bbox 344 1126 353 1138; x_wconf 71' lang='grc' dir='ltr'><strong><em>ι</em></strong></span> <span class='ocrx_word' id='word_1_61' title='bbox 416 1090 542 1148; x_wconf 69' lang='grc'>549.</span> <span class='ocrx_word' id='word_1_62' title='bbox 570 1092 714 1148; x_wconf 89' lang='lat' dir='ltr'><strong>Inter</strong></span> <span class='ocrx_word' id='word_1_63' title='bbox 744 1092 1027 1148; x_wconf 72' lang='lat' dir='ltr'><strong>Strenuum</strong></span> <span class='ocrx_word' id='word_1_64' title='bbox 1068 1104 1122 1150; x_wconf 93' lang='lat' dir='ltr'><strong>et</strong></span> <span class='ocrx_word' id='word_1_65' title='bbox 1165 1104 1455 1149; x_wconf 71' lang='lat' dir='ltr'><strong>externum.</strong></span> <span class='ocrx_word' id='word_1_66' title='bbox 1488 1094 1803 1161; x_wconf 81' lang='lat' dir='ltr'><strong>Strenuum,</strong></span> <span class='ocrx_word' id='word_1_67' title='bbox 1843 1094 1947 1148; x_wconf 85' lang='lat' dir='ltr'><strong>for-</strong></span> 
     </span>
    </p>
   </div>
   <div class='ocr_carea' id='block_1_12' title="bbox 347 1165 1770 1254">
    <p class='ocr_par' dir='ltr' id='par_1_12' title="bbox 347 1165 1770 1254">
     <span class='ocr_line' id='line_1_12' title="bbox 347 1165 1770 1254; baseline 0.004 -15"><span class='ocrx_word' id='word_1_68' title='bbox 347 1192 453 1240; x_wconf 91' lang='lat' dir='ltr'><strong>tem</strong></span> <span class='ocrx_word' id='word_1_69' title='bbox 480 1202 497 1250; x_wconf 92' lang='lat'><strong>;</strong></span> <span class='ocrx_word' id='word_1_70' title='bbox 530 1195 839 1254; x_wconf 81' lang='lat' dir='ltr'><strong>externum,</strong></span> <span class='ocrx_word' id='word_1_71' title='bbox 862 1196 1178 1243; x_wconf 82' lang='lat' dir='ltr'><strong>extraneum</strong></span> <span class='ocrx_word' id='word_1_72' title='bbox 1207 1186 1458 1243; x_wconf 87' lang='lat' dir='ltr'><strong>dicimus.</strong></span> <span class='ocrx_word' id='word_1_73' title='bbox 1756 1165 1770 1181; x_wconf 69' lang='grc'><strong>’</strong></span> 
     </span>
    </p>
   </div>
   <div class='ocr_carea' id='block_1_13' title="bbox 416 1278 1945 1354">
    <p class='ocr_par' dir='ltr' id='par_1_13' title="bbox 416 1278 1945 1354">
     <span class='ocr_line' id='line_1_13' title="bbox 416 1278 1945 1354; baseline 0.004 -22"><span class='ocrx_word' id='word_1_74' title='bbox 416 1278 546 1336; x_wconf 87' lang='grc'>550.</span> <span class='ocrx_word' id='word_1_75' title='bbox 570 1280 713 1339; x_wconf 86' lang='lat' dir='ltr'><strong>Inter</strong></span> <span class='ocrx_word' id='word_1_76' title='bbox 734 1281 942 1338; x_wconf 79' lang='lat' dir='ltr'><strong>Statum</strong></span> <span class='ocrx_word' id='word_1_77' title='bbox 958 1292 1012 1339; x_wconf 91' lang='lat' dir='ltr'><strong>et</strong></span> <span class='ocrx_word' id='word_1_78' title='bbox 1034 1291 1313 1339; x_wconf 87' lang='lat' dir='ltr'><strong>staturam.</strong></span> <span class='ocrx_word' id='word_1_79' title='bbox 1327 1284 1559 1349; x_wconf 83' lang='lat' dir='ltr'><strong>Statum,</strong></span> <span class='ocrx_word' id='word_1_80' title='bbox 1588 1282 1945 1354; x_wconf 65' lang='lat' dir='ltr'><strong>quaestionem</strong></span> 
     </span>
    </p>
   </div>
   <div class='ocr_carea' id='block_1_14' title="bbox 344 1374 1949 1447">
    <p class='ocr_par' dir='ltr' id='par_1_14' title="bbox 344 1374 1949 1447">
     <span class='ocr_line' id='line_1_14' title="bbox 344 1374 1949 1447; baseline 0.001 -18"><span class='ocrx_word' id='word_1_81' title='bbox 344 1374 434 1430; x_wconf 90' lang='lat' dir='ltr'><strong>vel</strong></span> <span class='ocrx_word' id='word_1_82' title='bbox 469 1375 741 1432; x_wconf 74' lang='lat' dir='ltr'><strong>scenicam</strong></span> <span class='ocrx_word' id='word_1_83' title='bbox 769 1385 1007 1444; x_wconf 78' lang='lat' dir='ltr'><strong>vestem;</strong></span> <span class='ocrx_word' id='word_1_84' title='bbox 1045 1383 1329 1445; x_wconf 84' lang='lat' dir='ltr'><strong>staturam,</strong></span> <span class='ocrx_word' id='word_1_85' title='bbox 1378 1376 1733 1447; x_wconf 84' lang='lat' dir='ltr'><strong>quantitatem</strong></span> <span class='ocrx_word' id='word_1_86' title='bbox 1762 1375 1949 1447; x_wconf 90' lang='lat' dir='ltr'><strong>cujus-</strong></span> 
     </span>
    </p>
   </div>
   <div class='ocr_carea' id='block_1_15' title="bbox 345 1470 1171 1540">
    <p class='ocr_par' dir='ltr' id='par_1_15' title="bbox 345 1470 1171 1540">
     <span class='ocr_line' id='line_1_15' title="bbox 345 1470 1171 1540; baseline -0.004 -14"><span class='ocrx_word' id='word_1_87' title='bbox 345 1484 452 1540; x_wconf 88' lang='lat' dir='ltr'><strong>que</strong></span> <span class='ocrx_word' id='word_1_88' title='bbox 490 1470 594 1525; x_wconf 91' lang='lat' dir='ltr'><strong>rei.</strong></span> <span class='ocrx_word' id='word_1_89' title='bbox 1161 1522 1171 1531; x_wconf 86' lang='grc'>,</span> 
     </span>
    </p>
   </div>
   <div class='ocr_carea' id='block_1_16' title="bbox 415 1555 1950 1633">
    <p class='ocr_par' dir='ltr' id='par_1_16' title="bbox 415 1555 1950 1633">
     <span class='ocr_line' id='line_1_16' title="bbox 415 1555 1950 1633; baseline -0.003 -17"><span class='ocrx_word' id='word_1_90' title='bbox 415 1561 528 1633; x_wconf 82' lang='lat' dir='ltr'><strong>7o</strong></span> <span class='ocrx_word' id='word_1_91' title='bbox 556 1559 686 1616; x_wconf 84' lang='lat'><strong>551.</strong></span> <span class='ocrx_word' id='word_1_92' title='bbox 718 1560 864 1616; x_wconf 90' lang='lat' dir='ltr'><strong>Inter</strong></span> <span class='ocrx_word' id='word_1_93' title='bbox 904 1559 1232 1632; x_wconf 86' lang='lat' dir='ltr'><strong>Scripturam</strong></span> <span class='ocrx_word' id='word_1_94' title='bbox 1260 1567 1318 1616; x_wconf 91' lang='lat' dir='ltr'><strong>et</strong></span> <span class='ocrx_word' id='word_1_95' title='bbox 1344 1558 1636 1615; x_wconf 82' lang='lat' dir='ltr'><strong>lectionem.</strong></span> <span class='ocrx_word' id='word_1_96' title='bbox 1667 1556 1852 1616; x_wconf 86' lang='lat' dir='ltr'><strong>Lectio</strong></span> <span class='ocrx_word' id='word_1_97' title='bbox 1892 1555 1950 1612; x_wconf 90' lang='lat' dir='ltr'><strong>in</strong></span> 
     </span>
    </p>
   </div>
   <div class='ocr_carea' id='block_1_17' title="bbox 348 1653 1620 1724">
    <p class='ocr_par' dir='ltr' id='par_1_17' title="bbox 348 1653 1620 1724">
     <span class='ocr_line' id='line_1_17' title="bbox 348 1653 1620 1724; baseline 0 -16"><span class='ocrx_word' id='word_1_98' title='bbox 348 1667 511 1724; x_wconf 90' lang='lat' dir='ltr'><strong>opere</strong></span> <span class='ocrx_word' id='word_1_99' title='bbox 528 1661 635 1721; x_wconf 86' lang='lat' dir='ltr'><strong>est,</strong></span> <span class='ocrx_word' id='word_1_100' title='bbox 666 1654 931 1724; x_wconf 88' lang='lat' dir='ltr'><strong>scriptura</strong></span> <span class='ocrx_word' id='word_1_101' title='bbox 958 1654 1012 1709; x_wconf 91' lang='lat' dir='ltr'><strong>in</strong></span> <span class='ocrx_word' id='word_1_102' title='bbox 1034 1653 1252 1721; x_wconf 71' lang='lat' dir='ltr'><strong>aﬂectu,</strong></span> <span class='ocrx_word' id='word_1_103' title='bbox 1278 1653 1366 1710; x_wconf 90' lang='lat' dir='ltr'><strong>vel</strong></span> <span class='ocrx_word' id='word_1_104' title='bbox 1392 1653 1620 1723; x_wconf 87' lang='lat' dir='ltr'><strong>pictura.</strong></span> 
     </span>
    </p>
   </div>
   <div class='ocr_carea' id='block_1_18' title="bbox 966 1748 1339 1804">
    <p class='ocr_par' dir='ltr' id='par_1_18' title="bbox 966 1748 1339 1804">
     <span class='ocr_line' id='line_1_18' title="bbox 966 1748 1339 1804; baseline 0 -2"><span class='ocrx_word' id='word_1_105' title='bbox 966 1748 1040 1803; x_wconf 86' lang='lat' dir='ltr'><strong>De</strong></span> <span class='ocrx_word' id='word_1_106' title='bbox 1068 1750 1240 1804; x_wconf 86' lang='lat' dir='ltr'><strong>littera</strong></span> <span class='ocrx_word' id='word_1_107' title='bbox 1274 1748 1339 1803; x_wconf 91' lang='lat' dir='ltr'><strong>T.</strong></span> 
     </span>
    </p>
   </div>
   <div class='ocr_carea' id='block_1_19' title="bbox 421 1838 1954 1909">
    <p class='ocr_par' dir='ltr' id='par_1_19' title="bbox 421 1838 1954 1909">
     <span class='ocr_line' id='line_1_19' title="bbox 421 1838 1954 1909; baseline -0.002 -12"><span class='ocrx_word' id='word_1_108' title='bbox 421 1841 551 1897; x_wconf 61' lang='lat'><strong>55%.</strong></span> <span class='ocrx_word' id='word_1_109' title='bbox 592 1840 735 1897; x_wconf 89' lang='lat' dir='ltr'><strong>Inter</strong></span> <span class='ocrx_word' id='word_1_110' title='bbox 765 1838 1000 1907; x_wconf 78' lang='lat' dir='ltr'><strong>Terram,</strong></span> <span class='ocrx_word' id='word_1_111' title='bbox 1030 1851 1087 1897; x_wconf 91' lang='lat' dir='ltr'><strong>et</strong></span> <span class='ocrx_word' id='word_1_112' title='bbox 1117 1842 1384 1909; x_wconf 77' lang='lat' dir='ltr'><strong>tellurem,</strong></span> <span class='ocrx_word' id='word_1_113' title='bbox 1418 1851 1475 1897; x_wconf 90' lang='lat' dir='ltr'><strong>et</strong></span> <span class='ocrx_word' id='word_1_114' title='bbox 1503 1842 1736 1896; x_wconf 80' lang='lat' dir='ltr'><strong>humum.</strong></span> <span class='ocrx_word' id='word_1_115' title='bbox 1786 1840 1954 1896; x_wconf 79' lang='lat' dir='ltr'><strong>Terra</strong></span> 
     </span>
    </p>
   </div>
   <div class='ocr_carea' id='block_1_20' title="bbox 351 1931 1953 2005">
    <p class='ocr_par' dir='ltr' id='par_1_20' title="bbox 351 1931 1953 2005">
     <span class='ocr_line' id='line_1_20' title="bbox 351 1931 1953 2005; baseline -0.002 -16"><span class='ocrx_word' id='word_1_116' title='bbox 351 1932 593 2005; x_wconf 81' lang='lat' dir='ltr'><strong>squalida</strong></span> <span class='ocrx_word' id='word_1_117' title='bbox 610 1942 696 1989; x_wconf 88' lang='lat' dir='ltr'><strong>est</strong></span> <span class='ocrx_word' id='word_1_118' title='bbox 716 1941 773 1988; x_wconf 90' lang='lat' dir='ltr'><strong>et</strong></span> <span class='ocrx_word' id='word_1_119' title='bbox 788 1931 1012 1999; x_wconf 88' lang='lat' dir='ltr'><strong>inculta,</strong></span> <span class='ocrx_word' id='word_1_120' title='bbox 1031 1933 1187 1989; x_wconf 90' lang='lat' dir='ltr'><strong>tellus</strong></span> <span class='ocrx_word' id='word_1_121' title='bbox 1209 1934 1519 2000; x_wconf 86' lang='lat' dir='ltr'><strong>fructifera;</strong></span> <span class='ocrx_word' id='word_1_122' title='bbox 1540 1933 1736 1988; x_wconf 87' lang='lat' dir='ltr'><strong>humus</strong></span> <span class='ocrx_word' id='word_1_123' title='bbox 1752 1941 1953 1997; x_wconf 87' lang='lat' dir='ltr'><strong>autem,</strong></span> 
     </span>
    </p>
   </div>
   <div class='ocr_carea' id='block_1_21' title="bbox 347 2021 1952 2098">
    <p class='ocr_par' dir='ltr' id='par_1_21' title="bbox 347 2021 1952 2098">
     <span class='ocr_line' id='line_1_21' title="bbox 347 2021 1952 2098; baseline -0.002 -16"><span class='ocrx_word' id='word_1_124' title='bbox 347 2026 592 2093; x_wconf 90' lang='lat' dir='ltr'><strong>inferior,</strong></span> <span class='ocrx_word' id='word_1_125' title='bbox 631 2034 687 2080; x_wconf 91' lang='lat' dir='ltr'><strong>et</strong></span> <span class='ocrx_word' id='word_1_126' title='bbox 711 2025 988 2091; x_wconf 79' lang='lat' dir='ltr'><strong>deorsum,</strong></span> <span class='ocrx_word' id='word_1_127' title='bbox 1034 2034 1088 2080; x_wconf 90' lang='lat' dir='ltr'><strong>et</strong></span> <span class='ocrx_word' id='word_1_128' title='bbox 1120 2026 1347 2081; x_wconf 89' lang='lat' dir='ltr'><strong>humida</strong></span> <span class='ocrx_word' id='word_1_129' title='bbox 1373 2025 1501 2098; x_wconf 72' lang='grc' dir='ltr'><strong>[ΑΙ.</strong></span> <span class='ocrx_word' id='word_1_130' title='bbox 1545 2027 1675 2081; x_wconf 86' lang='lat' dir='ltr'><strong>add.</strong></span> <span class='ocrx_word' id='word_1_131' title='bbox 1718 2021 1952 2096; x_wconf 88' lang='lat' dir='ltr'><strong>tellus].</strong></span> 
     </span>
    </p>
   </div>
   <div class='ocr_carea' id='block_1_22' title="bbox 351 2115 1955 2187">
    <p class='ocr_par' dir='ltr' id='par_1_22' title="bbox 351 2115 1955 2187">
     <span class='ocr_line' id='line_1_22' title="bbox 351 2115 1955 2187; baseline -0.003 -11"><span class='ocrx_word' id='word_1_132' title='bbox 351 2118 507 2176; x_wconf 87' lang='lat' dir='ltr'><strong>Unde</strong></span> <span class='ocrx_word' id='word_1_133' title='bbox 544 2125 602 2173; x_wconf 89' lang='lat' dir='ltr'><strong>et</strong></span> <span class='ocrx_word' id='word_1_134' title='bbox 644 2117 870 2183; x_wconf 88' lang='lat' dir='ltr'><strong>bumati,</strong></span> <span class='ocrx_word' id='word_1_135' title='bbox 913 2116 1129 2186; x_wconf 88' lang='lat' dir='ltr'><strong>sepulti.</strong></span> <span class='ocrx_word' id='word_1_136' title='bbox 1167 2115 1507 2175; x_wconf 88' lang='lat' dir='ltr'><strong>Generaliter</strong></span> <span class='ocrx_word' id='word_1_137' title='bbox 1544 2127 1724 2173; x_wconf 89' lang='lat' dir='ltr'><strong>autem</strong></span> <span class='ocrx_word' id='word_1_138' title='bbox 1756 2118 1955 2187; x_wconf 88' lang='lat' dir='ltr'><strong>ubique</strong></span> 
     </span>
    </p>
   </div>
   <div class='ocr_carea' id='block_1_23' title="bbox 353 2207 1955 2280">
    <p class='ocr_par' dir='ltr' id='par_1_23' title="bbox 353 2207 1955 2280">
     <span class='ocr_line' id='line_1_23' title="bbox 353 2207 1955 2280; baseline -0.002 -13"><span class='ocrx_word' id='word_1_139' title='bbox 353 2221 491 2267; x_wconf 86' lang='lat' dir='ltr'><strong>terra</strong></span> <span class='ocrx_word' id='word_1_140' title='bbox 519 2220 636 2279; x_wconf 89' lang='lat' dir='ltr'><strong>est,</strong></span> <span class='ocrx_word' id='word_1_141' title='bbox 673 2224 778 2265; x_wconf 91' lang='lat' dir='ltr'><strong>non</strong></span> <span class='ocrx_word' id='word_1_142' title='bbox 821 2209 1016 2280; x_wconf 91' lang='lat' dir='ltr'><strong>ubique</strong></span> <span class='ocrx_word' id='word_1_143' title='bbox 1052 2208 1271 2265; x_wconf 86' lang='lat' dir='ltr'><strong>humus.</strong></span> <span class='ocrx_word' id='word_1_144' title='bbox 1307 2207 1375 2264; x_wconf 80' lang='lat' dir='ltr'><strong>Et</strong></span> <span class='ocrx_word' id='word_1_145' title='bbox 1400 2210 1453 2264; x_wconf 91' lang='lat' dir='ltr'><strong>in</strong></span> <span class='ocrx_word' id='word_1_146' title='bbox 1485 2208 1779 2279; x_wconf 83' lang='lat' dir='ltr'><strong>parietibus</strong></span> <span class='ocrx_word' id='word_1_147' title='bbox 1812 2218 1955 2263; x_wconf 85' lang='lat' dir='ltr'><strong>terra</strong></span> 
     </span>
    </p>
   </div>
   <div class='ocr_carea' id='block_1_24' title="bbox 351 2302 1956 2370">
    <p class='ocr_par' dir='ltr' id='par_1_24' title="bbox 351 2302 1956 2370">
     <span class='ocr_line' id='line_1_24' title="bbox 351 2302 1956 2370; baseline -0.002 -9"><span class='ocrx_word' id='word_1_148' title='bbox 351 2315 451 2370; x_wconf 87' lang='lat' dir='ltr'><strong>est,</strong></span> <span class='ocrx_word' id='word_1_149' title='bbox 499 2305 603 2361; x_wconf 91' lang='lat' dir='ltr'><strong>hoc</strong></span> <span class='ocrx_word' id='word_1_150' title='bbox 628 2313 715 2361; x_wconf 90' lang='lat' dir='ltr'><strong>est</strong></span> <span class='ocrx_word' id='word_1_151' title='bbox 742 2303 795 2359; x_wconf 91' lang='lat' dir='ltr'><strong>in</strong></span> <span class='ocrx_word' id='word_1_152' title='bbox 839 2303 1120 2369; x_wconf 82' lang='lat' dir='ltr'><strong>lateribus,</strong></span> <span class='ocrx_word' id='word_1_153' title='bbox 1163 2312 1222 2359; x_wconf 91' lang='lat' dir='ltr'><strong>et</strong></span> <span class='ocrx_word' id='word_1_154' title='bbox 1246 2317 1353 2359; x_wconf 90' lang='lat' dir='ltr'><strong>non</strong></span> <span class='ocrx_word' id='word_1_155' title='bbox 1380 2312 1464 2358; x_wconf 87' lang='lat' dir='ltr'><strong>est</strong></span> <span class='ocrx_word' id='word_1_156' title='bbox 1500 2304 1718 2358; x_wconf 90' lang='lat' dir='ltr'><strong>humus.</strong></span> <span class='ocrx_word' id='word_1_157' title='bbox 1749 2302 1956 2357; x_wconf 87' lang='lat' dir='ltr'><strong>llumus</strong></span> 
     </span>
    </p>
   </div>
   <div class='ocr_carea' id='block_1_25' title="bbox 352 2393 1956 2462">
    <p class='ocr_par' dir='ltr' id='par_1_25' title="bbox 352 2393 1956 2462">
     <span class='ocr_line' id='line_1_25' title="bbox 352 2393 1956 2462; baseline -0.001 -12"><span class='ocrx_word' id='word_1_158' title='bbox 352 2406 530 2458; x_wconf 73' lang='lat' dir='ltr'><strong>autem</strong></span> <span class='ocrx_word' id='word_1_159' title='bbox 566 2402 712 2451; x_wconf 84' lang='lat' dir='ltr'><strong>terra</strong></span> <span class='ocrx_word' id='word_1_160' title='bbox 738 2393 959 2449; x_wconf 84' lang='lat' dir='ltr'><strong>humida</strong></span> <span class='ocrx_word' id='word_1_161' title='bbox 989 2403 1094 2462; x_wconf 72' lang='grc' dir='ltr'><strong>εει,</strong></span> <span class='ocrx_word' id='word_1_162' title='bbox 1142 2402 1199 2449; x_wconf 90' lang='lat' dir='ltr'><strong>et</strong></span> <span class='ocrx_word' id='word_1_163' title='bbox 1219 2394 1289 2449; x_wconf 87' lang='lat' dir='ltr'><strong>ab</strong></span> <span class='ocrx_word' id='word_1_164' title='bbox 1320 2395 1546 2450; x_wconf 86' lang='lat' dir='ltr'><strong>humore</strong></span> <span class='ocrx_word' id='word_1_165' title='bbox 1575 2402 1782 2459; x_wconf 84' lang='lat' dir='ltr'><strong>vocata,</strong></span> <span class='ocrx_word' id='word_1_166' title='bbox 1811 2393 1956 2449; x_wconf 83' lang='lat' dir='ltr'><strong>sicut</strong></span> 
     </span>
    </p>
   </div>
   <div class='ocr_carea' id='block_1_26' title="bbox 353 2484 1951 2557">
    <p class='ocr_par' dir='ltr' id='par_1_26' title="bbox 353 2484 1951 2557">
     <span class='ocr_line' id='line_1_26' title="bbox 353 2484 1951 2557; baseline -0.003 -13"><span class='ocrx_word' id='word_1_167' title='bbox 353 2497 410 2544; x_wconf 90' lang='lat' dir='ltr'><strong>et</strong></span> <span class='ocrx_word' id='word_1_168' title='bbox 433 2497 602 2552; x_wconf 88' lang='lat' dir='ltr'><strong>terra,</strong></span> <span class='ocrx_word' id='word_1_169' title='bbox 623 2486 765 2557; x_wconf 87' lang='lat' dir='ltr'><strong>quod</strong></span> <span class='ocrx_word' id='word_1_170' title='bbox 781 2486 1010 2541; x_wconf 87' lang='lat' dir='ltr'><strong>naturali</strong></span> <span class='ocrx_word' id='word_1_171' title='bbox 1032 2486 1277 2542; x_wconf 87' lang='lat' dir='ltr'><strong>siccitate</strong></span> <span class='ocrx_word' id='word_1_172' title='bbox 1300 2494 1523 2551; x_wconf 87' lang='lat' dir='ltr'><strong>torreat,</strong></span> <span class='ocrx_word' id='word_1_173' title='bbox 1541 2486 1681 2541; x_wconf 85' lang='lat' dir='ltr'><strong>sicut</strong></span> <span class='ocrx_word' id='word_1_174' title='bbox 1698 2492 1754 2542; x_wconf 91' lang='lat' dir='ltr'><strong>et</strong></span> <span class='ocrx_word' id='word_1_175' title='bbox 1771 2484 1951 2541; x_wconf 87' lang='lat' dir='ltr'><strong>tellus.</strong></span> 
     </span>
    </p>
   </div>
   <div class='ocr_carea' id='block_1_27' title="bbox 355 2575 1627 2651">
    <p class='ocr_par' dir='ltr' id='par_1_27' title="bbox 355 2575 1627 2651">
     <span class='ocr_line' id='line_1_27' title="bbox 355 2575 1627 2651; baseline -0.002 -16"><span class='ocrx_word' id='word_1_176' title='bbox 355 2580 495 2651; x_wconf 90' lang='lat' dir='ltr'><strong>quod</strong></span> <span class='ocrx_word' id='word_1_177' title='bbox 519 2580 726 2634; x_wconf 88' lang='lat' dir='ltr'><strong>fructus</strong></span> <span class='ocrx_word' id='word_1_178' title='bbox 755 2578 902 2650; x_wconf 76' lang='lat' dir='ltr'><strong>[Al.,</strong></span> <span class='ocrx_word' id='word_1_179' title='bbox 933 2575 1205 2649; x_wconf 52' lang='lat' dir='ltr'><strong>fructum,|</strong></span> <span class='ocrx_word' id='word_1_180' title='bbox 1232 2580 1348 2648; x_wconf 83' lang='lat' dir='ltr'><strong>ejus</strong></span> <span class='ocrx_word' id='word_1_181' title='bbox 1371 2577 1627 2633; x_wconf 90' lang='lat' dir='ltr'><strong>tollimus.</strong></span> 
     </span>
    </p>
   </div>
   <div class='ocr_carea' id='block_1_28' title="bbox 425 2668 1954 2739">
    <p class='ocr_par' dir='ltr' id='par_1_28' title="bbox 425 2668 1954 2739">
     <span class='ocr_line' id='line_1_28' title="bbox 425 2668 1954 2739; baseline -0.001 -11"><span class='ocrx_word' id='word_1_182' title='bbox 425 2672 555 2727; x_wconf 76' lang='lat'><strong>553.</strong></span> <span class='ocrx_word' id='word_1_183' title='bbox 582 2670 727 2727; x_wconf 78' lang='lat' dir='ltr'><strong>Inter</strong></span> <span class='ocrx_word' id='word_1_184' title='bbox 756 2668 1174 2738; x_wconf 85' lang='lat' dir='ltr'><strong>Temperantiam</strong></span> <span class='ocrx_word' id='word_1_185' title='bbox 1212 2677 1270 2724; x_wconf 90' lang='lat' dir='ltr'><strong>et</strong></span> <span class='ocrx_word' id='word_1_186' title='bbox 1292 2670 1711 2739; x_wconf 82' lang='lat' dir='ltr'><strong>temperationem</strong></span> <span class='ocrx_word' id='word_1_187' title='bbox 1741 2668 1821 2725; x_wconf 88' lang='lat' dir='ltr'><strong>sic</strong></span> <span class='ocrx_word' id='word_1_188' title='bbox 1844 2669 1954 2728; x_wconf 91' lang='lat' dir='ltr'><strong>dis-</strong></span> 
     </span>
    </p>
   </div>
   <div class='ocr_carea' id='block_1_29' title="bbox 355 2760 1955 2834">
    <p class='ocr_par' dir='ltr' id='par_1_29' title="bbox 355 2760 1955 2834">
     <span class='ocr_line' id='line_1_29' title="bbox 355 2760 1955 2834; baseline 0.001 -16"><span class='ocrx_word' id='word_1_189' title='bbox 355 2762 615 2830; x_wconf 89' lang='lat' dir='ltr'><strong>cernitur,</strong></span> <span class='ocrx_word' id='word_1_190' title='bbox 652 2771 710 2817; x_wconf 93' lang='lat' dir='ltr'><strong>nt</strong></span> <span class='ocrx_word' id='word_1_191' title='bbox 757 2760 1115 2832; x_wconf 88' lang='lat' dir='ltr'><strong>temperantia</strong></span> <span class='ocrx_word' id='word_1_192' title='bbox 1167 2762 1474 2818; x_wconf 90' lang='lat' dir='ltr'><strong>animorum</strong></span> <span class='ocrx_word' id='word_1_193' title='bbox 1510 2763 1601 2830; x_wconf 89' lang='lat' dir='ltr'><strong>sit,</strong></span> <span class='ocrx_word' id='word_1_194' title='bbox 1634 2762 1955 2834; x_wconf 87' lang='lat' dir='ltr'><strong>temperatio</strong></span> 
     </span>
    </p>
   </div>
   <div class='ocr_carea' id='block_1_30' title="bbox 354 2868 559 2909">
    <p class='ocr_par' dir='ltr' id='par_1_30' title="bbox 354 2868 559 2909">
     <span class='ocr_line' id='line_1_30' title="bbox 354 2868 559 2909; baseline -0.02 0"><span class='ocrx_word' id='word_1_195' title='bbox 354 2868 559 2909; x_wconf 85' lang='lat' dir='ltr'><strong>rerum.</strong></span> 
     </span>
    </p>
   </div>
   <div class='ocr_carea' id='block_1_31' title="bbox 424 2941 1955 3019">
    <p class='ocr_par' dir='ltr' id='par_1_31' title="bbox 424 2941 1955 3019">
     <span class='ocr_line' id='line_1_31' title="bbox 424 2941 1955 3019; baseline 0.001 -17"><span class='ocrx_word' id='word_1_196' title='bbox 424 2942 557 3002; x_wconf 70' lang='lat'><strong>554.</strong></span> <span class='ocrx_word' id='word_1_197' title='bbox 602 2941 749 2999; x_wconf 87' lang='lat' dir='ltr'><strong>Inter</strong></span> <span class='ocrx_word' id='word_1_198' title='bbox 794 2943 1073 3000; x_wconf 87' lang='lat' dir='ltr'><strong>Timentem</strong></span> <span class='ocrx_word' id='word_1_199' title='bbox 1100 2953 1156 3001; x_wconf 92' lang='lat' dir='ltr'><strong>et</strong></span> <span class='ocrx_word' id='word_1_200' title='bbox 1183 2945 1438 3001; x_wconf 86' lang='lat' dir='ltr'><strong>timidum.</strong></span> <span class='ocrx_word' id='word_1_201' title='bbox 1469 2945 1713 3003; x_wconf 88' lang='lat' dir='ltr'><strong>Timidus</strong></span> <span class='ocrx_word' id='word_1_202' title='bbox 1738 2957 1824 3003; x_wconf 87' lang='lat' dir='ltr'><strong>est</strong></span> <span class='ocrx_word' id='word_1_203' title='bbox 1860 2948 1955 3019; x_wconf 89' lang='lat' dir='ltr'><strong>qui</strong></span> 
     </span>
    </p>
   </div>
   <div class='ocr_carea' id='block_1_32' title="bbox 357 3039 1953 3115">
    <p class='ocr_par' dir='ltr' id='par_1_32' title="bbox 357 3039 1953 3115">
     <span class='ocr_line' id='line_1_32' title="bbox 357 3039 1953 3115; baseline 0.002 -20"><span class='ocrx_word' id='word_1_204' title='bbox 357 3054 575 3109; x_wconf 87' lang='lat' dir='ltr'><strong>semper</strong></span> <span class='ocrx_word' id='word_1_205' title='bbox 597 3039 771 3105; x_wconf 87' lang='lat' dir='ltr'><strong>timet,</strong></span> <span class='ocrx_word' id='word_1_206' title='bbox 797 3039 993 3097; x_wconf 89' lang='lat' dir='ltr'><strong>timens</strong></span> <span class='ocrx_word' id='word_1_207' title='bbox 1020 3040 1259 3115; x_wconf 89' lang='lat' dir='ltr'><strong>veroqui</strong></span> <span class='ocrx_word' id='word_1_208' title='bbox 1284 3041 1349 3095; x_wconf 86' lang='lat' dir='ltr'><strong>ad</strong></span> <span class='ocrx_word' id='word_1_209' title='bbox 1371 3048 1585 3111; x_wconf 88' lang='lat' dir='ltr'><strong>tempus</strong></span> <span class='ocrx_word' id='word_1_210' title='bbox 1608 3042 1863 3098; x_wconf 81' lang='lat' dir='ltr'><strong>formidat</strong></span> <span class='ocrx_word' id='word_1_211' title='bbox 1885 3058 1953 3099; x_wconf 85' lang='lat' dir='ltr'><strong>ex</strong></span> 
     </span>
    </p>
   </div>
   <div class='ocr_carea' id='block_1_33' title="bbox 2046 438 3542 511">
    <p class='ocr_par' dir='ltr' id='par_1_33' title="bbox 2046 438 3542 511">
     <span class='ocr_line' id='line_1_33' title="bbox 2046 438 3542 511; baseline 0.003 -18"><span class='ocrx_word' id='word_1_212' title='bbox 2046 438 2269 496; x_wconf 86' lang='lat' dir='ltr'><strong>abstulit</strong></span> <span class='ocrx_word' id='word_1_213' title='bbox 2298 438 2389 508; x_wconf 99' lang='grc' dir='ltr'><strong>(ιυί</strong></span> <span class='ocrx_word' id='word_1_214' title='bbox 2411 438 2479 494; x_wconf 89' lang='lat' dir='ltr'><strong>ab</strong></span> <span class='ocrx_word' id='word_1_215' title='bbox 2505 438 2611 494; x_wconf 90' lang='lat' dir='ltr'><strong>alio</strong></span> <span class='ocrx_word' id='word_1_216' title='bbox 2637 439 2778 507; x_wconf 90' lang='lat' dir='ltr'><strong>tulit,</strong></span> <span class='ocrx_word' id='word_1_217' title='bbox 2809 439 3025 495; x_wconf 86' lang='lat' dir='ltr'><strong>sustulit</strong></span> <span class='ocrx_word' id='word_1_218' title='bbox 3045 440 3135 511; x_wconf 85' lang='lat' dir='ltr'><strong>qui</strong></span> <span class='ocrx_word' id='word_1_219' title='bbox 3156 455 3371 497; x_wconf 88' lang='lat' dir='ltr'><strong>sursum</strong></span> <span class='ocrx_word' id='word_1_220' title='bbox 3404 442 3542 499; x_wconf 91' lang='lat' dir='ltr'><strong>tulit.</strong></span> 
     </span>
    </p>
   </div>
   <div class='ocr_carea' id='block_1_34' title="bbox 2116 529 3643 607">
    <p class='ocr_par' dir='ltr' id='par_1_34' title="bbox 2116 529 3643 607">
     <span class='ocr_line' id='line_1_34' title="bbox 2116 529 3643 607; baseline 0.004 -20"><span class='ocrx_word' id='word_1_221' title='bbox 2116 531 2243 587; x_wconf 85' lang='lat'><strong>560.</strong></span> <span class='ocrx_word' id='word_1_222' title='bbox 2285 532 2427 587; x_wconf 91' lang='lat' dir='ltr'><strong>Inter</strong></span> <span class='ocrx_word' id='word_1_223' title='bbox 2464 529 2743 585; x_wconf 83' lang='lat' dir='ltr'><strong>Tumidum</strong></span> <span class='ocrx_word' id='word_1_224' title='bbox 2781 540 2837 588; x_wconf 87' lang='lat' dir='ltr'><strong>et</strong></span> <span class='ocrx_word' id='word_1_225' title='bbox 2883 532 3161 605; x_wconf 82' lang='lat' dir='ltr'><strong>turgidum.</strong></span> <span class='ocrx_word' id='word_1_226' title='bbox 3207 532 3405 591; x_wconf 85' lang='lat' dir='ltr'><strong>Tumet</strong></span> <span class='ocrx_word' id='word_1_227' title='bbox 3444 548 3643 607; x_wconf 89' lang='lat' dir='ltr'><strong>corpus</strong></span> 
     </span>
    </p>
   </div>
   <div class='ocr_carea' id='block_1_35' title="bbox 2046 621 2767 693">
    <p class='ocr_par' dir='ltr' id='par_1_35' title="bbox 2046 621 2767 693">
     <span class='ocr_line' id='line_1_35' title="bbox 2046 621 2767 693; baseline 0 -16"><span class='ocrx_word' id='word_1_228' title='bbox 2046 622 2256 693; x_wconf 73' lang='lat' dir='ltr'><strong>tegroti.</strong></span> <span class='ocrx_word' id='word_1_229' title='bbox 2289 621 2490 693; x_wconf 82' lang='lat' dir='ltr'><strong>Turget</strong></span> <span class='ocrx_word' id='word_1_230' title='bbox 2516 623 2767 679; x_wconf 86' lang='lat' dir='ltr'><strong>cadaver.</strong></span> 
     </span>
    </p>
   </div>
   <div class='ocr_carea' id='block_1_36' title="bbox 2120 710 3642 785">
    <p class='ocr_par' dir='ltr' id='par_1_36' title="bbox 2120 710 3642 785">
     <span class='ocr_line' id='line_1_36' title="bbox 2120 710 3642 785; baseline 0.007 -20"><span class='ocrx_word' id='word_1_231' title='bbox 2120 713 2225 784; x_wconf 78' lang='lat'><strong>71</strong></span> <span class='ocrx_word' id='word_1_232' title='bbox 2283 710 2410 768; x_wconf 93' lang='lat'><strong>561.</strong></span> <span class='ocrx_word' id='word_1_233' title='bbox 2476 714 2620 770; x_wconf 88' lang='lat' dir='ltr'><strong>Inter</strong></span> <span class='ocrx_word' id='word_1_234' title='bbox 2665 714 2893 785; x_wconf 83' lang='lat' dir='ltr'><strong>Testor,</strong></span> <span class='ocrx_word' id='word_1_235' title='bbox 2944 726 3231 785; x_wconf 82' lang='lat' dir='ltr'><strong>contestor,</strong></span> <span class='ocrx_word' id='word_1_236' title='bbox 3291 725 3347 774; x_wconf 91' lang='lat' dir='ltr'><strong>et</strong></span> <span class='ocrx_word' id='word_1_237' title='bbox 3398 718 3642 776; x_wconf 77' lang='lat' dir='ltr'><strong>obtestor.</strong></span> 
     </span>
    </p>
   </div>
   <div class='ocr_carea' id='block_1_37' title="bbox 2051 806 3645 882">
    <p class='ocr_par' dir='ltr' id='par_1_37' title="bbox 2051 806 3645 882">
     <span class='ocr_line' id='line_1_37' title="bbox 2051 806 3645 882; baseline 0.003 -20"><span class='ocrx_word' id='word_1_238' title='bbox 2051 806 2245 863; x_wconf 88' lang='lat' dir='ltr'><strong>Testor</strong></span> <span class='ocrx_word' id='word_1_239' title='bbox 2303 821 2670 876; x_wconf 84' lang='lat' dir='ltr'><strong>saepenumero</strong></span> <span class='ocrx_word' id='word_1_240' title='bbox 2735 809 2803 864; x_wconf 88' lang='lat' dir='ltr'><strong>ad</strong></span> <span class='ocrx_word' id='word_1_241' title='bbox 2861 809 3236 880; x_wconf 85' lang='lat' dir='ltr'><strong>jusjurandum</strong></span> <span class='ocrx_word' id='word_1_242' title='bbox 3278 814 3538 882; x_wconf 89' lang='lat' dir='ltr'><strong>pertinet,</strong></span> <span class='ocrx_word' id='word_1_243' title='bbox 3586 824 3645 867; x_wconf 92' lang='lat' dir='ltr'><strong>ut</strong></span> 
     </span>
    </p>
   </div>
   <div class='ocr_carea' id='block_1_38' title="bbox 2052 899 3648 974">
    <p class='ocr_par' dir='ltr' id='par_1_38' title="bbox 2052 899 3648 974">
     <span class='ocr_line' id='line_1_38' title="bbox 2052 899 3648 974; baseline 0.001 -18"><span class='ocrx_word' id='word_1_244' title='bbox 2052 899 2330 971; x_wconf 74' lang='lat' dir='ltr'><strong>Virgilius,</strong></span> <span class='ocrx_word' id='word_1_245' title='bbox 2360 916 2450 972; x_wconf 85' lang='lat' dir='ltr'><strong>per</strong></span> <span class='ocrx_word' id='word_1_246' title='bbox 2478 901 2650 956; x_wconf 82' lang='lat' dir='ltr'><strong>sidera</strong></span> <span class='ocrx_word' id='word_1_247' title='bbox 2681 910 2874 967; x_wconf 83' lang='lat' dir='ltr'><strong>testor;</strong></span> <span class='ocrx_word' id='word_1_248' title='bbox 2903 912 3178 959; x_wconf 89' lang='lat' dir='ltr'><strong>contestor</strong></span> <span class='ocrx_word' id='word_1_249' title='bbox 3207 911 3385 959; x_wconf 85' lang='lat' dir='ltr'><strong>autem</strong></span> <span class='ocrx_word' id='word_1_250' title='bbox 3418 903 3484 958; x_wconf 87' lang='lat' dir='ltr'><strong>ad</strong></span> <span class='ocrx_word' id='word_1_251' title='bbox 3504 903 3648 974; x_wconf 89' lang='lat' dir='ltr'><strong>judi-</strong></span> 
     </span>
    </p>
   </div>
   <div class='ocr_carea' id='block_1_39' title="bbox 2057 993 2905 1062">
    <p class='ocr_par' dir='ltr' id='par_1_39' title="bbox 2057 993 2905 1062">
     <span class='ocr_line' id='line_1_39' title="bbox 2057 993 2905 1062; baseline -0.004 -13"><span class='ocrx_word' id='word_1_252' title='bbox 2057 1009 2173 1062; x_wconf 91' lang='lat' dir='ltr'><strong>ces,</strong></span> <span class='ocrx_word' id='word_1_253' title='bbox 2198 993 2441 1049; x_wconf 91' lang='lat' dir='ltr'><strong>obtestor</strong></span> <span class='ocrx_word' id='word_1_254' title='bbox 2461 993 2527 1047; x_wconf 90' lang='lat' dir='ltr'><strong>ad</strong></span> <span class='ocrx_word' id='word_1_255' title='bbox 2550 993 2905 1049; x_wconf 75' lang='lat' dir='ltr'><strong>adversarios.</strong></span> 
     </span>
    </p>
   </div>
   <div class='ocr_carea' id='block_1_40' title="bbox 2127 1083 3647 1157">
    <p class='ocr_par' dir='ltr' id='par_1_40' title="bbox 2127 1083 3647 1157">
     <span class='ocr_line' id='line_1_40' title="bbox 2127 1083 3647 1157; baseline 0 -17"><span class='ocrx_word' id='word_1_256' title='bbox 2127 1086 2252 1140; x_wconf 73' lang='lat'><strong>56:2.</strong></span> <span class='ocrx_word' id='word_1_257' title='bbox 2286 1086 2429 1142; x_wconf 87' lang='lat' dir='ltr'><strong>Inter</strong></span> <span class='ocrx_word' id='word_1_258' title='bbox 2470 1083 2640 1157; x_wconf 83' lang='lat' dir='ltr'><strong>Terga</strong></span> <span class='ocrx_word' id='word_1_259' title='bbox 2686 1095 2738 1141; x_wconf 89' lang='lat' dir='ltr'><strong>et</strong></span> <span class='ocrx_word' id='word_1_260' title='bbox 2785 1094 3007 1157; x_wconf 87' lang='lat' dir='ltr'><strong>tergora.</strong></span> <span class='ocrx_word' id='word_1_261' title='bbox 3038 1086 3213 1157; x_wconf 83' lang='lat' dir='ltr'><strong>Terga</strong></span> <span class='ocrx_word' id='word_1_262' title='bbox 3240 1094 3366 1143; x_wconf 90' lang='lat' dir='ltr'><strong>sunt</strong></span> <span class='ocrx_word' id='word_1_263' title='bbox 3392 1085 3647 1152; x_wconf 85' lang='lat' dir='ltr'><strong>hominis,</strong></span> 
     </span>
    </p>
   </div>
   <div class='ocr_carea' id='block_1_41' title="bbox 2053 1177 3649 1250">
    <p class='ocr_par' dir='ltr' id='par_1_41' title="bbox 2053 1177 3649 1250">
     <span class='ocr_line' id='line_1_41' title="bbox 2053 1177 3649 1250; baseline -0.003 -14"><span class='ocrx_word' id='word_1_264' title='bbox 2053 1179 2197 1250; x_wconf 90' lang='lat' dir='ltr'><strong>quod</strong></span> <span class='ocrx_word' id='word_1_265' title='bbox 2222 1178 2570 1250; x_wconf 76' lang='lat' dir='ltr'><strong>singulariter</strong></span> <span class='ocrx_word' id='word_1_266' title='bbox 2610 1186 2817 1247; x_wconf 86' lang='lat' dir='ltr'><strong>tergum</strong></span> <span class='ocrx_word' id='word_1_267' title='bbox 2850 1178 3004 1244; x_wconf 84' lang='lat' dir='ltr'><strong>facit;</strong></span> <span class='ocrx_word' id='word_1_268' title='bbox 3039 1185 3219 1248; x_wconf 78' lang='lat' dir='ltr'><strong>tergus</strong></span> <span class='ocrx_word' id='word_1_269' title='bbox 3246 1193 3376 1234; x_wconf 91' lang='lat' dir='ltr'><strong>vero</strong></span> <span class='ocrx_word' id='word_1_270' title='bbox 3406 1177 3649 1248; x_wconf 85' lang='lat' dir='ltr'><strong>quadru-</strong></span> 
     </span>
    </p>
   </div>
   <div class='ocr_carea' id='block_1_42' title="bbox 2054 1270 3588 1344">
    <p class='ocr_par' dir='ltr' id='par_1_42' title="bbox 2054 1270 3588 1344">
     <span class='ocr_line' id='line_1_42' title="bbox 2054 1270 3588 1344; baseline -0.003 -14"><span class='ocrx_word' id='word_1_271' title='bbox 2054 1272 2256 1344; x_wconf 88' lang='lat' dir='ltr'><strong>pedum</strong></span> <span class='ocrx_word' id='word_1_272' title='bbox 2279 1281 2384 1329; x_wconf 90' lang='lat' dir='ltr'><strong>est.</strong></span> <span class='ocrx_word' id='word_1_273' title='bbox 2420 1270 2574 1328; x_wconf 88' lang='lat' dir='ltr'><strong>Unde</strong></span> <span class='ocrx_word' id='word_1_274' title='bbox 2596 1270 2874 1341; x_wconf 89' lang='lat' dir='ltr'><strong>pluraliter</strong></span> <span class='ocrx_word' id='word_1_275' title='bbox 2905 1282 3113 1341; x_wconf 79' lang='lat' dir='ltr'><strong>tergora</strong></span> <span class='ocrx_word' id='word_1_276' title='bbox 3136 1270 3284 1327; x_wconf 88' lang='lat' dir='ltr'><strong>coria</strong></span> <span class='ocrx_word' id='word_1_277' title='bbox 3315 1271 3588 1328; x_wconf 84' lang='lat' dir='ltr'><strong>dicuntur.</strong></span> 
     </span>
    </p>
   </div>
   <div class='ocr_carea' id='block_1_43' title="bbox 2128 1362 3650 1421">
    <p class='ocr_par' dir='ltr' id='par_1_43' title="bbox 2128 1362 3650 1421">
     <span class='ocr_line' id='line_1_43' title="bbox 2128 1362 3650 1421; baseline -0.001 -1"><span class='ocrx_word' id='word_1_278' title='bbox 2128 1364 2255 1421; x_wconf 77' lang='grc'>565.</span> <span class='ocrx_word' id='word_1_279' title='bbox 2287 1365 2433 1421; x_wconf 79' lang='lat' dir='ltr'><strong>Inter</strong></span> <span class='ocrx_word' id='word_1_280' title='bbox 2455 1364 2757 1419; x_wconf 87' lang='lat' dir='ltr'><strong>Tumultum</strong></span> <span class='ocrx_word' id='word_1_281' title='bbox 2782 1373 2836 1419; x_wconf 91' lang='lat' dir='ltr'><strong>et</strong></span> <span class='ocrx_word' id='word_1_282' title='bbox 2865 1362 3079 1418; x_wconf 87' lang='lat' dir='ltr'><strong>bellum.</strong></span> <span class='ocrx_word' id='word_1_283' title='bbox 3111 1363 3318 1419; x_wconf 86' lang='lat' dir='ltr'><strong>Bellum</strong></span> <span class='ocrx_word' id='word_1_284' title='bbox 3356 1372 3439 1419; x_wconf 90' lang='lat' dir='ltr'><strong>est</strong></span> <span class='ocrx_word' id='word_1_285' title='bbox 3463 1373 3650 1419; x_wconf 81' lang='lat' dir='ltr'><strong>contra</strong></span> 
     </span>
    </p>
   </div>
   <div class='ocr_carea' id='block_1_44' title="bbox 2054 1451 3649 1524">
    <p class='ocr_par' dir='ltr' id='par_1_44' title="bbox 2054 1451 3649 1524">
     <span class='ocr_line' id='line_1_44' title="bbox 2054 1451 3649 1524; baseline -0.001 -13"><span class='ocrx_word' id='word_1_286' title='bbox 2054 1455 2238 1512; x_wconf 82' lang='lat' dir='ltr'><strong>hostes</strong></span> <span class='ocrx_word' id='word_1_287' title='bbox 2283 1463 2565 1522; x_wconf 81' lang='lat' dir='ltr'><strong>exortum,</strong></span> <span class='ocrx_word' id='word_1_288' title='bbox 2598 1454 2858 1510; x_wconf 86' lang='lat' dir='ltr'><strong>tumultus</strong></span> <span class='ocrx_word' id='word_1_289' title='bbox 2899 1469 3027 1510; x_wconf 88' lang='lat' dir='ltr'><strong>vero</strong></span> <span class='ocrx_word' id='word_1_290' title='bbox 3057 1451 3352 1510; x_wconf 88' lang='lat' dir='ltr'><strong>domestica</strong></span> <span class='ocrx_word' id='word_1_291' title='bbox 3399 1454 3649 1524; x_wconf 89' lang='lat' dir='ltr'><strong>appella-</strong></span> 
     </span>
    </p>
   </div>
   <div class='ocr_carea' id='block_1_45' title="bbox 2055 1541 3653 1612">
    <p class='ocr_par' dir='ltr' id='par_1_45' title="bbox 2055 1541 3653 1612">
     <span class='ocr_line' id='line_1_45' title="bbox 2055 1541 3653 1612; baseline -0.004 -10"><span class='ocrx_word' id='word_1_292' title='bbox 2055 1547 2206 1602; x_wconf 90' lang='lat' dir='ltr'><strong>tione</strong></span> <span class='ocrx_word' id='word_1_293' title='bbox 2226 1546 2552 1601; x_wconf 90' lang='lat' dir='ltr'><strong>concitatus.</strong></span> <span class='ocrx_word' id='word_1_294' title='bbox 2578 1543 2675 1598; x_wconf 89' lang='lat' dir='ltr'><strong>Hic</strong></span> <span class='ocrx_word' id='word_1_295' title='bbox 2716 1553 2771 1598; x_wconf 91' lang='lat' dir='ltr'><strong>et</strong></span> <span class='ocrx_word' id='word_1_296' title='bbox 2792 1542 2986 1597; x_wconf 90' lang='lat' dir='ltr'><strong>seditio</strong></span> <span class='ocrx_word' id='word_1_297' title='bbox 3017 1552 3373 1612; x_wconf 90' lang='lat' dir='ltr'><strong>nuncupatur.</strong></span> <span class='ocrx_word' id='word_1_298' title='bbox 3402 1541 3533 1595; x_wconf 85' lang='lat' dir='ltr'><strong>Nam</strong></span> <span class='ocrx_word' id='word_1_299' title='bbox 3564 1555 3653 1596; x_wconf 87' lang='lat' dir='ltr'><strong>se—</strong></span> 
     </span>
    </p>
   </div>
   <div class='ocr_carea' id='block_1_46' title="bbox 2055 1630 3651 1707">
    <p class='ocr_par' dir='ltr' id='par_1_46' title="bbox 2055 1630 3651 1707">
     <span class='ocr_line' id='line_1_46' title="bbox 2055 1630 3651 1707; baseline -0.004 -14"><span class='ocrx_word' id='word_1_300' title='bbox 2055 1637 2191 1693; x_wconf 90' lang='lat' dir='ltr'><strong>ditio</strong></span> <span class='ocrx_word' id='word_1_301' title='bbox 2213 1646 2294 1692; x_wconf 89' lang='lat' dir='ltr'><strong>est</strong></span> <span class='ocrx_word' id='word_1_302' title='bbox 2314 1635 2573 1692; x_wconf 88' lang='lat' dir='ltr'><strong>discessio</strong></span> <span class='ocrx_word' id='word_1_303' title='bbox 2596 1633 2750 1707; x_wconf 72' lang='lat' dir='ltr'><strong>[Al.,</strong></span> <span class='ocrx_word' id='word_1_304' title='bbox 2766 1630 3071 1704; x_wconf 81' lang='lat' dir='ltr'><strong>dissensio]</strong></span> <span class='ocrx_word' id='word_1_305' title='bbox 3096 1631 3312 1687; x_wconf 82' lang='lat' dir='ltr'><strong>civium.</strong></span> <span class='ocrx_word' id='word_1_306' title='bbox 3330 1632 3482 1699; x_wconf 85' lang='lat' dir='ltr'><strong>Quod</strong></span> <span class='ocrx_word' id='word_1_307' title='bbox 3504 1632 3651 1687; x_wconf 91' lang='lat' dir='ltr'><strong>enim</strong></span> 
     </span>
    </p>
   </div>
   <div class='ocr_carea' id='block_1_47' title="bbox 1986 1726 3655 1801">
    <p class='ocr_par' dir='ltr' id='par_1_47' title="bbox 1986 1726 3655 1801">
     <span class='ocr_line' id='line_1_47' title="bbox 1986 1726 3655 1801; baseline -0.003 -14"><span class='ocrx_word' id='word_1_308' title='bbox 1986 1740 2038 1801; x_wconf 81' lang='grc' dir='ltr'><strong>Β</strong></span> <span class='ocrx_word' id='word_1_309' title='bbox 2061 1744 2306 1786; x_wconf 87' lang='lat' dir='ltr'><strong>seorsum</strong></span> <span class='ocrx_word' id='word_1_310' title='bbox 2330 1729 2418 1784; x_wconf 89' lang='lat' dir='ltr'><strong>alii</strong></span> <span class='ocrx_word' id='word_1_311' title='bbox 2450 1729 2516 1784; x_wconf 87' lang='lat' dir='ltr'><strong>ad</strong></span> <span class='ocrx_word' id='word_1_312' title='bbox 2541 1729 2675 1784; x_wconf 90' lang='lat' dir='ltr'><strong>alios</strong></span> <span class='ocrx_word' id='word_1_313' title='bbox 2691 1736 2842 1796; x_wconf 91' lang='lat' dir='ltr'><strong>eunt,</strong></span> <span class='ocrx_word' id='word_1_314' title='bbox 2869 1726 3061 1783; x_wconf 88' lang='lat' dir='ltr'><strong>seditio</strong></span> <span class='ocrx_word' id='word_1_315' title='bbox 3087 1727 3304 1782; x_wconf 88' lang='lat' dir='ltr'><strong>dicitur.</strong></span> <span class='ocrx_word' id='word_1_316' title='bbox 3330 1726 3433 1781; x_wconf 83' lang='lat' dir='ltr'><strong>Alii</strong></span> <span class='ocrx_word' id='word_1_317' title='bbox 3466 1734 3655 1796; x_wconf 87' lang='lat' dir='ltr'><strong>putant</strong></span> 
     </span>
    </p>
   </div>
   <div class='ocr_carea' id='block_1_48' title="bbox 2062 1818 3655 1895">
    <p class='ocr_par' dir='ltr' id='par_1_48' title="bbox 2062 1818 3655 1895">
     <span class='ocr_line' id='line_1_48' title="bbox 2062 1818 3655 1895; baseline -0.003 -15"><span class='ocrx_word' id='word_1_318' title='bbox 2062 1833 2282 1895; x_wconf 90' lang='lat' dir='ltr'><strong>propter</strong></span> <span class='ocrx_word' id='word_1_319' title='bbox 2328 1823 2721 1878; x_wconf 85' lang='lat' dir='ltr'><strong>dissensionem</strong></span> <span class='ocrx_word' id='word_1_320' title='bbox 2765 1822 3069 1876; x_wconf 87' lang='lat' dir='ltr'><strong>animorum</strong></span> <span class='ocrx_word' id='word_1_321' title='bbox 3112 1818 3434 1875; x_wconf 90' lang='lat' dir='ltr'><strong>seditionem</strong></span> <span class='ocrx_word' id='word_1_322' title='bbox 3473 1820 3655 1876; x_wconf 89' lang='lat' dir='ltr'><strong>vocari</strong></span> 
     </span>
    </p>
   </div>
   <div class='ocr_carea' id='block_1_49' title="bbox 2061 1913 3493 1987">
    <p class='ocr_par' dir='ltr' id='par_1_49' title="bbox 2061 1913 3493 1987">
     <span class='ocr_line' id='line_1_49' title="bbox 2061 1913 3493 1987; baseline -0.003 -16"><span class='ocrx_word' id='word_1_323' title='bbox 2061 1913 2081 1987; x_wconf 92' lang='lat'>[</span> <span class='ocrx_word' id='word_1_324' title='bbox 2112 1918 2223 1984; x_wconf 80' lang='lat' dir='ltr'><strong>AL,</strong></span> <span class='ocrx_word' id='word_1_325' title='bbox 2252 1914 2560 1987; x_wconf 81' lang='lat' dir='ltr'><strong>vocatam],</strong></span> <span class='ocrx_word' id='word_1_326' title='bbox 2592 1930 2750 1984; x_wconf 87' lang='lat' dir='ltr'><strong>quam</strong></span> <span class='ocrx_word' id='word_1_327' title='bbox 2782 1915 2955 1970; x_wconf 61' lang='lat' dir='ltr'><strong>Graeci</strong></span> <span class='ocrx_word' id='word_1_328' title='bbox 2986 1913 3244 1969; x_wconf 89' lang='lat' dir='ltr'><strong>diastasin</strong></span> <span class='ocrx_word' id='word_1_329' title='bbox 3278 1923 3493 1969; x_wconf 89' lang='lat' dir='ltr'><strong>vocant.</strong></span> 
     </span>
    </p>
   </div>
   <div class='ocr_carea' id='block_1_50' title="bbox 2132 2004 3658 2065">
    <p class='ocr_par' dir='ltr' id='par_1_50' title="bbox 2132 2004 3658 2065">
     <span class='ocr_line' id='line_1_50' title="bbox 2132 2004 3658 2065; baseline -0.002 0"><span class='ocrx_word' id='word_1_330' title='bbox 2132 2007 2261 2065; x_wconf 73' lang='grc'>564.</span> <span class='ocrx_word' id='word_1_331' title='bbox 2294 2010 2437 2064; x_wconf 89' lang='lat' dir='ltr'><strong>Inter</strong></span> <span class='ocrx_word' id='word_1_332' title='bbox 2468 2008 2755 2063; x_wconf 87' lang='lat' dir='ltr'><strong>Turbidum</strong></span> <span class='ocrx_word' id='word_1_333' title='bbox 2777 2017 2831 2062; x_wconf 93' lang='lat' dir='ltr'><strong>ct</strong></span> <span class='ocrx_word' id='word_1_334' title='bbox 2860 2006 3231 2062; x_wconf 88' lang='lat' dir='ltr'><strong>turbulentum.</strong></span> <span class='ocrx_word' id='word_1_335' title='bbox 3263 2005 3559 2062; x_wconf 87' lang='lat' dir='ltr'><strong>Turbidum</strong></span> <span class='ocrx_word' id='word_1_336' title='bbox 3589 2004 3658 2063; x_wconf 82' lang='lat' dir='ltr'><strong>de</strong></span> 
     </span>
    </p>
   </div>
   <div class='ocr_carea' id='block_1_51' title="bbox 2060 2098 2886 2167">
    <p class='ocr_par' dir='ltr' id='par_1_51' title="bbox 2060 2098 2886 2167">
     <span class='ocr_line' id='line_1_51' title="bbox 2060 2098 2886 2167; baseline -0.005 -12"><span class='ocrx_word' id='word_1_337' title='bbox 2060 2111 2251 2155; x_wconf 89' lang='lat' dir='ltr'><strong>natura</strong></span> <span class='ocrx_word' id='word_1_338' title='bbox 2282 2110 2385 2167; x_wconf 87' lang='lat' dir='ltr'><strong>est,</strong></span> <span class='ocrx_word' id='word_1_339' title='bbox 2415 2099 2784 2154; x_wconf 86' lang='lat' dir='ltr'><strong>turbulentum</strong></span> <span class='ocrx_word' id='word_1_340' title='bbox 2808 2098 2886 2152; x_wconf 86' lang='lat' dir='ltr'><strong>tit.</strong></span> 
     </span>
    </p>
   </div>
   <div class='ocr_carea' id='block_1_52' title="bbox 2133 2186 3656 2257">
    <p class='ocr_par' dir='ltr' id='par_1_52' title="bbox 2133 2186 3656 2257">
     <span class='ocr_line' id='line_1_52' title="bbox 2133 2186 3656 2257; baseline 0 -12"><span class='ocrx_word' id='word_1_341' title='bbox 2133 2190 2260 2246; x_wconf 87' lang='lat'><strong>565.</strong></span> <span class='ocrx_word' id='word_1_342' title='bbox 2292 2191 2435 2247; x_wconf 89' lang='lat' dir='ltr'><strong>Inter</strong></span> <span class='ocrx_word' id='word_1_343' title='bbox 2460 2191 2766 2257; x_wconf 82' lang='lat' dir='ltr'><strong>Terrenum,</strong></span> <span class='ocrx_word' id='word_1_344' title='bbox 2796 2200 3050 2257; x_wconf 81' lang='lat' dir='ltr'><strong>terrestre,</strong></span> <span class='ocrx_word' id='word_1_345' title='bbox 3075 2198 3130 2245; x_wconf 91' lang='lat' dir='ltr'><strong>et</strong></span> <span class='ocrx_word' id='word_1_346' title='bbox 3155 2197 3431 2244; x_wconf 88' lang='lat' dir='ltr'><strong>terrosum.</strong></span> <span class='ocrx_word' id='word_1_347' title='bbox 3458 2186 3656 2245; x_wconf 89' lang='lat' dir='ltr'><strong>Terre-</strong></span> 
     </span>
    </p>
   </div>
   <div class='ocr_carea' id='block_1_53' title="bbox 2060 2281 3654 2356">
    <p class='ocr_par' dir='ltr' id='par_1_53' title="bbox 2060 2281 3654 2356">
     <span class='ocr_line' id='line_1_53' title="bbox 2060 2281 3654 2356; baseline -0.001 -15"><span class='ocrx_word' id='word_1_348' title='bbox 2060 2300 2188 2341; x_wconf 87' lang='lat' dir='ltr'><strong>num</strong></span> <span class='ocrx_word' id='word_1_349' title='bbox 2208 2301 2343 2356; x_wconf 84' lang='lat' dir='ltr'><strong>opus</strong></span> <span class='ocrx_word' id='word_1_350' title='bbox 2360 2285 2607 2352; x_wconf 83' lang='lat' dir='ltr'><strong>dicimus,</strong></span> <span class='ocrx_word' id='word_1_351' title='bbox 2626 2292 2901 2350; x_wconf 89' lang='lat' dir='ltr'><strong>terrestre,</strong></span> <span class='ocrx_word' id='word_1_352' title='bbox 2927 2291 2986 2337; x_wconf 93' lang='lat' dir='ltr'><strong>ut</strong></span> <span class='ocrx_word' id='word_1_353' title='bbox 3007 2281 3361 2350; x_wconf 90' lang='lat' dir='ltr'><strong>maritimum,</strong></span> <span class='ocrx_word' id='word_1_354' title='bbox 3386 2291 3654 2339; x_wconf 88' lang='lat' dir='ltr'><strong>terrosum</strong></span> 
     </span>
    </p>
   </div>
   <div class='ocr_carea' id='block_1_54' title="bbox 2059 2378 3009 2448">
    <p class='ocr_par' dir='ltr' id='par_1_54' title="bbox 2059 2378 3009 2448">
     <span class='ocr_line' id='line_1_54' title="bbox 2059 2378 3009 2448; baseline -0.006 -13"><span class='ocrx_word' id='word_1_355' title='bbox 2059 2395 2191 2437; x_wconf 89' lang='lat' dir='ltr'><strong>vero</strong></span> <span class='ocrx_word' id='word_1_356' title='bbox 2222 2378 2480 2435; x_wconf 85' lang='lat' dir='ltr'><strong>frumenti</strong></span> <span class='ocrx_word' id='word_1_357' title='bbox 2501 2394 2668 2448; x_wconf 90' lang='lat' dir='ltr'><strong>genus</strong></span> <span class='ocrx_word' id='word_1_358' title='bbox 2691 2391 3009 2432; x_wconf 91' lang='lat' dir='ltr'><strong>arenosum.-</strong></span> 
     </span>
    </p>
   </div>
   <div class='ocr_carea' id='block_1_55' title="bbox 2133 2469 3660 2539">
    <p class='ocr_par' dir='ltr' id='par_1_55' title="bbox 2133 2469 3660 2539">
     <span class='ocr_line' id='line_1_55' title="bbox 2133 2469 3660 2539; baseline -0.003 -10"><span class='ocrx_word' id='word_1_359' title='bbox 2133 2473 2260 2529; x_wconf 87' lang='grc'>566.</span> <span class='ocrx_word' id='word_1_360' title='bbox 2296 2474 2439 2529; x_wconf 90' lang='lat' dir='ltr'><strong>Inter</strong></span> <span class='ocrx_word' id='word_1_361' title='bbox 2469 2473 2612 2527; x_wconf 87' lang='lat' dir='ltr'><strong>Tuus</strong></span> <span class='ocrx_word' id='word_1_362' title='bbox 2642 2479 2697 2527; x_wconf 93' lang='lat' dir='ltr'><strong>et</strong></span> <span class='ocrx_word' id='word_1_363' title='bbox 2732 2480 2836 2527; x_wconf 86' lang='lat' dir='ltr'><strong>tus.</strong></span> <span class='ocrx_word' id='word_1_364' title='bbox 2886 2469 3035 2525; x_wconf 85' lang='lat' dir='ltr'><strong>Tuus</strong></span> <span class='ocrx_word' id='word_1_365' title='bbox 3075 2480 3373 2539; x_wconf 85' lang='lat' dir='ltr'><strong>pronomen</strong></span> <span class='ocrx_word' id='word_1_366' title='bbox 3417 2474 3524 2538; x_wconf 88' lang='lat' dir='ltr'><strong>est,</strong></span> <span class='ocrx_word' id='word_1_367' title='bbox 3572 2476 3660 2524; x_wconf 88' lang='lat' dir='ltr'><strong>tus</strong></span> 
     </span>
    </p>
   </div>
   <div class='ocr_carea' id='block_1_56' title="bbox 2063 2567 2575 2636">
    <p class='ocr_par' dir='ltr' id='par_1_56' title="bbox 2063 2567 2575 2636">
     <span class='ocr_line' id='line_1_56' title="bbox 2063 2567 2575 2636; baseline -0.008 -15"><span class='ocrx_word' id='word_1_368' title='bbox 2063 2579 2194 2621; x_wconf 90' lang='lat' dir='ltr'><strong>vero</strong></span> <span class='ocrx_word' id='word_1_369' title='bbox 2220 2567 2575 2636; x_wconf 87' lang='lat' dir='ltr'><strong>pigmentum.</strong></span> 
     </span>
    </p>
   </div>
   <div class='ocr_carea' id='block_1_57' title="bbox 2134 2651 3658 2719">
    <p class='ocr_par' dir='ltr' id='par_1_57' title="bbox 2134 2651 3658 2719">
     <span class='ocr_line' id='line_1_57' title="bbox 2134 2651 3658 2719; baseline -0.003 -8"><span class='ocrx_word' id='word_1_370' title='bbox 2134 2656 2278 2711; x_wconf 85' lang='lat' dir='ltr'><strong>Inter</strong></span> <span class='ocrx_word' id='word_1_371' title='bbox 2317 2654 2485 2709; x_wconf 88' lang='lat' dir='ltr'><strong>Tuum</strong></span> <span class='ocrx_word' id='word_1_372' title='bbox 2533 2663 2589 2709; x_wconf 90' lang='lat' dir='ltr'><strong>et</strong></span> <span class='ocrx_word' id='word_1_373' title='bbox 2646 2662 2775 2707; x_wconf 87' lang='lat' dir='ltr'><strong>tum.</strong></span> <span class='ocrx_word' id='word_1_374' title='bbox 2827 2653 2963 2709; x_wconf 87' lang='lat' dir='ltr'><strong>Tum</strong></span> <span class='ocrx_word' id='word_1_375' title='bbox 3012 2651 3326 2709; x_wconf 86' lang='lat' dir='ltr'><strong>adverbium</strong></span> <span class='ocrx_word' id='word_1_376' title='bbox 3371 2659 3475 2719; x_wconf 91' lang='lat' dir='ltr'><strong>est,</strong></span> <span class='ocrx_word' id='word_1_377' title='bbox 3508 2659 3658 2707; x_wconf 89' lang='lat' dir='ltr'><strong>tuum</strong></span> 
     </span>
    </p>
   </div>
   <div class='ocr_carea' id='block_1_58' title="bbox 2060 2764 3661 2821">
    <p class='ocr_par' dir='ltr' id='par_1_58' title="bbox 2060 2764 3661 2821">
     <span class='ocr_line' id='line_1_58' title="bbox 2060 2764 3661 2821; baseline -0.004 -15"><span class='ocrx_word' id='word_1_378' title='bbox 2060 2764 2386 2821; x_wconf 89' lang='lat' dir='ltr'><strong>pronomen.</strong></span> <span class='ocrx_word' id='word_1_379' title='bbox 3421 2770 3433 2781; x_wconf 83' lang='lat'><strong>-</strong></span> <span class='ocrx_word' id='word_1_380' title='bbox 3658 2788 3661 2791; x_wconf 94' lang='lat'><strong>.</strong></span> 
     </span>
    </p>
   </div>
   <div class='ocr_carea' id='block_1_59' title="bbox 2134 2833 3660 2909">
    <p class='ocr_par' dir='ltr' id='par_1_59' title="bbox 2134 2833 3660 2909">
     <span class='ocr_line' id='line_1_59' title="bbox 2134 2833 3660 2909; baseline -0.003 -13"><span class='ocrx_word' id='word_1_381' title='bbox 2134 2838 2262 2896; x_wconf 84' lang='lat'><strong>567.</strong></span> <span class='ocrx_word' id='word_1_382' title='bbox 2296 2841 2441 2895; x_wconf 88' lang='lat' dir='ltr'><strong>Inter</strong></span> <span class='ocrx_word' id='word_1_383' title='bbox 2472 2836 2806 2906; x_wconf 82' lang='lat' dir='ltr'><strong>Tempore&#39;et</strong></span> <span class='ocrx_word' id='word_1_384' title='bbox 2833 2837 3069 2909; x_wconf 81' lang='lat' dir='ltr'><strong>tempori.</strong></span> <span class='ocrx_word' id='word_1_385' title='bbox 3102 2836 3388 2906; x_wconf 88' lang='lat' dir='ltr'><strong>Tempore,</strong></span> <span class='ocrx_word' id='word_1_386' title='bbox 3422 2833 3660 2891; x_wconf 84' lang='lat' dir='ltr'><strong>ablativo</strong></span> 
     </span>
    </p>
   </div>
   <div class='ocr_carea' id='block_1_60' title="bbox 2063 2930 2936 3003">
    <p class='ocr_par' dir='ltr' id='par_1_60' title="bbox 2063 2930 2936 3003">
     <span class='ocr_line' id='line_1_60' title="bbox 2063 2930 2936 3003; baseline -0.005 -12"><span class='ocrx_word' id='word_1_387' title='bbox 2063 2950 2211 3002; x_wconf 90' lang='lat' dir='ltr'><strong>casu,</strong></span> <span class='ocrx_word' id='word_1_388' title='bbox 2243 2933 2469 3003; x_wconf 90' lang='lat' dir='ltr'><strong>tempori</strong></span> <span class='ocrx_word' id='word_1_389' title='bbox 2496 2930 2804 2987; x_wconf 88' lang='lat' dir='ltr'><strong>adverbium</strong></span> <span class='ocrx_word' id='word_1_390' title='bbox 2832 2940 2936 2987; x_wconf 90' lang='lat' dir='ltr'><strong>est.</strong></span> 
     </span>
    </p>
   </div>
   <div class='ocr_carea' id='block_1_61' title="bbox 2136 3020 3663 3091">
    <p class='ocr_par' dir='ltr' id='par_1_61' title="bbox 2136 3020 3663 3091">
     <span class='ocr_line' id='line_1_61' title="bbox 2136 3020 3663 3091; baseline -0.01 0"><span class='ocrx_word' id='word_1_391' title='bbox 2136 3033 2265 3091; x_wconf 88' lang='lat'><strong>568.</strong></span> <span class='ocrx_word' id='word_1_392' title='bbox 2298 3033 2437 3088; x_wconf 90' lang='lat' dir='ltr'><strong>Inter</strong></span> <span class='ocrx_word' id='word_1_393' title='bbox 2461 3029 2765 3087; x_wconf 86' lang='lat' dir='ltr'><strong>Tristitiam,</strong></span> <span class='ocrx_word' id='word_1_394' title='bbox 2798 3035 2853 3080; x_wconf 93' lang='lat' dir='ltr'><strong>et</strong></span> <span class='ocrx_word' id='word_1_395' title='bbox 2881 3024 3189 3079; x_wconf 75' lang='lat' dir='ltr'><strong>maestitiam.</strong></span> <span class='ocrx_word' id='word_1_396' title='bbox 3214 3022 3463 3077; x_wconf 75' lang='lat' dir='ltr'><strong>Mtestitia</strong></span> <span class='ocrx_word' id='word_1_397' title='bbox 3483 3020 3663 3076; x_wconf 86' lang='lat' dir='ltr'><strong>cordis</strong></span> 
     </span>
    </p>
   </div>
   <div class='ocr_carea' id='block_1_62' title="bbox 357 3113 3659 3204">
    <p class='ocr_par' dir='ltr' id='par_1_62' title="bbox 357 3113 3659 3204">
     <span class='ocr_line' id='line_1_62' title="bbox 357 3113 3659 3204; baseline -0.007 -17"><span class='ocrx_word' id='word_1_398' title='bbox 357 3130 969 3187; x_wconf 85' lang='lat' dir='ltr'><strong>causa.&#39;l‘aliiutellectn</strong></span> <span class='ocrx_word' id='word_1_399' title='bbox 988 3113 1698 3200; x_wconf 85' lang='lat' dir='ltr'><strong>distinguunturpaviduset</strong></span> <span class='ocrx_word' id='word_1_400' title='bbox 1721 3150 1949 3204; x_wconf 83' lang='lat' dir='ltr'><strong>pavens,</strong></span> <span class='ocrx_word' id='word_1_401' title='bbox 1983 3120 2032 3183; x_wconf 89' lang='lat' dir='ltr'>C</span> <span class='ocrx_word' id='word_1_402' title='bbox 2065 3136 2171 3194; x_wconf 86' lang='lat' dir='ltr'><strong>est,</strong></span> <span class='ocrx_word' id='word_1_403' title='bbox 2215 3125 2432 3181; x_wconf 87' lang='lat' dir='ltr'><strong>tristitia</strong></span> <span class='ocrx_word' id='word_1_404' title='bbox 2481 3123 2689 3177; x_wconf 88' lang='lat' dir='ltr'><strong>vultus.</strong></span> <span class='ocrx_word' id='word_1_405' title='bbox 2739 3118 2984 3173; x_wconf 83' lang='lat' dir='ltr'><strong>Moestum</strong></span> <span class='ocrx_word' id='word_1_406' title='bbox 3030 3130 3158 3186; x_wconf 87' lang='lat' dir='ltr'><strong>ergo</strong></span> <span class='ocrx_word' id='word_1_407' title='bbox 3201 3113 3289 3170; x_wconf 91' lang='lat' dir='ltr'><strong>vel</strong></span> <span class='ocrx_word' id='word_1_408' title='bbox 3339 3122 3659 3170; x_wconf 72' lang='lat' dir='ltr'><strong>mmrentem</strong></span> 
     </span>
    </p>
   </div>
   <div class='ocr_carea' id='block_1_63' title="bbox 356 3221 1953 3293">
    <p class='ocr_par' dir='ltr' id='par_1_63' title="bbox 356 3221 1953 3293">
     <span class='ocr_line' id='line_1_63' title="bbox 356 3221 1953 3293; baseline 0.003 -16"><span class='ocrx_word' id='word_1_409' title='bbox 356 3225 612 3293; x_wconf 85' lang='lat' dir='ltr'><strong>providus</strong></span> <span class='ocrx_word' id='word_1_410' title='bbox 647 3232 698 3279; x_wconf 92' lang='lat' dir='ltr'><strong>et</strong></span> <span class='ocrx_word' id='word_1_411' title='bbox 744 3221 1047 3292; x_wconf 85' lang='lat' dir='ltr'><strong>providens,</strong></span> <span class='ocrx_word' id='word_1_412' title='bbox 1091 3224 1353 3292; x_wconf 87' lang='lat' dir='ltr'><strong>superbus</strong></span> <span class='ocrx_word' id='word_1_413' title='bbox 1375 3233 1430 3279; x_wconf 87' lang='lat' dir='ltr'><strong>et</strong></span> <span class='ocrx_word' id='word_1_414' title='bbox 1466 3223 1799 3293; x_wconf 84' lang='lat' dir='ltr'><strong>superbiens,</strong></span> <span class='ocrx_word' id='word_1_415' title='bbox 1840 3228 1953 3282; x_wconf 88' lang='lat' dir='ltr'><strong>Ian-</strong></span> 
     </span>
    </p>
   </div>
   <div class='ocr_carea' id='block_1_64' title="bbox 356 3314 1949 3385">
    <p class='ocr_par' dir='ltr' id='par_1_64' title="bbox 356 3314 1949 3385">
     <span class='ocr_line' id='line_1_64' title="bbox 356 3314 1949 3385; baseline 0.005 -18"><span class='ocrx_word' id='word_1_416' title='bbox 356 3315 548 3385; x_wconf 85' lang='lat' dir='ltr'><strong>gnidus</strong></span> <span class='ocrx_word' id='word_1_417' title='bbox 592 3326 648 3371; x_wconf 93' lang='lat' dir='ltr'><strong>et</strong></span> <span class='ocrx_word' id='word_1_418' title='bbox 682 3314 959 3385; x_wconf 89' lang='lat' dir='ltr'><strong>languens,</strong></span> <span class='ocrx_word' id='word_1_419' title='bbox 984 3314 1304 3372; x_wconf 84' lang='lat' dir='ltr'><strong>furibundus</strong></span> <span class='ocrx_word' id='word_1_420' title='bbox 1331 3325 1388 3372; x_wconf 91' lang='lat' dir='ltr'><strong>et</strong></span> <span class='ocrx_word' id='word_1_421' title='bbox 1416 3315 1625 3385; x_wconf 82' lang='lat' dir='ltr'><strong>furens,</strong></span> <span class='ocrx_word' id='word_1_422' title='bbox 1657 3328 1711 3374; x_wconf 90' lang='lat' dir='ltr'><strong>et</strong></span> <span class='ocrx_word' id='word_1_423' title='bbox 1752 3328 1949 3375; x_wconf 69' lang='lat' dir='ltr'><strong>caetera</strong></span> 
     </span>
    </p>
   </div>
   <div class='ocr_carea' id='block_1_65' title="bbox 354 3404 1843 3485">
    <p class='ocr_par' dir='ltr' id='par_1_65' title="bbox 354 3404 1843 3485">
     <span class='ocr_line' id='line_1_65' title="bbox 354 3404 1843 3485; baseline -0.003 -23"><span class='ocrx_word' id='word_1_424' title='bbox 354 3404 571 3462; x_wconf 82' lang='lat' dir='ltr'><strong>similia.</strong></span> <span class='ocrx_word' id='word_1_425' title='bbox 1580 3472 1589 3485; x_wconf 28' lang='grc' dir='ltr'>ἱ</span> <span class='ocrx_word' id='word_1_426' title='bbox 1833 3472 1843 3481; x_wconf 42' lang='grc'><em>,</em></span> 
     </span>
    </p>
   </div>
   <div class='ocr_carea' id='block_1_66' title="bbox 429 3497 1953 3561">
    <p class='ocr_par' dir='ltr' id='par_1_66' title="bbox 429 3497 1953 3561">
     <span class='ocr_line' id='line_1_66' title="bbox 429 3497 1953 3561; baseline 0.005 -9"><span class='ocrx_word' id='word_1_427' title='bbox 429 3497 555 3552; x_wconf 81' lang='grc'>555.</span> <span class='ocrx_word' id='word_1_428' title='bbox 586 3497 730 3554; x_wconf 91' lang='lat' dir='ltr'><strong>Inter</strong></span> <span class='ocrx_word' id='word_1_429' title='bbox 753 3497 1053 3554; x_wconf 86' lang='lat' dir='ltr'><strong>Tremulum</strong></span> <span class='ocrx_word' id='word_1_430' title='bbox 1095 3508 1152 3555; x_wconf 92' lang='lat' dir='ltr'><strong>et</strong></span> <span class='ocrx_word' id='word_1_431' title='bbox 1190 3506 1510 3557; x_wconf 88' lang='lat' dir='ltr'><strong>trementem.</strong></span> <span class='ocrx_word' id='word_1_432' title='bbox 1552 3500 1841 3559; x_wconf 89' lang='lat' dir='ltr'><strong>Tremulus</strong></span> <span class='ocrx_word' id='word_1_433' title='bbox 1868 3514 1953 3561; x_wconf 88' lang='lat' dir='ltr'><strong>est</strong></span> 
     </span>
    </p>
   </div>
   <div class='ocr_carea' id='block_1_67' title="bbox 362 3601 1141 3663">
    <p class='ocr_par' dir='ltr' id='par_1_67' title="bbox 362 3601 1141 3663">
     <span class='ocr_line' id='line_1_67' title="bbox 362 3601 1141 3663; baseline 0 -16"><span class='ocrx_word' id='word_1_434' title='bbox 362 3601 576 3661; x_wconf 88' lang='lat' dir='ltr'><strong>natura,</strong></span> <span class='ocrx_word' id='word_1_435' title='bbox 614 3602 849 3648; x_wconf 88' lang='lat' dir='ltr'><strong>tremens</strong></span> <span class='ocrx_word' id='word_1_436' title='bbox 880 3601 1141 3663; x_wconf 89' lang='lat' dir='ltr'><strong>tempore.</strong></span> 
     </span>
    </p>
   </div>
   <div class='ocr_carea' id='block_1_68' title="bbox 427 3683 1952 3750">
    <p class='ocr_par' dir='ltr' id='par_1_68' title="bbox 427 3683 1952 3750">
     <span class='ocr_line' id='line_1_68' title="bbox 427 3683 1952 3750; baseline 0.006 -10"><span class='ocrx_word' id='word_1_437' title='bbox 427 3683 555 3742; x_wconf 74' lang='lat'><strong>556.</strong></span> <span class='ocrx_word' id='word_1_438' title='bbox 612 3687 752 3745; x_wconf 89' lang='lat' dir='ltr'><strong>Inter</strong></span> <span class='ocrx_word' id='word_1_439' title='bbox 807 3688 1162 3746; x_wconf 85' lang='lat' dir='ltr'><strong>Temeritatem</strong></span> <span class='ocrx_word' id='word_1_440' title='bbox 1200 3700 1259 3748; x_wconf 86' lang='lat' dir='ltr'><strong>et</strong></span> <span class='ocrx_word' id='word_1_441' title='bbox 1312 3692 1608 3747; x_wconf 79' lang='lat' dir='ltr'><strong>audaciam.</strong></span> <span class='ocrx_word' id='word_1_442' title='bbox 1653 3691 1952 3750; x_wconf 82' lang='lat' dir='ltr'><strong>Temeritas</strong></span> 
     </span>
    </p>
   </div>
   <div class='ocr_carea' id='block_1_69' title="bbox 359 3770 1750 3855">
    <p class='ocr_par' dir='ltr' id='par_1_69' title="bbox 359 3770 1750 3855">
     <span class='ocr_line' id='line_1_69' title="bbox 359 3770 1750 3855; baseline 0.004 -20"><span class='ocrx_word' id='word_1_443' title='bbox 359 3782 476 3837; x_wconf 89' lang='lat' dir='ltr'><strong>sine</strong></span> <span class='ocrx_word' id='word_1_444' title='bbox 508 3783 736 3839; x_wconf 87' lang='lat' dir='ltr'><strong>consilio</strong></span> <span class='ocrx_word' id='word_1_445' title='bbox 762 3781 991 3852; x_wconf 88' lang='lat' dir='ltr'><strong>dicitur;</strong></span> <span class='ocrx_word' id='word_1_446' title='bbox 1014 3770 1261 3851; x_wconf 82' lang='lat' dir='ltr'><strong>audacia,</strong></span> <span class='ocrx_word' id='word_1_447' title='bbox 1291 3793 1415 3855; x_wconf 91' lang='lat' dir='ltr'><strong>post</strong></span> <span class='ocrx_word' id='word_1_448' title='bbox 1439 3784 1750 3841; x_wconf 90' lang='lat' dir='ltr'><strong>consilium.</strong></span> 
     </span>
    </p>
   </div>
   <div class='ocr_carea' id='block_1_70' title="bbox 430 3878 1949 3953">
    <p class='ocr_par' dir='ltr' id='par_1_70' title="bbox 430 3878 1949 3953">
     <span class='ocr_line' id='line_1_70' title="bbox 430 3878 1949 3953; baseline 0.002 -20"><span class='ocrx_word' id='word_1_449' title='bbox 430 3878 559 3934; x_wconf 83' lang='lat'><strong>557.</strong></span> <span class='ocrx_word' id='word_1_450' title='bbox 587 3878 731 3934; x_wconf 90' lang='lat' dir='ltr'><strong>Inter</strong></span> <span class='ocrx_word' id='word_1_451' title='bbox 755 3878 884 3934; x_wconf 89' lang='lat' dir='ltr'><strong>Tum</strong></span> <span class='ocrx_word' id='word_1_452' title='bbox 912 3888 968 3936; x_wconf 93' lang='lat' dir='ltr'><strong>et</strong></span> <span class='ocrx_word' id='word_1_453' title='bbox 1005 3890 1145 3936; x_wconf 89' lang='lat' dir='ltr'><strong>tunc.</strong></span> <span class='ocrx_word' id='word_1_454' title='bbox 1174 3880 1312 3938; x_wconf 88' lang='lat' dir='ltr'><strong>Tum</strong></span> <span class='ocrx_word' id='word_1_455' title='bbox 1336 3880 1595 3953; x_wconf 89' lang='lat' dir='ltr'><strong>temporis</strong></span> <span class='ocrx_word' id='word_1_456' title='bbox 1634 3890 1718 3938; x_wconf 89' lang='lat' dir='ltr'><strong>est</strong></span> <span class='ocrx_word' id='word_1_457' title='bbox 1743 3880 1949 3948; x_wconf 85' lang='lat' dir='ltr'><strong>futuri;</strong></span> 
     </span>
    </p>
   </div>
   <div class='ocr_carea' id='block_1_71' title="bbox 361 3974 818 4045">
    <p class='ocr_par' dir='ltr' id='par_1_71' title="bbox 361 3974 818 4045">
     <span class='ocr_line' id='line_1_71' title="bbox 361 3974 818 4045; baseline -0.004 -14"><span class='ocrx_word' id='word_1_458' title='bbox 361 3985 508 4041; x_wconf 91' lang='lat' dir='ltr'><strong>tunc,</strong></span> <span class='ocrx_word' id='word_1_459' title='bbox 540 3974 818 4045; x_wconf 76' lang='lat' dir='ltr'><strong>pra-teriti.</strong></span> 
     </span>
    </p>
   </div>
   <div class='ocr_carea' id='block_1_72' title="bbox 430 4067 1951 4127">
    <p class='ocr_par' dir='ltr' id='par_1_72' title="bbox 430 4067 1951 4127">
     <span class='ocr_line' id='line_1_72' title="bbox 430 4067 1951 4127; baseline 0.003 -6"><span class='ocrx_word' id='word_1_460' title='bbox 430 4067 555 4123; x_wconf 87' lang='lat'><strong>558.</strong></span> <span class='ocrx_word' id='word_1_461' title='bbox 587 4067 733 4125; x_wconf 89' lang='lat' dir='ltr'><strong>Inter</strong></span> <span class='ocrx_word' id='word_1_462' title='bbox 776 4068 1021 4124; x_wconf 87' lang='lat' dir='ltr'><strong>Tribuere</strong></span> <span class='ocrx_word' id='word_1_463' title='bbox 1058 4078 1114 4125; x_wconf 91' lang='lat' dir='ltr'><strong>et</strong></span> <span class='ocrx_word' id='word_1_464' title='bbox 1160 4070 1461 4127; x_wconf 87' lang='lat' dir='ltr'><strong>attribuere.</strong></span> <span class='ocrx_word' id='word_1_465' title='bbox 1492 4070 1802 4126; x_wconf 89' lang='lat' dir='ltr'><strong>Tribuimus</strong></span> <span class='ocrx_word' id='word_1_466' title='bbox 1829 4086 1951 4126; x_wconf 89' lang='lat' dir='ltr'><strong>cum</strong></span> 
     </span>
    </p>
   </div>
   <div class='ocr_carea' id='block_1_73' title="bbox 356 4161 1979 4236">
    <p class='ocr_par' dir='ltr' id='par_1_73' title="bbox 356 4161 1979 4236">
     <span class='ocr_line' id='line_1_73' title="bbox 356 4161 1979 4236; baseline 0.003 -19"><span class='ocrx_word' id='word_1_467' title='bbox 356 4162 555 4232; x_wconf 86' lang='lat' dir='ltr'><strong>aliquid</strong></span> <span class='ocrx_word' id='word_1_468' title='bbox 577 4162 865 4230; x_wconf 85' lang='lat' dir='ltr'><strong>donamus,</strong></span> <span class='ocrx_word' id='word_1_469' title='bbox 886 4161 1251 4230; x_wconf 86' lang='lat' dir='ltr'><strong>attribuimus,</strong></span> <span class='ocrx_word' id='word_1_470' title='bbox 1273 4162 1401 4220; x_wconf 91' lang='lat' dir='ltr'><strong>dum</strong></span> <span class='ocrx_word' id='word_1_471' title='bbox 1424 4162 1644 4221; x_wconf 91' lang='lat' dir='ltr'><strong>ordines</strong></span> <span class='ocrx_word' id='word_1_472' title='bbox 1664 4164 1979 4236; x_wconf 51' lang='lat' dir='ltr'><strong>officiaque</strong></span> 
     </span>
    </p>
   </div>
   <div class='ocr_carea' id='block_1_74' title="bbox 356 4256 751 4312">
    <p class='ocr_par' dir='ltr' id='par_1_74' title="bbox 356 4256 751 4312">
     <span class='ocr_line' id='line_1_74' title="bbox 356 4256 751 4312; baseline 0.005 -2"><span class='ocrx_word' id='word_1_473' title='bbox 356 4256 751 4312; x_wconf 78' lang='lat' dir='ltr'><strong>distribuimus.</strong></span> 
     </span>
    </p>
   </div>
   <div class='ocr_carea' id='block_1_75' title="bbox 431 4371 937 4440">
    <p class='ocr_par' dir='ltr' id='par_1_75' title="bbox 431 4371 937 4440">
     <span class='ocr_line' id='line_1_75' title="bbox 431 4371 937 4440; baseline 0.008 -17"><span class='ocrx_word' id='word_1_474' title='bbox 431 4373 558 4430; x_wconf 72' lang='grc'>545.</span> <span class='ocrx_word' id='word_1_475' title='bbox 587 4371 723 4427; x_wconf 84' lang='lat' dir='ltr'><strong>Vide</strong></span> <span class='ocrx_word' id='word_1_476' title='bbox 753 4387 937 4440; x_wconf 89' lang='lat' dir='ltr'><strong>supra.</strong></span> 
     </span>
    </p>
   </div>
   <div class='ocr_carea' id='block_1_76' title="bbox 430 4440 1499 4500">
    <p class='ocr_par' dir='ltr' id='par_1_76' title="bbox 430 4440 1499 4500">
     <span class='ocr_line' id='line_1_76' title="bbox 430 4440 1499 4500; baseline 0.002 -4"><span class='ocrx_word' id='word_1_477' title='bbox 430 4440 556 4499; x_wconf 70' lang='grc'>547.</span> <span class='ocrx_word' id='word_1_478' title='bbox 581 4444 659 4500; x_wconf 82' lang='grc' dir='ltr'><strong>Ει(</strong></span> <span class='ocrx_word' id='word_1_479' title='bbox 682 4443 820 4499; x_wconf 85' lang='grc' dir='ltr'><strong>Νοη.</strong></span> <span class='ocrx_word' id='word_1_480' title='bbox 846 4444 1057 4499; x_wconf 86' lang='lat' dir='ltr'><strong>videtur</strong></span> <span class='ocrx_word' id='word_1_481' title='bbox 1079 4443 1207 4499; x_wconf 90' lang='lat' dir='ltr'><strong>dict.</strong></span> <span class='ocrx_word' id='word_1_482' title='bbox 1240 4441 1499 4498; x_wconf 87' lang='lat' dir='ltr'><strong>Sartores.</strong></span> 
     </span>
    </p>
   </div>
   <div class='ocr_carea' id='block_1_77' title="bbox 430 4513 1953 4584">
    <p class='ocr_par' dir='ltr' id='par_1_77' title="bbox 430 4513 1953 4584">
     <span class='ocr_line' id='line_1_77' title="bbox 430 4513 1953 4584; baseline -0.001 -12"><span class='ocrx_word' id='word_1_483' title='bbox 430 4514 907 4572; x_wconf 69' lang='lat' dir='ltr'><strong>~Sarcinatorem.</strong></span> <span class='ocrx_word' id='word_1_484' title='bbox 920 4514 982 4571; x_wconf 89' lang='lat' dir='ltr'><strong>C.</strong></span> <span class='ocrx_word' id='word_1_485' title='bbox 998 4513 1220 4583; x_wconf 84' lang='lat' dir='ltr'><strong>Fronto,</strong></span> <span class='ocrx_word' id='word_1_486' title='bbox 1234 4513 1582 4582; x_wconf 72' lang='lat' dir='ltr'><strong>Sarcinatrix,</strong></span> <span class='ocrx_word' id='word_1_487' title='bbox 1596 4527 1713 4584; x_wconf 77' lang='lat' dir='ltr'><strong>qua:</strong></span> <span class='ocrx_word' id='word_1_488' title='bbox 1722 4515 1953 4571; x_wconf 85' lang='lat' dir='ltr'><strong>sarcinas</strong></span> 
     </span>
    </p>
   </div>
   <div class='ocr_carea' id='block_1_78' title="bbox 356 4596 541 4645">
    <p class='ocr_par' dir='ltr' id='par_1_78' title="bbox 356 4596 541 4645">
     <span class='ocr_line' id='line_1_78' title="bbox 356 4596 541 4645; baseline -0.027 0"><span class='ocrx_word' id='word_1_489' title='bbox 356 4596 519 4645; x_wconf 80' lang='lat' dir='ltr'><strong>servat</strong></span> <span class='ocrx_word' id='word_1_490' title='bbox 527 4626 541 4641; x_wconf 88' lang='lat'><strong>.</strong></span> 
     </span>
    </p>
   </div>
   <div class='ocr_carea' id='block_1_79' title="bbox 432 4657 1954 4728">
    <p class='ocr_par' dir='ltr' id='par_1_79' title="bbox 432 4657 1954 4728">
     <span class='ocr_line' id='line_1_79' title="bbox 432 4657 1954 4728; baseline 0 -15"><span class='ocrx_word' id='word_1_491' title='bbox 432 4658 575 4713; x_wconf 82' lang='lat' dir='ltr'><strong>Ibid.</strong></span> <span class='ocrx_word' id='word_1_492' title='bbox 624 4657 807 4714; x_wconf 88' lang='lat' dir='ltr'><strong>Sartor</strong></span> <span class='ocrx_word' id='word_1_493' title='bbox 831 4673 937 4714; x_wconf 91' lang='lat' dir='ltr'><strong>non</strong></span> <span class='ocrx_word' id='word_1_494' title='bbox 963 4659 1136 4715; x_wconf 87' lang='lat' dir='ltr'><strong>solum</strong></span> <span class='ocrx_word' id='word_1_495' title='bbox 1166 4659 1424 4728; x_wconf 84' lang='lat' dir='ltr'><strong>accipitur</strong></span> <span class='ocrx_word' id='word_1_496' title='bbox 1447 4672 1543 4727; x_wconf 89' lang='lat' dir='ltr'><strong>pro</strong></span> <span class='ocrx_word' id='word_1_497' title='bbox 1564 4672 1631 4712; x_wconf 91' lang='lat' dir='ltr'><strong>eo</strong></span> <span class='ocrx_word' id='word_1_498' title='bbox 1669 4658 1759 4728; x_wconf 92' lang='lat' dir='ltr'><strong>qui</strong></span> <span class='ocrx_word' id='word_1_499' title='bbox 1800 4660 1954 4713; x_wconf 85' lang='lat' dir='ltr'><strong>sarrit</strong></span> 
     </span>
    </p>
   </div>
   <div class='ocr_carea' id='block_1_80' title="bbox 355 4729 1950 4802">
    <p class='ocr_par' dir='ltr' id='par_1_80' title="bbox 355 4729 1950 4802">
     <span class='ocr_line' id='line_1_80' title="bbox 355 4729 1950 4802; baseline -0.002 -15"><span class='ocrx_word' id='word_1_500' title='bbox 355 4746 545 4802; x_wconf 72' lang='lat' dir='ltr'><strong>agrum</strong></span> <span class='ocrx_word' id='word_1_501' title='bbox 565 4769 580 4796; x_wconf 91' lang='lat'><strong>,</strong></span> <span class='ocrx_word' id='word_1_502' title='bbox 609 4730 710 4785; x_wconf 88' lang='lat' dir='ltr'><strong>hoc</strong></span> <span class='ocrx_word' id='word_1_503' title='bbox 738 4738 850 4796; x_wconf 87' lang='lat' dir='ltr'><strong>est,</strong></span> <span class='ocrx_word' id='word_1_504' title='bbox 874 4732 962 4800; x_wconf 90' lang='lat' dir='ltr'><strong>qui</strong></span> <span class='ocrx_word' id='word_1_505' title='bbox 993 4729 1207 4786; x_wconf 90' lang='lat' dir='ltr'><strong>sarculo</strong></span> <span class='ocrx_word' id='word_1_506' title='bbox 1238 4729 1452 4802; x_wconf 5' lang='lat' dir='ltr'><strong>herbas,</strong></span> <span class='ocrx_word' id='word_1_507' title='bbox 1474 4729 1689 4784; x_wconf 86' lang='lat' dir='ltr'><strong>inutiles</strong></span> <span class='ocrx_word' id='word_1_508' title='bbox 1734 4729 1950 4798; x_wconf 84' lang='lat' dir='ltr'><strong>evellit,</strong></span> 
     </span>
    </p>
   </div>
   <div class='ocr_carea' id='block_1_81' title="bbox 354 4800 1603 4870">
    <p class='ocr_par' dir='ltr' id='par_1_81' title="bbox 354 4800 1603 4870">
     <span class='ocr_line' id='line_1_81' title="bbox 354 4800 1603 4870; baseline -0.006 -11"><span class='ocrx_word' id='word_1_509' title='bbox 354 4800 450 4859; x_wconf 69' lang='lat' dir='ltr'><strong>sed</strong></span> <span class='ocrx_word' id='word_1_510' title='bbox 480 4802 639 4856; x_wconf 85' lang='lat' dir='ltr'><strong>etiam</strong></span> <span class='ocrx_word' id='word_1_511' title='bbox 674 4815 770 4869; x_wconf 85' lang='lat' dir='ltr'><strong>pro</strong></span> <span class='ocrx_word' id='word_1_512' title='bbox 795 4816 861 4856; x_wconf 87' lang='lat' dir='ltr'><strong>eo</strong></span> <span class='ocrx_word' id='word_1_513' title='bbox 890 4802 979 4870; x_wconf 89' lang='lat' dir='ltr'><strong>qui</strong></span> <span class='ocrx_word' id='word_1_514' title='bbox 1007 4802 1163 4857; x_wconf 85' lang='lat' dir='ltr'><strong>sarcit</strong></span> <span class='ocrx_word' id='word_1_515' title='bbox 1189 4809 1386 4857; x_wconf 86' lang='lat' dir='ltr'><strong>vestes.</strong></span> <span class='ocrx_word' id='word_1_516' title='bbox 1429 4800 1603 4855; x_wconf 77' lang='lat' dir='ltr'><strong>Anev.</strong></span> 
     </span>
    </p>
   </div>
   <div class='ocr_carea' id='block_1_82' title="bbox 430 4871 1951 4940">
    <p class='ocr_par' dir='ltr' id='par_1_82' title="bbox 430 4871 1951 4940">
     <span class='ocr_line' id='line_1_82' title="bbox 430 4871 1951 4940; baseline 0.001 -15"><span class='ocrx_word' id='word_1_517' title='bbox 430 4872 559 4927; x_wconf 86' lang='grc'>550.</span> <span class='ocrx_word' id='word_1_518' title='bbox 588 4871 911 4940; x_wconf 86' lang='lat' dir='ltr'><strong>lnterpretes</strong></span> <span class='ocrx_word' id='word_1_519' title='bbox 932 4872 1170 4927; x_wconf 87' lang='lat' dir='ltr'><strong>Terentii</strong></span> <span class='ocrx_word' id='word_1_520' title='bbox 1205 4881 1309 4926; x_wconf 90' lang='lat' dir='ltr'><strong>act.</strong></span> <span class='ocrx_word' id='word_1_521' title='bbox 1337 4884 1419 4939; x_wconf 88' lang='grc' dir='ltr'>ιιι,</span> <span class='ocrx_word' id='word_1_522' title='bbox 1445 4886 1593 4925; x_wconf 90' lang='lat' dir='ltr'><strong>scen.</strong></span> <span class='ocrx_word' id='word_1_523' title='bbox 1623 4872 1677 4938; x_wconf 87' lang='lat'><strong>5,</strong></span> <span class='ocrx_word' id='word_1_524' title='bbox 1706 4871 1951 4926; x_wconf 84' lang='lat' dir='ltr'><strong>Eunuclt.</strong></span> 
     </span>
    </p>
   </div>
   <div class='ocr_carea' id='block_1_83' title="bbox 358 4941 1949 5011">
    <p class='ocr_par' dir='ltr' id='par_1_83' title="bbox 358 4941 1949 5011">
     <span class='ocr_line' id='line_1_83' title="bbox 358 4941 1949 5011; baseline -0.003 -11"><span class='ocrx_word' id='word_1_525' title='bbox 358 4945 580 5000; x_wconf 88' lang='lat' dir='ltr'><strong>Statura</strong></span> <span class='ocrx_word' id='word_1_526' title='bbox 608 4944 812 5011; x_wconf 82' lang='lat' dir='ltr'><strong>corpori</strong></span> <span class='ocrx_word' id='word_1_527' title='bbox 856 4944 1148 5011; x_wconf 81' lang='lat' dir='ltr'><strong>ascribitur,</strong></span> <span class='ocrx_word' id='word_1_528' title='bbox 1172 4951 1334 4997; x_wconf 84' lang='lat' dir='ltr'><strong>status</strong></span> <span class='ocrx_word' id='word_1_529' title='bbox 1365 4943 1432 4995; x_wconf 88' lang='lat' dir='ltr'><strong>ad</strong></span> <span class='ocrx_word' id='word_1_530' title='bbox 1452 4941 1683 4995; x_wconf 84' lang='lat' dir='ltr'><strong>habitum</strong></span> <span class='ocrx_word' id='word_1_531' title='bbox 1709 4946 1949 5010; x_wconf 76' lang='lat' dir='ltr'><strong>refertur.</strong></span> 
     </span>
    </p>
   </div>
   <div class='ocr_carea' id='block_1_84' title="bbox 354 5012 1954 5088">
    <p class='ocr_par' dir='ltr' id='par_1_84' title="bbox 354 5012 1954 5088">
     <span class='ocr_line' id='line_1_84' title="bbox 354 5012 1954 5088; baseline -0.001 -19"><span class='ocrx_word' id='word_1_532' title='bbox 354 5013 683 5088; x_wconf 78' lang='lat' dir='ltr'><strong>Ergnstatus</strong></span> <span class='ocrx_word' id='word_1_533' title='bbox 702 5022 785 5068; x_wconf 90' lang='lat' dir='ltr'><strong>est</strong></span> <span class='ocrx_word' id='word_1_534' title='bbox 807 5022 1032 5088; x_wconf 63' lang='lat' dir='ltr'><strong>eximat,</strong></span> <span class='ocrx_word' id='word_1_535' title='bbox 1045 5023 1247 5088; x_wconf 84' lang='lat' dir='ltr'><strong>statura</strong></span> <span class='ocrx_word' id='word_1_536' title='bbox 1272 5012 1548 5088; x_wconf 81' lang='lat' dir='ltr'><strong>longitudo</strong></span> <span class='ocrx_word' id='word_1_537' title='bbox 1561 5013 1833 5088; x_wconf 73' lang='lat' dir='ltr'><strong>corporis:</strong></span> <span class='ocrx_word' id='word_1_538' title='bbox 1859 5028 1954 5080; x_wconf 90' lang='lat' dir='ltr'><strong>pro</strong></span> 
     </span>
    </p>
   </div>
   <div class='ocr_carea' id='block_1_85' title="bbox 356 5084 1948 5153">
    <p class='ocr_par' dir='ltr' id='par_1_85' title="bbox 356 5084 1948 5153">
     <span class='ocr_line' id='line_1_85' title="bbox 356 5084 1948 5153; baseline -0.001 -13"><span class='ocrx_word' id='word_1_539' title='bbox 356 5086 689 5153; x_wconf 69' lang='lat' dir='ltr'><strong>quastionem</strong></span> <span class='ocrx_word' id='word_1_540' title='bbox 706 5084 906 5150; x_wconf 82' lang='lat' dir='ltr'><strong>autem,</strong></span> <span class='ocrx_word' id='word_1_541' title='bbox 924 5084 1113 5139; x_wconf 71' lang='lat' dir='ltr'><strong>&#39;malim</strong></span> <span class='ocrx_word' id='word_1_542' title='bbox 1137 5084 1454 5152; x_wconf 71' lang='lat' dir='ltr'><strong>qutestt&#39;om&#39;s,</strong></span> <span class='ocrx_word' id='word_1_543' title='bbox 1479 5092 1571 5138; x_wconf 88' lang='lat' dir='ltr'><strong>aut</strong></span> <span class='ocrx_word' id='word_1_544' title='bbox 1586 5085 1948 5152; x_wconf 67' lang='lat' dir='ltr'><strong>quaestionum.</strong></span> 
     </span>
    </p>
   </div>
   <div class='ocr_carea' id='block_1_86' title="bbox 356 5154 1953 5226">
    <p class='ocr_par' dir='ltr' id='par_1_86' title="bbox 356 5154 1953 5226">
     <span class='ocr_line' id='line_1_86' title="bbox 356 5154 1953 5226; baseline -0.003 -13"><span class='ocrx_word' id='word_1_545' title='bbox 356 5157 535 5213; x_wconf 77' lang='lat' dir='ltr'><strong>Porro</strong></span> <span class='ocrx_word' id='word_1_546' title='bbox 559 5155 827 5211; x_wconf 87' lang='lat' dir='ltr'><strong>dictiones</strong></span> <span class='ocrx_word' id='word_1_547' title='bbox 848 5156 1101 5209; x_wconf 86' lang='lat' dir='ltr'><strong>scenicam</strong></span> <span class='ocrx_word' id='word_1_548' title='bbox 1135 5164 1319 5209; x_wconf 86' lang='lat' dir='ltr'><strong>vestem</strong></span> <span class='ocrx_word' id='word_1_549' title='bbox 1358 5156 1492 5208; x_wconf 89' lang='lat' dir='ltr'><strong>forte</strong></span> <span class='ocrx_word' id='word_1_550' title='bbox 1521 5154 1570 5207; x_wconf 89' lang='lat' dir='ltr'><strong>in</strong></span> <span class='ocrx_word' id='word_1_551' title='bbox 1599 5163 1790 5226; x_wconf 82' lang='grc' dir='ltr'><strong>σχῆμα</strong></span> <span class='ocrx_word' id='word_1_552' title='bbox 1811 5171 1953 5209; x_wconf 86' lang='lat' dir='ltr'><strong>con-</strong></span> 
     </span>
    </p>
   </div>
   <div class='ocr_carea' id='block_1_87' title="bbox 357 5226 1953 5295">
    <p class='ocr_par' dir='ltr' id='par_1_87' title="bbox 357 5226 1953 5295">
     <span class='ocr_line' id='line_1_87' title="bbox 357 5226 1953 5295; baseline -0.001 -12"><span class='ocrx_word' id='word_1_553' title='bbox 357 5228 659 5293; x_wconf 68' lang='lat' dir='ltr'><strong>trahendas,</strong></span> <span class='ocrx_word' id='word_1_554' title='bbox 702 5226 1063 5295; x_wconf 82' lang='lat' dir='ltr'><strong>legendusque</strong></span> <span class='ocrx_word' id='word_1_555' title='bbox 1091 5226 1240 5281; x_wconf 84' lang='lat' dir='ltr'><strong>locus</strong></span> <span class='ocrx_word' id='word_1_556' title='bbox 1266 5243 1279 5277; x_wconf 91' lang='lat'>:</span> <span class='ocrx_word' id='word_1_557' title='bbox 1318 5234 1505 5279; x_wconf 83' lang='lat' dir='ltr'><strong>statum</strong></span> <span class='ocrx_word' id='word_1_558' title='bbox 1532 5227 1849 5294; x_wconf 76' lang='lat' dir='ltr'><strong>qttwstianis,</strong></span> <span class='ocrx_word' id='word_1_559' title='bbox 1874 5228 1953 5281; x_wconf 81' lang='lat' dir='ltr'><strong>vel</strong></span> 
     </span>
    </p>
   </div>
   <div class='ocr_carea' id='block_1_88' title="bbox 357 5296 1946 5367">
    <p class='ocr_par' dir='ltr' id='par_1_88' title="bbox 357 5296 1946 5367">
     <span class='ocr_line' id='line_1_88' title="bbox 357 5296 1946 5367; baseline -0.001 -14"><span class='ocrx_word' id='word_1_560' title='bbox 357 5299 565 5354; x_wconf 76' lang='lat' dir='ltr'><strong>schema</strong></span> <span class='ocrx_word' id='word_1_561' title='bbox 581 5316 597 5363; x_wconf 88' lang='lat'><strong><em>;</em></strong></span> <span class='ocrx_word' id='word_1_562' title='bbox 624 5306 736 5363; x_wconf 80' lang='lat' dir='ltr'><strong>aut,</strong></span> <span class='ocrx_word' id='word_1_563' title='bbox 752 5306 942 5351; x_wconf 89' lang='lat' dir='ltr'><strong>statum</strong></span> <span class='ocrx_word' id='word_1_564' title='bbox 959 5297 1273 5367; x_wconf 76' lang='lat' dir='ltr'><strong>qutestionis,</strong></span> <span class='ocrx_word' id='word_1_565' title='bbox 1287 5296 1363 5349; x_wconf 80' lang='lat' dir='ltr'><strong>uel</strong></span> <span class='ocrx_word' id='word_1_566' title='bbox 1379 5296 1604 5362; x_wconf 79' lang='lat' dir='ltr'><strong>schema,</strong></span> <span class='ocrx_word' id='word_1_567' title='bbox 1621 5299 1726 5350; x_wconf 84' lang='lat' dir='ltr'><strong>sive</strong></span> <span class='ocrx_word' id='word_1_568' title='bbox 1741 5306 1946 5351; x_wconf 87' lang='lat' dir='ltr'><strong>vestem.</strong></span> 
     </span>
    </p>
   </div>
   <div class='ocr_carea' id='block_1_89' title="bbox 358 5368 1947 5438">
    <p class='ocr_par' dir='ltr' id='par_1_89' title="bbox 358 5368 1947 5438">
     <span class='ocr_line' id='line_1_89' title="bbox 358 5368 1947 5438; baseline 0 -12"><span class='ocrx_word' id='word_1_569' title='bbox 358 5370 487 5426; x_wconf 78' lang='lat' dir='ltr'><strong>Vid.</strong></span> <span class='ocrx_word' id='word_1_570' title='bbox 523 5373 722 5426; x_wconf 84' lang='lat' dir='ltr'><strong>Ascon.</strong></span> <span class='ocrx_word' id='word_1_571' title='bbox 763 5369 1001 5438; x_wconf 72' lang='lat' dir='ltr'><strong>Paedian.</strong></span> <span class='ocrx_word' id='word_1_572' title='bbox 1029 5370 1080 5422; x_wconf 93' lang='lat' dir='ltr'><strong>in</strong></span> <span class='ocrx_word' id='word_1_573' title='bbox 1120 5382 1177 5421; x_wconf 90' lang='grc' dir='ltr'><strong>ιιι</strong></span> <span class='ocrx_word' id='word_1_574' title='bbox 1207 5368 1447 5423; x_wconf 85' lang='lat' dir='ltr'><strong>Uration.</strong></span> <span class='ocrx_word' id='word_1_575' title='bbox 1482 5377 1673 5423; x_wconf 83' lang='lat' dir='ltr'><strong>contra</strong></span> <span class='ocrx_word' id='word_1_576' title='bbox 1706 5368 1947 5426; x_wconf 86' lang='lat' dir='ltr'><strong>Verrem.</strong></span> 
     </span>
    </p>
   </div>
   <div class='ocr_carea' id='block_1_90' title="bbox 433 5437 1950 5509">
    <p class='ocr_par' dir='ltr' id='par_1_90' title="bbox 433 5437 1950 5509">
     <span class='ocr_line' id='line_1_90' title="bbox 433 5437 1950 5509; baseline -0.003 -13"><span class='ocrx_word' id='word_1_577' title='bbox 433 5439 561 5496; x_wconf 76' lang='lat'><strong>551.</strong></span> <span class='ocrx_word' id='word_1_578' title='bbox 594 5439 734 5507; x_wconf 87' lang='lat' dir='ltr'><strong>Quid</strong></span> <span class='ocrx_word' id='word_1_579' title='bbox 758 5439 805 5494; x_wconf 87' lang='lat' dir='ltr'><strong>si</strong></span> <span class='ocrx_word' id='word_1_580' title='bbox 827 5437 1088 5509; x_wconf 84' lang='lat' dir='ltr'><strong>legamus,</strong></span> <span class='ocrx_word' id='word_1_581' title='bbox 1123 5437 1266 5493; x_wconf 87' lang='lat' dir='ltr'><strong>Inter</strong></span> <span class='ocrx_word' id='word_1_582' title='bbox 1298 5441 1607 5505; x_wconf 87' lang='lat' dir='ltr'><strong>scripturam</strong></span> <span class='ocrx_word' id='word_1_583' title='bbox 1637 5448 1685 5493; x_wconf 91' lang='lat' dir='ltr'><strong>et</strong></span> <span class='ocrx_word' id='word_1_584' title='bbox 1705 5439 1950 5509; x_wconf 83' lang='lat' dir='ltr'><strong>scriptio-</strong></span> 
     </span>
    </p>
   </div>
   <div class='ocr_carea' id='block_1_91' title="bbox 353 5508 1877 5581">
    <p class='ocr_par' dir='ltr' id='par_1_91' title="bbox 353 5508 1877 5581">
     <span class='ocr_line' id='line_1_91' title="bbox 353 5508 1877 5581; baseline -0.004 -12"><span class='ocrx_word' id='word_1_585' title='bbox 353 5529 475 5569; x_wconf 82' lang='lat' dir='ltr'><strong>rtem</strong></span> <span class='ocrx_word' id='word_1_586' title='bbox 498 5529 515 5566; x_wconf 91' lang='lat'><strong><em>:</em></strong></span> <span class='ocrx_word' id='word_1_587' title='bbox 540 5511 766 5581; x_wconf 84' lang='lat' dir='ltr'><strong>Scriptio</strong></span> <span class='ocrx_word' id='word_1_588' title='bbox 795 5511 849 5563; x_wconf 87' lang='lat' dir='ltr'><strong>in</strong></span> <span class='ocrx_word' id='word_1_589' title='bbox 871 5527 1039 5581; x_wconf 85' lang='lat' dir='ltr'><strong>opere,</strong></span> <span class='ocrx_word' id='word_1_590' title='bbox 1072 5510 1410 5581; x_wconf 12' lang='lat' dir='ltr'><strong>scripturaiitt</strong></span> <span class='ocrx_word' id='word_1_591' title='bbox 1438 5509 1651 5576; x_wconf 69' lang='lat' dir='ltr'><strong>a/I’ectu,</strong></span> <span class='ocrx_word' id='word_1_592' title='bbox 1675 5508 1745 5563; x_wconf 86' lang='lat' dir='ltr'><strong>V.</strong></span> <span class='ocrx_word' id='word_1_593' title='bbox 1775 5527 1828 5580; x_wconf 90' lang='lat' dir='ltr'><strong>p.</strong></span> <span class='ocrx_word' id='word_1_594' title='bbox 1854 5510 1877 5562; x_wconf 85' lang='lat'><strong>?</strong></span> 
     </span>
    </p>
   </div>
   <div class='ocr_carea' id='block_1_92' title="bbox 434 5579 1945 5653">
    <p class='ocr_par' dir='ltr' id='par_1_92' title="bbox 434 5579 1945 5653">
     <span class='ocr_line' id='line_1_92' title="bbox 434 5579 1945 5653; baseline -0.001 -15"><span class='ocrx_word' id='word_1_595' title='bbox 434 5582 561 5638; x_wconf 73' lang='grc'>552.</span> <span class='ocrx_word' id='word_1_596' title='bbox 587 5579 1016 5653; x_wconf 60' lang='grc' dir='ltr'><strong>Ειγιιιοιοε.⁷1ἰῠ.</strong></span> <span class='ocrx_word' id='word_1_597' title='bbox 1068 5596 1140 5647; x_wconf 86' lang='lat' dir='ltr'><strong>tv,</strong></span> <span class='ocrx_word' id='word_1_598' title='bbox 1178 5579 1298 5652; x_wconf 85' lang='lat' dir='ltr'><strong>cap.</strong></span> <span class='ocrx_word' id='word_1_599' title='bbox 1329 5579 1382 5634; x_wconf 90' lang='lat'><strong>5.</strong></span> <span class='ocrx_word' id='word_1_600' title='bbox 1431 5580 1585 5636; x_wconf 76' lang='lat' dir='ltr'><strong>Varr.</strong></span> <span class='ocrx_word' id='word_1_601' title='bbox 1608 5595 1667 5634; x_wconf 76' lang='lat' dir='ltr'><strong>1v</strong></span> <span class='ocrx_word' id='word_1_602' title='bbox 1697 5581 1763 5636; x_wconf 86' lang='lat' dir='ltr'><strong>de</strong></span> <span class='ocrx_word' id='word_1_603' title='bbox 1795 5581 1945 5651; x_wconf 86' lang='lat' dir='ltr'><strong>Ling.</strong></span> 
     </span>
    </p>
   </div>
   <div class='ocr_carea' id='block_1_93' title="bbox 356 5652 867 5719">
    <p class='ocr_par' dir='ltr' id='par_1_93' title="bbox 356 5652 867 5719">
     <span class='ocr_line' id='line_1_93' title="bbox 356 5652 867 5719; baseline -0.012 -6"><span class='ocrx_word' id='word_1_604' title='bbox 356 5657 509 5719; x_wconf 83' lang='lat' dir='ltr'><strong>Lat.,</strong></span> <span class='ocrx_word' id='word_1_605' title='bbox 531 5652 663 5711; x_wconf 85' lang='lat' dir='ltr'><strong>dict.</strong></span> <span class='ocrx_word' id='word_1_606' title='bbox 682 5652 867 5707; x_wconf 85' lang='lat' dir='ltr'><strong>Terra.</strong></span> 
     </span>
    </p>
   </div>
   <div class='ocr_carea' id='block_1_94' title="bbox 435 5722 1775 5793">
    <p class='ocr_par' dir='ltr' id='par_1_94' title="bbox 435 5722 1775 5793">
     <span class='ocr_line' id='line_1_94' title="bbox 435 5722 1775 5793; baseline -0.004 -10"><span class='ocrx_word' id='word_1_607' title='bbox 435 5723 561 5783; x_wconf 78' lang='lat'><strong>555.</strong></span> <span class='ocrx_word' id='word_1_608' title='bbox 596 5726 671 5780; x_wconf 78' lang='lat' dir='ltr'><strong>Ex</strong></span> <span class='ocrx_word' id='word_1_609' title='bbox 693 5724 890 5793; x_wconf 74' lang='lat' dir='ltr'><strong>Agnet.</strong></span> <span class='ocrx_word' id='word_1_610' title='bbox 915 5722 1003 5790; x_wconf 91' lang='lat' dir='ltr'><strong>qui</strong></span> <span class='ocrx_word' id='word_1_611' title='bbox 1032 5722 1179 5778; x_wconf 87' lang='lat' dir='ltr'><strong>addit</strong></span> <span class='ocrx_word' id='word_1_612' title='bbox 1205 5723 1470 5793; x_wconf 79' lang='lat' dir='ltr'><strong>temperies</strong></span> <span class='ocrx_word' id='word_1_613' title='bbox 1493 5734 1775 5779; x_wconf 80' lang='lat' dir='ltr'><strong>ventorum.</strong></span> 
     </span>
    </p>
   </div>
   <div class='ocr_carea' id='block_1_95' title="bbox 434 5794 2034 5895">
    <p class='ocr_par' dir='ltr' id='par_1_95' title="bbox 434 5794 2034 5895">
     <span class='ocr_line' id='line_1_95' title="bbox 434 5794 2034 5895; baseline -0.004 -40"><span class='ocrx_word' id='word_1_614' title='bbox 434 5796 559 5855; x_wconf 73' lang='lat'><strong>554.</strong></span> <span class='ocrx_word' id='word_1_615' title='bbox 586 5797 667 5854; x_wconf 79' lang='lat' dir='ltr'><strong>Ex</strong></span> <span class='ocrx_word' id='word_1_616' title='bbox 691 5795 845 5853; x_wconf 81' lang='lat' dir='ltr'><strong>Serv.</strong></span> <span class='ocrx_word' id='word_1_617' title='bbox 880 5795 946 5850; x_wconf 88' lang='lat' dir='ltr'><strong>ad</strong></span> <span class='ocrx_word' id='word_1_618' title='bbox 975 5794 1055 5849; x_wconf 91' lang='lat' dir='ltr'><strong>ill.</strong></span> <span class='ocrx_word' id='word_1_619' title='bbox 1107 5795 1292 5866; x_wconf 84' lang='lat' dir='ltr'><strong>Eclog.</strong></span> <span class='ocrx_word' id='word_1_620' title='bbox 1334 5794 1388 5862; x_wconf 81' lang='lat'><strong>7,</strong></span> <span class='ocrx_word' id='word_1_621' title='bbox 1417 5794 1728 5867; x_wconf 80' lang='lat' dir='ltr'><strong>Timidisque</strong></span> <span class='ocrx_word' id='word_1_622' title='bbox 1766 5808 1951 5867; x_wconf 81' lang='lat' dir='ltr'><strong>super-</strong></span> <span class='ocrx_word' id='word_1_623' title='bbox 2004 5864 2034 5895; x_wconf 38' lang='grc' dir='ltr'>δ</span> 
     </span>
    </p>
   </div>
   <div class='ocr_carea' id='block_1_96' title="bbox 2068 3206 3662 3281">
    <p class='ocr_par' dir='ltr' id='par_1_96' title="bbox 2068 3206 3662 3281">
     <span class='ocr_line' id='line_1_96' title="bbox 2068 3206 3662 3281; baseline -0.012 -5"><span class='ocrx_word' id='word_1_624' title='bbox 2068 3220 2254 3276; x_wconf 90' lang='lat' dir='ltr'><strong>animo</strong></span> <span class='ocrx_word' id='word_1_625' title='bbox 2280 3216 2531 3281; x_wconf 89' lang='lat' dir='ltr'><strong>dicimus,</strong></span> <span class='ocrx_word' id='word_1_626' title='bbox 2562 3213 2769 3268; x_wconf 88' lang='lat' dir='ltr'><strong>tristem</strong></span> <span class='ocrx_word' id='word_1_627' title='bbox 2801 3216 3036 3280; x_wconf 88' lang='lat' dir='ltr'><strong>aspectu.</strong></span> <span class='ocrx_word' id='word_1_628' title='bbox 3068 3206 3200 3262; x_wconf 92' lang='lat' dir='ltr'><strong>Item</strong></span> <span class='ocrx_word' id='word_1_629' title='bbox 3239 3206 3493 3261; x_wconf 64' lang='lat' dir='ltr'><strong>maestitia</strong></span> <span class='ocrx_word' id='word_1_630' title='bbox 3524 3214 3662 3259; x_wconf 86' lang='lat' dir='ltr'><strong>tem-</strong></span> 
     </span>
    </p>
   </div>
   <div class='ocr_carea' id='block_1_97' title="bbox 2067 3297 3658 3383">
    <p class='ocr_par' dir='ltr' id='par_1_97' title="bbox 2067 3297 3658 3383">
     <span class='ocr_line' id='line_1_97' title="bbox 2067 3297 3658 3383; baseline -0.01 -16"><span class='ocrx_word' id='word_1_631' title='bbox 2067 3310 2216 3383; x_wconf 88' lang='lat' dir='ltr'><strong>poris</strong></span> <span class='ocrx_word' id='word_1_632' title='bbox 2244 3317 2346 3375; x_wconf 90' lang='lat' dir='ltr'><strong>est,</strong></span> <span class='ocrx_word' id='word_1_633' title='bbox 2370 3316 2425 3362; x_wconf 91' lang='lat' dir='ltr'><strong>et</strong></span> <span class='ocrx_word' id='word_1_634' title='bbox 2454 3307 2513 3361; x_wconf 87' lang='lat' dir='ltr'><strong>fit</strong></span> <span class='ocrx_word' id='word_1_635' title='bbox 2539 3303 2825 3374; x_wconf 87' lang='lat' dir='ltr'><strong>aliquando</strong></span> <span class='ocrx_word' id='word_1_636' title='bbox 2844 3318 2909 3358; x_wconf 77' lang='lat' dir='ltr'><strong>ex</strong></span> <span class='ocrx_word' id='word_1_637' title='bbox 2950 3301 3133 3370; x_wconf 89' lang='lat' dir='ltr'><strong>aliquo</strong></span> <span class='ocrx_word' id='word_1_638' title='bbox 3162 3297 3424 3354; x_wconf 88' lang='lat' dir='ltr'><strong>accidenti</strong></span> <span class='ocrx_word' id='word_1_639' title='bbox 3446 3297 3658 3353; x_wconf 89' lang='lat' dir='ltr'><strong>dolore.</strong></span> 
     </span>
    </p>
   </div>
   <div class='ocr_carea' id='block_1_98' title="bbox 2067 3396 3408 3465">
    <p class='ocr_par' dir='ltr' id='par_1_98' title="bbox 2067 3396 3408 3465">
     <span class='ocr_line' id='line_1_98' title="bbox 2067 3396 3408 3465; baseline -0.011 -6"><span class='ocrx_word' id='word_1_640' title='bbox 2067 3401 2311 3459; x_wconf 87' lang='lat' dir='ltr'><strong>Tristitia</strong></span> <span class='ocrx_word' id='word_1_641' title='bbox 2334 3413 2486 3465; x_wconf 90' lang='lat' dir='ltr'><strong>vero,</strong></span> <span class='ocrx_word' id='word_1_642' title='bbox 2518 3396 2703 3453; x_wconf 90' lang='lat' dir='ltr'><strong>vitium</strong></span> <span class='ocrx_word' id='word_1_643' title='bbox 2727 3402 2934 3449; x_wconf 86' lang='lat' dir='ltr'><strong>naturae</strong></span> <span class='ocrx_word' id='word_1_644' title='bbox 2963 3397 3281 3461; x_wconf 90' lang='lat' dir='ltr'><strong>perpetuum</strong></span> <span class='ocrx_word' id='word_1_645' title='bbox 3303 3398 3408 3445; x_wconf 89' lang='lat' dir='ltr'><strong>est.</strong></span> 
     </span>
    </p>
   </div>
   <div class='ocr_carea' id='block_1_99' title="bbox 2062 3502 3053 3586">
    <p class='ocr_par' dir='ltr' id='par_1_99' title="bbox 2062 3502 3053 3586">
     <span class='ocr_line' id='line_1_99' title="bbox 2062 3502 3053 3586; baseline -0.007 -19"><span class='ocrx_word' id='word_1_646' title='bbox 2062 3535 2080 3586; x_wconf 66' lang='grc' dir='ltr'>γ</span> <span class='ocrx_word' id='word_1_647' title='bbox 2684 3506 2761 3563; x_wconf 89' lang='lat' dir='ltr'><strong>De</strong></span> <span class='ocrx_word' id='word_1_648' title='bbox 2786 3506 2959 3561; x_wconf 87' lang='lat' dir='ltr'><strong>littera</strong></span> <span class='ocrx_word' id='word_1_649' title='bbox 2987 3502 3053 3560; x_wconf 70' lang='grc' dir='ltr'>ν.</span> 
     </span>
    </p>
   </div>
   <div class='ocr_carea' id='block_1_100' title="bbox 2136 3591 3665 3667">
    <p class='ocr_par' dir='ltr' id='par_1_100' title="bbox 2136 3591 3665 3667">
     <span class='ocr_line' id='line_1_100' title="bbox 2136 3591 3665 3667; baseline -0.01 -4"><span class='ocrx_word' id='word_1_650' title='bbox 2136 3607 2264 3663; x_wconf 87' lang='grc'>569.</span> <span class='ocrx_word' id='word_1_651' title='bbox 2292 3604 2435 3661; x_wconf 91' lang='lat' dir='ltr'><strong>Inter</strong></span> <span class='ocrx_word' id='word_1_652' title='bbox 2462 3601 2624 3656; x_wconf 87' lang='lat' dir='ltr'><strong>Vetus</strong></span> <span class='ocrx_word' id='word_1_653' title='bbox 2653 3607 2710 3654; x_wconf 93' lang='lat' dir='ltr'><strong>et</strong></span> <span class='ocrx_word' id='word_1_654' title='bbox 2737 3599 3028 3667; x_wconf 88' lang='lat' dir='ltr'><strong>antiquum.</strong></span> <span class='ocrx_word' id='word_1_655' title='bbox 3074 3594 3238 3651; x_wconf 86' lang='lat' dir='ltr'><strong>Vetus</strong></span> <span class='ocrx_word' id='word_1_656' title='bbox 3264 3591 3419 3650; x_wconf 87' lang='lat' dir='ltr'><strong>annis</strong></span> <span class='ocrx_word' id='word_1_657' title='bbox 3443 3603 3665 3649; x_wconf 84' lang='lat' dir='ltr'><strong>enume-</strong></span> 
     </span>
    </p>
   </div>
   <div class='ocr_carea' id='block_1_101' title="bbox 2064 3690 2807 3766">
    <p class='ocr_par' dir='ltr' id='par_1_101' title="bbox 2064 3690 2807 3766">
     <span class='ocr_line' id='line_1_101' title="bbox 2064 3690 2807 3766; baseline -0.02 -8"><span class='ocrx_word' id='word_1_658' title='bbox 2064 3710 2240 3766; x_wconf 88' lang='lat' dir='ltr'><strong>ratur,</strong></span> <span class='ocrx_word' id='word_1_659' title='bbox 2266 3697 2541 3766; x_wconf 88' lang='lat' dir='ltr'><strong>antiquum</strong></span> <span class='ocrx_word' id='word_1_660' title='bbox 2571 3690 2807 3747; x_wconf 75' lang='lat' dir='ltr'><strong>saeculis.</strong></span> 
     </span>
    </p>
   </div>
   <div class='ocr_carea' id='block_1_102' title="bbox 2138 3772 3664 3863">
    <p class='ocr_par' dir='ltr' id='par_1_102' title="bbox 2138 3772 3664 3863">
     <span class='ocr_line' id='line_1_102' title="bbox 2138 3772 3664 3863; baseline -0.01 -18"><span class='ocrx_word' id='word_1_661' title='bbox 2138 3794 2245 3863; x_wconf 74' lang='lat'><strong>72</strong></span> <span class='ocrx_word' id='word_1_662' title='bbox 2276 3788 2401 3844; x_wconf 88' lang='lat'><strong>570.</strong></span> <span class='ocrx_word' id='word_1_663' title='bbox 2427 3786 2570 3841; x_wconf 88' lang='lat' dir='ltr'><strong>Inter</strong></span> <span class='ocrx_word' id='word_1_664' title='bbox 2602 3781 2856 3837; x_wconf 87' lang='lat' dir='ltr'><strong>Virtutem</strong></span> <span class='ocrx_word' id='word_1_665' title='bbox 2898 3786 2953 3834; x_wconf 91' lang='lat' dir='ltr'><strong>et</strong></span> <span class='ocrx_word' id='word_1_666' title='bbox 2993 3775 3371 3848; x_wconf 78' lang='lat' dir='ltr'><strong>fortitudinem.</strong></span> <span class='ocrx_word' id='word_1_667' title='bbox 3412 3772 3589 3832; x_wconf 61' lang='lat' dir='ltr'><strong>Virtus</strong></span> <span class='ocrx_word' id='word_1_668' title='bbox 3610 3773 3664 3829; x_wconf 90' lang='lat' dir='ltr'><strong>in</strong></span> 
     </span>
    </p>
   </div>
   <div class='ocr_carea' id='block_1_103' title="bbox 2064 3864 3666 3951">
    <p class='ocr_par' dir='ltr' id='par_1_103' title="bbox 2064 3864 3666 3951">
     <span class='ocr_line' id='line_1_103' title="bbox 2064 3864 3666 3951; baseline -0.014 -10"><span class='ocrx_word' id='word_1_669' title='bbox 2064 3884 2228 3940; x_wconf 90' lang='lat' dir='ltr'><strong>animi</strong></span> <span class='ocrx_word' id='word_1_670' title='bbox 2278 3882 2460 3951; x_wconf 89' lang='lat' dir='ltr'><strong>vigore</strong></span> <span class='ocrx_word' id='word_1_671' title='bbox 2508 3887 2565 3933; x_wconf 93' lang='lat' dir='ltr'><strong>et</strong></span> <span class='ocrx_word' id='word_1_672' title='bbox 2596 3873 2781 3930; x_wconf 88' lang='lat' dir='ltr'><strong>habitu</strong></span> <span class='ocrx_word' id='word_1_673' title='bbox 2824 3878 2930 3939; x_wconf 88' lang='lat' dir='ltr'><strong>est,</strong></span> <span class='ocrx_word' id='word_1_674' title='bbox 2962 3867 3115 3938; x_wconf 90' lang='lat' dir='ltr'><strong>cujus</strong></span> <span class='ocrx_word' id='word_1_675' title='bbox 3153 3881 3278 3937; x_wconf 84' lang='lat' dir='ltr'><strong>pars</strong></span> <span class='ocrx_word' id='word_1_676' title='bbox 3300 3875 3384 3922; x_wconf 88' lang='lat' dir='ltr'><strong>est</strong></span> <span class='ocrx_word' id='word_1_677' title='bbox 3405 3864 3666 3921; x_wconf 86' lang='lat' dir='ltr'><strong>fortitudo</strong></span> 
     </span>
    </p>
   </div>
   <div class='ocr_carea' id='block_1_104' title="bbox 2065 3954 3666 4037">
    <p class='ocr_par' dir='ltr' id='par_1_104' title="bbox 2065 3954 3666 4037">
     <span class='ocr_line' id='line_1_104' title="bbox 2065 3954 3666 4037; baseline -0.014 -5"><span class='ocrx_word' id='word_1_678' title='bbox 2065 3974 2288 4032; x_wconf 88' lang='lat' dir='ltr'><strong>mentis.</strong></span> <span class='ocrx_word' id='word_1_679' title='bbox 2331 3969 2465 4037; x_wconf 75' lang='lat' dir='ltr'><strong>Quae</strong></span> <span class='ocrx_word' id='word_1_680' title='bbox 2509 3981 2576 4023; x_wconf 83' lang='lat' dir='ltr'><strong>ex</strong></span> <span class='ocrx_word' id='word_1_681' title='bbox 2608 3972 2836 4035; x_wconf 88' lang='lat' dir='ltr'><strong>quatuor</strong></span> <span class='ocrx_word' id='word_1_682' title='bbox 2869 3957 3157 4014; x_wconf 86' lang='lat' dir='ltr'><strong>virtutibus</strong></span> <span class='ocrx_word' id='word_1_683' title='bbox 3188 3971 3291 4011; x_wconf 87' lang='lat' dir='ltr'><strong>una</strong></span> <span class='ocrx_word' id='word_1_684' title='bbox 3322 3965 3428 4026; x_wconf 71' lang='lat' dir='ltr'><strong>esr,</strong></span> <span class='ocrx_word' id='word_1_685' title='bbox 3462 3954 3587 4009; x_wconf 85' lang='lat' dir='ltr'><strong>licet</strong></span> <span class='ocrx_word' id='word_1_686' title='bbox 3609 3963 3666 4011; x_wconf 91' lang='lat' dir='ltr'><strong>et</strong></span> 
     </span>
    </p>
   </div>
   <div class='ocr_carea' id='block_1_105' title="bbox 2066 4055 3064 4139">
    <p class='ocr_par' dir='ltr' id='par_1_105' title="bbox 2066 4055 3064 4139">
     <span class='ocr_line' id='line_1_105' title="bbox 2066 4055 3064 4139; baseline -0.023 -11"><span class='ocrx_word' id='word_1_687' title='bbox 2066 4067 2313 4139; x_wconf 89' lang='lat' dir='ltr'><strong>corporis</strong></span> <span class='ocrx_word' id='word_1_688' title='bbox 2344 4062 2510 4119; x_wconf 90' lang='lat' dir='ltr'><strong>robur</strong></span> <span class='ocrx_word' id='word_1_689' title='bbox 2535 4055 2792 4115; x_wconf 90' lang='lat' dir='ltr'><strong>fortitudo</strong></span> <span class='ocrx_word' id='word_1_690' title='bbox 2820 4065 3064 4109; x_wconf 88' lang='lat' dir='ltr'><strong>vocetur.</strong></span> 
     </span>
    </p>
   </div>
   <div class='ocr_carea' id='block_1_106' title="bbox 2140 4136 3666 4219">
    <p class='ocr_par' dir='ltr' id='par_1_106' title="bbox 2140 4136 3666 4219">
     <span class='ocr_line' id='line_1_106' title="bbox 2140 4136 3666 4219; baseline -0.017 0"><span class='ocrx_word' id='word_1_691' title='bbox 2140 4136 2268 4219; x_wconf 80' lang='lat'><strong>571.</strong></span> <span class='ocrx_word' id='word_1_692' title='bbox 2316 4157 2465 4213; x_wconf 90' lang='lat' dir='ltr'><strong>Inter</strong></span> <span class='ocrx_word' id='word_1_693' title='bbox 2524 4150 2804 4206; x_wconf 84' lang='lat' dir='ltr'><strong>Vecordem</strong></span> <span class='ocrx_word' id='word_1_694' title='bbox 2856 4154 2909 4201; x_wconf 92' lang='lat' dir='ltr'><strong>et</strong></span> <span class='ocrx_word' id='word_1_695' title='bbox 2952 4158 3229 4198; x_wconf 70' lang='lat' dir='ltr'><strong>sesamum.</strong></span> <span class='ocrx_word' id='word_1_696' title='bbox 3287 4139 3489 4196; x_wconf 82' lang='lat' dir='ltr'><strong>Vccors</strong></span> <span class='ocrx_word' id='word_1_697' title='bbox 3538 4136 3666 4194; x_wconf 88' lang='lat' dir='ltr'><strong>mali</strong></span> 
     </span>
    </p>
   </div>
   <div class='ocr_carea' id='block_1_107' title="bbox 2064 4232 3664 4321">
    <p class='ocr_par' dir='ltr' id='par_1_107' title="bbox 2064 4232 3664 4321">
     <span class='ocr_line' id='line_1_107' title="bbox 2064 4232 3664 4321; baseline -0.017 -8"><span class='ocrx_word' id='word_1_698' title='bbox 2064 4255 2270 4321; x_wconf 81' lang='lat' dir='ltr'><strong>cordis,</strong></span> <span class='ocrx_word' id='word_1_699' title='bbox 2300 4251 2441 4308; x_wconf 90' lang='lat' dir='ltr'><strong>sicut</strong></span> <span class='ocrx_word' id='word_1_700' title='bbox 2470 4260 2703 4302; x_wconf 89' lang='lat' dir='ltr'><strong>vesanus</strong></span> <span class='ocrx_word' id='word_1_701' title='bbox 2726 4256 2832 4297; x_wconf 91' lang='lat' dir='ltr'><strong>non</strong></span> <span class='ocrx_word' id='word_1_702' title='bbox 2856 4238 3023 4309; x_wconf 89' lang='lat' dir='ltr'><strong>probe</strong></span> <span class='ocrx_word' id='word_1_703' title='bbox 3046 4235 3067 4309; x_wconf 91' lang='lat'>[</span> <span class='ocrx_word' id='word_1_704' title='bbox 3087 4236 3171 4290; x_wconf 83' lang='lat' dir='ltr'><strong>At.</strong></span> <span class='ocrx_word' id='word_1_705' title='bbox 3198 4232 3452 4306; x_wconf 88' lang='lat' dir='ltr'><strong>proprie]</strong></span> <span class='ocrx_word' id='word_1_706' title='bbox 3476 4246 3664 4290; x_wconf 84' lang='lat' dir='ltr'><strong>sanus.</strong></span> 
     </span>
    </p>
   </div>
   <div class='ocr_carea' id='block_1_108' title="bbox 1981 4355 2415 4439">
    <p class='ocr_par' dir='ltr' id='par_1_108' title="bbox 1981 4355 2415 4439">
     <span class='ocr_line' id='line_1_108' title="bbox 1981 4355 2415 4439; baseline -0.014 -16"><span class='ocrx_word' id='word_1_707' title='bbox 1981 4355 2205 4439; x_wconf 9' lang='lat' dir='ltr'><strong>plvenit</strong></span> <span class='ocrx_word' id='word_1_708' title='bbox 2235 4363 2415 4439; x_wconf 75' lang='lat' dir='ltr'><strong>gle.</strong></span> 
     </span>
    </p>
   </div>
   <div class='ocr_carea' id='block_1_109' title="bbox 2142 4435 3640 4505">
    <p class='ocr_par' dir='ltr' id='par_1_109' title="bbox 2142 4435 3640 4505">
     <span class='ocr_line' id='line_1_109' title="bbox 2142 4435 3640 4505; baseline 0.013 -13"><span class='ocrx_word' id='word_1_709' title='bbox 2142 4435 2632 4505; x_wconf 65' lang='lat' dir='ltr'><strong>556.Vide_supra-</strong></span> <span class='ocrx_word' id='word_1_710' title='bbox 2785 4499 2797 4505; x_wconf 92' lang='lat'><em>_</em></span> <span class='ocrx_word' id='word_1_711' title='bbox 2914 4503 2921 4505; x_wconf 13' lang='grc' dir='ltr'>ξ</span> <span class='ocrx_word' id='word_1_712' title='bbox 3179 4492 3192 4505; x_wconf 94' lang='grc'><strong>.</strong></span> <span class='ocrx_word' id='word_1_713' title='bbox 3281 4500 3290 4505; x_wconf 84' lang='grc'><strong>.</strong></span> <span class='ocrx_word' id='word_1_714' title='bbox 3428 4498 3438 4505; x_wconf 87' lang='lat'><strong>.</strong></span> <span class='ocrx_word' id='word_1_715' title='bbox 3626 4488 3640 4500; x_wconf 76' lang='grc' dir='ltr'><strong><em>ο</em></strong></span> 
     </span>
    </p>
   </div>
   <div class='ocr_carea' id='block_1_110' title="bbox 2139 4498 3667 4572">
    <p class='ocr_par' dir='ltr' id='par_1_110' title="bbox 2139 4498 3667 4572">
     <span class='ocr_line' id='line_1_110' title="bbox 2139 4498 3667 4572; baseline -0.014 -8"><span class='ocrx_word' id='word_1_716' title='bbox 2139 4509 2264 4563; x_wconf 90' lang='grc'>557.</span> <span class='ocrx_word' id='word_1_717' title='bbox 2291 4506 2377 4562; x_wconf 83' lang='lat' dir='ltr'><strong>Al.</strong></span> <span class='ocrx_word' id='word_1_718' title='bbox 2408 4498 2540 4558; x_wconf 77' lang='lat' dir='ltr'><strong>Tum</strong></span> <span class='ocrx_word' id='word_1_719' title='bbox 2580 4499 2821 4572; x_wconf 85' lang='lat' dir='ltr'><strong>temporis</strong></span> <span class='ocrx_word' id='word_1_720' title='bbox 2850 4503 2922 4553; x_wconf 83' lang='lat' dir='ltr'><strong>est</strong></span> <span class='ocrx_word' id='word_1_721' title='bbox 2952 4498 3238 4567; x_wconf 73' lang='lat' dir='ltr'><strong>praesentis,</strong></span> <span class='ocrx_word' id='word_1_722' title='bbox 3274 4500 3395 4546; x_wconf 88' lang='lat' dir='ltr'><strong>tunc</strong></span> <span class='ocrx_word' id='word_1_723' title='bbox 3421 4498 3667 4561; x_wconf 62' lang='lat' dir='ltr'><strong>temporis</strong></span> 
     </span>
    </p>
   </div>
   <div class='ocr_carea' id='block_1_111' title="bbox 2096 4582 2356 4637">
    <p class='ocr_par' dir='ltr' id='par_1_111' title="bbox 2096 4582 2356 4637">
     <span class='ocr_line' id='line_1_111' title="bbox 2096 4582 2356 4637; baseline -0.023 -1"><span class='ocrx_word' id='word_1_724' title='bbox 2096 4582 2232 4637; x_wconf 87' lang='lat' dir='ltr'><strong>&#39;uturi</strong></span> <span class='ocrx_word' id='word_1_725' title='bbox 2261 4587 2356 4635; x_wconf 84' lang='lat' dir='ltr'><strong>est.</strong></span> 
     </span>
    </p>
   </div>
   <div class='ocr_carea' id='block_1_112' title="bbox 2067 4584 3558 4707">
    <p class='ocr_par' dir='ltr' id='par_1_112' title="bbox 2067 4584 3558 4707">
     <span class='ocr_line' id='line_1_112' title="bbox 2067 4584 3558 4707; baseline -0.015 2"><span class='ocrx_word' id='word_1_726' title='bbox 2067 4584 2384 4707; x_wconf 44' lang='lat' dir='ltr'><strong>ﬁngar</strong></span> <span class='ocrx_word' id='word_1_727' title='bbox 2403 4645 2558 4702; x_wconf 88' lang='lat' dir='ltr'><strong>Serv.</strong></span> <span class='ocrx_word' id='word_1_728' title='bbox 2586 4644 2654 4699; x_wconf 90' lang='lat' dir='ltr'><strong>ad</strong></span> <span class='ocrx_word' id='word_1_729' title='bbox 2686 4642 2763 4699; x_wconf 90' lang='lat' dir='ltr'><strong>ill.</strong></span> <span class='ocrx_word' id='word_1_730' title='bbox 2790 4656 2829 4695; x_wconf 88' lang='grc' dir='ltr'><strong>ιι</strong></span> <span class='ocrx_word' id='word_1_731' title='bbox 2860 4636 3010 4702; x_wconf 70' lang='grc' dir='ltr'><strong>Αιίιι..</strong></span> <span class='ocrx_word' id='word_1_732' title='bbox 3038 4638 3221 4692; x_wconf 85' lang='lat' dir='ltr'><strong>Testor</strong></span> <span class='ocrx_word' id='word_1_733' title='bbox 3244 4651 3433 4707; x_wconf 84' lang='lat' dir='ltr'><strong>numen</strong></span> <span class='ocrx_word' id='word_1_734' title='bbox 3462 4634 3558 4686; x_wconf 85' lang='lat' dir='ltr'><strong>ait.</strong></span> 
     </span>
    </p>
   </div>
   <div class='ocr_carea' id='block_1_113' title="bbox 2138 4704 3669 4786">
    <p class='ocr_par' dir='ltr' id='par_1_113' title="bbox 2138 4704 3669 4786">
     <span class='ocr_line' id='line_1_113' title="bbox 2138 4704 3669 4786; baseline -0.013 -8"><span class='ocrx_word' id='word_1_735' title='bbox 2138 4704 2277 4778; x_wconf 64' lang='lat' dir='ltr'><strong>laid.</strong></span> <span class='ocrx_word' id='word_1_736' title='bbox 2302 4720 2356 4774; x_wconf 92' lang='lat' dir='ltr'><strong>In</strong></span> <span class='ocrx_word' id='word_1_737' title='bbox 2381 4716 2647 4774; x_wconf 86' lang='lat' dir='ltr'><strong>nonnullis</strong></span> <span class='ocrx_word' id='word_1_738' title='bbox 2670 4714 2797 4767; x_wconf 81' lang='lat' dir='ltr'><strong>Mss.</strong></span> <span class='ocrx_word' id='word_1_739' title='bbox 2824 4721 2907 4766; x_wconf 85' lang='lat' dir='ltr'><strong>est</strong></span> <span class='ocrx_word' id='word_1_740' title='bbox 2937 4726 2953 4765; x_wconf 93' lang='lat'><strong>:</strong></span> <span class='ocrx_word' id='word_1_741' title='bbox 2980 4708 3125 4763; x_wconf 89' lang='lat' dir='ltr'><strong>Inter</strong></span> <span class='ocrx_word' id='word_1_742' title='bbox 3159 4706 3436 4786; x_wconf 76' lang='lat' dir='ltr'><strong>contestari</strong></span> <span class='ocrx_word' id='word_1_743' title='bbox 3458 4713 3505 4758; x_wconf 90' lang='lat' dir='ltr'><strong>et</strong></span> <span class='ocrx_word' id='word_1_744' title='bbox 3532 4704 3669 4786; x_wconf 78' lang='lat' dir='ltr'><strong>obte-</strong></span> 
     </span>
    </p>
   </div>
   <div class='ocr_carea' id='block_1_114' title="bbox 2066 4779 3661 4855">
    <p class='ocr_par' dir='ltr' id='par_1_114' title="bbox 2066 4779 3661 4855">
     <span class='ocr_line' id='line_1_114' title="bbox 2066 4779 3661 4855; baseline -0.015 -3"><span class='ocrx_word' id='word_1_745' title='bbox 2066 4797 2196 4852; x_wconf 86' lang='lat' dir='ltr'><strong>stari</strong></span> <span class='ocrx_word' id='word_1_746' title='bbox 2232 4794 2327 4847; x_wconf 87' lang='lat' dir='ltr'><strong>Itoc</strong></span> <span class='ocrx_word' id='word_1_747' title='bbox 2359 4792 2601 4851; x_wconf 81' lang='lat' dir='ltr'><strong>interest,</strong></span> <span class='ocrx_word' id='word_1_748' title='bbox 2644 4785 2783 4855; x_wconf 85' lang='lat' dir='ltr'><strong>quod</strong></span> <span class='ocrx_word' id='word_1_749' title='bbox 2821 4790 3168 4836; x_wconf 83' lang='lat' dir='ltr'><strong>contestamur</strong></span> <span class='ocrx_word' id='word_1_750' title='bbox 3207 4779 3276 4834; x_wconf 90' lang='lat' dir='ltr'><strong>ad</strong></span> <span class='ocrx_word' id='word_1_751' title='bbox 3307 4779 3661 4841; x_wconf 81' lang='lat' dir='ltr'><strong>aduersarios,</strong></span> 
     </span>
    </p>
   </div>
   <div class='ocr_carea' id='block_1_115' title="bbox 2064 4862 3636 4926">
    <p class='ocr_par' dir='ltr' id='par_1_115' title="bbox 2064 4862 3636 4926">
     <span class='ocr_line' id='line_1_115' title="bbox 2064 4862 3636 4926; baseline -0.008 -3"><span class='ocrx_word' id='word_1_752' title='bbox 2064 4869 2376 4923; x_wconf 84' lang='lat' dir='ltr'><strong>obtestamur</strong></span> <span class='ocrx_word' id='word_1_753' title='bbox 2398 4862 2609 4913; x_wconf 86' lang='lat' dir='ltr'><strong>amicos.</strong></span> <span class='ocrx_word' id='word_1_754' title='bbox 2643 4862 2818 4911; x_wconf 75' lang='lat' dir='ltr'><strong>Anev.</strong></span> <span class='ocrx_word' id='word_1_755' title='bbox 3014 4923 3023 4926; x_wconf 90' lang='lat'><strong>_</strong></span> <span class='ocrx_word' id='word_1_756' title='bbox 3133 4923 3143 4926; x_wconf 91' lang='lat'>_</span> <span class='ocrx_word' id='word_1_757' title='bbox 3190 4923 3200 4926; x_wconf 76' lang='lat'><strong><em>_</em></strong></span> <span class='ocrx_word' id='word_1_758' title='bbox 3624 4916 3636 4926; x_wconf 85' lang='lat'>_</span> 
     </span>
    </p>
   </div>
   <div class='ocr_carea' id='block_1_116' title="bbox 2137 4923 3665 4998">
    <p class='ocr_par' dir='ltr' id='par_1_116' title="bbox 2137 4923 3665 4998">
     <span class='ocr_line' id='line_1_116' title="bbox 2137 4923 3665 4998; baseline -0.018 -5"><span class='ocrx_word' id='word_1_759' title='bbox 2137 4936 2265 4993; x_wconf 76' lang='lat'><strong>562.</strong></span> <span class='ocrx_word' id='word_1_760' title='bbox 2287 4932 2464 4989; x_wconf 84' lang='lat' dir='ltr'><strong>Caris.</strong></span> <span class='ocrx_word' id='word_1_761' title='bbox 2493 4928 2706 4985; x_wconf 86' lang='lat' dir='ltr'><strong>brevius</strong></span> <span class='ocrx_word' id='word_1_762' title='bbox 2725 4945 2738 4981; x_wconf 91' lang='lat'><strong>:</strong></span> <span class='ocrx_word' id='word_1_763' title='bbox 2757 4926 2983 4998; x_wconf 73' lang='lat' dir='ltr'><strong>Tergttm</strong></span> <span class='ocrx_word' id='word_1_764' title='bbox 3000 4923 3249 4998; x_wconf 48' lang='lat' dir='ltr'><strong>hominis,</strong></span> <span class='ocrx_word' id='word_1_765' title='bbox 3270 4923 3665 4998; x_wconf 39' lang='lat' dir='ltr'><strong>tergus-pecoris</strong></span> 
     </span>
    </p>
   </div>
   <div class='ocr_carea' id='block_1_117' title="bbox 2067 4990 3661 5067">
    <p class='ocr_par' dir='ltr' id='par_1_117' title="bbox 2067 4990 3661 5067">
     <span class='ocr_line' id='line_1_117' title="bbox 2067 4990 3661 5067; baseline -0.018 -2"><span class='ocrx_word' id='word_1_766' title='bbox 2067 4990 2381 5065; x_wconf 79' lang='lat' dir='ltr'><strong>nominatur.</strong></span> <span class='ocrx_word' id='word_1_767' title='bbox 2411 5002 2529 5056; x_wconf 67' lang='grc' dir='ltr'>νισι.</span> <span class='ocrx_word' id='word_1_768' title='bbox 2557 5001 2712 5054; x_wconf 88' lang='lat' dir='ltr'><strong>Serv.</strong></span> <span class='ocrx_word' id='word_1_769' title='bbox 2733 4996 2804 5052; x_wconf 90' lang='lat' dir='ltr'><strong>ad</strong></span> <span class='ocrx_word' id='word_1_770' title='bbox 2823 4990 2949 5067; x_wconf 73' lang='lat' dir='ltr'><strong>illud</strong></span> <span class='ocrx_word' id='word_1_771' title='bbox 2974 4994 3132 5064; x_wconf 61' lang='lat' dir='ltr'><strong>Em,</strong></span> <span class='ocrx_word' id='word_1_772' title='bbox 3152 4990 3382 5067; x_wconf 74' lang='lat' dir='ltr'><strong>&#39;I‘ergora</strong></span> <span class='ocrx_word' id='word_1_773' title='bbox 3404 4990 3661 5067; x_wconf 75' lang='lat' dir='ltr'><strong>diripiunt</strong></span> 
     </span>
    </p>
   </div>
   <div class='ocr_carea' id='block_1_118' title="bbox 2065 5057 3664 5139">
    <p class='ocr_par' dir='ltr' id='par_1_118' title="bbox 2065 5057 3664 5139">
     <span class='ocr_line' id='line_1_118' title="bbox 2065 5057 3664 5139; baseline -0.014 -5"><span class='ocrx_word' id='word_1_774' title='bbox 2065 5057 2405 5136; x_wconf 59' lang='grc' dir='ltr'><strong>ἕᾶέὶὶῖέῗὲὺδ.</strong></span> <span class='ocrx_word' id='word_1_775' title='bbox 2455 5072 2727 5126; x_wconf 85' lang='lat' dir='ltr'><strong>Tumultus</strong></span> <span class='ocrx_word' id='word_1_776' title='bbox 2757 5066 3032 5139; x_wconf 83' lang='lat' dir='ltr'><strong>propriam</strong></span> <span class='ocrx_word' id='word_1_777' title='bbox 3062 5057 3511 5136; x_wconf 72' lang='lat' dir='ltr'><strong>signiﬁcationem</strong></span> <span class='ocrx_word' id='word_1_778' title='bbox 3541 5057 3664 5139; x_wconf 80' lang='lat' dir='ltr'><strong>vide</strong></span> 
     </span>
    </p>
   </div>
   <div class='ocr_carea' id='block_1_119' title="bbox 2064 5137 3662 5222">
    <p class='ocr_par' dir='ltr' id='par_1_119' title="bbox 2064 5137 3662 5222">
     <span class='ocr_line' id='line_1_119' title="bbox 2064 5137 3662 5222; baseline -0.017 -14"><span class='ocrx_word' id='word_1_779' title='bbox 2064 5152 2209 5222; x_wconf 88' lang='lat' dir='ltr'><strong>apud</strong></span> <span class='ocrx_word' id='word_1_780' title='bbox 2254 5150 2407 5222; x_wconf 86' lang='lat' dir='ltr'><strong>Serv.</strong></span> <span class='ocrx_word' id='word_1_781' title='bbox 2438 5144 2506 5222; x_wconf 73' lang='lat' dir='ltr'><strong>ad</strong></span> <span class='ocrx_word' id='word_1_782' title='bbox 2553 5142 2629 5196; x_wconf 90' lang='lat' dir='ltr'><strong>ill.</strong></span> <span class='ocrx_word' id='word_1_783' title='bbox 2663 5137 2872 5206; x_wconf 65' lang='lat' dir='ltr'><strong>tlEn.,7</strong></span> <span class='ocrx_word' id='word_1_784' title='bbox 2889 5138 2958 5195; x_wconf 91' lang='lat' dir='ltr'><strong>Ut</strong></span> <span class='ocrx_word' id='word_1_785' title='bbox 2991 5138 3111 5192; x_wconf 87' lang='lat' dir='ltr'><strong>belli</strong></span> <span class='ocrx_word' id='word_1_786' title='bbox 3144 5138 3366 5204; x_wconf 87' lang='lat' dir='ltr'><strong>signum,</strong></span> <span class='ocrx_word' id='word_1_787' title='bbox 3405 5143 3521 5193; x_wconf 86' lang='lat' dir='ltr'><strong>vui,</strong></span> <span class='ocrx_word' id='word_1_788' title='bbox 3553 5137 3662 5182; x_wconf 90' lang='lat' dir='ltr'><strong>etc.</strong></span> 
     </span>
    </p>
   </div>
   <div class='ocr_carea' id='block_1_120' title="bbox 2067 5214 3402 5287">
    <p class='ocr_par' dir='ltr' id='par_1_120' title="bbox 2067 5214 3402 5287">
     <span class='ocr_line' id='line_1_120' title="bbox 2067 5214 3402 5287; baseline 0.003 -7"><span class='ocrx_word' id='word_1_789' title='bbox 2067 5214 3013 5287; x_wconf 62' lang='lat' dir='ltr'><strong>eiittud.vu.Iraevosatruttnaj-</strong></span> <span class='ocrx_word' id='word_1_790' title='bbox 3148 5278 3160 5287; x_wconf 90' lang='lat'><strong>.</strong></span> <span class='ocrx_word' id='word_1_791' title='bbox 3238 5272 3271 5285; x_wconf 95' lang='lat'><strong>..</strong></span> <span class='ocrx_word' id='word_1_792' title='bbox 3369 5271 3402 5287; x_wconf 91' lang='lat'><strong>..</strong></span> 
     </span>
    </p>
   </div>
   <div class='ocr_carea' id='block_1_121' title="bbox 2141 5272 3667 5349">
    <p class='ocr_par' dir='ltr' id='par_1_121' title="bbox 2141 5272 3667 5349">
     <span class='ocr_line' id='line_1_121' title="bbox 2141 5272 3667 5349; baseline -0.014 -1"><span class='ocrx_word' id='word_1_793' title='bbox 2141 5272 2312 5349; x_wconf 59' lang='lat' dir='ltr'><strong>iiii.&quot;</strong></span> <span class='ocrx_word' id='word_1_794' title='bbox 2329 5289 2406 5343; x_wconf 91' lang='lat' dir='ltr'><strong>De</strong></span> <span class='ocrx_word' id='word_1_795' title='bbox 2424 5272 2651 5342; x_wconf 70' lang='grc' dir='ltr'>ἰωῑιιιιιιι</span> <span class='ocrx_word' id='word_1_796' title='bbox 2672 5272 2927 5340; x_wconf 49' lang='lat' dir='ltr'><strong>lusit-18in</strong></span> <span class='ocrx_word' id='word_1_797' title='bbox 2950 5272 3303 5349; x_wconf 83' lang='lat' dir='ltr'><strong>Etymologiis</strong></span> <span class='ocrx_word' id='word_1_798' title='bbox 3317 5314 3335 5341; x_wconf 85' lang='lat'><strong>,</strong></span> <span class='ocrx_word' id='word_1_799' title='bbox 3368 5272 3462 5329; x_wconf 90' lang='lat' dir='ltr'><strong>lib.</strong></span> <span class='ocrx_word' id='word_1_800' title='bbox 3491 5284 3625 5327; x_wconf 76' lang='lat' dir='ltr'><strong>mu</strong></span> <span class='ocrx_word' id='word_1_801' title='bbox 3646 5308 3667 5337; x_wconf 88' lang='lat'><strong>,</strong></span> 
     </span>
    </p>
   </div>
   <div class='ocr_carea' id='block_1_122' title="bbox 2102 5363 2479 5421">
    <p class='ocr_par' dir='ltr' id='par_1_122' title="bbox 2102 5363 2479 5421">
     <span class='ocr_line' id='line_1_122' title="bbox 2102 5363 2479 5421; baseline -0.016 1"><span class='ocrx_word' id='word_1_802' title='bbox 2102 5381 2191 5421; x_wconf 89' lang='lat' dir='ltr'><strong>an.</strong></span> <span class='ocrx_word' id='word_1_803' title='bbox 2227 5366 2277 5417; x_wconf 85' lang='lat' dir='ltr'><strong>I.</strong></span> <span class='ocrx_word' id='word_1_804' title='bbox 2301 5363 2479 5417; x_wconf 81' lang='lat' dir='ltr'><strong>Anlv.</strong></span> 
     </span>
    </p>
   </div>
   <div class='ocr_carea' id='block_1_123' title="bbox 2066 5384 3666 5497">
    <p class='ocr_par' dir='ltr' id='par_1_123' title="bbox 2066 5384 3666 5497">
     <span class='ocr_line' id='line_1_123' title="bbox 2066 5384 3666 5497; baseline -0.014 -4"><span class='ocrx_word' id='word_1_805' title='bbox 2066 5384 2277 5493; x_wconf 52' lang='lat'><strong>“[5591:</strong></span> <span class='ocrx_word' id='word_1_806' title='bbox 2296 5384 2595 5487; x_wconf 40' lang='lat' dir='ltr'><strong>ﬁf‘E&#39;onto</strong></span> <span class='ocrx_word' id='word_1_807' title='bbox 2619 5431 2727 5485; x_wconf 87' lang='lat' dir='ltr'><strong>sic:</strong></span> <span class='ocrx_word' id='word_1_808' title='bbox 2748 5426 3031 5493; x_wconf 76' lang='lat' dir='ltr'><strong>Antiquam</strong></span> <span class='ocrx_word' id='word_1_809' title='bbox 3061 5428 3157 5497; x_wconf 60' lang='lat' dir='ltr'><strong>est,</strong></span> <span class='ocrx_word' id='word_1_810' title='bbox 3181 5417 3319 5490; x_wconf 84' lang='lat' dir='ltr'><strong>quod</strong></span> <span class='ocrx_word' id='word_1_811' title='bbox 3341 5418 3553 5497; x_wconf 72' lang='lat' dir='ltr'><strong>excessit</strong></span> <span class='ocrx_word' id='word_1_812' title='bbox 3577 5432 3666 5497; x_wconf 42' lang='lat' dir='ltr'><strong>pla-</strong></span> 
     </span>
    </p>
   </div>
   <div class='ocr_carea' id='block_1_124' title="bbox 2065 5485 3665 5562">
    <p class='ocr_par' dir='ltr' id='par_1_124' title="bbox 2065 5485 3665 5562">
     <span class='ocr_line' id='line_1_124' title="bbox 2065 5485 3665 5562; baseline -0.015 0"><span class='ocrx_word' id='word_1_813' title='bbox 2065 5485 2203 5562; x_wconf 68' lang='grc' dir='ltr'><strong>(νυῖιὶ</strong></span> <span class='ocrx_word' id='word_1_814' title='bbox 2215 5485 2545 5561; x_wconf 68' lang='lat' dir='ltr'><strong>memoriam.</strong></span> <span class='ocrx_word' id='word_1_815' title='bbox 2574 5485 2738 5556; x_wconf 71' lang='lat' dir='ltr'><strong>Vetus</strong></span> <span class='ocrx_word' id='word_1_816' title='bbox 2758 5485 3013 5553; x_wconf 77' lang='lat' dir='ltr'><strong>annorum</strong></span> <span class='ocrx_word' id='word_1_817' title='bbox 3037 5485 3320 5546; x_wconf 80' lang='lat' dir='ltr'><strong>multorum</strong></span> <span class='ocrx_word' id='word_1_818' title='bbox 3345 5489 3498 5543; x_wconf 84' lang='lat' dir='ltr'><strong>sentit</strong></span> <span class='ocrx_word' id='word_1_819' title='bbox 3522 5485 3665 5540; x_wconf 88' lang='lat' dir='ltr'><strong>utili-</strong></span> 
     </span>
    </p>
   </div>
   <div class='ocr_carea' id='block_1_125' title="bbox 2065 5588 3451 5713">
    <p class='ocr_par' dir='ltr' id='par_1_125' title="bbox 2065 5588 3451 5713">
     <span class='ocr_line' id='line_1_125' title="bbox 2065 5588 2244 5634; baseline -0.017 0"><span class='ocrx_word' id='word_1_820' title='bbox 2065 5588 2244 5634; x_wconf 79' lang='lat' dir='ltr'><strong>tatem.</strong></span> 
     </span>
     <span class='ocr_line' id='line_1_126' title="bbox 2139 5638 3451 5713; baseline -0.01 -10"><span class='ocrx_word' id='word_1_821' title='bbox 2139 5651 2264 5703; x_wconf 79' lang='grc'>571.</span> <span class='ocrx_word' id='word_1_822' title='bbox 2292 5647 2381 5704; x_wconf 88' lang='lat' dir='ltr'><strong>Sic</strong></span> <span class='ocrx_word' id='word_1_823' title='bbox 2410 5647 2558 5703; x_wconf 81' lang='lat' dir='ltr'><strong>Fest.</strong></span> <span class='ocrx_word' id='word_1_824' title='bbox 2583 5644 2712 5699; x_wconf 92' lang='lat' dir='ltr'><strong>dict.</strong></span> <span class='ocrx_word' id='word_1_825' title='bbox 2751 5638 2964 5697; x_wconf 83' lang='lat' dir='ltr'><strong>Vecors.</strong></span> <span class='ocrx_word' id='word_1_826' title='bbox 3440 5702 3451 5713; x_wconf 43' lang='lat'><em>.</em></span> 
     </span>
    </p>
   </div>
   <div class='ocr_carea' id='block_1_126' title="bbox 2140 5697 3666 5785">
    <p class='ocr_par' dir='ltr' id='par_1_126' title="bbox 2140 5697 3666 5785">
     <span class='ocr_line' id='line_1_127' title="bbox 2140 5697 3666 5785; baseline -0.016 -11"><span class='ocrx_word' id='word_1_827' title='bbox 2140 5697 2278 5775; x_wconf 50' lang='lat' dir='ltr'><strong>Ibid.</strong></span> <span class='ocrx_word' id='word_1_828' title='bbox 2293 5697 2387 5773; x_wconf 57' lang='lat' dir='ltr'><strong>Ile</strong></span> <span class='ocrx_word' id='word_1_829' title='bbox 2409 5697 2634 5773; x_wconf 70' lang='lat' dir='ltr'><strong>vocibus</strong></span> <span class='ocrx_word' id='word_1_830' title='bbox 2650 5697 2771 5785; x_wconf 66' lang='lat' dir='ltr'><strong>qna:</strong></span> <span class='ocrx_word' id='word_1_831' title='bbox 2791 5729 2860 5770; x_wconf 77' lang='lat' dir='ltr'><strong>ex</strong></span> <span class='ocrx_word' id='word_1_832' title='bbox 2878 5730 2937 5769; x_wconf 80' lang='lat' dir='ltr'><strong>ue</strong></span> <span class='ocrx_word' id='word_1_833' title='bbox 2956 5715 3388 5785; x_wconf 58' lang='lat' dir='ltr'><strong>componuutur,</strong></span> <span class='ocrx_word' id='word_1_834' title='bbox 3402 5697 3666 5785; x_wconf 58' lang='lat' dir='ltr'><strong>videndus</strong></span> 
     </span>
    </p>
   </div>
   <div class='ocr_carea' id='block_1_127' title="bbox 2066 5773 3665 5859">
    <p class='ocr_par' dir='ltr' id='par_1_127' title="bbox 2066 5773 3665 5859">
     <span class='ocr_line' id='line_1_128' title="bbox 2066 5773 3665 5859; baseline -0.016 -10"><span class='ocrx_word' id='word_1_835' title='bbox 2066 5773 2300 5859; x_wconf 79' lang='lat' dir='ltr'><strong>Gellius,</strong></span> <span class='ocrx_word' id='word_1_836' title='bbox 2322 5789 2415 5847; x_wconf 89' lang='lat' dir='ltr'><strong>lib.</strong></span> <span class='ocrx_word' id='word_1_837' title='bbox 2438 5802 2638 5859; x_wconf 85' lang='lat' dir='ltr'><strong>v,cap.</strong></span> <span class='ocrx_word' id='word_1_838' title='bbox 2667 5773 2742 5843; x_wconf 70' lang='lat' dir='ltr'><strong>I2</strong></span> <span class='ocrx_word' id='word_1_839' title='bbox 2761 5827 2780 5858; x_wconf 91' lang='lat'><strong>,</strong></span> <span class='ocrx_word' id='word_1_840' title='bbox 2810 5798 2868 5848; x_wconf 79' lang='lat' dir='ltr'><strong>et</strong></span> <span class='ocrx_word' id='word_1_841' title='bbox 2896 5785 2991 5845; x_wconf 80' lang='lat' dir='ltr'><strong>lib.</strong></span> <span class='ocrx_word' id='word_1_842' title='bbox 3023 5773 3154 5839; x_wconf 70' lang='lat' dir='ltr'><strong>:in</strong></span> <span class='ocrx_word' id='word_1_843' title='bbox 3173 5822 3189 5849; x_wconf 89' lang='lat'><strong>,</strong></span> <span class='ocrx_word' id='word_1_844' title='bbox 3218 5792 3340 5847; x_wconf 79' lang='lat' dir='ltr'><strong>cap.</strong></span> <span class='ocrx_word' id='word_1_845' title='bbox 3367 5774 3459 5830; x_wconf 84' lang='lat'><strong>15.</strong></span> <span class='ocrx_word' id='word_1_846' title='bbox 3494 5773 3665 5827; x_wconf 77' lang='lat' dir='ltr'><strong>Anu.</strong></span> 
     </span>
    </p>
   </div>
  </div>
