4056 6350
286 340 358 440 ἓθ
1462 358 1876 441 animm;

1978 365 2067 444 ΗΜ
2107 388 2235 444 LIB.
2281 390 2346 444 II.
3488 396 3558 450 70

282 498 429 569 quod
481 498 847 556 extrinsecus
876 499 1040 557 habet
1084 499 1284 571 aliquid
1332 500 1595 571 humoris,
1651 478 1865 559 uvidum
2031 482 3553 587 605.InterUllametollam.Uliam,aliquam:oiiam,vas.

280 606 413 653 vero
441 593 583 662 quod
614 594 969 660 intrinsecus;
996 595 1138 649 unde
1156 605 1211 650 et
1232 611 1346 650 uvae
1374 595 1553 651 dictae.

353 680 478 738 596.
533 683 681 738 Inter
728 683 905 738 Vaifes
948 692 1005 740 et
1046 687 1319 741 convalles.
1374 687 1554 742 Valles
1603 697 1729 743 sunt
1780 687 1877 743 de-

279 790 468 847 pressa
495 776 614 830 loca
636 776 772 848 ML,
804 775 965 847 colla]
990 792 1335 849 camporum,
1381 779 1679 847 convalles,
1722 794 1877 835 mon-

282 866 417 922 tium
447 867 749 922 intervalla.
1374 936 1377 939 _
1478 936 1481 939 _

354 958 482 1013 597.
535 958 678 1012 Inter
730 956 937 1013 Undam
990 967 1045 1015 et
1086 977 1311 1032 aquam.
1369 961 1519 1018 Unda
1567 976 1781 1034 semper
1817 963 1871 1018 in

278 1061 430 1108 motu
459 1063 573 1119 εει,
617 1066 755 1121 aqua
795 1067 922 1107 vero
971 1053 1183 1108 stativa.
1218 1055 1385 1110 Porro
1423 1054 1622 1111 imbres
1653 1055 1871 1127 nubium

278 1155 428 1213 sunt,
454 1146 641 1202 latices
662 1144 912 1201 fontium.
935 1146 1066 1202 Nam
1096 1150 1230 1204 lates
1253 1152 1469 1221 proprie
1489 1150 1663 1221 liquor
1685 1149 1869 1218 fontis,

280 1252 336 1296 et
366 1242 541 1301 dictus
570 1243 712 1312 quod
745 1243 796 1296 in
814 1244 961 1299 venis
994 1253 1150 1299 terrae
1181 1246 1367 1302 lateat.

350 1330 478 1388 598.
514 1333 650 1388 Inter
682 1332 885 1399 Visum,
912 1344 965 1389 et
992 1334 1158 1402 Viam,
1194 1345 1249 1391 et
1276 1338 1518 1408 plateam.
1545 1338 1660 1393 Vici
1685 1339 1873 1395 dicun-

279 1434 365 1479 tur
393 1426 525 1494 ipsze
550 1427 657 1498 75
676 1425 1034 1482 habitationes
1058 1429 1109 1481 in
1137 1430 1388 1497 urbibus;
1413 1432 1511 1486 viae
1532 1436 1873 1504 autem,'spa-

274 1516 349 1570 tia
379 1526 603 1585 angusta
636 1532 755 1585 quae
783 1519 921 1574 inter
956 1523 1105 1575 vicos
1146 1530 1292 1587 sunt,
1333 1538 1558 1593 quarum
1588 1532 1871 1593 perpetuas

276 1615 337 1663 et
365 1606 586 1663 latiores
615 1608 821 1677 plateas
836 1625 1108 1667 vocamus.
1139 1613 1271 1668 Nam
1297 1615 1437 1684 piata
1452 1615 1602 1684 juxta
1622 1618 1867 1686 proprie-

274 1707 440 1755 tatem
469 1700 670 1769 linguae
695 1701 898 1759 Griecae
928 1720 959 1759 a
992 1705 1276 1762 latitudine
1308 1724 1503 1764 nomen
1533 1712 1760 1781 accepit.

348 1790 478 1847 599.
517 1794 662 1849 Inter
699 1794 901 1849 Viridia
939 1806 995 1853 et
1025 1802 1259 1856 virentia.
1304 1801 1501 1857 Viridia
1529 1813 1653 1858 sunt
1686 1804 1865 1875 ligna;

272 1884 506 1941 virentia
536 1895 662 1941 sunt
684 1888 880 1957 campi,
910 1890 993 1945 vel
1020 1900 1169 1959 prata
1193 1892 1212 1964 [
1236 1892 1349 1961 AL,
1382 1893 1578 1965 prati].

347 1972 477 2029 600.
508 1974 653 2030 Inter
688 1975 843 2031 Visus
874 1986 929 2033 et
968 1980 1121 2035 visos.
1167 1980 1346 2047 Visos,
1386 1984 1665 2055 participia
1693 1984 1865 2052 dicta;

275 2064 459 2131 Visus,
484 2067 704 2121 nomina
730 2069 1073 2139 appellativa.

348 2158 473 2214 601.
508 2158 654 2215 Inter
692 2138 875 2216 Virum
920 2171 975 2219 et
1002 2166 1163 2220 virus.
1199 2166 1415 2235 Virum,
1446 2138 1752 2237 hominem;
1790 2169 1871 2226 vi—

274 2266 389 2317 rus,
414 2252 861 2319 venenumdicit.

300 2429 311 2440 _
349 2340 475 2395 602.
511 2342 656 2396 Inter
687 2340 825 2396 Vivit
849 2352 905 2400 et
930 2324 1072 2401 irin.
1110 2345 1250 2403 Vivit
1269 2347 1339 2404 de
1366 2349 1497 2416 vita,
1515 2347 1656 2405 bibit
1682 2349 1750 2405 de
1771 2364 1868 2421 po-

276 2440 447 2486 “0118.

350 2521 474 2577 603.
508 2523 653 2580 Inter
681 2523 920 2581 Vinctum
941 2535 999 2584 et
1017 2528 1226 2585 victum.
1251 2529 1499 2599 Vinctus,
1530 2531 1862 2600 vinculatus;

271 2613 473 2681 victus,
504 2629 811 2685 superatus.
1028 2686 1031 2689 λ
1066 2686 1071 2691 _

344 2702 474 2760 604.
502 2706 649 2777 Inter
681 2706 776 2762 Vis
805 2719 859 2765 et
888 2710 984 2779 bis.
1014 2710 1129 2780 Vis,
1153 2728 1272 2785 quas
1298 2716 1368 2770 ad
1394 2715 1721 2774 voluntatem
1745 2731 1864 2788 per-

274 2794 441 2862 tinet;
474 2796 579 2863 bis,
608 2799 814 2855 duabus
849 2802 1071 2858 vicibus.

343 2878 472 2992 tigri.
488 2908 899 2992 Ilitvmolongib.
918 2930 1032 2992 xcv,
1045 2922 1166 2985 cap.
1184 2917 1236 2974 8.
1256 2918 1425 2992 sesc,
1440 2919 1863 2979 dict.Co'nvattis.

346 2979 474 3057 597.
505 2979 625 3057 Lib.
655 2979 1248 3057 xiit'Etymolo'gu'cap.
1270 2990 1362 3044 20.

346 3052 483 3129 :AA
506 3050 675 3129 l_apsu.
702 3050 883 3129 gesti,
902 3050 1245 3129 dicthatefv'.

275 3118 806 3247 Plgghiymolog.
831 3118 926 3183 lib.
957 3143 1046 3195 xv,
1078 3143 1196 3199 cap.
1218 3128 1276 3197 2;
1294 3127 1422 3186 dict.
1462 3127 1642 3234 Vicus,
1667 3140 1720 3190 et
1738 3118 1867 3192 dict.

348 3262 665 3349 697.303”?
690 3268 788 3335 vel,
815 3270 1254 3349 putoglossema.
1281 3272 1414 3349 Vide
1441 3288 1655 3330 carmen
1677 3274 1867 3333 Ovidio

275 3336 601 3391 attributum
628 3336 695 3395 de
724 3340 889 3396 variis
916 3336 1224 3395 animalium
1257 3338 1496 3397 vecibus.

349 3402 489 3490 ibid:
535 3405 617 3490 DQ
636 3408 810 3490 52min
841 3412 1527 3490 anupryidgﬁEdeicéfﬂ
1648 3412 1713 3473 ad
1738 3410 1867 3490 Ely-

278 3477 545 3547 malagias
567 3488 632 3533 ex
661 3481 859 3537 Codice
890 3482 1131 3538 Palatino
1151 3477 1281 3537 ΞΜ.
1314 3488 1484 3540 Attiiv.

2047 599 2169 654 606.
2223 600 2364 654 Inter
2423 598 2626 653 Vallum
2653 610 2707 655 et
2756 619 2980 656 murum.
3028 592 3141 655 Non
3186 601 3327 671 quod
3378 586 3559 655 murus

1977 691 2137 767 etiam
2164 690 2382 746 vallum.
2405 691 2540 746 Nam
2564 693 2749 761 utique
2775 680 2915 763 quod
2945 682 3140 747 vallum
3169 709 3352 747 murus
3384 703 3485 748 est.

1988 856 1991 863 ν
2048 783 2172 836 607.
2192 784 2345 848 ,lnter
2381 783 2587 856 Vagire,
2618 786 2833 857 mugire,
2861 795 2915 841 et
2937 796 3155 841 cratera.
3189 786 3365 840 Infans
3391 786 3552 857 vagit,

1975 872 2073 928 bos
2106 876 2296 945 mugit,
2322 890 2491 955 equus
2515 876 2709 945 hinnit,
2738 877 2921 932 asinus
2950 866 3089 947 ragit
3114 879 3198 934 vel
3243 878 3383 932 rudit
3408 918 3423 944 ,
3473 878 3559 932 leo

1976 966 2141 1036 rugit,
2171 966 2388 1035 elephas
2411 967 2598 1035 barrit,
2625 984 2714 1024 sus
2739 970 2981 1040 grunnit,
3006 971 3121 1025 ovis
3144 960 3305 1036 balat,
3333 985 3558 1037 serpens

1974 1057 2173 1124 sibilat,
2197 1073 2327 1113 rana
2350 1068 2562 1125 coaxat,
2578 1074 2784 1133 corvus
2804 1061 3053 1128 crocitat,
3077 1076 3203 1132 grus
3233 1072 3377 1114 arsat
3396 1101 3409 1125 ,
3444 1060 3561 1113 mil-

1974 1152 2255 1229 vusjugit,
2284 1154 2434 1229 canis
2468 1154 2683 1219 baubat,
2713 1156 2795 1210 vel
2827 1156 3007 1220 latrat,
3049 1158 3235 1237 vulpes
3259 1146 3470 1226 gannit.

2048 1244 2172 1300 008.
2194 1244 2336 1303 Inter
2365 1244 2676 1317 Vesperescit
2705 1256 2759 1302 et
2786 1248 3105 1317 vesperascit.
3137 1242 3559 1316 Vesperescit,id

1973 1344 2084 1401 est,
2116 1351 2239 1391 sero
2267 1338 2360 1402 fit;
2395 1338 2752 1406 vesperascit,
2785 1336 2866 1391 sol
2918 1326 2984 1390 ad
3015 1326 3269 1392 Occasum
3303 1337 3555 1389 declinat.

2044 1424 2167 1480 609.
2212 1425 2354 1480 Inter
2389 1424 2690 1498 Viperinum
2715 1434 2770 1479 et
2793 1416 3067 1495 vipereum.
3101 1408 3415 1493 Viperinus,
3446 1423 3561 1491 pul-

1972 1511 2054 1569 lus
2080 1531 2094 1580 ;
2133 1502 2391 1586 Vipereus
2411 1556 2426 1583 ,
2455 1504 2522 1570 ad
2553 1504 2960 1569 similitudinem
2992 1514 3271 1585 serpentis.

2120 1690 2121 1693 γ
2577 1629 2654 1685 De
2692 1632 2863 1686 littera
2902 1604 2967 1685 Ζ.
3026 1692 3033 1700 ,
3138 1694 3139 1697 γ

2045 1724 2170 1780 610.
2196 1723 2338 1779 Inter
2364 1723 2542 1780 Zetum
2568 1734 2624 1779 et
2653 1725 2919 1780 invidiam.
2944 1723 3106 1779 Zelus
3132 1721 3396 1777 interdum
3422 1732 3479 1777 et
3505 1722 3563 1777 in

1974 1816 2167 1872 bonam
2196 1827 2397 1887 partem
2422 1818 2591 1887 accipi
2617 1828 2823 1887 potest,
2848 1832 2969 1872 cum
2994 1816 3115 1887 quis
3140 1816 3328 1869 nititur
3353 1829 3415 1869 ea
3442 1829 3562 1883 quae

1894 1897 1944 1957 B
1970 1908 2193 1963 meliora
2225 1918 2349 1963 sunt
2379 1909 2620 1964 aemulari
2646 1925 2661 1976 ;
2695 1909 2894 1964 invidia
2926 1923 3089 1977 vero,
3123 1918 3179 1963 ut
3206 1907 3407 1962 dictum
3436 1916 3557 1975 est,

1972 2002 2146 2058 aliena
2178 2000 2435 2057 felicitate
2463 2009 2767 2071 torquetur,
2798 2012 2852 2057 et
2894 2002 2947 2056 in
2990 2001 3257 2070 duplicem
3302 1998 3563 2055 scinditur

1973 2095 2303 2166 passionem,
2326 2109 2449 2150 cum
2481 2105 2573 2150 aut
2601 2095 2742 2163 quod
2764 2096 2883 2164 ipse
2905 2103 2990 2151 eat
3017 2094 3162 2152 aliud
3182 2108 3302 2150 esse
3324 2093 3432 2162 76
3456 2106 3563 2147 non

1972 2187 2108 2252 vult,
2128 2197 2219 2241 aut
2238 2187 2402 2241 alium
2417 2187 2605 2245 videns
2622 2201 2744 2243 esse
2764 2186 3063 2253 meliorem,
3079 2186 3222 2241 dolet
3242 2200 3300 2240 se
3320 2198 3423 2237 non
3441 2197 3563 2237 esse

1972 2277 2329 2332 consimilem.
2371 2276 2602 2332 Pulchre
2631 2285 2809 2332 autem
2833 2276 3047 2347 quidam
3079 2277 3323 2331 Grzecum
3345 2287 3559 2328 versum

1976 2367 2308 2425 transferens
2337 2369 2576 2438 elegiaco
2605 2378 2811 2436 metro,
2842 2368 2912 2422 de
2943 2366 3143 2421 Invidia
3175 2366 3302 2419 lusit
3330 2364 3515 2417 dicens
3544 2378 3555 2413 :

2156 2478 2344 2527 Iustius
2366 2477 2544 2527 invidia
2565 2478 2685 2528 nihil
2706 2484 2802 2535 est,
2827 2490 2937 2537 qua:
2962 2477 3183 2538 protinus
3207 2477 3360 2535 ipsum

2217 2544 2482 2590 Auctorem
2503 2542 2653 2602 rodit,
2679 2541 3030 2601 excruciatique
3055 2538 3288 2586 animum.

1970 2625 2185 2682 Invidia:
2240 2635 2420 2680 autem
2478 2642 2672 2680 nomen
2702 2625 2904 2679 dictum
2942 2634 3029 2695 est
3057 2639 3086 2676 a
3116 2623 3274 2677 nimis
3302 2617 3557 2675 intuendo

1970 2714 2284 2772 felicitatem
2322 2702 2533 2790 [Cicen
2560 2699 2827 2770 fortunam
2853 2700 3120 2795 alterius
3140 2754 3155 2780 ,
3189 2708 3243 2769 ut
3270 2720 3353 2767 est
3384 2698 3509 2765 iilud
3542 2726 3556 2764 :

1973 2807 2225 2873 Quisnam
2249 2810 2431 2878 ﬂorem
2459 2807 2641 2861 invidit
2672 2808 2884 2861 meum?

2054 2922 2180 2993 610.
2210 2922 2375 2992 Cujus
2402 2924 2635 2993 auctoris
2662 2926 2730 2978 sit
2759 2938 2944 2989 versus
2971 2921 3190 2977 Graecus
3218 2921 3499 2976 incertum.

2046 3021 2120 3034 —
2150 2992 2369 3049 Invidia:
2400 3006 2588 3048 autem.
2618 2993 2730 3049 Cic.
2751 3035 2765 3049 .
2807 2993 2966 3048 Tusc.
2997 3009 3073 3048 III.

2049 3094 2119 3105 -
2142 3035 3419 3133 ἱὶὶἔιῖἶᾌοῖἦἱέῖλῖέῆξείίρῇἷῗξὲὲἱὶ’ἀειτυηεειιιιε
3439 3074 3559 3115 ver-

1977 3146 2090 3199 sus,
2109 3137 2199 3205 qui
2227 3136 2366 3204 apud
2401 3134 2714 3191 Ciceronem
2749 3136 2817 3190 ita
2850 3135 3042 3205 legitur
3064 3151 3083 3190 :

2222 3224 2420 3276 Florem
2441 3228 2663 3289 quisnam
2685 3224 2896 3275 liberum
2915 3225 3089 3275 invidit
3107 3222 3311 3275 meum?

1896 3336 1943 3401 ο
1973 3310 2129 3382 Apud
2159 3311 2294 3367 Non.
2324 3354 2339 3379 ,
2373 3313 2499 3367 dict.
2535 3313 2797 3369 Invidia:

2072 3403 2212 3454 Unde
2235 3410 2319 3455 aut
2335 3406 2445 3467 quis
2461 3404 2677 3456 mortalis
2691 3404 2863 3457 ﬂorem
2881 3405 3092 3457 liberum
3107 3402 3281 3455 invidit
3300 3412 3464 3452 meum
3474 3398 3499 3450 τ

1982 3488 2291 3545 Trochaicis
2318 3490 2577 3545 numeris.

289 3635 3549 3670 ._________________________________________

1399 3774 1741 3871 LIBER
1822 3787 2452 3877 SECUNDUS

1493 3960 1578 4011 DE
1621 3961 2066 4016 DIFFERENTIIS
2111 3963 2353 4016 RERUM.

720 4092 1183 4163 DIFFERENTIA
1220 4098 1456 4165 PRIMA.

353 4204 459 4276 77
491 4202 543 4257 1.
576 4201 719 4258 lnter
741 4201 906 4257 Deum
932 4211 987 4258 et
1012 4203 1287 4281 Dominum
1311 4204 1385 4258 ita
1414 4205 1628 4275 quidam
1658 4206 1875 4263 deiittieo

274 4308 423 4365 runt,
455 4306 515 4352 ut
562 4297 617 4350 in
648 4295 740 4351 Dei
783 4295 1137 4367 appellatione
1175 4297 1410 4365 Patrem,
1435 4297 1487 4353 in
1535 4298 1758 4355 Domino
1788 4299 1876 4356 Fi-

274 4393 407 4447 lium
444 4389 831 4459 intelligerent.
878 4387 1155 4458 Scriptura
1189 4399 1365 4446 autem
1407 4405 1558 4447 sacra
1592 4380 1873 4461 utrumque

276 4491 333 4537 et
364 4481 537 4536 Deum
567 4479 799 4534 affirmat
825 4487 880 4535 et
902 4480 1206 4535 Dominum.

1978 4115 2217 4187 Denique
2267 4132 2333 4172 ex
2383 4090 2476 4173 Dei
2524 4117 2782 4173 vocabulo
2830 4089 3049 4191 adverte
3086 4116 3212 4188 quid
3251 4118 3464 4191 diligas,
3494 4135 3562 4177 ex

1978 4207 2187 4263 Domini
2228 4209 2591 4278 appellatione
2620 4224 2887 4280 cognosce
2926 4209 3053 4280 quid
3083 4220 3312 4267 metuas.

2049 4391 2101 4446 5.
2134 4392 2278 4447 Inter
2310 4390 2612 4446 Trinitatem
2639 4401 2694 4447 et
2728 4394 2974 4446 unitatem
3005 4393 3120 4448 haec
3156 4394 3432 4449 distinctio
3457 4402 3564 4463 est,

1979 4483 2119 4553 quod
2141 4483 2317 4538 unitas
2339 4482 3011 4563 proptervinsoparabilem
3057 4483 3270 4538 deitatis
3310 4485 3565 4539 substan-

344 4572 401 4628 2.
440 4572 551 4630 Sed
575 4580 755 4628 tamen
785 4572 1014 4628 invicem
1042 4573 1156 4629 haec
1182 4574 1439 4630 vocabula
1470 4574 1873 4647 discernuntur.
1905 4561 1953 4621 Ι)
1981 4579 2130 4643 tiam,
2162 4576 2371 4634 trinitas
2394 4592 2522 4632 vero
2544 4561 2652 4649 78
2673 4586 2889 4648 propter
2910 4592 3262 4651 personarum
3286 4576 3567 4633 diversita-

272 4666 522 4722 Primum
552 4665 696 4720 enim
743 4676 947 4720 natura:
992 4680 1186 4722 nomen
1215 4677 1297 4723 est
1326 4669 1607 4745 pertinens
1632 4669 1698 4724 ad
1730 4684 1876 4725 amo-

274 4772 427 4824 rem;
456 4755 757 4812 secundum
789 4758 1096 4826 potestatis,
1145 4774 1444 4829 congruens
1493 4760 1559 4814 ad
1604 4760 1871 4817 timorem.

348 4873 408 4927 I.
448 4870 519 4925 In
548 4869 775 4925 Domino
818 4870 1036 4925 Filium.
1092 4871 1242 4927 Unde
1275 4874 1325 4928 hi
1356 4872 1706 4927 occasionem
1739 4889 1885 4928 sum-

272 4944 773 5014 psissepotucri‘nt‘.
790 4942 991 4997 indicat
1008 4941 1257 5014 August.,
1274 4959 1311 4997 ιι
1334 4944 1399 4997 de
1420 4943 1641 5007 Trinit.,
1657 4959 1773 5012 cap.
1793 4944 1880 4998 iO.

346 5006 622 5083 Ibidlilae
668 5006 983 5068 differentia:
1017 5006 1303 5081 aliquando
1344 5020 1556 5073 rerum.
1596 5006 1881 5083 aliquando

274 5082 591 5154 spirituaies
617 5093 905 5154 vocantur,
939 5091 994 5137 ut
1023 5082 1191 5138 fusius
1215 5086 1513 5154 expositum
1544 5083 1641 5154 fuit
1674 5082 1723 5138 iit
1780 5084 1881 5139 Isi-

274 5152 561 5222 dorianis,
590 5170 640 5209 c.
666 5152 754 5208 56.
778 5154 942 5209 Notas
986 5157 1038 5209 in
1086 5152 1338 5209 Editibne
1382 5153 1566 5209 Grialii
1610 5153 1882 5211 Rolandus

278 5222 547 5279 Wiceiihs
585 5222 862 5293 apposuit,
894 5240 1024 5293 quas
1075 5226 1355 5294 propterea
1405 5222 1621 5280 Wiceiii
1662 5225 1881 5280 nomine

274 5296 607 5420 dinei-ibim.
640 5296 822 5350 Varias
851 5292 1110 5351 Ieétione's
1141 5297 1204 5349 ad
1238 5297 1397 5351 tinem
1420 5296 1705 5351 Voluminis
1747 5294 1880 5365 reji-

274 5380 383 5420 co.
464 5382 497 5419 ii
540 5380 592 5418 v.

274 5369 383 5420 cio.
411 5369 592 5420 Δεῖν.

346 5438 406 5492 5.
441 5434 569 5490 Tria
595 5434 801 5506 quidem
830 5437 1058 5490 nomina.
1085 5430 1225 5490 Nihil
1249 5432 1334 5490 Iiic
1364 5436 1593 5505 periclia‘
1619 5436 1878 5491 Sabellio.

274 5506 397 5562 Iam
436 5504 583 5561 enim
609 5504 824 5577 dixerat
850 5506 901 5560 in
935 5508 1179 5577 persanis
1209 5508 1328 5561 esse
1360 5504 1759 5577 _'discreiiouem
1789 5549 1804 5572 ,
1831 5517 1885 5562 et

273 5588 531 5631 extrema
556 5576 718 5631 verba“
743 5576 901 5646 hujus
938 5575 1141 5645 capitis
1165 5584 1288 5631 sunt
1315 5593 1330 5630 :
1356 5575 1661 5631 Trinitatem
1694 5580 1745 5631 in
1769 5592 1885 5646 per-

271 5651 421 5703 sonis
450 5664 557 5701 non
597 5647 910 5719 distinguere
946 5649 1167 5719 impium
1194 5660 1290 5702 est.
1313 5648 1379 5702 Et
1423 5648 1599 5719 capite
1639 5648 1882 5719 sequenti

273 5734 375 5790 cur
403 5722 519 5772 tam
544 5717 817 5790 laboratur
844 5718 896 5772 in
923 5718 1254 5790 diseretione
1283 5717 1655 5790 personarum,
1691 5717 1732 5774 si
1758 5734 1880 5773 cum

274 5789 527 5845 Sabellio
555 5789 909 5855 consentiret,
937 5788 1069 5843 nihil
1100 5788 1218 5844 fuit.
1254 5780 1359 5845 S'ed
1384 5780 1497 5844 haec
1529 5780 1695 5845 inulto
1728 5792 1881 5859 plura

278 5868 457 5931 quam
478 5872 613 5930 opus
642 5866 728 5916 est
748 5859 805 5915 in
825 5868 885 5916 re
909 5859 1131 5917 minime
1157 5858 1336 5917 dubia.
1364 5860 1439 5916 ita
1470 5866 1647 5917 tamen
1670 5858 1882 5916 veteres

1984 4680 2089 4725 tem
2116 4679 2354 4723 vocatur.
2388 4669 2444 4723 In
2477 4666 2716 4739 personis
2744 4670 2886 4724 enim
2920 4668 3175 4723 discretio
3204 4676 3306 4734 est,
3338 4668 3390 4721 in
3424 4667 3568 4722 Divi-

1981 4762 2149 4815 nitate
2190 4761 2335 4814 nulla
2366 4759 2664 4815 distinctio.
2690 4759 2953 4827 Estenim
2997 4759 3242 4830 gignens,
3274 4760 3486 4829 genitus
3515 4766 3570 4815 et

1988 4874 2177 4929 Patres
2219 4873 2484 4929 interdum
2517 4874 2723 4930 locutos
2753 4874 3044 4929 ostendunt
3071 4873 3131 4927 D.
3173 4870 3424 4927 Eucherii
3452 4886 3572 4925 ver-

1985 4944 2052 4997 ba
2093 4944 2360 4998 immerito
2386 4946 2482 5010 ipsi
2515 4946 2579 4997 ab
2612 4944 2918 4999 hominibus
2959 4944 3181 4998 minime
3209 4944 3360 4997 malis
3387 4944 3567 4996 adem-

1985 5023 2095 5083 pta.
2127 5012 2241 5068 Non
2272 5014 2412 5068 enim
2453 5014 2707 5077 tollenda;
2732 5014 2825 5069 sed
2851 5014 3165 5083 explicanda
3219 5016 3442 5073 fuerunt,
3478 5020 3571 5083 aut

1986 5081 2055 5138 ex
2088 5085 2338 5155 August.,
2370 5085 2479 5153 qui,
2506 5099 2669 5139 serm.
2697 5084 2820 5154 192,
2853 5081 2933 5139 ita
2962 5087 3035 5138 ait
3060 5100 3074 5140 :
3107 5083 3227 5137 Non
3253 5085 3383 5155 enim
3409 5081 3567 5155 nornis

1989 5170 2061 5208 na
2089 5152 2465 5219 laniumrnodo,
2496 5154 2584 5209 sed
2615 5152 2879 5209 nominum
2935 5158 3107 5223 etiam;
3130 5152 3569 5223 proprietatestid

1989 5234 2082 5295 est,
2115 5242 2358 5295 personas
2408 5218 2746 5294 conﬁtemur;
2788 5234 2842 5280 et
2886 5240 2939 5280 ιι
2978 5227 3044 5295 de
3091 5218 3419 5295 C'ivit'qcap.
3448 5222 3563 5295 170A:

1988 5292 2170 5364 Neque
2194 5302 2312 5349 vero
2339 5297 2448 5350 sola
2469 5292 2541 5350 est
2568 5299 2663 5350 ista
2696 5298 2913 5351 nominis
2963 5294 3221 5364 Trinitas,
3253 5292 3362 5344 sine
3399 5292 3568 5345 subsi-

1988 5367 2172 5420 stentia
2186 5374 2537 5436 personarum,
2558 5368 2685 5420 sicut
2702 5366 2983 5421 Sabellia’ni
2994 5363 3217 5436 lueretici
3236 5366 3542 5436 putaverunt
3552 5380 3572 5429 ,-

1990 5438 2082 5491 aut
2110 5432 2270 5491 etiam
2304 5442 2369 5492 ex
2402 5432 2659 5507 Gregorio
2690 5438 2956 5504 Theologo
2980 5433 3135 5507 ,qui,
3162 5447 3230 5507 ne
3281 5432 3331 5486 in
3363 5433 3412 5485 id
3445 5434 3575 5487 inci-

1992 5509 2169 5574 deret,
2194 5525 2295 5561 non
2318 5505 2647 5578 personarum
2667 5510 2888 5567 nomina,
2920 5506 3009 5558 sed
3020 5505 3297 5578 nominum
3326 5520 3569 5570 personas

1992 5594 2104 5632 vere
2130 5575 2363 5633 constare
2381 5579 2513 5634 dixit
2539 5596 2554 5633 :
2582 5578 2761 5646 Neque
2786 5578 2985 5629 verbum
3008 5575 3226 5647 (inquit)
3252 5577 3359 5629 sine
3405 5591 3461 5627 re
3485 5592 3572 5627 ve-

1992 5651 2069 5703 lut
2098 5666 2279 5704 sonum
2304 5653 2436 5704 vocis
2462 5651 2761 5719 accipimus,
2810 5648 2897 5700 sed
2965 5651 3065 5701 tria
3092 5649 3324 5710 nomina,
3366 5656 3411 5699 et
3470 5654 3569 5697 tres

1994 5738 2233 5787 personas
2262 5724 2414 5775 unius
2460 5718 2711 5787 eumue,
2746 5718 2900 5772 unius
2931 5720 3237 5793 majestatis,
3268 5720 3419 5786 atque
3476 5720 3572 5782 po-

1992 5793 2160 5865 lentire
2187 5794 2488 5865 credimusa
2515 5859 2525 5865 Δ
2734 5864 2737 5865 ν
2769 5862 2781 5865 _
2928 5860 2981 5865 __
3216 5858 3229 5865 _
3488 5856 3498 5865 .

2061 5862 2199 5916 Ibid.
2240 5863 2364 5916 Tria
2402 5859 2605 5931 quidem
2640 5862 2873 5919 ηυοωίπα.
2920 5858 3325 5919 Observandum
3365 5858 3572 5911 nomina
