4056 6350
446 313 510 368 Ἠ
1482 307 1542 366 S.
1584 305 1834 365 lSlDORl
1872 300 2321 363 HISPALENSIS
2361 294 2671 359 EPISCOPI

3662 294 3751 351 73

446 426 766 497 procedens.
794 424 920 482 Tria
944 422 1159 496 quidem
1188 424 1429 491 nomina,
1452 424 1547 480 sed
1576 423 1875 479 substantia
1902 437 2029 478 una.
2066 425 2114 484 Α
2138 419 2207 475 do
2237 419 2300 474 ad
2351 433 2410 474 se
2449 416 2676 473 invicem
2713 413 2936 470 relative
2966 420 3067 468 trra
3105 419 3253 478 sunt,
3280 417 3337 468 et
3370 410 3746 468 essentialiter

445 521 596 579 Sicut
628 520 770 576 enim
805 520 967 591 ignis,
995 519 1201 577 candor
1230 531 1286 576 ει
1340 518 1509 585 color,
1535 518 1633 575 tria
1664 518 1879 590 quidem
1908 525 2034 573 sunt

364 672 367 675 λ
441 613 719 681 vocabula,
751 613 845 667 sed
879 625 964 667 res
998 626 1123 667 una.

513 705 565 758 4.
603 703 654 759 In
712 702 978 759 relatione
1022 704 1164 759 enim
1217 718 1564 773 personarum
1605 703 1818 759 trinitas
1846 711 1949 768 est,
1982 703 2034 756 in

441 796 741 851 substantia
770 810 899 850 vero
930 804 1132 851 natura:
1153 810 1289 851 unus
1312 795 1452 851 Deus
1480 805 1563 851 est
1588 812 1599 848 :
1626 794 1785 850 Pater
1805 794 2033 861 scilicet,

437 897 493 942 ει
518 887 703 958 Filius,
736 896 792 944 ει
817 888 1051 958 Spiritus
1076 898 1313 944 sanctus.
1348 890 1422 945 De
1446 889 1604 944 Patre
1629 888 1753 957 quia
1785 888 1927 942 Deus
1955 895 2038 942 est

439 988 670 1034 testatur
707 980 995 1050 Apostolus
1027 981 1232 1045 dicens,
1280 980 1425 1035 Unus
1462 979 1595 1035 Deus
1623 980 1805 1047 Pater,
1836 997 1899 1033 ex
1935 996 2038 1051 quo

441 1074 651 1136 omnia;
690 1072 764 1127 ita
805 1073 871 1128 de
910 1073 1063 1140 Filio,
1092 1076 1213 1143 quia
1256 1073 1396 1129 Deus
1433 1082 1538 1138 est,
1570 1074 1695 1129 alibi
1727 1074 1843 1143 ipse
1864 1074 2033 1129 dicit:

444 1163 671 1229 Quorum
701 1176 891 1236 patres,
918 1176 963 1220 et
1005 1183 1069 1221 ea:
1100 1168 1279 1237 quibus
1318 1164 1555 1220 Christus
1601 1165 1881 1220 secundum
1919 1182 2037 1220 car-

440 1270 574 1322 nem,
598 1258 686 1326 qui
708 1267 781 1311 est
804 1274 958 1327 super
984 1260 1159 1312 omnia
1188 1256 1329 1311 Deus
1350 1257 1645 1312 benedictus
1671 1258 1725 1311 in
1749 1257 1963 1312 sarcula.

510 1348 564 1403 5.
605 1348 682 1406 De
707 1349 911 1419 Spiritu
965 1360 1145 1406 autem
1196 1360 1403 1419 sancto,
1436 1350 1559 1420 quia
1588 1350 1729 1405 Deus
1758 1360 1861 1417 est,
1893 1349 2034 1405 idem

438 1439 530 1509 qui
556 1448 609 1496 et
651 1456 812 1511 supra
858 1441 941 1497 sic
981 1443 1159 1497 dicit:
1212 1441 1497 1497 Diuisiones
1528 1443 1864 1497 donationum
1894 1451 2034 1508 sunt,

437 1530 576 1585 idem
613 1542 785 1588 autem
823 1533 1088 1605 Spiritus;
1129 1544 1176 1589 et
1203 1534 1477 1591 divisiones
1509 1538 1869 1605 operatiouum
1890 1545 2034 1603 sunt,

437 1622 573 1676 idem
622 1640 740 1678 vero
786 1623 945 1680 Deus.
972 1625 1112 1681 Ecce
1165 1625 1344 1695 Pater,
1374 1634 1431 1683 ει
1468 1626 1655 1695 Filius,
1701 1637 1757 1684 et
1805 1628 2038 1697 Spiritus

436 1722 657 1768 sanctus
685 1714 850 1781 Deus,
901 1715 998 1771 sed
1054 1731 1157 1772 non
1206 1719 1400 1788 triplex
1447 1720 1669 1776 deorum
1699 1736 1950 1778 numerus
1980 1722 2035 1778 in

437 1800 540 1859 hac
583 1802 846 1860 Trinitate
890 1815 974 1862 est
1017 1808 1339 1866 credendus.

512 1895 566 1951 6.
600 1896 869 1968 Scriptum
893 1907 977 1955 est
1003 1900 1185 1956 enim:
1219 1900 1334 1973 Ego
1376 1918 1488 1957 sunt
1518 1903 1680 1973 Deus,
1725 1913 1774 1960 et
1810 1923 1913 1961 non
1966 1916 2039 1962 est

440 1987 578 2041 alius
602 1987 744 2042 Deus
770 1997 953 2057 prieter
974 2006 1077 2045 me.
1103 1990 1170 2045 Et
1191 1990 1323 2045 illud
1347 2010 1360 2046 :
1389 1993 1545 2061 Audi,
1570 1991 1760 2060 Israel,
1788 1994 2040 2051 Dominus

443 2077 585 2134 Deus
617 2088 735 2135 tuus
754 2097 891 2136 unus
918 2091 1014 2136 est.
1039 2081 1177 2138 Tres
1199 2095 1328 2153 ergo
1354 2084 1483 2138 deos
1507 2084 1731 2141 credere
1754 2084 2039 2155 profanum

440 2181 553 2238 est;
582 2172 877 2229 trinitatem
893 2174 945 2229 in
959 2172 1203 2244 personis
1221 2189 1327 2229 non
1342 2173 1677 2247 distinguere
1698 2178 1918 2249 impium
1934 2189 2035 2235 est.

509 2357 567 2413 7.
589 2356 732 2413 Inter
761 2373 1043 2428 personam
1076 2357 1272 2426 Patris,
1300 2367 1357 2415 et
1384 2357 1536 2427 Filii,
1563 2371 1618 2417 et
1646 2361 1878 2433 Spiritus
1909 2379 2033 2417 sau-

441 2449 533 2515 cti,
563 2449 633 2504 ita
658 2450 975 2506 secernitur.
1005 2450 1161 2520 Quod
1192 2462 1361 2520 pater,
1388 2468 1490 2510 nec
1513 2452 1708 2522 factus,
1753 2471 1854 2512 nec
1880 2464 2041 2511 natus

442 2549 548 2599 est.
576 2543 740 2599 Filius
771 2555 947 2611 natus,
1000 2560 1106 2600 non
1147 2544 1352 2613 lactus;
1392 2547 1623 2616 Spiritus
1671 2558 1912 2615 sanctus,
1944 2563 2042 2604 nec

444 2635 638 2704 factus,
688 2652 789 2693 nec
847 2646 1023 2705 natus,
1052 2638 1147 2695 sed
1174 2654 1243 2693 ex
1283 2637 1444 2694 Patre
1472 2638 1717 2710 Filioque
1746 2640 2042 2710 procedens

442 2738 549 2784 est.
590 2729 821 2786 Proinde
844 2730 1001 2785 Pater
1024 2731 1379 2786 aeternitatem
1407 2729 1569 2786 habet
1597 2732 1715 2788 sine
1738 2732 2037 2800 nativitate,

444 2820 615 2877 Filius
647 2823 978 2880 nativitatem
1002 2839 1122 2879 cum
1150 2825 1483 2891 aeternitate;
1512 2824 1745 2895 Spiritus
1768 2841 1895 2881 vero
1920 2842 2044 2882 san-

442 2924 560 2973 ctus
582 2915 983 2987 processionem
1015 2916 1134 2974 sine
1162 2918 1457 2982 nativitate,
1490 2934 1609 2973 cum
1646 2922 1968 2976 aeternitate.

515 3005 569 3059 8.
605 3006 764 3063 Pater
793 3023 865 3062 ex
908 3008 1058 3063 nullo
1097 3008 1381 3064 exordium
1413 3008 1580 3075 ducit,
1622 3008 1793 3064 Filius
1830 3025 1896 3066 ex
1941 3011 2041 3067 Pa-

444 3104 529 3151 tre
554 3095 818 3166 originem
848 3097 955 3168 79
973 3097 1161 3166 sumit,
1182 3097 1414 3168 Spiritus
1446 3113 1572 3155 vere
1599 3110 1819 3156 sanctus
1848 3116 1915 3156 ex
1943 3100 2039 3156 Pa‘

2141 528 2302 569 unum
2317 512 2475 569 sunt?
2490 511 2621 580 Quis
2640 510 2739 565 ista
2756 507 3096 564 consideret?
3114 507 3243 575 Quis
3257 505 3359 562 ista
3375 507 3744 579 comprehen-

2138 604 2260 662 dat?
2290 605 2347 663 Si
2376 606 2518 661 enim
2551 604 2798 659 humana:
2836 601 3124 657 nativitatis
3165 600 3362 657 Christi
3390 609 3598 657 secreta
3626 616 3741 657 non

2138 698 2398 770 capimus,
2422 697 2620 753 divina:
2638 706 2843 753 natura:
2864 695 3119 767 mysteria
3138 693 3406 764 quomodo
3426 694 3701 765 capiemus
3717 695 3746 747 ’ἒ

2888 786 2978 843 IV.

2212 883 2299 939 12.
2333 883 2474 939 Inter
2497 882 2832 938 substantiam
2858 888 2915 936 et
2941 879 3215 935 essentiam
3252 877 3345 934 Dei
3380 877 3485 933 hoc
3519 876 3740 947 quidam

2139 972 2496 1043 delinierunt,
2527 974 2669 1044 quod
2696 971 2991 1028 substantia
3020 980 3103 1027 est
3133 970 3233 1025 hoc
3258 968 3401 1039 quod
3430 982 3538 1023 non
3566 978 3649 1024 est
3671 969 3745 1021 ab

2139 1065 2267 1132 alio,
2303 1064 2397 1121 sed
2422 1079 2638 1134 semper
2666 1079 2733 1121 ex
2762 1079 2885 1121 sese
2914 1073 3018 1129 est,
3052 1062 3153 1118 hoc
3174 1070 3257 1117 est
3284 1059 3493 1132 propria
3521 1060 3654 1115 intra
3679 1073 3746 1115 se

2140 1159 2336 1214 virtute
2366 1158 2616 1213 subsistit
2642 1175 2656 1224 ;
2686 1158 2921 1213 essentia
2952 1170 3080 1212 vero
3103 1156 3156 1210 in
3186 1154 3297 1209 Deo
3327 1153 3527 1208 idcirco
3556 1152 3745 1207 estdi-

2140 1260 2249 1317 cta,
2287 1251 2412 1323 quia
2443 1266 2657 1322 semper
2688 1261 2771 1308 est
2791 1297 2806 1321 ,
2840 1264 2939 1307 nec
2960 1248 3223 1320 incipiens
3248 1247 3496 1319 quando,
3520 1261 3619 1303 nec
3643 1247 3745 1301 de-

2140 1344 2327 1402 sinens
2354 1354 2461 1413 est,
2487 1345 2582 1402 sed
2614 1359 2736 1401 esse
2760 1358 2978 1411 semper
3006 1341 3281 1413 proprium
3310 1340 3425 1412 ejus
3455 1350 3556 1396 est.

2889 1432 2952 1487 V.

2214 1524 2301 1580 t5.
2337 1524 2477 1580 inter
2499 1524 2601 1579 hoc
2626 1523 2765 1594 quod
2788 1522 2955 1580 Filius
2979 1537 3121 1578 nunc
3146 1522 3381 1593 wqualis,
3409 1534 3549 1575 nunc
3571 1519 3743 1572 minor

2140 1626 2223 1674 est
2240 1617 2417 1685 Patre,
2438 1619 2536 1673 ista
2558 1629 2640 1673 est
2655 1616 2977 1673 differentia.
3000 1616 3237 1671 Primum
3260 1612 3742 1670 aeternsesubstan-

2144 1710 2231 1766 tia:
2250 1720 2332 1765 est
2349 1754 2365 1779 ,
2390 1712 2617 1766 alterum
2642 1712 2755 1781 80
2774 1710 3022 1766 humanae
3043 1716 3268 1763 naturae.
3305 1706 3364 1760 In
3394 1703 3566 1759 forma
3594 1704 3739 1759 enim

2069 1801 2118 1864 B
2143 1802 2285 1857 servi
2314 1843 2330 1870 ,
2360 1802 2482 1870 quia
2516 1800 2686 1856 factus
2709 1810 2793 1856 est
2833 1816 2899 1855 ex
2931 1799 3182 1864 muliere,
3234 1798 3391 1853 Pater
3430 1796 3599 1866 major
3646 1796 3744 1851 illo

2143 1904 2225 1950 εει
2250 1914 2265 1954 :
2299 1895 2352 1949 in
2379 1894 2549 1951 l‘orma
2577 1905 2754 1949 autem
2788 1895 2905 1962 Dei,
2940 1894 2992 1948 itt
3018 1908 3121 1964 qua
3148 1902 3265 1949 erat
3293 1901 3416 1947 ante
3445 1892 3620 1947 carnis
3648 1906 3743 1945 as-

2141 1986 2502 2055 sumptionem
2529 2028 2545 2054 ,
2598 1987 2742 2041 Patri
2768 1986 3061 2055 coaequalis
3093 1996 3194 2041 est.
3248 1985 3473 2054 Pr0pter
3501 1983 3631 2039 illud
3659 1983 3746 2038 di-

2143 2090 2291 2135 ctum
2319 2088 2434 2147 est,
2472 2079 2629 2133 Pater
2663 2083 2834 2152 major
2859 2096 2939 2134 me
2963 2089 3066 2145 est;
3098 2086 3317 2149 propter
3348 2078 3449 2134 hoc
3470 2120 3485 2143 ,
3520 2078 3632 2149 Ego
3654 2123 3670 2147 ,
3694 2087 3745 2133 et

2144 2169 2327 2238 Pater,
2357 2187 2519 2225 unum
2558 2187 2756 2226 sumus.
2782 2169 3029 2240 Equalis
3058 2184 3187 2240 ergo
3226 2169 3375 2225 Patri
3404 2170 3458 2223 in
3485 2178 3740 2240 quantum

2144 2262 2289 2319 Deus
2318 2274 2421 2330 εει,
2456 2262 2728 2334 subjectus
2756 2277 2886 2318 vero
2916 2263 2971 2316 in
2993 2271 3247 2334 quantum
3284 2262 3447 2318 homo
3474 2274 3577 2318 est.

2881 2352 2973 2413 Vl.

2217 2447 2305 2503 14.
2337 2447 2475 2514 Quid
2516 2446 2695 2504 dilfert
2734 2448 2873 2503 inter
2907 2447 2962 2503 id
2992 2446 3134 2516 quod
3174 2445 3422 2503 Christus
3453 2461 3592 2503 nunc
3620 2446 3743 2501 uni.

2143 2541 2342 2610 genitus
2362 2581 2378 2607 ,
2426 2556 2568 2596 nunc
2607 2541 2973 2612 primogenitus
2998 2553 3120 2596 esse
3148 2540 3505 2610 praedicatur?
3539 2540 3740 2596 Horum

2146 2633 2377 2701 primum
2406 2634 2473 2688 ad
2519 2634 2733 2690 Patrem
2769 2635 3039 2704 pertinet,
3079 2634 3307 2689 alterum
3338 2633 3406 2687 ad
3446 2647 3564 2688 nos.
3608 2632 3741 2689 Nam

2144 2724 2439 2779 secundum
2470 2725 2771 2780 divinitatis
2811 2725 3188 2781 excellentiam
3231 2724 3547 2795 Unigenitus
3578 2733 3661 2781 est
3710 2738 3741 2780 a

2146 2812 2303 2870 Patre
2329 2816 2474 2885 juxta
2507 2815 2877 2887 Evangelium,
2910 2817 3051 2887 quod
3077 2816 3244 2872 dicit:
3292 2816 3359 2871 Et
3381 2818 3600 2871 vidimus
3629 2817 3740 2887 glo-

2146 2907 2280 2961 riam
2303 2910 2450 2979 ejus,
2502 2909 2719 2980 gloriam
2757 2910 2906 2981 quasi
2952 2909 3213 2982 Unigeniti
3242 2929 3273 2964 a
3304 2910 3492 2977 Patre,
3536 2911 3743 2980 plenum

2146 3000 2330 3068 gratia:
2356 3008 2402 3053 et
2424 3001 2669 3057 veritatis.

2220 3094 2305 3150 l5.
2343 3095 2412 3148 At
2440 3108 2596 3166 vero,
2627 3096 2921 3151 secundum
2949 3094 3610 3163 lraternam‘societatcm,
3637 3097 3741 3167 pri-

445 3192 531 3241 tre
555 3184 799 3257 Filioque
824 3186 1086 3256 procedit.
1115 3186 1241 3244 Haec
1271 3199 1449 3245 tamen
1476 3204 1508 3245 a
1555 3191 1711 3246 nobis
1735 3192 1808 3247 ita
1845 3192 2035 3248 dicun-
2062 3182 2114 3246 C
2144 3185 2447 3255 mogenitus
2479 3186 2745 3242 universae
2769 3196 3053 3256 creaturae,
3079 3189 3227 3257 juxta
3259 3189 3309 3243 id
3338 3190 3478 3256 quod
3501 3192 3738 3257 Aposto-

448 3287 539 3333 tur
562 3279 630 3335 dc
661 3278 946 3347 Trinitate,
989 3288 1047 3335 ut
1093 3290 1270 3351 potest
1319 3280 1556 3337 humana
1590 3293 1778 3339 natura
1822 3299 2039 3355 capere.

454 3371 587 3428 Nam
612 3373 733 3444 quis
752 3371 1096 3429 considerare
1114 3374 1348 3431 sufﬁciat
1370 3377 1541 3447 ipsius
1570 3377 1847 3434 Trinitatis
1871 3380 2043 3437 inter-

456 3480 524 3520 na
572 3465 863 3535 mysteria!
895 3465 1175 3533 Quomodo
1225 3467 1417 3536 Pater,
1464 3469 1653 3537 Filius,
1704 3479 1759 3527 et
1810 3470 2043 3543 Spiritus

450 3566 667 3614 sanctus
694 3567 802 3614 tres
836 3572 1080 3629 persona:
1127 3568 1295 3629 sunt,
1339 3576 1441 3617 una
1497 3562 1727 3617 natura?

525 3653 579 3708 9.
603 3651 882 3720 Quomodo
896 3652 1052 3711 Pater
1070 3653 1358 3725 ingenitus,
1378 3654 1544 3711 Filius
1558 3654 1789 3726 genitus,
1811 3656 2043 3728 Spiritus

449 3753 666 3800 sanctus
692 3759 792 3801 nec
819 3743 1105 3818 ingenitus,
1138 3761 1239 3803 nec
1282 3748 1539 3818 genitus?
1568 3748 1850 3814 Quomodo
1876 3751 2043 3809 Filius

448 3834 518 3890 de
545 3834 704 3891 Patre
732 3846 885 3893 natus
913 3846 1014 3902 est,
1045 3838 1280 3909 Spiritus
1320 3850 1538 3897 sanctus
1566 3841 1633 3898 de
1674 3841 1830 3900 Patre
1858 3859 2043 3915 proce-

452 3929 531 3986 dit
557 3942 610 3986 et
638 3931 805 3986 Filio?
827 3932 1106 3998 Quomodo
1132 3933 1303 3988 Filius
1338 3935 1610 3991 nascendo
1639 3938 1900 4006 procedit,
1926 3938 2044 4010 Spi-

450 4022 588 4079 ritus
608 4030 782 4076 autem
813 4031 1029 4079 sanctus
1059 4023 1398 4093 procedendo
1446 4040 1554 4080 non
1598 4029 1875 4083 nascitur?
1896 4030 2039 4096 Quo-

452 4113 613 4171 modo
642 4113 800 4168 Pater
823 4129 1093 4185 nunquam
1131 4116 1249 4172 sine
1282 4115 1439 4185 Filio,
1476 4127 1529 4175 et
1560 4126 1737 4177 tamen
1768 4120 1884 4179 sine
1910 4121 2045 4180 Filio

450 4202 609 4259 Pater
635 4206 819 4275 genuit
849 4206 1082 4263 Filium?

525 4294 615 4351 lt).
643 4295 920 4365 Quomodo
944 4299 1108 4356 Filius
1138 4316 1409 4373 nunquam
1440 4301 1557 4360 sine
1603 4305 1804 4375 Spiritu
1834 4319 2042 4379 sancto,

452 4396 506 4441 et
546 4396 721 4444 tamen
760 4390 875 4445 ait:
908 4390 1025 4446 Nisi
1066 4409 1158 4463 ego
1212 4394 1415 4459 abiero,
1470 4394 1768 4453 Paracletus
1813 4416 1915 4454 non
1957 4417 2044 4457 ve-

457 4482 561 4536 niel
590 4484 659 4536 ad
682 4499 768 4539 vos
786 4485 812 4539 .9
836 4486 1115 4555 Quomodo
1139 4488 1310 4544 Filius
1340 4506 1447 4547 non
1470 4491 1538 4548 de
1567 4508 1626 4548 se
1670 4496 1765 4551 sed
1790 4496 1857 4552 de
1888 4498 2045 4554 Patre

2144 3277 2229 3334 lus
2269 3280 2343 3335 ait
2373 3297 2385 3333 :
2420 3289 2475 3334 ul
2509 3280 2574 3334 sit
2615 3282 2725 3351 ipse
2766 3277 3228 3353 primogenilus'in
3271 3284 3442 3335 multis
3471 3282 3738 3351 fratribus.

2144 3369 2243 3425 Est
2270 3384 2398 3439 ergo
2419 3371 2723 3441 unigenitus
2748 3370 2801 3425 in
2834 3371 3135 3426 substantia
3154 3370 3387 3436 deitatis,
3416 3371 3737 3442 primogeni-

2144 3469 2231 3517 tus
2252 3460 2303 3516 in
2330 3462 2666 3530 susceptione
2681 3462 3056 3518 humanitatis:
3075 3463 3456 3534 primogenitus
3478 3463 3530 3518 in
3549 3463 3737 3532 gratia,

2144 3552 2447 3623 unigenitus
2473 3554 2525 3608 in
2550 3563 2766 3620 natura;
2789 3554 3202 3625 primogenitus,
3223 3558 3370 3625 juxta
3394 3554 3729 3625 Apostolum,

2143 3642 2199 3697 in
2230 3643 2412 3699 multis
2440 3642 2693 3701 fratribus
2718 3662 2732 3711 ;
2767 3645 3070 3716 unigenitus
3100 3656 3304 3702 tantum
3334 3662 3401 3702 ex
3436 3646 3547 3701 Deo
3568 3646 3737 3722 solus.

2143 3734 2273 3790 lude
2295 3744 2376 3790 est
2395 3735 2538 3805 quod
2564 3736 2752 3792 Frater
2772 3749 3110 3810 nuncupatur
3138 3749 3193 3795 et
3213 3739 3471 3796 Dominus
3496 3738 3735 3803 :Frater,

2144 3828 2268 3899 quia
2313 3827 2725 3901 primogenitus;
2764 3829 3023 3888 Dominus
3058 3846 3210 3900 vero,
3248 3833 3377 3903 quia
3414 3833 3738 3904 unigenitus.

2885 3946 2995 4000 Vll.

2146 4055 2227 4114 De
2272 4057 2532 4113 uariorum
2580 4058 2845 4113 nominum
2892 4056 3253 4130 distinctione,
3298 4074 3416 4130 qua:
3464 4059 3604 4116 Filio
3642 4058 3743 4117 Dei

2758 4128 3125 4183 attribuuntur.

2220 4219 2308 4276 16.
2338 4222 2456 4277 Jam
2488 4236 2616 4278 vero
2646 4220 2961 4278 dilferentiae
2994 4224 3079 4277 vel
3120 4223 3537 4294 signiﬁcationes
3568 4228 3741 4283 uomi-

2148 4326 2274 4366 num
2313 4326 2433 4381 qua:
2473 4311 2526 4366 in
2575 4311 2670 4368 Dei
2715 4311 2850 4367 Filio
2880 4312 3276 4384 diStinguuntur
3311 4316 3553 4385 plurima:
3596 4324 3738 4372 sunt.

2148 4402 2255 4459 Sed
2279 4418 2347 4459 ex
2378 4403 2463 4458 his
2491 4403 2736 4474 quaedam
2778 4413 2904 4460 sunt
2930 4405 3196 4460 naturalia
3220 4406 3283 4460 ad
3308 4406 3597 4462 divinitatis
3622 4408 3741 4477 ejus

2150 4495 2521 4551 excellentiam
2561 4496 2884 4567 pertinentia
2908 4538 2923 4564 ,
2956 4499 3199 4567 quaedam
3237 4514 3367 4554 vcro
3412 4500 3732 4554 accidentia.

455 4582 559 4640 est,
585 4590 683 4631 nec
710 4583 887 4633 tamen
914 4579 963 4633 ei
987 4590 1073 4635 est
1099 4582 1365 4649 posterior
1394 4584 1461 4639 de
1479 4599 1585 4654 quo
1616 4586 1738 4642 est?
1762 4588 2042 4654 Quomodo
2071 4562 2125 4623 Ῑ)
2150 4587 2421 4643 Naturalia
2453 4562 2612 4644 sunt:
2644 4589 2807 4656 Deus,
2843 4562 3215 4660 omnipotens,
3248 4589 3543 4656 Perfectus,
3572 4590 3741 4647 Filius

454 4661 686 4732 Spiritus
716 4676 933 4723 sanctus
963 4668 1031 4724 de
1073 4670 1233 4726 Patre
1280 4673 1515 4741 procedit
1554 4685 1607 4730 et
1634 4661 1790 4748 Filio,
1822 4694 1925 4736 nec
1958 4691 2040 4735 ta-

455 4767 579 4809 men
610 4755 678 4811 ab
707 4758 785 4812 eis
816 4760 1131 4827 praeceditur
1161 4778 1190 4817 a
1220 4763 1413 4834 quibus
1462 4767 1738 4835 procedit?

525 4849 551 4901 1
563 4850 584 4903 1
598 4886 615 4904 .
642 4850 920 4917 Quomodo
936 4854 1037 4911 tria
1055 4872 1217 4913 unum
1239 4866 1385 4926 sunt,
1400 4867 1455 4915 et
1468 4874 1633 4915 unum
1656 4860 1792 4919 tria?
1809 4864 2042 4932 Quomo-

453 4978 553 5050 pro
571 4966 813 5050 personis
851 4982 994 5050 saepe
1029 4969 1224 5050 accipi.
1255 4970 1534 5050 Vi_d_e_not.
1582 4989 1615 5027 a
1663 4966 1730 5032 ad
1769 4976 2036 5048 Hymnod.

456 5034 704 5112 llispan.,
734 5037 826 5112 die
853 5036 889 5112 ᾇ
915 5034 1287 5112 Ᾱρτίιὶείρεε.
1308 5043 1435 5098 274.
1464 5048 1633 5099 Anter.

527 5105 581 5160 4.
612 5107 764 5193 Apud
789 5105 1044 5193 Grialiutn
1064 5105 1277 5193 patres,
1294 5131 1356 5169 ex
1384 5115 1566 5193 quibus
1585 5132 1605 5171 :
1625 5119 1764 5189 apud
1786 5118 1919 5176 alios
1944 5139 2037 5193 pa-

456 5186 587 5256 tres,
609 5188 657 5256 et
686 5194 750 5256 ea:
776 5180 958 5256 quibus
975 5180 1079 5256 ,_ut
1094 5182 1157 5256 in
1181 5180 1424 5256 Vulgata.
1458 5189 1629 5242 Ansv.

618 5251 671 5303 In
705 5249 958 5329 Vulgata}
986 5252 1265 5329 Diuisiones
1280 5249 1398 5311 uero
1426 5262 1708 5323 gratiarum
1728 5272 1843 5316 sunt
1866 5303 1882 5329 ,
1904 5264 2039 5319 idem

459 5328 626 5411 autem
646 5321 876 5411 spiritus.
898 5321 967 5377 Et
982 5324 1254 5411 divisiones
1274 5321 1703 5385 ministrationum
1732 5321 1881 5399 sunt
1902 5336 2038 5390 idem

459 5396 626 5440 autem
675 5390 947 5449 Dominus.
976 5392 1043 5448 Et
1068 5396 1336 5453 divisiones
1362 5402 1712 5469 operatiouum
1732 5390 1879 5471 sunt,
1903 5407 2038 5461 idem

459 5474 573 5512 vero
599 5457 758 5513 Deus.
781 5465 951 5521 Ann.

533 5528 945 5618 Ilteudulius
973 5539 1487 5618 Aurelianensis_ad
1534 5545 1871 5618 probandam
1913 5562 2039 5617 pro.

462 5607 761 5688 cessionem
791 5607 1018 5688 Spiritus
1063 5613 1231 5667 sancti
1270 5627 1332 5688 ex
1373 5607 1807 5688 Patre'_Filioque
1856 5607 2022 5674 utitur

464 5669 755 5757 his-Isidem
786 5669 1149 5757 verbis,_t_jute
1176 5684 1329 5751 paulo
1354 5669 1521 5741 aliter,
1556 5669 1817 5757 legib,1iit

466 5741 809 5817 Isidorianis,
844 5759 964 5817 cap.
988 5741 1084 5805 '53.
1119 5741 1287 5810 Anter.

2151 4682 2268 4747 Dei,
2306 4682 2535 4738 Verbum
2556 4724 2572 4748 ,
2601 4680 2952 4753 Principium,
2985 4681 3191 4749 Virtus,
3216 4681 3512 4753 Sapientia,
3541 4684 3739 4754 Imago,

2153 4774 2417 4845 Splendor
2459 4776 2571 4828 sive
2621 4773 2845 4843 Figura,
2892 4772 3199 4830 Brachium.

2223 4866 2332 4937 ει
2376 4861 2462 4916 l7.
2504 4861 2814 4920 Accidentia
2863 4875 2986 4919 sunt
3032 4865 3172 4920 ista:
3206 4867 3405 4938 Agnus,
3456 4865 3740 4933 Sacerdos,

2145 4993 2266 5036 esse
2290 4978 2444 5032 Patre
2468 5017 2484 5043 ,
2515 4991 2623 5031 non
2655 4990 2756 5031 una
2797 4990 2881 5033 est
2916 4988 3154 5033 veterum
3182 4979 3393 5034 Patrum
3426 4981 3693 5035 sententia
3721 4998 3736 5046 ;

2149 5067 2275 5106 nam
2298 5046 2545 5104 nonnulli
2564 5046 2861 5122 docuerunt
2878 5050 3141 5122 majorem
3161 5050 3295 5104 Filio
3324 5051 3540 5122 Patrum
3558 5052 3741 5122 appel-

2145 5122 2282 5186 lari,
2310 5128 2594 5190 propterea
2634 5119 2778 5188 quod
2809 5118 2976 5190 Filius
3006 5136 3035 5173 a
3070 5120 3226 5175 Patre
3265 5120 3471 5190 genitus
3494 5118 3609 5177 εειῖ
3631 5118 3739 5178 Sed

2145 5188 2481 5257 communior
2515 5188 2881 5261 interpretatio
2904 5191 2998 5244 fuit
3029 5188 3325 5260 praesertim
3364 5192 3738 5261 episcoporum

2146 5260 2452 5319 Occidentis
2475 5300 2493 5327 ,
2525 5260 2782 5330 majorem
2803 5259 2939 5316 Filio
2956 5259 3168 5315 Patrem
3183 5264 3303 5317 ideo
3333 5259 3592 5317 nominari
3619 5266 3741 5332 quia

2146 5335 2334 5399 Filius,
2351 5332 2568 5387 homine
2592 5339 2857 5400 suscepto,
2877 5332 3170 5386 minoratus
3192 5343 3272 5387 est
3290 5375 3308 5400 ,
3333 5348 3438 5387 non
3461 5349 3492 5387 a
3512 5334 3621 5389 Deo
3645 5350 3739 5388 so-

2146 5407 2291 5473 lum,
2337 5404 2430 5457 sed
2460 5402 2624 5473 etiam
2662 5402 2732 5455 ab
2768 5403 2995 5473 angelis.
3028 5403 3175 5473 Hanc
3208 5404 3740 5471 interpretationem,

2149 5472 2283 5547 quae,
2308 5482 2455 5531 certe
2490 5472 2822 5547 praeferenda
2857 5481 2969 5539 est,
3016 5472 3437 5547 Isidorustenet
3462 5490 3585 5530 cum
3609 5476 3749 5530 mul-.

2149 5543 2221 5603 tis
2233 5547 2383 5613 aliis,
2410 5558 2543 5613 quos
2564 5543 2810 5599 Petavius
2836 5553 3083 5600 ressncet
3104 5544 3169 5601 de
3186 5544 3377 5601 Trinit.
3404 5546 3499 5601 lib.
3525 5562 3563 5601 ιι
3585 5586 3599 5614 ,
3618 5561 3740 5618 cap.

2147 5620 2182 5674 2
2212 5620 2383 5675 Αιυιν.

2222 5691 2311 5743 16.
2333 5685 2454 5757 1am
2480 5700 2618 5757 vero.
2645 5683 2907 5756 Pleraque
2934 5702 3002 5743 ex
3032 5690 3167 5757 Aug.
3194 5705 3358 5747 serm.
3376 5690 3431 5755 2,
3455 5688 3523 5742 de
3545 5688 3738 5745 Trinit.

2227 5762 2314 5815 Π.
2351 5755 2528 5830 Filius
2550 5754 2645 5830 Dei
2672 5769 2729 5812 et
2759 5754 2861 5813 hoc
2920 5754 3291 5830 ipsum;un
3326 5754 3502 5825 Pater,
3533 5777 3637 5815 tton
3666 5772 3744 5814 ta-

536 5812 625 5870 15.
654 5814 770 5884 Quo
796 5812 973 5875 sensu
1019 5820 1417 5895 intelligendum
1444 5828 1516 5886 sit
1547 5828 1742 5889 Filium
1781 5830 2049 5894 minorem
2157 5812 2283 5893 mea
2304 5812 2424 5902 ipse
2443 5826 2535 5899 (illi
2568 5812 2891 5891 Patenﬂtic
2920 5812 3747 5893 Vihhuit'catndemvesseflii—liiet
