4056 6350
300 366 377 424 73
1503 353 2107 419 DIFFEREN‘I‘IARUM
2147 360 2276 418 LIB.
2318 360 2385 417 II.
3515 369 3586 429 ⁸74

295 486 485 551 Petra,
530 480 717 551 Lapis,
761 477 951 545 Homo,
1000 476 1131 545 Leo,
1179 476 1415 543 Vitulus,
1463 478 1683 548 Aquila,
1730 486 1782 533 et
1813 477 1898 533 his
1926 478 1979 539 Α
2003 492 2067 537 ex
2095 477 2251 532 virilu
2272 475 2446 542 coitu,
2490 472 2586 531 sed
2612 471 2679 531 de
2709 472 2912 547 Spiritu
2952 485 3139 536 saneto
3165 485 3320 538 natus
3347 489 3447 539 est.
3478 484 3583 544 Na-

299 580 521 635 similia.
563 576 707 631 Deus
732 574 928 629 dicitur
952 571 1073 642 quia
1106 585 1172 624 ex
1218 570 1323 625 Deo
1351 569 1560 641 genitus
1585 577 1685 636 est,
1713 569 1898 624 Omni-

298 680 497 745 potens
517 669 587 725 ab
624 668 1024 737 Omnipotente,
1056 665 1331 720 Perfectus
1357 679 1385 717 a
1419 663 1701 720 Perfecto:
1734 664 1898 719 Filius

298 763 399 819 Dei
424 771 545 829 est,
569 760 690 830 quia
714 759 840 814 dum
873 759 973 813 hoc
1004 757 1178 828 ipsum
1206 754 1435 827 sitquod
1466 756 1645 820 Pater,
1674 771 1776 812 non
1812 764 1895 812 ta-

297 868 428 910 men
459 855 574 923 ipse
611 859 695 908 est
723 852 814 921 qui
856 849 1033 905 Pater.

378 946 466 1000 l8.
498 944 734 1000 Verbum
778 952 861 998 est
890 942 1057 997 Filius
1087 942 1201 1009 Dei,
1228 942 1353 1011 quia
1392 943 1604 1011 proprie
1630 941 1696 997 de
1718 940 1898 996 divino

298 1051 400 1093 ore
427 1036 709 1106 processit,
733 1035 817 1090 vel
836 1035 961 1105 quia
990 1032 1121 1089 nihil
1153 1033 1204 1087 in
1234 1032 1530 1088 substantia
1553 1041 1759 1088 natura:
1785 1048 1897 1088 suae

300 1129 516 1186 visibile
538 1129 623 1184 vel
652 1143 969 1200 corporeum
994 1137 1095 1192 est,
1125 1126 1209 1181 vel
1234 1142 1328 1196 pro
1350 1142 1415 1183 eo
1442 1127 1582 1197 quod
1615 1125 1773 1183 Pater
1802 1142 1898 1197 per

303 1240 433 1283 eum
456 1225 634 1282 omnia
656 1224 896 1281 condidit
923 1224 1035 1279 sive
1062 1221 1241 1291 jussit,
1264 1222 1347 1277 vel
1373 1220 1494 1292 quia
1523 1236 1617 1291 per
1640 1221 1787 1276 illum
1816 1223 1896 1276 in-

302 1320 503 1375 notuit.
538 1319 695 1375 Pater
715 1318 1037 1389 principium
1066 1332 1135 1373 ex
1174 1330 1239 1373 eo
1274 1315 1416 1387 quod
1446 1330 1627 1372 rerum
1656 1317 1894 1372 omnium

300 1413 466 1482 origo
493 1420 545 1467 et
573 1425 729 1467 causa
771 1411 864 1467 sit.
914 1410 1176 1476 Dextera,
1220 1419 1441 1478 propter
1465 1408 1714 1466 effectum
1736 1408 1897 1464 totius

300 1512 568 1560 creatura:
594 1544 607 1569 ,
638 1518 757 1572 quae
808 1517 903 1572 per
951 1503 1124 1572 ipsum
1177 1499 1401 1555 formata
1441 1510 1540 1556 est.

379 1594 469 1650 l9.
499 1593 802 1661 Brachium,
820 1594 941 1664 quia
967 1593 1035 1647 ab
1056 1593 1174 1663 ipso
1196 1591 1375 1647 omnia
1393 1590 1891 1646 continentur.Vtr-

304 1695 395 1741 tus
424 1699 520 1754 pro
552 1699 619 1740 eo
649 1685 788 1756 quod
814 1699 1024 1741 omnem
1055 1692 1376 1755 potestatem
1411 1684 1584 1739 Patris
1612 1684 1666 1739 in
1695 1691 1896 1739 semet-

300 1777 482 1847 ipsum
512 1776 737 1844 habeat,
771 1784 826 1833 et
875 1792 1089 1833 omnem
1139 1776 1261 1833 caeli
1306 1784 1570 1845 terraeque
1596 1784 1893 1831 creaturam
1934 1814 1939 1819 »

2006 579 2179 626 turam
2204 573 2401 641 quippe
2432 570 2598 627 traxit
2624 570 2862 643 originis,
2896 587 3002 629 non
3029 573 3239 644 culpam
3262 579 3586 645 praevarica-

2005 661 2187 718 tionis.
2213 662 2419 731 Corpus
2439 677 2508 718 ex
2540 662 2759 735 Virgine
2786 664 3049 733 sumpsit,
3079 665 3440 736 virginitatem
3464 683 3587 728 tm-

2004 759 2171 807 ternre
2200 753 2376 807 carnis
2406 767 2512 807 non
2546 752 2782 808 abstulit.
2814 753 2974 820 Item,
3004 768 3103 810 nos
3126 770 3191 812 ex
3229 772 3332 812 una
3359 773 3588 829 genera-

2004 845 2146 900 tione
2177 844 2545 912 subsistimus;
2591 844 2681 901 ille
2718 853 2898 901 autem
2924 860 2993 902 ex
3014 846 3223 904 duabus
3246 890 3263 918 ,
3297 849 3588 908 divinitatis

2001 945 2058 993 et
2101 937 2464 993 humanitatis.

2071 1030 2159 1084 24.
2198 1032 2276 1086 Ex
2307 1030 2475 1100 prima
2504 1031 2833 1090 nativitatem
2860 1036 3107 1105 sumpsit,
3140 1051 3207 1092 ex
3235 1037 3403 1092 altera
3438 1052 3589 1095 crea-

2000 1124 2225 1180 tionem.
2271 1124 2437 1180 Natus
2477 1124 2622 1180 enim
2666 1125 2843 1181 divina
2880 1128 3250 1197 generatione,
3291 1129 3460 1185 factus
3491 1131 3590 1186 hu-

2001 1233 2179 1273 mana.
2210 1218 2449 1274 Primum
2479 1218 2576 1273 fuit
2600 1219 2716 1276 sine
2738 1228 2997 1290 tempore,
3022 1210 3316 1278 secundum
3340 1222 3394 1277 in
3418 1223 3591 1293 pleni-

2003 1311 2184 1367 tudine
2196 1314 2472 1382 temporis.
2489 1312 2596 1367 Nos
2607 1328 2672 1368 ex
2686 1313 2891 1368 duabus
2905 1315 3241 1370 subsistimus
3252 1316 3589 1386 substantiis,

2001 1407 2261 1477 corporis,
2285 1407 2552 1472 videlicet,
2588 1416 2748 1478 atque
2770 1408 2990 1473 animae;
3022 1408 3110 1465 ille
3137 1424 3264 1464 vero
3287 1425 3352 1465 ex
3381 1410 3587 1466 tribus:

2000 1499 2171 1567 verbi,
2203 1500 2475 1570 corporis,
2516 1508 2572 1555 et
2599 1500 2812 1555 animae.
2850 1499 2978 1580 Inde
3016 1508 3101 1555 est
3146 1500 3287 1570 quod
3320 1501 3593 1571 perfectus

1999 1592 2318 1661 praedicatur
2361 1593 2501 1648 Deus
2546 1602 2600 1649 et
2646 1592 2831 1660 homo,
2861 1593 3065 1648 habens
3108 1592 3161 1646 in
3212 1609 3272 1649 se
3321 1596 3591 1663 geminam

1997 1684 2377 1751 substantiam,
2398 1692 2453 1740 et
2472 1683 2765 1742 divinitatis
2778 1699 2912 1750 suae,
2935 1694 2987 1739 et
3004 1683 3348 1739 humanitatis
3370 1695 3592 1746 nostra.

2764 1775 2852 1831 IX.

298 1866 585 1936 gubernet,
609 1872 883 1924 contineat
908 1877 1066 1940 atque
1093 1876 1265 1939 regat.
1295 1867 1567 1937 Sapientia
1594 1876 1675 1924 est
1706 1883 1802 1937 pro
1823 1882 1890 1924 eo
1922 1872 1968 1934 B
2064 1867 2155 1925 25.
2182 1867 2311 1924 Item
2338 1868 2441 1924 hoc
2459 1868 2620 1924 distat
2644 1868 2783 1924 inter
2805 1878 3019 1924 mortem
3042 1869 3232 1925 Christi
3263 1880 3316 1927 et
3338 1881 3590 1929 nostram.

299 1959 447 2030 quod
486 1960 601 2030 ipse
631 1960 830 2016 revelet
856 1960 1033 2016 omnia
1058 1959 1315 2032 mysteria
1337 1959 1597 2030 scientiae,
1620 1968 1675 2015 et
1701 1974 1893 2016 arcana

297 2050 606 2122 sapientiae.
638 2051 819 2122 Imago
840 2060 921 2108 est
950 2061 1167 2123 propter
1194 2050 1561 2106 similitudinis
1588 2052 1890 2111 veritatem.

370 2141 463 2196 20.
484 2141 704 2211 Species
722 2141 865 2198 enim
888 2142 1058 2199 Patris
1080 2142 1386 2199 indifferens
1406 2150 1510 2210 est,
1533 2141 1737 2199 habens
1762 2145 1815 2199 in
1837 2159 1895 2200 se

298 2235 649 2292 indiscretam
685 2246 950 2305 naturam,
989 2237 1108 2292 sive
1154 2237 1461 2292 essentiam.
1508 2236 1774 2307 Splendor
1804 2253 1897 2308 ap-

296 2325 553 2398 pellatur,
601 2326 725 2397 quia
763 2326 888 2381 dum
936 2327 1005 2381 sit
1035 2327 1151 2396 ipse
1192 2326 1351 2383 Pater
1380 2328 1467 2382 lux
1495 2367 1510 2392 ,
1542 2328 1615 2381 ita
1642 2326 1808 2382 Filius
1829 2327 1897 2383 ab

297 2432 369 2475 eo
396 2417 821 2488 inseparabiliter
837 2419 987 2488 quasi
1005 2418 1261 2488 splendor
1282 2434 1349 2475 ex
1369 2418 1489 2474 luce
1513 2418 1775 2488 procedit.
1802 2418 1894 2473 Fi-

297 2523 434 2581 gura
455 2520 559 2580 est,
585 2511 737 2581 quia,
769 2511 1069 2580 suscipiens
1095 2512 1317 2566 formam
1349 2509 1514 2579 servi,
1542 2526 1760 2580 operum
1785 2512 1897 2566 vir-

298 2610 578 2673 tutumque
602 2601 952 2659 similitudine
991 2602 1163 2658 Patris
1202 2603 1257 2657 in
1306 2616 1367 2659 se
1406 2603 1693 2671 imaginem
1736 2612 1895 2673 atque

299 2693 618 2751 immensam
657 2696 1080 2763 magnitudinem
1119 2696 1438 2767 designavit.

370 2786 466 2845 21.
496 2787 754 2843 Mediator
776 2797 881 2859 est,
910 2789 1031 2859 quia
1053 2788 1193 2845 inter
1213 2788 1485 2845 hominem
1508 2797 1563 2844 et
1585 2788 1753 2844 Deum
1776 2804 1896 2846 me-

298 2883 428 2940 dius
450 2892 555 2952 est,
576 2884 780 2940 habens
801 2885 855 2940 in
891 2899 951 2940 se
978 2884 1331 2941 substantiam
1356 2885 1637 2955 utriusque
1667 2894 1893 2951 naturae,

300 2973 357 3031 id
388 2985 504 3040 est,
546 2974 789 3031 humanae
835 2975 1154 3031 humilitatis
1199 2976 1448 3044 formam,
1501 2985 1557 3032 et
1600 2976 1898 3032 divinitatis

298 3068 703 3124 excellentiam.
758 3069 962 3137 Erro,
1010 3071 1194 3139 Agnus
1246 3077 1464 3140 propter
1512 3069 1896 3135 innocentiam,

302 3169 360 3216 et
391 3162 694 3231 passionem
737 3162 915 3217 carnis
952 3162 1272 3232 appellatur.
1319 3161 1605 3231 Sacerdos,
1644 3163 1766 3231 quia
1805 3178 1897 3217 se-

1998 1960 2108 2016 Nos
2135 1961 2280 2017 enim
2314 1963 2365 2017 in
2405 1970 2636 2018 mortem
2665 1978 2763 2030 pro
2790 1961 2984 2017 merito
3013 1964 3476 2031 praevaricationis
3506 1964 3591 2020 in-

1998 2052 2297 2119 currimus,
2330 2052 2418 2108 ille
2450 2062 2628 2107 autem
2657 2053 2765 2124 83
2793 2064 2983 2122 sponte
3018 2063 3243 2110 mortem
3282 2071 3379 2124 pro
3410 2065 3593 2111 nostra

1997 2146 2169 2201 salute
2193 2147 2430 2214 suscepit
2454 2145 2745 2201 secundum
2785 2145 2926 2215 quod
2974 2145 3087 2217 ipse
3116 2154 3338 2203 testatur
3365 2147 3551 2203 dicens
3577 2165 3592 2203 :

1999 2236 2312 2293 Potestatem
2335 2238 2492 2293 habeo
2518 2238 2744 2309 ponendi
2769 2240 2993 2293 animam
3021 2256 3203 2307 meam,
3231 2250 3277 2296 et
3304 2258 3452 2297 nemo
3480 2258 3593 2297 eam

2001 2332 2135 2388 tollit
2162 2348 2195 2386 a
2225 2347 2324 2397 me,
2356 2332 2445 2386 sed
2469 2347 2561 2399 ego
2589 2347 2723 2403 pono
2744 2346 2877 2385 eam.

2768 2422 2839 2477 X.

2070 2514 2162 2569 E6.
2198 2515 2340 2571 Inter
2369 2515 2793 2569 resurrectionem
2820 2513 3010 2569 Christi
3047 2521 3104 2570 et
3147 2522 3378 2569 nostram
3403 2515 3481 2570 sic
3509 2515 3591 2571 di-

2001 2614 2214 2676 screpat
2239 2621 2253 2658 :
2285 2606 2425 2675 quod
2474 2606 2629 2661 nobis
2650 2605 3057 2661 resurrectionis
3087 2614 3297 2677 tempus
3326 2622 3501 2677 usque
3537 2606 3595 2664 in

2002 2699 2163 2754 finem
2188 2697 2371 2753 saeculi
2410 2696 2675 2764 differtur,
2720 2696 2864 2751 illius
2884 2711 3014 2751 vero
3041 2697 3132 2753 die
3160 2698 3320 2753 tertio
3343 2698 3590 2755 celebra-

2002 2799 2115 2857 tur;
2162 2790 2252 2845 ille
2282 2789 2483 2846 nullius
2510 2789 2657 2859 eguit
2684 2799 2743 2845 ut
2781 2797 3116 2860 resurgeret,
3159 2804 3259 2846 nos
3302 2789 3395 2845 illo
3424 2792 3589 2847 mise-

2000 2891 2156 2940 rante
2181 2881 2534 2954 resurgimus.

2170 3034 2173 3037 λ
2752 2975 2843 3031 XI.

2072 3069 2165 3125 27.
2211 3069 2356 3125 Inter
2391 3068 2696 3123 creatione»:
2747 3068 2927 3122 mundi
2968 3076 3023 3124 et
3060 3070 3422 3139 formationem
3477 3070 3590 3139 ejus

2003 3162 2121 3217 haec
2155 3169 2240 3218 est
2269 3160 2594 3229 differentia,
2628 3162 2769 3231 quod
2806 3161 3136 3231 originaliter
3159 3162 3456 3218 secundum
3479 3176 3594 3216 ma-

303 3252 593 3321 tnetipsum
630 3252 775 3307 Patri
828 3252 1053 3308 hostiam
1087 3268 1184 3322 pro
1234 3254 1389 3309 nobis
1436 3254 1648 3309 obtulit.
1700 3254 1855 3308 Petra
1878 3296 1893 3323 ,
1922 3256 1969 3318 C
2004 3256 2153 3310 terize
2175 3254 2525 3335 substantiam
2547 3255 2908 3310 simulcuncta
2932 3263 3111 3310 creata
3132 3255 3442 3325 sunt,juxta
3458 3255 3590 3314 illud

299 3343 695 3414 quodﬁrmitas
725 3346 794 3400 sit
813 3344 1167 3414 credentium,
1207 3346 1431 3403 oﬂensio
1460 3356 1514 3401 et
1543 3346 1695 3401 ruina
1722 3346 1897 3403 incre-

299 3436 585 3511 dulorums
606 3437 767 3507 Lapis
795 3439 1064 3509 angularis
1083 3482 1097 3505 ,
1121 3440 1243 3510 quia
1274 3440 1441 3497 Vetus
1463 3449 1518 3496 et
1547 3440 1750 3496 Novum
1790 3442 1897 3499 'I‘e-

301 3538 655 3597 stamentum,
682 3531 846 3587 veluti
865 3531 972 3586 duo
996 3532 1230 3602 parietes
1253 3548 1319 3587 ex
1341 3532 1569 3589 adverso
1598 3535 1896 3601 venientes,

300 3632 556 3694 tanquam
588 3624 850 3696 angulus,
890 3624 1107 3682 sibimet
1135 3625 1409 3696 copulavit
1443 3641 1507 3682 ac
1543 3627 1668 3683 fidei
1696 3629 1899 3684 unitate

302 3716 607 3785 conjunxit.

372 3806 466 3862 2‘2.
509 3807 704 3876 Homo,
736 3822 859 3879 quia
887 3808 1182 3865 secundum
1204 3824 1419 3865 carnem
1459 3824 1526 3866 ex
1548 3809 1768 3881 Virgine
1800 3827 1897 3867 na-

302 3910 392 3957 tus
429 3909 515 3957 est
563 3900 830 3972 passibilis
876 3910 1036 3973 atque
1074 3902 1339 3958 mortalis.
1384 3902 1511 3970 Leo,
1566 3912 1784 3973 propter
1811 3920 1898 3960 re-

301 4006 465 4062 gnum
495 4001 551 4048 et
578 3995 894 4063 potentiam,
920 4009 1014 4064 per
1037 4009 1191 4065 quam
1212 3996 1321 4066 82
1352 3996 1406 4051 in
1445 4004 1617 4051 morte
1636 3996 1898 4053 Zabulum

300 4084 452 4139 vicit.
472 4083 703 4151 Vitulus,
718 4087 842 4157 quia
861 4097 1073 4157 propter
1085 4088 1310 4144 salutem
1328 4091 1565 4159 gentium
1589 4091 1897 4147 immolatus

301 4184 408 4233 est.
423 4178 637 4248 Aquila,
654 4193 753 4249 pro
773 4193 839 4235 eo
854 4179 993 4250 quod
1010 4195 1297 4250 resurgens
1313 4181 1379 4235 ad
1399 4191 1539 4237 astra
1552 4182 1671 4238 coeli
1691 4197 1899 4239 remea-

304 4271 397 4337 vit,
422 4278 478 4325 et
507 4270 572 4326 ad
598 4268 782 4327 sedem
810 4280 1087 4341 paternam
1104 4271 1243 4327 unde
1264 4280 1485 4328 venerat
1505 4272 1696 4329 iterum
1716 4273 1894 4329 rediit.

1019 4360 1151 4419 VIII.

372 4450 467 4508 23.
501 4448 646 4508 Inter
666 4451 982 4507 nativitatem
1003 4449 1192 4507 Christi
1208 4461 1263 4509 et
1289 4461 1520 4508 nostram
1538 4455 1639 4510 h'oc
1654 4456 1894 4523 intereSt,

305 4545 444 4615 quod
474 4545 652 4600 omnis
682 4544 844 4600 homo
871 4560 937 4601 ex
965 4544 1143 4601 delicti
1176 4546 1294 4617 lege
1321 4546 1591 4601 invenitur
1619 4562 1739 4603 esse
1769 4564 1899 4604 con-

305 4648 494 4711 ceptus
512 4680 527 4705 ,
556 4638 648 4695 ille
672 4648 851 4713 autem
875 4654 979 4695 non
1011 4654 1078 4695 ex
1103 4639 1535 4711 concupiscentia
1561 4643 1742 4698 carnis
1761 4685 1774 4710 ,
1808 4644 1893 4699 vel

2002 3348 2142 3418 quod
2162 3347 2383 3403 dicitur:
2406 3346 2507 3412 Qui
2531 3347 2650 3413 vivit
2679 3348 2731 3400 in
2754 3355 2999 3401 teternum
3020 3346 3201 3401 creavit
3228 3348 3401 3402 omnia
3414 3348 3593 3404 simul.

2070 3437 2162 3494 28.
2212 3439 2284 3496 At
2324 3452 2454 3494 vero
2491 3438 2785 3494 secundum
2840 3437 3239 3493 distinctionem
3289 3439 3595 3509 specierum

2004 3549 2098 3603 per
2134 3547 2228 3589 sex
2259 3533 2471 3588 dierum
2500 3530 2913 3587 alternationem
2962 3530 3187 3587 formata
3217 3540 3365 3588 sunt.
3405 3530 3596 3587 Totius

2000 3627 2145 3682 enim
2173 3633 2432 3682 creaturae
2456 3624 2609 3694 origo
2637 3622 2799 3677 simul
2827 3622 3067 3690 exstitit,
3096 3622 3306 3692 species
3330 3630 3508 3677 tamen
3539 3626 3598 3678 et

2002 3720 2175 3777 forma
2213 3735 2309 3790 per
2333 3730 2635 3789 temporum
2660 3718 2990 3774 incrementa
3020 3725 3419 3788 processerunt.

2072 3812 2163 3868 29.
2189 3812 2319 3866 Nam
2339 3812 2567 3881 primum
2583 3810 2804 3865 materia
2827 3809 2964 3865 facta
2982 3808 3106 3866 coeli
3121 3816 3177 3865 et
3200 3817 3357 3864 terra:
3368 3808 3592 3865 confusa

2003 3908 2163 3973 atque
2182 3899 2449 3969 informis,
2473 3916 2633 3972 quam
2665 3898 2837 3955 Graeci
2868 3899 3033 3957 chaos
3070 3899 3359 3971 appellant.
3386 3900 3463 3956 De
3487 3914 3592 3971 qua

2004 3993 2346 4065 postmodum
2377 3992 2687 4063 singillatim
2719 4007 2814 4062 per
2840 3992 3050 4062 species
3088 3992 3264 4047 varias
3290 3992 3595 4062 formasque

2001 4088 2247 4160 proprias
2256 4087 2595 4158 prodierunt.
2609 4087 2686 4143 De
2698 4102 2799 4156 qua
2814 4087 3034 4141 materia
3046 4084 3322 4158 Scriptura
3335 4086 3591 4158 loquitur:

2006 4178 2107 4247 Qui
2125 4176 2290 4251 fecisti
2313 4177 2561 4232 mundum
2587 4178 2650 4231 de
2672 4177 2885 4231 materia
2906 4177 3138 4245 informi.
3161 4175 3291 4243 ρυω
3311 4176 3380 4233 ob
3395 4176 3498 4231 hoc
3520 4176 3598 4233 in-

2002 4268 2210 4336 formis,
2227 4269 2348 4338 quia
2363 4269 2537 4324 adhuc
2556 4268 2779 4324 confusa
2797 4276 2914 4323 erat
2940 4276 3100 4337 atque
3126 4266 3374 4335 obscura,
3394 4276 3449 4323 et
3463 4280 3593 4325 nec-

2002 4366 2129 4422 dum
2156 4379 2251 4435 per
2274 4363 2511 4420 visibiles
2542 4362 2771 4432 species,
2796 4362 3074 4432 variasque
3105 4361 3300 4416 formas
3334 4360 3585 4417 discreta.

2071 4457 2161 4513 50.
2197 4456 2305 4513 Sed
2346 4457 2566 4512 materia
2597 4453 2733 4509 facta
2763 4462 2846 4509 est
2877 4452 2945 4507 de
2976 4451 3164 4507 nihilo.
3196 4451 3381 4508 Mundi
3412 4463 3591 4510 autem

2002 4554 2210 4622 species
2238 4550 2308 4606 de
2348 4548 2563 4604 informi
2600 4546 2847 4601 materia.
2896 4545 3124 4600 Proinde
3152 4544 3285 4600 duas
3340 4559 3429 4601 res
3469 4555 3595 4601 ante

2004 4658 2217 4700 omnem
2243 4642 2382 4697 diem
2414 4649 2469 4696 et
2501 4648 2710 4709 tempus
2739 4636 2979 4694 condidit
3021 4636 3165 4693 Deus
3201 4636 3543 4707 omnipotens
3578 4655 3593 4693 :

307 4780 482 4838 Patris
506 4786 771 4844 naturam,
804 4792 909 4833 non
949 4777 1191 4833 eamdem
1223 4791 1528 4849 personam.
1561 4777 1692 4849 Vide
1742 4790 1897 4836 notas
1924 4784 1981 4846 Ι)
2006 4782 2158 4835 etiam
2186 4777 2413 4849 plerique
2444 4775 2531 4845 qui
2559 4780 2795 4849 astruunt
2823 4787 2886 4825 ea:
2912 4769 3075 4849 tribus
3101 4766 3405 4849 substantiis
3432 4783 3588 4849 unam

303 4867 454 4909 meas
486 4851 555 4907 ad
603 4850 900 4914 Sedulium,
952 4850 1250 4920 l.rr,gve_rs.
1298 4847 1424 4920 519.
1461 4850 1536 4904 De
1587 4847 1894 4920 huiusmodi

303 4938 436 4978 vero
457 4921 786 4991 nominibus,
801 4934 923 4989 quae
944 4919 1077 4974 Filio
1091 4918 1182 4974 Dei
1208 4918 1597 4991 attribuuntur,
1611 4918 1720 4991 agit
1734 4923 1893 4976 etiam

304 4996 545 5051 Isidorus
572 4993 608 5047 l.
635 5007 706 5047 vn
736 4990 1146 5062 Etymologiar..
1170 5003 1291 5062 cap.
1321 4990 1383 5062 2.
1401 4990 1571 5045 Ansv.

376 5064 471 5118 24.
502 5062 603 5118 Ille
623 5078 741 5117 vero
771 5060 834 5117 eis
861 5060 1046 5117 tribus.
1072 5060 1333 5130 Apposite
1372 5060 1425 5115 in
1470 5062 1700 5117 concilio
1724 5062 1888 5118 Tole-

307 5147 438 5191 tano
476 5149 572 5202 xv,
617 5132 849 5204 pmside
892 5140 1080 5204 sancto
1130 5130 1359 5197 Juliano,
1394 5142 1752 5204 _propugnata
1794 5134 1895 5189 fuit

307 5205 540 5261 assertio
569 5202 711 5274 quod
741 5212 851 5259 tres
880 5204 932 5258 in
956 5202 1171 5257 Christo
1198 5204 1306 5257 sint
1327 5202 1669 5259 substantiae:
1694 5204 1818 5259 Tres
1839 5205 1893 5259 in

309 5276 519 5331 Christo
556 5273 862 5331 substantias
902 5274 1151 5339 diximus,
1184 5273 1320 5344 quod
1354 5283 1402 5344 et
1443 5276 1664 5344 majores
1693 5286 1896 5331 nostras

307 5349 548 5402 docuisse
566 5346 977 5412 monstravimus,
1002 5343 1551 5417 honorantesvidelicet
1564 5355 1611 5417 et
1633 5358 1897 5417 sequentes

310 5418 619 5489 sententiam
646 5418 866 5489 doctoris
880 5417 1112 5489 egregiiL
1124 5412 1455 5489 Hispalensis
1484 5416 1620 5489 sedis
1646 5412 1892 5489 episcopi,

308 5507 468 5561 quam
494 5488 745 5561 inlibris
779 5485 1301 5561 suis'dedi/ferentia
1350 5485 1787 5561 naturteChtjsti,
1819 5485 1899 5542 uel

309 5556 503 5617 nostrae
526 5560 791 5623 disseruit,
816 5559 899 5612 ubi
926 5560 1017 5623 ait,
1051 5570 1155 5612 etc.
1186 5557 1373 5611 Patres
1399 5558 1613 5612 concilii
1662 5556 1897 5613 Franco-

310 5632 628 5700 fordiensis,
658 5646 799 5686 anno
828 5630 952 5695 794,
980 5629 1117 5683 hanc
1150 5626 1404 5698 loquendi
1435 5629 1694 5684 rationem
1720 5630 1895 5686 minus

311 5704 635 5775 probabant,
666 5713 724 5756 ut
744 5710 972 5775 _constat
1002 5716 1068 5756 ex
1098 5699 1277 5775 libello
1327 5701 1698 5775 episcoporum
1731 5701 1895 5775 Italiae

309 5770 497 5832 contra
530 5770 877 5844 Elipandum,
908 5787 972 5828 ex
994 5772 1209 5844 concilii
1234 5770 1451 5844 decreto
1499 5770 1661 5844 misso
1690 5773 1756 5828 ad
1776 5772 1896 5844 epi-

306 5862 504 5921 scopos
525 5842 839 5917 ‘Ilispanize,
886 5852 1021 5901 tom.
1051 5858 1124 5897 vn
1175 5842 1377 5911 Labb.,
1398 5844 1506 5902 col.
1542 5843 1681 5903 1028
1710 5864 1730 5900 ε
1757 5843 1894 5900 Sunt

759 5938 1007 5998 Parum.
1062 5934 1420 5999 LXXXIII.

2003 4840 2299 4905 mediatoris
2322 4840 2592 4917 personam
2641 4842 2816 4909 Verbi,
2847 4841 3017 4917 carnis
3063 4846 3110 4892 et
3148 4840 3358 4917 animis,
3380 4855 3498 4917 cum
3538 4840 3595 4893 iu

2002 4937 2161 4977 causa
2180 4918 2304 4990 ﬁdei
2322 4908 2434 4973 rnon
2456 4916 2692 4990 uideatur
2728 4908 3069 4990 necessarium
3088 4910 3380 4990 sophistica
3412 4908 3593 4990 dispu-

2002 4937 2161 4977 causa
2180 4926 2304 4990 ﬁdei
2333 4934 2434 4973 non
2456 4926 2692 4969 videatur
2728 4927 3069 4968 necessarium
3088 4926 3366 5033 σοᾶηιδιισα
3412 4926 3593 4990 anpu-

2000 4995 2189 5049 tatione
2232 4988 2558 5062 «scutarium
2618 4986 2911 5062 litterarum
2983 4980 3130 5062 calca
3184 4996 3237 5062 ε.
3278 4980 3594 5062 ςμιιοθὶἯοα

1998 5077 2239 5136 spargere
2266 5076 2442 5115 manu.
2472 5057 2669 5114 Verum
2689 5056 2798 5136 jam
2817 5054 3193 5136 olim_sar_ictu_s
3213 5048 3588 5136 Julia'nusg'l‘o:

1997 5119 2208 5190 Ietarius
2229 5144 2446 5188 causam
2475 5142 2627 5185 suam
2656 5119 2851 5182 acriter
2877 5123 3210 5200 defenderat,
3241 5119 3590 5200 ae__ltomano

1999 5208 2157 5261 etiam
2187 5200 2433 5259 Pontifici
2464 5200 2806 5272 probaverat,
2835 5196 3078 5267 quamvis
3112 5190 3362 5272 _nonnulli
3390 5197 3501 5243 tres
3529 5190 3585 5245 in

2001 5276 2217 5332 Christo
2246 5263 2575 5330 substantias
2594 5270 2649 5325 in
2676 5263 2823 5324 nullo
2852 5263 3032 5322 sensu
3063 5263 3267 5333 admitti
3309 5273 3467 5333 posse
3498 5273 3589 5316 as-

2000 5329 2314 5404 seruissent.
2359 5343 2493 5398 Vide
2518 5341 2842 5406 Florezium,
2876 5338 3025 5404 Hisp.
3046 5346 3182 5389 sacr.
3206 5329 3341 5386 tom.
3367 5329 3434 5400 V,
3462 5344 3585 5403 pag.

2001 5417 2128 5483 9.97,
2152 5426 2205 5472 et
2236 5425 2366 5471 tom.
2390 5414 2431 5469 Il
2465 5414 2683 5470 Patrum
2712 5410 2961 5485 Toletan.
2989 5408 3166 5485 Δίων.
3298 5474 3309 5485 _
3360 5483 3367 5485 Α
3446 5473 3476 5485 Α

2068 5474 2162 5543 2⁵1.
2188 5486 2671 5558 Quodpriginaliter
2691 5475 3212 5558 secundantmateria:
3229 5474 3585 5558 substantiam.

2002 5546 2392 5616 Processerunt
2419 5546 2485 5612 ἐκ
2517 5554 2775 5626 (Ξῑεεοιίη
2800 5564 2947 5605 xxxtt
2973 5546 3187 5628 h-lgralo.
3217 5561 3338 5628 περ·
3365 5546 3434 5628 ,9;
3572 5612 3587 5625 ,

2076 5614 2214 5685 Ibid.
2232 5628 2401 5685 Simul
2421 5636 2605 5682 cuncta
2631 5614 2802 5679 Ereata
2826 5627 2963 5674 sunt.
2992 5616 3050 5672 Id
3076 5634 3181 5686 quo
3196 5614 3589 5686 pactoin'telligi

2002 5702 2217 5768 debeat,
2250 5702 2543 5770 explicatur
2571 5713 2601 5752 a
2628 5695 2815 5751 Loaisa
2842 5692 2897 5747 in
2925 5698 3041 5746 not.
3070 5690 3139 5746 ad
3166 5689 3258 5746 lib.
3280 5702 3297 5740 ι
3316 5685 3590 5749 Sentent.,

2003 5788 2123 5846 cap.
2158 5775 2245 5857 ll.
2278 5778 2448 5830 Ansv.

3111 5918 3148 5976 3
