4056 6350
477 270 551 330 τες
1517 270 1574 331 8.
1617 271 1866 352 lSlDORl
1907 272 2354 358 uisrAtuNsts
2394 274 2698 354 EPISCOPI
3677 284 3747 358 re

479 390 814 478 angelicam,
844 388 1113 458 videlicet,
1142 398 1473 458 creaturam,
1503 399 1558 447 et
1585 391 1865 448 informem
1895 404 2060 449 male-
2093 399 2132 482 ᾼ
2169 392 2308 460 bilis,
2335 402 2616 466 motusque
2640 394 2860 462 inesset,
2884 409 2984 453 nec
3009 401 3315 482 germinare
3340 398 3543 480 utique,
3572 417 3748 482 neque

478 471 650 552 riami
673 471 1034 553 quae'quid‘em
1058 481 1184 538 dum
1207 483 1277 539 sit
1298 498 1363 540 ex
1391 481 1559 537 nihilo
1585 482 1720 538 facta
1740 526 1755 550 ,
1789 486 2064 553 praecessit
2097 471 2106 486 ’

478 585 661 632 tamen
689 589 778 631 res
805 571 871 630 e‘x
901 589 961 630 se
992 562 1294 630 factas'non
1321 573 1619 631 aeternitate
1639 616 1656 642 ,
1687 575 1782 631 sed
1812 575 1923 632 sola
1956 577 2064 631 ori-

478 667 624 738 gine,
656 669 794 721 sicut
815 680 979 720 sonus
1009 674 1252 720 cantum.

551 755 640 818 5i.
661 760 792 816 Nam
814 760 906 830 qui
929 759 1062 816 vivit
1081 763 1132 815 in
1157 769 1436 825 internum,
1460 758 1664 815 creavit
1683 759 1858 814 omnia
1881 760 2059 814 simul.

476 851 662 924 Itaque
692 870 797 907 non
827 853 1007 907 omnia
1039 868 1104 906 ex
1140 851 1304 906 nihilo
1338 851 1576 906 condidit
1609 838 1774 918 Deus,
1805 852 1896 905 sed
1922 865 2065 922 quae-

476 945 601 1002 dam
643 961 714 1002 ex
763 945 975 1016 aliquo,
1013 945 1125 1016 84
1157 944 1405 1014 qnzcdam
1438 953 1615 1000 autem
1647 961 1710 1000 ex
1743 943 1931 998 nihilo.
1991 943 2066 998 De

477 1037 649 1095 nihilo
677 1037 964 1102 mundum,
1009 1037 1252 1105 angelum
1288 1047 1343 1092 et
1385 1039 1621 1104 animas;
1662 1052 1727 1093 ex
1765 1038 1942 1108 aliquo
1971 1034 2068 1090 ho-

478 1133 680 1188 minem
709 1140 766 1189 et
800 1140 1020 1188 exteras
1069 1130 1252 1185 mundi
1299 1141 1596 1186 creaturas.

1209 1249 1325 1304 XII.

981 1339 1059 1396 De
1087 1340 1283 1414 duplici
1308 1339 1569 1413 paradiso.

550 1434 638 1506 52.
671 1433 823 1508 Unus
862 1442 945 1490 est
990 1443 1257 1508 terrenus,
1312 1433 1400 1487 ubi
1448 1434 1740 1512 primorum
1788 1431 2066 1488 hominum

483 1525 835 1598 corporaliter
863 1526 966 1580 vita
991 1525 1227 1600 exstitit,
1251 1517 1256 1522 ’
1278 1523 1414 1579 alter
1445 1524 1694 1591 caeleuis,
1744 1524 1830 1576 ubi
1880 1523 2073 1600 anima:

481 1614 783 1680 beatorum,
814 1616 993 1690 statim
1028 1624 1084 1670 ut
1112 1632 1140 1694 a
1164 1630 1392 1694 corpore
1413 1623 1630 1694 exeunt,
1658 1614 2071 1688 transferuntur,

481 1711 665 1775 atque,
687 1705 845 1776 digna
877 1685 1126 1760 felicitate
1153 1685 1394 1764 laetantes
1415 1748 1430 1771 ,
1462 1685 1779 1774 exspectant
1808 1705 2072 1773 receptio-

2167 501 2408 542 crescere
2449 497 2699 557 possent;
2749 500 2910 562 atque
2939 491 3040 546 ista
3059 492 3192 561 'qum
3226 493 3389 548 vitam
3427 495 3546 551 sine
3587 512 3747 552 sensu

2166 577 2368 634 habent
2395 581 2655 650 lapidibus
2685 592 3067 652 praeponuntur
3089 593 3144 640 et
3165 595 3340 644 terrae.
3593 575 3596 578 ’
3733 575 3739 580 ’

2239 673 2326 726 58.
2357 672 2568 756 Tertius
2596 674 2900 756 gradus'est
2949 677 2999 730 in
3044 678 3108 732 iis
3137 695 3256 749 quae
3295 695 3398 735 non
3429 681 3600 756 solum
3631 697 3751 742 cre-

2166 771 2325 820 scunt
2346 774 2400 820 et
2424 753 2629 832 vivunt,
2654 767 2746 821 sed
2768 755 2926 822 etiam
2951 772 3272 837 sentiunt,at
3290 789 3394 850 non
3423 753 3751 857 intelligunt,

2167 858 2342 927 qualis
2365 867 2448 914 est
2479 860 2526 912 in
2551 861 2857 929 pecoribus.
2881 862 3110 927 Quartus
3141 867 3336 938 gradus
3358 875 3443 920 est
3470 867 3521 924 in
3550 869 3615 923 iis
3635 883 3756 940 qua!

2169 960 2438 1014 crescunt,
2468 951 2667 1016 vivunt,
2702 953 2967 1022 sentiunt,
3000 963 3052 1010 et
3100 956 3422 1024 intelligunt,
3451 959 3544 1013 sed
3579 971 3754 1018 tamen

2170 1043 2440 1112 mortalia,
2471 1053 2527 1098 ut
2556 1047 2800 1100 animalia
2824 1056 2968 1115 sunt,
2995 1048 3168 1118 qualis
3199 1039 3306 1105 est“
3328 1052 3381 1105 in
3423 1032 3752 1118 hominibus.

2240 1136 2329 1191 59.
2359 1137 2588 1205 Quintus
2613 1147 2696 1194 est
2719 1140 2770 1194 in
2803 1140 2867 1194 iis
2904 1137 3024 1211 qum’
3050 1145 3312 1210 sentiunt,
3345 1153 3399 1200 et
3427 1145 3758 1216 intelligunt,

2171 1240 2226 1287 et
2250 1232 2568 1286 immortalia
2594 1245 2737 1301 sunt,
2772 1235 2946 1304 qualis
2980 1246 3062 1290 est
3096 1235 3149 1290 in
3188 1224 3414 1307 angelis.
3445 1238 3671 1307 Sextus,
3706 1240 3760 1296 id

2170 1324 2312 1393 quod
2344 1325 2677 1381 immutabile
2708 1335 2762 1381 et
2792 1327 3087 1396 infinitum,
3130 1339 3184 1384 et
3210 1329 3436 1398 simplex
3463 1341 3568 1400 est,
3593 1347 3623 1386 a
3655 1347 3761 1401 quo

2173 1415 2349 1470 omnis
2393 1415 2506 1470 hmo
2536 1424 2724 1470 natura
2771 1415 3081 1488 inspiratur,
3115 1428 3381 1484 movetur,
3409 1405 3758 1490 gubernatur,

2174 1517 2228 1562 et
2245 1512 2471 1576 regitur,
2504 1509 2645 1580 quod
2665 1517 2746 1564 est
2772 1509 2935 1564 Deus.

2247 1601 2336 1655 40.
2367 1585 2474 1655 Sed
2511 1600 2628 1657 haec
2665 1602 2879 1680 quidem
2909 1603 3085 1656 omnia
3108 1646 3124 1673 ,
3179 1603 3315 1659 sicut
3355 1603 3607 1674 gradibus
3635 1619 3760 1661 cre-

2177 1703 2352 1755 scunt,
2389 1694 2460 1746 ita
2487 1693 2589 1747 sibi
2621 1695 2878 1764 qualitate
2907 1707 3111 1751 naturae
3142 1696 3476 1778 praecellunt.
3507 1696 3638 1751 Nam
3668 1711 3761 1778 ar-

484 1813 610 1854 nem
641 1811 924 1880 corporum
957 1813 1196 1876 suorum.
1225 1798 1298 1852 De
1331 1800 1432 1853 hoc
1459 1799 1706 1866 paradiso
1733 1798 1987 1854 Dominus
2009 1797 2070 1852 ad

2179 1788 2277 1842 hor
2308 1786 2591 1856 praefertur
2618 1788 2801 1868 lapidi,
2833 1799 2889 1844 et
2920 1804 3082 1870 pecus
3114 1789 3312 1854 arbori,
3345 1773 3399 1845 et
3420 1771 3581 1868 homo
3605 1772 3764 1871 peco-

481 1889 744 1942 latronem
769 1886 902 1966 dixit
937 1905 952 1944 :
989 1887 1159 1966 Hodie
1185 1905 1382 1943 mecum
1406 1889 1507 1943 eris
1529 1890 1583 1942 in
1610 1879 1873 1958 paradiso.
1901 1889 2076 1960 Origi-

484 1980 677 2035 naliter
701 1961 877 2034 autem
919 1961 1074 2051 primi
1121 1981 1356 2036 hominis
1383 1983 1536 2051 culpa
1586 1997 1684 2036 nos
1715 1981 1784 2036 de
1829 1982 2074 2052 paradiso

484 2072 709 2142 expulit,
741 2079 797 2126 et
838 2071 891 2152 in
936 2074 1071 2152 hanc
1114 2072 1287 2129 exsilii
1339 2075 1823 2152 peregrinationem
1855 2074 2070 2143 dejecit.

555 2161 642 2220 35.
669 2165 796 2220 Inde
815 2147 1060 2236 estquod
1087 2168 1538 2246 pTIB\‘aI‘IllalIt)llIS
1561 2183 1674 2246 suae
1706 2147 1854 2246 reatu
1885 2167 2077 2226 astrin-

483 2258 679 2328 gimur.
697 2258 849 2315 Unde
872 2298 876 2302 λ
903 2269 920 2312 ι
943 2257 1138 2313 merito
1160 2241 1439 2313 sententiae
1458 2241 1648 2313 debito
1664 2241 1875 2336 poenam
1896 2268 2075 2329 pater-

484 2373 568 2414 ηαξ
590 2358 1044 2428 praevaricationis
1057 2357 1410 2412 exsolvimus.
1435 2356 1566 2410 Nam
1590 2356 1661 2409 ita
1687 2358 1888 2424 primus
1912 2356 2073 2411 homo

482 2458 566 2506 est
593 2449 863 2515 conditus,
896 2457 956 2528 ut
984 2464 1078 2522 per
1117 2459 1460 2516 augmentum
1493 2455 1711 2502 aetatum
1757 2445 1871 2502 sine
1898 2447 2074 2503 media

485 2551 661 2599 morte
689 2543 758 2598 de
798 2543 905 2609 vita
937 2542 1229 2622 corporalis
1263 2541 1495 2620 paradisi
1544 2553 1962 2597 commutaretur
2007 2541 2073 2618 ad

483 2633 648 2689 vitam
673 2634 904 2706 paradisi
938 2634 1192 2704 caelestis.

554 2727 646 2782 54.
675 2727 781 2784 Sed
805 2709 925 2810 quia
943 2709 1052 2782 hoc
1074 2727 1215 2806 bono
1236 2734 1523 2782 contentus
1550 2742 1670 2784 esse
1698 2727 1890 2810 noluit,
1907 2727 2074 2796 proti-

483 2834 585 2874 nus
612 2835 726 2875 sutn
763 2818 1089 2875 conditionis
1132 2819 1326 2874 merito
1375 2819 1579 2883 caruit,
1624 2828 1956 2898 mortemque
1984 2831 2074 2898 ge-

481 2913 682 2968 minam
717 2913 910 2966 anima:
941 2919 993 2964 et
1035 2911 1278 2982 corporis
1312 2909 1535 2965 invenit.
1572 2897 1927 2981 Ignorantiam
1960 2897 2075 2961 veri

482 3015 538 3062 et
572 3012 894 3084 vetustatem
927 3002 1178 3067 obtinuit,
1213 3009 1374 3074 atque
1417 3001 1471 3055 in
1502 3015 1723 3084 omnem
1768 3000 2071 3080 progeniem

487 3097 688 3178 peccati
729 3097 810 3151 sui
854 3081 1349 3184 praevaricationem
1376 3081 1835 3176 transmisit,'non
1868 3099 2070 3146 tantum

2179 1879 2244 1944 ri,
2275 1879 2496 1949 angelus
2520 1879 2743 1948 homini,
2777 1887 2832 1934 et
2858 1871 2996 1934 De'us
3031 1880 3357 1968 prtcponitut'
3376 1879 3597 1950 angelis.

2901 1994 3058 2052 XIV:

2249 2063 2336 2119 ll.
2371 2064 2514 2119 Inter
2536 2064 2768 2136 angelos,
2800 2063 3076 2142 daemones,
3109 2074 3164 2134 et
3193 2066 3420 2142 homines
3453 2067 3591 2142 hanc
3618 2065 3765 2136 diﬂ'e-

2178 2159 2405 2211 rentiam
2435 2166 2650 2236 veteres
2688 2138 3050 2226 scripserunt,
3085 2141 3225 2236 quod
3249 2159 3424 2236 angeli
3465 2138 3571 2236 sint
3604 2157 3766 2236 spiri-

2180 2247 2338 2303 tualis
2387 2233 2708 2330 substantia,
2763 2239 2887 2307 ante
2942 2265 3157 2326 omnem
3207 2233 3508 2332 creaturam
3537 2233 3766 2332 creati,

2179 2350 2371 2395 natura
2398 2325 2684 2416 mutabiles
2713 2343 3052 2422 conditi,sed
3078 2325 3530 2422 contemplatione
3554 2346 3643 2422 Dei
3665 2325 3767 2422 im-

2178 2435 2462 2514 mutabiles
2490 2421 2636 2518 facti,
2663 2419 3235 2518 animoimpassibiles,
3255 2447 3431 2518 mente
3455 2417 3766 2516 rationales,

2180 2511 2421 2608 tempore
2444 2511 2634 2608 aeterni
2650 2511 2672 2596 ,I
2713 2511 3041 2614 beatitudine
3067 2511 3354 2610 perpetui,
3393 2511 3644 2584 felicitate
3672 2543 3762 2583 se-

2179 2604 2322 2683 curi,
2353 2604 2514 2675 futuri
2547 2604 2778 2698 praascii,
2806 2604 2944 2693 iussi
2962 2604 3216 2702 mundum
3240 2604 3623 2700 regunt,missi
3645 2636 3770 2699 cor-

2182 2726 2307 2780 pora
2337 2727 2401 2766 ex
2432 2714 2714 2792 excellenti
2749 2730 2874 2771 aere
2903 2697 3142 2792 sumunt,
3179 2716 3232 2771 in
3279 2697 3588 2792 coelestibus
3615 2697 3770 2784 cum-

2181 2813 2476 2859 morantur.
2505 2789 2526 2796 h
2593 2791 2596 2794 ’
2703 2783 2710 2794 ’
2955 2789 2976 2798 ”
3047 2787 3052 2794 ’
3115 2791 3141 2812 ’⁸
3496 2789 3551 2796 Ἡ

2249 2896 2360 2968 86
2388 2894 2477 2962 42.
2512 2896 2794 2951 Daemones
2837 2905 2961 2952 sunt
3007 2900 3200 2966 impuri
3245 2897 3495 2968 spiritus,
3546 2896 3773 2958 subtiles

2181 2997 2235 3040 et
2263 2979 2402 3055 vagi,
2436 2987 2619 3041 animo
2650 2975 2944 3057 pas-sibiles,
2995 2975 3174 3068 mente
3214 2987 3580 3053 rationabiles,
3636 3002 3774 3042 cor-

2188 3095 2319 3145 pore
2350 3081 2522 3146 aerei,
2550 3067 2789 3147 tempore
2809 3067 3023 3144 aeterni,
3045 3079 3393 3134 humanitatis
3422 3079 3645 3146 inimici,
3673 3093 3774 3132 no-

561 3175 660 3268 hos
687 3191 777 3266 qui
817 3159 1032 3262 pioprio
1063 3163 1386 3262 delinquunt
1428 3173 1673 3272 arbitrio,
1707 3169 1802 3264 sed
1828 3169 1990 3264 etiam
2023 3185 2075 3238 in
2105 3179 2150 3242 ο
2181 3171 2336 3272 condi
2363 3169 2562 3272 cupidi,
2586 3171 2832 3272 superbia
2857 3170 3066 3238 tumidi,
3097 3171 3523 3272 fallaciacallidi,
3553 3159 3776 3272 semper

482 3265 602 3358 illos
622 3265 716 3353 qui
745 3271 981 3336 nondum
1015 3275 1280 3352 implicari
1310 3279 1489 3348 valent
1527 3265 1721 3360 actuali
1756 3287 1997 3356 peccato.

555 3375 644 3431 55.
670 3360 813 3428 Ἰηᾱθ
837 3382 919 3426 est
955 3359 1100 3441 quod
1133 3369 1373 3441 parvulis
1397 3367 1595 3422 lavacri
1625 3368 1793 3448 gratia
1824 3365 2075 3421 concedi-

483 3478 588 3522 tur.
621 3465 757 3534 Quia
787 3465 885 3544 etsi
917 3477 1022 3532 non
1055 3472 1136 3518 est
1177 3461 1281 3540 illis
1331 3467 1606 3542 peccatum
1640 3458 1841 3554 proprii
1872 3457 2071 3526 operis,

480 3541 618 3618 inest
633 3571 809 3636 tamen
825 3541 1163 3627 originaliter
1185 3571 1321 3612 noxa
1345 3563 1579 3625 paternae
1597 3541 2071 3636 praevaricationis.

477 3633 634 3712 Unde
661 3627 717 3734 et.
751 3627 1003 3734 propheta
1037 3649 1202 3705 David
1229 3663 1294 3720 ex
1329 3648 1620 3746 semetipso
1647 3627 1940 3699 humanum
1973 3627 2072 3724 ge-

480 3763 582 3820 nus
605 3727 892 3820 deplorans
925 3727 1271 3824 conqueritur
1302 3742 1487 3823 dicens
1515 3727 1536 3792 :'
1563 3737 1695 3814 Ecce
1730 3739 1782 3790 in
1823 3737 2070 3805 iniquita-

480 3841 610 3896 tibus
630 3846 898 3910 conceptus
919 3851 1053 3902 sum,
1068 3837 1184 3888 etin
1205 3833 1422 3904 peccatis
1445 3831 1634 3912 peperit
1655 3848 1734 3914 me
1756 3840 1913 3884 mater
1937 3845 2068 3882 mea.

1199 3946 1339 4004 XIII.

994 4017 1069 4092 ρε
1096 4033 1269 4096 rerum
1300 4017 1566 4092 gradibus.

553 4113 641 4190 56.
674 4111 885 4192 Gradus
911 4099 1335 4166 veldill'erentia:
1365 4123 1541 4186 rerum
1573 4123 1665 4188 sex
1689 4115 1833 4161 sunt.
1884 4104 1939 4159 Id
1967 4114 2070 4184 est,

480 4223 581 4284 non
609 4183 844 4272 uirentia,
1018 4185 1262 4268 uirentia,
1296 4185 1696 4282 irr‘ationabilia,
1717 4201 2068 4280 rationabilia,

481 4297 743 4372 mortalia,
773 4287 1118 4370 immortalia;
1156 4293 1473 4348 novissimus
1509 4292 1671 4355 Dsus,
1705 4294 1794 4361 qui
1817 4301 1887 4344 est
1917 4307 2073 4356 super

481 4369 652 4441 omnia
682 4369 975 4440 benedictus
1007 4385 1060 4454 in
1090 4379 1300 4437 stccula.
1326 4382 1535 4435 Primus
1553 4375 1746 4450 gradus
1775 4392 1856 4434 est
1882 4395 2070 4460 eorum

483 4490 603 4551 quae
638 4495 745 4554 non
777 4461 1064 4554 crescunt,
1094 4476 1199 4530 vita
1239 4485 1491 4554 motuque
1531 4485 1744 4538 carent,
1788 4475 1957 4545 qualis
1988 4482 2072 4530 est

479 4549 843 4641 inlapidibus.
1300 4551 1304 4554 ’
1409 4549 1416 4572 ¹

553 4661 643 4716 57.
676 4661 955 4719 Secundus
981 4661 1201 4732 gradus,
1236 4661 1288 4714 in
1335 4661 1402 4714 iis
1434 4674 1554 4730 qua:
1580 4668 1868 4724 crescunt,
1909 4661 2068 4715 vitam

483 4762 794 4825 motumque
846 4755 960 4809 sine
1001 4767 1165 4808 sensu
1221 4753 1462 4816 habent,
1516 4751 1686 4821 qualis
1727 4762 1810 4807 est
1853 4755 1904 4807 in
1949 4753 2073 4807 her-

480 4845 585 4912 bis,
610 4847 690 4916 vel
724 4848 777 4915 in
814 4844 1118 4922 arboribus,
1146 4843 1339 4928 quibus
1384 4844 1426 4916 si
1456 4843 1675 4918 minime
1699 4845 1806 4898 vita
1839 4843 2072 4900 insensi-

550 4981 639 5038 55.
685 4981 893 5054 Peperit
917 4995 995 5035 me
1023 4988 1185 5054 mater
1213 4994 1349 5044 mea,
1383 4979 1623 5054 itaiapud
1649 4977 1836 5049 Greg.,
1869 4978 1959 5032 lib.
1992 4994 2068 5033 vn

479 5054 636 5124 Reg,
666 5049 786 5126 cap.
807 5051 905 5126 A53,
939 5055 992 5126 et
1022 5049 1113 5126 lib.
1143 5065 1239 5115 xu,
1268 5066 1384 5126 cap.
1419 5049 1567 5126 10.ὶῇ⁸

552 5118 985 5194 Ibid.‘Vulgata'i
1018 5121 1086 5174 In
1113 5123 1329 5190 peccatis”
1351 5121 1581 5194 calicepit
1616 5136 1699 5177 me
1732 5129 1893 5175 mater
1929 5137 2060 5176 mea.

479 5198 650 5251 Ansv.
835 5193 841 5194 ⁷
1071 5193 1074 5202 ’
1319 5197 1486 5204 ’
1656 5197 1688 5206 ”

483 5263 643 5319 ’“’56.
676 5268 903 5335 Samson
935 5263 1100 5318 abbas
1153 5259 1542 5335 Cordubensis,
1579 5265 1632 5335 in
1689 5264 2063 5335 Apologetico,

479 5336 574 5412 lib.
606 5353 666 5401 ιι,
701 5331 933 5406 εςψθδ,
968 5337 1200 5410 quinque
1243 5331 2065 5412 differentiasﬁreat'urarnmex

485 5405 779 5480 Augustum
824 5405 1138 5480 enumerat:
1174 5409 1281 5480 tum
1315 5408 1461 5480 addit
1515 5405 1678 5462 :'"Sed
1728 5417 1779 5480 et
1826 5408 2057 5480 egregius

482 5471 657 5529 doctor
685 5475 918 5530 Isidorus
948 5477 999 5546 in
1051 5476 1177 5530 libro
1235 5477 1652 5544 Diﬂ'erentiarum
1701 5471 1883 5531 dicit}
1934 5471 2068 5542 Quot

480 5549 814 5616 sitiitgradus
859 5551 933 5600 uel
982 5547 1283 5616 cli/ferentia:
1302 5553 1511 5606 rerum?
1569 5550 1697 5605 Sex.
1726 5550 1890 5613 Qum?
1945 5549 2068 5603 Non

480 5619 719 5690 virentia,
749 5617 982 5680 viventia.
1007 5623 1294 5690 seutientia,
1341 5623 1686 5684 rationabilia,
1722 5620 2065 5684 immortalia;

480 5689 827 5764 nouissimum,
858 5693 994 5762 quod
1020 5703 1092 5746 est
1121 5711 1275 5757 super
1294 5695 1485 5757 omnia,
1523 5692 1676 5745 Deus.
1713 5691 1918 5744 Primus
1947 5709 2067 5764 gra-

483 5761 600 5830 dus,
628 5772 759 5830 cte.,
789 5761 910 5819 cum
935 5765 1035 5818 levi
1062 5768 1294 5834 quodam
1324 5765 1702 5818 nonnullarum
1731 5779 1922 5818 vocum
1949 5761 2064 5819 'dis-

2179 3266 2231 3318 in
2263 3264 2450 3318 fraude
2477 3265 2623 3318 novi.
2656 3264 3010 3320 Commoveat
3037 3259 3259 3329 sensus,
3290 3266 3495 3335 lingunt
3520 3261 3774 3333 affectus,

2177 3357 2339 3410 vitam
2373 3357 2610 3421 turbant,
2640 3341 2861 3424 somnos
2893 3357 3228 3427 inquietant,
3261 3356 3480 3411 morbos
3509 3355 3775 3422 inferunt,

2177 3433 2388 3505 mentes
2420 3458 2648 3512 terrent,
2683 3449 2919 3504 Inetnbra
2953 3449 3322 3518 distorquent,
3350 3460 3524 3504 sortes
3551 3457 3774 3520 regunt,

2179 3544 2461 3614 praestigiis
2495 3542 2711 3598 oracula
2765 3525 3009 3610 lingunt,
3061 3541 3366 3610 cupidinem
3415 3543 3615 3595 amoris
3663 3541 3773 3595 illi-

2177 3639 2343 3705 ciunt,
2380 3639 2626 3692 ardorem
2656 3635 2966 3706 cupiditatis
2999 3631 3316 3702 infundunt,
3346 3633 3400 3689 in
3434 3634 3772 3689 consecratis

2179 3731 2498 3799 imaginibus
2524 3727 3126 3808 delitescunt;invocati
3155 3727 3379 3796 adsunt,
3408 3729 3548 3784 veris
3573 3728 3773 3784 similia

2177 3823 2488 3904 metiuntur,
2542 3834 2818 3902 mutantur
2861 3824 2915 3879 in
2958 3823 3185 3879 diversis
3231 3823 3439 3892 figuris,
3495 3823 3773 3904 interdum

2176 3919 2230 3996 in
2260 3901 2569 3988 angelorum
2618 3918 2938 3988 imaginibus
2980 3917 3454 3972 transformamur.
3498 3917 3558 3996 lli
3592 3901 3770 3990 quon-

2176 3993 2298 4066 dam
2323 4027 2351 4066 a
2379 3995 2508 4066 sede
2535 4012 2741 4068 caelesti
2771 4012 2841 4067 ob
2866 4011 3171 4082 superbiam
3204 4011 3360 4082 lapsi,
3395 3993 3538 4067 nunc
3562 4011 3616 4072 in
3637 4024 3772 4090 aere

2175 4111 2595 4160 commorantur.

2247 4195 2338 4250 45.
2397 4194 2654 4251 Homines
2721 4204 2844 4250 sunt
2889 4195 3134 4251 ratione-
3167 4208 3433 4264 capaces,
3487 4193 3772 4272 intellectu

2177 4286 2482 4356 sapientes,
2535 4273 2627 4342 ore
2673 4287 2955 4358 loquaces,
3003 4295 3192 4345 natura
3239 4287 3409 4357 magis
3455 4301 3615 4356 quam
3663 4285 3768 4339 do-

2176 4380 2346 4434 ctrina
2394 4379 2668 4446 valentes,
2712 4386 2852 4434 statu
2905 4378 3095 4454 rigidi,
3142 4377 3291 4454 vultu
3346 4376 3543 4440 erecti,
3598 4376 3768 4446 ligura

2177 4466 2414 4528 universi
2444 4459 2672 4554 similes,
2701 4483 2754 4548 et
2783 4451 2922 4548 inter
2961 4487 3019 4527 se
3059 4471 3346 4527 dissimiles
3387 4469 3605 4540 singuli,
3649 4469 3772 4522 ani-

2107 4560 2271 4621 Dmo
2302 4565 2656 4632 immortales,
2710 4581 2869 4620 sensu
2925 4564 3204 4629 imbecilli,
3255 4577 3481 4632 corpore
3523 4559 3768 4630 fragiles,

2181 4669 2361 4715 mente
2386 4661 2553 4726 leves,
2581 4645 2777 4713 diversi
2811 4657 3070 4722 moribus,
3101 4655 3332 4723 impares
3361 4643 3662 4716 erroribus,
3693 4651 3765 4706 ad

2176 4754 2354 4809 studia
2388 4741 2609 4819 inertes,
2643 4752 2795 4820 proni
2817 4751 2886 4808 ad
2915 4750 3244 4819 voluptates,
3273 4745 3412 4804 cassi
3441 4747 3642 4814 labore,
3671 4746 3771 4800 di-

2176 4848 2323 4924 vitiis
2352 4845 2572 4924 caduci,
2599 4843 2963 4920 sollicitudine
3001 4841 3180 4909 anxii,
3219 4839 3528 4912 singillatim
3561 4847 3767 4894 morta-

2175 4983 2416 5036 crimine.
2454 4982 2622 5036 Annv.
2709 4991 2712 4996 '

2243 5050 2333 5128 3f).
2369 5053 2496 5119 Qum
2524 5053 2744 5128 sentiunt
2773 5060 2818 5106 et
2848 5051 3176 5128 intelligunt,
3208 5057 3256 5128 et
3280 5048 3594 5128 immortalia
3619 5058 3764 5128 sunt.

2174 5123 2377 5198 Eodem
2431 5124 2592 5178 modo
2650 5125 2973 5198 Augustinus
2996 5120 3031 5190 ,'
3069 5123 3264 5198 viride
3288 5120 3471 5198 Civili,
3515 5132 3643 5198 cap.
3680 5122 3713 5171 6
3750 5138 3764 5198 ς

2184 5194 2276 5248 Vel
2303 5196 2473 5256 etiam,
2521 5210 2637 5265 qua:
2683 5190 2954 5248 nutritorio
2996 5190 3225 5246 Subsidia
3276 5208 3377 5244 non
3409 5190 3650 5265 _indiget,
3676 5197 3768 5245 sed

2171 5274 2371 5319 tantum
2408 5262 2630 5320 continet
2650 5306 2666 5333 ,
2708 5265 2880 5330 sentit,
2908 5266 3266 5335 intelligitque.
3297 5262 3463 5330 qualis
3489 5271 3562 5315 est
3586 5263 3639 5313 in
3673 5279 3768 5315 an-

2203 5339 2313 5392 elis.
2361 5347 2364 5350 ’
2536 5342 2538 5344 ’
2659 5345 2664 5350 ’
3041 5333 3045 5344 ’
3163 5333 3172 5364 λ

2169 5355 2327 5479 ᾀεῖδ.
2344 5409 2569 5479 Corpore
2581 5410 2735 5464 aerei.
2752 5404 3084 5474 August.,de
3109 5403 3339 5479 Divinat.
3367 5403 3758 5479 Dmnmu.,eap.

2175 5477 2208 5531 5
2235 5495 2248 5533 :
2285 5475 2590 5536 Dtemouum
2633 5497 2693 5533 ea
2729 5488 2800 5531 est
2835 5487 3022 5530 natura
3049 5516 3064 5539 ,
3098 5483 3151 5527 ut
3181 5476 3316 5528 aerei
3347 5475 3577 5545 corporis
3606 5488 3758 5528 sensi

2174 5559 2432 5622 terrenum
2453 5552 2686 5622 corporis
2713 5547 2916 5622 sensum
2943 5550 3097 5622 facile
3119 5547 3433 5616 praecedant.

2242 5621 2332 5679 45.
2350 5617 2759 5692 γυεηυόαιὶϊαά
2786 5621 3026 5692 gloriam.
3057 5617 3182 5674 Hinc
3210 5633 3316 5674 non
3344 5624 3471 5674 sunt
3492 5618 3545 5670 in
3568 5631 3729 5669 manu

2175 5691 2390 5762 scriptis
2418 5693 2588 5748 libris.
