4056 6350
290 308 367 367 77
1484 310 2082 372 DIFFERENTIARUM
2123 315 2248 371 LIB.
2292 318 2335 373 II
3486 323 3557 385 78

287 424 574 521 Ies,_prole
616 422 931 521 mutabiles,
956 423 1062 478 vita
1091 423 1322 493 queruli,
1356 431 1598 496 tempore
1628 428 1870 494 celeres,
2045 430 2135 484 49.
2172 394 2363 485 Pectus
2402 432 2511 487 aeri
2551 434 2906 521 coniungitur,
2946 437 3070 508 quia
3111 440 3191 497 sic
3218 440 3347 521 Inde
3384 398 3551 503 an.

288 514 431 573 tardi
455 515 522 569 ad
550 514 888 585 sapientiam,
918 516 1127 572 veloces
1157 517 1223 572 ad
1255 528 1505 586 mortem,
1534 521 1601 576 de
1630 524 1869 590 praeteri-

288 614 356 669 tis
383 610 533 675 nudi,
557 611 623 663 de
649 610 1004 679 praesentibus
1030 610 1241 682 exigui,
1296 614 1363 668 de
1413 614 1609 670 futuris
1640 614 1869 683 incerti;

281 705 659 773 concipiuntur
686 701 740 755 in
769 701 1069 771 iniquitate,
1120 702 1173 757 in
1204 712 1428 772 peccato
1459 716 1772 772 nascuntur,
1818 708 1871 761 in

280 799 468 854 labore
495 798 710 861 vivunt,
762 794 815 848 in
840 794 1029 851 dolore
1068 797 1403 864 moriuntur;
1460 799 1636 853 denuo
1673 799 1762 853 alii
1803 799 1869 853 ad

279 893 532 963 gloriam,
563 890 649 945 alii
681 888 751 944 ad
780 902 993 958 pinnam
1021 889 1089 944 de
1116 888 1292 944 favilla
1324 901 1607 963 surgentes
1633 892 1867 948 debitum

280 988 521 1041 solvunt.

1025 1073 1139 1128 XV.

388 1168 533 1221 Inter
564 1165 1039 1235 prmaricationem
1077 1165 1361 1233 angelicam
1375 1176 1433 1228 et
1462 1168 1760 1221 humanam.

354 1260 443 1314 44.
474 1260 603 1327 Quae
627 1261 697 1314 sit
724 1258 981 1315 discretio
1026 1259 1469 1328 praevaricationis
1514 1261 1762 1331 angelica:
1815 1269 1870 1315 et

276 1356 523 1409 humana:
573 1362 813 1419 naturae,
859 1368 954 1408 cur
997 1353 1098 1432 ista
1143 1352 1445 1418 redimitur,
1482 1354 1569 1408 illa
1617 1355 1734 1409 sine
1766 1354 1869 1409 ﬁne

275 1447 600 1502 damnatur?
630 1445 1078 1501 Przevaricatores
1094 1445 1291 1514 quippe
1312 1446 1483 1516 angeli
1512 1445 1630 1501 ideo
1654 1449 1866 1501 veniam

281 1555 388 1595 non
423 1540 641 1606 habent,
671 1554 737 1594 eo
766 1538 909 1609 quod
951 1537 1252 1611 fragilitatis
1299 1540 1531 1593 carnalis
1563 1540 1705 1595 nulla
1740 1556 1866 1611 gra-

274 1640 464 1687 ventur
510 1628 842 1685 inﬁmitate.
903 1627 1160 1684 Homines
1208 1639 1386 1684 autem
1440 1639 1866 1707 postpeccatum

274 1722 476 1778 idcirco
502 1722 570 1777 ad
599 1723 809 1778 veniam
857 1722 1056 1777 reverti
1094 1731 1341 1791 possunt,
1390 1730 1671 1792 propterea
1723 1723 1864 1793 quod

272 1814 481 1884 pondus
507 1813 908 1868 inﬁrmitatisex
930 1813 1071 1867 lutea
1100 1806 1384 1869 traxerunt
1405 1814 1648 1869 materia.

341 1905 452 1975 89
484 1903 577 1960 45.
600 1903 797 1960 Probat
817 1904 1099 1958 Psalmista
1127 1904 1268 1973 quod
1294 1912 1509 1974 propter
1531 1905 1708 1959 carnis
1738 1920 1865 1959 con-

271 1990 531 2055 ditionem
561 1999 767 2055 reditus
796 2000 875 2055 eis
904 2007 1079 2068 pateat
1111 1999 1177 2053 ad
1208 2000 1465 2065 salutem;
1494 2001 1570 2055 sic
1603 2000 1747 2055 enim
1778 2003 1862 2056 di»

270 2092 346 2146 cit
377 2109 391 2146 :
428 2089 551 2161 Ipse
579 2092 673 2146 scit
701 2092 997 2162 ﬁgmentum
1026 2100 1279 2145 nostrum.
1316 2090 1592 2159 Memento,
1623 2074 1861 2160 Domine,

268 2186 405 2255 quod
442 2194 581 2239 terra
636 2202 832 2239 sumus.
879 2186 944 2239 Et
986 2186 1220 2239 iterum:
1270 2185 1560 2240 Memorare
1597 2204 1710 2258 qum
1750 2204 1862 2242 mea

266 2278 571 2332 substantia.
602 2280 672 2332 At
699 2292 829 2331 vero
857 2276 1123 2343 diabolus,
1150 2277 1235 2331 vel
1260 2277 1478 2347 maligni
1502 2279 1745 2346 spiritus,
1765 2296 1863 2336 nec

266 2380 492 2439 possunt
521 2369 720 2423 habere
744 2369 974 2434 veniam,
1006 2382 1106 2422 nec
1128 2378 1424 2435 merentur,
1451 2368 1586 2423 sicut
1605 2372 1859 2439 scriptum

265 2470 351 2514 est
372 2460 437 2513 de
452 2457 644 2514 eodem
665 2467 848 2528 aposta
858 2466 926 2522 ta,
945 2457 1100 2528 cujus
1114 2473 1227 2525 cor,
1245 2460 1394 2528 quasi
1416 2461 1572 2529 lapis,
1592 2461 1862 2516 indurabi-

264 2559 375 2613 tur,
411 2551 637 2617 scilicet,
662 2557 720 2604 ut
756 2547 1082 2619 paenitentia:
1114 2536 1528 2619 compunctione
1559 2564 1665 2605 non
1689 2551 1857 2605 emol-

262 2644 443 2699 liatur.

1007 2736 1146 2791 XVI.

340 2830 426 2886 46.
461 2829 605 2886 Inter
622 2830 876 2885 hominem
892 2836 946 2884 et
970 2845 1126 2901 pecus
1147 2830 1249 2884 ista
1276 2837 1358 2883 est
1379 2828 1660 2884 discretio.
1687 2827 1859 2885 Homo

262 2929 349 2995 est
378 2920 579 2975 animal
608 2937 675 2975 ex
720 2935 949 2989 corpore
1002 2920 1284 2991 animaque
1332 2920 1547 2975 vivente
1590 2920 1854 2989 composi-

263 3023 400 3082 tum,
434 3024 597 3085 atque
624 3013 890 3084 spirituali
944 3013 1315 3083 compactione
1346 3013 1653 3078 formatum,
1682 3013 1855 3067 subsi-

204 3114 418 3178 ..δίεπε
452 3100 685 3172 ratione,
726 3106 991 3175 liberique
1037 3100 1241 3159 arbitrii
1274 3104 1569 3170 voluntate,
1602 3105 1850 3158 vitiorum

1975 521 2103 574 titur
2129 521 2433 589 spiraminis
2460 521 2635 590 flatus,
2659 512 2809 580 'sicut
2855 542 2921 581 ex
2959 528 3084 585 aere
3123 512 3404 589 ventorum
3432 537 3547 607 spi-

1974 612 2127 666 ritus.
2167 613 2362 668 Venter
2402 624 2579 670 autem
2632 620 2764 672 mari
2813 621 3155 691 assimilatur,
3201 638 3420 705 propter
3442 614 3550 686 col-

1976 702 2252 757 lectionem
2324 706 2561 762 omnium
2638 709 2958 781 bumorum,
3034 716 3185 782 quasi
3250 702 3543 791 congrega-

1974 795 2169 850 tionem
2226 810 2499 865 aquarum.
2564 800 2792 870 Vestigia
2856 808 3126 871 po‘stremo
3184 817 3343 865 terra:
3399 827 3549 866 com-

1974 894 2249 953 parantur,
2273 901 2340 941 eo
2370 889 2510 956 quod
2542 901 2663 944 sunt
2684 893 2901 971 innima
2958 896 3320 953 membrorum
3372 903 3545 971 arida,

1972 975 2084 1029 sive
2106 978 2269 1040 sicca,
2304 979 2441 1033 sicut
2469 989 2524 1035 et
2550 954 2878 1064 tcrrajlam
2926 1000 3055 1040 vero
3103 989 3154 1041 in
3191 991 3377 1060 capitis
3427 954 3552 1050 arce

1974 1083 2124 1124 mens
2144 1070 2401 1125 collocata
2431 1080 2536 1138 est,
2562 1082 2809 1144 tanquam
2835 1079 2885 1130 in
2909 1080 3048 1134 creto
3080 1081 3240 1148 Deus,
3261 1091 3318 1139 ut
3344 1085 3411 1142 ab
3439 1086 3550 1141 alto

1970 1164 2279 1231 speculetur
2307 1166 2518 1230 omnia,
2565 1176 2722 1235 atque
2770 1178 2940 1243 regat.

2041 1256 2131 1311 50.
2189 1256 2381 1312 Factus
2421 1266 2505 1313 est
2541 1270 2720 1314 autem
2752 1264 2911 1316 homo
2945 1263 3012 1318 ad
3040 1269 3545 1337 contemplationem

1968 1347 2089 1401 coeli
2131 1347 2353 1417 rigidus,
2393 1358 2447 1403 et
2485 1356 2715 1415 erectus,
2779 1366 2884 1406 non
2931 1354 3067 1408 sicut
3120 1356 3313 1423 pecora
3354 1361 3406 1414 in
3453 1361 3550 1416 hu-

1970 1452 2112 1490 mum
2158 1452 2343 1504 prona,
2386 1448 2546 1507 atque
2584 1441 2893 1510 vergentia;
2945 1445 2999 1497 in
3046 1446 3201 1513 cujus
3242 1450 3551 1507 summitate

1969 1534 2127 1593 caput
2150 1535 2233 1581 est
2254 1527 2599 1595 collocatum,
2620 1531 2906 1601 datumque
2935 1532 3008 1587 illi
3039 1526 3140 1590 hoc
3170 1551 3384 1605 nomen,
3408 1542 3550 1608 quod

1970 1617 2093 1673 hinc
2121 1620 2332 1687 capiant
2368 1620 2574 1673 initium
2605 1636 2796 1676 sensus
2843 1633 2893 1678 et
2940 1626 3111 1679 nervi.
3157 1627 3342 1697 Capilli
3371 1642 3548 1688 autem

1966 1711 2177 1779 capitis,
2204 1712 2286 1766 vel
2310 1713 2374 1766 ad
2398 1714 2635 1783 Speciem
2661 1726 2783 1770 sunt
2804 1716 3035 1785 decoris,
3062 1720 3149 1776 vel
3172 1722 3237 1777 ad
3258 1727 3541 1784 arcendam

1896 1813 1943 1871 Β
1970 1805 2183 1877 frigoris
2207 1808 2477 1874 iujuriam,
2501 1808 2615 1864 sive
2640 1810 2855 1866 caloris.

2039 1900 2129 1953 51.
2156 1899 2212 1953 In
2235 1902 2409 1969 capite
2424 1916 2487 1954 au
2498 1909 2625 1967 tem,
2647 1912 2706 1955 ut
2729 1903 2803 1956 ait
2820 1911 3037 1960 sanctus
3054 1908 3380 1977 Augustinus
3394 1952 3409 1977 ,
3426 1909 3551 1967 Tres

1968 1999 2207 2058 tanquam
2233 1992 2503 2045 ventriculi
2530 1995 2725 2047 cerebri
2755 1996 3020 2050 constituti
3038 2009 3159 2052 sunt
3187 2014 3206 2053 :
3233 2017 3363 2054 unus
3406 2014 3552 2057 ante-

1963 2084 2073 2137 rior
2099 2085 2168 2137 ad
2199 2086 2403 2157 faciem,
2431 2103 2464 2138 a
2492 2104 2591 2153 quo
2612 2104 2790 2144 sensus
2814 2092 3015 2157 omnis;
3044 2093 3178 2147 alter
3205 2098 3454 2165 posterior
3483 2101 3552 2154 ad

1962 2176 2223 2242 servicem,
2251 2194 2283 2231 a
2303 2194 2404 2247 quo
2424 2188 2591 2233 motus
2621 2184 2786 2235 omnis
2812 2199 2829 2247 ;
2854 2185 3031 2239 tertius
3071 2189 3204 2241 inter
3240 2199 3532 2261 utrumque,

1963 2269 2017 2321 in
2043 2286 2143 2337 quo
2173 2273 2419 2325 memoria
2446 2274 2615 2344 vigere
2639 2275 3035 2345 demonstratur,
3081 2297 3143 2335 ne
3188 2299 3305 2336 cum
3347 2301 3552 2341 sensum

1962 2363 2189 2430 sequitur
2209 2376 2540 2429 morus,non
2588 2378 2854 2421 connectat
2876 2370 3027 2424 homo
3071 2375 3212 2444 quod
3262 2376 3551 2447 faciendum

1963 2461 2057 2515 est,
2084 2455 2129 2506 si
2155 2455 2313 2522 fuerit
2343 2455 2529 2510 oblitus
2555 2460 2693 2526 quod
2742 2460 2883 2529 fecit.
3264 2462 3271 2469 “

2032 2546 2123 2601 52.
2157 2546 2345 2603 Facies
2392 2550 2531 2604 dicta
2580 2561 2685 2618 est,
2712 2567 2779 2608 eo
2804 2554 2947 2624 quod
2989 2557 3230 2613 notitiam
3262 2559 3420 2616 faciat
3448 2561 3549 2618 bo-

1964 2638 2146 2693 minis.
2189 2638 2334 2693 Inter
2374 2639 2564 2695 faciem
2605 2652 2784 2698 autem
2813 2655 2863 2700 et
2892 2647 3097 2701 vultum
3145 2649 3260 2706 haec
3285 2663 3369 2707 est
3397 2652 3549 2710 diffe-

1960 2732 2155 2799 rentia,
2198 2733 2336 2802 quod
2386 2733 2550 2788 facies
2598 2737 2851 2797 naturalis
2885 2748 3146 2796 et-certus
3187 2744 3297 2799 oris
3335 2745 3547 2803 habitus

1958 2832 2071 2889 est;
2105 2823 2283 2879 vultus
2310 2824 2437 2880 vero
2471 2827 2651 2880 varius
2672 2837 2723 2883 et
2746 2830 3038 2884 secundum
3072 2833 3411 2891 affectionem
3432 2839 3550 2895 ani-

1961 2917 2035 2970 mi
2084 2918 2245 2973 modo
2274 2918 2448 2985 laetus,
2502 2920 2662 2973 modo
2716 2920 2905 2976 tristis.
2943 2923 3094 2979 Unde
3122 2934 3179 2980 et
3203 2928 3435 2985 vultuosi
3460 2930 3547 2986 di-

1959 3020 2153 3066 cuntur
2180 3011 2271 3081 qui
2301 3012 2504 3066 vultum
2536 3028 2677 3082 saepe
2706 3026 3058 3072 commutant.
3092 3046 3101 3051 -

2032 3104 2121 3159 5'5.
2152 3104 2267 3159 .Iam
2294 3119 2424 3161 vero
2452 3107 2629 3161 barbae
2659 3112 2795 3162 ratio
2835 3119 3086 3178 quantam
3126 3113 3309 3169 vultus
3335 3115 3546 3189 confert

258 3212 452 3269 capax,
484 3206 645 3267 atque
673 3197 966 3263 virtutum;
996 3205 1050 3250 at
1088 3204 1273 3250 contra
1313 3211 1477 3265 pecus
1524 3204 1605 3249 est
1657 3194 1853 3249 animal
1887 3189 1931 3250 C
1962 3198 2304 3253 decentiam?
2334 3197 2503 3255 Barba
2528 3208 2611 3253 est
2634 3200 2845 3256 decoris
2876 3201 3109 3272 signum,
3160 3207 3433 3264 virilitatis
3462 3211 3545 3266 in-

268 3292 605 3357 irrationale,
630 3291 876 3353 mortale,
906 3298 1055 3344 motu
1076 3289 1253 3343 carnis
1281 3298 1337 3344 et
1356 3287 1629 3358 sanguinis
1649 3289 1855 3341 anima-

266 3393 413 3449 tum;
443 3382 585 3438 unde
606 3391 661 3438 et
689 3381 866 3436 anima
899 3395 1086 3436 eorum
1128 3389 1248 3449 post
1279 3388 1507 3433 mortem
1538 3378 1695 3431 simul
1732 3392 1854 3431 cum

264 3492 430 3533 carne
463 3475 795 3531 dissolvitur.
844 3472 1022 3544 (Adde
1078 3481 1133 3528 et
1173 3470 1339 3536 aliud,
1374 3486 1469 3540 per
1498 3470 1642 3537 quod
1683 3468 1749 3521 ab
1779 3471 1856 3521 eis

264 3570 636 3641 distinguitur.
671 3568 764 3622 Illa
789 3582 959 3636 prona
986 3573 1130 3629 sunt,
1160 3575 1213 3621 et
1235 3564 1299 3619 ad
1330 3573 1525 3618 terram
1550 3563 1853 3632 vergentia;

261 3663 412 3717 nobis
437 3660 759 3715 naturaliter
780 3660 956 3713 vultus
999 3657 1053 3712 in
1082 3659 1277 3711 caelum
1306 3663 1520 3710 erectus
1570 3663 1693 3721 est;
1745 3653 1854 3707 illis

261 3756 431 3810 otium
464 3763 520 3807 et
550 3752 860 3823 opulentia;
899 3749 1050 3804 nobis
1099 3750 1233 3802 ratio
1267 3758 1320 3800 et
1342 3761 1518 3800 sermo
1565 3759 1855 3800 concessus

260 3855 363 3911 est,
393 3860 490 3915 per
504 3860 627 3915 quae
662 3842 958 3912 intelligere
984 3850 1040 3896 et
1071 3841 1235 3894 Deum
1254 3838 1506 3894 confiteri
1542 3839 1852 3908 possimus.)

971 3955 1137 4011 XVII.

580 4050 723 4105 Inter
762 4049 971 4104 humani
1014 4047 1243 4115 corporis
1274 4045 1521 4099 membra.

327 4146 420 4199 47.
453 4144 737 4198 Rationem
762 4150 941 4197 autem
973 4139 1191 4193 humani
1220 4138 1461 4205 corporis
1491 4136 1850 4207 singulorum-

256 4253 358 4311 que
391 4236 757 4291 membrorum
789 4232 1145 4288 differentiam
1180 4230 1512 4293 Lactantius,
1542 4232 1657 4283 sive
1691 4228 1851 4296 pleri-

256 4345 358 4400 que
382 4340 689 4394 auctorum,
716 4327 789 4380 ita
814 4325 1156 4388 deﬁnierunt,
1178 4324 1417 4376 dicentes
1445 4342 1456 4375 :
1486 4321 1656 4375 Homo
1680 4322 1848 4374 dictus

263 4412 333 4475 est
361 4422 424 4474 ab
448 4422 629 4472 humo.
667 4418 766 4472 Hic
793 4433 859 4471 ex
887 4416 1119 4469 diversis
1146 4413 1389 4467 subsistit
1419 4413 1757 4476 substantiis,
1781 4427 1847 4465 ex

257 4511 475 4565 mortali
504 4519 558 4563 cl
591 4479 1143 4610 immortali.Eorpus
1167 4516 1345 4560 autem
1385 4505 1500 4573 ejus
1536 4520 1602 4559 ex
1635 4504 1847 4558 ossibus

1961 3290 2177 3355 dicium,
2208 3306 2331 3363 quae
2358 3304 2411 3349 et
2437 3294 2776 3363 juventutem
2811 3295 3095 3366 signiﬁcat,
3128 3309 3184 3354 et
3233 3314 3393 3356 sexus
3445 3318 3543 3357 na-

1964 3394 2134 3437 turam
2170 3383 2473 3455 distinguit.
2500 3384 2654 3441 Oculi
2679 3396 2858 3441 autem
2885 3388 2937 3442 in
2970 3388 3105 3444 facie
3134 3392 3383 3448 concavis
3415 3393 3547 3450 fora-

1961 3475 2194 3530 minibus
2226 3476 2415 3531 inclusi
2447 3485 2592 3542 sunt,
2624 3494 2653 3531 a
2686 3494 2792 3546 quo
2835 3479 3007 3533 foratu
3060 3480 3210 3537 frons
3273 3485 3543 3543 nominata

1960 3577 2060 3623 est.
2095 3568 2262 3622 Iidem
2293 3585 2507 3639 quoque
2534 3568 2673 3624 oculi
2702 3586 3037 3642 gemmarum
3073 3573 3333 3630 habentes
3354 3577 3547 3631 simili-

1959 3660 2194 3715 tudinem
2226 3662 2559 3717 membranis
2588 3664 2992 3731 perlucentibus
3022 3675 3397 3739 conteguntur.
3449 3670 3550 3724 Per

1957 3767 2086 3821 quas
2114 3752 2453 3807 membranas
2476 3794 2491 3818 ,
2525 3756 2673 3821 quasi
2728 3771 2824 3821 per
2877 3757 3099 3821 vitrum,
3128 3748 3211 3810 vel
3261 3758 3536 3845 speculum

1956 3843 2301 3913 refulgentes,
2335 3858 2488 3898 mens
2517 3859 2577 3899 ea
2610 3860 2729 3914 quae
2781 3843 2913 3899 foris
2967 3856 3092 3899 sunt
3136 3843 3434 3915 transpicit.

2024 3936 2137 4006 39
2162 3934 2250 3989 Si.
2267 3934 2322 3990 In
2343 3934 2518 3990 medio
2539 3946 2717 3991 autem
2742 3937 2933 3991 horum
2954 3937 3163 3991 orbium
3187 3937 3435 3993 scintilla:
3460 3938 3543 3995 lu—

1956 4028 2157 4083 minum
2178 4029 2442 4083 conclusae
2468 4038 2736 4096 tenentur,
2750 4045 2883 4099 quas
2899 4030 3123 4100 pupillas
3138 4046 3407 4099 vocamus,
3422 4034 3544 4105 qui-

1954 4121 2053 4176 bus
2072 4122 2502 4190 cernendigratia
2526 4123 2860 4189 continetur;
2891 4132 2946 4177 et
2968 4129 3025 4176 ut.
3043 4123 3182 4177 oculi
3213 4124 3534 4181 munitiores

1954 4222 2137 4269 essent
2153 4214 2218 4267 ab
2242 4213 2454 4283 injuria,
2471 4230 2561 4269 eos
2580 4214 2769 4283 Opifcx
2790 4230 3030 4269 summus
3053 4216 3375 4286 tegminibus
3389 4231 3547 4273 occu-

1954 4308 2072 4362 luit.
2109 4307 2261 4362 Unde
2289 4318 2341 4361 et
2373 4310 2557 4363 oculos
2579 4324 2699 4363 esse
2728 4308 2921 4373 dictos,
2957 4307 3107 4378 quasi
3136 4310 3435 4366 occultatas
3459 4310 3538 4381 (id

1952 4412 2055 4467 est,
2080 4401 2313 4468 nudique
2339 4403 2596 4471 munitos)
2619 4401 2809 4471 quibus
2832 4399 3083 4456 adhibitae
3103 4411 3226 4457 sunt
3247 4402 3517 4472 palpebrae

1951 4508 1981 4547 a
2012 4494 2320 4562 palpitando
2347 4494 2527 4548 dictae.
2562 4492 2695 4559 Quia
2735 4503 3122 4548 concurrentes
3157 4494 3384 4547 invicem
3413 4507 3541 4548 ocu-

257 4602 583 4658 etcarnibns
605 4608 837 4667 constat,
856 4583 1290 4665 div'i'diturquein
1316 4608 1542 4665 quatuor
1556 4596 1843 4651 elementa.
1878 4586 1930 4644 Ι)
1955 4585 2125 4639 lorum
2148 4586 2390 4639 obtutum
2422 4583 2687 4651 reficiunt,
2715 4586 2836 4654 pilis
2866 4587 2919 4639 in
2947 4585 3137 4639 ordine
3152 4584 3449 4639 astantibus
3469 4584 3536 4639 ad

326 4696 416 4751 48.
454 4695 787 4750 llabetenim
817 4694 867 4747 in
896 4709 954 4748 se
984 4691 1182 4761 aliquid
1217 4691 1353 4760 ignis
1376 4733 1389 4757 ,
1421 4692 1580 4757 aeris,
1615 4703 1765 4757 aqua:
1795 4696 1850 4742 et

260 4803 433 4848 terrm.
466 4791 625 4865 Ratio
649 4800 827 4844 autem
855 4797 1013 4844 terra:
1052 4791 1106 4842 in
1145 4802 1307 4842 carne
1344 4794 1426 4841 est
1460 4804 1473 4840 :
1509 4784 1761 4865 humoris
1796 4783 1847 4836 in

260 4885 536 4953 Sanguine,
562 4862 705 4937 aeris
751 4883 802 4937 in
832 4881 1049 4951 spiritu,
1091 4878 1228 4949 ignis
1258 4878 1313 4932 in
1344 4880 1522 4932 calore
1551 4852 1845 4953 vitaljJSi-

263 4975 470 5045 quidem
495 4973 883 5043 quadripartita
910 4969 1123 5024 humani
1157 4968 1528 5045 corporisss
1551 4967 1685 5020 ratio
1718 4980 1846 5035 qua-

264 4975 470 5045 quidem
495 4973 883 5043 quadripartita
910 4969 1123 5024 humani
1157 4969 1528 5205 corporit‘s
1551 4969 1685 5020 ratio
1718 4980 1846 5035 qua-

264 5072 379 5118 tuor
405 5066 798 5125 elementorum
844 5062 1088 5133 designat
1129 5059 1386 5129 speciem.
1421 5058 1590 5125 Caput
1619 5070 1847 5125 namque

266 5155 327 5205 ad
353 5157 550 5205 cmlum
579 5155 831 5205 refertur.
863 5155 912 5205 in
943 5168 1051 5205 auo
1076 5160 1204 5205 sunt
1232 5151 1337 5205 duo
1360 5166 1390 5205 0
1429 5166 1459 5204 u
1488 5150 1525 5205 i.
1558 5146 1710 5205 uuasi
1739 5148 1847 5203 duo

266 5155 327 5210 ad
353 5157 550 5211 caelum
579 5155 831 5219 refertur,
863 5155 912 5207 iu
943 5168 1051 5225 quo
1076 5160 1204 5208 sunt
1232 5151 1337 5206 duo
1360 5146 1525 5215 om,
1558 5146 1710 5218 quasi
1739 5148 1848 5203 duo

267 5247 543 5317 luminaria
567 5248 697 5302 solis
727 5257 782 5301 et
804 5238 979 5300 lunae.‘

328 5382 419 5441 45.
442 5384 642 5443 Eadem
668 5383 930 5443 sententia
953 5380 1093 5450 apud
1114 5378 1300 5449 Greg.,
1336 5391 1387 5431 tv
1426 5375 1639 5447 Moral.,
1665 5389 1782 5445 cap.
1810 5372 1844 5427 9

500 5525 769 5597 Vulgata:
817 5523 1066 5592 Quoniam
1114 5523 1223 5597 ipse
1276 5520 1503 5597 cognovit
1550 5518 1845 5597 ﬁgmentum

265 5608 506 5653 nostrum.
537 5591 856 5651 Recordatus
886 5604 958 5649 est
991 5595 1229 5661 quoniam
1256 5594 1419 5663 pulvis
1446 5606 1638 5644 sumus.
1670 5591 1840 5643 Anev.

330 5670 417 5725 46.
438 5670 585 5723 Adde
608 5680 653 5722 et
681 5668 896 5721 aliud...
922 5665 1153 5734 conﬁteri
1177 5678 1464 5735 possumus.
1504 5663 1627 5715 Haec
1655 5663 1706 5714 in
1738 5672 1844 5713 uno

265 5742 633 5820 numquier
658 5739 931 5820 ιςεειιιεςιξτο
956 5808 967 5820 ,
1065 5760 1073 5768 ’
1099 5806 1157 5820 .._
1292 5805 1306 5820 .
1424 5803 1456 5820 ..

326 5800 575 5867 "(Iliae
604 5800 796 5867 eadein
814 5800 1067 5879 pleniora
1098 5805 1398 5879 Etymolog.
1424 5803 1519 5859 lib.
1542 5818 1624 5871 ιι,
1650 5815 1769 5870 cap.
1800 5815 1837 5866 ι,

1958 4678 2305 4733 munitionem
2341 4692 2554 4733 eorum.

2030 4766 2116 4823 55.
2179 4766 2472 4835 Supercilia
2527 4779 2738 4835 quoque
2790 4764 2908 4833 pilis
2969 4762 3226 4820 brevibus
3280 4763 3539 4819 adornata

1956 4872 2098 4927 sunt,
2149 4859 2298 4932 quasi
2343 4858 2662 4931 quibusdam
2708 4857 2989 4927 aggeribus
3029 4856 3195 4911 oculis
3242 4856 3542 4924 praebentes

1956 4956 2277 5020 custodiam,
2331 4970 2399 5009 ne
2453 4952 2581 5023 quid
2622 4966 2855 5020 superne
2888 4950 3108 5006 incidat.
3150 4953 3369 5004 Aurium
3416 4948 3538 5004 inde

1955 5048 2153 5103 dictum
2193 5061 2387 5100 nomen
2433 5054 2536 5109 est,
2592 5058 2623 5096 a
2672 5045 2892 5098 vocibus
2935 5042 3261 5097 hauriendis.
3314 5040 3417 5095 Per
3446 5040 3545 5091 im-

1954 5142 2304 5197 mutationem
2353 5139 2494 5193 enim
2546 5138 2737 5192 littera:
2784 5151 2942 5191 aures
2989 5136 3153 5189 veluti
3191 5131 3375 5196 audes,
3416 5138 3543 5181 sunt

1958 5236 2270 5292 nominat-.e.
2318 5233 2421 5289 Per
2474 5232 2569 5287 has
2617 5232 2759 5288 enim
2811 5245 3000 5284 sonum
3030 5236 3351 5291 vocemque,
3383 5220 3539 5291 quasi

1955 5371 2043 5439 ubi
2072 5369 2288 5439 indicati
2324 5366 2425 5448 loci
2455 5380 2487 5419 e
2518 5363 2709 5443 quibus
2740 5370 2947 5443 sumpta
2972 5364 3130 5480 situt;
3181 5352 3329 5423 locus
3357 5354 3540 5478 Augu-

1955 5443 2078 5480 stin“.
2111 5442 2177 5480 rln
2198 5434 2405 5480 norphri
2432 5436 2742 5480 ventriculus
2775 5434 2865 5480 III).
2897 5444 2967 5480 νη
3034 5442 3064 5480 e
3114 5422 3310 5480 Cenes.
3354 5425 3422 5478 ad
3471 5434 3537 5477 Ιῐ-

1951 5422 2183 5496 ξιῖίιὶηλίεέ
2198 5422 2406 5495 cerebri
2432 5422 2742 5507 veniriculis
2774 5422 2876 5486 lib:
2897 5422 3069 5482 νιιίΙὸ
3114 5422 3310 5480 Cenes.
3354 5425 3422 5478 ad
3449 5422 3537 5478 lit-

1949 5509 2561 5649 terigéflpéivtsémw
2589 5591 2683 5645 pro
2713 5584 2759 5649 eg
2790 5565 3229 5649 ριετίᾳυαορκεῖτ

2149 5632 2461 5707 biﬁererntia
2480 5632 2631 5702 'inte'r
2655 5632 2838 5715 {aciein
2869 5632 3167 5715 etlvultum
3197 5636 3385 5691 iisdem
3417 5632 3539 5686 fere

1950 5726 2128 5780 verbis
2162 5735 2412 5792 expressa
2438 5728 2521 5774 est
2574 5716 2628 5781 in
2655 5711 3001 5792 'Difl‘erentiis
3052 5716 3359 5772 verborum,
3382 5715 3536 5760 Itum.

1948 5794 2072 5865 589,
2109 5795 2198 5851 ubi
2224 5780 2468 5864 quaedam
2498 5780 2760 5842 annotata
2787 5792 2934 5839 sunt.
2966 5780 3141 5838 Ann.
