4056 6350
515 380 591 444 ’19
784 430 787 431 ν
1586 381 1643 438 S.
1685 378 1936 438 lSlDORl
1970 375 2409 437 HISPALENSIS
2452 377 2757 437 EPISCOPI
3738 386 3800 441 ,ξο

517 518 621 577 per
659 498 935 559 cochleam
973 496 1320 555 descendere.
1352 495 1507 566 Quod
1540 509 1634 551 aer
1663 496 1802 552 ictus
1832 496 1886 551 in
1932 496 2107 552 circu-
2132 498 2191 559 Α
2215 494 2547 565 dicus,quod
2573 508 2641 550 eo
2674 492 2860 548 tritum
2890 493 3171 565 collyrium
3205 510 3234 549 a
3268 497 3494 554 medicis
3509 498 3799 571 colligitur.

518 594 633 652 lum
664 596 958 664 orbemque
990 603 1288 648 moveatur.

593 687 682 743 56.
715 686 899 752 Cenaa,
955 700 983 738 a
1014 684 1238 755 genibus
1267 682 1443 737 dictae.
1476 681 1609 747 Quia
1653 680 2031 751 complicatum
2058 682 2111 735 in

519 788 676 834 utero
699 779 839 848 gigni
878 778 1202 846 formarique
1232 774 1499 830 hominem
1548 773 1717 839 aiunt,
1753 775 1826 828 ita
1856 788 1911 829 ut
1942 789 2113 845 genua

521 884 733 925 sursum
763 870 892 935 sint,
926 871 1117 941 quibus
1164 867 1305 922 oculi
1354 866 1669 931 formentur,
1704 878 1760 921 ut
1792 867 1909 921 cavi
1941 883 2003 921 ac
2033 881 2116 921 re-

521 959 726 1017 conditi
755 962 902 1014 tiant.
937 960 1165 1028 Ideoque
1193 968 1246 1013 et
1273 959 1361 1028 qui
1382 959 1609 1027 alicujus
1632 962 1899 1027 lacrymas
1921 959 2115 1014 elicere

523 1056 768 1122 cupiunt,
799 1066 968 1122 genua
1001 1060 1241 1120 tangunt,
1266 1065 1329 1104 ac
1360 1065 1453 1119 per
1477 1065 1540 1103 ea
1570 1050 1943 1115 deprecantur,
1973 1048 2115 1118 quod

522 1144 579 1200 in
610 1153 763 1200 utero
786 1140 1134 1199 formaverint
1162 1142 1367 1207 oculos,
1420 1150 1579 1212 atque
1609 1142 1950 1197 enutrierint.
1997 1141 2118 1208 Ipse

521 1251 779 1307 genarum
811 1245 987 1289 tumor
1043 1234 1212 1289 instar
1252 1234 1468 1291 collium
1503 1232 1696 1289 leniter
1726 1248 2019 1304 exsurgens
2050 1233 2118 1287 ab

522 1329 667 1383 omni
700 1336 851 1397 parte
898 1333 1085 1381 contra
1129 1324 1471 1381 imminentes
1516 1326 1671 1391 ictus,
1721 1324 1907 1380 oculos
1954 1322 2120 1379 efﬁcit

522 1429 577 1476 tu
585 1429 689 1477 tos.

594 1511 687 1567 57.
717 1510 883 1566 Nares
899 1510 1079 1575 dictae,
1106 1508 1249 1579 quod
1274 1524 1368 1577 per
1387 1522 1480 1563 eas
1500 1523 1616 1575 aer,
1648 1507 1732 1562 vel
1751 1507 1970 1578 spiritus
1989 1521 2121 1562 nare

521 1617 630 1660 non
660 1602 877 1659 desinit.
908 1602 965 1656 ln
997 1601 1261 1659 his.enim
1294 1600 1395 1654 tria
1420 1611 1542 1654 sunt
1572 1596 1749 1653 ofﬁcia
1775 1615 1789 1653 :
1822 1614 1986 1654 unum
2015 1598 2119 1652 du-

521 1696 679 1753 cendi
707 1694 950 1765 spiritus,
980 1694 1207 1748 alterum
1231 1692 1477 1762 capiendi
1514 1692 1715 1758 odoris,
1752 1691 1966 1747 tertium
1996 1706 2122 1760 pur-

522 1795 773 1858 gamenta
821 1785 1029 1840 cerebri
1086 1782 1380 1838 deﬁuendi.
1436 1782 1509 1838 Os
1562 1782 1767 1837 dictum
1815 1793 1918 1849 est,
1968 1783 2120 1853 quasi

2216 586 2445 653 Quintus
2474 586 2813 651 auricularis,
2837 587 2979 655 quod
3002 602 3067 643 eo
3090 578 3276 643 aurern
3299 591 3613 661 scalpimus.

2288 679 2377 734 bi.
2410 680 2575 733 Porro
2607 690 2793 749 pectus
2837 679 3068 735 hominis
3097 682 3164 737 ab
3193 694 3411 752 aspectu
3455 693 3720 741 vocatum.
3746 686 3804 744 In

2216 770 2381 825 mutis
2417 770 2561 825 enim
2593 770 2952 826 animantibus
3006 772 3073 826 ad
3107 781 3304 827 terram
3342 789 3659 843 Oppressum
3698 788 3805 844 est,

2217 870 2378 931 atque
2405 862 2471 915 ab
2506 872 2725 929 aspectu
2757 871 3052 928 remotum;
3097 862 3331 919 hominis
3362 876 3539 921 autem
3569 868 3805 938 aspectui

2218 962 2406 1021 patens
2431 963 2482 1007 et
2510 963 2770 1009 erectum.
2801 955 3023 1010 Plenum
3044 957 3187 1012 enim
3208 958 3423 1015 ratione
3454 974 3561 1017 non
3583 962 3805 1019 decebat

2218 1061 2338 1102 esse
2366 1046 2540 1102 latens
2578 1057 2634 1102 et
2680 1047 2906 1104 humile.

2294 1140 2383 1195 65.
2415 1140 2819 1219 Papillm.sunt
2869 1156 3219 1198 mammarum
3267 1146 3515 1215 capitula.
3564 1146 3805 1204 Mammas

2222 1242 2399 1289 autem
2443 1244 2681 1289 tumores
2726 1236 2963 1303 pectoris
3007 1234 3199 1291 leviter
3237 1247 3591 1308 exsurgentes
3632 1256 3646 1293 :
3694 1243 3807 1295 haec

2219 1334 2345 1381 sunt
2409 1327 2621 1382 feminis
2678 1326 2744 1380 ad
2801 1326 3054 1382 alendum
3116 1328 3281 1383 fetum
3342 1328 3517 1398 datae,
3572 1330 3808 1387 maribus

2219 1418 2287 1472 ad
2327 1417 2500 1472 solum
2548 1418 2742 1483 decus,
2778 1432 2845 1473 ne
2873 1416 3104 1473 informe
3135 1428 3323 1488 pectus
3350 1434 3477 1478 esse
3505 1422 3804 1478 videretur.

2219 1509 2407 1580 Neque
2434 1509 2581 1565 enim
2609 1508 2834 1564 decebat
2862 1510 2914 1564 in
2957 1509 3174 1565 feminis
3207 1511 3335 1566 alibi
3365 1526 3508 1579 esse,
3558 1528 3717 1584 quam
3749 1522 3809 1570 ut

2221 1600 2421 1653 animal
2454 1600 2761 1670 intelligens
2786 1614 2852 1655 ex
2880 1599 3046 1657 corde
3072 1601 3382 1657 alimoniam
3408 1614 3662 1660 sumeret.

2292 1689 2381 1746 66.
2414 1690 2581 1745 Porro
2610 1690 2894 1745 umbilicus
2941 1698 3025 1747 est
3072 1701 3195 1747 nota
3228 1692 3490 1763 impressa
3539 1710 3661 1765 quae
3694 1710 3810 1751 me-

2221 1783 2369 1837 dium
2413 1793 2654 1839 ventrem
2685 1783 2950 1855 designat.
2988 1785 3069 1839 Ad
3104 1785 3206 1841 hoc
3242 1786 3440 1853 factus,
3476 1797 3540 1866 ut.
3563 1804 3656 1858 per
3681 1804 3808 1845 eum

523 1884 765 1954 corporis
809 1883 1027 1937 ostium.
1072 1879 1237 1949 Cujus
1285 1879 1493 1948 species
1545 1880 1596 1932 in
1649 1879 1859 1935 duobus
1908 1886 2119 1936 constat
2148 1894 2195 1953 Β
2222 1881 2359 1937 lctus
2397 1880 2523 1935 dum
2564 1888 2649 1937 est
2686 1881 2737 1935 in
2776 1889 2929 1937 utero
2958 1882 3256 1938 nutriatur.
3286 1881 3501 1951 Splenis
3547 1892 3726 1939 autem
3756 1892 3813 1939 et

524 1978 759 2033 ofﬁciis:
792 1975 1036 2032 sumendi
1069 1977 1289 2039 victum,
1334 1980 1387 2026 et
1418 1972 1667 2042 loquendi
1696 1973 1893 2041 lingua.

598 2071 687 2125 58.
726 2069 889 2124 Labia
922 2083 953 2121 a
992 2064 1276 2121 lambendo
1307 2065 1597 2119 nominata.
1638 2064 1793 2131 Quod
1824 2073 2001 2119 autem
2032 2076 2121 2117 su-

524 2165 707 2234 perius
731 2171 814 2217 est
833 2160 1031 2215 labium
1047 2158 1301 2223 dicimus;
1320 2158 1460 2227 quod
1487 2157 1731 2225 inferius,
1747 2157 1975 2211 labrum.
2000 2156 2121 2211 Lin-

526 2270 645 2325 guae
674 2268 868 2308 nomen
889 2268 918 2307 a
959 2250 1173 2321 ligando
1192 2248 1313 2302 cibo
1356 2248 1687 2317 impositum.
1709 2249 1835 2303 Haec
1856 2248 2121 2317 interpres

525 2344 723 2397 anima:
743 2356 930 2397 vocem
954 2340 1186 2395 motibus
1209 2336 1322 2391 suis
1352 2337 1404 2391 in
1427 2340 1587 2393 verba
1617 2338 1911 2406 distinguit,
1945 2337 2027 2391 vel
2050 2337 2119 2391 il-

526 2434 719 2491 lisione
735 2434 919 2505 palati,
940 2448 1003 2489 ac
1020 2430 1281 2499 dentium,
1307 2432 1393 2487 vel
1409 2446 1526 2486 com
1536 2431 1813 2500 pressione
1834 2428 2118 2484 labiorum.

600 2525 690 2581 59.
719 2525 918 2580 Dentes
949 2524 1104 2591 dicti,
1130 2525 1282 2593 quasi
1323 2525 1473 2579 cibos
1502 2522 1824 2579 dividentes.
1849 2520 2119 2590 Siquidem

529 2628 712 2673 escam
738 2617 1045 2672 inciduntet
1061 2616 1453 2681 comminuunt,
1472 2616 1826 2686 opportunius
1847 2614 2045 2683 gutturi
2069 2622 2124 2669 et

528 2713 811 2766 stomacho
832 2712 1068 2768 tradunt.
1101 2710 1301 2766 Horum
1332 2713 1564 2782 priores,
1598 2710 1688 2781 qui
1719 2711 1897 2765 cibum
1928 2710 2123 2780 praeci-

528 2802 687 2871 dunt,
710 2802 920 2858 adversi
943 2803 1134 2858 dentes
1153 2803 1438 2869 dicuntur;
1467 2802 1698 2857 molares
1724 2802 1919 2865 intimi,
1936 2801 2024 2869 qui
2047 2800 2123 2855 ci-

528 2896 917 2967 bossubigunt;
935 2895 1131 2962 canini,
1148 2896 1239 2966 qui
1254 2896 1699 2964 vigesimoretatis
1712 2907 1854 2947 anno
1865 2892 2120 2948 existunt.

598 2990 711 3059 90
732 2989 821 3043 60.
850 2987 1089 3059 Gingivze
1123 3003 1154 3043 a
1196 2988 1475 3060 gignendis
1510 2986 1761 3042 dentibus
1809 2984 2121 3051 nominata,

529 3095 654 3149 qua:
701 3095 947 3149 magnam
1002 3079 1460 3150 pulchritudinem
1512 3079 1595 3133 ori
1644 3074 1953 3142 conferunt,
1994 3075 2122 3131 dum

530 3171 824 3227 nuditatem
846 3171 1086 3228 dentium
1109 3180 1311 3244 tegunt.
1327 3172 1536 3227 Fauces
1557 3178 1680 3225 sunt
1702 3177 1945 3239 angusta:
1971 3169 2119 3222 ﬁstu-

2220 1974 2418 2043 jecoris
2442 1976 2646 2031 viscera
2677 1974 2828 2044 quasi
2864 1990 2929 2030 ex
2957 1976 3282 2031 conturbato
3318 1975 3578 2046 sanguine
3600 1978 3705 2048 91
3735 1977 3815 2033 vi-

2224 2062 2419 2118 dentur
2440 2078 2561 2119 esse
2584 2072 2854 2119 concreta.
2878 2061 3035 2118 Juxta
3057 2077 3152 2119 eos
3173 2072 3353 2119 autem
3380 2064 3473 2134 qui
3490 2063 3556 2119 de
3578 2064 3813 2136 physicis

2225 2156 2516 2225 disputant,
2545 2156 2875 2224 voluptatem
2897 2170 3144 2211 venereae
3166 2155 3614 2225 concupiscentia
3634 2157 3817 2213 consi-

2223 2257 2367 2304 stere
2396 2246 2583 2302 dicunt
2619 2247 2671 2301 in
2703 2245 2910 2316 iecore,
2944 2246 3192 2303 aﬁ‘ectum
3221 2255 3403 2303 autem
3435 2247 3729 2304 iracundiae
3761 2249 3815 2305 in

2226 2338 2373 2405 felle,
2406 2338 2619 2408 pavoris
2646 2338 2698 2392 in
2729 2338 2912 2405 corde,
2946 2338 2999 2393 in
3031 2338 3218 2407 splene
3241 2339 3459 2394 laztitiaa.
3481 2339 3537 2395 in
3553 2340 3819 2409 pulmoni-

2226 2434 2325 2489 bus
2355 2448 2482 2489 vero
2508 2448 2688 2489 aerem
2712 2433 2996 2500 contineri,
3019 2433 3112 2504 qui
3140 2448 3173 2487 a
3202 2432 3365 2489 corde
3386 2448 3483 2504 per
3505 2448 3668 2489 venas
3687 2448 3820 2504 quas

2225 2526 2452 2582 arterias
2490 2534 2706 2591 vocant,
2729 2524 3062 2591 ditl‘unditur,
3085 2534 3141 2579 ut
3170 2526 3424 2595 paulatim
3457 2525 3822 2595 inspirandiet

2227 2617 2525 2689 respirandi
2548 2625 2719 2672 tractu
2746 2625 2915 2671 totum
2940 2612 3142 2672 anidtet
3168 2631 3384 2687 corpus.

2298 2710 2387 2765 67.
2420 2709 2477 2763 In
2505 2708 2689 2779 jecore
2720 2707 2857 2778 ignis
2889 2709 3049 2764 habet
3076 2709 3284 2777 sedem,
3324 2709 3412 2780 qui
3442 2710 3589 2766 velut
3624 2709 3822 2767 subvo-

2227 2801 2342 2856 lare
2383 2798 2684 2854 ostenditur
2714 2798 2767 2854 in
2798 2798 3067 2855 excelsum
3094 2798 3304 2855 cerebri
3333 2798 3533 2866 locum,
3565 2810 3821 2870 tanquam

2224 2892 2280 2947 in
2319 2890 2515 2946 coelum
2555 2891 2799 2959 corporis
2852 2891 3045 2945 nostri.
3100 2890 3254 2947 Unde
3298 2898 3355 2946 et
3403 2892 3539 2946 radii
3580 2892 3826 2948 emicunt

2226 2981 2506 3037 oculorum
2525 3020 2542 3047 ,
2578 2990 2632 3035 et
2657 2980 2725 3035 de
2753 2980 2905 3049 cujus
2931 2979 3133 3047 medio,
3179 2980 3323 3036 velut
3350 2991 3539 3036 centro
3563 2980 3826 3052 quodam,

2226 3075 2473 3146 quadam
2503 3088 2610 3129 non
2632 3075 2807 3129 solum
2827 3073 2894 3127 ad
2919 3073 3124 3141 oculos,
3148 3074 3243 3128 sed
3263 3083 3488 3128 caeteros
3514 3088 3710 3128 sensus
3744 3081 3847 3172 te;

2230 3183 2364 3224 nues
2389 3166 2580 3223 ﬁstulae
2608 3166 2964 3221 deducuntur.
2995 3166 3268 3237 Siquidem
3308 3166 3361 3220 in
3397 3180 3463 3222 eo
3486 3166 3671 3221 volunt
3699 3166 3828 3222 esse

530 3263 619 3328 la,
646 3263 798 3333 quasi
842 3264 1009 3330 foces,
1048 3278 1143 3332 per
1182 3278 1318 3333 quas
1346 3262 1548 3317 vocalis
1580 3259 1806 3331 spiritus
1831 3258 1901 3313 ab
1932 3259 2122 3314 intimo
2150 3280 2201 3346 ο
2231 3259 2467 3316 ofﬁcium
2490 3259 2803 3329 voluptatis,
2826 3268 2881 3315 et
2898 3259 3226 3315 decoctiouis
3246 3259 3486 3315 ciborum
3509 3257 3827 3327 complexu,

528 3364 752 3425 pectore
793 3355 1020 3411 exiliens
1053 3370 1244 3409 sonum
1286 3354 1435 3408 vocis
1457 3354 1673 3409 emittit.

603 3448 693 3503 61.
750 3449 1072 3505 Mandibulae
1130 3448 1465 3504 maxillarum
1524 3457 1704 3518 partes
1762 3453 1887 3503 sunt
1934 3446 2128 3517 quibus

531 3538 859 3595 mandimus.
904 3540 1054 3595 Dicta
1096 3548 1280 3595 autem
1318 3540 1535 3595 maxilla
1567 3554 1662 3609 per
1690 3538 2126 3604 diminutionem,

530 3630 673 3688 sicut
732 3631 964 3701 paxillus
1015 3646 1046 3685 a
1094 3631 1236 3700 palo.
1285 3628 1497 3685 Collum
1548 3630 1614 3685 ad
1660 3632 1833 3685 instar
1859 3630 2129 3684 columnae

532 3731 807 3780 vocatum.
839 3724 937 3780 Est
961 3727 1105 3781 enim
1131 3725 1361 3797 rigidum
1393 3735 1447 3781 et
1474 3725 1784 3782 rotundum.
1819 3726 1949 3781 Duae
2002 3734 2131 3781 sunt

533 3814 591 3870 in
619 3830 687 3872 eo
716 3814 909 3871 ﬁstulae
944 3834 958 3870 :
989 3832 1093 3871 una
1122 3816 1396 3882 ciborum,
1416 3816 1585 3872 altera
1616 3816 1780 3873 aeris.
1809 3816 2008 3873 Harum
2039 3832 2131 3872 su-

533 3907 716 3978 perior
736 3923 929 3963 rumen
955 3915 1199 3976 vocatur,
1229 3925 1334 3978 qua
1359 3907 1513 3963 cibus
1549 3918 1606 3963 et
1627 3909 1775 3978 potio
1806 3908 2129 3974 devoratur;

536 3999 680 4056 unde
708 4000 895 4057 bestia:
928 4017 1048 4072 quae
1070 4003 1250 4058 cibum
1286 4016 1544 4059 revocant
1570 4017 1633 4059 ac
1662 4003 1988 4059 remandunt
2036 4020 2131 4059 ru-

536 4090 746 4147 minare
777 4091 1080 4148 dicuntur:
1134 4093 1302 4149 altera
1353 4094 1576 4149 inferior
1622 4101 1842 4150 vocatur
1888 4094 2134 4164 gurgulio

538 4196 610 4235 ex
641 4182 852 4238 ossibus
884 4196 1189 4254 compacta,
1224 4196 1278 4241 et
1307 4185 1709 4242 cohaerentibus
1750 4197 1805 4241 et
1840 4186 2132 4254 flexuosis;

540 4272 657 4328 haec
676 4288 706 4328 a
725 4274 949 4331 naribus
974 4275 1041 4330 ad
1066 4276 1376 4345 pulmonem
1406 4286 1594 4347 patens
1617 4278 1688 4333 oh
1710 4285 2134 4333 transmeantem

540 4363 809 4433 spiritum.
828 4366 994 4437 Cujus
1020 4369 1333 4439 operculum
1365 4370 1728 4441 sublinguium
1752 4370 2135 4442 dicitur,quasi

542 4473 711 4529 parva
736 4461 938 4531 lingua,
970 4478 1091 4532 qua:
1132 4462 1372 4520 foramen
1412 4463 1529 4534 ejus
1564 4464 1791 4519 recludit
1839 4473 1895 4519 et
1941 4463 2133 4534 aperit,

542 4564 613 4606 ue
645 4565 739 4620 per
764 4561 947 4622 partes
971 4553 1155 4624 juncta
1192 4555 1371 4609 ﬁstula
1405 4556 1609 4625 impetu
1654 4555 1898 4621 veniens,
1933 4554 2140 4610 violen-

542 4649 628 4697 ter
656 4656 749 4698 aer
779 4644 988 4700 interna
1039 4656 1370 4716 corrumpat.

614 4732 708 4787 62.
740 4735 926 4791 Manus
976 4734 1135 4791 dicta:
1180 4751 1248 4792 eo
1286 4736 1430 4807 quod
1459 4752 1655 4792 munus
1701 4738 1809 4792 sint
1841 4738 1987 4791 omni
2017 4751 2135 4792 cor-

544 4825 756 4895 pori,et
775 4826 915 4897 quod
946 4827 1014 4883 ab
1054 4829 1186 4897 ipsis
1230 4830 1550 4885 mandimus.
1583 4831 1766 4885 Palma
1818 4845 2007 4887 manus
2054 4839 2139 4887 est

543 4916 814 4989 dispansis
860 4921 1074 4991 digitis,
1129 4923 1269 4978 sicut
1318 4934 1373 4979 et
1414 4924 1575 4981 arbor
1626 4926 1898 4996 dispansis
1946 4928 2135 4983 ramis.

546 5007 702 5075 Item,
736 5010 878 5066 sicut
922 5013 1213 5067 contractis
1265 5013 1472 5085 digitis,
1514 5030 1741 5086 pugnus.

615 5101 706 5156 o5.
742 5100 1043 5172 Digitorum
1080 5118 1293 5172 quoque
1337 5121 1593 5162 numerus
1646 5107 1913 5177 perfectus
1944 5119 2047 5178 est,
2086 5121 2140 5165 et

549 5192 683 5249 ordo
708 5193 1149 5251 decentissimus.
1184 5198 1265 5252 Ex
1294 5198 1380 5254 his
1422 5200 1625 5270 primus
1676 5214 1855 5259 rector
1901 5207 2140 5262 omnium

550 5291 605 5335 et
634 5283 943 5340 moderator
975 5284 1149 5356 pollex
1182 5298 1439 5357 vocatur,
1472 5305 1538 5346 eo
1568 5292 1709 5362 quod
1740 5294 2032 5364 plurimum
2062 5298 2144 5352 in-

549 5379 634 5427 ter
660 5384 887 5433 caeteros
913 5377 1132 5447 polleat,
1150 5379 1202 5434 id
1232 5390 1316 5436 est
1338 5384 1649 5451 praevaleat.
1673 5385 1951 5443 Secundus
1980 5390 2140 5444 index

549 5467 609 5520 et
635 5464 884 5522 salutaris
912 5482 1154 5538 vocatur,
1186 5474 1313 5542 quia
1343 5489 1411 5530 eo
1436 5473 1557 5532 fere
1600 5479 1942 5535 ostendimus
1977 5491 2031 5536 et
2054 5494 2140 5535 sa-

545 5557 801 5617 lutamus.
829 5562 1042 5624 Tertius
1071 5569 1284 5626 medius
1309 5570 1395 5627 vel
1426 5572 1748 5643 impudicus,
1774 5584 1996 5644 quartus
2024 5589 2137 5629 me-

550 5775 605 5829 di
619 5704 985 5831 51.“:3rtasse
1006 5707 1289 5781 legendum
1321 5722 1660 5786 purgamenta
1690 5710 1877 5766 cerebri
1887 5706 2131 5791 dejicien-

626 5842 717 5920 58.
740 5846 786 5902 Δ
807 5849 1036 5920 ligando.
1068 5852 1142 5909 lta
1194 5856 1355 5911 etiam
1388 5855 1440 5911 in
1474 5852 1847 5926 Etymologiis.
1878 5851 1983 5909 Alii
2029 5850 2129 5907 ali-

2233 3364 2287 3411 et
2313 3355 2577 3411 calefacto
2620 3370 2717 3409 suo
2746 3355 2798 3409 in
2830 3355 3147 3425 sanguinem
3180 3354 3580 3410 mutandorum.

2304 3444 2394 3500 68.
2437 3447 2818 3504 lntestmorum
2848 3456 3025 3503 autem
3068 3448 3206 3503 ratio
3240 3466 3253 3500 :
3293 3446 3492 3503 idcirco
3521 3446 3697 3518 longis
3726 3462 3830 3503 an-

2233 3537 2490 3593 fractibus
2546 3540 2601 3593 in
2644 3538 2967 3593 circulorum
3020 3538 3264 3595 ordinata
3319 3550 3443 3593 sunt
3485 3537 3730 3605 modum,
3774 3549 3833 3595 ut

2233 3643 2511 3704 susceptos
2540 3632 2688 3689 cibos
2714 3632 2969 3704 paulatim
2997 3638 3243 3701 egerant,
3285 3638 3340 3685 et
3365 3644 3431 3685 ex
3463 3630 3594 3699 ipsis
3620 3645 3683 3687 ea
3708 3648 3833 3701 qua:

2234 3727 2553 3782 intrinsecus
2582 3736 2731 3795 sunt,
2763 3725 3045 3781 humorem
3074 3724 3275 3780 sensim
3309 3723 3628 3794 suscipiant.
3660 3722 3835 3781 Alvus

2234 3822 2407 3879 dictus
2430 3839 2495 3879 eo
2518 3822 2657 3893 quod
2705 3824 2759 3877 in
2801 3837 2942 3889 eum,
2975 3819 3125 3890 quasi
3158 3820 3210 3874 in
3258 3819 3494 3886 alveum,
3524 3818 3701 3875 omnis
3732 3819 3835 3877 hu-

2235 3932 2353 3970 mor
2380 3916 2500 3971 cibo
2526 3914 2813 3985 permistus
2834 3912 3033 3969 deﬂuat
3060 3926 3125 3967 ac
3163 3918 3435 3977 recurrat,
3465 3919 3520 3965 et
3554 3911 3839 3967 inenarra-

2236 4007 2329 4063 bili
2366 4006 2524 4062 modo
2556 4005 2797 4060 ciborum
2839 4018 3000 4059 succo
3032 4003 3337 4058 universum
3370 4016 3585 4073 corpus,
3619 4002 3778 4069 quasi
3805 4018 3837 4059 ο

2237 4100 2408 4156 latere
2436 4098 2602 4153 valles
2634 4096 2835 4152 vicinas
2862 4095 3139 4166 irrigando
3162 4095 3473 4165 adimpleat.

2286 4180 2400 4245 ‘69.
2440 4190 2609 4246 Porro
2641 4189 2790 4243 alvus
2820 4197 3031 4254 venter,
3061 4197 3117 4243 et
3158 4194 3341 4243 uterus
3378 4186 3649 4241 diﬂerunt.
3685 4184 3837 4244 Ven-

2242 4292 2325 4338 ter
2354 4282 2497 4338 enim
2526 4290 2609 4337 est
2637 4280 2729 4350 qui
2772 4289 2994 4350 apparet
3033 4280 3370 4335 extrinsecus
3390 4321 3405 4345 ,
3432 4279 3776 4348 pertinetque
3805 4294 3836 4334 a

2241 4384 2460 4445 pectore
2506 4374 2571 4429 ad
2607 4375 2826 4443 inguen.
2872 4374 3037 4428 Alvus
3080 4381 3164 4429 est
3192 4373 3412 4429 interior
3441 4386 3585 4441 pars,
3620 4386 3721 4442 qua
3758 4374 3840 4428 ci-

2242 4471 2340 4525 bus
2391 4470 2556 4539 rccipi
2600 4478 2655 4524 et
2703 4469 2919 4538 purgari
2957 4468 3113 4523 solet.
3156 4467 3377 4523 Uterum
3408 4465 3536 4519 solae
3568 4464 3836 4521 mulieres

2243 4562 2443 4618 habent
2468 4563 2522 4615 in
2544 4575 2649 4629 quo
2666 4558 2993 4629 concipiunt.
3018 4557 3364 4613 Confundunt
3388 4566 3563 4610 tamen
3594 4554 3709 4610 haec
3736 4572 3839 4611 au-

2168 4685 2221 4743 D
2246 4666 2441 4720 ctores,
2467 4663 2520 4709 et
2543 4662 2751 4708 uterum
2781 4668 2878 4722 pro
2908 4652 3186 4720 utriusque
3205 4664 3366 4704 sexus
3388 4654 3574 4703 ventre
3600 4660 3836 4717 ponunt.

2316 4749 2404 4800 7U.
2440 4746 2703 4801 Genitalia
2732 4754 2945 4809 autem,
2985 4744 3123 4799 sicut
3160 4742 3333 4809 ipsum
3375 4756 3567 4795 nomen
3600 4741 3783 4807 docet,
3806 4757 3839 4797 a

2244 4838 2512 4909 gignendo
2541 4836 2706 4891 dicta.
2748 4835 2959 4890 Natium
2998 4849 3124 4889 caro
3154 4833 3469 4902 conglobata
3497 4830 3717 4886 sedendi
3752 4832 3840 4887 of-

2247 4932 2365 4986 ficio
2408 4932 2542 4984 facta
2583 4939 2684 4996 est,
2719 4945 2808 4998 ne,
2842 4936 3118 4999 premente
3157 4925 3399 4995 corporis
3429 4925 3588 4989 mole,
3620 4926 3839 4980 ossibus

2245 5025 2479 5081 cederet.
2530 5023 2751 5078 Femina
2802 5032 2926 5079 sunt
2972 5019 3235 5077 femorum
3288 5028 3505 5089 partes,
3539 5018 3730 5088 quibus
3781 5018 3836 5074 in

2245 5116 2535 5186 equitando
2568 5115 2727 5185 tergis
2758 5128 3015 5184 equorum
3046 5113 3406 5166 adhaeremus.
3432 5108 3584 5165 Unde
3610 5118 3663 5164 et
3692 5125 3838 5178 prae-

2250 5208 2467 5263 liatores
2501 5206 2783 5262 feminibus
2814 5219 2982 5274 equos
3010 5203 3291 5256 admisisse
3330 5200 3600 5255 dicuntur.

2319 5299 2407 5351 7t.
2439 5297 2625 5353 Genua
2654 5311 2683 5350 a
2712 5294 2860 5367 genis
2905 5292 3067 5358 dicta,
3108 5305 3175 5347 eo
3202 5290 3343 5361 quod
3376 5290 3426 5344 in
3466 5301 3616 5346 utero
3643 5289 3839 5344 cohae-

2247 5400 2418 5457 reant,
2435 5398 2491 5445 et
2508 5398 2731 5458 cognata
2748 5388 2856 5442 sint
2877 5384 3066 5439 oculis.
3083 5382 3234 5439 Unde
3262 5382 3489 5449 Ennius,
3510 5398 3675 5454 genua
3700 5396 3839 5435 com-

2245 5483 2417 5551 primit
2434 5491 2548 5534 arla
2572 5496 2719 5551 gena.
2742 5476 2911 5533 Tibia:
2933 5476 3087 5529 dicta:
3108 5475 3234 5529 Sunt
3257 5474 3413 5544 quasi
3437 5474 3597 5529 tubae.
3628 5472 3841 5528 Planta:

2246 5590 2369 5630 vero
2396 5590 2424 5627 a
2459 5573 2676 5643 planitie
2716 5579 3053 5641 nuncupataa,
3085 5570 3209 5641 quia
3255 5584 3360 5626 non
3388 5570 3652 5632 rotundae,
3691 5576 3747 5622 ut
3778 5569 3838 5626 in

2241 5708 2555 5838 “25%;;
2575 5776 2876 5835 differentia
2904 5776 2961 5834 in
2991 5790 3097 5834 uno
3126 5783 3335 5834 tantum
3364 5772 3468 5831 Hs.
3502 5769 3716 5841 legitur-
