4056 6350
297 342 356 398 31
1461 349 2125 417 DIFFFERENTIARUM
2165 362 2293 419 LIB.
2336 365 2401 422 Il.
3522 389 3589 444 ΒΞ

297 456 757 527 quadrupedibus,
787 471 856 514 ne
890 464 1033 515 stare
1062 474 1166 517 non
1200 464 1369 531 possit
1388 464 1692 535 ihomo,sed
1717 472 1891 539 planae
1919 481 1971 540 Α

297 562 351 611 et
373 554 649 624 longiores
672 554 913 610 formatae
934 567 1079 622 sunt,
1094 564 1153 613 ut
1168 558 1359 615 stabile
1375 574 1571 631 corpus
1592 564 1890 620 efﬁcerent.

296 645 487 702 Calces
515 657 699 702 autem
729 662 759 701 a
785 648 922 704 callo
952 648 1145 717 pedum
1178 651 1257 708 sic
1285 653 1573 710 nominatae
1602 665 1748 711 sunt.

367 740 458 793 72.
506 740 710 795 Pedum
734 740 883 812 digiti
913 750 969 797 et
997 743 1245 800 decorem
1271 753 1323 799 et
1360 761 1511 800 usum
1540 748 1735 807 lerunt.
1762 749 1892 803 Nam

295 853 515 895 currere
557 838 669 909 92
710 852 817 893 non
863 852 1166 907 possemus,
1206 840 1309 894 nisi
1358 840 1538 911 digitis
1578 843 1631 897 in
1672 843 1891 900 humum

294 933 506 1003 pressis
536 933 764 1002 soloque
786 933 1078 989 nitentibus
1101 934 1357 1004 impetum
1382 936 1688 1007 saltumque
1713 939 1894 1008 capia-

295 1041 438 1081 mus.
470 1025 693 1095 Reliqua
715 1040 839 1081 ossa
874 1027 1139 1096 corporis,
1164 1028 1311 1084 velut
1338 1030 1602 1085 columnae
1624 1033 1889 1101 quaedam,

295 1118 493 1190 quibus
530 1133 661 1173 caro
707 1127 1057 1188 sustentatur,
1099 1119 1299 1176 inserta
1337 1130 1483 1189 sunt,
1515 1133 1569 1177 et
1605 1138 1888 1179 nervorum

293 1213 526 1267 vinculis
543 1212 791 1283 colligata
808 1254 823 1279 ,
856 1221 914 1267 ut
942 1213 1220 1283 aptissimo
1245 1223 1394 1270 motu
1421 1216 1729 1272 ﬂectantur.
1766 1217 1890 1274 Ilaec

293 1306 610 1363 Lactantius
627 1306 914 1378 ceterique
936 1307 1005 1363 de
1034 1308 1243 1365 ratione
1262 1310 1508 1380 corporis
1528 1312 1887 1383 scripserunt.

1002 1423 1190 1479 XVIII.

370 1517 463 1573 75.
508 1517 649 1572 Inter
682 1517 850 1571 virum
876 1525 933 1572 et
980 1516 1237 1572 hominem
1274 1517 1495 1588 quidam
1533 1518 1890 1575 distinxerunt

289 1616 398 1672 hoc
448 1614 737 1680 interesse,
780 1612 921 1682 quod
949 1613 1032 1668 vir
1092 1621 1322 1683 utraque
1368 1614 1594 1669 scientia
1636 1614 1890 1683 praeditus

288 1710 657 1780 eloquentiam
693 1724 817 1764 cum
852 1710 1115 1779 sapientia
1157 1709 1391 1765 retinet:
1433 1710 1605 1765 Homo
1648 1710 1887 1779 quuaci-
1930 1710 1947 1721 ‘

289 1813 400 1860 tate
441 1813 649 1858 tantum
697 1812 900 1857 naturae
941 1802 1130 1858 bestiis
1162 1804 1455 1875 prazpollet.
1495 1804 1676 1858 Virum
1708 1812 1884 1859 autem

2728 484 2845 541 XXI

2070 570 2161 628 78.
2192 570 2338 627 Inter
2357 573 2606 643 infantem
2634 587 2692 633 et
2728 595 2944 648 puerum
2972 558 3190 653 quidam
3238 600 3304 642 ex
3330 552 3604 659 sapienti-3

1997 661 2098 717 bus
2123 662 2507 721 distinxerunt.
2536 666 2734 739 Infans,
2781 672 3050 743 inquiunt,
3082 676 3300 748 dicitur,
3323 682 3415 751 qui
3454 698 3589 742 non-

1997 756 2123 811 dum
2169 757 2266 812 fari
2321 768 2517 828 potest.
2573 762 2715 819 Puer
2763 776 2942 833 autem
2993 785 3023 823 a
3084 772 3317 839 puritate
3363 785 3587 835 vocatus

1995 849 2151 919 quasi
2195 865 2381 923 purus,
2434 854 2549 910 sive
2593 857 2718 925 quia
2752 860 2990 915 nondum
3017 861 3329 934 lanuginem
3368 868 3587 928 ﬂorem-

1995 956 2100 1011 que
2141 956 2402 1011 genarum
2460 945 2736 1004 inducunt.

2069 1037 2152 1093 79.
2188 1037 2372 1094 Puella
2407 1048 2588 1095 autem
2618 1057 2647 1095 a
2682 1044 2946 1112 parvitate
2990 1056 3200 1115 vocata,
3233 1064 3384 1119 quam
3420 1053 3585 1121 pulla.

2000 1128 2149 1186 Unde
2187 1132 2419 1203 pupillos
2453 1143 2509 1189 et
2555 1134 2779 1204 pupillas
2824 1154 2928 1193 non
2975 1154 3074 1209 pro
3128 1142 3452 1210 conditione,
3485 1148 3585 1203 sed

1993 1239 2092 1294 pro
2141 1234 2298 1281 aetate
2347 1226 2536 1296 puerili
2578 1244 2848 1285 vocamus.
2892 1231 3031 1289 Puer
3062 1236 3191 1290 olim
3218 1245 3272 1291 et
3308 1240 3581 1297 masculus

1992 1326 2048 1372 et
2067 1318 2261 1374 femina
2290 1321 2679 1391 appellabatur,
2705 1325 2843 1379 sicut
2864 1325 3060 1383 infans.
3084 1328 3222 1384 Hinc
3244 1335 3575 1391 consuetudo

1992 1412 2296 1467 communis
2318 1429 2637 1483 puerperam
2667 1427 2840 1472 vocat.
2876 1419 3096 1489 Proprie
3138 1433 3321 1481 autem
3355 1442 3583 1498 puerpe-

1992 1518 2081 1559 ras
2130 1504 2235 1560 dici
2265 1521 2384 1575 quae
2440 1509 2673 1578 primum
2721 1510 2895 1565 enixae
2937 1522 3064 1568 sunt
3103 1530 3316 1584 pueros,
3343 1534 3409 1575 eo
3437 1520 3583 1591 quod

1994 1597 2184 1668 puella}
2236 1599 2527 1655 admodum
2585 1603 2816 1672 pariant.

2062 1692 2153 1748 80.
2176 1693 2389 1763 Egressi
2410 1696 2694 1764 pueritiam
2719 1699 2962 1768 masculi,
2979 1702 3208 1771 puberes
3224 1706 3579 1777 appellantur,

1991 1787 2113 1855 quia
2122 1786 2231 1857 jam
2246 1788 2502 1858 gignendi
2522 1798 2836 1858 potestatem
2856 1802 3097 1861 sumunt;
3119 1794 3333 1851 feminae
3351 1813 3476 1854 vero
3494 1800 3577 1853 vir
3602 1866 3603 1869 η

286 1898 543 1953 dixem";
564 1898 665 1953 ἀπὸ
686 1906 778 1958 τῆς
803 1899 1005 1971 ἀρετῆς,
1022 1896 1077 1951 id
1094 1906 1178 1951 εει
1195 1912 1224 1951 a
1250 1898 1463 1953 virtute,
1498 1897 1678 1953 Virtus
1703 1906 1880 1952 autem
1914 1877 1963 1938 B
1988 1882 2138 1951 gines
2166 1883 2252 1938 vel
2279 1883 2548 1953 viragines
2567 1885 2839 1941 dicuntur.
2865 1888 3016 1942 Dicta
3054 1899 3233 1943 autem
3256 1890 3461 1961 virago,
3498 1890 3585 1946 vel

283 1987 426 2056 apud
478 1995 691 2041 veteres
737 1986 960 2041 scientia
990 2001 1169 2041 rerum
1224 1988 1462 2043 omnium
1518 1998 1883 2057 nuncupatur.

285 2078 398 2135 Nos
429 2087 614 2132 autem
642 2092 804 2132 unum
834 2077 1190 2148 eumdemque
1219 2089 1275 2135 et
1302 2079 1495 2146 virum,
1521 2089 1576 2136 et
1616 2080 1887 2136 hominem

280 2183 683 2237 nuncupamus.
731 2166 889 2222 Juxta
930 2168 1073 2238 quod
1102 2178 1158 2225 et
1201 2169 1268 2224 de
1299 2169 1517 2226 Christo
1547 2171 1761 2241 legitur,
1794 2170 1886 2241 qui

285 2269 394 2314 tam
423 2259 505 2314 vir
526 2257 580 2312 in
628 2259 829 2314 sanctis
878 2258 1174 2330 Scripturis
1204 2275 1363 2331 quam
1414 2270 1468 2317 et
1514 2262 1678 2317 etiam
1722 2261 1887 2317 homo

285 2362 530 2409 vocatur.
596 2371 601 2375 ‘
891 2414 909 2421 _

1009 2446 1157 2502 XIX.

345 2540 440 2597 Η.
470 2540 616 2596 Inter
642 2540 920 2612 infantiam
942 2550 995 2594 et
1017 2540 1314 2611 pueritiam,
1343 2548 1397 2596 et
1423 2540 1654 2611 reliquas
1675 2549 1878 2610 aetates,

280 2634 560 2704 sapientes
590 2632 664 2687 ita
691 2630 1038 2686 delinierunt.
1081 2632 1261 2686 Prima
1287 2630 1523 2686 hominis
1550 2640 1683 2686 mtas
1708 2630 1882 2687 infan-

281 2729 381 2795 tia,
408 2726 649 2783 secunda
681 2724 935 2796 pueritia,
976 2725 1135 2780 tertia
1163 2724 1552 2792 adolescentia,
1587 2734 1774 2795 quarta
1793 2726 1882 2796 ju-

277 2830 497 2890 ventus,
529 2820 717 2889 quiuta
756 2828 1032 2886 senectus,
1087 2828 1241 2873 sexta
1272 2820 1504 2873 senium.
1537 2818 1663 2872 Duae
1696 2818 1881 2887 primae

281 2922 472 2969 aataks
494 2910 724 2982 singulis
752 2924 1016 2964 annorum
1042 2909 1399 2965 terminantur
1423 2911 1876 2980 hebdomadibus,

282 3017 509 3076 propter
538 3004 840 3074 simplicem
864 3004 1050 3057 vitam.
1070 2990 1212 3056 Nam‘
1228 3004 1449 3058 infantia
1477 3006 1708 3073 septimo
1737 3020 1879 3060 anno

222 3101 494 3183 .ﬁnitur,
530 3096 941 3167 quartodecimo
975 3095 1228 3164 pueritia,
1258 3094 1453 3151 dehinc
1489 3112 1723 3166 sequens
1749 3099 1879 3153 ado-

278 3189 543 3247 lescentia
576 3188 786 3243 duabus
817 3194 1032 3241 constat
1065 3184 1491 3242 hebdomadibus
1543 3198 1765 3258 propter
1794 3190 1877 3244 in-

1991 1976 2177 2044 quoda
2196 1977 2311 2030 viro
2338 1987 2552 2047 sumpta
2569 1979 2664 2045 sit,
2686 1980 2767 2034 vel
2787 1981 2927 2051 quod
2957 1981 3027 2035 sit
3061 1981 3344 2037 masculini
3364 1983 3582 2053 vigoris.

1990 2066 2163 2124 Simul
2194 2071 2526 2139 pubertatem
2550 2074 2777 2144 egressi,
2809 2074 3181 2130 adolescentes
3222 2076 3582 2146 appellantur.

1992 2163 2379 2220 Adolescentes
2419 2176 2597 2223 autem
2644 2168 2769 2222 dicti
2799 2169 2867 2224 ab
2899 2168 3258 2224 adulescendo
3281 2178 3441 2239 atque
3469 2184 3587 2225 cre~

1989 2257 2211 2313 scendo.
2235 2256 2382 2313 Unde
2402 2268 2455 2314 et
2473 2259 2708 2329 quidam,
2725 2259 2794 2315 de
2810 2261 3135 2332 agricultura
3152 2248 3397 2333 loquens,
3414 2269 3557 2317 matu
3576 2282 3590 2305 θ

1988 2360 2291 2407 rescentem
2320 2351 2551 2407 fructum
2595 2353 2991 2410 adolescentem
3024 2354 3257 2409 vocavit.

2033 2438 2147 2497 '8I.
2178 2443 2304 2499 Post
2327 2445 2744 2503 adolescentiam
2768 2463 2978 2519 quoque
2995 2448 3222 2521 juvenes
3245 2447 3397 2503 ﬁunt.
3416 2447 3581 2504 Juve-

1988 2546 2086 2587 nes
2108 2543 2285 2589 autem
2308 2535 2455 2601 dicti,
2488 2538 2628 2607 quod
2648 2540 2837 2608 juvare
2853 2554 3010 2609 posse
3035 2540 3315 2610 incipiunt,
3330 2549 3391 2594 ut
3410 2539 3585 2595 bobus

1980 2624 2249 2695 juvencus
2265 2625 2479 2695 dicitur,
2509 2645 2629 2684 cum
2662 2648 2691 2684 a
2722 2633 2892 2687 vitulo
2920 2633 3173 2689 discedit.

2058 2719 2149 2774 82.
2188 2720 2307 2775 Jam
2338 2737 2469 2777 vero
2500 2722 2690 2779 mediae
2745 2726 2920 2779 aetatis
2961 2727 3174 2795 proprie
3214 2726 3464 2781 dicuntur
3497 2728 3581 2782 vir

1984 2816 2041 2865 et
2075 2810 2285 2867 mulier.
2315 2811 2425 2885 94
2446 2813 2539 2869 Vir
2561 2814 2740 2885 itaque
2782 2826 3142 2885 nuncupatus,
3173 2826 3232 2872 ut
3258 2819 3329 2872 ait
3353 2820 3582 2893 Lactan-

1986 2902 2110 2969 tius,
2134 2904 2256 2973 quia
2290 2904 2464 2975 major
2483 2906 2536 2960 in
2556 2921 2622 2961 eo
2650 2907 2729 2962 vis
2751 2907 2821 2962 sit
2842 2924 3001 2978 quam
3026 2910 3079 2964 in
3112 2909 3345 2980 feminis,
3365 2920 3419 2965 et
3450 2911 3578 2966 hinc

1985 2997 2152 3052 virtus
2172 3013 2366 3054 nomen
2397 3001 2608 3071 accipit.
2635 3001 2762 3056 Item
2788 3002 2979 3057 mulier
3000 3017 3028 3055 a
3056 3002 3282 3059 mollitie
3298 3004 3463 3070 dicta,
3479 2999 3579 3059 im-

1983 3100 2185 3145 mutata
2207 3101 2262 3145 et
2285 3092 2526 3148 detracta
2552 3094 2747 3162 littera,
2779 3096 2928 3165 quasi
2959 3096 3188 3151 mollier.

2036 3181 2143 3237 ‘85.
2172 3182 2279 3237 Sed
2301 3183 2420 3241 ideo
2442 3184 2570 3239 viris
2594 3186 2711 3254 plus
2734 3188 2940 3242 roboris
2960 3189 3143 3243 datum
3163 3198 3268 3256 est,
3294 3200 3352 3245 ut
3376 3190 3579 3247 facilius

283 3284 560 3341 tellectum
608 3291 663 3337 et
709 3284 997 3336 actionem.
1051 3279 1183 3347 Qua:
1222 3280 1342 3335 duae
1372 3281 1608 3335 nondum
1649 3291 1804 3336 erant
1830 3283 1880 3336 in
1911 3273 1957 3336 C
1988 3274 2053 3330 ad
2098 3275 2412 3345 patientiam
2439 3278 2777 3348 coniugalem
2802 3278 3014 3336 femina:
3035 3291 3373 3351 cogerentur.
3393 3283 3578 3341 Mulier

280 3376 482 3446 pueris,
516 3384 568 3429 et
599 3371 891 3444 porrigitur
919 3369 1036 3426 haec
1072 3378 1205 3426 tetas
1232 3385 1263 3425 a
1289 3370 1478 3439 quinto
1507 3369 1717 3425 decimo
1739 3384 1880 3426 anno

280 3482 450 3537 usque
479 3466 547 3521 ad
574 3480 764 3519 xxvtu.

353 3560 447 3613 75.
503 3558 637 3613 Post
691 3559 808 3612 haec
854 3555 1153 3611 succedens
1194 3554 1448 3624 juventus
1477 3554 1651 3610 tribus
1678 3554 1874 3611 hebdo—

282 3651 529 3707 madibus
560 3656 861 3719 permanet,
895 3655 1115 3718 propter
1155 3646 1257 3701 tria
1310 3647 1422 3715 illa,
1462 3647 1787 3702 intellectum
1825 3656 1880 3703 et

280 3744 571 3807 actionem,
601 3742 957 3812 corporisque
1001 3740 1273 3795 virtutem.
1332 3739 1436 3796 Ista
1481 3750 1612 3797 tetas
1647 3754 1678 3793 a
1709 3756 1879 3795 xxvnr

280 3851 423 3892 anno
478 3834 742 3899 exoritur,
790 3840 845 3888 et
898 3832 1304 3903 quagragesimo
1350 3846 1495 3887 nono
1540 3847 1878 3889 consumma-

278 3938 386 3996 tur,
416 3926 634 3999 quando
662 3934 719 3981 et
759 3924 815 3979 in
861 3924 1075 3979 feminis
1121 3932 1309 3994 partus
1338 3923 1544 3979 deficit.

345 4020 439 4076 76.
465 4020 639 4075 Porro
660 4025 910 4074 senectus
934 4023 1164 4086 quatuor
1188 4014 1611 4071 hebdomadibus
1636 4017 1877 4086 comple-

277 4122 361 4171 tur
388 4120 612 4185 propter
641 4108 985 4167 accedentem
1016 4105 1123 4164 illis
1144 4105 1318 4165 tribus
1350 4106 1517 4166 animi
1548 4115 1603 4165 et
1632 4109 1877 4179 corporis

277 4208 621 4281 gravitatem.
655 4204 847 4275 Incipit
881 4203 1026 4259 enim
1071 4204 1186 4258 haec
1214 4212 1344 4259 aetas
1371 4220 1402 4258 a
1431 4204 1876 4274 quinquagesimo

274 4316 441 4367 anno,
496 4309 553 4355 et
594 4297 994 4367 septuagesimo
1023 4295 1255 4366 septimo
1300 4295 1641 4351 terminatur.
1676 4296 1873 4353 Ultima

277 4407 411 4447 vero
437 4390 650 4446 senium
676 4389 823 4444 nullo
845 4396 996 4447 certo
1025 4401 1289 4443 annorum
1318 4396 1561 4457 tempore
1593 4387 1871 4458 deﬁnitur,

273 4484 369 4542 sed
395 4482 517 4540 solo
548 4490 752 4538 naturae
782 4481 889 4536 ﬁne
917 4478 1272 4535 concluditur.

1013 4575 1133 4631 XX.

338 4672 451 4744 93
478 4671 570 4727 77.
600 4669 745 4725 Inter
760 4678 1064 4726 senectutem
1087 4678 1141 4725 et
1161 4670 1359 4724 senium
1380 4670 1483 4724 hoc
1503 4667 1702 4735 differt,
1726 4668 1869 4739 quod
1894 4665 1950 4727 Β
1975 4676 2165 4730 dictum
2188 4676 2265 4729 vel
2300 4676 2493 4746 factum
2519 4684 2614 4729 est.

272 4774 526 4820 senectus
548 4778 775 4834 vergens
796 4773 929 4819 aetas
949 4778 979 4817 a
999 4763 1279 4831 iuventute
1304 4764 1355 4817 in
1375 4764 1607 4827 senium,
1633 4761 1869 4817 nondum

273 4867 450 4913 tamen
474 4856 781 4925 decrepita;
802 4856 1011 4912 senium
1028 4871 1156 4911 vero
1181 4867 1265 4911 est
1289 4855 1427 4911 fessa
1446 4865 1608 4926 atque
1629 4866 1868 4912 extrema

271 4961 421 5017 tetas,
451 4957 507 5005 et
534 4950 694 5004 vitam
718 4949 961 5005 ultimam
989 4949 1271 5005 anhelans.

335 5087 431 5141 78.
452 5086 498 5140 Α
520 5087 761 5157 puritate.
787 5084 949 5151 Nom,
984 5085 1241 5151 Pueritia,
1266 5085 1321 5138 id
1347 5092 1417 5139 est
1441 5086 1661 5156 paritas.
1692 5083 1860 5139 Varro

270 5158 472 5214 Rerum
527 5157 756 5212 divinar.
788 5157 885 5213 lib.
919 5172 959 5223 t,
993 5158 1120 5224 Quae
1170 5157 1394 5226 pueritia
1448 5166 1521 5210 est
1568 5158 1861 5227 infrequens

338 5229 492 5283 lluta.

271 5246 492 5355 ’Ἥξθῖ
513 5298 649 5366 Quia
664 5299 891 5353 nondum
908 5299 1086 5369 lanug.
1111 5296 1281 5367 Fest.,
1308 5295 1468 5365 Puer,
1498 5298 1724 5368 impubes
1746 5306 1860 5353 tan-

267 5378 375 5425 tum
405 5370 619 5427 dicitur.

336 5444 433 5496 79.
462 5440 625 5507 Quasi
652 5440 813 5509 pulla.
840 5439 1056 5495 Pullum
1082 5449 1156 5496 est
1176 5441 1343 5497 aatatis
1370 5441 1602 5509 novellae,
1625 5440 1699 5495 ait
1718 5440 1855 5496 Non.

334 5509 481 5569 Ibid.
506 5509 825 5582 Puerilitate,
836 5511 912 5582 ita
922 5513 1105 5568 Codex
1118 5513 1266 5582 Hisp.
1280 5510 1451 5566 Varro
1462 5511 1529 5566 de
1544 5512 1722 5566 Liber.
1737 5514 1858 5566 edu'

264 5584 455 5648 cand.,
490 5580 675 5643 Velim,
704 5599 786 5636 me
828 5581 1037 5654 Hercle,
1062 5585 1172 5653 ipse
1212 5580 1308 5637 usu
1336 5598 1519 5654 magno
1546 5582 1854 5652 puerilitatis

268 5655 559 5724 {malum
579 5653 782 5724 audire.
817 5652 903 5707 Al.
942 5655 1125 5723 puerili
1152 5662 1324 5709 (etate.

338 5725 483 5781 Ibid.
515 5722 669 5779 Nota:
698 5722 909 5779 Wicelii
942 5722 994 5780 in
1023 5724 1211 5781 Grialii
1243 5722 1489 5779 Editione
1532 5724 1854 5792 perturbatae

266 5808 415 5862 sunt,
455 5804 513 5853 et
542 5806 693 5851 extra
752 5795 995 5850 ordinem
1054 5812 1209 5851 suum
1262 5794 1556 5850 collocatae.
1590 5794 1775 5862 Notas,
1808 5800 1849 5849 Α

270 5868 516 5939 prima,
546 5876 678 5933 etc.,
707 5874 763 5923 et
791 5866 914 5937 quia
954 5868 1180 5922 nondum
1217 5866 1433 5938 lanugo,
1463 5865 1619 5925 facile
1660 5868 1758 5922 fuit
1784 5867 1852 5923 ad

1982 3375 2163 3423 autem
2193 3384 2299 3423 non
2352 3384 2451 3440 pro
2478 3372 2779 3441 corruptela
2821 3373 3160 3444 integritatis,
3188 3374 3283 3429 sed
3323 3389 3424 3447 pro
3461 3376 3579 3431 sola

1983 3462 2289 3517 maturitate
2318 3464 2490 3518 aetatis
2520 3464 2715 3520 mulier
2748 3466 3084 3533 nominatur;
3116 3468 3256 3522 sicut
3279 3476 3333 3522 et
3353 3468 3435 3523 vir
3471 3482 3572 3537 pro

1986 3552 2100 3607 sola
2131 3552 2407 3619 virilitate,
2436 3555 2650 3610 etiamsi
2678 3556 2747 3611 ab
2766 3571 2930 3626 opere
2961 3558 3204 3614 femineae
3233 3557 3580 3616 admixtionis
3612 3570 3615 3571 '

1981 3646 2241 3704 habeatur
2288 3649 2563 3706 immunis.

2052 3748 2142 3805 84.
2200 3751 2467 3807 Extremas
2530 3751 2640 3821 jam
2701 3753 2911 3818 aetatis,
2979 3767 3137 3807 senes
3185 3762 3243 3808 et
3292 3768 3427 3808 anus
3480 3769 3576 3810 vo-

1978 3850 2190 3899 cantur.
2247 3843 2418 3899 Senes
2482 3851 2659 3898 autem
2723 3844 2938 3913 quidam
2996 3843 3169 3898 dictos
3234 3853 3450 3912 putant,
3498 3860 3569 3902 eo

1978 3936 2118 4004 quod
2165 3948 2224 3989 se
2274 3934 2551 3999 nesciunt,
2595 3944 2649 3989 et
2699 3950 2795 4004 per
2832 3934 3051 3989 nimiam
3094 3943 3306 3990 aetatem
3339 3934 3572 3994 delirent

1978 4035 2138 4100 atque
2161 4025 2450 4098 desipiant.
2482 4026 2635 4087 [inde
2663 4036 2720 4087 et
2741 4026 2890 4086 Plato
2924 4040 2938 4085 έ
2973 4025 3037 4086 In
3058 4026 3235 4103 pueris
3254 4034 3429 4086 crearit
3455 4041 3577 4087 ser.

1979 4139 2088 4188 sus,
2114 4124 2165 4177 in
2186 4124 2459 4193 juvenibus
2489 4131 2641 4194 viget,
2675 4125 2729 4177 in
2759 4124 2961 4178 senibus
2986 4124 3254 4177 minuitur.
3288 4124 3434 4178 Anus
3469 4138 3572 4182 au-

1979 4221 2085 4270 tem
2118 4230 2182 4271 ex
2212 4215 2395 4271 multis
2419 4215 2574 4270 annis
2603 4216 2747 4270 dicta
2779 4224 2892 4283 est,
2931 4215 3085 4284 quasi
3123 4229 3347 4269 annosa.

2690 4289 2853 4362 xx’u.

1996 4416 2005 4423 '
2048 4401 2140 4457 85.
2185 4399 2330 4455 Inter
2356 4400 2664 4455 rationabile
2692 4409 2747 4455 et
2772 4400 3027 4455 rationale
3053 4400 3155 4454 hoc
3180 4399 3444 4455 interesse
3468 4415 3571 4456 sa-

1977 4494 2129 4564 piens
2165 4493 2381 4565 quidam
2403 4493 2582 4548 dixit:
2632 4493 2913 4547 Rationale
2939 4503 3012 4548 est
3053 4492 3193 4561 quod
3228 4492 3444 4546 rationis
3464 4491 3568 4548 uti-

1977 4594 2060 4639 tur
2078 4585 2357 4650 intellectu,
2389 4595 2444 4640 ut
2481 4585 2634 4638 homo
2653 4601 2672 4650 ;
2701 4584 3006 4639 rationabile
3040 4601 3159 4639 vero
3206 4585 3342 4654 quod
3369 4586 3567 4641 ratione

2675 4764 2867 4819 XXIII.

2044 4857 2133 4913 86.
2178 4856 2319 4911 Inter
2345 4865 2560 4912 mentem
2581 4867 2635 4912 et
2659 4857 2911 4912 rationem
2936 4857 3041 4913 hoc
3068 4856 3266 4917 differt.
3292 4858 3439 4914 Mens
3477 4868 3564 4914 est

1963 4964 2087 5020 pars
2110 4951 2305 5004 anima:
2334 4950 2698 5019 praestantior,
2719 4965 2872 5021 aqua
2904 4950 3145 5020 procedit
3183 4951 3556 5023 intelligentia.

1968 5100 2123 5142 suum
2154 5085 2328 5158 locum
2385 5099 2664 5141 revocare.
2691 5085 2841 5141 Notae
2882 5085 3204 5158 puerilitate;
3235 5087 3309 5139 ita
3355 5084 3556 5158 Cedas,

1968 5167 2102 5225 etc.,
2135 5165 2187 5212 et
2209 5155 2310 5223 al.,
2338 5158 2525 5238 puerili
2550 5167 2716 5224 aetate,
2747 5153 2996 5213 videntur
3040 5160 3228 5228 posita:
3255 5170 3349 5225 pro
3377 5153 3556 5209 verbis

1967 5244 2063 5298 pro
2092 5237 2237 5281 wtate
2259 5227 2463 5294 puerili.
2500 5227 2669 5282 Attsv.
3046 5227 3051 5228 ⁷

2042 5297 2133 5352 8t.
2162 5298 2219 5377 ln_
2244 5297 2489 5352 Editione
2512 5298 2698 5377 _Gria_lii
2727 5299 2979 5377 mendum
3001 5298 3212 5377 clarum_
3227 5301 3343 5350 erat
3359 5298 3555 5377 juven-

1968 5378 2048 5423 tus
2076 5383 2171 5438 pro
2189 5369 2442 5440 juuencus
2468 5386 2482 5434 ;
2511 5367 2565 5423 in
2590 5370 2710 5424 aliis
2737 5372 2930 5425 desunt
2959 5369 3071 5423 haec
3099 5365 3286 5432 verba,
3316 5365 3370 5420 ut
3392 5367 3445 5419 in
3467 5366 3555 5421 bo-

1968 5440 2080 5510 bus,
2111 5438 2215 5495 etc.
2252 5438 2421 5496 Anev.

2033 5506 2123 5565 8‘2.
2156 5510 2319 5578 Quasi
2342 5508 2562 5566 mollier.
2594 5510 2710 5567 Non
2770 5510 2908 5565 male
2954 5506 3068 5576 alii,
3123 5508 3271 5577 quasi
3320 5507 3551 5573 mollior,

1961 5580 2131 5709 “:11.
2154 5652 2426 5710 Rationale
2450 5653 2729 5717 est.Verba
2757 5660 2879 5707 sunt
2910 5651 3135 5722 August.
3166 5650 3203 5707 ti
3231 5652 3299 5708 de
3327 5651 3545 5717 0rdin.,

2141 5725 2479 5867 iIntelligibile
2496 5811 2663 5850 esse...
2686 5795 2994 5863 sentiuntur,
3017 5794 3178 5853 verba
3196 5796 3419 5867 August.
3451 5807 3547 5851 vut

1955 5864 2025 5923 de
2054 5866 2237 5931 Civit.,
2267 5864 2385 5943 cap.
2418 5867 2470 5921 6.
