4056 6350
515 347 584 403 88
1580 345 1642 403 8.
1680 342 1927 400 ISIDORI
1966 342 2404 404 HISPALENSIS
2440 336 2742 404 EPISCOPI
3715 352 3784 413 ει

512 462 671 519 Ratio
698 476 832 520 vero
857 471 941 519 est
988 473 1166 519 motus
1206 462 1424 534 quidam
1481 463 1648 518 animi
1678 479 1848 518 visum
1903 470 2100 518 mentis
2124 466 2177 525 Α

510 562 733 623 omne;
760 568 997 626 veraque
1033 568 1065 608 a
1090 554 1239 609 falsis
1265 554 1619 625 distinguens;

1224 646 1413 702 XXIV;

578 737 669 793 87.
691 738 836 795 Inter
854 740 1176 804 memoriam,
1207 749 1444 807 mentem,
1473 742 1528 794 et
1557 740 1932 810 cogitationem,
1974 740 2098 797 tali!

506 832 783 887 distinctio
800 841 903 898 est,
925 832 1067 903 quod
1098 832 1355 889 memoria
1397 832 1662 901 praeterita
1690 833 1907 900 retinet,
1942 846 2094 889 mens

504 923 681 981 futura
713 928 1008 997 praevidet,
1037 928 1291 999 cogitatio
1320 926 1601 995 praesentia
1627 926 2019 998 complectitur.

1226 1018 1395 1074 XXV.

572 1110 665 1167 88.
689 1112 830 1168 Inter
848 1127 1053 1167 sensum
1070 1120 1127 1167 et
1146 1113 1447 1167 memoriam
1465 1112 1566 1167 hoc
1588 1112 1833 1167 interest.
1862 1112 2088 1185 Sensus,

502 1203 581 1260 rei
611 1202 867 1277 cujusque
887 1204 1224 1270 adinventio;
1252 1206 1535 1270 memoria,
1560 1206 1637 1260 rei
1659 1204 1890 1259 inventae
1911 1221 2092 1261 recor-

500 1294 669 1352 datio:
692 1296 783 1353 ille
807 1296 1075 1367 excogitat
1095 1308 1149 1352 et
1179 1297 1402 1367 reperit,
1435 1297 1548 1351 hate
1576 1304 1785 1365 reperta
1808 1298 2060 1352 custodit.

1204 1389 1392 1444 XXVI.

564 1480 676 1553 95
705 1479 797 1537 89.
838 1480 983 1535 Inter
1021 1480 1369 1551 intelligibitia
1414 1488 1467 1535 et
1506 1480 1768 1534 sensibilia
1801 1481 1976 1537 taliter
1996 1498 2088 1539 ve-

495 1580 638 1627 teres
656 1571 1033 1627 discreverunt
1059 1590 1072 1625 :
1099 1572 1449 1641 intelligibilia
1476 1587 1601 1627 esse
1622 1587 1741 1642 qua
1759 1584 1939 1630 mente
1965 1577 2086 1629 ani-

495 1676 692 1734 moque
739 1660 1135 1732 percipiuntur;
1183 1664 1454 1718 sensibilia
1513 1673 1733 1730 autem,
1792 1680 1915 1735 qua:
1967 1667 2086 1722 visu

493 1761 748 1821 tactuque
774 1769 1037 1824 corporeo
1066 1756 1389 1810 sentiuntur.

2898 466 3087 522 XXIX.

2270 552 2359 607 94.
2390 554 2533 610 Inter
2556 556 2784 609 animum
2797 552 2855 612 et
2875 556 3099 612 animum
3124 558 3430 615 Lactantius
3458 561 3779 634 distinguere

2200 648 2548 717 philosophos
2568 650 2827 719 quosdam
2850 651 2923 706 ita
2947 646 3251 707 existimat:
3282 671 3299 705 t
3327 654 3778 727 Quidam,inquit,

2199 739 2349 795 aiunt
2393 741 2533 794 aliud
2564 754 2684 797 esse
2707 743 2939 797 animam
2972 754 3072 815 una
3097 743 3355 811 vivimus;
3382 745 3520 800 aliud
3543 749 3778 804 animum

2198 846 2303 901 quo
2323 832 2583 888 sentimus
2604 841 2661 889 et
2680 836 2936 905 sapimus,
2954 838 3097 907 quia,
3120 838 3330 893 valente
3358 840 3409 892 in
3427 836 3650 908 corpore
3670 843 3783 895 ani-

2198 938 2286 977 ma
2301 963 2317 990 ,
2344 940 2728 996 nonnunquam
2749 928 2961 984 animus
2983 930 3138 999 perit,
3152 930 3545 986 slcutaccidere
3566 932 3783 988 demen-

2200 1016 2337 1071 tibus
2369 1017 2525 1072 solet.

2269 1106 2357 1163 95.
2389 1108 2605 1162 Addunt
2634 1124 2846 1180 quoque
2876 1111 3105 1165 animam
3138 1121 3309 1166 morte
3336 1111 3773 1197 sopiri,animtim

2197 1214 2406 1257 somno.
2441 1203 2521 1257 0b
2550 1202 2653 1257 hoc
2699 1203 2823 1259 inde
2867 1214 3054 1274 putant
3095 1220 3214 1261 esse
3257 1206 3516 1274 divisum,
3545 1222 3611 1262 eo
3638 1208 3776 1277 quod

2196 1292 2422 1345 actionis
2451 1293 2630 1347 ofﬁcio
2647 1305 2987 1363 separentur.
3020 1296 3121 1362 Qui
3150 1312 3275 1351 vero
3303 1307 3589 1367 utrumque
3618 1299 3776 1353 indil-

2195 1382 2427 1438 letenter
2444 1384 2728 1453 accipiunt,
2745 1386 2987 1440 veracius
3007 1397 3442 1457 argumentantur
3463 1405 3477 1441 :
3502 1389 3652 1454 Quod
3675 1404 3773 1445 nec

2194 1475 2376 1529 vivere
2431 1476 2547 1532 sine
2580 1492 2741 1532 sensu
2774 1492 3081 1548 possumus,
3131 1495 3229 1536 nec
3258 1480 3456 1534 sentire
3487 1480 3602 1535 sine
3647 1482 3775 1536 vita.

2264 1568 2353 1622 96.
2387 1568 2590 1623 Idcirco
2637 1585 2974 1641 nequaquam
3005 1587 3161 1641 posse
3214 1587 3332 1627 esse
3375 1573 3601 1628 divisum
3632 1576 3775 1644 quod

2192 1673 2221 1712 a
2267 1672 2325 1714 se
2379 1658 2599 1714 minime
2648 1671 2944 1729 separatur.
3002 1662 3107 1718 Sed
3164 1662 3303 1717 idem
3358 1679 3551 1727 unum,
3602 1673 3657 1719 et
3701 1666 3777 1718 vi-

2191 1752 2347 1806 vendi
2382 1752 2585 1807 habere
2617 1754 2875 1823 vigorem,
2907 1763 2961 1808 et
2988 1755 3253 1810 sentiendi
3300 1756 3504 1825 perfrui
3533 1759 3775 1823 ratione;

566 1846 657 1901 90.
692 1845 827 1903 Sunt
852 1859 1028 1903 autem
1077 1863 1265 1905 sensus
1308 1850 1552 1919 corporei
1589 1850 1827 1920 quinque
1859 1866 1875 1905 :
1912 1850 2082 1920 visus,
2117 1858 2165 1920 Β
2194 1857 2248 1901 ct
2278 1846 2403 1901 dum
2461 1857 2586 1902 Sunt
2648 1858 2871 1917 utraque
2905 1864 3089 1914 unum,
3127 1850 3272 1903 varia
3319 1865 3598 1918 sumpsere
3626 1867 3784 1925 voca-

490 1936 741 2005 auditus,
792 1940 1082 2008 odoratus,
1132 1950 1352 2010 gustus,
1405 1950 1596 1997 tactus.
1650 1942 1797 1997 Visui
1846 1943 2087 2012 subjacet

492 2032 729 2097 habitus,
759 2043 814 2089 et
852 2036 1025 2103 color,
1055 2049 1149 2089 seu
1190 2035 1499 2104 magnitudo
1547 2048 1833 2090 mensurae.
1866 2035 2086 2091 Auditui

488 2139 651 2183 voces
680 2138 733 2183 et
759 2141 946 2195 sonus,
970 2126 1217 2183 odoratui
1248 2126 1473 2181 odorum
1508 2126 1823 2197 fragrantia,
1853 2128 1936 2182 vel
1963 2142 2085 2197 quas

489 2218 651 2276 aliter
677 2235 736 2275 se
778 2220 998 2285 habent,
1041 2220 1221 2290 gustui
1270 2234 1431 2288 sapor
1480 2234 1695 2275 amarus
1744 2233 1842 2274 seu
1886 2220 2079 2285 dulcis,

489 2312 655 2367 tactui
682 2310 855 2368 calida
883 2314 969 2369 vel
1000 2311 1215 2384 frigida,
1240 2327 1430 2379 aspera
1462 2312 1543 2367 vel
1568 2312 1771 2380 mollia,
1798 2328 1891 2367 seu
1916 2313 2077 2367 lenia.

561 2404 653 2461 91.
675 2405 741 2461 Hi
761 2414 937 2462 autem
960 2406 1198 2478 quinque
1220 2419 1409 2460 sensus
1431 2420 1499 2459 ex
1525 2404 1764 2473 partibus
1785 2406 2082 2459 elemento-

488 2514 609 2555 rum
633 2509 780 2568 sunt,
803 2501 900 2557 sed
922 2517 1029 2557 non
1051 2518 1115 2558 ex
1138 2502 1393 2557 omnibus
1414 2501 1698 2557 elementis
1716 2510 1963 2568 quatuor,
1984 2503 2081 2558 sed

487 2605 557 2647 ex
587 2607 714 2649 aere
746 2604 989 2664 terraque
1016 2597 1323 2665 gignuntur.
1370 2594 1449 2648 Ex
1475 2609 1599 2650 aere
1644 2593 1862 2664 quidem
1908 2596 2080 2665 visus,

485 2682 765 2752 odoratus,
792 2686 1035 2753 auditus;
1066 2703 1133 2742 ex
1158 2696 1301 2741 terra
1324 2694 1500 2742 tactus
1522 2700 1790 2757 saporque
1819 2687 2074 2743 nascitur.

1175 2778 1388 2834 XXVII.

555 2868 651 2927 92.
690 2871 838 2927 Inter
866 2873 1096 2926 animam
1119 2883 1175 2927 et
1201 2890 1387 2941 corpus
1420 2874 1490 2926 ita
1522 2873 1821 2927 secernitur
1854 2888 1869 2926 :
1898 2872 2076 2927 anima

483 2973 567 3019 eet
592 2964 892 3019 substantia
923 2967 1261 3034 incorporea,
1320 2964 1724 3028 intellectualis,
1760 2964 2034 3018 rationalis
2060 3009 2075 3031 ,

487 3056 799 3120 invisibilis,
861 3068 1022 3127 atque
1078 3058 1323 3121 mobilis,
1376 3069 1429 3112 et
1480 3057 1819 3123 immortalis,
1878 3058 2081 3111 habens

483 3144 722 3215 ignotam
745 3146 1030 3215 originem,
1056 3147 1183 3201 nihil
1219 3156 1392 3201 tatnen
1426 3148 1477 3201 in
1510 3158 1699 3201 natura
1729 3161 1821 3202 sua
1846 3149 2078 3202 mixtum

2190 1941 2333 2007 bula,
2361 1958 2453 2007 pro
2484 1942 2797 1997 diversitate
2820 1942 3184 1997 ellectionum.
3218 1934 3367 1998 Sicut
3396 1944 3537 1998 enim
3560 1945 3781 2013 Spiritus

2193 2047 2313 2099 pars
2341 2033 2536 2087 animm
2570 2043 2654 2087 est
2698 2049 2792 2103 per
2815 2050 2973 2103 quam
3006 2035 3266 2106 imagines
3308 2051 3485 2091 rerum
3530 2051 3779 2108 corpora-

2190 2127 2316 2183 liuut
2337 2129 2738 2197 imprimuntur,
2756 2131 2831 2185 sic
2849 2130 3197 2203 anitnuspars
3216 2131 3455 2201 ejusdem
3469 2130 3660 2189 anima:
3674 2140 3779 2199 est,

2187 2238 2293 2291 quo
2320 2222 2549 2278 sentitur
2576 2230 2629 2276 et
2648 2224 2886 2292 sapitur;
2915 2225 3053 2279 sicut
3072 2233 3126 2279 et
3159 2239 3310 2278 mens
3330 2222 3568 2293 ejusdem
3601 2224 3779 2293 portio

2187 2323 2289 2379 est,
2317 2331 2411 2385 per
2432 2331 2586 2384 quam
2614 2317 2790 2370 omnis
2815 2318 2954 2371 ratio
2976 2318 3434 2387 iutelligentiaque
3460 2320 3775 2389 percipitur.

2259 2406 2350 2462 97.
2385 2406 2538 2463 Sicut
2564 2408 2831 2474 voluntas,
2880 2422 2983 2479 qua
3027 2409 3297 2464 intellecta
3325 2411 3772 2480 consentiunlur;

2185 2503 2324 2556 sicut
2374 2503 2671 2567 memoria,
2724 2518 2826 2569 qua
2874 2500 3131 2556 meditata
3186 2512 3634 2559 rememorantur.
3705 2503 3774 2559 Et

2188 2594 2302 2647 haec
2340 2593 2555 2661 quidem
2587 2593 2712 2647 dum
2764 2592 3047 2661 multiplici
3098 2600 3344 2647 constant
3370 2592 3726 2663 appellatione
3751 2634 3770 2662 ,

2188 2698 2291 2737 non
2328 2692 2505 2738 tamen
2540 2688 2611 2737 ita
2652 2684 2967 2738 dividuntur
2995 2684 3051 2738 in
3098 2684 3391 2738 substantia
3418 2684 3553 2739 sicut
3593 2684 3646 2739 in
3676 2702 3776 2742 no-

2186 2772 2352 2837 mine,
2381 2774 2506 2842 quia
2534 2773 2721 2828 eadem
2751 2790 2851 2828 una
2879 2784 2962 2828 est
3002 2776 3199 2829 anima.
3220 2774 3348 2842 Qua:
3378 2774 3501 2830 dum
3533 2787 3780 2833 contem-

2186 2870 2379 2935 platur,
2415 2867 2641 2935 spiritus
2680 2876 2799 2933 est;
2857 2867 2982 2921 dum
3026 2869 3211 2935 sentit,
3263 2884 3455 2923 sensus
3485 2878 3603 2936 est;
3649 2872 3778 2926 dum

2184 2960 2356 3025 sapit,
2406 2960 2617 3013 animus
2658 2968 2773 3025 est,
2817 2960 2945 3013 dum
2978 2960 3273 3035 intelligit,_
3301 2975 3454 3033 mens
3482 2973 3595 3028 est;
3645 2961 3777 3018 dum

2184 3052 2461 3118 discernit,
2488 3052 2624 3106 ratio
2646 3062 2727 3105 est
2747 3069 2761 3118 ;
2784 3050 2911 3106 dum
2936 3037 3223 3125 consentit,
3246 3038 3354 3123 97
3378 3054 3625 3109 voluntas
3649 3065 3735 3109 cst
3759 3072 3773 3120 ;

2185 3144 2312 3198 dum
2350 3144 2689 3208 recordatur,
2723 3143 2981 3198 memoria
3012 3154 3130 3210 est;
3168 3153 3222 3199 et
3258 3144 3380 3198 dum
3414 3144 3649 3199 membra
3682 3161 3783 3200 ve-

484 3248 827 3305 concretum,
857 3239 941 3293 vel
969 3249 1265 3305 terrenum,
1296 3239 1431 3293 nihil
1466 3240 1767 3305 humidum,
1801 3240 1934 3295 niltil
1971 3240 2077 3295 ﬂa—
2108 3248 2154 3311 C
2185 3247 2354 3308 gelat,
2394 3239 2571 3292 anima
2596 3249 2678 3293 est
2704 3248 2757 3293 et
2782 3237 2941 3293 modo
2983 3239 3142 3307 sapit,
3179 3238 3338 3311 modo
3364 3237 3579 3308 desipit,
3614 3239 3781 3311 modo

484 3328 617 3395 bile,
647 3333 733 3384 vel
778 3332 989 3399 igneum
1014 3350 1028 3397 ;
1052 3342 1106 3384 at
1132 3341 1315 3385 contra
1343 3347 1542 3401 corpus
1564 3342 1648 3387 est
1676 3332 1978 3387 substantia
1998 3334 2075 3388 vi-

486 3423 686 3493 sibilis,
716 3435 877 3495 atque
898 3425 1134 3492 mobilis,
1164 3427 1426 3493 mortalis,
1466 3426 1670 3482 habens
1696 3442 1877 3483 semen
1919 3444 1982 3482 ex
2004 3428 2077 3482 vi-

486 3517 585 3584 tio,
618 3526 671 3570 et
699 3531 766 3571 ex
821 3526 1032 3571 terrena
1064 3517 1195 3572 hcce
1235 3519 1538 3573 materiam.
1585 3519 1688 3574 Sed
1720 3520 1926 3584 anima,
1952 3520 2075 3588 quia

485 3608 781 3679 spiritualis
810 3618 1057 3665 creatura
1087 3621 1191 3678 est,
1232 3612 1441 3665 initium
1473 3612 1642 3676 novit,
1689 3614 1844 3666 linem
1878 3611 2076 3667 habere

489 3721 595 3760 non
627 3706 793 3761 novit.
827 3703 976 3761 Sicut
1025 3707 1168 3761 enim
1202 3706 1418 3775 angeli,
1468 3707 1539 3760 ita
1592 3716 1646 3761 et
1691 3706 1882 3760 anima:
1929 3714 2073 3760 sunt.

484 3795 698 3852 Habent
727 3801 868 3851 enim
900 3797 1132 3864 initium,
1182 3799 1342 3851 linem
1374 3798 1601 3853 nullum.
1636 3795 1839 3865 Corpus
1868 3808 2071 3865 autem,

482 3889 607 3959 quia
636 3903 703 3945 ex
731 3899 961 3959 quatuor
984 3894 1262 3944 elementis
1292 3896 1493 3953 contat,
1530 3889 1693 3957 ignis,
1719 3892 2072 3956 aeris,aquae,

484 3989 541 4036 et
571 3990 752 4049 terrae,
782 3981 909 4034 dum
962 3980 1120 4034 fuerit
1174 3980 1474 4033 excedente
1529 3980 1707 4032 anima
1753 3979 2070 4043 resolutum,

484 4071 630 4128 redit
655 4086 840 4126 rursus
874 4071 1015 4124 unde
1045 4069 1215 4125 fuerat
1241 4078 1441 4123 ortum.
1476 4068 1603 4147 Inde
1633 4079 1685 4124 et
1716 4069 1910 4139 partim
1935 4084 2077 4123 mor-

486 4165 650 4235 tales,
677 4165 871 4235 partim
909 4164 1242 4218 immortales
1265 4177 1473 4221 sumus.
1507 4162 1713 4217 Animae
1742 4163 1883 4218 enim
1925 4174 2081 4217 natu-

487 4273 606 4314 ram
636 4272 982 4314 communem
1015 4258 1278 4313 habemus
1298 4270 1420 4313 cum
1445 4257 1670 4327 angelis,
1704 4272 1920 4312 carnem
1952 4272 2078 4313 vero

487 4364 612 4417 cum
642 4350 945 4419 pecoribus.

1165 4438 1402 4494 XXVIII.

556 4528 651 4588 9'5.
674 4530 817 4586 Inter
837 4547 1041 4585 carnem
1058 4539 1111 4585 et
1132 4547 1317 4599 corpus
1356 4529 1574 4600 quidam
1603 4530 1818 4599 sapiens
1837 4529 2082 4585 distinmt

2182 3331 2401 3384 remotis
2459 3330 2730 3399 paulisper
2785 3328 2967 3394 curis,
3004 3330 3248 3398 corporis
3297 3343 3492 3400 sapore
3545 3310 3779 3385 delinita

2183 3423 2438 3492 quiescit,
2469 3437 2772 3493 rursusque
2800 3431 3069 3477 commota
3100 3422 3167 3476 ad
3214 3400 3650 3493 contemplandas
3681 3437 3779 3478 re-

2180 3530 2299 3569 rum
2324 3512 2591 3582 imagines
2621 3516 2863 3582 protinus
2887 3514 3117 3567 excitata
3143 3514 3388 3568 recurrit.

2892 3617 3054 3673 XXX.

2252 3712 2340 3767 98.
2366 3711 2509 3769 Inter
2531 3712 2755 3766 animam
2783 3719 2837 3767 et
2861 3712 3097 3779 spiritum
3130 3710 3234 3764 hoc
3272 3708 3486 3763 differre
3524 3706 3784 3767 doctores

2179 3804 2452 3869 dixerunt,
2483 3805 2627 3873 quod
2673 3802 2847 3857 anima
2881 3803 2992 3871 ipsa
3044 3802 3147 3856 vita
3193 3811 3276 3856 est
3322 3800 3574 3867 hominis,
3631 3816 3779 3869 pra:-

2180 3907 2329 3950 Stans
2387 3910 2601 3950 sensum
2648 3905 2956 3962 motumque
2981 3894 3274 3961 corporis:
3323 3893 3543 3958 spiritus
3593 3902 3782 3967 autem

2181 3986 2347 4054 ipsius
2377 3986 2569 4038 anima:
2609 3992 2693 4039 est
2734 3984 2973 4051 quaedam
3003 3982 3084 4034 vis
3110 3989 3164 4034 et
3214 3980 3446 4051 potentia
3477 3982 3782 4052 rationalis,

2180 4089 2277 4140 per
2301 4090 2456 4143 quam
2487 4075 2603 4143 lege
2647 4081 2853 4126 naturas
2895 4078 3154 4140 praestare
3174 4071 3386 4125 videtur
3425 4072 3633 4126 creteris
3668 4088 3783 4153 pe-

2180 4166 2416 4221 coribus.
2466 4163 2696 4218 Proinde
2749 4162 2930 4216 anima
2985 4161 3141 4215 ﬂatus
3188 4161 3311 4215 vita:
3352 4172 3455 4227 est,
3490 4158 3783 4218 animalem

2180 4258 2450 4312 hominem
2476 4232 2678 4311 iaciens
2710 4272 2726 4322 ;
2769 4253 2992 4322 spiritus
3020 4262 3220 4319 autem,
3266 4252 3345 4307 vis
3371 4268 3490 4333 qua:
3530 4246 3783 4310 carnales

2181 4349 2647 4423 concupiscentias
2676 4347 2866 4412 calcat,
2891 4355 3052 4415 atque
3077 4344 3355 4400 mortalem
3380 4344 3445 4398 ad
3469 4338 3784 4397 immutabi-

2181 4441 2383 4496 litatctn
2440 4442 2563 4494 vitae
2615 4440 2884 4494 hominem
2911 4446 3185 4508 provocat.
3274 4504 3281 4511 ‘

2252 4534 2340 4589 99.
2376 4531 2683 4588 Certissime
2706 4544 2882 4586 autem
2919 4530 3163 4600 Spiritum
3198 4528 3429 4582 animam
3461 4538 3581 4581 esse
3606 4514 3781 4581 evan-

487 4621 705 4677 dicens:
739 4620 881 4676 Caro
909 4632 986 4676 est
1016 4638 1133 4689 quae
1166 4622 1376 4689 pr0prie
1403 4625 1681 4691 sanguine,
1712 4622 1912 4687 nervis,
1941 4622 2079 4677 ossi-
2109 4637 2165 4697 Ῑ)
2186 4627 2372 4697 gelista
2396 4632 2641 4685 testatur,
2668 4624 2785 4693 quia
2817 4623 3046 4677 animum
3075 4636 3232 4695 quam
3262 4619 3505 4689 Christus
3528 4618 3578 4671 in
3606 4632 3779 4697 carne

489 4712 701 4783 busque
740 4712 1124 4781 distinguitur;
1148 4728 1345 4781 corpus
1376 4727 1524 4781 vero,
1555 4726 1853 4780 quanquam
1876 4721 1927 4766 et
1958 4727 2083 4767 caro

2185 4717 2423 4786 suscepit
2452 4716 2696 4786 spiritum
2736 4713 3046 4768 nominavit.
3089 4709 3220 4785 Nam
3262 4725 3381 4763 cum
3410 4704 3629 4762 dixisset
3661 4706 3778 4762 Do-

488 4804 717 4869 dicatur,
751 4804 1016 4858 interdum
1048 4813 1224 4858 tamen
1257 4814 1311 4857 et
1354 4820 1572 4877 aereum
1612 4804 1721 4874 96
1754 4804 2077 4870 nominatur,
2124 4828 2141 4871 ι
2183 4812 2384 4879 minus,
2411 4808 2721 4862 Potestatem
2746 4806 2901 4859 habeo
2938 4804 3161 4874 pomndi
3184 4802 3406 4855 animam
3426 4796 3607 4864 meant,
3635 4798 3780 4855 hanc

487 4895 809 4967 quodtactui
840 4897 1084 4966 visuique
1113 4912 1220 4952 non
1253 4895 1551 4973 subjaceat,
1574 4906 1627 4950 et
1654 4900 1965 4966 plerumque
1996 4908 2079 4953 est

487 4988 698 5046 visibile
728 4999 887 5059 atque
933 4990 1208 5059 tangibile.
1250 4990 1439 5045 Paries
1483 5003 1676 5057 corpus
1713 4998 1815 5053 est,
1845 4989 1939 5043 sed
1969 5004 2077 5045 non

489 5097 649 5152 caro;
680 5078 820 5152 lapis
833 5080 1029 5149 corpus
1055 5078 1157 5146 est,
1184 5078 1277 5136 seti
1306 5080 1412 5136 non
1442 5096 1587 5136 caro.
1615 5079 1703 5135 Sic
1719 5080 1829 5151 eth
1842 5082 2078 5150 postolus

488 5191 719 5247 corpora
763 5175 1007 5232 cmlestia
1066 5174 1345 5245 appellat,
1399 5183 1451 5229 et
1512 5172 1737 5243 Corpora
1785 5176 2075 5230 terrestria.

488 5268 725 5324 Coeleste
750 5281 944 5337 corpus
1003 5264 1168 5333 solis,
1202 5266 1339 5320 lunae
1376 5273 1431 5319 et
1460 5264 1769 5330 stellarum,
1824 5273 2077 5320 terrestre

490 5356 651 5427 ignis,
685 5358 852 5426 aeris,
883 5360 1056 5431 aquae,
1118 5370 1296 5423 terra,
1348 5363 1404 5412 et
1449 5357 1800 5427 reliquorum,
1832 5370 1952 5426 qua:
1983 5358 2075 5411 ab-

493 5464 628 5520 sque
656 5450 836 5505 anima
855 5451 923 5506 iis
946 5460 1234 5507 censentur
1263 5449 1565 5506 elementis.

566 5588 659 5659 9i.
690 5582 891 5659 Confer
914 5585 983 5639 de
1010 5586 1094 5641 his
1125 5586 1359 5658 Etymol.
1415 5582 1512 5639 lib.
1537 5597 1614 5648 ιι,
1657 5596 1779 5651 cap.
1814 5586 1869 5650 i,
1927 5597 2074 5638 num.

495 5658 879 5793 ’δόῗῗζὶω
928 5740 1051 5794 qua:
1093 5726 1161 5781 de
1190 5742 1364 5781 anima
1394 5726 1479 5783 hic
1508 5724 1762 5781 dicuntur
1788 5765 1802 5789 ,
1852 5722 2079 5793 repetita

491 5808 619 5858 sunt
638 5798 695 5854 in
737 5788 877 5853 libro
927 5788 1161 5865 qundam
1192 5797 1281 5851 -de
1333 5798 1597 5861 Nttmeris,
1632 5788 1795 5859 quem,
1844 5788 2075 5851 nondum

492 5871 704 5929 editum
733 5876 865 5943 puto
885 5910 904 5939 ,
934 5876 994 5927 et
1017 5868 1160 5927 inter
1186 5867 1511 5937 appendices
1540 5865 1805 5925 exhibebo
1823 5909 1839 5937 ,
1876 5874 1935 5922 ut
1965 5868 2077 5927 dixi

2180 4905 2297 4960 sine
2317 4902 2477 4957 dubio
2498 4912 2619 4955 tunc
2641 4899 2835 4971 posuit,
2868 4898 3081 4966 quando
3112 4897 3164 4949 in
3190 4908 3371 4960 cruce,
3399 4891 3654 4946 inclinato
3681 4905 3779 4945 ca-

2186 4998 2317 5067 pite,
2347 4994 2588 5065 Spiritum
2631 4992 2867 5048 tradidit.
2907 4989 3091 5045 Omnis
3129 4976 3303 5043 autem
3333 4987 3505 5040 anima
3553 4985 3775 5055 spiritus

2185 5100 2303 5140 esse
2327 5092 2520 5152 patest,
2538 5097 2643 5137 non
2667 5093 2843 5137 tamen
2858 5081 3036 5135 omnis
3061 5074 3277 5148 Spiritus
3291 5078 3490 5131 anima;
3510 5076 3638 5130 Nam
3656 5076 3774 5143 ipSe

2187 5162 2328 5230 Deus
2348 5170 2545 5243 Spritus
2572 5184 2675 5237 est,
2695 5164 2749 5227 ei.
2772 5172 2947 5226 tamen
2970 5170 3146 5224 anima
3164 5164 3281 5224 noti
3305 5162 3417 5234 est;
3438 5166 3610 5236 angeli
3635 5179 3771 5234 quo-

2186 5282 2288 5336 que
2318 5275 2373 5320 et
2401 5266 2543 5321 venti
2575 5266 2792 5335 spiritus
2817 5271 2961 5330 sunt,
2989 5269 3042 5316 et
3073 5270 3246 5315 tamen
3269 5260 3461 5313 anima:
3491 5274 3593 5333 non
3618 5246 3763 5313 sunt.

2214 5354 2337 5411 100.
2354 5356 2469 5426 Ipsa
2481 5366 2658 5410 autem
2671 5355 2866 5417 anima,
2881 5353 3003 5423 quid
3018 5353 3081 5406 sit
3095 5394 3107 5415 ,
3122 5350 3391 5421 qualissit,
3407 5350 3494 5404 ubi
3509 5350 3763 5418 sit,quam

2185 5444 2411 5504 formam
2443 5444 2656 5517 habeat,
2672 5442 2928 5517 vclquatti
2952 5445 3081 5511 vitii,
3110 5442 3254 5498 nullo
3276 5441 3434 5497 modo
3461 5440 3762 5498 certissime

2188 5587 2239 5640 in
2268 5576 2600 5645 lsidOrianis.
2634 5590 2755 5649 cap.
2784 5578 2873 5646 65,
2910 5590 3057 5649 num.
3091 5578 3159 5632 to
3190 5584 3337 5649 siaqq.
3370 5574 3547 5632 Aasv.

2260 5659 2385 5712 too.
2423 5658 2497 5710 De
2527 5656 2607 5709 his
2640 5645 2998 5722 ag’itlsidorns
3029 5648 3123 5703 lib.
3153 5665 3180 5722 14
3197 5645 3471 5715 Sentettt.,
3494 5660 3614 5719 cap.
3651 5645 3763 5712 I2,

2185 5744 2345 5795 quem
2399 5728 2465 5782 ad
2493 5720 2695 5780 locum
2721 5721 2963 5795 Videndaa
3010 5729 3133 5777 sunt
3162 5720 3367 5776 Loaisa:
3397 5727 3536 5775 nota:
3562 5757 3579 5773 .
3641 5729 3764 5773 dum

2185 5794 2289 5855 huc
2316 5813 2528 5871 quoque
2556 5795 2781 5853 faciunt.
2813 5794 2987 5849 Ακινς

3796 3135 3855 3171 ὀ
