4056 6350
279 342 348 399 35
1511 313 2117 389 ntrrsnsnmnun
2155 312 2286 390 LIB.
2324 311 2391 388 li.
3484 309 3560 392 se.-

273 454 549 528 sapl'entes
575 441 737 523 huius
759 451 953 508 mundi
1000 437 1326 508 definierunt
1395 449 1500 507 Alii
1529 445 1760 520 namque
1784 443 1868 519 ig;
1896 448 1948 510 Α
1969 451 2094 502 eant
2117 447 2395 520 utriusque
2424 460 2546 504 esse
2575 441 3035 519 propagationem.
3067 437 3175 504 Se‘d
3226 445 3276 502 in
3303 445 3556 504 conside-

273 561 397 604 uem
429 545 687 615 animam,
727 545 814 600 alii
861 543 1173 614 sanguinem
1200 531 1319 600 esse
1348 533 1618 610 diser’unt,
1651 542 1739 597 alii
1787 543 1867 596 in-

272 643 616 706 corporeum,
671 635 845 704 neque
888 635 1085 691 habere
1123 635 1285 689 ullam
1332 634 1578 705 ﬁguram.
1613 629 1868 688 Nonnulli

271 742 491 800 quoque
545 727 788 783 eamdem
819 725 1017 781 divinae
1063 719 1271 782 naturae
1299 738 1423 782 esse
1451 731 1658 795 partem
1705 713 1867 795 impia

274 819 585 880 temeritate
639 817 1006 878 crediderunt.

347 913 445 971 l0!
461 955 477 970 .
495 915 604 971 Nos
621 917 797 971 autem
819 903 1064 970 eamdem
1082 929 1187 970 non
1211 913 1409 986 ignem,
1427 911 1512 970 vel
1530 907 1863 983 sanguinem,

272 1008 370 1064 sed
395 1008 772 1078 incorporeum
800 1007 1048 1074 dicimus,
1085 1006 1412 1076 passibiletti',
1445 1007 1606 1076 atque
1633 991 1866 1060 mutabi-

273 1101 406 1167 lem,
427 1101 704 1156 carentem
724 1099 984 1170 pondere,
1009 1100 1193 1170 figura,
1226 1101 1338 1156 sive
1365 1099 1561 1156 colere.
1596 1099 1706 1154 Nec
1730 1097 1867 1155 dici;

279 1207 397 1248 mus
423 1193 657 1248 animam
701 1194 929 1262 partem,
961 1193 1054 1248 sed
1095 1197 1398 1248 creaturam
1446 1193 1567 1248 esse
1598 1190 1726 1257 Dei,
1773 1203 1870 1248 nec

169 1343 188 1366 υ
275 1287 344 1341 de
375 1272 675 1342 Substa‘ntia
725 1273 838 1350 Dei,
886 1273 968 1340 vel
1017 1275 1086 1339 de
1142 1283 1382 1354 qualibet
1422 1283 1719 1354 subiacenti
1761 1283 1871 1340 ele-

273 1381 582 1433 mentorum
617 1377 862 1441 materia",
891 1376 986 1432 sed
1031 1378 1096 1432 ex
1135 1377 1304 1433 nihilo
1332 1376 1497 1432 fuisse
1540 1385 1795 1432 creatam.

348 1467 474 1522 1112.
498 1466 656 1534 Nam,
678 1476 738 1522 ut
757 1467 833 1522 ait
852 1467 1093 1537 Quidam,
1113 1468 1160 1523 si
1182 1463 1299 1524 eam
1326 1469 1467 1524 Deus
1486 1468 1552 1525 ex
1583 1469 1871 1539 semetipso

271 1553 516 1628 i‘écisset,
545 1553 886 1631 nequaquam
909 1561 1120 1623 vitiosa;
1145 1561 1228 1616 vel
1253 1561 1542 1630 mutabilis,
1563 1562 1649 1617 vel
1676 1563 1872 1617 misera

274 1645 441 1709 esset.
467 1653 622 1718 Item;
652 1653 699 1708 si
720 1667 786 1708 ex
818 1653 1100 1709 elementis
1137 1653 1251 1726 98
1289 1660 1436 1708 esset
1461 1652 1759 1708 visibilith
1791 1653 1870 1706 fa;

271 1755 379 1811 cta,
412 1744 644 1801 haberet
693 1745 875 1814 utique
909 1743 995 1799 vel
1033 1755 1101 1799 ex
1141 1754 1282 1800 terra
1314 1744 1661 1810 soliditatem,
1692 1751 1782 1798 aut
1804 1753 1873 1799 ex

1972 540 2179 595 ratione
2209 539 2472 595 seminum
2501 543 2622 611 quae
2651 539 2757 596 non
2794 549 3049 610 concepta
3080 537 3326 609 pereunt,
3374 547 3432 595 et
3457 538 3558 609 ipsi

1970 627 2181 701 penitus
2203 632 2593 688 obmutescunt.
3463 707 3468 712 δ

2040 711 2152 798 99
2182 717 2307 781 107.
2351 729 2593 782 Animam
2625 725 2821 798 quippe
2850 725 3136 781 humanam
3158 713 3365 782 certum
3396 711 3480 781 est
3505 721 3557 780 in

1971 818 2091 891 ipso
2136 815 2460 876 conditionis
2508 837 2618 878 sua:
2665 815 2887 879 munere
2931 823 3256 893 percepisse.
3297 811 3425 890 Qum
3468 807 3562 876 nc-

1970 919 2123 967 cesse
2177 919 2261 968 est
2313 921 2369 967 ut
2413 927 2603 982 corpus
2649 903 2698 967 in
2749 929 2854 984 quo
2901 913 2986 968 hic
3031 898 3561 983 quantulumcunque

1973 1003 2182 1075 tempus
2229 1005 2452 1073 vixerit,
2494 1005 2547 1060 in
2577 1009 2962 1062 resurrectione
2991 1006 3234 1078 recipiat.
3265 989 3394 1073 Quis
3435 997 3565 1073 ergo

1972 1095 2115 1151 dicat
2143 1096 2371 1151 animata
2402 1096 2605 1151 semina
2647 1097 2982 1166 proﬂuxisse,
3034 1096 3147 1153 sive
3173 1096 3260 1151 illa
3289 1087 3408 1167 quae
3459 1111 3565 1150 non

1973 1191 2368 1262 concipiuntur,
2404 1194 2518 1247 sive
2549 1191 2639 1247 illa
2666 1207 2781 1260 qute
2831 1199 3091 1246 nocturna
3142 1187 3394 1246 illusrone
3449 1192 3566 1243 fun-

1973 1285 2208 1342 duntur?
2229 1285 2384 1354 Quod
2404 1288 2579 1341 omnis
2606 1285 2817 1356 sapiens
2840 1286 2983 1341 videt
3005 1300 3162 1356 quam
3183 1285 3254 1340 sit
3273 1277 3567 1341 absurdum

1975 1391 2027 1439 et
2056 1398 2085 1438 a
2119 1383 2327 1439 ratione
2355 1381 2602 1437 omnibus
2631 1379 2803 1435 modis
2833 1382 3084 1435 alienum.
3124 1380 3217 1436 His
3267 1375 3395 1450 ergo
3443 1392 3568 1448 pro-

1975 1469 2328 1545 positionibus
2355 1474 2422 1530 de
2451 1475 2658 1545 origine
2688 1475 2880 1528 anima:
2909 1481 3086 1543 partes
3117 1489 3174 1529 se
3200 1459 3423 1528 invicem
3449 1471 3568 1526 vin-

1975 1571 2123 1633 ‘cunt,
2154 1563 2278 1637 quia
2307 1579 2641 1637 unaqumque
2671 1580 2856 1620 carum
2891 1557 3113 1620 alteram
3148 1553 3566 1634 propdsitioneui

1975 1657 2222 1727 destruit,
2246 1665 2301 1714 et
2327 1659 2440 1729 ipsa
2468 1674 2576 1714 non
2609 1657 2752 1712 valet
2778 1667 3020 1712 astruere
3056 1655 3198 1727 quod
3228 1645 3492 1726 proponit.

2055 1751 2178 1808 108.
2217 1752 2298 1809 01)
2330 1752 2431 1808 hoc
2481 1751 2549 1807 de
2580 1750 2680 1806 hac
2727 1751 3020 1820 quaestione
3069 1747 3274 1803 cautius
3326 1762 3570 1816 quaeren-

271 1836 1627 1909 aquahumoremtaumammex30119.30!“me
1647 1838 1870 1907 811311θῖ
1904 1845 1953 1906 Β
1979 1849 2105 1906 dum
2126 1858 2247 1905 est:
2279 1846 2508 1902 maxime
2561 1844 2702 1915 quod
2741 1859 2768 1897 a
2803 1841 3002 1897 san'ctis
3033 1839 3161 1896 viris
3211 1825 3342 1896 nihil
3372 1839 3572 1912 certius

271 1927 368 1984 Sed
412 1929 539 1999 quia
589 1928 672 1982 his
715 1927 964 1983 omnibus
991 1935 1169 1996 caret,
1213 1935 1439 1996 apparet
1463 1943 1580 1983 eam
1605 1928 1730 1983 inde
1767 1941 1872 1982 non

271 2031 415 2086 esse,
443 2019 567 2090 quia
599 2033 722 2073 cum
752 2019 859 2074 illis
887 2018 1022 2074 nihil
1051 2017 1302 2089 probatur
1335 2018 1534 2074 habere
1566 2027 1872 2074 commune.

347 2112 473 2167 105.
508 2109 662 2166 Unde
682 2119 737 2165 et
764 2109 930 2180 prave
953 2123 983 2164 a
1010 2109 1328 2180 quibusdam
1345 2109 1583 2165 creditur
1608 2123 1728 2165 esse
1756 2125 1874 2165 cor-

272 2216 457 2273 porea,
483 2215 604 2273 quae
630 2211 847 2272 propter
876 2195 928 2256 id
951 2201 1018 2255 ad
1042 2201 1328 2271 imaginem
1355 2200 1446 2256 Dei
1481 2200 1620 2255 facta
1648 2210 1730 2256 est
1751 2209 1810 2256 ut
1828 2203 1874 2258 si

274 2310 380 2354 non
407 2292 758 2349 immutabilis
793 2300 851 2347 ut
892 2292 1037 2348 Deus
1075 2303 1240 2362 esset,
1274 2287 1448 2349 tamen
1476 2293 1791 2362 incorporea
1819 2301 1876 2349 ut

273 2387 418 2443 Deus
465 2387 743 2442 existeret.
785 2384 842 2441 Si
885 2384 1029 2440 enim
1083 2398 1396 2454 corpoream
1439 2385 1708 2441 credimus
1756 2386 1875 2442 ani-

272 2495 439 2544 mam,
489 2494 618 2549 ergo
643 2489 698 2535 et
729 2479 899 2533 Deum
946 2477 1219 2534 credimus
1251 2478 1448 2533 habere
1488 2480 1728 2550 corporis
1770 2479 1878 2534 for-

167 2579 172 2583 ‘
273 2587 463 2637 mam,
513 2570 636 2641 quia
687 2569 874 2625 eadem
939 2569 1006 2623 all
1061 2581 1214 2625 suam
1268 2568 1509 2625 condidit
1563 2569 1875 2640 imaginem;

348 2676 472 2738 tua.
536 2680 706 2752 Hujus
761 2673 937 2736 autem
1003 2681 1196 2736 animae
1263 2677 1444 2751 partes
1492 2679 1731 2736 nonnulli
1788 2680 1878 2737 ve;

277 2775 420 2829 teres
478 2783 589 2827 tres
654 2770 776 2827 eSse
829 2768 1080 2838 δῆθε-11111
1134 2789 1146 2824 :
1202 2767 1502 2838 ratiunale,
1569 2771 1875 2839 it'as'cibile,’

273 2859 330 2922 et
382 2863 825 2935 'coiicupiscibilé'.
886 2865 1198 2926 Rationale;
1269 2861 1361 2934 pér
1426 2861 1565 2934 ‘quod
1636 2861 1879 2920 invisibié

277 2959 344 3013 tta
370 2955 674 3027 conSpicit;
717 2953 1006 3022 irascib‘ile,
1046 2957 1140 3026 pc‘r
1180 2953 1322 3026 quod
1362 2955 1590 3025 impetus
1643 2955 1735 3011 irae
1769 2969 1881 3011 sua:

277 3049 531 3106 emendat
571 3059 625 3103 et
674 3045 931 3114 corrigit;
981 3042 1420 3116 conontiiscibile',
1452 3051 1547 3116 per
1580 3046 1725 3117 quod
1752 3047 1881 3102 co'n-'

277 3135 669 3212 cupiscentiam
729 3139 908 3196 carnis
983 3139 1248 3210 spirituali
1297 3138 1497 3196 virtute
1565 3139 1877 3210 compescit;

1978 1947 2256 2004 definitum
2281 1955 2397 2011 est,
2433 1947 2530 1997 hcc
2569 1941 2880 1998 sanctarum
2909 1927 3308 2007 Scripturarum
3335 1929 3571 1991 auctori-

1979 2051 2087 2100 tate
2116 2041 2405 2114 quidquam
2436 2037 2774 2094 manifestius
2801 2023 3194 2106 pronuntiatur.
3225 2023 3363 2114 Iilud
3395 2021 3573 2114 tamen

1982 2111 2278 2192 teneri—dunt
2306 2126 2388 2190 est
2420 2121 2762 2202 parvulorum
2806 2129 3013 2185 animas
3041 2113 3184 2189 nexu
3215 2111 3420 2198 peccati
3465 2121 3574 2180 ori-

1979 2231 2175 2303 ginalis
2201 2244 2321 2286 esse
2348 2229 2614 2295 astrictas,
2638 2213 2757 2296 quae
2790 2223 2892 2280 nisi
2924 2221 3218 2294 percipiant
3237 2219 3574 2292 baptismatis

1981 2333 2397 2388 sacramentum,
2455 2311 2605 2391 regni
2663 2318 2898 2375 cmlestis
2948 2309 3232 2388 participes
3290 2329 3411 2370 esse
3443 2327 3572 2396 Inon

1983 2410 2234 2487 possunt;
2255 2415 2347 2472 sed
2365 2430 2486 2470 cum
2508 2428 2668 2470 carne
2682 2425 2967 2468 commune
2983 2403 3253 2466 habebunt
3273 2414 3569 2479 peccatum,

1981 2501 2037 2568 et
2067 2511 2181 2583 pari
2205 2497 2411 2583 judicio
2432 2509 2828 2565 damnabantur
2852 2508 2907 2562 in
2937 2505 3113 2576 ignem
3144 2512 3420 2560 aeternum.

2683 2619 2944 2686 XXXI.,
3174 2667 3254 2682 ,,
3352 2656 3484 2686 7.,

2055 2693 2180 2753 109.
2222 2696 2363 2753 Inter
2409 2685 2878 2764 concupiscentiam
2921 2684 3091 2745 carnis
3134 2699 3189 2744 et
3235 2685 3443 2768 spiritus
3473 2684 3576 2739 hoc

1984 2794 2242 2848 interest:
2269 2785 2700 2860 concupiscentia
2730 2783 2908 2839 carnis
2935 2790 3020 2837 est
3047 2790 3227 2836 motus
3254 2778 3448 2832 animm
3467 2784 3574 2831 tur-

1985 2871 2066 2954 pis
2095 2884 2148 2938 in
2179 2881 2428 2937 eli'ectum
2460 2863 2691 2933 Sordida:
2713 2859 3110 2952 delectationis;
3142 2867 3576 2940 concupiscentia

1984 2965 2113 3031 vero
2140 2975 2378 3045 spiritus,
2430 2972 2625 3028 ardens
2674 2961 2898 3025 intentio
2946 2957 3140 3022 tuentis
3194 2963 3247 3018 in
3301 2960 3574 3046 desideria

1985 3071 2183 3123 sancta:
2239 3063 2472 3122 virtutis.
2531 3051 2635 3118 ista
2689 3061 2790 3116 sibi
2846 3055 3454 3136 consentientespmittit
3508 3052 3578 3108 ad

1986 3148 2246 3229 regnum,
2287 3157 2378 3212 illa
2421 3155 2490 3211 ad
2535 3149 2850 3228 supplicium
2901 3137 3305 3219 sempiternum.
3359 3145 3451 3201 llla
3490 3145 3580 3202 lex

277 3234 442 3318 Chius
474 3229 804 3288 donticilium
837 3231 1056 3302 quidam
1098 3232 1152 3287 in
1184 3239 1402 3302 pectore
1427 3235 1549 3288 esse
1574 3233 1878 3304 voluerunt,

1993 3251 2196 3320 peccati
2228 3257 2332 3316 est,
2375 3247 2443 3304 de
2490 3233 2642 3317 prinii
2679 3233 2908 3300 hominis
2965 3239 3308 3298 damnatione
3350 3237 3578 3294 descen-

278 3321 496 3399 quidani
521 3342 652 3383 vero
694 3326 746 3381 in
777 3325 969 3396 capitis
1010 3342 1134 3382 arce
1165 3337 1284 3382 eam
1318 3325 1560 3382 habitare
1603 3326 1876 3395 dixerunt,

278 3415 532 3490 tanquam
566 3420 619 3474 in
643 3420 786 3476 casio
814 3427 1104 3487 rectdrem;
1137 3429 1195 3475 ut
1220 3421 1251 3475 a
1293 3429 1505 3476 summo
1535 3421 1713 3476 omnia
1745 3423 1879 3477 con:

280 3515 600 3584 temptetur.
625 3514 732 3568 Alii
762 3513 962 3568 nullum
995 3515 1044 3567 ei
1070 3523 1278 3568 certum
1307 3514 1484 3568 locum
1527 3513 1876 3582 definierunt,

280 3607 375 3664 sed
406 3622 525 3662 eam
554 3621 651 3675 per
681 3620 870 3660 omnes
902 3615 1052 3661 artus
1084 3606 1309 3661 infusam
1337 3606 1644 3662 discurrere
1671 3607 1876 3662 dicunt.

355 3698 478 3755 105.
501 3698 581 3754 De
609 3699 818 3770 origine
837 3697 954 3768 ejus
978 3698 1141 3754 variat
1162 3698 1429 3754 habentur
1452 3699 1765 3768 opiniones:
1784 3714 1877 3753 ve-

282 3807 400 3848 rum
430 3805 636 3855 tamen,
662 3791 780 3844 sine
804 3789 1107 3844 affirmandi
1131 3788 1570 3858 praesumptione,
1598 3788 1723 3856 quid
1755 3788 1881 3843 inde

282 3887 503 3942 Patrum
536 3885 828 3956 disputatin
861 3884 1445 3952 senserit,referamus.
1461 3883 1604 3940 inter
1619 3899 1752 3954 quos
1767 3886 1883 3939 san-'

283 3978 558 4032 ctissimus
588 3976 906 4047 Fulgentius
928 3977 1187 4033 incertam
1237 3976 1305 4032 de
1334 3977 1432 4030 hac
1477 3976 1775 4046 quaestione
1805 3977 1883 4032 sic

284 4069 492 4136 profert
547 4067 894 4133 sententiam,
952 4068 1105 4137 cujus
1159 4067 1396 4124 breviter
1444 4068 1606 4122 verba
1638 4067 1882 4136 ponenda

285 4169 411 4216 sunt
440 4178 456 4216 :
485 4178 505 4211 ι
533 4161 741 4229 Utrum,
796 4161 990 4230 inquit,
1045 4161 1185 4217 sicut
1225 4175 1354 4217 caro
1401 4163 1757 4227 nascentium,
1805 4162 1886 4218 sic

284 4264 476 4307 omnes
505 4251 699 4306 anima:
739 4267 804 4307 ex
833 4251 1002 4307 Adam
1052 4253 1238 4308 venire
1267 4252 1576 4320 credantur,
1623 4268 1690 4308 an
1724 4269 1883 4309 novae
1933 4247 1936 4251 ’

286 4339 438 4409 ﬁant,
473 4350 531 4398 et
581 4357 645 4397 ex
693 4343 998 4412 parentibus
1051 4344 1274 4400 minime
1321 4346 1722 4416 propagentur?
1754 4347 1884 4414 Quae

287 4435 518 4503 quastio
573 4435 627 4490 in
655 4435 964 4491 definiendo
1007 4435 1247 4493 difﬁcilis
1298 4447 1400 4504 est,
1432 4440 1556 4508 quia
1601 4440 1884 4495 contrariis

288 4528 690 4599 objectionibus
733 4530 1046 4586 destruitur.

1988 3344 2145 3410 deus,
2191 3331 2290 3396 ista
2345 3341 2434 3396 lex
2485 3340 2681 3412 mentis
2710 3338 2886 3392 estde
2933 3350 3158 3392 munere
3208 3329 3580 3414 Redemptoris

1987 3428 2156 3491 nostri
2184 3435 2500 3504 procedens.
2533 3425 2626 3501 liae
2651 3442 2827 3486 autem
2859 3429 2957 3484 sibi
3000 3428 3224 3483 invicem
3254 3440 3353 3496 pro
3383 3413 3576 3478 affectu

1988 3527 2241 3583 virtutum
2271 3540 2336 3580 ac
2368 3524 2641 3591 vitiorum,
2670 3521 2976 3593 quotidiana
2997 3517 3377 3576 colluctatione
3406 3513 3577 3570 letha-

1986 3619 2110 3674 iiter
2139 3619 2509 3672 adversantur.

2059 3714 2184 3768 1111.
2224 3708 2672 3779 Concupiscentia
2717 3688 2949 3777 namque
2987 3705 3165 3759 carnis
3204 3702 3437 3780 primum
3465 3697 3580 3780 ille-

1987 3803 2176 3861 cebras
2245 3776 2494 3858 vitiorum
2548 3803 2601 3854 in
2652 3776 3061 3869 cogitatiol'iibus
3118 3776 3325 3863 gignit,
3376 3776 3578 3846 conen-

1988 3899 2245 3973 piscentia
2285 3912 2414 3951 vero
2459 3893 2675 3965 Spiritus
2705 3907 2736 3949 e
2764 3877 3034 3947 contrarii!
3074 3877 3427 3973 cogitationes
3455 3899 3581 3939 san-

1987 3971 2101 4052 ctas
2155 3992 2522 4049 indesinenter
2558 3994 2796 4059 opponit.
2839 3979 2929 4042 llla’
2977 3983 3170 4042 fabulis
3217 3971 3371 4038 vanis
3431 3979 3580 4037 oble-

1988 4101 2168 4146 ctatur
2197 4096 2252 4143 et
2281 4075 2478 4151 verbis,
2501 4077 2602 4139 ista
2627 4075 3018 4152 Scripturarum
3043 4074 3472 4135 meditationibus
3500 4075 3582 4132 at-

1988 4181 2090 4253 qde
2121 4173 2402 4248 princeptis
2431 4193 2444 4244 ;
2479 4177 2565 4232 illa
2597 4167 2789 4248 gaudet
2832 4165 3148 4245 spectaculis
3186 4186 3366 4227 rerum
3413 4179 3582 4226 terre-

1989 4275 2213 4335 strium;
2248 4271 2346 4325 ista
2375 4269 2826 4337 centemplatione
2845 4257 3001 4337 1G0
3024 4264 3324 4319 CtBICSllum
3356 4261 3582 4332 gaudio-

1988 4375 2128 4421 rum.
2152 4361 2242 4420 illa
2271 4354 2485 4419 t’eirena
2511 4359 2705 4431 gaudia
2727 4359 2936 4428 qilwl'll,
2963 4361 3059 4414 ista
3087 4343 3314 4427 gemitus
3333 4362 3390 4410 et
3409 4347 3583 4436 suspi-

1986 4460 2068 4513 ria
2095 4454 2256 4512 trahit
2281 4474 2293 4508 :
2321 4455 2405 4511 illa
2430 4444 2648 4523 torpore
2667 4451 2843 4509 Somni
2866 4462 3023 4522 atque
3049 4451 3254 4520 pigritia
3276 4463 3470 4518 corpus
3495 4441 3584 4504 re‘

1988 4549 2152 4613 laXat,
2167 4547 2266 4601 ista
2280 4543 2471 4616 Vigiliis
2483 4547 2664 4600 etcom
2673 4541 2970 4613 petentibus
2984 4531 3307 4597 orationibus
3319 4535 3582 4596 elaborat.

364 4643 488 4700 166.
532 4641 663 4698 Nam
695 4642 773 4698 illi
821 4639 911 4714 qui
957 4645 1122 4699 navas
1162 4645 1370 4700 animas
1402 4647 1734 4703 contendunt
1771 4645 1884 4705 sm;
1917 4631 1970 4692 Β
2066 4633 2190 4692 111.
2233 4636 2325 4692 Illa
2367 4635 2460 4704 per
2499 4634 2786 4704 ingluviem
2827 4633 3090 4689 illecebris
3120 4633 3320 4714 Ventris
3356 4641 3411 4687 et
3438 4631 3583 4688 desi-

290 4734 426 4806 gulis
454 4729 774 4805 cdt-pannus
812 4730 948 4801 dari;
995 4732 1115 4792 culti
1165 4735 1269 4794 illis
1312 4734 1507 4808 opponi
1538 4742 1762 4810 coeperit
1791 4731 1886 4797 eui-

291 4823 470 4883 anima
511 4822 743 4898 parvuli,
793 4823 913 4898 qddt
954 4823 1061 4884 non
1105 4827 1443 4901 ptdpagatur,
1490 4841 1548 4886 ut
1591 4835 1739 4901 ca’ro,
1765 4831 1885 4890 cum

294 4915 454 4976 carne
504 4911 1034 4992 originalisrpeCL-ati
1090 4919 1332 4978 teneatur
1376 4927 1687 4981 codSortio?
1741 4926 1887 4982 Nun-

294 5012 418 5079 quid
448 5008 682 5082 irijtiSIus
720 5021 803 5067 eSt
846 5010 1008 5078 Deus,
1064 5005 1120 5068 ut
1175 5030 1294 5069 cum
1345 5029 1506 5072 carne
1562 5011 1736 5072 mittat
1769 5017 1888 5073 aui-

295 5105 432 5155 mam’
477 5103 531 5155 in
574 5099 750 5170 ignem
799 5113 1077 5170 aeternum,
1114 5119 1232 5173 qum
1281 5121 1401 5161 cum
1441 5122 1604 5163 carne
1647 5123 1750 5162 non
1793 5109 1888 5163 ha-

298 5193 384 5248 bbt
419 5199 706 5249 commune
759 5189 1083 5264 peccatum?
1114 5195 1224 5252 lloc
1254 5215 1374 5255 cum
1423 5201 1529 5256 illis
1578 5205 1884 5271 opponitur,

299 5283 517 5337 omnino
545 5279 822 5341 deﬁciunt.
855 5283 923 5342 At
960 5298 1143 5343 contra
1175 5287 1252 5345 illi
1275 5287 1364 5361 qui
1406 5303 1653 5348 asserunt
1681 5287 1889 5350 animas

299 5387 417 5427 cum
450 5373 581 5442 ipsis
621 5377 938 5442 corporibus
966 5384 1269 5450 propagari,
1320 5394 1543 5452 possunt
1583 5387 1796 5454 quidem
1838 5389 1892 5444 in

1994 4727 2158 4790 d‘etiis
2176 4731 2402 4802 gutturis
2424 4731 2634 4795 aestuat,
2660 4730 2757 4782 ista
2779 4717 3120 4794 séili‘etipsam
3140 4713 3358 4796 jejuiiiis
3380 4715 3437 4783 et
3458 4727 3582 4782 abs-

1996 4818 2230 4882 tinentiae
2279 4819 2601 4878 cruciatibus
2657 4810 2910 4877 macerat.
2970 4811 3061 4876 Illa
3110 4811 3338 4874 luxuriae
3368 4818 3579 4876 subdita

1999 4915 2224 4986 turpium
2252 4913 2701 4985 perpetrationmn
2723 4911 2962 4978 allectus,
2977 4926 3110 4981 quos
3134 4899 3425 4968 intentione
3446 4910 3582 4980 cogi-

1998 5011 2212 5068 tationis
2241 5009 2372 5078 agit,
2405 5006 2735 5078 perfectione
2763 5005 3051 5076 voluptatis
3082 4997 3300 5075 explere
3346 5015 3574 5060 conten-

1997 5107 2107 5173 dit;
2149 5105 2249 5160 ista
2291 5103 2549 5159 castitatis
2589 5112 2641 5158 et
2676 5101 2945 5172 pudicitiae
2975 5100 3422 5180 pulchritudinem
3454 5097 3578 5180 diti-7

1937 5217 1944 5220 ·
1991 5201 2084 5270 git.
2118 5195 2216 5253 illa
2242 5195 2480 5251 avaritiae
2512 5197 2725 5250 flamma
2754 5210 3012 5251 succensa
3033 5194 3234 5262 appetit
3274 5179 3477 5245 lucrum
3525 5179 3580 5246 et

1993 5293 2125 5363 fugit
2164 5289 2359 5345 damna
2407 5285 2779 5356 temporalium
2834 5279 3036 5369 rerum;
3080 5285 3177 5338 ista
3226 5291 3579 5340 contemnens

1996 5384 2250 5441 mundum
2280 5383 2451 5437 solum
2481 5381 2584 5436 sibi
2628 5380 2862 5435 vindicat
2887 5376 3184 5431 Christum.
3235 5371 3330 5431 lita
3374 5374 3578 5432 invidia

301 5453 536 5564 parvulis
581 5463 784 5535 justum
812 5465 1208 5564 Dei_judicium
1236 5473 1470 5539 ﬁrmare,
1513 5485 1571 5530 ut
1606 5453 1897 5536 commune
1998 5479 2204 5534 nullum
2232 5475 2335 5532 sibi
2364 5472 2698 5545 superiorem
2743 5475 2828 5529 vel
2852 5471 3110 5542 aequalem
3140 5486 3265 5529 esse
3295 5473 3575 5544 permittit,
3638 5531 3658 5564 ,ἱ

302 5554 531 5610 habeant
559 5565 836 5626 peccatum
863 5559 1140 5631 Originale,
1171 5561 1309 5619 sicut
1351 5567 1691 5622 communem
1726 5569 1898 5626 vindi-

370 5689 607 5771 108.._I_t_a
659 5693 824 5746 etiam
857 5692 1068 5771 haeret
1097 5695 1337 5753 Isidorus
1380 5713 1499 5753 cum
1557 5701 1878 5771 Augustino,

301 5759 398 5843 tib.
430 5773 477 5843 tt_
491 5761 679 5843 ()liic.,
707 5777 828 5830 cap.
853 5763 946 5843 ξι.
969 5764 1104 5843 Vide
1134 5777 1270 5836 not.,
1313 5778 1367 5843 et
1396 5770 1489 5823 lib.
1513 5774 1529 5824 i
1558 5759 1733 5837 Sent,
1759 5759 1879 5842 cap;

305 5829 394 5900 {3,
427 5831 518 5890 ubi
543 5843 694 5893 recte
717 5829 908 5892 astruit
928 5838 1154 5894 animum
1183 5829 1352 5897 creari
1397 5843 1606 5912 quando
1631 5852 1678 5897 et
1699 5829 1887 5914 corpus

2006 5569 2103 5626 sed
2149 5570 2362 5624 interno
2411 5567 2582 5623 livore
2607 5565 2840 5621 vulneris
2867 5563 2936 5619 de
2973 5571 3289 5622 cunctorum
3334 5563 3576 5635 profetttu

1987 5715 2210 5767 creatur,
2244 5705 2328 5755 cui
2350 5703 2616 5754 admiscerr
2643 5696 2865 5750 videtur.
2901 5700 3072 5757 Auev.
3361 5745 3365 5748 .

2062 5771 2183 5826 109.
2199 5766 2322 5825 Vid.
2341 5768 2576 5824 Cassia".
2596 5766 2688 5822 lib.
2714 5767 2782 5823 de
2798 5767 3292 5843 Concupisc._carn.
3309 5780 3365 5827 et
3375 5769 3578 5844 spiriu,

1990 5858 2108 5913 cap.
2145 5843 2206 5898 11
2239 5851 2295 5898 et
2313 5855 2428 5910 seq.
