4056 6350
476 298 546 360 87
1471 301 1532 360 S.
1576 300 1823 359 lSIDORI
1860 300 2308 362 IIISPALENSIS
2347 303 2657 363 EPISCOPI
3691 307 3759 367 88

477 414 744 484 tabescit;
790 415 890 471 ista
938 415 1008 472 de
1060 424 1370 471 cunctorum
1417 416 1698 472 virtutibus
1748 417 1962 489 gaudet,
2009 427 2063 473 et
2091 423 2140 482 Α
2167 429 2268 475 rat.
2326 420 2458 476 Nam
2502 422 2590 478 ille
2620 419 2804 476 habuit
2831 420 3113 477 ineboandi
3163 422 3288 478 boni
3323 421 3548 480 liberum
3617 421 3759 481 arbi-

475 508 717 564 lttinores
746 507 846 563 sibi
877 523 972 578 per
993 507 1312 564 charitatem
1345 510 1627 579 praeponit.

551 600 673 657 112.
707 601 822 671 llla,
847 600 924 657 ira
954 614 1287 672 exaestuans,
1314 604 1442 658 nihil
1477 605 1845 675 aequanimiter
1866 614 2063 677 portat,

475 694 571 748 sed
608 692 968 761 perturbatam
1011 701 1244 750 mentem
1284 708 1451 763 usque
1486 694 1552 748 ad
1590 694 1738 750 vocis
1782 696 2064 753 tumultum

476 786 708 853 exaltat;
742 787 841 842 ista
872 789 1016 843 nulla
1062 787 1469 857 exasperatione
1517 800 1793 858 movetur,
1834 792 1929 847 sed
1970 808 2065 863 per

478 876 915 947 tranquillitatem
962 888 1016 934 et
1064 880 1531 936 mansuetudinem
1582 884 1847 952 patienter
1885 886 2065 942 omnia

473 968 723 1024 sustinet.
749 969 841 1024 llla
866 969 1077 1024 tristitia
1107 970 1363 1038 inﬁcitur,
1393 972 1519 1027 dum
1542 974 1798 1042 quaelibet
1840 974 2064 1031 adversa

471 1060 834 1128 persenserit;
862 1062 963 1116 ista
988 1060 1134 1116 nullo
1181 1076 1415 1118 maerore
1458 1064 1748 1136 frangitur,
1780 1067 1871 1122 sed
1900 1069 2062 1123 etiam

472 1152 611 1207 mala
650 1154 717 1209 de
766 1153 1021 1221 proximis
1053 1162 1274 1224 portans
1298 1201 1312 1224 ,
1352 1158 1419 1212 ab
1447 1156 1700 1215 interiore
1722 1160 1914 1227 gaudio
1955 1176 2062 1217 non

468 1255 731 1303 movetur.
763 1247 856 1301 Illa
889 1247 1180 1304 ambitione
1224 1250 1508 1313 honorum,
1544 1251 1775 1306 inﬁcitur
1816 1252 2063 1311 humanis

468 1338 732 1408 laudibus,
776 1341 862 1395 vel
910 1341 1181 1398 illecebris
1213 1360 1365 1399 vanae
1393 1344 1576 1413 gloria;
1620 1345 1915 1412 delinitur;
1961 1348 2062 1405 ista

467 1427 825 1487 humilitatem
856 1442 1022 1499 amat,
1055 1443 1112 1489 et
1136 1434 1237 1488 soli
1268 1434 1376 1491 Deo
1406 1450 1533 1502 suo,
1564 1437 1651 1507 qui
1682 1438 1950 1506 inspector
1979 1451 2063 1497 est

465 1524 680 1588 mentis,
714 1524 927 1594 placere
957 1526 1212 1583 delectat.
1264 1528 1354 1583 llla
1385 1530 1565 1584 inﬂata
1610 1532 1873 1599 superbia:
1921 1533 2061 1590 fastu

465 1626 559 1668 cor
587 1614 842 1670 miserum
865 1616 1058 1685 elevat;
1086 1621 1206 1686 ista,
1232 1636 1297 1676 ne
1321 1638 1352 1676 a
1371 1622 1686 1679 celsitudine
1702 1640 1798 1680 sua
1822 1637 2057 1695 corruat,

461 1719 631 1774 usque
658 1706 724 1761 ad
754 1706 935 1762 intima
977 1711 1206 1779 seipsam
1243 1714 1501 1769 humiliat.

2168 513 2359 582 trium,
2395 515 2536 586 quod
2586 525 2761 571 tamen
2812 514 2907 571 Dei
2930 515 3193 586 adjutorio
3233 516 3597 586 perﬁceretur.
3651 516 3759 573 Nos

2166 621 2317 673 vero,
2347 615 2401 662 et
2427 606 2826 663 inchoationem
2850 607 3001 663 liberi
3029 608 3265 675 arbitrii,
3288 616 3343 663 et
3370 605 3755 678 perfectionem

2165 699 2235 756 de
2277 699 2369 755 Dei
2399 700 2661 755 sumimus
2690 698 2881 770 gratia.
2906 698 3040 767 Quia
3069 709 3124 755 et
3154 699 3388 770 incipere
3417 708 3472 754 et
3502 697 3758 768 perlicere

2167 790 2366 847 bonum
2392 790 2459 845 de
2488 791 2605 860 ipso
2631 790 2895 847 habemus
2913 832 2928 859 ,
2953 808 2983 847 a
3008 806 3115 862 quo
3141 800 3197 847 et
3223 792 3407 861 gratiae
3436 790 3636 846 donum
3663 791 3757 846 da-

2170 892 2279 939 tum
2298 924 2315 951 ,
2342 894 2393 940 et
2421 883 2645 940 liberum
2681 885 2961 941 arbitrium
3001 885 3054 940 in
3078 884 3232 941 nobis
3260 893 3346 941 est
3371 892 3753 941 restauratum.

2240 978 2363 1033 117.
2401 977 2492 1033 Dei
2517 988 2598 1033 est
2625 993 2752 1049 ergo
2782 979 2979 1034 bonum
3001 977 3144 1048 quod
3164 978 3370 1049 agimus
3391 987 3612 1048 propter
3632 992 3752 1047 gra-

2167 1071 2294 1128 tiam
2320 1072 2732 1141 praevenientem
2752 1110 2769 1137 ,
2793 1082 2847 1127 et
2879 1072 3312 1141 subsequentem.
3345 1070 3595 1127 Nostrum
3628 1085 3757 1127 vero

2165 1172 2269 1230 est,
2312 1173 2530 1234 prepter
2554 1164 2936 1235 obsequentem
2966 1165 3118 1220 liberi
3149 1164 3356 1220 arbitrii
3400 1165 3749 1219 voluntatem.

2165 1257 2298 1314 Nam
2318 1258 2362 1312 si
2381 1257 2476 1313 Dei
2492 1272 2597 1312 non
2620 1267 2782 1326 esset,
2800 1272 2895 1312 cur
2912 1257 2986 1312 illi
3007 1257 3204 1326 gratias
3224 1256 3463 1327 agimus?
3486 1256 3552 1311 Et
3565 1256 3611 1310 si
3634 1270 3757 1311 uos-

2167 1359 2307 1405 trum
2335 1365 2441 1405 non
2472 1360 2551 1406 est
2568 1394 2584 1419 ,
2616 1366 2783 1421 quare
2810 1350 3218 1406 retributionem
3245 1350 3507 1406 bonorum
3529 1364 3756 1419 operum

2170 1445 2327 1515 102
2352 1443 2758 1513 exspectamus?
2806 1442 3035 1499 Proinde
3082 1457 3210 1514 ergo
3236 1442 3288 1497 in
3312 1457 3378 1498 eo
3411 1441 3555 1513 quod
3586 1442 3757 1514 gratia

2165 1536 2543 1607 praevenimur,
2572 1536 2665 1593 Dei
2685 1543 2766 1593 est
2785 1579 2799 1603 ,
2829 1536 2882 1591 in
2910 1550 2976 1591 eo
3004 1550 3132 1591 vero
3157 1534 3298 1606 quod
3323 1534 3457 1591 bene
3482 1534 3755 1606 operando

2162 1629 2578 1701 praevenientem
2601 1629 2823 1699 gratiam
2846 1628 3120 1698 sequimur
3138 1671 3153 1699 ,
3183 1635 3428 1682 nostrum
3448 1634 3557 1682 est.
3584 1625 3753 1682 Nemo

2163 1730 2343 1778 autem
2377 1722 2543 1778 Deum
2573 1722 2781 1777 meritis
2819 1722 3115 1789 antecedit,
3142 1730 3200 1776 ut
3230 1732 3415 1778 tenere
3442 1735 3563 1775 eum
3599 1719 3754 1791 quasi

537 1797 661 1894 115.
704 1799 807 1855 Sed
868 1802 994 1871 quid
1049 1805 1231 1872 plura?
1281 1806 1724 1877 Concupiscentia
1775 1812 1950 1868 carnis
2003 1814 2058 1869 in
2090 1815 2464 1894 Bdebitorem
2516 1814 2701 1884 possit.
2730 1813 2835 1869 Sed
2880 1814 3017 1869 miro
3063 1812 3223 1869 modo
3268 1826 3452 1883 aequus
3505 1810 3755 1866 omnibus

463 1891 706 1947 onmium
758 1894 1006 1950 vitiorum
1067 1899 1459 1957 multitudinem
1514 1908 1912 1963 consentientes
1951 1911 2055 1965 sibi

460 1982 794 2056 praecipitat,
847 1977 1277 2056 cencupiscentia
1346 2008 1472 2048 vero
1541 1997 1760 2065 spiritus
1823 2008 2057 2056 mentem

464 2074 667 2145 lapsam
720 2093 787 2135 ne
838 2080 1072 2148 deﬁciat,
1128 2098 1223 2152 spe
1278 2084 1470 2140 futurzc
1506 2088 1691 2157 gloria:
1720 2094 2054 2149 corroborat.

460 2163 695 2224 Proinde
746 2170 868 2238 illa,
909 2175 1151 2242 quamvis
1199 2186 1448 2247 superet,
1508 2181 1814 2240 nullatenus
1862 2186 2059 2255 deSpe-

458 2259 686 2314 randum
744 2272 847 2328 est,
904 2264 1048 2334 quia,
1105 2278 1353 2336 reparato
1401 2274 1726 2341 certamine,
1778 2291 2060 2345 possumus

461 2351 529 2405 de
582 2367 646 2407 ea
701 2356 861 2411 etiam
915 2358 1201 2428 gloriosius
1259 2363 1609 2434 triumphare.
1666 2366 1772 2423 Ista
1816 2375 2059 2441 quamvis

459 2442 674 2512 vincat,
708 2447 773 2503 de
825 2448 1050 2506 victoria
1101 2467 1206 2508 non
1261 2465 1344 2510 est
1384 2472 1609 2525 secura,
1661 2461 1783 2531 quia
1834 2464 2058 2519 callidus

458 2535 647 2604 hostis,
675 2542 773 2595 etsi
805 2542 1044 2599 devictus
1076 2546 1367 2614 interdum,
1410 2559 1586 2607 tamen
1612 2553 1844 2611 victores
1869 2556 2057 2613 ultimo

455 2630 640 2691 vincit.
685 2635 754 2691 Et
780 2653 915 2707 quos
943 2641 1115 2709 prima
1146 2644 1525 2713 congressione
1556 2662 1661 2704 non
1693 2652 1942 2719 percutit,
1965 2651 2057 2707 de-

458 2728 642 2797 cipere
668 2728 722 2785 in
764 2730 923 2787 ﬁnem
954 2735 1249 2791 contendit.

528 2821 656 2877 1M.
717 2824 853 2881 Hinc
909 2836 991 2882 est
1048 2828 1209 2883 etiam
1266 2832 1407 2898 quod
1452 2832 1567 2901 ipsa
1623 2835 2056 2906 concupiscentia

456 2915 633 2968 carnis
676 2929 844 2985 usque
886 2917 940 2972 in
993 2919 1149 2989 hujus
1180 2921 1305 2975 vitae
1330 2925 1617 2979 terminum
1664 2926 1919 2982 dimicare
1948 2945 2056 2986 non

457 3015 654 3060 cessat.
716 3007 820 3063 Sed
879 3011 925 3064 si
991 3015 1426 3082 concupiscentia
1489 3018 1709 3086 spiritus
1775 3037 1947 3091 nsque
2001 3024 2055 3078 in

459 3096 618 3154 linem
667 3112 921 3171 superet,
976 3106 1215 3161 victoriae
1270 3122 1399 3177 pace
1449 3124 1639 3166 secura
1689 3112 1745 3166 in
1794 3123 2052 3170 aeternum

2165 1906 2410 1961 conditor
2436 1906 2568 1960 alios
2598 1905 3027 1976 prtedestinando
3055 1904 3344 1975 praeeligit,
3369 1902 3504 1957 alios
3542 1904 3597 1957 in
3642 1902 3755 1958 suis

2164 1999 2402 2053 moribus
2426 1998 2605 2068 pravis
2628 1996 2775 2067 justo
2796 1996 2997 2066 judicio
3024 1996 3366 2065 derelinquit.
3401 1994 3556 2050 Unde
3585 1993 3755 2050 veris-

2162 2088 2355 2144 simum
2387 2098 2469 2144 est
2494 2087 2678 2159 gratiae
2707 2103 2898 2143 munus
2922 2103 3028 2142 non
3071 2102 3141 2143 ex
3180 2087 3411 2141 humana
3444 2085 3645 2141 virtute
3664 2086 3751 2141 vel

2162 2199 2231 2240 ex
2278 2185 2468 2240 merito
2512 2182 2721 2239 arbitrii
2750 2182 3039 2253 consequi,
3068 2180 3165 2237 sed
3206 2182 3373 2237 solius
3398 2180 3593 2237 divinae
3643 2182 3753 2250 pie-

2164 2279 2286 2333 tatis
2317 2276 2551 2331 bonitate
2580 2274 2775 2344 largiri.

2236 2370 2360 2424 118.
2402 2369 2628 2437 Quidam
2674 2370 2815 2422 enim
2859 2369 3176 2437 gratissime
3214 2365 3593 2422 misericordiae
3638 2364 3755 2435 ejus

2162 2461 2539 2529 praevenientis
2596 2460 2740 2515 dono
2794 2460 3101 2527 salvantur,
3156 2456 3332 2513 ell‘ecti
3378 2472 3499 2511 vasa
3547 2456 3754 2511 miseri-

2159 2555 2397 2621 cordi-az;
2456 2551 2670 2625 quidam
2730 2567 2856 2607 vero
2916 2552 3133 2622 reprobi
3192 2550 3379 2618 habiti,
3420 2551 3487 2605 ad
3538 2565 3754 2621 poenam

2159 2647 2552 2719 prmdestinati,
2604 2645 2965 2714 damnantur,
3026 2642 3200 2701 eﬁ‘ecti
3254 2658 3374 2698 vasa
3426 2643 3540 2697 irae.
3598 2642 3753 2709 Quod

2158 2741 2467 2811 exemplum
2509 2740 2575 2795 de
2612 2738 2754 2794 Esau
2809 2748 2862 2793 et
2904 2738 3068 2793 Jacob
3125 2738 3359 2792 nondum
3410 2737 3547 2790 natis
3599 2735 3752 2790 colli-

2156 2836 2318 2905 gitur.
2376 2834 2477 2901 Qui
2523 2832 2651 2887 dum
2691 2840 2875 2888 essent
2926 2847 3030 2886 una
3080 2828 3428 2899 conceptione
3475 2826 3556 2883 vel
3593 2835 3752 2897 partu

2156 2925 2318 2993 editi,
2345 2926 2567 2996 parique
2612 2939 2751 2979 nexu
2794 2924 2999 2995 peccati
3029 2922 3302 2992 originalis
3349 2919 3584 2988 astricti,
3614 2918 3753 2974 alte-

2157 3034 2275 3074 rum
2299 3028 2479 3074 tamen
2508 3032 2695 3072 eorum
2726 3016 2793 3070 ad
2836 3031 2894 3071 se
2922 3013 3303 3071 misericordias
3328 3012 3527 3067 divinae
3549 3026 3753 3081 pracve-

2157 3112 2350 3168 nientis
2376 3110 2586 3165 bonitas
2612 3098 2838 3177 gratuita
2870 3107 3051 3172 traxit,
3075 3105 3303 3159 alterum
3333 3103 3561 3173 quadam
3588 3102 3753 3173 justi-

464 3192 616 3262 101
652 3208 773 3248 cum
804 3196 915 3249 suis
946 3197 1239 3251 victoribus
1270 3210 1475 3270 regnat.
1508 3201 1751 3270 Quando,
1800 3220 2051 3259 consum-
2082 3225 2130 3290 ο
2161 3209 2251 3262 tia:
2280 3206 2563 3262 severitate
2589 3204 2712 3259 odio
2759 3203 2996 3257 habitum
3029 3202 3081 3255 in
3128 3213 3301 3254 massa
3331 3197 3642 3269 perditionis
3670 3212 3757 3253 re-

456 3289 603 3335 tnato
664 3286 1116 3354 concupiscentia:
1165 3287 1372 3353 aculeo,
1442 3305 1541 3344 nec
1590 3295 1736 3346 carni
1807 3294 2050 3364 spiritus,

457 3388 629 3444 neque
655 3390 781 3432 caro
805 3378 1017 3447 spiritui
1060 3379 1453 3434 adversabitur.
1489 3381 1593 3437 Sed
1627 3394 1866 3455 utraeque
1913 3388 2053 3443 invi-

454 3479 574 3522 cem
605 3478 821 3524 acternte
864 3469 1011 3536 pacis
1040 3470 1327 3525 concordia
1372 3474 1653 3542 copulatae,
1706 3476 2055 3548 Redemptori

457 3572 556 3613 suo
588 3559 704 3614 sine
733 3562 1132 3631 oppugnatione
1185 3561 1239 3615 in
1270 3572 1585 3632 perpetuum
1615 3566 1985 3625 adhaerebunt.

1142 3674 1358 3732 XXXII.

531 3762 652 3819 115.
697 3762 841 3819 Inter
869 3765 1053 3837 gratia:
1084 3767 1267 3823 divina:
1295 3769 1615 3827 infusionem
1643 3781 1698 3828 et
1727 3774 1939 3830 humani
1966 3792 2053 3831 ar-

466 3857 605 3911 bitrii
634 3857 964 3914 voluntatem
986 3859 1091 3915 hoc
1117 3862 1371 3918 interest:
1396 3863 1677 3921 arbitrium
1699 3877 1781 3922 est
1808 3868 2054 3926 voluntas

465 3948 650 4003 liberte
681 3951 993 4019 potestatis,
1023 3966 1144 4021 qua:
1173 3968 1269 4022 per
1296 3969 1356 4009 se
1385 3965 1575 4022 sponte
1595 3997 1610 4023 ,
1641 3958 1723 4012 vel
1766 3960 1936 4027 bona,
1969 3963 2055 4018 vel

463 4041 604 4094 mala
634 4051 887 4111 appetere
915 4054 1121 4112 potest;
1161 4046 1329 4117 gratia
1358 4058 1535 4103 autem
1559 4058 1643 4104 est
1669 4050 1871 4107 divinae
1897 4055 2057 4111 mise-

461 4131 712 4187 ricordiae
740 4133 938 4189 donum
958 4138 1246 4205 gratuitum
1266 4182 1282 4208 ,
1310 4152 1409 4209 per
1430 4142 1569 4209 quod
1592 4150 1646 4198 et
1682 4142 1840 4200 bonae
1869 4146 2055 4202 volun-

459 4223 587 4279 tatis
628 4225 837 4281 initium
867 4238 919 4283 et
947 4229 1127 4299 operis
1156 4246 1526 4298 promeremur
1554 4234 1823 4293 eﬁectum.
1870 4239 2056 4298 Nullus

462 4328 641 4375 autem
673 4322 824 4377 liberi
853 4324 1056 4379 arbitrii
1088 4326 1375 4396 quidquam
1409 4338 1583 4397 potest
1628 4332 1923 4399 praevalere
1948 4336 2059 4389 vir-

459 4423 593 4480 tute,
613 4414 713 4470 nisi
736 4431 979 4486 superna:
1003 4420 1190 4489 gratiae
1210 4430 1539 4477 sustentetur
1556 4422 1850 4493 juvamine.
1871 4427 2056 4485 Divina

460 4508 661 4578 quippe
681 4511 847 4580 gratia
871 4513 1196 4581 praevenitur
1218 4514 1399 4582 homo,
1431 4525 1489 4570 ut
1520 4516 1692 4572 bonus
1718 4518 1810 4585 sit,
1832 4534 1932 4575 nec
1958 4520 2056 4575 ltu-

2159 3302 2342 3357 lictum
2392 3299 2683 3355 damnavit.
2732 3297 2881 3352 Sicut
2928 3310 3020 3365 per
3075 3293 3385 3363 prophetam
3436 3292 3575 3348 idem
3610 3291 3753 3347 Deus

2160 3392 2399 3464 loquitur
2424 3391 2642 3446 dicens:
2674 3388 2834 3443 Jacob
2862 3388 3045 3453 dilexi,
3074 3383 3219 3439 Esau
3239 3394 3407 3439 autem
3434 3384 3552 3438 odio
3572 3382 3752 3437 habui.

2231 3504 2353 3560 119.
2396 3503 2547 3559 Unde
2591 3515 2924 3572 consequens
2972 3508 3054 3555 est
3102 3499 3261 3555 nullis
3303 3496 3755 3567 praevenientibus

2157 3595 2364 3651 meritis
2392 3593 2622 3649 conferri
2664 3592 2885 3664 gratiam
2908 3633 2924 3659 ,
2958 3591 3051 3646 sed
3080 3590 3193 3645 sola
3236 3589 3513 3646 vocatione
3541 3589 3749 3645 divina.

2162 3689 2345 3760 Neque
2375 3703 2695 3758 quemquam
2716 3688 2912 3742 salvari
2951 3687 3066 3741 sive
3099 3684 3375 3750 damnari,
3400 3683 3524 3753 eligi
3548 3683 3631 3738 vel
3666 3697 3746 3738 re-

2157 3781 2405 3852 probari,
2438 3781 2539 3836 nisi
2590 3795 2655 3836 ex
2702 3782 2976 3850 proposito
3024 3777 3453 3846 praedestinantis
3494 3775 3620 3842 Dei,
3659 3774 3753 3845 qui

2152 3875 2328 3945 justus
2357 3884 2442 3929 est
2473 3873 2525 3928 in
2571 3872 2898 3943 reprobatis,
2945 3869 3250 3925 misericors
3297 3869 3349 3923 in
3379 3869 3589 3926 electis.
3621 3866 3752 3923 Uni-

2160 3980 2329 4022 versae
2357 3965 2501 4020 enim
2532 3979 2633 4019 vtae
2655 3963 2866 4018 Domini
2890 3960 3259 4016 misericordia
3281 3970 3335 4015 et
3357 3960 3576 4014 veritas.

2230 4058 2354 4113 120.
2396 4057 2534 4112 Ante
2560 4057 2744 4127 gratim
2776 4055 2918 4111 enim
2946 4054 3144 4107 donum
3172 4051 3398 4108 liberum
3423 4052 3638 4122 quidem
3668 4047 3753 4107 est

2156 4151 2211 4206 in
2235 4150 2449 4205 homine
2478 4148 2757 4205 arbitrium
2775 4187 2790 4213 ,
2814 4147 2909 4203 sed
2943 4160 3047 4201 non
3077 4146 3276 4200 bonum
3297 4186 3313 4214 ,
3337 4146 3458 4215 quia
3490 4148 3604 4201 sine
3629 4160 3755 4216 gra-

2159 4245 2243 4301 tiae
2285 4245 2549 4315 adjutorio
2579 4251 2761 4298 manet
2788 4243 3079 4297 inﬁrmum.
3105 4241 3236 4297 Nam
3277 4243 3416 4298 sicut
3458 4243 3644 4297 oculus
3670 4242 3752 4297 vi-

2157 4340 2285 4396 dere
2324 4354 2427 4393 non
2457 4337 2627 4404 valet,
2654 4336 2697 4390 si
2727 4344 2877 4392 caret
2897 4334 3077 4389 ofﬁcio
3106 4334 3354 4400 luminis,
3398 4334 3469 4388 ita
3498 4333 3750 4388 humana:

2159 4432 2446 4489 voluntatis
2464 4429 2741 4484 arbitrium
2771 4425 2905 4483 nihil
2936 4426 3106 4492 valet,
3134 4426 3180 4481 si
3210 4425 3424 4480 luminis
3451 4424 3621 4494 gratia
3667 4424 3751 4479 in-

2158 4526 2369 4598 digeat;
2399 4523 2526 4579 illud
2554 4521 2734 4592 utique
2759 4521 2902 4592 quod
2930 4520 3198 4576 illuminat
3226 4533 3441 4574 omnem
3474 4517 3749 4573 hominem

464 4614 679 4656 manum
693 4602 973 4659 arbitrium
996 4605 1323 4675 Deigratiam
1343 4608 1642 4675 antecedit;
1668 4610 1763 4665 sed
1791 4610 1905 4681 ipsa
1924 4627 2049 4683 grav
2080 4621 2136 4682 ι)
2160 4618 2463 4675 venientem
2514 4616 2566 4669 in
2616 4616 2757 4669 hunc
2799 4611 3079 4668 mundum.
3111 4610 3362 4665 Liberum
3402 4616 3581 4664 autem
3610 4607 3752 4663 arbi-

460 4691 535 4747 tia
558 4694 652 4750 Dei
676 4696 942 4752 volentem
956 4697 1228 4753 hominem
1242 4699 1497 4768 praevenit
1514 4708 1569 4754 ut
1581 4701 1741 4755 etiam
1754 4702 1893 4758 bene
1903 4702 2050 4758 velit.

540 4783 663 4839 116.
707 4784 837 4841 Nam
871 4788 1108 4857 pondere
1146 4790 1321 4845 carnis
1365 4790 1530 4846 homo
1566 4792 1642 4847 sic
1678 4794 1874 4864 agitur,
1908 4804 1963 4849 ut
1987 4795 2054 4850 ad

463 4878 790 4949 peccandum
848 4880 919 4933 sit
967 4879 1135 4935 facilis
1166 4922 1181 4946 ,
1235 4890 1289 4935 et
1340 4881 1408 4936 ad
1469 4883 1831 4950 pmnitendum
1881 4886 2048 4955 piger.

463 4969 636 5026 Habet
656 4971 799 5027 dese
825 4972 968 5027 unde
995 4982 1234 5039 corruat,
1257 4982 1313 5029 et
1339 4988 1445 5030 non
1473 4974 1633 5031 habet
1663 4977 1800 5033 unde
1828 4992 2053 5033 consur-

462 5073 573 5136 gat,
595 5066 723 5133 nisi,
749 5067 915 5135 gratia
937 5065 1263 5135 Conditoris,
1282 5078 1340 5123 ut
1360 5068 1597 5138 erigatur
1616 5086 1829 5125 manum
1852 5072 2049 5142 jacenti

462 5159 738 5214 extendat.
770 5158 1010 5229 Denique
1040 5158 1241 5216 homini
1287 5176 1382 5231 per
1415 5162 1508 5218 Dei
1550 5164 1772 5233 gratiam
1823 5164 2052 5220 liberum

464 5261 798 5308 restauratur
826 5253 1139 5320 arbitrium,
1167 5255 1309 5325 quod
1354 5258 1557 5326 primus
1602 5244 1763 5313 homo
1809 5257 2056 5328 perdide-

540 5382 661 5436 115.
692 5384 961 5465 Honorius
997 5388 1513 5465 Augustodunegsis,
1570 5392 1647 5465 in_
1673 5405 1858 5465 Opere.
1880 5390 2047 5465 Deli-

467 5451 597 5536 bero
622 5456 848 5536 arbitrio
876 5460 1017 5515 inter
1045 5451 1340 5536 sententias
1385 5451 1602 5518 Patrum
1636 5451 1736 5518 hac
1762 5464 1924 5517 etiam
1952 5460 2050 5515 lsi-

470 5523 588 5578 dori
622 5527 672 5578 in
706 5542 818 5580 rem
848 5545 997 5583 suam
1027 5535 1216 5587 utitur.
1250 5539 1422 5588 Aasv.

542 5597 663 5674 11
687 5595 923 5674 Liberum
940 5603 1275 5674 arbitrium...
1294 5606 1430 5674 quod
1450 5605 1645 5674 primus
1666 5604 1814 5656 homo
1833 5603 2054 5674 perdide-

467 5678 569 5747 rat.
600 5669 800 5747 Eodem
830 5672 1002 5747 modo
1035 5679 1169 5747 Aug.
1220 5676 1273 5730 in
1306 5669 1597 5730 'Enchirid.
1630 5669 1851 5747 cap.g50
1878 5693 1890 5729 :
1916 5674 2055 5747 Nam

473 5739 631 5793 libero
660 5740 872 5815 arbitrio
898 5744 1029 5797 male
1062 5739 1209 5802 utine
1254 5747 1425 5810 homo,
1454 5757 1500 5799 et
1530 5762 1586 5799 se
1632 5739 1852 5815 perdidit
1886 5753 1929 5799 et
1969 5745 2054 5813 ip-

2162 4708 2320 4764 trium
2343 4704 2411 4760 ad
2433 4718 2592 4759 omne
2618 4703 2812 4757 malum
2838 4712 3138 4771 promptum
3161 4709 3245 4755 est
3264 4714 3358 4770 per
3377 4699 3750 4768 semetipsum,

2162 4799 2229 4854 ad
2258 4801 2452 4853 bonum
2480 4808 2608 4849 vero
2634 4807 2970 4864 nequaquam
2994 4791 3096 4847 nisi
3120 4806 3214 4860 per
3234 4789 3417 4861 gratiae
3439 4790 3637 4863 donum
3658 4804 3672 4841 :
3696 4796 3755 4844 et

2160 4889 2345 4947 eadem
2375 4894 2593 4958 praestat
2612 4884 2817 4941 homini
2845 4894 2901 4939 et
2929 4883 3067 4938 bona
3108 4881 3247 4936 velle
3276 4888 3329 4936 et
3370 4878 3575 4945 facere,
3609 4878 3751 4933 mala

2160 4978 2426 5052 praeterita
2456 4977 2615 5042 ﬂere,
2650 4987 2756 5030 tam
2783 4990 2813 5028 a
2839 4974 3161 5045 cogitatione
3186 4988 3342 5043 quam
3373 4971 3441 5025 ab
3470 4985 3632 5040 opere
3656 4969 3754 5026 de-

2161 5073 2283 5127 licta
2313 5068 2595 5141 prtesentia
2643 5082 2864 5132 cavere,
2893 5066 3035 5134 quod
3066 5066 3227 5120 etiam
3259 5063 3545 5134 Apostolus
3578 5063 3753 5118 mani-

2163 5164 2351 5220 festius
2376 5161 2566 5216 scribit
2588 5161 2773 5215 dicens
2802 5176 2817 5211 :
2852 5157 2977 5212 Non
3002 5174 3177 5211 sumus
3203 5157 3499 5227 suﬁcientis;
3525 5157 3752 5228 cogitare

2162 5254 2360 5327 aliquid
2388 5269 2451 5308 ea:
2477 5253 2643 5320 nobis,
2665 5252 2812 5319 quasi
2838 5266 2901 5305 ea:
2928 5251 3068 5305 nobis
3086 5290 3100 5317 ,
3125 5250 3213 5303 sed
3255 5249 3552 5319 sufﬁcientia
3576 5259 3753 5304 nostra

2152 5389 2299 5444 stino
2324 5389 2454 5444 satis
2482 5396 2694 5443 constat
2719 5397 2772 5443 et
2810 5403 2874 5443 ex
2917 5385 3138 5457 Isidoro,
3163 5386 3252 5457 qui
3304 5386 3461 5455 paulo
3509 5400 3628 5455 post
3674 5390 3751 5447 ita

2153 5461 2407 5530 subjicit:
2435 5461 2566 5512 Ante
2587 5461 2768 5529 gratiae
2792 5459 2985 5513 donum
3007 5456 3221 5512 liberum
3242 5459 3449 5530 quidem
3468 5471 3543 5513 est
3572 5463 3625 5516 in
3653 5461 3751 5517 Ito-

2162 5529 2296 5585 mine
2340 5530 2777 5603 arbitriumpsed
2832 5546 2934 5583 non
2985 5529 3203 5594 bonum,
3233 5531 3352 5600 quia
3400 5531 3507 5585 sine
3565 5534 3749 5603 gratia:

2156 5603 2419 5671 adjutorio
2448 5611 2619 5655 manet
2646 5602 2928 5669 inﬁrmum.

2231 5671 2352 5726 120.
2380 5672 2435 5725 In
2463 5673 2584 5727 aliis
2612 5672 2835 5727 Excusis
2862 5680 2981 5741 post
3014 5671 3178 5729 verba
3207 5669 3559 5728 misericordia
3580 5674 3635 5741 _et
3659 5682 3744 5720 ue-

2160 5743 2305 5810 ritas,
2356 5743 2571 5798 omissis
2626 5743 2780 5810 aliis,
2811 5738 3072 5811 sequitur,
3121 5762 3269 5805 omne
3324 5753 3493 5803 autem
3554 5738 3749 5794 donum

469 5824 605 5869 sum.
656 5812 785 5880 Quae
826 5817 1094 5885 quomodo
1120 5814 1431 5888 accipienda
1458 5816 1597 5885 sint,
1625 5812 1689 5874 ex
1723 5816 1837 5887 ipso
1873 5819 2057 5888 Auguv
2158 5815 2359 5886 gratiae,
2391 5823 2497 5870 etc.
2555 5822 2613 5871 ut
2636 5829 2783 5889 num.
2812 5812 2932 5870 12‘2-
2962 5814 3136 5887 Attat.
