4056 6350
296 296 363 357 89
1464 295 2076 355 DIFFERENTIARUM
2118 298 2251 356 LIB.
2287 298 2334 356 ll
3499 310 3572 369 90

291 420 357 462 es
375 404 485 459 Deo
505 413 601 462 est.
632 404 816 477 Itaque
843 420 950 462 non
978 406 1032 462 in
1059 420 1217 464 omne
1236 422 1404 479 genus
1425 408 1699 465 hominum
1731 412 1885 484 103
1916 413 1967 475 Α
1990 421 2471 483 sacramentorum,
2497 416 2728 473 futuram
2751 418 3027 491 Evangelii
3051 424 3274 494 gratiam
3314 426 3571 493 praedica-

289 500 476 574 gratia:
499 502 819 558 beneﬁcium
846 501 1103 570 tenditur,
1119 501 1214 559 sed
1238 502 1293 558 in
1314 502 1418 557 illis
1438 510 1642 557 tantum
1671 517 1761 573 qui
1789 507 1885 573 per

289 592 451 646 ﬁdem
477 592 873 659 illuminantur;
898 608 997 649 nec
1020 595 1161 651 enim
1184 594 1237 650 in
1261 593 1467 651 cunctis
1487 595 1732 667 gentibus
1756 594 1882 652 ﬁdei

287 689 532 759 pervenit
560 688 792 744 auditus.

361 780 480 834 12L
527 778 680 836 Unde
724 789 781 837 et
833 781 1147 852 Apostolus:
1183 782 1482 854 Quomodo,
1516 784 1713 856 inquit,
1742 788 1886 841 invo-

284 871 473 925 cabant
522 870 575 924 in
622 889 771 942 quem
810 889 912 927 non
954 876 1313 931 crediderunt?
1357 876 1459 932 Aut
1485 878 1740 949 quomodo
1775 895 1885 933 cre-

284 962 405 1017 dent
431 963 480 1015 ei
510 979 659 1033 quem
712 981 814 1018 non
843 966 1154 1021 audierunt?
1180 968 1348 1037 Ipsius
1388 970 1549 1025 etiam
1578 968 1762 1036 gratiae
1783 970 1883 1024 do-

285 1069 412 1110 num
444 1054 853 1125 quibuscunque
882 1056 1058 1125 datur,
1091 1072 1200 1113 non
1253 1060 1528 1130 aequaliter
1555 1060 1881 1127 conceditur,

288 1149 382 1204 sed
408 1150 475 1204 ad
508 1163 815 1205 mensuram
845 1164 943 1219 pro
972 1150 1165 1205 merito
1201 1152 1575 1221 accipientium
1608 1151 1882 1208 distribui-

282 1248 391 1305 tur,
420 1241 571 1310 juxta
591 1240 732 1309 quod
757 1240 1049 1311 scriptum:
1081 1241 1169 1298 aui
1190 1240 1369 1298 reddet
1396 1244 1669 1315 unicuique
1692 1260 1884 1299 secun-

281 1335 405 1388 dum
430 1351 587 1406 opera
623 1352 737 1389 sua.

353 1425 479 1480 122.
525 1426 700 1482 Omne
752 1435 928 1482 autem
981 1427 1179 1483 donum
1233 1429 1421 1499 gratiae
1473 1444 1582 1486 non
1639 1431 1886 1487 omnibus

286 1519 352 1575 ad
402 1521 671 1591 integrum
699 1520 876 1587 datur,
908 1520 1001 1576 sed
1029 1521 1250 1593 singulis
1278 1522 1416 1577 dona
1465 1507 1671 1594 singula
1701 1524 1885 1580 distri-

281 1611 541 1675 buuntur,
599 1619 658 1664 ut
707 1608 941 1676 scilicet,
982 1610 1134 1680 quasi
1181 1614 1421 1668 membra
1473 1615 1713 1683 corporis
1767 1615 1882 1669 sin-

282 1700 403 1771 gula
444 1700 623 1754 ofﬁcia
658 1699 916 1770 habeant,
968 1711 1021 1756 et
1073 1702 1204 1757 alter
1233 1702 1469 1773 indigeat
1516 1705 1686 1760 altero
1742 1706 1886 1776 quod

1985 501 2135 562 bant.
2165 505 2221 561 In
2270 507 2387 581 lege
2417 524 2545 581 ergo
2570 511 2818 567 mandata
2849 522 3121 581 tenentur,
3153 515 3413 587 promissa
3447 530 3574 571 vero

1986 596 2040 651 in
2063 597 2339 670 Evangelii
2359 602 2688 671 plenitudine
2719 615 3177 662 consummantur.
3208 606 3403 678 Legem
3427 607 3576 666 enim

1986 688 2279 761 Evangelia
2306 695 2599 765 complent,
2631 704 2685 751 et
2712 696 3160 768 signiﬁcationem
3191 698 3442 770 pra:cepti
3461 698 3575 770 ple-

1986 783 2170 840 nitudo
2201 784 2684 845 Testamentorum.

2057 873 2183 931 127.
2216 875 2346 931 Item
2378 878 2509 933 nihil
2535 880 2677 934 aliud
2702 879 2789 935 lex
2819 882 3085 950 praestitit,
3113 884 3213 939 nisi
3235 882 3374 954 quod
3393 883 3574 939 solum

1987 977 2205 1038 peccata
2243 971 2590 1036 monstravit,
2622 988 2727 1027 non
2755 972 2997 1039 abstulit,
3030 983 3087 1030 et
3115 977 3216 1031 sub
3244 990 3345 1031 suo
3370 982 3576 1030 terrore

1988 1060 2231 1115 redactos
2258 1076 2447 1117 omnes
2472 1077 2657 1118 servos
2682 1063 2878 1127 eﬁ‘ecit,
2910 1073 2965 1120 et
2985 1065 3110 1122 inde
3135 1066 3379 1135 spiritum
3399 1061 3578 1121 servi-

1987 1151 2115 1205 tutis
2161 1148 2411 1207 habuisse
2460 1154 2692 1221 priorem
2740 1156 2988 1225 populum
3037 1156 3324 1225 Apostolus
3370 1155 3575 1212 docuit.

1988 1242 2338 1312 Evangelium
2379 1258 2504 1299 vero
2534 1243 2753 1299 veniens
2793 1246 3161 1302 crudelitatem
3194 1248 3326 1317 legis
3352 1247 3575 1311 amovit;

1991 1346 2207 1406 peccata
2229 1378 2245 1404 ,
2287 1351 2408 1407 quae
2451 1336 2537 1392 lex
2584 1338 2836 1407 puniebat
2863 1354 2957 1408 per
2983 1340 3226 1410 spiritum
3256 1339 3537 1396 servitutis
3556 1377 3574 1404 ,

1988 1429 2188 1485 laxavit
2214 1444 2307 1498 per
2326 1429 2573 1499 spiritum
2601 1430 2924 1499 adoptionis,
2950 1431 3088 1487 ﬁlios
3111 1447 3175 1486 ex
3196 1431 3368 1487 servis
3392 1428 3576 1485 reddi-

1989 1521 2090 1589 dit,
2108 1535 2346 1577 amorem
2365 1520 2649 1589 implenda:
2671 1521 2802 1591 legis
2822 1521 3415 1587 omnibuscondonavit,
3434 1528 3507 1589 et,
3527 1519 3576 1575 si

1994 1611 2249 1681 deinceps
2280 1611 2548 1681 punienda
2570 1611 2977 1676 commiserunt,
3003 1626 3098 1680 per
3126 1610 3374 1665 eumdem
3413 1609 3576 1679 spiri-

1990 1714 2101 1760 tum
2125 1704 2426 1774 adoptionis
2458 1703 2701 1773 indulget
2731 1719 2746 1757 :
2778 1703 3003 1758 formam
3049 1703 3190 1758 bene
3217 1700 3401 1771 agendi
3442 1716 3581 1771 prm-

281 1809 387 1848 non
432 1793 599 1865 habet
639 1794 814 1861 alter;
856 1795 1078 1865 proinde
1133 1796 1313 1850 onmia
1361 1797 1497 1851 ﬁunt
1547 1800 1881 1866 communia,
1914 1811 1962 1872 B
1988 1797 2124 1861 huit,
2156 1806 2209 1851 et
2242 1804 2299 1849 ut
2345 1796 2553 1866 possint
2579 1795 2665 1865 agi
2697 1810 2817 1865 qua:
2845 1793 3027 1850 docuit
3061 1793 3359 1863 adjutorem
3402 1792 3576 1861 Spiri-

282 1885 407 1941 dum
446 1885 585 1939 ﬁunt
614 1885 835 1941 sibimet
873 1887 1113 1942 membra
1144 1887 1372 1943 invicem
1415 1891 1737 1945 necessaria.

967 1999 1210 2055 xxxut.
1662 1988 1663 1991 ‘

355 2068 482 2124 125.
513 2068 661 2125 Inter
679 2068 869 2141 Legem
897 2079 952 2125 et
980 2070 1321 2143 Evangelium
1340 2072 1446 2127 hoc
1468 2074 1715 2139 interest,
1740 2074 1882 2144 quod

283 2161 336 2215 in
368 2161 513 2232 Lege
544 2160 722 2216 littera
753 2170 857 2228 est,
889 2161 944 2216 in
990 2162 1282 2235 Evangelio
1324 2163 1494 2234 gratia
1530 2181 1545 2219 :
1576 2164 1667 2218 illa
1699 2165 1886 2219 habuit

282 2254 553 2317 umbram,
578 2251 681 2307 ista
721 2252 1045 2323 imaginem;
1083 2253 1171 2308 illa
1195 2254 1317 2309 data
1346 2262 1431 2308 est
1461 2264 1680 2325 propter
1710 2264 1882 2309 trans-

280 2344 636 2415 gressionem,
681 2343 783 2399 ista
827 2354 1045 2415 propter
1067 2345 1541 2417 justiﬁcationem;
1601 2348 1694 2403 illa
1732 2348 1883 2418 igno-

282 2437 472 2492 rantia:
502 2438 844 2492 demonsrrat
891 2449 1195 2507 peccatum,
1241 2440 1343 2495 ista
1368 2439 1607 2509 agnitum
1644 2439 1881 2510 adjuvat,

280 2543 337 2587 ut
361 2534 593 2597 vitetur;
635 2532 725 2586 illa
755 2531 969 2601 ﬂagitiis
999 2531 1212 2588 deditos
1238 2533 1502 2602 increpat,
1528 2532 1630 2588 ista
1660 2547 1885 2603 peccan-

279 2638 359 2685 tes
387 2629 637 2684 bonitate
665 2628 881 2698 propria
905 2627 1126 2692 liberat;
1155 2628 1247 2683 illa
1276 2628 1529 2683 talionem
1552 2627 1883 2683 reddendum

280 2720 548 2787 decrevit,
592 2720 695 2775 ista
742 2720 903 2775 etiam
954 2735 1051 2791 pro
1084 2720 1316 2776 inimicis
1343 2735 1500 2776 orare
1519 2719 1727 2791 jussit:
1770 2721 1883 2787 illa,

282 2813 663 2884 coniugiorum
703 2811 924 2867 indultis
971 2812 1220 2879 habenis,
1251 2826 1498 2869 crescere
1526 2823 1581 2868 et
1626 2827 1884 2882 generare

280 2906 560 2976 praecepit,
594 2906 695 2960 ista
740 2905 1125 2962 continentiam
1170 2907 1358 2963 suasit.

348 2996 478 3054 124.
514 2994 630 3051 Illic
665 2995 989 3064 praedicatur
1029 2996 1369 3052 circumcisio
1402 2998 1517 3052 sola
1558 2997 1756 3069 carnis,
1802 2995 1888 3053 hic

278 3087 559 3146 lavacrum
608 3089 663 3142 in
706 3088 979 3144 ablatione
1005 3089 1185 3144 cordis
1212 3100 1265 3144 et
1296 3092 1574 3160 corporis;
1605 3090 1712 3147 illic
1748 3089 1889 3146 Cha-

1989 1898 2099 1942 tum
2128 1884 2338 1941 infudit.
3100 1893 3119 1906 ‘
3476 1922 3479 1923 ν

2054 1976 2177 2033 128.
2221 1979 2349 2033 Nam
2392 1987 2661 2049 praecepta
2715 1977 2904 2048 regalia
2952 1992 3073 2047 qua:
3120 1976 3192 2031 illi
3234 1975 3427 2046 populo
3454 1974 3581 2031 data

1989 2080 2135 2137 sunt,
2169 2071 2568 2141 comparatione
2617 2071 2917 2137 meliorum,
2969 2070 3128 2126 etiam
3170 2083 3276 2125 non
3330 2068 3469 2124 bona
3507 2068 3585 2124 di-
3644 2086 3651 2093 ·

1990 2174 2205 2230 cuntur,
2260 2163 2382 2235 quia
2421 2178 2539 2235 quae
2588 2162 3050 2235 prtecipiuntnon
3107 2162 3421 2234 perﬁciunt;
3466 2176 3587 2233 gra-

1996 2257 2066 2311 tia
2095 2270 2223 2311 vero
2248 2255 2525 2326 Evangelii
2569 2255 2711 2324 quod
2741 2256 2979 2311 exterius
3006 2255 3258 2326 imperat,
3281 2254 3504 2310 interius
3529 2261 3589 2309 ut

1998 2348 2307 2418 perﬁciatur
2341 2347 2513 2419 juvat.
2548 2346 2851 2403 Ezechielis
2890 2348 3051 2402 etiam
3094 2345 3401 2402 testimonio
3449 2344 3589 2400 dici-

1995 2448 2081 2493 tur
2112 2454 2128 2494 :
2153 2438 2285 2492 Dedi
2313 2438 2387 2491 eis
2416 2447 2670 2507 praecepta
2702 2453 2804 2492 non
2833 2438 2985 2492 bona.
3035 2436 3225 2505 Utique
3270 2435 3392 2505 quia
3432 2434 3484 2488 in
3508 2433 3590 2489 eis

1991 2530 2236 2600 quaedam
2282 2531 2491 2585 inutilia
2540 2530 2921 2586 inﬁrmioribus
2959 2529 3206 2602 sensibus
3235 2527 3438 2599 agenda
3467 2541 3590 2597 per-

1989 2620 2148 2675 missa
2176 2627 2319 2685 sunt,
2354 2621 2495 2676 sicut
2536 2620 2690 2689 illud,
2742 2621 2829 2676 ubi
2865 2622 3008 2678 Deus
3039 2621 3396 2677 lsraelitarum
3435 2618 3589 2689 cupi-

1987 2709 2207 2768 ditatem
2232 2710 2416 2781 spoliis
2443 2711 2819 2783 IEgyptiorum
2847 2715 3032 2768 satiari
3068 2714 3330 2783 permisit.

2064 2803 2188 2858 129.
2233 2804 2364 2858 Nam
2399 2820 2497 2873 pro
2526 2819 2592 2860 eo
2636 2806 2778 2877 quod
2824 2806 3057 2862 carnalis
3096 2807 3322 2889 pupulas
3368 2805 3587 2861 modum

1992 2897 2343 2968 egrederetur
2362 2897 2633 2964 vindictae,
2666 2898 2750 2953 lex
2774 2898 3060 2968 -permittit
3089 2899 3391 2953 carnalibus
3411 2897 3584 2953 vicem

1991 2988 2288 3060 rependere
2316 2990 2462 3055 mali,
2493 2989 2636 3061 quod
2669 2991 2957 3061 Evangelia
3005 2989 3332 3045 ﬁrmioribus
3380 2997 3583 3045 vetant.

1993 3078 2227 3136 Proinde
2253 3094 2382 3150 ergo
2407 3079 2656 3135 dicuntur
2687 3095 2793 3134 non
2824 3080 2983 3146 bona,
3014 3080 3264 3147 quoniam
3298 3079 3588 3150 Evangelia

282 3180 545 3235 nanitidis
572 3194 797 3251 regnum
826 3189 880 3237 et
900 3181 1283 3251 promissiones
1304 3198 1482 3239 rerum
1505 3185 1878 3254 temporalium

1997 3182 2324 3243 comparata,
2355 3172 2489 3244 legis
2515 3182 2779 3243 praecepta
2808 3172 3058 3228 inferiora
3084 3180 3395 3227 noscuntur.
3429 3171 3587 3244 105

279 3271 645 3337 continentur,
664 3272 752 3326 hic
771 3271 880 3325 vita
902 3282 1101 3327 aeterna
1129 3287 1460 3343 regnumque
1480 3274 1737 3331 ctelorum
1761 3291 1887 3346 pro-

280 3365 543 3430 mittitur;
576 3364 683 3419 illic
705 3364 914 3419 sabbati
938 3366 1110 3421 otium
1133 3376 1187 3421 et
1217 3367 1431 3437 requies
1452 3368 1776 3436 celebratur,
1799 3369 1887 3426 hic

280 3457 394 3527 ipsa
416 3456 630 3512 sabbati
661 3457 872 3525 requies
898 3456 951 3511 in
980 3456 1193 3512 Christo
1214 3456 1462 3523 habetur,
1482 3459 1570 3527 qui
1589 3460 1756 3515 dixit:
1788 3460 1891 3515 Ve-

278 3549 383 3602 nite
429 3547 500 3600 ad
528 3562 631 3613 me,
674 3562 847 3601 omnes
870 3549 956 3617 qui
979 3548 1220 3603 laboratis
1249 3558 1295 3603 et
1324 3550 1517 3603 onerati
1546 3551 1683 3615 estis,
1714 3559 1761 3605 et
1797 3568 1889 3623 ego

280 3637 511 3706 reﬁciam
529 3652 638 3701 vos,
655 3646 700 3690 et
722 3636 985 3691 invenietis
1012 3638 1233 3706 requiem
1254 3639 1519 3693 animabus
1540 3641 1742 3694 vestris.
1774 3639 1891 3698 Illic

285 3742 409 3784 esus
434 3728 750 3783 animalium
784 3727 1179 3783 immundorum
1214 3728 1544 3798 prohibetur,
1574 3729 1660 3785 hic
1690 3732 1742 3786 in
1770 3746 1891 3787 cor-

284 3835 412 3889 pore
459 3818 703 3883 Christi,
736 3818 788 3873 id
814 3827 896 3874 est
926 3820 981 3873 in
1010 3822 1208 3876 sanctis
1258 3822 1400 3887 suis,
1445 3835 1552 3876 non
1591 3822 1891 3880 admittitur

284 3909 543 3981 quidquid
586 3924 679 3979 per
709 3909 799 3964 illa
828 3910 1075 3965 animalia
1117 3911 1388 3967 immunda
1418 3912 1471 3968 in
1504 3928 1681 3970 mores
1708 3913 1883 3971 homi-

286 4018 412 4058 num
455 4002 805 4072 ﬁgurabatur.

357 4093 487 4149 125.
510 4094 646 4159 Illic,
681 4094 963 4164 pecoribus
991 4094 1299 4163 immolatis,
1329 4097 1508 4153 carnis
1533 4105 1590 4154 et
1618 4100 1889 4170 sanguinis

292 4188 477 4244 hostiae
500 4188 885 4252 oﬁ'erehantur,
926 4189 1014 4243 hic
1042 4189 1365 4245 sacriﬁcium
1396 4192 1573 4246 carnis
1599 4201 1653 4247 et
1677 4194 1892 4263 sangui-

294 4286 371 4337 nis
392 4280 598 4337 Christi
620 4281 864 4348 oﬁ'ertur,
888 4281 1031 4351 quod
1068 4282 1227 4354 104
1258 4298 1351 4352 per
1373 4283 1462 4338 illa
1484 4285 1734 4340 animalia
1759 4288 1893 4357 ﬁgu-

295 4372 539 4439 rabatur;
573 4372 684 4427 illic
709 4386 773 4426 ex
813 4385 976 4427 carne
1012 4373 1151 4442 Agni
1188 4373 1389 4429 Pascha
1432 4375 1762 4444 celebratur,
1804 4377 1893 4433 hic

297 4462 496 4518 Pascha
527 4470 770 4518 nostrum
804 4463 1109 4517 immolatus
1130 4472 1213 4519 est
1234 4462 1499 4529 Christus,
1519 4468 1605 4536 qui
1629 4477 1713 4522 est
1734 4483 1892 4525 verus

1992 3268 2131 3322 Ante
2155 3265 2441 3321 adventum
2466 3265 2611 3320 enim
2633 3265 3009 3333 Redemptoris
3032 3263 3230 3331 nostri,
3255 3262 3471 3333 gentilis
3491 3278 3591 3335 po-

1992 3360 2152 3429 pulus
2180 3359 2300 3413 ideo
2326 3372 2434 3413 non
2456 3357 2849 3427 obtemperavit
2866 3357 2992 3427 legi,
3017 3356 3142 3426 quia
3166 3355 3402 3411 nondum
3429 3357 3589 3412 intel-

1989 3452 2252 3523 ligebatur
2274 3465 2433 3506 sensu
2458 3449 2737 3519 spirituali.
2758 3449 2870 3504 Lex
2893 3448 3035 3504 enim
3056 3448 3241 3518 gravia
3271 3455 3428 3518 atque
3449 3448 3586 3504 dura

1992 3549 2289 3606 secundum
2318 3549 2553 3602 litteram
2574 3545 2819 3616 jubebat,
2844 3547 2965 3600 ideo
2995 3543 3457 3599 contemnebatur.
3488 3541 3589 3598 Ve-

1994 3640 2075 3696 nit
2115 3649 2293 3694 autem
2326 3638 2499 3707 gratia
2528 3637 2824 3707 Evangelii,
2859 3636 3171 3706 temperavit
3203 3634 3336 3706 legis
3363 3632 3589 3691 austeri-

1994 3738 2181 3798 tatem,
2207 3728 2601 3798 applicavitque
2627 3727 2728 3781 sibi
2756 3727 3007 3799 gentilem
3038 3727 3314 3798 populum.

2659 3834 2907 3892 XXXIV.

2065 3929 2190 3986 150.
2219 3930 2365 3987 Inter
2382 3930 2602 3985 activam
2626 3938 2682 3986 et
2703 3929 3148 3998 contemplativam
3168 3928 3345 3996 vitam,
3366 3927 3481 3984 haec
3501 3928 3584 3985 di-

1993 4023 2211 4080 stinctio
2242 4034 2329 4081 est
2362 4040 2375 4077 :
2405 4024 2581 4079 activa
2610 4025 2716 4078 vita
2746 4032 2828 4078 est
2857 4036 2977 4092 qua:
3005 4022 3059 4076 in
3089 4021 3343 4092 operibus
3366 4022 3588 4093 iustitia:

1994 4126 2049 4174 et
2092 4116 2321 4187 proximi
2371 4116 2603 4171 utilitate
2648 4124 2927 4181 versatur;
2976 4115 3412 4184 contemplativa,
3466 4131 3589 4187 qua

1995 4224 2192 4266 vacans
2231 4209 2299 4263 ab
2337 4208 2480 4264 omni
2524 4207 2762 4278 negotio,
2790 4208 2841 4262 in
2870 4206 2982 4262 sola
3012 4205 3108 4262 Dei
3138 4207 3423 4263 dilectione
3451 4208 3588 4263 deﬁ-

1993 4304 2157 4373 gitur.
2186 4300 2383 4355 Ilarum
2428 4313 2531 4353 una
2564 4299 2619 4353 in
2660 4312 2823 4369 opere
2843 4298 2996 4353 bona:
3031 4298 3477 4367 conversationis,
3508 4298 3590 4355 al-

1995 4402 2109 4449 tera
2168 4392 2222 4446 in
2269 4390 2719 4461 contemplatione
2771 4390 3124 4445 immutabilis
3172 4391 3415 4447 veritatis
3466 4399 3585 4456 est;

1994 4497 2122 4549 una,
2159 4497 2281 4552 qua:
2312 4497 2376 4537 ex
2412 4481 2515 4536 ﬁde
2543 4481 2595 4535 in
2635 4482 2734 4535 hac
2777 4481 3209 4551 peregrinatione
3246 4480 3394 4549 vivit,
3420 4482 3589 4538 altera

297 4557 472 4626 Agnus
491 4554 886 4611 immaculatus.
912 4555 1027 4611 Illic
1046 4555 1375 4624 Neomenite,
1399 4558 1449 4612 id
1472 4568 1553 4615 est
1576 4576 1728 4614 nova:
1750 4561 1890 4617 lunae
1921 4593 1971 4653 ι)
1998 4590 2118 4647 quae,
2146 4576 2282 4631 bene
2312 4576 2555 4629 viventes
2587 4589 2756 4644 usque
2782 4574 2850 4628 ad
2877 4589 3100 4645 regnum
3132 4573 3399 4644 perducit.

296 4648 550 4717 principia
572 4645 937 4715 celebrantur,
959 4647 1044 4702 hic
1062 4662 1198 4702 nova
1218 4658 1463 4704 creatura
1486 4652 1536 4705 in
1561 4650 1775 4708 Christo
1794 4669 1889 4709 ac-

299 4742 489 4810 cipitur
508 4780 523 4805 ,
558 4741 702 4794 sicut
728 4740 923 4795 Paulus
951 4743 1223 4811 apostolus
1243 4743 1319 4797 ait
1347 4760 1363 4798 :
1396 4743 1581 4815 Siqua
1610 4748 1664 4800 in
1686 4746 1888 4803 Christo

298 4851 422 4888 nova
468 4842 743 4897 creatura,
800 4844 969 4889 vetera
1015 4836 1369 4903 transierunt,
1426 4854 1538 4894 ecce
1588 4843 1724 4910 facta
1768 4851 1889 4896 sunt

300 4944 440 4980 nova.

368 5017 491 5070 1'26.
519 5016 659 5084 Quid
711 5017 907 5085 plura?
947 5016 1002 5072 In
1050 5018 1166 5089 lege
1202 5035 1299 5090 per
1334 5022 1556 5094 ﬁguram
1596 5039 1684 5082 res
1725 5037 1892 5097 gesta;

301 5112 349 5165 in
385 5112 831 5181 signiﬁcationem
865 5111 1161 5169 futurorum
1193 5118 1664 5187 annuntiahantur,
1696 5121 1749 5176 in
1778 5138 1894 5192 gra-

300 5203 366 5256 tia
400 5217 559 5271 vero,
610 5202 931 5273 evangelicae
966 5203 1208 5260 veritatis
1231 5248 1247 5275 ,
1277 5224 1394 5277 qua:
1427 5209 1535 5266 illic
1582 5212 1891 5267 denuntiata

300 5297 542 5363 fuerunt,
592 5299 896 5369 explentur.
943 5300 1078 5356 Item
1129 5300 1183 5354 in
1232 5300 1346 5372 lege
1390 5302 1638 5358 mandata
1690 5306 1890 5376 scripta

298 5400 501 5445 suntet
532 5392 835 5460 promissa,
883 5393 977 5448 sed
1028 5392 1275 5448 mandata
1322 5393 1492 5465 legent
1540 5395 1761 5467 implere
1807 5400 1891 5454 vel

301 5495 622 5538 conservare
657 5483 936 5552 iubebant,
971 5486 1232 5555 promissa
1276 5502 1423 5553 vero,
1456 5487 1640 5558 ﬁguris
1678 5491 1891 5548 obtecta

368 5614 497 5696 125.
526 5616 689 5696 _Vulg.
724 5633 738 5670 :
774 5617 983 5696 Omnia-
1008 5635 1182 5696 ῃοιξα.Δ
1214 5620 1544 5691 Exprimitur
1587 5627 1898 5696 sacriﬁcium

299 5687 571 5757 sanguinis
591 5697 641 5757 et
670 5689 899 5757 corporis
920 5689 1129 5746 Christi.
1156 5687 1329 5749 Annv.

374 5746 502 5842 1'21}.
545 5756 715 5842 Nam“
744 5746 996 5831 praecepta
1051 5746 1409 5833 legatia,etc.
1434 5809 1449 5836 ,
1476 5782 1507 5825 e
1537 5768 1698 5842 Greg.
1730 5785 1900 5829 xxvm

302 5830 516 5899 Horal.,
541 5844 658 5901 cap.
683 5831 737 5887 9.

2065 4665 2191 4722 1'51.
2231 4666 2434 4721 Activze
2470 4667 2615 4721 enim
2661 4664 2782 4719 vita:
2820 4679 3009 4735 magna
3045 4673 3171 4719 sunt
3212 4663 3461 4732 praemia,
3491 4662 3587 4718 sed

1992 4757 2421 4826 contemplativa:
2446 4757 2674 4827 potiora.
2701 4757 2889 4812 Activa
2920 4754 3026 4811 vita
3057 4771 3120 4811 ex
3149 4755 3305 4811 bonis
3334 4756 3588 4825 operibus

1996 4850 2204 4920 incipit,
2245 4850 2656 4920 contemplativa
2686 4850 2924 4919 pervenit
2945 4849 3012 4903 ad
3040 4848 3181 4919 quod
3212 4848 3457 4905 intendit.
3484 4849 3588 4904 Ac-

1995 4943 2115 4998 tivae
2137 4943 2258 4998 vitae
2288 4958 2448 5012 opera
2471 4957 2594 4997 cum
2618 4956 2845 5012 corpore
2867 4940 3141 5008 ﬁniuntur,
3162 4942 3587 5009 contemplativa:

2000 5043 2177 5090 autem
2210 5035 2400 5107 gaudia
2440 5034 2493 5090 in
2533 5036 2636 5090 ﬁne
2665 5036 2895 5106 amplius
2942 5044 3214 5090 crescunt.
3257 5034 3349 5088 llla
3387 5044 3584 5100 autem,

1992 5127 2238 5197 quamvis
2268 5126 2411 5181 utilis
2454 5136 2509 5182 et
2536 5128 2711 5194 bona,
2742 5136 2924 5183 tamen
2961 5142 3081 5182 cum
3109 5127 3317 5197 requies
3358 5126 3585 5194 venerit,

1992 5219 2311 5283 transitura;
2367 5219 2465 5273 ista
2513 5233 2642 5274 vero
2678 5219 2803 5275 boni
2842 5221 3019 5290 operis
3058 5218 3331 5273 transituri
3372 5233 3584 5278 merces

1991 5318 2093 5373 est,
2125 5318 2177 5363 et
2202 5308 2415 5377 requies
2445 5324 2815 5379 permansura.

2066 5398 2189 5454 152.
2231 5400 2653 5471 Contemplativa
2711 5404 2818 5457 vita
2865 5417 2959 5471 per
3005 5400 3205 5457 Rachel
3258 5405 3583 5475 ostenditur,

1992 5510 2111 5565 qua:
2160 5504 2276 5551 erat
2314 5496 2536 5566 pulchra
2581 5508 2633 5553 et
2678 5497 2894 5563 sterilis,
2926 5497 3046 5565 quia
3104 5513 3196 5566 per
3249 5506 3581 5574 contempla—

2080 5631 2207 5688 150.
2246 5630 2572 5704 Opusculum
2623 5633 2712 5704 de,
2742 5630 3045 5704 differentia
3083 5634 3223 5691 inter
3272 5640 3497 5694 activam
3526 5649 3583 5696 et

2008 5702 2479 5771 contemplativam
2512 5706 2669 5758 vitam
2701 5702 2886 5757 lsidori
2918 5707 3133 5762 nomine
3158 5708 3213 5763 in
3244 5707 3443 5765 Codice
3472 5712 3579 5767 lie-

2009 5773 2349 5851 giovaticano
2374 5776 2471 5851 281
2506 5790 2534 5828 a
2560 5788 2659 5851 me
2674 5783 2972 5851 repertum,
3003 5778 3067 5831 ad
3099 5778 3423 5851 appendices
3456 5783 3576 5851 reji-

2006 5846 2113 5913 cio,
2137 5844 2205 5901 de
2228 5861 2334 5916 quo
2361 5847 2521 5902 etiam
2551 5843 2663 5901 dixi
2693 5843 2749 5900 in
2781 5844 3085 5917 l’rolcgom.
3116 5843 3235 5919 cap.
3269 5849 3358 5905 85.
3394 5843 3567 5909 Αιεὶ.
