4056 6350
421 355 484 416 ot
1485 337 1544 394 s.
1586 309 1831 391 Ismeni
1874 295 2323 385 HISPALENSIS
2366 292 2674 376 episcopi
3037 399 3044 404 .
3380 397 3388 416 Α
3658 307 3728 365 92

426 471 587 529 tionis
617 467 784 525 otium
813 451 990 521 minus
1027 445 1250 529 opeium
1279 449 1372 511 lilii
1403 441 1743 522 generantur.
1776 435 2018 499 Activam
2049 427 2103 499 Α

426 555 605 619 autem
628 559 788 615 vitam
811 539 1142 611 monstrabat
1169 549 1262 606 Lia
1289 549 1404 604 sine
1432 537 1621 606 oculis,
1650 529 1741 594 sed
1770 535 2017 624 fecunda.

430 653 564 723 Quia
595 652 734 707 actio
762 641 1028 704 laboriosa
1069 637 1283 714 quidem
1313 647 1416 704 est,
1447 627 1726 701 minusque
1755 629 1860 723 alta
1893 629 2022 681 'con-

2127 419 2267 490 rfbus
2287 434 2610 505 justi/icatus
2645 438 2738 485 est.
2773 417 2969 484 Pttultts
2995 399 3124 485 dicit
3152 417 3168 485 Ξ
3203 397 3432 482 creduit:
3461 411 3724 480 Abraham

2130 521 2260 592 Deo,
2287 527 2332 580 ‘et
2351 515 2644 596 reputatdiit
2672 532 2744 577 cst
2772 523 2817 575 ei
2841 513 2908 575 ad
2929 506 3355 594 justitiamﬂuid
3387 513 3554 588 ergo?
3586 515 3728 570 L‘trio‘

2129 639 2234 694 que
2277 637 2336 678 se
2366 604 2686 675 destinuiiti
2721 609 2892 670 AbSit.
2923 607 3027 671 seu
3061 605 3270 682 utrique
3303 627 3401 667 nos
3431 605 3722 664 instrtiunt.

427 696 696 802 sitiemus.
742 741 846 799 Sed
877 739 929 796 in
975 727 1040 795 eo
1071 727 1210 808 q'u'od
1240 735 1297 788 se
1326 743 1449 801 erga
1484 725 1711 799 proximi
1741 708 2025 778 utilitatem
2131 718 2263 771 Nam
2298 713 2594 770 secundum
2624 707 2869 774 Paulum,
2900 706 3166 762 Abraham
3196 721 3259 759 ex
3303 704 3406 757 fide
3447 696 3726 776 justilicarl

2548 807 2555 808 ,
2736 801 2768 808 ..
2794 787 2841 808 ..1
2875 801 2907 808 λ
3070 799 3074 806 α
3225 799 3235 808 .
3282 797 3286 800 -
3363 791 3378 808 α
3487 781 3496 808 ι

431 841 553 910 plus
604 839 863 901 exhibet,
918 832 1196 890 fecundior
1241 826 1534 898 cperibus,
1589 819 1743 892 quaSi
1802 817 1854 872 in
1908 814 2027 869 filiis

429 908 645 986 crescn.
675 927 764 985 Sic
794 925 998 981 Martha
1027 931 1082 980 et
1122 920 1304 985 Maria,
1351 915 1574 985 quarum
1606 928 1707 967 una
1740 908 2028 986 Virtutibus

433 1021 668 1078 mentem
721 1005 1005 1073 exercebat
1069 1001 1120 1066 in
1180 1022 1382 1079 Opere,
1436 1004 1607 1061 altera
1662 999 2032 1071 requiescebat

433 1112 610 1169 deﬁxa
637 1112 692 1166 in
721 1101 1192 1173 contemplatione.

507 1204 632 1260 155.
671 1202 708 1256 Ii
741 1210 915 1256 autem
943 1197 1032 1267 qui
1063 1194 1128 1250 ad
1159 1179 1627 1262 contempiatioms
1656 1196 1820 1240 otium
1848 1189 2034 1238 venire

435 1287 784 1355 contendunt,
835 1289 979 1358 prius
1009 1287 1067 1340 se
1107 1283 1160 1339 in
1191 1284 1364 1338 stadio
1391 1279 1578 1337 activa:
1607 1280 1733 1332 vita:
1779 1270 2034 1330 exercere

438 1387 672 1448 debent,
731 1379 787 1436 ut
835 1380 961 1434 dum
1015 1391 1176 1447 opera
1220 1373 1439 1444 iustitiae
1484 1373 1642 1430 faeces
1694 1374 2034 1440 peccatorum

436 1473 796 1538 exhauriunt,
848 1473 942 1524 c0r
986 1461 1245 1524 mundum
1298 1459 1585 1519 exhibeant
1633 1459 1698 1514 ad
1750 1455 2036 1513 videndum

437 1571 626 1624 Deum.
659 1559 791 1620 Nam
835 1555 989 1617 incus
1032 1555 1151 1630 quae
1201 1549 1384 1613 adlqu
1425 1554 1769 1624 temporalem
1812 1539 2037 1622 gloriam

444 1647 601 1733 103
626 1657 833 1730 quaerit,
870 1661 962 1710 aut
985 1653 1212 1709 carnalis
1243 1647 1690 1717 concupiscentia:
1730 1645 2039 1701 tentaiioni;

444 1755 544 1808 bus
572 1753 743 1816 cedit,
775 1765 805 1803 a
833 1737 1285 1818 contemplatione
1321 1741 1670 1812 proculdubio
1701 1739 2036 1811 prohibetur.

2136 807 2351 874 merdit,
2384 807 2597 878 quando
2624 787 2852 859 credidit
2875 801 3016 866 Dee;
3041 797 3330 854 secundum
3355 781 3631 857 iacohuiu,
3658 811 3723 850 ex

2138 895 2391 974 operibus
2416 897 2635 971 placuit,
2657 895 2870 968 quando
2893 886 3123 948 tentatus
3148 883 3536 946 iiiimoladdum
3560 877 3723 943 lilium

2137 1014 2244 1054 non
2273 991 2558 1051 recusavit.

2258 1079 2260 1082 ’
2807 1073 3046 1134 XXXVI.

2211 1167 2330 1237 i259.
2362 1171 2504 1235 Inter
2533 1176 2708 1248 ﬁdem;
2751 1181 2892 1244 sp'em
2921 1160 2972 1228 et
2999 1171 3300 1225 charitatem
3352 1157 3455 1222 hoc
3496 1164 3675 1221 differt
3707 1176 3726 1219 :

2141 1277 2274 1334 fides
2313 1275 2394 1332 est
2433 1267 2725 1328 divinitatis
2773 1267 3058 1332 confessio,
3083 1273 3137 1318 et
3185 1259 3459 1330 religionis
3499 1255 3730 1314 solidum

2141 1371 2574 1432 fundamentum;
2607 1377 2732 1432 spes
2760 1370 2845 1416 est
2875 1360 3137 1412 bonorum
3163 1351 3495 1423 exspectatio
3526 1350 3734 1404 futuro-

2142 1478 2294 1526 rum;
2323 1457 2558 1516 Charitas
2583 1461 2664 1511 εει
2697 1451 2930 1524 perfecta
2960 1447 3175 1503 dilectio
3199 1447 3250 1500 in
3285 1447 3448 1500 Deum
3483 1433 3536 1499 et
3558 1443 3737 1512 proxi-

2143 1572 2310 1611 mum.
2348 1551 2544 1608 liarum
2577 1543 2747 1619 prima
2777 1537 3150 1600 credulitatem
3199 1540 3342 1593 fovet
3390 1546 3730 1606 praesentem,

2143 1643 2375 1704 secunda
2411 1644 2668 1713 promissa
2703 1629 3375 1709 przestolaturfuturortitn,
3407 1627 3556 1684 tertia
3589 1643 3738 1681 amo-

2147 1756 2258 1795 rem
2284 1725 2658 1806 Complectitur
2687 1739 2967 1786 aeternum.
3009 1728 3139 1793 Quae
3166 1711 3380 1796 quidem
3424 1719 3522 1777 tria
3555 1713 3603 1776 in
3637 1719 3738 1774 hu-

446 1841 596 1899 Unde
624 1852 678 1896 et
706 1839 930 1909 populus
956 1837 1082 1893 dum
1112 1837 1281 1906 legem
1313 1827 1578 1902 acciperet
1602 1849 1629 1886 a
1661 1840 1860 1896 monte,
1888 1828 1937 1882 id
1961 1835 2044 1882 est
2074 1819 2124 1882 Β
2145 1833 2232 1904 jus
2264 1835 2382 1886 vita;
2407 1805 2646 1897 tempore
2678 1825 2751 1880 ita
2781 1819 3118 1893 copulantur,
3149 1827 3206 1874 ut
3235 1817 3397 1871 altera
3428 1815 3546 1871 sine
3567 1805 3737 1869 altera

440 1950 470 1988 a
515 1933 727 1987 sublimi
755 1931 1224 2000 contemplatione,
1255 1927 1403 1997 quasi
1432 1924 1722 1981 carna'inm
1753 1919 2038 1976 curiositas

441 2018 767 2079 removetur.
792 2021 857 2077 Et
885 2021 937 2075 in
963 2019 1252 2090 Evangelii)
1275 2025 1491 2073 curatus
1513 2033 1543 2070 a
1566 2015 1772 2082 legione
1794 2013 1904 2066 vult
1935 2012 2038 2063 Du-

443 2113 644 2171 ntinum
682 2131 771 2184 per
801 2111 1304 2183 contemplationem
1343 2109 1526 2178 sequi;
1560 2106 1652 2160 sed
1677 2103 1894 2175 jubetur
1936 2101 2036 2154 do-

444 2209 587 2262 mum
620 2206 835 2273 reverti,
862 2215 914 2259 et
947 2206 1000 2257 in
1053 2203 1239 2258 activae
1288 2201 1408 2254 Vita:
1458 2198 1770 2268 operatione
1816 2192 2035 2248 versari.

516 2299 640 2355 151.
679 2300 731 2354 ln
765 2301 880 2367 ipso
910 2298 1086 2350 autem
1119 2291 1584 2361 contemplationis
1609 2297 1657 2344 et
1687 2285 1908 2342 actionis
1943 2299 2040 2338 usu

443 2387 709 2448 ititerduni
744 2406 933 2459 magna
962 2387 1258 2444 differentia
1302 2377 1602 2439 aititnoruni
1631 2391 1730 2436 est.
1766 2379 1895 2432 Nam
1923 2375 2042 2446 qui-

445 2487 662 2542 busdam
703 2486 814 2540 sola
858 2479 1241 2550 contemplatio
1287 2479 1517 2548 prolicit,
1548 2475 1866 2546 quibusdam
1912 2477 2040 2524 iero

442 2577 613 2633 aetiva
646 2578 759 2631 sola
791 2584 872 2631 est
901 2565 1213 2628 consolatio.
1259 2569 1352 2626 His
1381 2569 1556 2624 media
1600 2577 1654 2621 et
1694 2565 1760 2620 de
1805 2561 2040 2633 utrisque

445 2669 737 2738 composita
772 2665 952 2721 utilior
981 2669 1065 2720 est
1092 2661 1264 2732 magis
1292 2661 1357 2716 ad
1388 2657 1706 2715 refoveudas
1735 2655 1929 2710 mentis
1958 2659 2042 2707 an?

367 2808 373 2813 .
441 2762 663 2828 gustias,
696 2777 812 2828 quae
843 2750 1014 2814 Solent
1042 2757 1134 2827 per
1165 2749 1320 2810 unius
1351 2749 1705 2808 intentionem
1739 2748 1952 2813 nutriri,
1981 2731 2039 2800 tit

480 2777 663 2828 usuas,
696 2777 812 2828 quin
843 2777 1014 2814 SOIetlt
1042 2777 1134 2827 per
1166 2777 1320 2810 unius
1351 2777 1705 2808 tlttcuuuucut
1739 2777 1952 2813 uuqu,
1982 2777 2039 2800 υιι.

441 2777 509 2908 ge
541 2845 812 2920 utriusque
843 2843 1081 2921 partibus
1109 2843 1300 2902 melius
1329 2835 1711 2913 temperentur.
1735 2839 1863 2893 Nam
1899 2835 2040 2906 quod

444 2943 686 3000 Salvator
707 2960 800 3013 per
828 2943 968 2998 diem
1020 2941 1183 3012 signis
1226 2947 1280 2993 et
1321 2934 1590 2991 miraculis
1621 2923 1933 2988 coruScabat
1984 2923 2037 2983 in

443 3019 682 3102 urbibus,
713 3036 940 3090 activam
988 3032 1142 3089 nobis
1191 3031 1353 3085 vitam
1407 3025 1839 3083 commendabat.
1886 3013 2038 3088 Quod

444 3143 569 3183 vero
618 3128 667 3181 in
723 3117 905 3181 monte
951 3123 1210 3180 orationis
1258 3113 1433 3176 studio
1462 3109 1841 3189 pernoctabat,
1871 3113 2034 3167 vitam

443 3213 904 3291 contemplatiOnis
936 3215 1294 3290 significabat.

521 3311 640 3368 155.
683 3312 884 3369 idcirco
915 3301 1009 3366 Dei
1040 3322 1227 3364 servus
1253 3305 1404 3376 juxta
1432 3303 1783 3359 imitationem
1813 3297 2034 3364 Chriti,

445 3425 544 3466 nec
567 3408 828 3465 actualem
862 3407 1025 3461 vitam
1052 3402 1266 3467 amittit,
1293 3405 1350 3455 et
1377 3395 1846 3465 contemplativam
1874 3389 2031 3446 vitam

444 3498 570 3572 agit.
604 3483 772 3555 Aliter
801 3494 942 3553 enim
991 3492 1245 3550 incedens
1283 3487 1525 3545 offendit.
1581 3488 1729 3545 Sicut
1768 3478 1908 3541 enim
1945 3499 2038 3554 per

444 3590 951 3660 contemplationem
1010 3583 1270 3638 amandus
1316 3592 1398 3637 est
1444 3581 1617 3645 Deus,
1675 3580 1747 3634 ita
1805 3593 1899 3649 per
1943 3593 2036 3632 ac-

444 3677 643 3741 tualem
672 3675 830 3737 vitam
852 3665 1153 3748 diligendus
1175 3683 1258 3732 est
1284 3670 1583 3746 proximus.
1605 3674 1682 3728 Ac
1711 3687 1807 3742 per
1835 3671 1935 3727 hoc
1955 3671 2034 3748 sic

447 3792 554 3835 non
587 3788 872 3846 possumus
901 3772 1019 3826 sine
1060 3778 1286 3840 utraque
1331 3784 1450 3825 esse
1478 3768 1608 3833 vita,
1640 3768 1779 3822 sicut
1819 3775 1874 3822 et
1921 3766 2038 3820 sine

452 3877 676 3937 utraque
706 3866 758 3920 in
789 3861 1075 3919 dilectione
1105 3871 1226 3918 esse
1261 3854 1597 3930 nequaquam
1628 3871 1928 3927 possumus.

1133 3965 1348 4030 XXXV.

2140 1936 2285 1980 stare
2313 1938 2419 1978 non
2446 1913 2630 1990 possit.

2216 2016 2339 2070 14;).
2396 2013 2631 2082 Denique
2688 2009 2951 2064 veraciter
2995 2006 3220 2062 credere
3268 2019 3372 2059 non
3424 2016 3736 2073 possumus,

2144 2111 2245 2168 nisi
2294 2125 2355 2165 ea
2405 2124 2524 2178 qua:
2578 2103 2839 2176 promissa
2893 2109 3020 2156 sunt
3069 2114 3378 2171 speremus;
3441 2095 3537 2152 nec
3587 2097 3740 2166 pote-

2144 2205 2312 2259 rimus
2361 2199 2628 2254 sustinere
2680 2195 2976 2267 promissa,
3027 2189 3128 2246 nisi
3175 2187 3244 2244 sit
3294 2187 3414 2245 fidei
3452 2177 3740 2245 credulitas

2146 2299 2324 2360 firma;
2378 2308 2477 2348 nec
2522 2290 2694 2345 aderit
2743 2289 2949 2342 fructus
2995 2285 3129 2356 spei,
3175 2283 3254 2338 vel
3287 2281 3543 2337 stabilitas
3596 2280 3738 2344 fidei,

2151 2385 2252 2444 nisi
2286 2385 2446 2442 fuerit
2474 2387 2710 2456 perfecta
2747 2378 2983 2436 charitas
3014 2375 3233 2442 Christi,
3265 2392 3382 2447 quae
3413 2383 3466 2430 et
3497 2363 3653 2428 fidem
3687 2379 3743 2429 ut

2152 2481 2360 2545 credat,
2395 2476 2618 2548 adjuvet
2644 2485 2697 2532 et
2725 2489 2875 2543 spem
2904 2467 3249 2544 spectationis
3280 2466 3608 2523 corroboret.
3640 2461 3744 2522 Cu-

2144 2576 2234 2647 jus
2261 2569 2566 2644 specialiter
2602 2567 2896 2624 secundnm
2926 2549 3240 2634 Apostolum
3271 2557 3550 2647 interdias
3577 2553 3744 2613 virtti-

2147 2637 2228 2748 tes.
2264 2655 2500 2746 traditur
2543 2659 2898 2733 principatus,
2943 2647 2999 2712 et
3043 2647 3218 2742 cultus
3260 2637 3443 2707 inanei
3488 2659 3740 2706 aeternus.

2217 2737 2338 2811 141.
2374 2756 2504 2810 Nam
2528 2729 2581 2808 et
2604 2729 2736 2806 fides
2759 2745 3012 2817 cessabit,
3039 2735 3163 2824 dum
3187 2737 3364 2824 futura
3387 2736 3504 2814 quat
3525 2729 3744 2798 credun-

2146 2841 2229 2904 tur
2253 2831 2595 2908 advenerim;
2629 2849 2684 2897 et
2711 2841 2835 2908 spes
2859 2815 3018 2893 linem
3050 2815 3432 2901 habebii,'duiii
3465 2833 3744 2890 beatitudi-

2143 2957 2267 3020 nem
2297 2953 2454 3014 quam
2484 2936 2706 3006 quisque
2728 2924 2897 2988 bonds
2922 2917 3261 3001 praestOlatu‘r
3291 2923 3576 2996 acceperit.
3609 2924 3732 2981 Sola

2143 3017 2376 3093 charitas
2406 3031 2458 3088 in
2476 3019 2733 3086 aeternum
2765 3017 3160 3098 pé'rSeverab’it,
3186 3023 3298 3092 ipsa
3323 3021 3434 3077 sola
3459 3020 3739 3088 utramque

2143 3127 2438 3202 perducens
2467 3124 2534 3181 ad
2562 3115 2833 3180 Christum
2861 3160 2877 3181 .
2930 3117 3043 3180 ipsa
3091 3099 3206 3171 sola
3234 3107 3431 3200 gaudio
3463 3111 3741 3183 perfruens

2063 3197 2113 3263 θ
2141 3215 2488 3293 sempiterno.

2223 3291 2434 3388 ,"‘A
2810 3291 3079 3388 xXxvn.

2215 3383 2334 3458 1η.
2369 3383 2511 3456 inier
2537 3391 2766 3451 antorem
2793 3402 2847 3450 et
2875 3385 3220 3456 dilectionem,
3251 3387 3364 3445 sive
3393 3383 3735 3456 Charitatem,

2143 3495 2244 3550 hOc
2271 3475 2476 3558 differt,
2508 3485 2654 3560 quod
2683 3500 2835 3540 amor
2863 3491 2920 3539 et
2957 3475 3169 3552 dilectio
3199 3480 3371 3535 media
3402 3483 3546 3540 sunt,
3578 3485 3634 3532 et
3673 3459 3740 3531 ad

2142 3579 2433 3655 utiumqtie
2481 3590 2685 3654 parata,
2721 3575 2882 3633 modo
2912 3567 2967 3631 in
2997 3573 3218 3638 bonum,
3251 3559 3412 3626 modo
3455 3569 3508 3622 in
3540 3557 3742 3623 malum

2141 3675 2448 3736 veituntur.
2480 3673 2726 3730 Charitas
2752 3677 2931 3725 autem
2972 3682 3080 3722 non
3109 3664 3209 3720 nisi
3239 3665 3290 3718 in
3322 3655 3556 3727 bonum;
3590 3650 3743 3738 cujus

2140 3772 2299 3850 etiam
2332 3763 2527 3824 nomen
2557 3779 2623 3846 eo
2654 3757 2818 3833 usque
2845 3758 3143 3823 extollitur,
3177 3755 3233 3810 ut
3262 3745 3376 3824 ipSe
3402 3753 3545 3808 Deus
3580 3737 3741 3824 108

2142 3845 2388 3921 Charitas
2415 3840 2731 3931 appelletur.
2776 3853 2871 3910 Illa
2906 3862 2989 3909 est
3040 3840 3454 3931 enim‘pe‘rfecta
3482 3847 3739 3913 charitas,

2141 3972 2260 4026 qu;e
2284 3929 2526 4008 inimicos
2553 3958 2609 4004 et
2634 3945 2898 4018 patienter
2917 3941 3166 4005 sustinet,
3189 3929 3241 3992 et
3264 3937 3490 4022 benigne
3510 3935 3742 3992 refovet.

524 4046 642 4106 i566
672 4047 811 4103 Ιηῑθτ
831 4045 1019 4101 Fidem
1040 4051 1093 4103 θῑ
1405 4043 1597 4100 (“Stati
1625 4055 1718 4112 Per
1739 4039 1896 4096 ﬁdem
1921 4054 2040 4109 [ω’
2143 4015 2243 4118 Qui
2292 4062 2419 4103 vero
2461 4045 2576 4098 hate
2608 4015 2714 4095 n—on
2765 4035 2896 4107 agit,
2927 4035 3087 4104 longe
3136 4046 3165 4084 a
3195 4015 3457 4116 citaritate
3495 4019 3741 4084 discedit.

448 4142 672 4201 sibilitas
695 4141 816 4197 boni
841 4142 1019 4211 operis
1043 4139 1339 4208 inchoatur,
1360 4149 1422 4194 "ex
1447 4153 1610 4207 opere
1632 4137 1743 4205 ipsa
1767 4135 1898 4191 fides
1919 4151 2040 4206 per-
2108 4196 2117 4217 υ
2147 4112 2274 4196 ἤθεα
2297 4137 2442 4194 enim
2479 4127 2688 4191 summa
2719 4129 2832 4186 sola
2862 4121 2986 4184 sunt
3013 4117 3174 4181 bon'a.
3210 4112 3340 4177 Nam
3368 4137 3397 4176 ει
3427 4117 3618 4192 quibus
3651 4120 3745 4177 ha.

450 4235 646 4290 llcltnr.
672 4234 816 4304 Opus
843 4234 987 4289 enim
1020 4232 1122 4289 fide
1154 4229 1500 4301 praevenitur,
1532 4230 1664 4286 ﬁdes
1697 4246 1761 4284 ex
1789 4228 2041 4299 cperibus
2108 4205 2117 4217 ’
2147 4235 2367 4294 bentur,
2401 4226 2583 4296 utique
2603 4221 2869 4279 veraciter
2897 4211 3182 4274 habentur.
3213 4213 3345 4270 Alia:
3367 4207 3495 4269 vero
3520 4205 3745 4268 virtutes

454 4333 878 4382 consummatur.
913 4325 1088 4394 Opera
1119 4332 1296 4380 autem
1343 4335 1467 4378 ante
1515 4321 1672 4378 fidem
1707 4321 2044 4392 nequaquam
2154 4321 2327 4381 media
2377 4322 2514 4378 bona
2559 4328 2704 4385 sunt,
2735 4323 2790 4372 et
2832 4327 2952 4386 qua:
2996 4303 3062 4368 ad
3107 4309 3387 4367 utilitatem
3419 4301 3639 4394 possunt
3676 4303 3747 4361 ab

453 4420 729 4492 prodesse,
764 4421 890 4491 quia
917 4419 1046 4474 nihil
1078 4421 1219 4475 valet
1247 4433 1276 4473 a
1319 4417 1459 4474 malo
1488 4415 1759 4473 declinare
1789 4427 1843 4472 et
1884 4432 2043 4489 agere
2149 4414 2418 4486 aliquibus
2478 4378 2701 4476 haberi,
2729 4415 2785 4464 et
2808 4378 2876 4462 ad
2905 4400 3225 4478 perniciem,
3268 4400 3313 4458 si
3350 4378 3432 4458 de
3465 4378 3548 4457 his
3588 4416 3745 4455 arro-

454 4512 593 4584 quod
626 4509 856 4582 pertinet
879 4511 945 4566 ad
973 4504 1199 4567 Salutem
1222 4509 1272 4566 ei
1301 4509 1391 4581 qui
1424 4513 1594 4580 ipsum
1618 4509 1805 4564 salutis
1831 4509 1913 4564 vel
1944 4524 2042 4564 ne-
2148 4517 2336 4584 gentes
2365 4504 2672 4561 tumuerint.

453 4614 543 4676 gat
590 4605 673 4658 vel
717 4603 890 4659 nescit
937 4613 1234 4658 auctorem.
1290 4601 1420 4657 item
1472 4601 1603 4655 lides
1633 4595 1748 4656 sine
1789 4599 2043 4671 operibus
2073 4563 2179 4654 Du
2223 4579 2345 4656 145.
2387 4599 2626 4666 Quatuor
2651 4584 2827 4651 alitem
2856 4601 2978 4647 sunt
3003 4583 3272 4662 diligenda
3301 4606 3315 4642 :
3349 4563 3488 4642 heus
3517 4577 3745 4651 scilicet,

455 4687 789 4766 nequaquam
835 4693 1073 4765 prodest,
1114 4693 1236 4764 quia
1270 4705 1376 4748 non
1409 4696 1585 4762 potest
1618 4707 1710 4761 per
1742 4689 1899 4747 fidem
1931 4692 2040 4746 Deo

458 4791 670 4862 placere
697 4784 786 4859 “qui
825 4781 989 4844 Deum
1017 4787 1312 4844 contemnit
1342 4786 1395 4841 in
1425 4793 1609 4856 opere.

532 4879 652 4937 i57.
695 4879 774 4937 Oli
799 4872 900 4935 il'oc
929 4877 1086 4935 etiam
1118 4877 1247 4935 fides
1280 4879 1395 4935 sine
1422 4872 1670 4949 operibus
1696 4887 1904 4931 mortua
1941 4886 2043 4942 est,

454 4975 602 5049 juxta
626 4973 914 5041 Jacobum;
942 4984 995 5030 et
1018 4986 1150 5044 Opus
1176 4983 1326 5029 extra
1350 4971 1505 5029 fidem
1527 4985 1750 5027 vacuum
1775 4979 1874 5037 est,
1904 4969 2048 5036 juxta

461 5062 702 5123 Pauluin.
749 5063 947 5121 Horum
976 5064 1116 5120 enim
1148 5064 1282 5120 alter
1314 5057 1433 5120 fidei
1463 5055 1720 5129 studium,
1751 5061 1891 5118 alter
1915 5054 2048 5132 Opus

461 5162 660 5217 laudat.
693 5158 889 5214 Pdulus
917 5155 1172 5228 praedicat
1199 5167 1322 5213 ante
1351 5156 1506 5211 fidem
1536 5157 1688 5228 107
1721 5154 1866 5208 nullo
1891 5154 2049 5209 modo

461 5268 580 5311 esse
608 5267 742 5323 opus
772 5252 992 5316 bonum,
1018 5249 1245 5305 Jacobus
1267 5257 1447 5304 narrat
1494 5249 1651 5303 fidem
1695 5246 1824 5302 nihil
1875 5248 2052 5302 valere

461 5349 578 5404 sine
617 5365 781 5416 Opere
812 5352 971 5405 bono.
1024 5352 1100 5403 Ac
1142 5364 1235 5418 per
1263 5348 1384 5415 hoc,
1410 5345 1565 5418 juxta
1596 5343 1854 5415 primum,
1889 5358 2052 5414 opera

431 5484 438 5490 .
465 5435 622 5496 fidem
645 5443 991 5521 praecedentia
1014 5441 1146 5498 nihil
1165 5449 1418 5512 prosunt;
1437 5441 1584 5510 juxta
1605 5430 1852 5503 alterum,
1874 5439 2055 5494 subse-

465 5536 678 5605 quentia
725 5538 942 5592 multum
977 5547 1218 5608 prosum.

541 5626 661 5684 158.
702 5630 929 5687 Jacobus
955 5632 1083 5687 dicit
1111 5650 1125 5686 :
1159 5629 1421 5684 Abraham
1453 5634 1596 5697 pater
1641 5636 1815 5681 noster
1842 5643 1907 5682 ea:
1936 5645 2055 5698 apes

545 5765 664 5825 156.
713 5771 1047 5840 Nequaquam
1102 5771 1337 5840 prodesse
1360 5813 1376 5837 ,
1423 5767 1782 5840 supplendum
1822 5777 2056 5840 possunt,

469 5847 564 5900 iiut
587 5837 816 5910 constat,
838 5837 1067 5913 nt'szepe
1094 5837 1288 5898 accidit
1323 5844 1375 5899 in
1397 5837 1652 5913 operibus
1683 5837 1894 5905 lsidori,
1929 5853 2064 5912 pras-

2153 4709 2315 4767 atque
2345 4693 2622 4764 proximus
2645 4727 2661 4756 ,
2697 4700 2832 4760 caro
2877 4692 3090 4753 nostra,
3147 4692 3309 4752 atque
3358 4678 3556 4734 anima.
3589 4666 3749 4732 Prior

2154 4765 2241 4849 est
2283 4783 2465 4844 autem
2497 4797 2648 4838 amor
2692 4777 2821 4842 Dei,
2853 4789 3081 4850 sequens
3118 4767 3244 4830 Vero
3285 4765 3366 4828 est
3403 4779 3456 4826 et
3497 4767 3747 4840 proximi.

2157 4865 2263 4943 Sed
2313 4874 2452 4938 sicut
2503 4873 2600 4949 per
2650 4869 2890 4930 amorem
2941 4863 3036 4926 Dei
3075 4883 3228 4923 amor
3273 4861 3331 4920 fit
3361 4861 3623 4936 proximi,
3673 4861 3752 4916 sic

2161 4991 2252 5048 per
2298 4985 2541 5028 amorem
2596 4964 2825 5039 proximi
2871 4979 3023 5038 amor
3093 4958 3393 5034 ostenditur
3444 4954 3560 5010 Dei.
3610 4952 3754 5008 Dile-

2160 5045 2266 5125 ctio
2299 5066 2355 5120 in
2403 5063 2572 5118 Deum
2613 5058 2764 5128 origo
2817 5064 2902 5112 est
2947 5051 3251 5109 dilectionis
3303 5047 3356 5103 in
3412 5045 3749 5118 proximum;

2159 5172 2214 5221 et
2239 5157 2456 5218 dilectio
2511 5156 2566 5210 in
2617 5151 2917 5228 proximum
2964 5145 3202 5218 cognitio
3249 5149 3333 5198 est
3362 5137 3662 5228 dilectionis
3698 5139 3750 5191 in

2161 5252 2347 5309 Deum.
2404 5248 2570 5304 Porro
2620 5221 2836 5299 dilectio
2886 5221 2978 5296 Dei
3028 5253 3056 5291 a
3108 5235 3298 5291 timore
3349 5221 3604 5296 inchoat,
3653 5228 3748 5284 Sed

2164 5360 2266 5400 non
2298 5341 2399 5398 sub
2426 5341 2620 5395 timore
2649 5339 2974 5406 perseverat.
3007 5329 3136 5384 Nam
3185 5327 3400 5382 dilectio
3446 5340 3510 5380 ex
3557 5311 3747 5377 timore

2161 5434 2368 5491 servilis
2409 5442 2492 5487 est
2520 5421 2666 5497 ,non
2713 5411 2899 5490 libera,
2942 5423 3063 5492 quia
3104 5436 3209 5476 non
3235 5409 3446 5476 constat
3472 5431 3535 5473 ex
3565 5430 3748 5471 amore

2166 5529 2282 5594 Dei,
2314 5526 2408 5583 sed
2436 5538 2504 5580 ex
2533 5523 2732 5577 timore
2761 5516 3025 5589 supplicii.

2237 5619 2364 5677 144.
2395 5616 2455 5672 in
2484 5615 2658 5670 tribus
2683 5622 2862 5666 autem
2892 5611 2973 5664 his
2998 5609 3157 5664 rebus
3179 5608 3399 5669 dilectio
3435 5602 3531 5661 Dei
3574 5601 3732 5673 expri

2168 5767 2359 5823 serum
2378 5756 2433 5814 in
2456 5754 2829 5830 Etymologiis.
2862 5751 3037 5812 ARBV.
