4056 6350
359 293 428 368 93

1529 292 2132 366 ntersnuurtihun
2170 297 2301 367 Lis.-
2341 311 2403 368 tt.

3557 324 3632 387 94

355 431 554 496 mitur,
587 436 646 484 ut
675 428 805 484 nihil
834 433 1109 484 remaneat
1131 427 1187 484 iit
1209 427 1422 484 numine
1441 428 1585 499 quod
1613 437 1719 484 nun
1744 429 1938 484 divinae
1965 433 2017 492 Α
2115 424 2240 485 150.
2274 428 2383 484 iioc
2410 430 2694 489 trimodum
2723 433 3073 505 philosophia
3099 435 3305 508 geuus,
3327 438 3484 511 juxta
3536 457 3632 501 ιι.

354 518 628 579 dilectioni
656 520 931 576 subdatur.
960 519 1092 575 Nam
1119 520 1244 575 dum
1275 519 1467 574 dicitur
1495 537 1506 572 :
1542 520 1736 592 Diliges
1776 519 1940 574 Deum

353 633 416 672 ea:
443 625 552 670 toto
579 615 736 670 corde
763 624 851 669 tuo
875 655 890 680 ,
922 627 1109 668 omnes
1138 613 1485 684 cogitationes
1517 613 1572 666 in
1598 611 1766 667 Deum
1797 611 1931 667 refe-

352 707 547 765 rendas
578 706 853 777 praecipit;
884 705 1012 761 dum
1041 713 1170 761 vero
1209 705 1438 770 dicitur,
1490 721 1554 759 ea:
1591 713 1698 759 tota
1740 707 1934 772 anima,

350 808 540 857 utnnes
564 799 875 858 aﬁectiones
893 801 1087 854 anima:
1109 799 1174 854 ad
1197 799 1364 854 Deum
1388 797 1575 854 referri
1593 798 1780 868 jussit;
1809 799 1934 855 dum

351 908 478 950 vero
504 893 724 965 adjecit,
755 909 820 946 ex
847 900 957 946 tota
981 899 1175 958 mente,
1208 891 1408 946 indicat
1432 906 1645 948 omnem
1671 890 1936 947 rationem

351 987 663 1052 humanam,
695 999 799 1054 qua
829 984 1170 1055 intelligimus
1200 994 1254 1038 et
1280 983 1660 1051 discernimu,
1693 983 1745 1039 in
1774 983 1936 1040 rebus

351 1079 547 1137 divinis
573 1095 696 1136 esse
723 1080 1107 1149 occupandam;

421 1193 544 1250 ΝΒ.
603 1193 735 1250 Item
792 1191 899 1249 'duo'
951 1191 1076 1248 sum
1132 1197 1256 1264 erga
1308 1191 1653 1247 dilectiOnem
1707 1191 1936 1262 proximi

349 1285 612 1341 servanda
643 1300 658 1338 :
698 1292 752 1338 ut
799 1284 915 1352 ipse
957 1284 1174 1352 praestet
1197 1283 1315 1341 aliis
1336 1287 1455 1354 qum
1483 1283 1584 1336 Sibi
1617 1284 1854 1352 praestari
1883 1290 1938 1338 et

346 1376 415 1431 ab
439 1375 557 1430 aliis
585 1375 720 1442 vult,
762 1383 818 1431 et
840 1391 960 1445 qua:
999 1374 1102 1428 sibi
1139 1373 1330 1430 inferri
1363 1375 1691 1444 pertimescit
1720 1390 1824 1430 non
1857 1375 1932 1430 in-

347 1467 502 1523 ferat.
533 1467 610 1523 lix
645 1468 743 1523 hac
769 1467 980 1538 gemina
1009 1467 1310 1522 dilectionis
1334 1470 1531 1524 virtute
1557 1469 1610 1524 in
1635 1470 1937 1539 proximum

345 1574 536 1614 omnes
579 1559 830 1614 oriuntur
871 1560 1117 1623 virtutes,
1161 1559 1357 1630 quibus
1387 1568 1482 1614 aut
1504 1561 1704 1616 utiliter
1733 1575 1796 1616 ea
1818 1578 1938 1630 quae

345 1658 469 1709 sunt
502 1652 804 1721 appetenda
835 1652 1100 1721 cupimus;
1123 1661 1214 1707 aut
1238 1666 1358 1722 qua:
1386 1651 1601 1708 vitanda
1632 1663 1756 1708 sunt
1798 1669 1936 1723 prte-

344 1759 616 1803 cavemus.

2045 521 2251 590 pientes
2300 524 2483 578 mundi
2513 526 2566 579 in
2597 527 2833 595 partibus
2861 529 2974 584 suis
2997 571 3012 594 ,
3044 531 3113 585 ita
3143 532 3515 604 distinguitur.
3541 537 3629 596 Ad

2043 613 2314 684 physicam
2342 618 2610 685 pertinere
2639 619 2790 673 aiunt
2812 619 3122 690 disciplinas
3145 633 3370 691 septem,
3397 641 3625 696 quarum

2041 706 2210 776 prima
2241 715 2323 762 est
2351 708 2713 778 arithmetica,
2735 711 2968 766 secunda
2997 714 3307 781 geometria,
3333 719 3484 773 tertia
3510 735 3630 778 mu-

2038 802 2168 871 sica,
2195 813 2382 873 quarta
2410 805 2756 871 astronomia,
2778 808 2962 875 quinta
2985 807 3293 879 astrologia,
3331 820 3493 868 sexta.
3506 828 3626 873 me-

2040 893 2290 961 chanica,
2321 895 2548 964 septima
2584 896 2865 952 medicina.
2905 897 3064 954 Ratio
3095 909 3274 956 autem
3311 905 3623 963 earumdem

2040 986 2440 1056 disciplinarum
2463 988 2716 1057 breviter,
2743 991 2841 1045 ista
2870 998 2972 1047 est.

2117 1102 2274 1174 ιιο
2301 1099 2424 1155 151.
2463 1102 2813 1159 Arithmetica
2856 1119 3086 1176 namque
3123 1114 3206 1162 est
3244 1108 3484 1166 definitio
3532 1124 3628 1179 per

2039 1213 2198 1268 quam
2232 1213 2573 1254 numerorum
2615 1201 2850 1255 omnium
2896 1204 3031 1259 ratio
3074 1204 3156 1258 vel
3193 1206 3326 1259 ordo
3363 1208 3624 1266 consistit.

2039 1293 2342 1348 Geometria
2373 1303 2457 1350 est
2486 1294 2768 1362 disciplina
2800 1299 3179 1365 magnitudinis
3206 1341 3222 1368 ,
3253 1308 3308 1354 et
3334 1301 3624 1368 ﬁgurarum

2039 1385 2179 1439 notis
2225 1385 2673 1453 lineamentisque
2705 1387 2930 1456 propriis
2961 1389 3247 1456 distincta,
3297 1391 3378 1447 vel
3419 1392 3621 1449 formis.

2040 1477 2186 1532 Dicta
2215 1487 2390 1534 autem
2413 1477 2716 1534 Ge'ometria
2739 1494 2767 1532 a
2793 1479 3128 1537 dimensione
3151 1491 3327 1551 terrae,
3351 1499 3446 1553 per
3464 1499 3625 1555 qttaut

2040 1570 2462 1639 uniuscujusque
2511 1571 2729 1625 termini
2775 1571 3035 1626 delineari
3085 1575 3279 1628 solent.
3333 1574 3481 1629 Hanc
3522 1577 3625 1646 ιιι-ιε

2039 1675 2186 1717 tuum
2214 1663 2453 1734 A'ngptii
2495 1663 2816 1718 invenerunt
2862 1678 2958 1733 pro
3002 1666 3324 1720 necessitate
3364 1669 3623 1723 termino.

2040 1771 2161 1810 rum
2197 1765 2376 1822 terrte,
2409 1771 2544 1827 quos
2565 1756 2716 1812 Nilus
2738 1757 3105 1812 inundationis
3128 1767 3368 1828 tempore
3395 1759 3619 1816 confun-

412 1859 539 1915 ιιδ.
582 1858 734 1927 Quod
761 1853 904 1915 cnim
931 1858 1186 1914 Dominus
1214 1859 1343 1915 dicit
1370 1873 1386 1914 :
1415 1859 1602 1914 Omnia
1624 1869 1923 1930 qur‘rcunqm

2043 1847 2222 1904 debat.
2255 1815 2454 1904 Musica
2479 1858 2562 1904 est
2585 1863 2676 1904 ars
2701 1847 3010 1918 spectabilis
3036 1864 3168 1904 voce
3195 1815 3277 1904 vel
3308 1862 3459 1920 gestu
3479 1894 3496 1918 ,
3527 1851 3624 1906 ha-

344 1951 494 2007 cttftit
544 1961 599 2005 ut
651 1951 844 2020 faciant
899 1952 1037 2004 vobis
1081 1951 1346 2019 homines,
1400 1960 1447 2006 et
1489 1955 1577 2006 vos
1618 1945 1770 2022 facile
1807 1951 1934 2016 illis,

347 2043 578 2112 pertinet
618 2043 684 2096 ad
731 2042 858 2097 boni
906 2041 1292 2111 impensionetn‘
1336 2043 1387 2098 in
1438 2044 1756 2114 proximum.
1803 2043 1934 2100 Item

343 2133 482 2204 qilod
513 2135 568 2189 in
601 2133 780 2188 Veteri
826 2133 1170 2190 Testamento
1199 2135 1392 2205 legitur
1430 2149 1445 2188 :
1491 2134 1644 2202 Quoa’
1691 2135 1782 2189 tibi
1833 2141 1935 2191 non

341 2228 448 2294 eis,
505 2227 660 2280 atteri
713 2239 779 2280 ne
834 2226 1055 2296 feceris,
1112 2215 1345 2296 pertinet
1397 2226 1463 2282 ad
1515 2228 1808 2282 cavendum
1865 2243 1934 2282 ne

341 2320 458 2391 quis
491 2319 691 2375 malum
723 2317 914 2373 inferat
942 2311 1203 2387 proximo.
1263 2318 1342 2373 Ex
1404 2318 1489 2374 bis
1538 2327 1668 2388 ergo
1721 2317 1930 2373 duobus

342 2415 580 2470 articulis
607 2413 842 2484 congrue
887 2413 1124 2484 diligitur
1180 2413 1478 2483 praximus,
1508 2411 1636 2467 dum
1675 2420 1729 2466 et
1765 2411 1930 2468 bene-

340 2508 441 2565 ficii
467 2507 804 2579 impensio‘ne'
842 2503 1072 2573 fovetur,
1102 2509 1158 2560 et
1187 2504 1330 2560 nulla
1359 2503 1559 2559 malitia
1585 2503 1815 2560 laeditur.

988 2604 1277 2677 kxxan

413 2723 570 2806 ιω
598 2721 721 2788 ιιι.
749 2721 890 2788 linter
917 2727 1181 2787 scientiam
1209 2739 1263 2787 et
1292 2725 1600 2802 sapientiam
1630 2723 1733 2788 hoc
1759 2731 1927 2786 inter-

336 2817 412 2881 est
438 2823 452 2880 ὲ
480 2817 700 2881 scientia
723 2825 789 2879 ad
811 2816 1131 2895 agnitionem
1157 2815 1406 2893 pertinet,
1425 2815 1682 2894 sapientia
1708 2816 1774 2877 ad
1797 2821 1926 2877 con-‘-

335 2907 755 2988 mummium.
807 2911 1040 2974 Scientia
1075 2904 1460 2987 temporalibus
1515 2911 1652 2971 bene
1706 2916 1915 2982 utitur,

333 2997 490 3080 itque
519 3012 572 3065 in
606 3003 837 3065 vitandis
885 3009 1062 3076 malis,
1111 3003 1205 3065 sed
1249 3005 1611 3079 intelligendis
1640 3009 1722 3064 vel
1759 3005 1921 3080 a‘ppeé

334 3096 509 3158 tendis
539 3095 697 3158 bbnis
724 3094 973 3158 versatur
1001 3120 1014 3155 :
1053 3097 1316 3173 Sapientia
1345 3112 1521 3159 autem
1554 3099 1919 3158 tantummod'd

331 3189 532 3270 Eterna
563 3189 978 3266 contemplatur.
1041 3196 1171 3251 Item
1224 3195 1460 3252 nonnulli
1511 3191 1612 3252 vi'ri
1664 3198 1803 3252 inter
1833 3195 1917 3252 εδ.

2040 1939 2173 1994 bens
2203 1940 2255 1994 in
2279 1955 2340 1994 se
2368 1955 2712 1995 numerorum
2740 1957 2805 1994 ac
2839 1941 2962 1996 soni
2999 1951 3201 1996 certam
3230 1941 3622 1999 dimensioan

2038 2045 2160 2084 cum
2188 2031 2414 2086 scientia
2445 2031 2693 2100 perfectae
2721 2030 3124 2087 modulationis.
3160 2033 3285 2088 iiazc
3316 2044 3528 2090 constat
3555 2050 3624 2092 ex

2039 2122 2208 2178 tribus
2241 2121 2436 2188 modis,
2464 2123 2516 2176 id
2545 2132 2626 2178 est
2653 2138 2808 2189 sono,
2842 2123 3020 2178 verbis
3049 2135 3102 2179 et
3132 2127 3390 2182 numeris.

2109 2245 2230 2300 152.
2274 2247 2610 2302 Astronomia
2640 2256 2724 2302 est
2752 2247 2841 2302 lex
2879 2255 3170 2303 astrorum.
3204 2247 3506 2321 AstrOIOgia
3535 2257 3619 2306 est

2033 2340 2172 2395 ratio
2197 2356 2314 2412 quae
2342 2340 2750 2397 conversionem
2774 2342 2895 2397 caeli
2919 2350 2973 2397 et
2991 2343 3266 2413 signorum
3292 2341 3500 2410 deﬁnit,
3530 2358 3622 2411 po-

2034 2443 2362 2505 testateSque
2386 2444 2440 2490 et
2468 2444 2619 2491 ortus
2645 2434 2879 2491 siderum
2906 2478 2921 2505 ,
2954 2443 3011 2491 et
3047 2448 3293 2490 occasus.
3327 2436 3472 2490 Hane
3501 2449 3620 2489 ma-

2033 2528 2305 2583 thematici
2337 2527 2658 2598 sequuntur.
2692 2529 2997 2585 Mecbanica
3024 2537 3108 2583 est
3132 2529 3372 2597 quaedam
3405 2526 3618 2597 peritia,

2035 2621 2115 2676 vel
2145 2619 2431 2688 doctrina,
2483 2618 2550 2674 ad
2583 2634 2742 2690 quam
2790 2621 3056 2676 subtiliter
3104 2619 3333 2675 fabricas
3379 2620 3617 2674 omnium

2027 2727 2205 2768 rerum
2234 2723 2560 2767 concurrere
2584 2711 2790 2766 dicunt.
2815 2711 3078 2767 Medicina
3097 2717 3180 2767 est
3209 2710 3434 2766 scientia
3460 2725 3620 2765 cura-

2027 2804 2254 2870 tionum,-
2279 2803 2348 2859 ad
2378 2811 2860 2873 temperamentum
2883 2803 3144 2872 corporis,
3170 2803 3256 2858 vel
3285 2803 3508 2857 salutem
3538 2802 3620 2858 in-

2027 2905 2204 2952 venta;
2223 2897 2264 2951 E
2279 2896 2474 2968 quibus
2487 2894 2703 2966 quidem
2721 2895 2968 2950 omnibus
2982 2893 3224 2964 quidam
3239 2895 3480 2963 religioni
3495 2907 3621 2948 con-

2025 2991 2277 3058 veniunt;
2311 2990 2557 3060 quadam
2587 3002 2715 3045 vero
2746 2988 2906 3059 longe
2940 2987 3116 3043 modis
3153 2984 3404 3042 omnibus
3443 2984 3618 3041 aliena

2021 3091 2164 3138 sunt.

2097 3209 2480 3285 153.1Digestis
2506 3208 2816 3278 generibus,
2863 3207 2978 3261 sive
3015 3204 3332 3261 differentiis
3379 3202 3616 3274 physicae

330 3281 587 3360 pientiaiii
615 3282 668 3344 et
698 3283 1036 3374 prudentiam
1087 3281 1309 3356 intelligi
1354 3289 1676 3374 Voluerunt,
1727 3281 1783 3342 ut
1832 3303 1919 3343 sa-

2027 3301 2172 3367 artis,
2201 3283 2340 3355 nunc
2369 3310 2547 3370 partes
2573 3299 2772 3369 Iogices
2793 3309 3171 3374 exsequamur.
3192 3295 3415 3352 Constat
3435 3303 3613 3350 autem

329 3375 586 3453 pientia'rif
617 3379 672 3436 in
699 3379 915 3447 divinis,
947 3371 1288 3452 prildéhtiam
1313 3379 1492 3436 autem
1527 3371 1609 3435 vel
1639 3375 1917 3436 Scietitiam'

329 3473 383 3528 iii
428 3470 662 3526 hominis
706 3464 932 3540 negotiis
980 3463 1261 3542 pdiierent;
1320 3471 1560 3528 Perfecta
1611 3469 1790 3528 autem
1836 3471 1920 3529 est

331 3564 556 3618 scicntia
585 3563 752 3618 multa
804 3579 963 3634 agere
993 3564 1133 3618 bona
1159 3603 1175 3629 ,
1207 3575 1261 3618 et
1290 3563 1355 3618 de
1385 3564 1487 3619 illis
1515 3561 1725 3620 laudem
1748 3555 1917 3621 terre4

328 3670 447 3710 nam
481 3667 590 3709 non
619 3669 862 3724 quarere
887 3669 1010 3726 quae
1032 3655 1174 3710 Deus
1205 3658 1459 3726 pracepit
1482 3659 1682 3723 facere,
1712 3655 1768 3713 et
1795 3670 1914 3713 ser-

330 3761 453 3803 vum
476 3747 722 3802 inutilem
747 3757 873 3802 ante
899 3747 1084 3802 oculos
1111 3747 1203 3803 Dei
1233 3749 1294 3804 "se
1321 3747 1648 3805 existimare.

995 3879 1237 3937 XXXIX.

395 3949 694 4056 ἱιεείιλιοτ
708 3947 1011 4056 ὲᾴρέεὶιιιαήι
1027 3982 1080 4028 et
1099 3967 1440 4046 eloquentiam
1461 3969 1533 4028 ita
1554 3971 1907 4047 distinguunt:

329 4049 467 4137 quod
498 4049 804 4134 eloquentia
828 4076 1040 4121 constat
1087 4082 1154 4122 ex
1203 4066 1403 4122 verbis.
1437 4058 1765 4136 Sapientiam
1797 4069 1914 4123 sine

327 4156 626 4236 eloquentia
652 4154 911 4228 prodesse
934 4174 1039 4213 non
1065 4147 1146 4212 est
1175 4157 1418 4216 dubium.
1453 4149 1767 4229 El0quentia
1798 4161 1914 4216 sine

325 4244 586 4324 sﬁple'htia
632 4245 810 4309 valere
851 4267 957 4308 non
1002 4251 1198 4322 potest.
1228 4245 1414 4309 Melior
1457 4253 1598 4309 enim
1634 4263 1719 4309 cst
1745 4250 1913 4311 indis-

326 4337 470 4401 creta
503 4344 788 4416 prudentia
815 4343 974 4416 quani
999 4345 1161 4400 stulta
1193 4341 1504 4416 loquacitas.
1536 4345 1737 4402 Rerum
1765 4349 1907 4404 enim

326 4432 498 4493 studia
528 4435 768 4508 prosunt,
792 4433 898 4493 nb'li
927 4428 1239 4494 urnaf’nehta
1263 4433 1569 4494 verberum.
1596 4439 1911 4510 Eloquentia

326 4529 487 4592 enim,
517 4537 576 4582 ut
604 4528 835 4583 diximus
863 4571 877 4595 ,
919 4528 1144 4583 scientia
1185 4536 1269 4583 est
1300 4530 1618 4596 verborum;
1651 4528 1909 4602 sapientia

325 4629 520 4686 autem,
549 4619 785 4690 cognitio
809 4634 992 4674 rerum
1019 4631 1074 4674 et
1098 4619 1399 4676 intellectus
1423 4635 1726 4679 causarum.

397 4729 519 4788 149.
551 4731 722 4789 Porrd
751 4732 1068 4802 Sapientiam
1106 4741 1316 4790 veteres
1365 4735 1755 4806 philosophiam
1811 4745 1907 4794 vo-

323 4819 600 4892 caverunt,
631 4821 684 4880 id
714 4829 797 4880 eSt
841 4823 1077 4882 animum
1126 4831 1306 4882 rerum
1340 4827 1697 4885 humanarum
1749 4840 1910 4900 atque

322 4911 627 4975 divinarif'ni
653 4919 954 4976 scientiam.
1005 4919 1176 4991 Hujus
1206 4921 1560 4991 philoSophite
1590 4931 1768 4993 partes
1799 4933 1908 4981 tres

321 5027 439 5070 esse
463 5003 734 5080 disertim,
779 5003 833 5068 id
861 5017 966 5080 est,
999 5011 1278 5085 physicam
1304 5059 1321 5084 ,
1351 5015 1576 5086 lcgicam
1607 5060 1621 5082 ,
1651 5019 1902 5076 etliica'm.

320 5103 571 5179 Physica,
603 5100 862 5161 naturalis
893 5101 1007 5175 é'st;
1036 5103 1248 5182 Ethice,
1281 5109 1531 5176 moralis;
1565 5107 1784 5182 Logica,
1819 5129 1905 5168 ra—

323 5194 555 5250 tionalis.
591 5194 790 5250 Harum
818 5196 988 5266 prima
1025 5207 1228 5252 natura:
1257 5209 1309 5253 et
1343 5202 1787 5270 contemplationi
1819 5219 1906 5260 re-

321 5299 438 5342 rum
479 5287 796 5358 deputatur,
845 5289 1087 5345 secunda
1137 5291 1186 5344 in
1231 5290 1442 5346 actione
1494 5301 1550 5347 et
1595 5293 1903 5364 cognitione

321 5389 466 5435 recte
500 5377 720 5435 vivendi
739 5390 1021 5448 venatur;
1064 5383 1217 5438 tertia
1249 5384 1302 5438 in
1332 5382 1686 5440 discernendo
1717 5401 1900 5442 verum

315 5484 347 5525 a
377 5468 507 5527 falso
534 5474 769 5543 ponitur.

387 5682 517 5738 μϐ.
548 5681 726 5755 Yeaba
752 5684 939 5740 Tobiae
967 5685 1020 5740 in
1050 5685 1273 5754 Vulgata
1315 5687 1429 5743 lnec
1472 5697 1596 5744 sunt
1623 5705 1638 5742 :
1666 5689 1812 5755 Quod
1838 5688 1902 5742 ab

309 5753 418 5834 alio
444 5753 610 5834 oderis
631 5755 742 5834 ﬁeri
772 5756 882 5819 tibi,
905 5757 1018 5834 vide
1047 5774 1110 5811 ne
1159 5768 1213 5812 tu
1238 5759 1516 5833 aliquando
1544 5753 1898 5834 afterivfact'as.

308 5826 594 5886 Sententia
619 5830 808 5886 eadem
831 5835 937 5886 est.
968 5832 1139 5888 Ansv.

2019 3408 2084 3449 ex
2117 3394 2394 3449 dialectica
2440 3402 2497 3448 et
2543 3392 2833 3472 rhetorica.
2867 3391 3158 3446 Dialectica
3199 3398 3282 3444 est
3332 3388 3470 3444 ratio
3499 3389 3614 3444 sive

2019 3487 2198 3556 regula
2226 3486 2551 3556 disputandi,
2573 3483 2900 3541 intellectum
2924 3485 3116 3540 mentis
3139 3499 3359 3552 acuens,
3378 3496 3612 3552 veraque

2019 3593 2049 3633 a
2072 3578 2225 3634 falsis
2253 3578 2605 3648 distinguens.
2626 3575 2912 3630 Rhetorica
2935 3585 3018 3630 est
3045 3576 3179 3630 ratio
3200 3575 3432 3650 dicendi,
3453 3575 3615 3644 juris-

2021 3672 2310 3740 peritorum
2337 3665 2586 3733 scientia,
2610 3683 2767 3737 quam
2795 3679 3040 3723 oratores
3061 3681 3380 3739 sequuntur.
3399 3668 3526 3740 liae,
3553 3661 3611 3723 ut

2016 3763 2231 3843 quidam
2266 3761 2341 3816 ait
2422 3763 2551 3816 sicut
2590 3761 2779 3815 ferrum
2819 3776 3007 3834 veneno
3034 3797 3051 3823 ,
3089 3760 3340 3813 sententia
3378 3768 3612 3812 armatur

2015 3854 2237 3925 eloquio.

2090 3978 2215 4035 154;
2259 3977 2384 4036 Post
2406 3978 2631 4050 IOgicam
2661 3973 2903 4047 seijuitur
2934 3975 3132 4043 etltica,
3157 3983 3276 4044 quae
3301 3974 3368 4029 ad
3401 3970 3610 4029 institu-

2017 4072 2214 4127 tionem
2251 4073 2480 4142 pertinet
2509 4083 2743 4126 morum:
2771 4069 2896 4125 Haec
2926 4068 3067 4125 enim
3095 4067 3234 4124 bene
3257 4067 3467 4122 vivendi
3499 4079 3610 4123 tua;

2016 4163 2182 4234 gistra
2211 4171 2318 4229 est,
2348 4162 2714 4233 dividiturque
2746 4162 2798 4216 in
2827 4167 3056 4231 quatuor
3094 4155 3418 4229 principales
3440 4163 3610 4213 virtus

2022 4264 2142 4308 tes:
2175 4253 2540 4322 prudentiam,
2578 4251 2802 4316 scilicet,
2836 4259 2995 4319 atque
3020 4247 3313 4319 justitiam,
3345 4245 3610 4303 fortitudi-

2017 4358 2141 4399 nem
2170 4385 2186 4410 ,
2218 4354 2272 4400 et
2302 4344 2730 4412 temperantiam.
2782 4341 3070 4397 Prudentia
3117 4349 3199 4396 est
3227 4341 3428 4411 agnitio
3461 4339 3607 4396 Versa

2016 4437 2162 4506 ﬁdei,
2195 4447 2248 4494 et
2279 4433 2498 4492 selentla
2529 4436 2964 4506 Scripturarum,
2999 4434 3054 4489 in
3078 4449 3182 4503 qua
3215 4433 3414 4488 intueri
3446 4439 3607 4503 opdré

2017 4543 2094 4589 tet
2123 4533 2250 4588 illud
2283 4531 2569 4588 trimodum
2602 4530 2971 4600 intelligentiae
2992 4545 3184 4599 genus.
3231 4528 3468 4596 Quorum
3501 4527 3609 4598 prl-

2016 4637 2160 4682 mum
2189 4637 2271 4682 est
2302 4640 2397 4695 per
2425 4624 2566 4695 quod
2593 4623 2838 4693 quaedam
2870 4622 3211 4692 accipiuntur
3254 4621 3606 4676 historialiter

2013 4719 2129 4773 sine
2154 4717 2259 4772 ulla
2287 4718 2480 4787 ﬁgura,
2513 4725 2570 4771 ut
2595 4725 2721 4770 sunt
2745 4715 2930 4770 decem
2964 4723 3232 4784 prmcepta
3253 4731 3273 4780 «ς
3307 4713 3604 4768 secundum

2013 4821 2095 4867 est
2125 4827 2218 4882 per
2244 4813 2388 4882 quod
2431 4810 2677 4880 quaedam
2728 4809 2782 4863 in
2827 4807 3126 4876 Scripturis
3175 4807 3439 4876 permixto
3481 4804 3604 4873 jure

2011 4905 2367 4975 accipiuntur,
2402 4912 2509 4959 tam
2540 4901 2837 4958 secundum
2873 4901 3030 4956 linem
3077 4915 3256 4955 rerum
3289 4907 3557 4968 gestarum
3581 4935 3598 4962 ,

2011 5011 2170 5068 quam
2199 4998 2362 5052 etiam
2396 4996 2548 5065 juxta
2595 4995 2888 5065 ﬁgurarum
2935 4992 3301 5056 intellectum,
3349 4989 3485 5043 sicut
3533 4987 3603 5042 de

2012 5089 2142 5146 Sara
2167 5097 2222 5144 et
2243 5091 2404 5159 Agar.
2429 5082 2486 5142 Ρί
2503 5089 2668 5143 imum
2693 5086 2836 5156 quod
2861 5102 2985 5142 vere
3007 5086 3224 5149 fuerint,
3244 5081 3436 5137 dehinc
3456 5081 3600 5150 quod

2009 5182 2214 5250 tropice
2239 5180 2346 5236 duo
2377 5181 2718 5236 Testamenta
2751 5180 3060 5248 figurentur.

2078 5279 2207 5350 153.
2251 5294 2490 5350 Tertium
2521 5307 2689 5364 genus
2733 5301 2814 5348 est
2859 5291 2997 5361 quod
3021 5297 3222 5342 tantum
3250 5286 3601 5356 spiritualiter

2008 5389 2288 5460 accipitur,
2321 5388 2460 5444 sicut
2484 5389 2551 5444 de
2579 5386 2814 5442 Canticis
2837 5384 3188 5439 canticorum.
3219 5381 3351 5448 Quae
3373 5380 3419 5436 si
3446 5381 3597 5450 juxta

2006 5498 2197 5539 sonum
2227 5483 2512 5538 verborum
2547 5485 2700 5554 ιιι
2730 5481 2808 5535 vel
2848 5475 3188 5534 efficientiam
3241 5475 3419 5546 operis
3461 5488 3599 5530 sen-

2086 5687 2208 5743 150.
2275 5689 2351 5743 De
2404 5685 2758 5747 arithmetica,
2813 5682 3136 5753 geometria,
3194 5683 3418 5746 musica,
3457 5689 3587 5753 ειε,9

2013 5759 2229 5814 uberius
2253 5761 2488 5814 Isidorus
2515 5756 2621 5824 agit
2671 5754 2722 5808 in
2771 5751 2922 5809 libris
2980 5754 3460 5824 Etyntologial'um,
3497 5751 3587 5809 ubi

2014 5835 2326 5902 opportuna:
2355 5837 2496 5884 nutae
2520 5824 2634 5883 suis
2656 5825 2786 5884 locis
2817 5826 3160 5884 adhibentur.
3193 5825 3367 5880 Ansv.

3633 5901 3671 5935 β
