4056 6350
362 285 431 343 95
925 221 930 225 '
1404 271 1464 329 S.
1504 266 1755 327 ISIDOBI
1793 264 1978 323 11181³1

2080 261 2236 319 iNSlS
2279 258 2583 318 EPISCOPI
3573 265 3646 325 οδ

364 413 581 474 tiantur,
607 402 903 475 corporalis
943 399 1114 472 magis
1154 396 1361 454 luxuria
1389 408 1550 466 quam
1571 392 1744 446 virtus
1773 402 1952 451 sacra-
1976 388 2030 447 Α
2061 385 2336 456 temporis,
2355 394 2636 455 antequam
2664 384 2788 455 quid
2809 386 3041 452 eveniat,
3074 396 3249 444 metus
3275 401 3327 444 et
3356 390 3641 462 cupiditas;

366 510 669 560 mentorum
699 496 977 566 accipitur.

438 616 559 671 156.
596 611 826 668 Definito
854 609 1153 681 prudentiae
1180 620 1394 677 genere,
1427 618 1565 659 nunc
1598 609 1778 673 partes
1798 599 1956 670 justi-

367 709 457 764 tiae
484 706 854 775 subjiciamus,
885 701 1037 773 cujus
1067 699 1292 770 primum
1321 705 1404 751 est
1432 696 1598 751 Deum
1630 694 1837 758 timere,
1872 706 1957 748 re-

371 800 623 871 ligionem
657 797 935 861 venerari,
968 797 1227 850 honorem
1258 792 1456 848 referre
1487 787 1829 859 parentibus,
1869 801 1958 855 pa-

373 895 526 948 triam
549 893 790 964 diligere,
812 890 1017 946 cunctis
1041 887 1312 957 prodesse,
1333 900 1525 941 nocere
1548 884 1701 949 nulli,
1727 882 1957 939 fraterna

372 985 650 1040 charitatis
679 982 889 1037 vincula
913 978 1183 1050 amplecti,
1208 978 1439 1048 pericula
1468 977 1639 1031 aliena
1662 975 1956 1045 suscipere,

373 1091 528 1145 opem
561 1076 700 1130 ferre
727 1073 935 1129 miseris
963 1114 977 1137 ,
1026 1071 1149 1125 boni
1180 1068 1388 1139 accepti
1414 1066 1842 1123 vicissitudinem
1876 1083 1961 1123 re-

375 1164 625 1234 pendere,
659 1163 958 1232 :equitatem
982 1161 1035 1215 in
1054 1159 1271 1231 iudiciis
1297 1172 1643 1213 conservare.

450 1277 572 1333 157.
609 1276 886 1334 Fortitudo
914 1286 997 1330 est
1021 1274 1187 1329 animi
1217 1273 1555 1344 magnitudo,
1599 1281 1759 1341 atque
1795 1272 1962 1341 gloria

380 1370 581 1425 bellica:
614 1370 841 1435 virtutis,
873 1376 1213 1437 contemptus
1243 1367 1505 1421 bonorum
1549 1374 1602 1419 et
1637 1364 1963 1421 divitiarum.

379 1458 505 1514 llaec
526 1459 763 1515 adversis
786 1467 877 1513 aut
906 1457 1172 1528 patienter
1196 1455 1357 1521 cedit,
1384 1464 1474 1510 aut
1500 1455 1711 1510 fortiter
1742 1456 1964 1524 resistit,

380 1551 536 1606 nullis
558 1550 830 1606 emollitur
853 1547 1141 1617 illecebris,
1164 1547 1403 1604 adversis
1425 1564 1532 1603 non
1556 1549 1832 1620 frangitur,
1862 1564 1968 1603 non

379 1643 619 1701 elevatur
657 1641 942 1706 secundis,
973 1641 1168 1696 invicta
1211 1651 1291 1695 est
1315 1640 1381 1694 ad
1413 1640 1657 1708 labores,
1702 1640 1856 1695 fortis
1901 1640 1968 1695 ad

382 1734 652 1804 pericula,
685 1733 964 1799 pecuniam
993 1732 1233 1803 negligit,
1267 1731 1544 1787 avaritiam
1570 1731 1735 1801 fugit,
1782 1743 1967 1788 contra

2058 476 2158 532 alia
2202 477 2309 533 duo
2358 478 2631 548 praeteriti,
2682 492 2805 533 cum
2846 477 2971 548 quid
2998 479 3275 546 acciderit,
3316 480 3646 551 gaudium“

2060 570 2234 627 dolor.

2135 684 2257 741 161.
2288 684 2422 739 Octo
2441 691 2760 739 suutautem
2782 683 3039 753 perfecta,
3061 684 3147 741 vel
3167 686 3477 757 principalia
3496 678 3659 763 vitia,

2063 793 2179 849 qua:
2196 791 2357 832 omne
2372 792 2539 847 genus
2562 777 2852 831 humanum
2874 777 3189 847 inquietant,
3206 793 3269 833 ex
3294 779 3488 849 quibus
3509 781 3654 839 vitio-

2064 870 2182 924 ru'ln
2206 868 2358 923 turba
2381 866 2619 923 exoritur
2640 867 2876 937 copiosa,
2896 866 2948 921 id
2967 877 3051 923 est
3071 883 3083 920 :
3108 870 3245 938 gula:
3267 872 3654 941 concupiscen-

2066 961 2157 1027 tia,
2183 959 2462 1015 fornicatio
2482 999 2499 1024 ,
2529 958 2787 1025 avaritia,
2819 958 3047 1026 invidia,
3075 960 3307 1027 tristitia,
3339 962 3446 1030 ira,
3479 963 3653 1022 inanis

2064 1055 2250 1128 gloria,
2266 1053 2555 1111 novissima
2571 1054 2677 1109 dux
2700 1054 2815 1124 ipsa
2836 1063 2889 1110 et
2908 1053 3099 1110 harum
3115 1055 3264 1111 radix
3277 1058 3548 1127 superbia.
3567 1057 3656 1113 Ex

2066 1149 2259 1219 quibus
2283 1148 2535 1203 omnibus
2556 1146 2663 1202 duo
2685 1156 2810 1203 sunt
2831 1146 3087 1215 carnalia,
3106 1147 3387 1205 foruicatio
3407 1158 3462 1205 et
3482 1150 3658 1221 inglu-

2068 1242 2178 1298 vies
2198 1242 2430 1307 ventris;
2454 1239 2657 1310 reliqua
2682 1238 2999 1309 spiritualia.

2140 1354 2263 1410 162.
2306 1355 2436 1422 Qum
2474 1352 2689 1424 quidem
2727 1353 2781 1408 in
2822 1351 3078 1408 membris
3117 1352 3227 1407 suis
3268 1352 3446 1409 taliter
3472 1354 3659 1411 distin-

2072 1457 2320 1518 guuntur.
2349 1445 2500 1501 Gula}
2519 1445 2953 1515 concupiscentia
2987 1446 3041 1501 in
3069 1446 3303 1517 quinque
3328 1446 3502 1503 modis
3541 1448 3657 1503 dis-

2074 1539 2365 1607 tinguitur:
2400 1538 2573 1607 primo
2626 1537 2817 1605 modo,
2851 1537 2897 1593 si
2927 1545 3051 1593 ante
3102 1546 3313 1607 tempus
3348 1536 3496 1592 cibos
3541 1538 3664 1609 quis

2074 1640 2309 1701 appetat,
2340 1630 2477 1687 sicut
2504 1630 2769 1685 Jonathan
2801 1638 2958 1700 gustu
2994 1629 3167 1685 mellis
3190 1630 3449 1699 jejunium
3481 1630 3660 1687 solvit.

2078 1722 2327 1778 Secundo
2350 1722 2530 1787 modo,
2561 1723 2604 1777 si
2637 1722 2891 1778 lautiores
2915 1736 3068 1779 escas
3092 1730 3315 1793 quaerat,
3339 1724 3479 1779 sicut
3500 1738 3665 1793 popu-

383 1824 658 1895 itnprobos
685 1824 921 1879 animum
970 1824 1037 1879 ad
1080 1823 1313 1893 pericula
1367 1832 1629 1893 praeparat
1652 1865 1669 1893 ,
1713 1824 1973 1881 molestiis
2003 1786 2052 1847 Β
2080 1814 2185 1882 lus.
2212 1816 2379 1871 eremi
2409 1830 2601 1870 manna
2627 1825 2957 1885 contemplo.
2990 1830 3181 1871 carnes
3210 1815 3491 1887 ΑΕΒΥΡιίκε
3538 1831 3667 1872 σου·

382 1916 546 1973 nullis
566 1916 731 1983 cedit,
760 1917 940 1986 gloria:
967 1924 1119 1972 cavet
1147 1916 1433 1986 appetitus.

455 2028 581 2085 158.
624 2030 998 2101 Temperantia
1036 2038 1119 2085 est
1150 2030 1342 2085 modus
1384 2028 1506 2085 vitae
1535 2030 1589 2084 in
1637 2028 1783 2084 omni
1810 2029 1977 2085 verbo

389 2126 472 2183 vel
495 2139 681 2196 opere.
706 2124 835 2180 Hazc
859 2123 1194 2179 verecundiae
1216 2136 1400 2178 comes
1421 2130 1524 2193 est,
1555 2122 1869 2177 humilitatis
1892 2136 1979 2177 re-

390 2218 570 2290 gulam
596 2214 867 2281 custodit,
901 2212 1343 2285 tranquillitatem
1372 2213 1535 2268 animi
1566 2222 1778 2279 servat,
1806 2212 1981 2267 conti-

389 2310 623 2366 nentiam
653 2316 707 2364 et
727 2308 1028 2363 castitatem
1054 2308 1416 2377 amplectitur,
1444 2308 1589 2363 fovet
1618 2307 1782 2363 decus
1804 2317 1858 2363 et
1880 2307 1979 2362 ho-

391 2410 676 2467 nestatem,
704 2398 978 2470 restringit
1006 2400 1216 2455 ratione
1245 2400 1563 2470 appetitum,
1588 2400 1725 2454 iram
1747 2400 1979 2469 compri-

392 2494 511 2559 mit,
545 2506 643 2547 nec
671 2490 920 2561 rependit
943 2491 1343 2546 contumeliam.
1378 2491 1484 2548 Sed
1506 2507 1570 2547 ex
1596 2493 1677 2546 his
1699 2492 1978 2560 prudentia

392 2586 662 2658 agnitione
681 2584 794 2640 veri
824 2584 1145 2651 delectatur,
1172 2583 1379 2654 justitia
1417 2584 1759 2641 dilectionem
1801 2586 1899 2641 Dei
1926 2595 1983 2641 et

392 2678 621 2749 proximi
649 2684 867 2743 servat,
899 2675 1158 2731 fortitudo
1190 2677 1296 2730 vim
1322 2677 1532 2732 virtutis
1557 2677 1719 2732 habet
1755 2687 1980 2734 metum-

390 2783 497 2839 que
524 2768 713 2824 mortis
736 2768 1053 2833 contemnit,
1090 2770 1441 2838 temperantia
1462 2768 1773 2825 affectiones
1801 2772 1980 2826 carnis

394 2863 723 2932 moderatur,
755 2870 813 2919 et
839 2862 1123 2934 restinguit
1152 2863 1466 2934 appetitum.
1519 2863 1693 2918 Prima
1724 2864 1899 2919 credit
1926 2871 1981 2919 et

390 2956 673 3029 intelligit,
702 2956 938 3012 secunda
962 2956 1136 3026 diligit
1164 3001 1180 3026 ,
1215 2958 1367 3013 tertia
1399 2957 1694 3026 appetitum
1724 2958 1979 3027 cohibet,

393 3057 580 3119 quarta
605 3047 821 3104 modum
850 3048 1094 3118 imponit.

1129 3162 1242 3217 XL.

656 3273 735 3329 De
765 3274 1180 3330 distinctionibus
1208 3282 1430 3345 quatuor
1458 3277 1720 3335 vitiorum.

468 3389 592 3447 159.
631 3389 831 3447 Contra
863 3391 978 3447 haec
1007 3402 1182 3448 tamen
1210 3402 1440 3463 quatuor
1467 3394 1729 3450 virtutum
1760 3410 1980 3466 genera,

395 3483 613 3538 totidem
647 3484 770 3538 vitia
806 3484 1107 3555 philosophi
1135 3485 1376 3555 opposita
1406 3486 1591 3543 dicunt
1617 3506 1630 3542 :
1664 3500 1863 3545 metum
1885 3533 1899 3555 ,
1930 3500 1985 3547 et

391 3575 641 3644 gaudiutu
670 3618 684 3641 ,
720 3574 1066 3642 cupiditatem
1094 3618 1109 3642 ,
1138 3584 1192 3631 et
1214 3577 1456 3633 dolorem
1483 3595 1498 3644 ;
1532 3594 1630 3634 nos
1660 3591 1839 3636 autem
1865 3581 1982 3637 hsce

390 3664 505 3737 ipsa
532 3681 635 3721 non
667 3666 907 3736 perfeCta
939 3666 1063 3721 vitia
1089 3708 1104 3733 ,
1136 3667 1234 3723 sed
1266 3668 1445 3723 media
1473 3685 1843 3741 nuncupamus
1868 3715 1883 3739 ,
1916 3689 1982 3730 eo

393 3756 533 3828 quod
564 3767 781 3827 propter
806 3756 1170 3813 diversitatem
1205 3774 1415 3815 tuorum
1457 3759 1523 3815 ad
1557 3769 1841 3834 utrumque
1890 3780 1984 3834 pa-

394 3855 508 3901 rata
535 3856 697 3914 sunt,
729 3856 785 3902 et
811 3847 974 3903 modo
1003 3848 1069 3902 ad
1100 3849 1322 3915 bonum,
1353 3851 1512 3907 modo
1532 3854 1598 3908 ad
1629 3855 1853 3924 malum,
1887 3872 1985 3927 pro

394 3937 603 3994 arbitrii
631 3938 928 4004 voluntate,
945 3947 1243 3995 vertuntur.
1268 3941 1357 3996 Sic
1383 3943 1523 3998 enim
1552 3947 1820 4001 nonnullae
1844 3950 1985 4006 male

398 4043 508 4084 usa:
539 4027 760 4082 virtutes
783 4042 849 4081 ex
878 4042 934 4081 se
970 4031 1127 4099 112
1156 4028 1279 4083 vitia
1310 4030 1532 4100 gignunt
1569 4050 1581 4084 :
1631 4033 1792 4089 veluti
1826 4035 1872 4090 si
1912 4051 1982 4093 ex

398 4117 809 4177 mansuetudine
830 4118 1096 4173 interdum
1125 4128 1377 4174 nascatur
1400 4129 1607 4191 torpor,
1630 4132 1686 4178 et
1703 4139 1768 4179 ex
1791 4122 1986 4195 pietate

397 4209 681 4267 dissolutio
698 4210 1019 4280 disciplinae,
1038 4212 1122 4267 vel
1139 4226 1206 4267 ex
1224 4211 1425 4280 iustitia
1439 4215 1772 4271 crudelitatis
1796 4218 1987 4272 immo-

395 4304 580 4359 derata
597 4302 854 4358 vindicta.
885 4302 959 4357 lta
979 4314 1209 4373 quatuor
1225 4305 1324 4359 ista
1350 4344 1366 4371 ,
1391 4306 1435 4360 si
1459 4306 1595 4363 bene
1621 4317 1856 4381 utantur,
1882 4313 1986 4367 vir-

396 4404 535 4451 tutes
576 4404 737 4463 sunt;
777 4395 860 4451 sin
889 4395 1083 4464 minus,
1107 4411 1172 4451 ex
1214 4397 1497 4453 virtutibus
1539 4400 1592 4455 in
1634 4401 1761 4457 vitia
1806 4412 1984 4461 trans-

395 4498 542 4544 eunt.

469 4608 593 4664 160.
639 4606 752 4663 Hoc
777 4605 936 4662 modo
957 4606 1211 4677 denique,
1236 4622 1355 4662 cum
1388 4608 1614 4680 quisque
1644 4612 1835 4668 metuit
1862 4628 1987 4682 pec-

395 4718 545 4768 care,
572 4702 656 4757 vel
688 4702 834 4770 cupit
861 4700 1153 4756 beatificari
1173 4744 1187 4769 ,
1213 4701 1357 4756 dolet
1383 4718 1478 4771 pro
1507 4706 1766 4773 peccatis,
1790 4707 1988 4775 gaudet

399 4797 451 4853 in
484 4795 642 4851 bonis
669 4794 923 4865 operibus
942 4834 956 4859 ,
985 4792 1094 4862 jam
1122 4802 1232 4847 tum
1258 4794 1312 4848 hi
1344 4806 1522 4850 motus
1547 4838 1563 4863 ,
1589 4798 1677 4867 qui
1706 4798 1774 4852 ab
1803 4814 1987 4856 amore

396 4890 682 4960 studioque
711 4888 1009 4958 procedunt
1036 4928 1049 4952 ,
1085 4901 1183 4956 pro
1210 4887 1495 4944 virtutibus
1524 4890 1876 4959 accipiuntur.
1921 4896 1988 4949 At

397 4992 604 5049 contra,
636 4980 764 5036 dum
793 4978 1018 5049 quisque
1049 4986 1193 5033 metu
1220 4980 1438 5035 carendi
1466 4997 1525 5036 re
1558 4982 1733 5053 aliqua
1773 4992 1985 5041 terrena

399 5083 637 5140 tenetur,
666 5071 751 5129 vel
774 5070 960 5127 dolore
981 5071 1191 5125 amissae
1222 5071 1300 5127 rei
1332 5060 1612 5142 frangitui‘,
1644 5075 1875 5146 dumque
1901 5092 1987 5134 re-

400 5183 517 5222 rum
540 5166 916 5238 temporalium
944 5163 1236 5234 cupiditate
1261 5165 1644 5234 inflammatur,
1677 5178 1769 5222 aut
1794 5172 1989 5239 gaudio

402 5260 610 5328 adepta:
660 5260 743 5315 rei
793 5258 1087 5322 extollitur,
1131 5266 1257 5312 tunc
1285 5273 1391 5313 non
1445 5260 1671 5316 virtutes
1713 5262 1808 5317 sed
1863 5279 1990 5322 vere

398 5350 529 5404 vitia
581 5360 975 5420 nuncupantur.
1029 5347 1110 5404 Ex
1157 5349 1241 5404 his
1292 5357 1470 5405 autem
1520 5352 1627 5406 duo
1656 5364 1781 5409 sunt
1824 5354 1988 5414 futuri

475 5505 600 5563 159.
631 5503 904 5586 Virgilius,
935 5503 1342 5586 lib..vtA£nei_d.
1374 5504 1653 5586 vers._?5§
1681 5523 1695 5559 :
1726 5504 1859 5560 Hinc
1886 5525 1991 5563 me-

409 5586 580 5658 tuunt,
601 5576 928 5658 cupiuntque,
949 5575 1145 5658 dolent,
1156 5577 1502 5658 gaudentque.
1526 5576 1754 5632 Verbum
1784 5590 1994 5633 utantur

408 5649 618 5721 passiva
640 5645 1027 5716 significatione
1046 5645 1344 5704 adhibetur.
1373 5645 1546 5705 Anev.

484 5719 606 5774 161.
638 5716 716 5772 De
744 5714 999 5788 his‘vitiis
1030 5716 1413 5788 principalibus
1445 5718 1614 5775 fusius
1637 5718 1732 5774 lib.
1778 5735 1816 5774 tt
1848 5720 1985 5775 Sen-

411 5719 423 5721 ’
484 5719 606 5774 161.
638 5719 716 5772 De
744 5719 827 5771 his
858 5719 999 5770 vitiis
1030 5719 1413 5788 principalibus
1445 5719 1614 5775 fusius
1637 5719 1732 5774 lib.
1778 5735 1816 5774 tt
1848 5720 1985 5775 Sen-

410 5788 652 5858 tentiar.,
674 5801 794 5858 cap.
823 5786 894 5845 38
921 5800 1098 5858 seqq.,
1147 5789 1235 5845 ubi
1268 5790 1435 5846 videri
1490 5799 1712 5861 possunt
1759 5791 1987 5848 eruditae

2011 4554 2067 4614 D

2077 1907 2297 1976 cupivit.
2340 1905 2523 1963 Tertio
2572 1908 2753 1972 modo,
2785 1909 2831 1962 si
2860 1907 3171 1979 diligentius
3201 1911 3477 1980 quisquam
3511 1923 3661 1966 com-

2078 2013 2269 2053 munes
2308 1999 2457 2053 cibos
2500 2008 2774 2069 procuret,
2806 2000 2945 2055 sicut
2974 1999 3068 2055 filii
3110 2000 3228 2057 lleli
3270 2010 3417 2056 extra
3461 2018 3665 2059 morem

2079 2092 2297 2148 crudam
2341 2092 2408 2147 ab
2449 2092 2793 2148 offerentibus
2822 2107 3036 2148 carnem
3068 2093 3345 2163 tollebant,
3377 2109 3536 2166 quam
3566 2096 3670 2154 sibi

2080 2187 2380 2241 accuratius
2408 2194 2789 2255 pra-pararent.
2823 2186 3025 2255 Quarto
3054 2186 3245 2254 modo,
3278 2189 3322 2242 si
3357 2189 3490 2245 viles
3520 2205 3672 2249 escas

2081 2280 2303 2337 nimium
2334 2278 2558 2349 quisque
2586 2286 2783 2333 sumat.
2826 2277 2982 2335 Unde
3007 2286 3061 2334 et
3090 2277 3351 2349 propheta
3381 2280 3671 2339 Sodomam

2081 2372 2149 2428 de
2189 2372 2338 2441 panis
2364 2372 2645 2427 saturitate
2671 2381 2903 2426 accusat.
2935 2371 3131 2440 Quinto
3159 2372 3352 2439 modo,
3381 2375 3426 2429 si
3454 2375 3572 2445 quis
3605 2392 3673 2432 ex

2082 2462 2348 2518 desiderio
2390 2461 2743 2532 quodcunque
2790 2471 2997 2530 sumat,
3026 2463 3167 2518 sicut
3197 2463 3336 2519 Esau
3367 2479 3463 2534 pro
3506 2465 3667 2523 lenti-

2080 2558 2215 2613 culae
2244 2560 2672 2629 concupiscentia
2702 2560 2934 2632 perdidit
2964 2560 3315 2631 primogenita
3346 2576 3460 2617 sua.

2155 2671 2277 2726 165.
2322 2673 2623 2729 Fornicatio
2655 2690 2866 2745 quoque
2901 2674 3134 2731 trimodo
3175 2689 3374 2747 genere
3411 2676 3673 2734 discerni-

2084 2775 2189 2821 tur.
2213 2764 2394 2819 Primo
2413 2764 2653 2833 quidem,
2677 2765 2804 2821 dum
2829 2782 2922 2835 per
2940 2767 3262 2837 voluptatem
3282 2768 3503 2824 luxuria:
3524 2784 3671 2826 com-

2085 2859 2265 2913 mistio
2295 2858 2472 2913 carnis
2494 2860 2768 2927 expletur;
2792 2862 2984 2928 altero,
3010 2862 3137 2916 dum
3159 2862 3277 2918 sola
3296 2863 3670 2921 attrectatione

2084 2950 2240 3005 luxus
2294 2949 2471 3004 carnis
2526 2965 2621 3020 per
2668 2952 3059 3008 immunditiam
3114 2964 3462 3023 provocatur;
3516 2956 3671 3028 113

2087 3045 2249 3101 tertio
2276 3086 2290 3108 ,
2321 3045 2445 3099 dum
2477 3046 2776 3101 intentione
2812 3048 2982 3116 turpis
3020 3048 3354 3118 c0gitationis
3400 3059 3661 3107 nocturna

2011 3164 2061 3231 ο
2092 3138 2314 3207 quisque
2346 3138 2595 3192 illusione
2638 3138 2913 3207 polluitur.
2963 3138 3059 3195 Est
3105 3149 3453 3212 et'quartum
3500 3159 3671 3216 genus

2092 3231 2462 3287 fornicationis
2488 3231 2640 3300 juxta
2674 3231 3007 3300 Scripturam
3028 3272 3045 3300 ,
3072 3234 3271 3300 omnis,
3304 3235 3537 3302 scilicet,
3567 3237 3669 3294 illi-

2088 3326 2193 3381 cita
2222 3326 2495 3395 corruptio
2525 3325 2719 3381 mentis
2743 3368 2757 3393 ,
2793 3325 2935 3381 sicut
2962 3326 3268 3382 idololatria
3306 3337 3360 3382 et
3400 3330 3620 3385 avaritia
3644 3372 3663 3398 ,

2087 3433 2151 3474 ex
2180 3417 2372 3487 quibus
2393 3417 2451 3471 fit
2472 3419 2843 3486 praevaricatio
2871 3420 3002 3490 legis
3034 3426 3251 3490 propter
3276 3418 3513 3475 illicitam
3534 3436 3667 3477 cou-

2088 3509 2487 3579 cupisceutiam.

2162 3623 2287 3680 164.
2329 3622 2498 3679 Porro
2523 3623 2741 3679 avaritia
2780 3624 2834 3680 in
2873 3627 3140 3697 geminam
3189 3626 3518 3699 distingutur
3564 3643 3679 3699 pte-

2088 3730 2239 3782 nam,
2274 3716 2326 3771 id
2352 3726 2437 3772 est
2465 3718 2517 3771 in
2547 3717 3034 3788 concupiscentiam
3065 3720 3322 3791 augendae
3370 3720 3478 3789 rei,
3527 3730 3579 3776 et
3620 3721 3675 3778 in

2088 3817 2291 3864 metum
2338 3808 2418 3862 rei
2467 3809 2731 3865 carendte.
2778 3806 2929 3866 Sicut
2963 3812 3123 3865 etiam
3165 3810 3379 3880 quidam
3409 3811 3483 3867 ait
3515 3830 3529 3868 :
3560 3811 3675 3869 Non

2087 3900 2230 3956 enim
2281 3915 2516 3969 unquam
2568 3901 2816 3969 expletur
2871 3916 3045 3969 neque
3100 3900 3323 3955 satiatur
3371 3902 3676 3972 cupiditatis

2087 3993 2221 4048 sitis.
2256 3991 2441 4062 Neque
2476 3991 2647 4047 solum
2698 4006 2760 4046 ea
2805 4006 2923 4061 quae
2978 3992 3176 4047 habent
3222 4005 3409 4048 amore
3450 3992 3677 4065 augendi

2087 4086 2482 4150 excruciantur,
2517 4084 2611 4139 sed
2638 4084 2803 4139 etiam
2834 4083 3110 4138 amittendi
3142 4092 3308 4138 metu.

2162 4200 2287 4255 165.
2329 4202 2447 4271 Ipsa
2471 4213 2687 4270 quoque
2715 4197 2918 4253 invidia
2944 4197 3144 4267 duplici
3175 4198 3406 4254 afficitur
3440 4199 3675 4268 flamma,

2088 4296 2140 4351 id
2173 4304 2255 4351 est
2279 4334 2295 4360 ,
2340 4308 2461 4348 cum
2488 4302 2579 4347 aut
2607 4291 2816 4348 meliori
2846 4290 3049 4346 invidet
3078 4291 3131 4345 in
3168 4290 3221 4345 id
3253 4292 3391 4361 quod
3424 4292 3538 4362 ipse
3567 4308 3676 4351 non

2088 4396 2208 4454 est,
2242 4396 2333 4441 aut
2361 4387 2486 4440 dum
2519 4382 2813 4455 quemlibet
2840 4382 3176 4437 consimilem
3204 4397 3323 4438 esse
3362 4385 3462 4439 sibi
3500 4399 3680 4455 sequa-

2088 4482 2193 4538 lem
2222 4480 2385 4536 dolet.

2166 4596 2287 4652 166.
2323 4593 2574 4665 Sequitur
2622 4590 2834 4647 tristitia
2860 4631 2877 4658 ,
2924 4590 3077 4660 cujus
3122 4588 3217 4644 tria
3268 4598 3393 4645 sunt
3438 4605 3676 4662 genera,

2090 4705 2313 4762 quarum
2346 4688 2537 4758 prima,
2572 4693 2629 4740 ut
2654 4685 2729 4739 ait
2755 4683 3040 4739 Cassianus
3065 4725 3081 4750 ,
3106 4690 3396 4753 temperata
3428 4691 3482 4738 ct
3510 4683 3677 4740 ratio-

2072 4782 2306 4848 'nabilis,
2348 4780 2415 4835 de
2448 4779 2763 4835 delictorum
2814 4775 3146 4847 paenitudine
3197 4775 3451 4841 veniens;
3510 4777 3677 4833 altera

2090 4876 2420 4947 perturbata,
2478 4872 2878 4939 irrationabilis,
2910 4870 2978 4926 de
3028 4871 3296 4926 anxietate
3342 4872 3537 4925 mentis
3582 4885 3678 4927 seu

2090 4968 2461 5039 desperatione
2490 4974 2827 5035 peccatorum
2856 4963 3139 5028 exoriens;
3168 4960 3325 5017 tertia
3354 4960 3422 5017 de
3463 4962 3675 5016 iracun-

2094 5060 2202 5126 dia,
2248 5061 2328 5115 vel
2371 5060 2440 5115 de
2492 5058 2640 5112 illato
2672 5057 2899 5123 damno,
2936 5056 3017 5111 vel
3065 5054 3331 5111 desiderio
3384 5054 3677 5125 praepedito

2097 5153 2410 5223 procedens.

2168 5263 2290 5321 167.
2340 5262 2456 5318 Jam
2485 5275 2613 5316 vero
2644 5260 2816 5315 inanis
2840 5259 3007 5329 gloria
3034 5257 3471 5329 quadripartitatu
3523 5258 3679 5314 habet

2091 5356 2421 5429 jactantiatu.
2450 5354 2583 5408 Nam
2612 5361 2737 5408 sunt
2777 5352 2867 5422 qui
2909 5351 3108 5406 habent
3135 5350 3274 5405 dona
3309 5360 3361 5405 et
3390 5351 3678 5407 donautctn

2096 5522 2151 5569 et
2171 5512 2403 5579 copiosa:
2453 5516 2594 5564 notae
2615 5506 2843 5562 Loaisze.
2869 5508 3038 5560 Anav.

2167 5576 2291 5639 167.
2322 5580 2429 5637 Per
2451 5591 2718 5635 tumorem.
2756 5579 2971 5633 l’hrasis
2997 5584 3081 5632 est
3111 5576 3226 5633 haec
3274 5577 3670 5635 ecclesiastico-

2095 5671 2211 5710 rum
2242 5657 2589 5723 scriptorum,
2618 5661 2673 5707 ut
2719 5650 3024 5717 superbiam
3055 5658 3319 5707 tumorem
3338 5648 3673 5723 appellent.

2092 5728 2213 5798 quia
2234 5724 2446 5796 superbi
2465 5732 2689 5780 tument.
2717 5725 2885 5778 Auev.
