4056 6350
464 352 570 412 103

1496 349 1557 410 S.
1599 348 1849 411 lSlDOHl
1885 348 2329 411 HISPALENSIS
2368 350 2671 413 EPISCOPI

3642 360 3747 420 194

542 470 817 545 12015.
863 470 991 529 Sem
1016 483 1149 527 vero
1176 468 1557 540 prophetarum
1592 477 1648 525 et
1677 469 2043 539 apostolorum
2072 472 2127 531 Α
2226 470 2314 526 19.
2355 468 2747 525 Melchisedech
2793 466 3004 539 (Genes.
3047 468 3184 539 xxv),
3237 468 3330 539 qui
3371 470 3441 527 de
3484 471 3748 534 fluetibus

464 564 636 622 tenuit
661 574 867 634 typum,
901 563 991 633 qui
1017 576 1084 618 ex
1108 560 1228 633 ejus
1257 562 1427 629 stirpe
1460 569 1773 621 nascuntur.

536 656 627 712 M.
659 654 889 726 .laphetb
942 656 1189 727 ﬁguravit
1232 655 1483 725 populum
1531 656 1789 726 gentium,
1819 658 1909 729 qui
1933 672 2053 715 ver-

461 759 610 807 satur
637 750 688 804 in
722 747 969 804 ecclesiis
993 748 1373 804 israelitarum.

535 842 625 899 15.
658 840 826 895 Citam
867 838 1081 896 Judteos
1128 838 1417 910 signiﬁcat,
1447 839 1541 909 qui
1568 839 1843 896 Christum
1877 842 2051 898 incar-

459 941 645 989 natum
668 943 829 1005 atque
853 944 1118 990 mortuum
1143 932 1406 989 derident.

455 1034 460 1043 '
535 1025 627 1082 16.
655 1024 924 1081 Chanaan!
952 1068 965 1092 ,
1014 1024 1154 1079 ﬁlius
1185 1023 1327 1095 ejus,
1359 1025 1453 1095 qui
1505 1041 1605 1097 pro
1655 1030 1820 1099 patris
1854 1029 2052 1086 delicto

460 1116 840 1175 maledictione
883 1117 1167 1172 damnatur
1231 1116 1446 1186 (Genes.
1498 1117 1623 1190 rx),
1678 1123 2050 1191 posteritatem

460 1208 661 1267 indicat
678 1207 1006 1275 Judasorum,
1034 1209 1124 1280 qui
1148 1209 1202 1264 in
1224 1211 1475 1279 passione
1501 1211 1714 1268 Domini
1739 1214 2049 1271 damnatio-

461 1301 548 1357 nis
594 1300 914 1357 sententiam
962 1312 1340 1374 exceperunt,
1398 1304 1756 1362 clamantibus
1809 1307 2049 1367 ludatis:

459 1390 687 1464 Sanguis
716 1392 827 1460 ejus
852 1407 1007 1463 super
1028 1408 1141 1461 nos,
1172 1402 1219 1448 et
1246 1410 1403 1464 super
1427 1396 1563 1464 ﬁlios
1588 1408 1805 1454 nostros.

535 1484 624 1537 17.
657 1481 893 1538 Nemrod
936 1483 1086 1554 gigas
1132 1484 1331 1540 diaboli
1384 1496 1569 1557 typum
1620 1492 1908 1560 expressit,
1959 1495 2049 1561 qui

459 1574 694 1645 superbo
733 1575 974 1645 appetitu
1020 1576 1231 1632 culmen
1261 1576 1455 1633 divinae
1482 1578 1817 1637 celsitudinis
1846 1584 2053 1653 appeti-

457 1667 558 1735 vit,
582 1666 769 1723 dicens
800 1682 817 1721 :
850 1666 1137 1722 Ascendant
1166 1684 1323 1735 super
1365 1670 1689 1725 altitudinem
1730 1674 1963 1741 nubium,
2004 1685 2051 1731 et

461 1773 548 1812 ero
573 1758 756 1812 similis
787 1757 1071 1813 Altissimo.

2156 570 2318 619 terra:
2348 564 2670 619 sacriﬁcium
2721 563 2948 618 Domino
2985 562 3200 630 obtulit,
3246 578 3467 635 regnum
3514 567 3741 640 Christi,

2155 657 2247 727 qui
2269 665 2351 711 est
2378 671 2537 711 verus
2578 670 2676 711 rex
2704 654 2948 726 justitiae,
2981 665 3035 711 et
3076 657 3432 715 sacerdotium
3469 660 3747 733 ﬁguravit,

2154 750 2309 821 cujus
2357 750 2599 820 corporis
2641 760 2696 805 et
2747 749 3021 819 sanguinis
3060 762 3477 818 sacramentum,
3534 754 3591 809 id
3642 766 3744 823 cst,

2154 842 2355 899 oblatio
2386 842 2536 912 panis
2566 852 2617 896 et
2650 841 2758 895 vini
2807 841 2858 895 in
2890 849 3003 896 toto
3032 842 3161 897 orbe
3191 850 3456 898 terrarum
3488 843 3744 917 .oﬁ'ertur.

2226 935 2317 991 ‘20.
2361 935 2627 990 Abraham
2658 934 2753 990 Dei
2778 934 2942 1005 patris
2968 934 3197 1005 gestavit
3226 945 3432 1007 typum,
3460 938 3550 1008 qui
3578 938 3743 994 ﬁlium

2153 1039 2308 1081 suum
2351 1026 2606 1081 dilectum
2638 1040 2736 1096 pro
2778 1024 2962 1081 mundi
2991 1026 3164 1082 salute
3211 1028 3433 1083 tradidit
3466 1027 3746 1087 immolan-

2153 1116 2301 1173 dum.

2223 1206 2313 1263 2i.
2356 1206 2490 1264 Tres
2536 1207 2711 1277 angeli
2760 1207 2827 1262 ad
2861 1223 2982 1263 eum
3014 1208 3289 1265 venientes
3334 1210 3543 1282 (Cenes.
3593 1213 3747 1287 xvtu)

2153 1298 2388 1355 divinam
2416 1300 2746 1355 historialem
2776 1300 3050 1355 insinuant
3075 1300 3418 1359 Trinitatem.

2223 1392 2315 1446 Ἠ.
2360 1393 2500 1447 Duas
2541 1403 2718 1448 autem
2767 1406 2989 1460 uxores,
3046 1408 3179 1463 quas
3238 1395 3422 1451 habuit
3477 1398 3745 1454 Abraham

2152 1482 2309 1555 (Gen.
2340 1498 2451 1549 xw,
2486 1482 2623 1555 xxI),
2670 1482 2722 1537 id
2770 1493 2876 1549 est,
2917 1484 3167 1549 liberam,
3206 1470 3441 1558 12261
3468 1469 3746 1556 ancillam;

2152 1576 2443 1645 Apostolus
2496 1575 2602 1631 duo
2655 1589 2777 1631 esse
2825 1575 3171 1631 Testamenta
3212 1578 3456 1649 designat
3504 1578 3745 1649 (Galath.

2153 1668 2252 1739 ιν).

2226 1758 2317 1815 25;
2346 1757 2495 1814 Isaac
2525 1768 2580 1813 et
2600 1757 2791 1814 lsmael
2815 1759 2950 1815 duos
2972 1760 3195 1830 populos
3216 1775 3282 1817 ex
3306 1768 3532 1833 utroque
3562 1763 3747 1819 Testa-

539 1851 628 1906 18.
661 1850 859 1916 Heber,
885 1852 939 1905 in
970 1853 1120 1920 cujus
1149 1852 1310 1908 domo
1350 1856 1562 1923 propria
1601 1856 1811 1928 loquela
1836 1874 2054 1931 reman-
2084 1848 2135 1911 Β
2160 1864 2339 1911 mento
2371 1852 2725 1922 procedentes
2756 1854 3080 1923 signiﬁcant.

463 1941 577 2007 sit,
619 1940 832 1997 caeteris
887 1941 1083 2011 linguis
1138 1946 1292 2015 121
1349 1944 1570 2013 divisis,
1637 1947 2050 2021 Redemptorem

462 2042 709 2089 nostrum
735 2033 996 2097 insinuat,
1025 2034 1078 2088 in
1102 2034 1255 2103 cujus
1285 2036 1523 2094 Ecclesia
1569 2041 1743 2097 unitas
1785 2043 1907 2100 ﬁdei
1932 2046 2050 2102 sine

463 2128 754 2185 schismate
784 2134 1121 2199 perseverat.

460 2307 571 2365 Iste
598 2310 942 2365 consotabitur
971 2324 1065 2363 nos
1095 2308 1157 2380 a_b
1188 2312 1423 2380 operibus
1450 2330 1698 2369 manuum
1745 2327 2038 2372 nostrarum

458 2384 514 2436 in
540 2389 678 2436 terra
704 2381 785 2435 cui
810 2380 1071 2453 maledixit
1100 2378 1374 2453 Dominus.
1407 2384 1463 2439 ln
1487 2387 1677 2453 Quibus
1706 2397 1883 2442 tamen
1916 2403 2038 2444 ver—

456 2452 542 2509 bis
568 2453 781 2506 suberat
812 2450 1089 2521 prOphetia
1121 2451 1187 2505 de
1247 2455 1475 2509 ecclesia
1505 2450 1562 2511 et
1611 2456 1678 2512 de
1705 2458 1943 2515 Christo.
1974 2459 2041 2514 ll-

457 2524 553 2597 [ad
601 2520 832 2597 constat,
861 2537 891 2576 a
913 2520 1142 2597 ‘Spiritu_
1171 2533 1357 2597 sancto
1410 2540 1509 2597 per
1545 2525 1761 2582 beatum
1793 2528 2035 2597 Petrum,

456 2593 631 2667 Epist,
652 2594 691 2659 Ι,
716 2608 765 2647 c.
801 2609 883 2667 tu,
912 2593 1048 2647 hanc
1074 2590 1381 2663 allegoriam
1411 2590 1674 2667 insignem
1700 2609 1753 2653 et
1780 2590 2040 2657 illustrem

456 2679 577 2721 esse
608 2664 820 2720 factam.
853 2665 1019 2720 SUAR.

532 2734 620 2792 15,
651 2734 773 2790 Sem
801 2752 940 2791 vero.
974 2734 1174 2796 Genes.
1206 2752 1283 2803 tx,
1307 2738 1383 2793 ait
1404 2736 1556 2794 Noe:
1587 2737 1890 2796 Benedictus
1934 2742 2043 2798 Do-

455 2806 627 2860 minus
651 2804 785 2883 Deus
805 2806 954 2883 _Sem.
978 2808 1181 2873 Quibus
1197 2809 1376 2883 verbis
1404 2817 1556 2883 pater
1580 2810 1689 2865 Noe
1722 2811 1847 2867 Sem
1871 2814 2043 2883 pieta-

455 2885 567 2933 tem
599 2878 844 2946 praedixit
898 2891 1118 2951 pr0pter
1166 2880 1282 2937 veri
1333 2879 1430 2952 Dei
1475 2880 1675 2935 cultum
1726 2878 1887 2952 apud'
1925 2886 2042 2952 ejus

455 2956 704 3019 posteros
724 2949 1158 3019 permansurum,
1185 2959 1245 3005 ut
1276 2949 1532 3019 praeclare
1580 2949 2043 3009 scribit'Theodo-

453 3018 624 3075 retus.
674 3018 867 3088 Liquet
922 3019 1082 3090 igitur
1126 3022 1239 3077 Noe
1278 3018 1626 3075 vaticinatum
1686 3021 1884 3089 fuisse;
1916 3039 2038 3080 nam

458 3090 728 3161 Abraham
776 3098 833 3144 et
861 3092 1203 3159 patriarchae,
1243 3104 1303 3161 ac
1331 3090 1560 3161 denique
1607 3092 1755 3148 salus
1783 3103 1837 3148 et
1875 3095 2040 3151 decus

455 3134 961 3229 ἔυᾞὲἑῑζἾπᾶωὲυῑ,
983 3134 1237 3218 ’ὃίιῑῖἑῖὐε
1264 3159 1421 3217 Jesus
1457 3134 1560 3217 ἒξ
1580 3134 1852 3221 semwoiii
1875 3134 2040 3223 ἒὶἶιῆῗ
2067 3134 2116 3200 ο

457 3233 623 3288 SUAR.
1264 3288 1277 3295 -
1344 3286 1377 3294 λ.

537 3299 1148 3375 Ινᾼεζαριιρέιζᾼῇθυτᾳυίι
1170 3303 1415 3375 populum
1454 3305 1706 3374 gentium.
1738 3304 1933 3363 Genes.
1964 3322 2039 3375 rx,

456 3372 591 3429 dixit
619 3371 731 3425 Noe
760 3389 775 3425 :
809 3371 997 3426 Dilatet
1039 3371 1179 3428 Deus
1204 3372 1273 3426 Ja
1314 3371 1470 3441 heth,
1490 3389 1537 3428 et
1566 3375 1758 3429 habitet
1786 3379 1838 3430 in
1864 3371 2035 3432 taberJ

456 3442 658 3497 naculis
688 3441 833 3497 Sem.
869 3441 925 3496 lu
952 3444 1144 3497 auibus
1177 3392 1354 3497 verbis
1394 3446 1668 3497 recondita
1698 3454 1781 3497 est
1826 3450 2035 3497 ear-mia

456 3441 833 3520 naculis__Semt
869 3441 1144 3520 ln__quibus
1177 3441 1360 3520 verbis
1394 3446 1677 3520 recondita,
1691 3454 1781 3520 est
1826 3450 2039 3520 egregia

458 3512 888 3590 haecAallegoria.
919 3512 1074 3590 _Nam,
1108 3525 1165 3590 ut
1203 3513 1387 3590 scribit
1415 3516 1601 3590 beatus
1638 3512 1993 3590 llierouy'mus
2022 3537 2037 3575 :

456 3583 535 3638 De
571 3582 695 3658 S_em
725 3582 971 3658 Hebraei,
994 3586 1057 3639 de
1094 3584 1317 3658 Japheth
1344 3585 1571 3658 populus
1616 3582 2039 3658 gentium'nasci-

455 3662 559 3709 tur.
593 3653 727 3717 Quia
763 3653 923 3725 igitur
954 3654 1057 3708 lata
1106 3653 1179 3711 est
1208 3653 1481 3710 multitudo
1517 3653 1867 3725 credentium,
1900 3678 1931 3713 a
1960 3661 2040 3714 la-

456 3722 1083 3799 titudine,_quw_‘.laphet
1138 3726 1347 3799 dicitur,
1384 3744 1565 3782 nomen
1613 3731 1823 3799 accepit.
1855 3722 2039 3798 'Quod

457 3804 627 3849 autem
675 3794 748 3848 ait
780 3809 799 3847 :
830 3793 896 3848 Et
924 3793 1111 3852 habitet
1155 3798 1210 3850 in
1253 3798 1593 3853 tabernaculis
1630 3793 1774 3863 Sent,
1804 3802 1865 3855 de
1891 3793 2038 3857 nobis

454 3866 815 3940 prophetatum
845 3867 931 3940 qui
961 3870 1012 3920 in
1032 3868 1332 3940 eruditione
1382 3879 1430 3923 ct
1479 3871 1691 3925 scientia
1734 3871 2037 3940 Scriptura-

453 3952 606 4012 rum,
657 3937 815 4012 ejecta
872 3938 1065 4012 lsrael,
1102 3954 1399 4012 _versamur.
1431 3939 1537 4012 Et,
1585 3951 1641 3994 ut
1695 3952 1839 3996 recte
1858 3937 2040 4012 inquit

455 4006 646 4085 beatus
676 4006 1007 4085 Augustinus
1043 4026 1057 4063 :
1092 4007 1159 4062 In
1198 4008 1421 4085 ecclesiis
1460 4010 1652 4085 Christi
1691 4012 1888 4085 habitat
1908 4006 2037 4085 gen-

454 4078 583 4130 tium
625 4076 868 4145 latitudo,
908 4088 956 4153 et
986 4079 1435 4153 gentesjruuntur
1462 4081 1526 4153 iis
1552 4098 1686 4153 qua:
1714 4076 1930 4137 Judwis'
1944 4103 2037 4153 pa-

452 4155 569 4201 rata
592 4158 773 4214 erant,
824 4157 883 4202 ut
932 4148 1003 4204 in'
1046 4165 1096 4204 ix
1154 4148 1354 4208 Genes.
1401 4148 1593 4207 scribit
1636 4152 1797 4209 etiam
1850 4148 2038 4213 beatus

453 4218 892 4277 Chrvsostomus.
914 4219 1076 4275 Sum.
1193 4272 1215 4277 .v

528 4288 616 4366 15.
641 4288 804 4343 Cham
848 4288 1081 4366 Iudaeos.
1116 4290 1281 4366 Hujus
1315 4291 1427 4366 I_oci_
1444 4291 1787 4366 allegoriam,
1834 4297 1887 4352 id
1932 4308 2035 4366 est,

453 4360 698 4416 altiorem
725 4373 965 4439 sensum,
995 4360 1293 4439 luculenter
1311 4360 2039 4439 declarat'heatus’AugustiQ

453 4447 556 4487 nus
583 4440 766 4503 contra
798 4430 1051 4487 Faustum
1081 4433 1315 4489 Manich.
1358 4433 1449 4488 lib.
1480 4450 1575 4503 xu,
1597 4445 1651 4492 et
1672 4453 1746 4493 xu
1774 4440 1841 4495 de
1868 4430 2033 4499 Civil.

452 4503 571 4567 Dei,
599 4517 647 4558 c.
670 4501 726 4557 2.
753 4503 919 4560 Susa.

525 4573 611 4627 17.
648 4572 879 4646 Nemrod
897 4574 1061 4646 gigas.
1095 4575 1171 4646 De
1192 4576 1423 4631 Nemrod
1472 4576 1694 4645 legimus
1718 4580 1913 4638 Genes.
1956 4598 2029 4643 x:

454 4643 592 4700 Chus
619 4645 791 4721 genuit
813 4643 1070 4703 Nemrod.
1103 4644 1226 4717 Ipse
1267 4649 1414 4719 coepit
1454 4643 1561 4721 esse
1590 4659 1764 4717 potens
1786 4653 1839 4707 in
1870 4664 2024 4721 terra,

451 4726 653 4790 e_t__erat
710 4716 943 4770 robustus
986 4716 1194 4771 venator
1242 4716 1415 4773 coram
1463 4716 1707 4787 Domino,
1768 4739 1860 4790 pro
1900 4716 2029 4787 "iui

452 4784 641 4840 Gibbor
671 4804 775 4841 cxx
804 4797 1080 4864 verterunt
1100 4794 1245 4864 γίγας
1266 4792 1429 4863 gigas.
1465 4790 1656 4864 Noster
1684 4784 1833 4864 vero,
1858 4784 2027 4850 inter4

452 4871 577 4925 pres
626 4868 802 4932 potens
832 4859 1009 4932 vertit,
1039 4859 1282 4929 ct'paulo
1322 4859 1451 4932 post
1498 4862 1759 4919 robustus.
1793 4862 2029 4922 Venator

452 4937 629 4981 autem
680 4928 799 4983 ideo
830 4929 1024 5003 dicitur
1051 4928 1192 5002 quad
1247 4928 1398 5003 ramo
1444 4935 1668 5000 viveret,
1696 4945 1750 4990 et
1798 4938 2027 4996 crudelis

450 5007 595 5053 esset
622 5006 902 5079 tyrannus.
939 4999 1105 5079 cujus
1130 4999 1347 5079 imperii
1384 5006 1591 5079 initium
1639 5006 1737 5079 fuit
1763 5006 2024 5079 Babylon,

450 5085 573 5147 quae
600 5072 879 5147 mundum,
911 5074 1009 5147 qui
1044 5083 1182 5147 totus
1211 5072 1264 5129 in
1306 5077 1538 5146 maligno
1592 5078 1799 5146 positus
1828 5072 1932 5147 est,
1957 5072 2028 5135 si;

452 5142 684 5217 gniﬁcat,
717 5142 945 5217 ideoque
984 5146 1275 5217 Apocalyp.
1310 5142 1458 5203 xvut'
1493 5142 1715 5204 vocatur
1772 5142 2028 5207 habitatio

450 5212 870 5288 dmmoniorum.‘
893 5212 969 5270 De
989 5212 1424 5288 Nemrod'autem
1455 5219 1710 5288 legendus
1739 5228 1822 5275 est
1841 5222 2028 5279 beatus

450 5282 869 5360 Ctirysostomus
912 5302 978 5360 _xr
1031 5287 1190 5360 G_en.,
1239 5299 1294 5344 et
1341 5282 1535 5346 beatus
1569 5291 1921 5360 Augustinus,
1971 5296 2025 5351 in

447 5368 537 5407 xvi
560 5358 625 5408 de
648 5356 808 5410 Civit.
834 5355 948 5419 Dei,
977 5373 1028 5415 c.
1060 5356 1117 5417 5.
1150 5355 1315 5416 Susa.

492 5424 611 5501 ,_l_8.
636 5425 827 5501 Heber,
857 5428 909 5480 in
935 5433 1082 5500 cujus
1128 5431 1352 5501 familia.
1380 5433 1438 5488 ln
1468 5434 1562 5489 lib.
1592 5448 1692 5489 ms.
1735 5446 1817 5490 est
1856 5438 2027 5493 unitas

450 5495 594 5574 ﬁdei,
626 5499 823 5553 rectius
865 5495 1023 5570 quam
1078 5495 1461 5574 iniimpressis,
1502 5506 1627 5568 fides
1677 5508 1910 5565 unitatis.
1946 5510 2026 5567 Ab

450 5567 627 5622 Heber
662 5582 837 5625 autem
882 5567 1049 5642 magis
1069 5567 1331 5643 qu'am'ab
1357 5567 1624 5631 Abraham
1666 5577 1920 5635 Hebraeos
1945 5584 2026 5635 di-

450 5648 565 5719 ctos
594 5654 732 5719 esse,
761 5643 851 5713 qui
889 5644 1165 5719 llebrmarn
1199 5646 1430 5717 linguam
1460 5660 1875 5717 couscrvarnnt,
1906 5652 2023 5707 exi-

451 5712 632 5791 stimat
658 5712 845 5791 beatus
874 5716 1225 5791 Augustinus,
1335 5720 1452 5774 loco
1473 5722 1799 5787 supradicto.
1822 5712 1885 5776 in
1916 5740 2022 5791 quo

451 5782 647 5861 populo
675 5785 867 5839 civitas
895 5782 984 5841 Dei
1022 5789 1074 5841 in
1125 5782 1324 5861 sanctis
1363 5782 1698 5861 peregrinata
1728 5802 1838 5861 est,
1885 5782 1947 5849 et'
1968 5796 2019 5851 in

449 5853 694 5910 omnibus
717 5866 1053 5915 sacramento
1080 5853 1421 5918 adumbrata.
1454 5853 1579 5922 Ideo
1600 5873 1778 5922 autem
1808 5853 1915 5923 non
1936 5877 2020 5924 est

2059 4518 2112 4577 D
2136 4518 2478 4591 Augustinus,
2507 4523 2596 4577 lib.
2618 4518 2891 4580 iucontra

2167 1986 2177 2001 .
2225 1942 2317 1999 24.
2357 1942 2497 1999 Puer
2534 1943 2810 1999 Abraham
2868 1943 3151 2014 imaginem
3194 1948 3383 2015 priscas
3434 1947 3567 2017 legis
3608 1946 3749 2003 desi-

2150 2046 2301 2110 gnat,
2326 2051 2423 2108 per
2442 2051 2603 2106 quem
2636 2036 2952 2107 prophetice
2977 2037 3205 2095 Domino
3226 2048 3412 2096 nostro
3440 2038 3565 2097 Jesu
3593 2039 3747 2097 Chri-

2151 2139 2237 2186 sto
2267 2126 2509 2186 Ecclesia
2540 2141 2740 2199 sponsa
2772 2138 3071 2199 praeparata
3101 2137 3205 2185 est.

2143 2314 2341 2383 lingua:
2364 2325 2477 2367 sua:
2508 2312 2805 2383 amissione
2844 2312 3135 2378 multatus,
3172 2311 3319 2383 quod
3348 2326 3542 2382 expers
3586 2313 3748 2371 luerit

2149 2382 2392 2439 criminis
2422 2382 2616 2454 turrim
2656 2383 3063 2448 aediﬁcandum,
3110 2382 3231 2454 quae
3260 2382 3328 2439 ab
3354 2392 3553 2439 eventu
3584 2384 3745 2441 Babel

2151 2454 2412 2524 appellata
2435 2462 2545 2519 est,
2582 2452 2721 2510 Gen.
2750 2469 2825 2508 xi.
2850 2454 3017 2510 Susa.

2218 2523 2306 2580 19.
2340 2524 2738 2589 Melchisedech,
2764 2525 2851 2595 qui
2873 2524 2936 2578 de
2962 2524 3233 2595 fructibus.
3265 2523 3323 2579 In
3349 2526 3443 2582 lib.
3476 2525 3604 2592 imp.
3636 2536 3744 2593 est,

2146 2598 2223 2649 vel
2257 2596 2633 2660 sacerdotium;
2692 2594 2788 2649 sed
2820 2594 3013 2649 melitts
3058 2594 3109 2649 in
3145 2610 3247 2651 ms.
3300 2604 3349 2649 et
3376 2598 3740 2664 sacerdotium,

2147 2680 2269 2720 cum
2312 2667 2671 2721 sacerdotium
2723 2664 2922 2719 Christi
2973 2675 3027 2720 et
3080 2680 3305 2735 regnum
3356 2667 3741 2735 signiﬁcaverit

2146 2735 2565 2802 Melchisedech,
2595 2736 2663 2790 de
2683 2750 2790 2802 quo
2816 2736 3072 2803 scriptum
3101 2747 3183 2790 est
3206 2735 3341 2791 Gen.
3365 2753 3452 2791 xiv
3482 2755 3497 2793 :
3530 2737 3596 2790 At
3619 2754 3740 2793 vero

2148 2805 2523 2862 Melchisedech
2562 2822 2653 2860 rex
2694 2805 2873 2877 salem
2918 2811 3184 2875 proferens
3240 2823 3423 2877 panem
3467 2818 3517 2862 et
3566 2810 3743 2863 vinum

2146 2879 2278 2946 (erat
2302 2880 2435 2932 enim
2467 2879 2706 2932 sacerdos
2730 2876 2825 2931 Dei
2845 2876 3125 2945 altissimi),
3153 2876 3408 2931 benedixit
3435 2880 3504 2945 ei,
3534 2880 3743 2936 scilicet

2146 2949 2369 3003 Abram.
2404 2948 2471 3003 Et
2498 2948 2742 3018 quamvis
2783 2947 3017 3016 Hebraei,
3065 2955 3119 3001 et
3162 2950 3374 3018 quidam
3418 2950 3507 3003 alii
3554 2959 3743 3017 putent

2144 3018 2325 3089 aliter,
2368 3021 2534 3073 multo
2578 3028 2757 3073 tamen
2806 3020 3007 3073 rectius
3052 3021 3289 3073 sentiunt
3339 3020 3427 3089 qui
3468 3020 3743 3076 afﬁrmant

2144 3088 2532 3144 Melchisedech
2575 3089 2899 3144 sacrilicium
2949 3089 3059 3144 Deo
3115 3105 3213 3159 pro
3281 3088 3509 3144 Abrahae
3572 3092 3740 3148 nobili

2147 3159 2365 3231 victoria
2413 3160 2690 3216 obtulisse.
2740 3169 2905 3220 utrm
2944 3160 3103 3225 enim,
3159 3161 3261 3215 hoc
3308 3169 3413 3227 est,
3440 3163 3740 3231 proferens,

2148 3232 2232 3286 vel
2260 3229 2511 3302 oﬁ'erens,
2542 3232 2763 3302 verbum
2809 3242 2914 3297 est,
2959 3231 3099 3301 quod
3154 3229 3455 3299 usurpatur
3490 3247 3635 3302 saepe
3682 3229 3738 3289 in

2145 3301 2518 3373 sacriﬁcando.
2568 3301 2751 3371 Itaque
2786 3310 2980 3373 noster
3009 3302 3277 3373 interpres
3330 3302 3549 3370 pulchre
3574 3301 3740 3360 vertit

2143 3372 2219 3455 id,
2265 3374 2409 3455 quod
2453 3373 2697 3455 sequitur
2728 3388 2744 3425 :
2779 3371 2867 3455 Et“
2891 3371 3424 3455 ipsesac'erdosHDei
3472 3375 3733 3431 altissimi.

2144 3440 2459 3496 Erat'enim
2514 3440 2755 3497 sacerdos
2822 3440 2919 3497 Dei
2980 3442 3240 3497 altissimi.
3290 3443 3420 3498 Nam
3473 3459 3616 3513 saepe
3689 3457 3741 3500 et

2142 3513 2375 3585 sumitur
2408 3528 2505 3583 pro
2536 3514 2695 3585 enim.
2726 3513 2911 3585 Refert
2939 3524 3115 3569 autem
3140 3514 3327 3585 beatus
3358 3515 3738 3585 Hieronymus,

2142 3582 2197 3637 in
2230 3582 2384 3653 longa
2410 3582 2465 3638 et
2494 3584 2699 3639 erudita
2727 3584 2884 3653 epist.
2903 3585 3071 3652 Quam
3102 3584 3315 3654 scripsit
3341 3582 3587 3654 Evagrio,
3608 3602 3740 3641 con-

2140 3661 2368 3708 stantem
2417 3668 2539 3709 esse
2590 3655 2937 3711 Hebraeorum
2991 3656 3295 3712 Opinionem
3350 3656 3738 3712 Melchisedech

2141 3723 2307 3780 fuisse
2339 3724 2464 3781 Sem
2486 3725 2666 3796 ﬁlium
2711 3725 2844 3781 Noe.
2884 3726 2952 3781 Et
2978 3723 3128 3781 addit
3157 3726 3304 3781 illum
3340 3742 3476 3796 pane
3506 3738 3559 3783 et
3587 3728 3734 3795 vino,

2141 3810 2296 3864 puro,
2341 3795 2677 3865 simplicique
2704 3796 2991 3864 sacriﬁcio,
3022 3797 3223 3853 Christi
3248 3795 3526 3855 dedicasse
3554 3812 3738 3854 sacra-

2141 3874 2431 3939 mentum,
2458 3866 2767 3939 Nobilitavit
2794 3874 2978 3939 autem,
3016 3868 3155 3939 ha_nc
3186 3869 3494 3939 allegoriam
3522 3870 3733 3939 Apost.,

2143 3936 2311 3992 Hebr.
2342 3938 2396 4003 7,
2429 3946 2483 3992 et
2506 3938 2633 3992 illud
2660 3938 2851 4007 psalm.
2887 3936 2989 3993 109
3016 3956 3029 3991 :
3056 3936 3137 3992 Tu
3163 3954 3216 3993 es
3253 3936 3490 3995 sacerdos
3510 3936 3733 3995 in'azter-

2138 4024 2261 4061 num
2296 4008 2574 4063 secundum
2600 4009 2827 4063 ordinem
2870 4007 3269 4066 Melchisedech.
3310 4009 3474 4065 Sum.

2210 4077 2351 4133 Ibid.
2383 4079 2496 4134 Etsi
2521 4080 2841 4133 retineretur
2870 4078 2948 4133 vel
2996 4081 3341 4134 sacerdotium
3368 4095 3465 4149 pro
3493 4088 3541 4135 et
3566 4096 3736 4137 sacer-

2139 4150 2357 4215 dotium,
2382 4150 2554 4203 adhuc
2584 4149 2725 4204 idem
2746 4158 2891 4205 esset
2936 4164 3151 4219 sensus,
3178 4166 3335 4219 quem
3365 4152 3585 4207 Suarius
3618 4162 3735 4209 tue-

2139 4167 2357 4215 actium,
2382 4167 2554 4203 aanuc
2584 4167 2725 4204 luem
2746 4167 2891 4205 888οῐ
2936 4167 3151 4219 sensus,
3217 4167 3335 4207 uem
3365 4167 3585 4207 auartus
3618 4167 3729 4209 tue-

2137 4228 2256 4275 tur:
2291 4235 2411 4293 nam
2433 4219 2572 4288 apud
2594 4220 2866 4293 jlsidorum
2915 4229 2970 4276 et
2996 4222 3129 4277 alios
3157 4167 3397 4292 eiusdem
3447 4224 3729 4293 temporis,

2138 4300 2295 4359 atque
2314 4291 2476 4345 etiam
2497 4290 2807 4360 superioris,
2837 4306 2981 4362 saepe
3004 4294 3082 4347 vel
3104 4290 3199 4363 pro
3220 4304 3268 4348 et
3283 4294 3538 4352 occurrit.
3552 4290 3729 4352 Ansv.

2208 4379 2297 4460 20.
2320 4380 2575 4460 Abraham
2606 4378 2885 4460 Deipatris
2909 4385 3119 4460 gestavit
3142 4394 3339 4460 typum:
3365 4385 3623 4460 Similiter
3636 4402 3732 4443 ex—

2140 4450 2319 4519 posuit
2346 4450 2482 4505 lianc
2508 4450 2817 4522 allegoriam
2831 4450 3090 4581 Origenes
3104 4450 3284 4511 in'x'xu
3300 4458 3461 4521 Gen.,
3478 4458 3731 4514 ctbeatus

2140 4523 2478 4591 Augustinus,
2507 4523 2596 4577 lib.
2622 4535 2891 4580 xucontra
2960 4530 3535 4595 austum,etserm.7l.
3557 4529 3728 4587 Susa.

2201 4611 2291 4666 21.
2338 4612 2464 4689 Tres
2504 4616 2706 4689 Augeli.
2735 4616 2929 4689 Beatus
2980 4619 3305 4689 Augustinus
3357 4620 3411 4674 in
3468 4635 3632 4675 serm.
3660 4622 3730 4679 de

2133 4693 2375 4760 t_emp_ore_
2401 4684 2491 4748 68,
2514 4684 2599 4740 sic
2620 4686 2830 4760 ait:_ln
2873 4705 2932 4743 eo
2968 4684 3106 4759 quod
3134 4699 3233 4745 tres
3283 4690 3408 4744 vidit
3442 4692 3722 4760 Abraham,

2133 4753 2401 4831 Trinitatis
2422 4758 2719 4831 mysterium
2739 4753 3013 4814 intellexit.
3037 4761 3186 4825 Quod
3208 4771 3375 4815 autem
3398 4764 3547 4831 quasi
3563 4753 3725 4817 unum

2129 4827 2473 4905 adoravit,_
2494 4827 2657 4905 tribus
2685 4832 2914 4905 personis
2943 4848 3103 4905 unum
3126 4849 3232 4887 esse
3279 4827 3442 4905 Deum
3468 4836 3722 4905 cognovit.

2130 4897 2273 4973 idem
2301 4896 2485 4973 scribit
2513 4896 2697 4973 bizatus'
2720 4900 2953 4973 Hilarius
3006 4904 3059 4957 in
3091 4919 3143 4957 tv
3169 4913 3275 4958 etv
3307 4904 3402 4958 lib.
3430 4905 3497 4959 de
3530 4896 3725 4973 'Trin.,

2130 4967 2317 5023 beatus
2342 4968 2651 5040 Gregorius,
2680 4972 2733 5026 in
2768 4972 2913 5027 hom.
2950 4974 3037 5029 l8.
3068 4974 3238 5031 Susa.

2202 5062 2340 5118 Ibid.
2383 5064 2515 5121 Tres
2544 5067 2717 5138 angeli
2744 5068 2810 5122 ab
2852 5067 3158 5123 Abrahamo
3185 5070 3419 5138 hospitio
3450 5073 3716 5140 suscepti,

2128 5148 2197 5189 an
2225 5144 2336 5210 t_re_s
2363 5150 2621 5210 personas
2664 5140 3014 5195 sanctissimae
3045 5140 3321 5195 Trinitatis
3349 5142 3719 5210 eshibuerint,

2129 5220 2194 5261 an
2224 5204 2415 5281 Filium
2446 5209 2679 5264 medium
2706 5211 2845 5266 inter
2876 5211 3011 5266 duos
3032 5213 3272 5281 angelos,
3302 5215 3369 5267 a'n
3403 5213 3576 5268 solum
3612 5204 3723 5269 tres

2128 5276 2396 5353 angelicos
2440 5281 2681 5353 spiritus,
2714 5283 2859 5353 varia
2902 5293 2987 5337 est
3043 5276 3392 5353 interpretum
3425 5286 3719 5345 sententia.

2128 5349 2307 5405 Adisis
2328 5348 2628 5419 Pererium,
2660 5361 2715 5408 et
2742 5351 3063 5419 Calmctum,
3098 5357 3147 5409 in
3178 5348 3469 5411 comment.
3498 5359 3672 5411 Ansv.

2150 5508 2155 5513 ,
2197 5440 2287 5496 22.
2315 5440 2473 5519 _Duas
2518 5452 2690 5519 autem
2736 5461 2938 5499 uxores.
2957 5446 3107 5519 Huic
3151 5448 3420 5517 allegoriae
3474 5462 3718 5519 magnam

2126 5513 2498 5590 auctoritatem
2548 5516 2696 5590 dedit
2748 5517 3056 5590 Apostolus,
3080 5520 3167 5588 qui
3212 5513 3299 5574 ubi
3362 5536 3474 5575 rem
3513 5513 3718 5590 gestam

2126 5587 2482 5660 exposuisset,
2544 5589 2612 5641 de
2645 5587 2874 5660 duabus
2918 5587 3173 5645 uxoribus
3220 5592 3418 5646 Abram
3447 5633 3460 5655 ,
3516 5587 3719 5660 Spiritu

2124 5666 2310 5733 sancto
2331 5656 2563 5733 afﬂatus,
2594 5658 2789 5728 adjecit
2815 5660 2902 5715 illa
2934 5676 3055 5716 esse
3088 5677 3182 5731 per
3212 5664 3521 5733 allegoriam
3552 5656 3716 5731 dicta,

2124 5728 2174 5805 id
2228 5736 2329 5793 est,
2358 5728 2543 5805 -all_iud
2572 5740 2966 5805 cssegestum,
3020 5728 3163 5790 aliud
3191 5728 3492 5805 ﬁguratum,
3546 5744 3602 5787 ut
3645 5728 3717 5791 ait

2123 5797 2614 5880 beatus_Anibros.,
2640 5797 2861 5880 quinua
2886 5797 3035 5880 _cutn
3068 5797 3304 5880 Rupefto
3327 5797 3614 5876 perspicue
3637 5814 3718 5865 tot

2124 5878 2229 5925 tam
2260 5870 2572 5940 allegoriam
2602 5870 2840 5944 exponit.
2871 5876 3035 5935 Sun.
