4056 6350
260 358 358 418 108

255 567 410 644 pultis
434 572 520 623 est
538 563 872 631 Iudaeorum,
905 564 961 618 in
986 561 1260 619 Christum
1283 571 1337 619 et
1369 561 1657 631 pr0phetas
1688 561 1851 630 impia

1153 348 1561 410 Αιιεοοιιω
1597 347 1918 420 QUEDAM
1957 344 2372 406 SCRIPTURE
2410 343 2679 404 SACRIE.

321 472 415 532 25.
455 471 619 538 Esau,
653 469 894 542 hispidus
923 477 1084 540 atque
1128 468 1280 526 rufus
1310 468 1517 540 (Cenes.
1554 468 1704 538 xxv),
1745 481 1852 537 po-
1883 469 1933 530 Α

3440 352 3542 409 106

2026 463 2118 519 54.
2147 463 2297 520 Filiae
2327 464 2444 534 ejus
2481 464 2598 519 duae
2624 462 2830 537 (Genes.
2857 460 2970 533 xix)
3002 463 3298 520 Samariam
3337 468 3548 539 signiﬁ-

1960 571 2083 613 cant
2112 566 2167 611 et
2194 555 2516 622 Jerusalem,
2540 571 2658 626 qua:
2688 557 3020 612 fornicantur
3049 556 3101 612 in
3134 557 3250 630 lege
3281 573 3376 631 per
3396 560 3550 618 adul-

257 635 632 735 persecutione
690 656 1050 728 sanguineus,
1108 665 1163 712 et
1222 655 1418 711 indicio
1480 654 1668 725 pilosas
1719 646 1878 726 cutis!
1959 635 2153 706 terium
2185 648 2383 704 illicita:
2407 647 2692 705 doctrinae.

259 755 495 828 tegmine
523 759 866 822 peccatorum
899 748 1202 804 horribilis.

329 849 421 905 Q6.
461 845 630 903 Jaeoh
659 854 836 900 autem
860 840 1054 913 (Ibid.)
1080 841 1348 896 Christum
1373 839 1722 907 demonstrat,
1743 839 1858 898 sive

261 940 519 1012 populum
558 937 820 1010 gentium,
854 935 944 1005 qui
988 935 1079 989 Dei
1115 933 1289 990 Patris
1315 932 1692 990 benedictione
1719 947 1860 1004 prc-

263 1034 404 1090 latus
432 1042 518 1087 est
549 1029 713 1102 priori
745 1028 938 1099 populo
963 1026 1300 1083 Iudaeorum.

335 1126 430 1181 27.
468 1123 653 1180 Laban
685 1121 817 1192 legis
847 1131 902 1177 et
928 1118 1127 1176 diaboli
1156 1116 1346 1174 habuit
1384 1126 1593 1190 typum,
1620 1131 1684 1173 ex
1707 1119 1861 1188 culus

267 1229 496 1287 corpore
516 1213 809 1283 assumpsit
833 1211 935 1267 sibi
965 1209 1207 1266 Christus
1231 1209 1364 1266 duas
1382 1207 1658 1281 coniuges,
1689 1209 1862 1281 plebis

267 1307 474 1366 scilicet
497 1303 927 1361 circumcisionis
947 1309 1004 1359 et
1022 1301 1285 1373 gentium.

340 1400 432 1456 28.
476 1397 570 1453 Lia
612 1397 910 1470 Synagogte
953 1395 1175 1467 ﬁguram
1212 1393 1445 1465 habuit;
1471 1408 1589 1464 qua:
1635 1392 1864 1449 inﬁrmis

274 1491 446 1550 oculis
467 1488 650 1545 cordis
674 1496 1009 1544 sacramenta
1039 1485 1139 1541 Dei
1168 1485 1431 1556 speculari
1461 1501 1568 1541 non
1600 1485 1791 1553 potuit.

344 1582 437 1640 29.
479 1580 684 1636 Rachel
705 1593 832 1635 vero
860 1578 1005 1634 clara
1033 1586 1252 1648 aspectu
1290 1578 1547 1634 Ecclesia:
1574 1587 1756 1648 typum
1781 1583 1864 1631 te-

273 1677 436 1744 nuit,
494 1689 618 1746 qua:
663 1670 1129 1743 contemplationis
1185 1669 1300 1726 acie
1352 1669 1554 1726 Christi
1613 1669 1866 1741 mysteria

273 1769 468 1826 cernit.

2030 741 2120 800 55.
2162 741 2350 798 Ruben
2380 741 2592 814 (Genes.
2626 742 2782 813 xxxi)
2803 741 3190 814 primogenitus
3227 743 3551 814 interpreta-

1961 846 2049 893 tur
2077 836 2300 893 visionis
2323 835 2497 902 ﬁlius;
2523 836 2777 908 populum
2807 837 3055 908 ﬁguravit
3077 839 3166 907 qui
3209 840 3432 895 violavit
3458 855 3552 896 cu-

1962 930 2070 988 bile
2100 929 2200 986 Dei
2234 929 2442 996 Patris,
2493 931 2704 1000 quando
2735 945 2952 986 carnem
2982 947 3141 1002 quam
3166 933 3270 988 sibi
3308 933 3556 990 Christus

1964 1021 2329 1090 desponderat
2359 1019 2578 1074 conﬁxit
2609 1020 2661 1074 in
2691 1021 2929 1089 patibulo
2957 1022 3153 1081 crucis.

2036 1112 2129 1170 56.
2172 1113 2392 1169 Simeon
2442 1112 2647 1167 scribas
2688 1112 2931 1181 designat
2976 1112 3313 1180 Judaaorum,
3359 1115 3452 1184 qui
3502 1115 3559 1170 in

1964 1205 2149 1263 furore
2195 1219 2296 1262 suo
2339 1204 2656 1260 occiderunt
2699 1204 3025 1273 prophetas,
3057 1213 3113 1259 et
3153 1204 3203 1258 in
3237 1204 3427 1260 dolore
3457 1219 3559 1261 suo

1966 1299 2304 1357 suﬂ'oderunt
2327 1296 2519 1352 ﬁxuris
2539 1296 2810 1352 clavorum
2849 1295 3118 1352 Christum
3140 1340 3154 1358 ,
3183 1297 3553 1354 ﬁrmissimum

1967 1408 2217 1461 murum,
2260 1391 2316 1448 in
2359 1406 2468 1463 quo
2513 1389 2797 1446 credentes
2846 1389 3024 1445 stabili
3069 1390 3263 1446 robore
3317 1405 3564 1447 commu-

1968 1488 2208 1544 niunttlr.

2044 1579 2203 1652 125
2236 1576 2327 1632 '57.
2369 1576 2494 1632 Levi
2522 1584 2577 1632 et
2606 1584 2794 1630 auctor
2821 1583 2877 1630 et
2927 1573 3094 1644 ﬁgura
3139 1584 3220 1629 est
3260 1575 3566 1645 principum

1967 1673 2309 1730 sacerdotum
2339 1671 2428 1740 qui
2460 1669 2729 1725 Christum
2761 1661 3166 1724 cruciﬁxerunt.

2041 1763 2130 1820 38.
2154 1763 2181 1820 J
2190 1763 2322 1818 udas
2343 1761 2607 1834 signiﬁcat
2623 1758 2918 1827 Christum,
2935 1759 3024 1831 qui
3055 1759 3108 1815 in
3131 1758 3292 1815 cubili
3315 1759 3571 1829 sepulcri,

346 1861 437 1916 50.
481 1858 594 1925 Vir,
624 1857 716 1929 qui
741 1871 863 1914 cum
887 1856 1051 1912 Jacob
1076 1855 1274 1912 luctam
1299 1856 1437 1924 iniit,
1474 1854 1673 1912 Christi
1695 1866 1871 1912 certa-
1900 1861 1947 1922 Β
1973 1857 2126 1928 quasi
2174 1857 2279 1920 leo,
2326 1869 2580 1920 securus,
2611 1854 2852 1924 corporis
2880 1867 3073 1908 somno
3114 1852 3359 1923 victoque
3384 1851 3577 1908 mortis

277 1967 403 2009 men
433 1965 557 2006 cum
595 1949 794 2020 populo
839 1949 1001 2004 Israel
1033 1947 1311 2020 ﬁguravit;
1361 1962 1483 2002 nam
1527 1947 1665 2002 sicut
1707 1947 1874 2003 Jacob

277 2040 604 2099 claudicavit
642 2039 695 2094 in
736 2038 1055 2106 certamine,
1103 2039 1179 2094 ita
1217 2039 1387 2095 Judazi
1441 2038 1878 2095 claudicaveruut

281 2135 388 2192 ﬁde
414 2135 469 2190 in
498 2132 711 2189 Domini
741 2132 1012 2203 passione.

360 2228 516 2300 133
541 2225 632 2281 3i.
659 2225 758 2281 Lot
783 2223 991 2296 (Cenes.
1014 2222 1128 2292 xtx)
1163 2232 1346 2295 typum
1369 2222 1552 2279 habuit
1574 2231 1882 2278 sanctorum

287 2321 382 2392 qui
407 2321 463 2374 in
483 2319 592 2375 ﬁne
620 2316 806 2374 seculi
825 2316 893 2372 ab
913 2316 1200 2387 impiorum
1223 2316 1469 2372 incendio
1494 2316 1881 2372 liberabuntur.

360 2411 452 2467 33.
494 2410 640 2468 Uxor
672 2409 771 2465 Lot
798 2406 992 2481 (Ibid.)
1022 2423 1209 2465 eorum
1234 2410 1410 2464 tenuit
1440 2418 1623 2481 typum
1649 2409 1768 2481 qui,
1789 2424 1886 2480 per

284 2503 514 2576 gratiam
541 2500 640 2556 Dei
663 2500 858 2560 vocati,
884 2499 1221 2568 postmodum
1243 2507 1389 2555 retro
1413 2500 1729 2569 respiciunt.

363 2596 457 2653 33.
492 2593 899 2665 Consequenter
928 2593 1044 2665 ipse
1067 2593 1168 2649 Lot
1194 2593 1325 2665 legis
1349 2596 1576 2664 gestavit
1602 2609 1885 2665 personam

290 2688 365 2745 de
384 2703 494 2759 qua
516 2685 852 2742 inﬁdelitatis
876 2700 1038 2754 opera
1069 2686 1283 2754 pariunt
1302 2686 1394 2757 qui
1412 2701 1476 2744 ea
1499 2687 1703 2743 carnali
1733 2687 1891 2744 intel-

292 2782 441 2840 lectu
466 2791 694 2838 utuntur
725 2780 890 2851 (Vide
912 2797 1022 2836 var.
1045 2781 1218 2851 ιδεμ).

1978 1949 2228 2020 imperio,
2259 1956 2383 2019 post
2409 1947 2644 2002 triduum
2665 1945 2977 2002 resurrexit.

2055 2041 2144 2096 39.
2186 2039 2435 2097 lssachar
2456 2037 2714 2095 Ecclesiae
2744 2038 2916 2094 tenuit
2958 2040 3166 2110 typum,
3200 2051 3319 2107 quae
3345 2036 3580 2106 subjecit

1986 2135 2272 2192 humerum
2301 2150 2458 2191 suum
2489 2134 2556 2189 atl
2587 2134 2764 2189 crucis
2793 2147 2930 2189 onus
2959 2133 3300 2204 portandum.
3598 2189 3606 2200 ,

2022 2223 2400 2283 ’40.Ζιιὶ)ιι1οη
2427 2225 2672 2283 eamdem
2696 2225 2962 2296 signiﬁcat
2986 2224 3303 2289 Ecclesiam,
3327 2240 3468 2294 quas,
3493 2216 3598 2281 se;

1991 2335 2087 2376 cus
2111 2320 2305 2374 ﬁuctus
2328 2317 2485 2389 hujus
2517 2319 2639 2372 vitze
2670 2317 2998 2387 inhabitans,
3027 2331 3214 2372 omnes
3246 2321 3576 2373 tentationes

1992 2423 2049 2471 et
2069 2414 2310 2470 turbines
2339 2411 2518 2468 saeculi
2544 2421 2740 2483 portat.

2063 2507 2154 2562 41.
2194 2504 2533 2576 Nepbthalim
2565 2503 2816 2573 exprimit
2845 2517 3036 2560 omnes
3067 2512 3283 2560 sanctos
3315 2503 3578 2572 praedica-

1995 2605 2160 2664 tores,
2191 2596 2316 2667 qui,
2349 2597 2517 2651 instar
2563 2599 2709 2651 cervi
2739 2595 3128 2662 transilientes,
3156 2595 3222 2650 ad
3253 2611 3484 2667 superna
3515 2610 3577 2650 se

1993 2691 2245 2759 erigunt,
2294 2690 2605 2760 cunctisque
2667 2689 3012 2745 credentibus
3057 2689 3318 2744 doctrinae
3369 2689 3580 2760 eloquia

1998 2783 2307 2839 conterunt.

368 2936 648 3009 25._Esau
667 2935 921 3009 hispidus.
955 2934 1250 3009 Emendate
1303 2936 1558 3009 scriptum
1595 2944 1680 2992 est
1713 2937 1767 2994 in
1797 2939 1899 2996 lib.
2010 2939 2105 2993 hoc
2127 2937 2359 3008 exemplo
2387 2940 2716 2992 condirentur
2743 2938 2984 3005 affectus,
3013 2947 3062 2993 et
3088 2955 3251 2994 mores
3277 2939 3342 2993 ad
3366 2939 3589 3009 pruden-

296 3023 403 3064 ms.
458 3005 644 3081 Impia.
665 3005 1030 3081 persecutione
1048 3007 1378 3081 sanguineus,
1403 3007 1596 3081 vitiose
1618 3019 1795 3065 autem
1845 3011 1896 3066 in
2006 3013 2133 3064 tiam
2163 3005 2527 3079 formarentur,
2567 3026 2679 3080 qua:
2705 3010 2954 3064 elucet'in
2974 3010 3158 3081 divinis
3181 3005 3446 3081 pra’ceptis
3472 3028 3589 3065 cus-

296 3081 500 3148 ltnpr.:
554 3077 729 3148 Impia
780 3077 1130 3150 persecutione
1174 3078 1465 3150 sanguinis.
1513 3078 1680 3133 Porro
1736 3081 1896 3148 Esau,
2007 3077 2282 3145 todiendis,
2328 3096 2440 3148 qua:
2469 3082 2512 3134 si
2533 3077 2778 3135 servasset
2820 3097 2951 3135 uxor
2981 3080 3100 3144 Lot,
3129 3077 3234 3135 nan
3267 3077 3448 3150 pom,
3498 3083 3589 3137 sed

298 3146 446 3220 quod
472 3146 713 3222 Atotus'in
747 3146 952 3222 morem
974 3147 1133 3222 pellis
1192 3146 1434 3222 hispidus
1457 3159 1614 3204 natus
1643 3150 1731 3214 sit,
1759 3146 1895 3208 Gen.
2006 3152 2265 3222 profectus
2287 3146 2366 3204 sui
2389 3153 2671 3219 posteritati
2699 3152 2989 3222 exemptum
3014 3146 3318 3222 reliquisset.
3349 3146 3516 3222 Susa.

299 3216 429 3294 xxv,
464 3219 583 3294 Scir
611 3228 695 3294 est
717 3220 1040 3294 appellatus.
1069 3216 1320 3294 Namcur
1349 3221 1520 3294 E'do_m
1553 3232 1776 3294 vocatus
1799 3225 1892 3293 sit,
2006 3216 2018 3222 ’
2080 3216 2168 3275 55.
2212 3216 2585 3294 Consequenter
2612 3221 2729 3276 Lot.
2772 3216 2949 3278 ln'lib.
2992 3216 3148 3288 impr.
3190 3224 3385 3279 vitiose
3414 3220 3588 3294 scrip-

300 3291 528 3346 disertis
547 3291 728 3361 verbis
756 3291 952 3361 docent
981 3302 1148 3361 sacra-
1198 3288 1412 3361 litterae,
1443 3291 1579 3346 Gen.
1602 3307 1653 3346 c.
1681 3288 1894 3349 eodem.
1945 3357 1972 3361 Δ
2009 3301 2120 3348 tum
2149 3301 2270 3349 est:
2306 3288 2404 3358 Qui
2433 3293 2586 3346 etiam
2617 3308 2712 3361 pro
2740 3295 2826 3361 qui
2850 3295 3092 3360 ea,quod
3122 3303 3205 3348 est
3227 3294 3276 3347 in
3301 3309 3402 3349 ms.
3436 3288 3585 3351 Hauc

300 3361 451 3435 Dixit
478 3362 620 3435 enim
646 3358 796 3435 fratri
818 3360 986 3416 Jacob
1009 3376 1026 3414 :
1048 3360 1130 3412 Da
1151 3359 1362 3435 mihide
1389 3361 1613 3416 coctione
1635 3361 1732 3416 hac
1759 3368 1901 3434 rufa,
1932 3357 1979 3421 C
2010 3375 2188 3420 autem
2235 3357 2629 3433 perobscuram'
2660 3357 2980 3435 allegoriam
2999 3365 3078 3420 sic
3117 3366 3395 3434 perspicue
3426 3365 3590 3421 tradit

299 3433 430 3501 quia
461 3432 650 3503 Oppido
666 3430 849 3504 [assus
872 3447 1012 3504 sum,
1042 3446 1197 3504 quam
1235 3433 1308 3504 _ob
1335 3448 1546 3484 causam
1572 3430 1911 3488 vocatum'est
2015 3435 2202 3490 beatus
2229 3430 2556 3504 Augustinus
2599 3450 2694 3502 pro
2723 3430 2818 3490 sua
2850 3435 3136 3489 excellenti
3177 3430 3400 3489 scientia
3435 3454 3448 3489 :
3498 3437 3598 3492 Lot

303 3501 499 3577 agmen
520 3501 632 3577 ejus
654 3501 844 3577 Edam.
865 3502 970 3577 Sed
998 3501 1148 3577 rufus
1167 3502 1336 3577 etiam
1362 3510 1520 3577 natus
1545 3512 1647 3577 est,
1673 3506 1740 3558 ad
1769 3507 1911 3573 quod
2011 3505 2106 3574 (ait
2133 3505 2223 3561 lib.
2247 3501 2354 3560 xin
2369 3514 2515 3560 cont.
2553 3505 2762 3574 Faust.)
2795 3509 2983 3577 futura
3003 3507 3129 3576 legis
3157 3506 3354 3560 videtur
3375 3515 3600 3576 gestasse

307 3572 502 3648 a_ll_udit
540 3570 828 3648 allegoria.
879 3573 1062 3640 Itaque
1111 3570 1368 3648 falluntur
1397 3574 1508 3648 qui
1554 3575 1678 3628 hinc
1714 3570 1909 3648 nomen
2015 3570 2304 3648 personam,
2336 3593 2488 3648 quam
2518 3570 2752 3646 quidam,
2781 3570 2844 3631 ea:
2870 3578 2959 3648 illo
2991 3570 3265 3645 procreati,
3291 3584 3352 3648 et,
3375 3570 3467 3630 'sub
3489 3579 3602 3648 lege

307 3643 485 3699 Edoni
517 3644 761 3718 sortitum
791 3651 1154 3718 esseputaut.
1183 3643 1477 3718 Eucherius
1512 3654 1770 3699 autemet
1800 3647 1912 3700 Ru-
2012 3643 2202 3716 positi,
2254 3643 2388 3701 male
2412 3643 2767 3718 intelligendo
2819 3643 3197 3718 quodammodo
3253 3643 3599 3714 inebriantes,

310 3724 501 3786 pertus
543 3715 792 3786 similiter
830 3713 1079 3786 scribunt
1120 3715 1257 3767 Esau
1302 3713 1611 3786 Judaeorum
1658 3718 1910 3784 populum
2012 3713 2163 3784 atque
2194 3733 2294 3770 non
2325 3716 2543 3786 legitime
2564 3713 2781 3783 uiendo,
2813 3713 3149 3786 inﬁdelitatis
3175 3731 3329 3785 apem
3368 3713 3598 3784 pariunt.

312 3785 689 3912 lirasignasse,
713 3785 801 3854 qui
828 3784 1111 3839 Dominum
1137 3791 1192 3837 et
1217 3785 1505 3854 pr0phetas
1533 3788 1860 3854 occiderunt,
1893 3789 1914 3843 ι
2016 3787 2231 3868 Detoto
2258 3784 2435 3868 autem
2465 3789 2601 3839 tacto
2619 3787 2744 3867 ejus
2765 3796 2818 3841 et
2845 3788 3070 3840 ﬁliarum
3103 3784 3244 3840 idem
3266 3785 3454 3840 scribit
3475 3802 3602 3842 eru-

364 3858 486 3910 hes.
519 3871 577 3908 ll.
610 3856 774 3910 Sum.
2014 3858 2276 3912 ditissime
2304 3874 2356 3909 ιιι
2385 3858 2573 3911 eodem
2598 3859 2755 3912 Ilbl'O.
2785 3857 2952 3912 Susa.

364 3858 486 3910 hes.
519 3871 577 3908 ll.
610 3856 774 3910 Susa.
2014 3857 2276 3912 ditissime
2304 3858 2356 3909 in
2385 3858 2573 3911 eodem
2598 3859 2755 3912 libro.
2785 3857 2952 3918 Susa.

2055 3927 2145 3982 55.
2189 3926 2370 3981 Ruben
2400 3929 2790 3998 primogenitns.
2831 3927 3126 3983 Emendate
3167 3926 3324 3982 estin
3359 3926 3453 3981 lib.
3488 3918 3626 3984 ms.'

2016 3998 2379 4069 desponderat,
2406 3997 2595 4069 vitiose
2615 4007 2791 4052 autem
2815 4000 2868 4053 in
2893 3999 3051 4062 lmpr.
3083 4001 3448 4068 spoponderat.
3477 3999 3602 4055 Ideo

2017 4068 2194 4124 autem
2229 4070 2414 4124 Ruben
2437 4111 2451 4134 ,
2484 4068 2532 4120 id
2567 4077 2682 4134 est,
2711 4069 2932 4122 visionis
2964 4069 3110 4122 ﬁlius
3145 4084 3173 4121 a
3195 4079 3364 4123 matre
3395 4069 3484 4124 Lia
3516 4078 3603 4125 est

2017 4141 2336 4209 appellatus,
2371 4149 2427 4192 ut
2459 4138 2548 4192 lilii
2581 4141 2796 4194 nomine
2823 4140 3198 4193 admoneretur
3219 4153 3277 4193 se
3312 4140 3404 4194 Dei
3435 4141 3602 4195 bene-

2021 4212 2162 4278 licio,
2196 4211 2285 4280 qui
2317 4209 2436 4280 ejus
2466 4225 2718 4279 angorem
2751 4209 2977 4274 viderat,
3008 4209 3155 4263 illum
3182 4211 3450 4278 genuisse,
3479 4225 3603 4265 cum

2020 4296 2050 4334 a
2092 4279 2223 4334 viro
2248 4279 2650 4362 despiceretur...
2676 4281 2830 4362 unde
2862 4279 3088 4362 nominis
3117 4280 3496 4362 etymologiam
3519 4282 3606 4334 in-

2021 4359 2337 4420 terpretans,
2368 4351 2501 4405 dixit
2533 4369 2546 4405 :
2591 4349 2729 4406 Vidit
2760 4351 3012 4405 Dominus
3042 4349 3383 4403 humilitatem
3412 4367 3599 4419 meam,

2022 4419 2157 4476 Gen.
2185 4437 2329 4476 xxix.
2359 4423 2525 4478 SllAR.

389 3927 484 3981 26.
542 3924 704 3980 Iacob
729 3924 1094 3980 autemJlanc
1141 3925 1445 3993 allegoriam
1506 3933 1696 3980 tractat
1751 3929 1912 3984 etiam

313 3998 510 4124 isseatus
543 3998 870 4067 Augustinus
917 3995 971 4051 in
1007 3996 1100 4050 lib.
1133 4010 1264 4050 xvul
1285 3997 1352 4051 de
1379 3997 1540 4050 Civit.
1574 3997 1689 4064 Dei,
1721 4013 1771 4055 c.
1801 4001 1914 4069 .57.

360 4083 488 4123 usa.

360 4083 488 4123 UAR.

391 4141 486 4194 '50.
521 4136 624 4209 (Vir
644 4139 730 4207 qui
758 4153 875 4190 cum
896 4136 1081 4209 Iacob.
1108 4138 1242 4209 Cum
1268 4138 1489 4208 angelus
1530 4139 1580 4192 in
1613 4139 1795 4209 specie
1819 4142 1918 4195 ltu-

317 4222 482 4283 snana
515 4208 806 4264 luctaretur
833 4223 953 4263 cum
984 4208 1168 4273 Jacob,
1199 4209 1587 4283 xxquenes.,
1629 4208 1918 4283 videretque

319 4279 462 4351 quod
489 4295 610 4333 cum
635 4294 878 4352 superare
903 4295 1005 4352 non
1045 4289 1238 4352 pgsset,
1270 4281 1430 4352 tetigit
1456 4296 1664 4334 nervum
1707 4279 1917 4352 femoris

321 4349 460 4423 ejus,
487 4360 538 4423 et
567 4351 738 4404 statim
763 4349 1030 4423 emarcuit.
1061 4349 1127 4423 Et
1146 4351 1408 4423 benedixit
1429 4352 1474 4404 ei
1494 4356 1548 4404 in
1576 4349 1752 4407 eodem
1779 4354 1914 4411 loco.

322 4419 448 4489 Quo
471 4420 616 4476 circa
644 4425 901 4488 prteclare
945 4419 1116 4489 inquit
1144 4421 1332 4477 beatus
1356 4421 1702 4490 Augustinus,
1736 4425 1788 4477 in
1818 4425 1913 4482 lib.

327 4507 416 4548 ιη
440 4491 509 4564 de
537 4490 695 4564 Civit.
727 4490 844 4564 Dei,
865 4505 915 4564 c.
937 4491 1046 4564 597:
1079 4490 1207 4564 Erat
1229 4508 1363 4564 unus
1387 4504 1536 4564 atque
1554 4493 1692 4564 idem
1712 4493 1919 4549 benedi.
2091 4492 2180 4545 56.
2247 4492 2456 4548 Simeon
2480 4494 2721 4564 scribas
2753 4493 3004 4564 designat.
3057 4491 3222 4564 Iacob
3271 4490 3610 4564 gravissimis

327 4574 439 4617 ctus
458 4561 715 4633 Jacobhet
736 4563 976 4626 claudus,
1004 4563 1295 4633 benedictus
1321 4563 1376 4616 in
1403 4563 1476 4616 eis
1504 4563 1591 4633 qui
1631 4579 1694 4617 ex
1740 4566 1918 4621 eodem
2021 4564 2202 4620 verbis
2226 4563 2515 4630 increpavit
2540 4563 2674 4618 ﬁlios
2704 4561 2919 4619 Simeon
2945 4607 2958 4629 ,
2990 4572 3044 4618 et
3073 4563 3234 4625 Levi,
3269 4561 3406 4633 Gen.
3440 4578 3565 4616 XLI!
3586 4606 3606 4631 ,

328 4634 526 4704 papula
557 4633 612 4686 in
634 4631 903 4704 Christum
944 4631 1286 4704 crediderunt,
1337 4641 1484 4704 atque
1517 4631 1577 4687 in
1622 4635 1917 4704 inﬁdelibus
2022 4635 2165 4703 quod
2202 4643 2386 4687 contra
2426 4633 2645 4689 foederis
2675 4635 2986 4704 religionem
3026 4634 3078 4688 in
3114 4633 3261 4688 caede
3290 4631 3606 4704 Sichimita-

331 4651 526 4704 paputo
557 4651 612 4686 in
643 4651 903 4686 Lnrluum
944 4651 1286 4696 creataerum,
1337 4651 1484 4755 ("lue
1522 4651 1577 4687 in
1622 4651 1917 4704 inpaettbus
2022 4651 2165 4703 quoa
2202 4651 2386 4687 contra
2426 4651 2645 4689 laedens
2675 4651 2986 4704 religionem
3026 4651 3078 4688 tu
3114 4651 3261 4688 caede
3290 4651 3606 4706 atcmmita-

331 4705 573 4768 claudus,
604 4703 668 4756 de
688 4703 872 4773 quibus
898 4703 1200 4773 pradictum
1241 4713 1355 4757 est:
1421 4702 1454 4755 ἐ
1499 4705 1916 4762 ctaudicaverunt
1949 4719 2141 4773 “rum
2182 4705 2293 4758 sint
2341 4705 2711 4760 crudelissime
2760 4704 3000 4758 bacchati
3045 4705 3114 4757 ob
3160 4713 3402 4772 stuprum
3455 4701 3610 4757 Dina:

334 4793 365 4828 a
391 4775 588 4829 semitis
624 4776 752 4828 suis.
786 4773 1011 4828 Causam
1036 4784 1212 4828 autem
1243 4773 1400 4843 hujus
1450 4774 1602 4829 luctas
1641 4777 1801 4833 fuisse
1842 4779 1921 4835 ait
1949 4773 1999 4793 ³¹
2027 4776 2263 4830 oblatum
2302 4788 2333 4828 a
2375 4775 2611 4830 Sichem.
2649 4774 2704 4828 Ιιι
2740 4776 2934 4842 quibus
2963 4773 3140 4828 verbis
3173 4773 3406 4842 Spiritus
3435 4773 3614 4828 sancti

336 4846 756 4923 Theodoretus:
791 4843 859 4899 Ut
903 4845 1098 4898 timenti
1127 4844 1507 4923 [ratrent_Esatt
1528 4846 1772 4914 ﬁduciam
1796 4850 1923 4923 inji-
2028 4845 2284 4923 instinctu
2330 4845 2690 4923 pronuntiavit
2737 4856 2956 4900 sanctus
2983 4859 3146 4923 senex
3190 4845 3451 4923 illustrem
3484 4857 3614 4923 pro:

339 4926 488 4983 ceret,
540 4917 637 4987 qui
654 4915 807 4970 etiam
833 4924 885 4969 se
919 4916 1155 4987 superari
1195 4915 1257 4968 ab
1306 4915 1396 4968 illo
1451 4931 1629 4987 passus
1654 4926 1749 4971 est.
1783 4913 1864 4974 Αἰ
1875 4923 1921 4976 si
2029 4918 2259 4987 phetiam
2287 4913 2472 4970 contra
2503 4917 2705 4970 scribas
2731 4924 2790 4987 et
2826 4915 3182 4987 sacerdotes,
3205 4915 3295 4984 qui
3335 4913 3612 4987 communi

340 4988 523 5042 diceret
549 5001 570 5040 :
612 4986 698 5040 lle
725 4987 908 5051 vicisti,
949 4996 999 5039 et
1036 4986 1291 5039 hominem
1337 4987 1523 5039 vinces.
1548 4986 1713 5042 Susa.
2029 4985 2293 5042 sententia
2330 4987 2606 5043 Dominum
2630 4985 2962 5041 occiderunt.
2991 4985 3071 5040 Illi
3099 4986 3242 5042 enim
3267 4999 3336 5039 ex
3359 4985 3609 5050 Simeon,

410 5059 501 5131 δι.
547 5057 1099 5131 Spariusconstanter
1144 5054 1522 5131 scripsit‘Lot.
1568 5071 1664 5127 pro
1698 5075 1802 5131 quo
1829 5063 1922 5121 alii
2032 5058 2087 5112 hi
2117 5074 2183 5114 ex
2229 5057 2354 5131 Levi
2377 5058 2483 5112 orti
2528 5065 2676 5131 sunt,
2709 5065 2767 5111 ut
2790 5059 2865 5111 ait
2890 5057 3144 5131 Cyrillus,
3177 5065 3230 5131 et
3258 5054 3515 5131 Origenes
3548 5055 3606 5107 in

348 5115 828 5198 maluntiLothtln
859 5125 1082 5197 Vulgata
1105 5137 1188 5198 est
1211 5115 1327 5181 Lot.
1358 5126 1530 5183 Ansv.
1568 5115 1583 5127 ’
1714 5115 1732 5131 ’
1760 5115 1795 5118 γ’
1832 5115 1922 5121 ﬂ"
2031 5143 2083 5185 ο.
2107 5130 2492 5197 supradictum.
2522 5115 2862 5184 Sunt'autem
2891 5115 3091 5198 aliquot
3119 5115 3280 5181 verba
3301 5115 3505 5191 ex'ipso
3524 5137 3609 5178 va-

414 5199 502 5254 32.
551 5197 695 5253 Uxor
723 5196 840 5252 Lat.
876 5196 1016 5252 Idem
1045 5196 1399 5267 signiﬁcatum
1427 5211 1546 5254 esse
1572 5211 1770 5253 arcano
1793 5209 1918 5251 sen-
2031 5196 2213 5254 licinio
2236 5199 2486 5267 replicata
2519 5200 2571 5254 in
2594 5199 2694 5253 hac
2720 5196 2991 5268 allegoria.
3017 5198 3183 5268 Susa,

347 5283 427 5341 su,
454 5284 579 5324 cum
615 5283 756 5323 uxor
785 5269 900 5341 _Lot
926 5262 1188 5341 versa_'cst
1208 5270 1267 5341 in
1290 5277 1518 5341 statuam
1546 5270 1705 5335 salis,
1734 5268 1920 5322 scribit
2093 5262 2440 5325 39.1ssachar
2469 5269 2715 5324 Ecclesia
2746 5262 2926 5341 typ'um
2948 5269 3130 5341 tenuit.
3163 5262 3609 5341 Mendosesequi-

2025 5351 2112 5397 tur
2131 5342 2183 5396 in
2210 5341 2304 5413 lib.
2330 5343 2459 5412 imp.
2483 5343 2572 5412 qui
2601 5335 2844 5413 subjecit,
2873 5338 3155 5396 emendate
3191 5343 3372 5391 autem
3409 5336 3465 5391 in
3496 5335 3603 5393 bis.

2024 5428 2138 5485 qua:
2165 5412 2401 5485 subjecit.
2443 5414 2609 5485 Susa.

2095 5483 2184 5540 40.
2229 5482 2481 5538 Zabuton.
2532 5484 2644 5538 Non
2669 5484 2846 5538 minus
2883 5479 3263 5552 graviserror
3302 5487 3384 5535 est
3406 5480 3469 5552 _in
3503 5478 3610 5536 hoc

2024 5554 2162 5620 loco,
2188 5554 2315 5621 Qua:
2333 5572 2473 5610 secus
2494 5556 2681 5625 ﬂuctus
2702 5554 2859 5624 hujus
2883 5549 2997 5625 uitta
3017 5550 3378 5608 inhabitantes.
3406 5549 3616 5625 Legen-

2024 5625 2151 5680 dum
2179 5620 2319 5681 enim
2350 5641 2431 5681 est
2459 5620 2780 5687 inhabitans,
2798 5632 2854 5677 ut
2883 5622 3212 5684 habentms.
3244 5620 3602 5690 exemplaria.

2032 5697 2267 5764 Exponit
2297 5697 2433 5752 hanc
2477 5695 2785 5764 allegoriam
2833 5695 3090 5760 praeclare
3145 5694 3330 5749 beatus
3371 5689 3609 5747 Ambro-

348 5340 489 5411 Orig.
523 5341 578 5395 in
618 5354 651 5394 v
679 5354 730 5394 c.
771 5338 896 5394 Job.
929 5339 1040 5411 [mo
1070 5339 1361 5404 Dominus,
1387 5339 1690 5411 Lucaxvn,
1713 5342 1813 5411 hoc
1843 5346 1920 5394 te-

349 5421 425 5466 sta
437 5407 521 5466 ius
547 5419 652 5477 est,
681 5424 801 5465 cum
829 5411 900 5464 ait
931 5427 945 5463 :
977 5407 1287 5464 Mementote
1313 5414 1488 5465 uxoris
1517 5410 1638 5465 Lot.
1661 5410 1778 5476 Quo
1801 5410 1920 5465 loco

350 5480 763 5552 Tbeophilactus
790 5498 802 5531 :
843 5479 1101 5534 Prwclare
1140 5482 1356 5551 (inquit)
1379 5482 1447 5534 ad
1479 5484 1765 5552 exemptum
1799 5497 1921 5552 pos-

349 5553 581 5619 teritatis,
611 5551 760 5623 quasi
787 5552 1036 5623 columnae
1052 5552 1352 5623 inscriptum
1372 5553 1530 5622 fuisse
1549 5551 1761 5618 malum,
1784 5551 1922 5622 quod

350 5624 442 5678 illa
469 5620 707 5695 perpessa
734 5631 830 5676 est.
877 5620 1134 5695 Iosephus
1179 5620 1384 5692 quidem
1405 5665 1422 5690 ,
1461 5624 1546 5693 qui
1586 5633 1692 5678 tam
1725 5620 1922 5695 (multis

351 5691 547 5751 secutis
559 5691 599 5766 ’ί
597 5697 672 5748 uit
693 5695 964 5764 posterior,
995 5708 1046 5746 se
1067 5691 1200 5766 hanc
1218 5702 1445 5748 statuam
1468 5691 1654 5749 uidisse
1672 5694 1916 5763 afﬁrmat.

354 5765 493 5823 Satis
529 5764 698 5820 autem
737 5764 1158 5835 proptereafuit,
1191 5773 1301 5830 aut,
1343 5767 1585 5835 quoniam
1642 5767 1923 5834 prudentite
2030 5767 2140 5822 sius
2161 5770 2227 5822 de
2257 5767 2525 5821 Beuedict.
2557 5764 2996 5835 patriarcharum,
3027 5780 3077 5822 c.
3109 5765 3162 5818 5.
3191 5764 3356 5819 Suae.

354 5838 634 5911 symbolum
661 5828 748 5892 sal
769 5828 864 5900 est,
887 5843 934 5888 et
955 5828 1180 5888 ciborum
1211 5828 1609 5905 condimentum,
1634 5828 1924 5891 mortalium
2101 5838 2158 5893 il
2176 5877 2189 5892 .
2236 5828 2592 5905 .‘Vephthatitn.
2628 5836 2700 5891 De
2743 5828 3029 5904 Nephtltalt
3074 5835 3208 5889 dixit
3237 5842 3385 5902 pater
3410 5828 3600 5910 Jacolt,

756 5927 1028 5988 Ρηιιοι..
1071 5925 1424 5988 LXXXIII.

3106 5923 3140 5978 ἡ
