  <div class='ocr_page' id='page_1' title='image "/cluster/home/n/w/nwhite01/storage/ocr_20150623/83/hvd.32044015469448/062.png"; bbox 0 0 4056 6350; ppageno 0'>
   <div class='ocr_carea' id='block_1_1' title="bbox 308 368 413 426">
    <p class='ocr_par' dir='ltr' id='par_1_1' title="bbox 308 368 413 426">
     <span class='ocr_line' id='line_1_1' title="bbox 308 368 413 426; baseline -0.01 0"><span class='ocrx_word' id='word_1_1' title='bbox 308 368 413 426; x_wconf 71' lang='grc'><strong>400</strong></span> 
     </span>
    </p>
   </div>
   <div class='ocr_carea' id='block_1_2' title="bbox 1190 341 2722 447">
    <p class='ocr_par' dir='ltr' id='par_1_2' title="bbox 1190 341 2722 447">
     <span class='ocr_line' id='line_1_2' title="bbox 1190 341 2722 447; baseline -0.001 -12"><span class='ocrx_word' id='word_1_2' title='bbox 1190 377 1605 436; x_wconf 78' lang='lat' dir='ltr'><strong>ALLEGORUE</strong></span> <span class='ocrx_word' id='word_1_3' title='bbox 1646 374 1961 447; x_wconf 71' lang='lat' dir='ltr'><strong>QUA’JDAM</strong></span> <span class='ocrx_word' id='word_1_4' title='bbox 1997 374 2413 434; x_wconf 62' lang='lat' dir='ltr'><strong>scamnum</strong></span> <span class='ocrx_word' id='word_1_5' title='bbox 2450 341 2722 435; x_wconf 62' lang='lat' dir='ltr'><strong>sicam.</strong></span> 
     </span>
    </p>
   </div>
   <div class='ocr_carea' id='block_1_3' title="bbox 3461 362 3575 437">
    <p class='ocr_par' dir='ltr' id='par_1_3' title="bbox 3461 362 3575 437">
     <span class='ocr_line' id='line_1_3' title="bbox 3461 362 3575 437; baseline 0 -1"><span class='ocrx_word' id='word_1_6' title='bbox 3461 362 3575 437; x_wconf 63' lang='lat' dir='ltr'><strong>liti</strong></span> 
     </span>
    </p>
   </div>
   <div class='ocr_carea' id='block_1_4' title="bbox 306 483 3581 565">
    <p class='ocr_par' dir='ltr' id='par_1_4' title="bbox 306 483 3581 565">
     <span class='ocr_line' id='line_1_4' title="bbox 306 483 3581 565; baseline 0.002 -24"><span class='ocrx_word' id='word_1_7' title='bbox 306 484 414 541; x_wconf 77' lang='lat' dir='ltr'><strong>cuit</strong></span> <span class='ocrx_word' id='word_1_8' title='bbox 442 483 751 555; x_wconf 76' lang='lat' dir='ltr'><strong>captivitate</strong></span> <span class='ocrx_word' id='word_1_9' title='bbox 777 489 1027 557; x_wconf 85' lang='lat' dir='ltr'><strong>poputum</strong></span> <span class='ocrx_word' id='word_1_10' title='bbox 1070 489 1165 545; x_wconf 90' lang='lat' dir='ltr'><strong>Dei</strong></span> <span class='ocrx_word' id='word_1_11' title='bbox 1215 494 1435 561; x_wconf 83' lang='lat' dir='ltr'><strong>perdere</strong></span> <span class='ocrx_word' id='word_1_12' title='bbox 1464 501 1517 547; x_wconf 89' lang='lat' dir='ltr'><strong>et</strong></span> <span class='ocrx_word' id='word_1_13' title='bbox 1550 492 1781 548; x_wconf 74' lang='lat' dir='ltr'><strong>terrenis</strong></span> <span class='ocrx_word' id='word_1_14' title='bbox 1808 493 1888 548; x_wconf 88' lang='lat' dir='ltr'><strong>vi-</strong></span> <span class='ocrx_word' id='word_1_15' title='bbox 1917 496 1973 555; x_wconf 67' lang='grc' dir='ltr'><strong>Α</strong></span> <span class='ocrx_word' id='word_1_16' title='bbox 1994 488 2069 544; x_wconf 81' lang='lat' dir='ltr'><strong>dit</strong></span> <span class='ocrx_word' id='word_1_17' title='bbox 2093 485 2325 559; x_wconf 75' lang='lat' dir='ltr'><strong>Spiritus</strong></span> <span class='ocrx_word' id='word_1_18' title='bbox 2351 485 2467 553; x_wconf 85' lang='lat' dir='ltr'><strong>Del,</strong></span> <span class='ocrx_word' id='word_1_19' title='bbox 2499 487 2829 557; x_wconf 80' lang='lat' dir='ltr'><strong>septuaginta</strong></span> <span class='ocrx_word' id='word_1_20' title='bbox 2850 486 2980 549; x_wconf 83' lang='lat' dir='ltr'><strong>duas</strong></span> <span class='ocrx_word' id='word_1_21' title='bbox 2998 486 3273 546; x_wconf 74' lang='lat' dir='ltr'><strong>nationum</strong></span> <span class='ocrx_word' id='word_1_22' title='bbox 3293 484 3502 565; x_wconf 74' lang='lat' dir='ltr'><strong>iinguas</strong></span> <span class='ocrx_word' id='word_1_23' title='bbox 3524 490 3581 548; x_wconf 84' lang='lat' dir='ltr'><strong>in</strong></span> 
     </span>
    </p>
   </div>
   <div class='ocr_carea' id='block_1_5' title="bbox 306 581 1406 654">
    <p class='ocr_par' dir='ltr' id='par_1_5' title="bbox 306 581 1406 654">
     <span class='ocr_line' id='line_1_5' title="bbox 306 581 1406 654; baseline 0.005 -16"><span class='ocrx_word' id='word_1_24' title='bbox 306 583 504 638; x_wconf 87' lang='lat' dir='ltr'><strong>tiorum</strong></span> <span class='ocrx_word' id='word_1_25' title='bbox 526 581 778 651; x_wconf 84' lang='lat' dir='ltr'><strong>cperibus</strong></span> <span class='ocrx_word' id='word_1_26' title='bbox 802 600 1139 654; x_wconf 64' lang='lat' dir='ltr'><strong>praegravare</strong></span> <span class='ocrx_word' id='word_1_27' title='bbox 1164 591 1406 643; x_wconf 90' lang='lat' dir='ltr'><strong>tentavit.</strong></span> 
     </span>
    </p>
   </div>
   <div class='ocr_carea' id='block_1_6' title="bbox 380 671 1897 755">
    <p class='ocr_par' dir='ltr' id='par_1_6' title="bbox 380 671 1897 755">
     <span class='ocr_line' id='line_1_6' title="bbox 380 671 1897 755; baseline 0.008 -28"><span class='ocrx_word' id='word_1_28' title='bbox 380 674 471 729; x_wconf 84' lang='lat'><strong>58.</strong></span> <span class='ocrx_word' id='word_1_29' title='bbox 506 671 637 728; x_wconf 87' lang='lat' dir='ltr'><strong>Filia</strong></span> <span class='ocrx_word' id='word_1_30' title='bbox 671 674 961 731; x_wconf 84' lang='lat' dir='ltr'><strong>Pharaonis</strong></span> <span class='ocrx_word' id='word_1_31' title='bbox 994 677 1185 748; x_wconf 73' lang='lat' dir='ltr'><strong>(Exod.</strong></span> <span class='ocrx_word' id='word_1_32' title='bbox 1217 681 1299 751; x_wconf 91' lang='grc' dir='ltr'>ιι),</span> <span class='ocrx_word' id='word_1_33' title='bbox 1342 696 1460 750; x_wconf 67' lang='lat' dir='ltr'><strong>quia</strong></span> <span class='ocrx_word' id='word_1_34' title='bbox 1482 680 1699 753; x_wconf 85' lang='lat' dir='ltr'><strong>Moysen</strong></span> <span class='ocrx_word' id='word_1_35' title='bbox 1732 697 1897 755; x_wconf 89' lang='lat' dir='ltr'><strong>expo-</strong></span> 
     </span>
    </p>
   </div>
   <div class='ocr_carea' id='block_1_7' title="bbox 305 767 1892 847">
    <p class='ocr_par' dir='ltr' id='par_1_7' title="bbox 305 767 1892 847">
     <span class='ocr_line' id='line_1_7' title="bbox 305 767 1892 847; baseline 0.009 -24"><span class='ocrx_word' id='word_1_36' title='bbox 305 767 467 823; x_wconf 79' lang='lat' dir='ltr'><strong>situm</strong></span> <span class='ocrx_word' id='word_1_37' title='bbox 489 768 555 822; x_wconf 92' lang='lat' dir='ltr'><strong>ad</strong></span> <span class='ocrx_word' id='word_1_38' title='bbox 574 768 741 838; x_wconf 83' lang='lat' dir='ltr'><strong>ripam</strong></span> <span class='ocrx_word' id='word_1_39' title='bbox 765 770 1000 825; x_wconf 84' lang='lat' dir='ltr'><strong>ﬂuminis</strong></span> <span class='ocrx_word' id='word_1_40' title='bbox 1020 772 1250 846; x_wconf 77' lang='lat' dir='ltr'><strong>collegit,</strong></span> <span class='ocrx_word' id='word_1_41' title='bbox 1270 775 1505 830; x_wconf 85' lang='lat' dir='ltr'><strong>Ecclesia</strong></span> <span class='ocrx_word' id='word_1_42' title='bbox 1530 777 1767 847; x_wconf 82' lang='lat' dir='ltr'><strong>gentium</strong></span> <span class='ocrx_word' id='word_1_43' title='bbox 1789 786 1892 847; x_wconf 82' lang='lat' dir='ltr'><strong>est,</strong></span> 
     </span>
    </p>
   </div>
   <div class='ocr_carea' id='block_1_8' title="bbox 304 858 1825 941">
    <p class='ocr_par' dir='ltr' id='par_1_8' title="bbox 304 858 1825 941">
     <span class='ocr_line' id='line_1_8' title="bbox 304 858 1825 941; baseline 0.007 -26"><span class='ocrx_word' id='word_1_44' title='bbox 304 876 425 931; x_wconf 74' lang='lat' dir='ltr'><strong>quae</strong></span> <span class='ocrx_word' id='word_1_45' title='bbox 451 859 727 918; x_wconf 74' lang='lat' dir='ltr'><strong>Christum</strong></span> <span class='ocrx_word' id='word_1_46' title='bbox 758 858 827 919; x_wconf 64' lang='lat' dir='ltr'><strong>aQ</strong></span> <span class='ocrx_word' id='word_1_47' title='bbox 868 864 1066 922; x_wconf 82' lang='lat' dir='ltr'><strong>ﬂumen</strong></span> <span class='ocrx_word' id='word_1_48' title='bbox 1097 868 1344 923; x_wconf 86' lang='lat' dir='ltr'><strong>salutaris</strong></span> <span class='ocrx_word' id='word_1_49' title='bbox 1376 870 1573 925; x_wconf 82' lang='lat' dir='ltr'><strong>lavacri</strong></span> <span class='ocrx_word' id='word_1_50' title='bbox 1603 873 1825 941; x_wconf 81' lang='lat' dir='ltr'><strong>reperit.</strong></span> 
     </span>
    </p>
   </div>
   <div class='ocr_carea' id='block_1_9' title="bbox 374 976 1897 1056">
    <p class='ocr_par' dir='ltr' id='par_1_9' title="bbox 374 976 1897 1056">
     <span class='ocr_line' id='line_1_9' title="bbox 374 976 1897 1056; baseline 0.007 -25"><span class='ocrx_word' id='word_1_51' title='bbox 374 976 465 1031; x_wconf 84' lang='lat'><strong>59.</strong></span> <span class='ocrx_word' id='word_1_52' title='bbox 526 976 738 1049; x_wconf 81' lang='lat' dir='ltr'><strong>Moyses</strong></span> <span class='ocrx_word' id='word_1_53' title='bbox 790 978 990 1049; x_wconf 70' lang='lat' dir='ltr'><strong>(Exod.</strong></span> <span class='ocrx_word' id='word_1_54' title='bbox 1050 980 1166 1050; x_wconf 86' lang='lat' dir='ltr'><strong>xui)</strong></span> <span class='ocrx_word' id='word_1_55' title='bbox 1207 991 1388 1053; x_wconf 84' lang='lat' dir='ltr'><strong>typum</strong></span> <span class='ocrx_word' id='word_1_56' title='bbox 1417 982 1617 1040; x_wconf 79' lang='lat' dir='ltr'><strong>Christi</strong></span> <span class='ocrx_word' id='word_1_57' title='bbox 1646 987 1897 1056; x_wconf 64' lang='lat' dir='ltr'><strong>gestavit,</strong></span> 
     </span>
    </p>
   </div>
   <div class='ocr_carea' id='block_1_10' title="bbox 304 1069 1895 1149">
    <p class='ocr_par' dir='ltr' id='par_1_10' title="bbox 304 1069 1895 1149">
     <span class='ocr_line' id='line_1_10' title="bbox 304 1069 1895 1149; baseline 0.01 -28"><span class='ocrx_word' id='word_1_58' title='bbox 304 1069 390 1137; x_wconf 88' lang='lat' dir='ltr'><strong>qui</strong></span> <span class='ocrx_word' id='word_1_59' title='bbox 422 1069 678 1138; x_wconf 79' lang='lat' dir='ltr'><strong>populum</strong></span> <span class='ocrx_word' id='word_1_60' title='bbox 726 1070 821 1127; x_wconf 89' lang='lat' dir='ltr'><strong>Dei</strong></span> <span class='ocrx_word' id='word_1_61' title='bbox 851 1088 881 1131; x_wconf 85' lang='lat' dir='ltr'><strong>a</strong></span> <span class='ocrx_word' id='word_1_62' title='bbox 906 1072 1035 1144; x_wconf 73' lang='lat' dir='ltr'><strong>iugo</strong></span> <span class='ocrx_word' id='word_1_63' title='bbox 1065 1073 1345 1131; x_wconf 67' lang='lat' dir='ltr'><strong>diabolicae</strong></span> <span class='ocrx_word' id='word_1_64' title='bbox 1365 1074 1648 1133; x_wconf 75' lang='lat' dir='ltr'><strong>servitutis</strong></span> <span class='ocrx_word' id='word_1_65' title='bbox 1678 1078 1895 1149; x_wconf 60' lang='lat' dir='ltr'><strong>eripuit.</strong></span> 
     </span>
    </p>
   </div>
   <div class='ocr_carea' id='block_1_11' title="bbox 300 1159 1697 1236">
    <p class='ocr_par' dir='ltr' id='par_1_11' title="bbox 300 1159 1697 1236">
     <span class='ocr_line' id='line_1_11' title="bbox 300 1159 1697 1236; baseline 0.005 -21"><span class='ocrx_word' id='word_1_66' title='bbox 300 1169 356 1215; x_wconf 91' lang='lat' dir='ltr'><strong>et</strong></span> <span class='ocrx_word' id='word_1_67' title='bbox 384 1159 560 1229; x_wconf 88' lang='lat' dir='ltr'><strong>ipsum</strong></span> <span class='ocrx_word' id='word_1_68' title='bbox 589 1160 866 1217; x_wconf 88' lang='lat' dir='ltr'><strong>diabolum</strong></span> <span class='ocrx_word' id='word_1_69' title='bbox 890 1164 940 1219; x_wconf 91' lang='lat' dir='ltr'><strong>in</strong></span> <span class='ocrx_word' id='word_1_70' title='bbox 970 1174 1167 1220; x_wconf 69' lang='lat' dir='ltr'><strong>acterna</strong></span> <span class='ocrx_word' id='word_1_71' title='bbox 1192 1182 1356 1236; x_wconf 73' lang='lat' dir='ltr'><strong>pinna</strong></span> <span class='ocrx_word' id='word_1_72' title='bbox 1397 1167 1697 1224; x_wconf 81' lang='lat' dir='ltr'><strong>damnavit.</strong></span> 
     </span>
    </p>
   </div>
   <div class='ocr_carea' id='block_1_12' title="bbox 374 1273 1896 1355">
    <p class='ocr_par' dir='ltr' id='par_1_12' title="bbox 374 1273 1896 1355">
     <span class='ocr_line' id='line_1_12' title="bbox 374 1273 1896 1355; baseline 0.007 -27"><span class='ocrx_word' id='word_1_73' title='bbox 374 1273 466 1330; x_wconf 88' lang='lat'><strong>60.</strong></span> <span class='ocrx_word' id='word_1_74' title='bbox 509 1276 688 1331; x_wconf 83' lang='lat' dir='ltr'><strong>Aaron</strong></span> <span class='ocrx_word' id='word_1_75' title='bbox 714 1278 988 1345; x_wconf 83' lang='lat' dir='ltr'><strong>sacerdos,</strong></span> <span class='ocrx_word' id='word_1_76' title='bbox 1012 1279 1105 1348; x_wconf 85' lang='lat' dir='ltr'><strong>qui</strong></span> <span class='ocrx_word' id='word_1_77' title='bbox 1134 1293 1330 1336; x_wconf 83' lang='lat' dir='ltr'><strong>cruore</strong></span> <span class='ocrx_word' id='word_1_78' title='bbox 1358 1282 1698 1338; x_wconf 69' lang='lat' dir='ltr'><strong>victimarum</strong></span> <span class='ocrx_word' id='word_1_79' title='bbox 1724 1297 1896 1355; x_wconf 85' lang='lat' dir='ltr'><strong>popu-</strong></span> 
     </span>
    </p>
   </div>
   <div class='ocr_carea' id='block_1_13' title="bbox 304 1365 1897 1444">
    <p class='ocr_par' dir='ltr' id='par_1_13' title="bbox 304 1365 1897 1444">
     <span class='ocr_line' id='line_1_13' title="bbox 304 1365 1897 1444; baseline 0.008 -25"><span class='ocrx_word' id='word_1_80' title='bbox 304 1365 412 1419; x_wconf 87' lang='lat' dir='ltr'><strong>lum</strong></span> <span class='ocrx_word' id='word_1_81' title='bbox 438 1368 712 1436; x_wconf 83' lang='lat' dir='ltr'><strong>expiabat,</strong></span> <span class='ocrx_word' id='word_1_82' title='bbox 750 1371 904 1440; x_wconf 78' lang='lat'><strong>127</strong></span> <span class='ocrx_word' id='word_1_83' title='bbox 936 1371 1207 1439; x_wconf 81' lang='lat' dir='ltr'><strong>signiﬁcat</strong></span> <span class='ocrx_word' id='word_1_84' title='bbox 1243 1369 1537 1440; x_wconf 87' lang='lat' dir='ltr'><strong>Christum,</strong></span> <span class='ocrx_word' id='word_1_85' title='bbox 1564 1374 1659 1444; x_wconf 85' lang='lat' dir='ltr'><strong>qui</strong></span> <span class='ocrx_word' id='word_1_86' title='bbox 1687 1374 1897 1435; x_wconf 64' lang='grc' dir='ltr'><strong>εδει-ἰῆς</strong></span> 
     </span>
    </p>
   </div>
   <div class='ocr_carea' id='block_1_14' title="bbox 305 1457 1473 1530">
    <p class='ocr_par' dir='ltr' id='par_1_14' title="bbox 305 1457 1473 1530">
     <span class='ocr_line' id='line_1_14' title="bbox 305 1457 1473 1530; baseline 0.007 -17"><span class='ocrx_word' id='word_1_87' title='bbox 305 1457 389 1513; x_wconf 90' lang='lat' dir='ltr'><strong>cio</strong></span> <span class='ocrx_word' id='word_1_88' title='bbox 419 1458 699 1530; x_wconf 71' lang='lat' dir='ltr'><strong>sanguinis</strong></span> <span class='ocrx_word' id='word_1_89' title='bbox 720 1460 801 1515; x_wconf 84' lang='lat' dir='ltr'><strong>sui</strong></span> <span class='ocrx_word' id='word_1_90' title='bbox 832 1472 1059 1530; x_wconf 78' lang='lat' dir='ltr'><strong>peccata</strong></span> <span class='ocrx_word' id='word_1_91' title='bbox 1085 1462 1241 1517; x_wconf 86' lang='lat' dir='ltr'><strong>diluit</strong></span> <span class='ocrx_word' id='word_1_92' title='bbox 1266 1464 1473 1521; x_wconf 74' lang='lat' dir='ltr'><strong>mundi.</strong></span> 
     </span>
    </p>
   </div>
   <div class='ocr_carea' id='block_1_15' title="bbox 373 1568 1899 1661">
    <p class='ocr_par' dir='ltr' id='par_1_15' title="bbox 373 1568 1899 1661">
     <span class='ocr_line' id='line_1_15' title="bbox 373 1568 1899 1661; baseline 0.009 -40"><span class='ocrx_word' id='word_1_93' title='bbox 373 1568 466 1625; x_wconf 75' lang='grc'><strong>61.</strong></span> <span class='ocrx_word' id='word_1_94' title='bbox 490 1570 678 1635; x_wconf 72' lang='lat' dir='ltr'><strong>Har-ia,</strong></span> <span class='ocrx_word' id='word_1_95' title='bbox 698 1586 855 1626; x_wconf 85' lang='lat' dir='ltr'><strong>soror</strong></span> <span class='ocrx_word' id='word_1_96' title='bbox 878 1573 1045 1644; x_wconf 70' lang='lat' dir='ltr'><strong>Moysi</strong></span> <span class='ocrx_word' id='word_1_97' title='bbox 1075 1574 1267 1644; x_wconf 82' lang='lat' dir='ltr'><strong>(Num.</strong></span> <span class='ocrx_word' id='word_1_98' title='bbox 1295 1576 1392 1647; x_wconf 84' lang='lat' dir='ltr'><strong>xit)</strong></span> <span class='ocrx_word' id='word_1_99' title='bbox 1412 1616 1435 1645; x_wconf 80' lang='lat'><strong>,</strong></span> <span class='ocrx_word' id='word_1_100' title='bbox 1453 1578 1749 1649; x_wconf 73' lang='lat' dir='ltr'><strong>Synagogre</strong></span> <span class='ocrx_word' id='word_1_101' title='bbox 1777 1595 1899 1661; x_wconf 40' lang='lat' dir='ltr'><strong>spe?</strong></span> 
     </span>
    </p>
   </div>
   <div class='ocr_carea' id='block_1_16' title="bbox 304 1661 1902 1738">
    <p class='ocr_par' dir='ltr' id='par_1_16' title="bbox 304 1661 1902 1738">
     <span class='ocr_line' id='line_1_16' title="bbox 304 1661 1902 1738; baseline 0.008 -21"><span class='ocrx_word' id='word_1_102' title='bbox 304 1661 441 1717; x_wconf 79' lang='lat' dir='ltr'><strong>ciem</strong></span> <span class='ocrx_word' id='word_1_103' title='bbox 474 1662 732 1730; x_wconf 64' lang='lat' dir='ltr'><strong>pratuiit,</strong></span> <span class='ocrx_word' id='word_1_104' title='bbox 758 1680 876 1733; x_wconf 69' lang='lat' dir='ltr'><strong>quas</strong></span> <span class='ocrx_word' id='word_1_105' title='bbox 919 1666 1133 1733; x_wconf 81' lang='lat' dir='ltr'><strong>Ieprosa</strong></span> <span class='ocrx_word' id='word_1_106' title='bbox 1173 1677 1393 1738; x_wconf 87' lang='lat' dir='ltr'><strong>propter</strong></span> <span class='ocrx_word' id='word_1_107' title='bbox 1417 1673 1805 1727; x_wconf 76' lang='lat' dir='ltr'><strong>detractionem</strong></span> <span class='ocrx_word' id='word_1_108' title='bbox 1845 1682 1902 1729; x_wconf 85' lang='lat' dir='ltr'><strong>et</strong></span> 
     </span>
    </p>
   </div>
   <div class='ocr_carea' id='block_1_17' title="bbox 305 1754 1547 1829">
    <p class='ocr_par' dir='ltr' id='par_1_17' title="bbox 305 1754 1547 1829">
     <span class='ocr_line' id='line_1_17' title="bbox 305 1754 1547 1829; baseline 0.008 -22"><span class='ocrx_word' id='word_1_109' title='bbox 305 1754 782 1829; x_wconf 71' lang='lat' dir='ltr'><strong>murmurationem</strong></span> <span class='ocrx_word' id='word_1_110' title='bbox 806 1766 993 1811; x_wconf 82' lang='lat' dir='ltr'><strong>contra</strong></span> <span class='ocrx_word' id='word_1_111' title='bbox 1020 1756 1303 1813; x_wconf 83' lang='lat' dir='ltr'><strong>Clirtsiuin-</strong></span> <span class='ocrx_word' id='word_1_112' title='bbox 1322 1763 1547 1817; x_wconf 83' lang='lat' dir='ltr'><strong>exstitit.</strong></span> 
     </span>
    </p>
   </div>
   <div class='ocr_carea' id='block_1_18' title="bbox 2002 580 3583 659">
    <p class='ocr_par' dir='ltr' id='par_1_18' title="bbox 2002 580 3583 659">
     <span class='ocr_line' id='line_1_18' title="bbox 2002 580 3583 659; baseline 0.002 -21"><span class='ocrx_word' id='word_1_113' title='bbox 2002 582 2105 638; x_wconf 85' lang='lat' dir='ltr'><strong>hoc</strong></span> <span class='ocrx_word' id='word_1_114' title='bbox 2128 581 2327 635; x_wconf 91' lang='lat' dir='ltr'><strong>mundo</strong></span> <span class='ocrx_word' id='word_1_115' title='bbox 2346 580 2566 637; x_wconf 80' lang='lat' dir='ltr'><strong>diﬂ&#39;usas</strong></span> <span class='ocrx_word' id='word_1_116' title='bbox 2592 584 2749 659; x_wconf 69' lang='lat'><strong>128</strong></span> <span class='ocrx_word' id='word_1_117' title='bbox 2775 581 3091 648; x_wconf 80' lang='lat' dir='ltr'><strong>ostendunt,</strong></span> <span class='ocrx_word' id='word_1_118' title='bbox 3116 598 3187 638; x_wconf 84' lang='lat' dir='ltr'><strong>ex</strong></span> <span class='ocrx_word' id='word_1_119' title='bbox 3210 584 3404 656; x_wconf 83' lang='lat' dir='ltr'><strong>quibus</strong></span> <span class='ocrx_word' id='word_1_120' title='bbox 3426 582 3583 645; x_wconf 84' lang='lat' dir='ltr'><strong>inulti</strong></span> 
     </span>
    </p>
   </div>
   <div class='ocr_carea' id='block_1_19' title="bbox 1999 674 3346 747">
    <p class='ocr_par' dir='ltr' id='par_1_19' title="bbox 1999 674 3346 747">
     <span class='ocr_line' id='line_1_19' title="bbox 1999 674 3346 747; baseline -0.001 -17"><span class='ocrx_word' id='word_1_121' title='bbox 1999 675 2279 730; x_wconf 80' lang='lat' dir='ltr'><strong>credentes</strong></span> <span class='ocrx_word' id='word_1_122' title='bbox 2303 676 2523 744; x_wconf 78' lang='lat' dir='ltr'><strong>gratiam</strong></span> <span class='ocrx_word' id='word_1_123' title='bbox 2548 674 2777 744; x_wconf 85' lang='lat' dir='ltr'><strong>Spiritus</strong></span> <span class='ocrx_word' id='word_1_124' title='bbox 2803 674 2975 733; x_wconf 84' lang='lat' dir='ltr'><strong>sancti</strong></span> <span class='ocrx_word' id='word_1_125' title='bbox 3001 682 3346 747; x_wconf 86' lang='lat' dir='ltr'><strong>acceperunt.</strong></span> 
     </span>
    </p>
   </div>
   <div class='ocr_carea' id='block_1_20' title="bbox 2073 763 3584 839">
    <p class='ocr_par' dir='ltr' id='par_1_20' title="bbox 2073 763 3584 839">
     <span class='ocr_line' id='line_1_20' title="bbox 2073 763 3584 839; baseline 0.001 -20"><span class='ocrx_word' id='word_1_126' title='bbox 2073 766 2165 822; x_wconf 81' lang='grc'><strong>66.</strong></span> <span class='ocrx_word' id='word_1_127' title='bbox 2198 765 2402 822; x_wconf 89' lang='lat' dir='ltr'><strong>Datban</strong></span> <span class='ocrx_word' id='word_1_128' title='bbox 2431 776 2485 822; x_wconf 91' lang='lat' dir='ltr'><strong>et</strong></span> <span class='ocrx_word' id='word_1_129' title='bbox 2512 765 2748 833; x_wconf 78' lang='lat' dir='ltr'><strong>Abiron,</strong></span> <span class='ocrx_word' id='word_1_130' title='bbox 2780 775 2833 820; x_wconf 91' lang='lat' dir='ltr'><strong>et</strong></span> <span class='ocrx_word' id='word_1_131' title='bbox 2861 767 3071 833; x_wconf 73' lang='lat' dir='ltr'><strong>caeteri,</strong></span> <span class='ocrx_word' id='word_1_132' title='bbox 3101 767 3225 839; x_wconf 89' lang='lat' dir='ltr'><strong>qui,</strong></span> <span class='ocrx_word' id='word_1_133' title='bbox 3255 781 3316 827; x_wconf 89' lang='lat' dir='ltr'><strong>se</strong></span> <span class='ocrx_word' id='word_1_134' title='bbox 3344 763 3584 837; x_wconf 78' lang='lat' dir='ltr'><strong>aMoysc</strong></span> 
     </span>
    </p>
   </div>
   <div class='ocr_carea' id='block_1_21' title="bbox 2001 856 3585 933">
    <p class='ocr_par' dir='ltr' id='par_1_21' title="bbox 2001 856 3585 933">
     <span class='ocr_line' id='line_1_21' title="bbox 2001 856 3585 933; baseline 0.001 -19"><span class='ocrx_word' id='word_1_135' title='bbox 2001 864 2057 914; x_wconf 87' lang='lat' dir='ltr'><strong>et</strong></span> <span class='ocrx_word' id='word_1_136' title='bbox 2089 862 2270 913; x_wconf 82' lang='lat' dir='ltr'><strong>Aaron</strong></span> <span class='ocrx_word' id='word_1_137' title='bbox 2311 864 2688 933; x_wconf 84' lang='lat' dir='ltr'><strong>segregantes,</strong></span> <span class='ocrx_word' id='word_1_138' title='bbox 2739 856 3063 915; x_wconf 75' lang='lat' dir='ltr'><strong>sacrificium</strong></span> <span class='ocrx_word' id='word_1_139' title='bbox 3104 873 3365 931; x_wconf 82' lang='lat' dir='ltr'><strong>usurpare</strong></span> <span class='ocrx_word' id='word_1_140' title='bbox 3406 858 3585 919; x_wconf 80' lang='lat' dir='ltr'><strong>conati</strong></span> 
     </span>
    </p>
   </div>
   <div class='ocr_carea' id='block_1_22' title="bbox 2002 947 3584 1027">
    <p class='ocr_par' dir='ltr' id='par_1_22' title="bbox 2002 947 3584 1027">
     <span class='ocr_line' id='line_1_22' title="bbox 2002 947 3584 1027; baseline 0.003 -25"><span class='ocrx_word' id='word_1_141' title='bbox 2002 954 2129 1005; x_wconf 86' lang='lat' dir='ltr'><strong>sunt</strong></span> <span class='ocrx_word' id='word_1_142' title='bbox 2150 947 2339 1027; x_wconf 83' lang='lat' dir='ltr'><strong>(Num.</strong></span> <span class='ocrx_word' id='word_1_143' title='bbox 2364 950 2480 1017; x_wconf 89' lang='lat' dir='ltr'><strong>xvi)</strong></span> <span class='ocrx_word' id='word_1_144' title='bbox 2498 991 2513 1017; x_wconf 86' lang='lat'><strong>,</strong></span> <span class='ocrx_word' id='word_1_145' title='bbox 2544 947 2917 1005; x_wconf 70' lang='lat' dir='ltr'><strong>haereticorum</strong></span> <span class='ocrx_word' id='word_1_146' title='bbox 2942 952 3261 1021; x_wconf 83' lang='lat' dir='ltr'><strong>pravitatem</strong></span> <span class='ocrx_word' id='word_1_147' title='bbox 3276 951 3584 1025; x_wconf 86' lang='lat' dir='ltr'><strong>designant,</strong></span> 
     </span>
    </p>
   </div>
   <div class='ocr_carea' id='block_1_23' title="bbox 2001 1040 3587 1110">
    <p class='ocr_par' dir='ltr' id='par_1_23' title="bbox 2001 1040 3587 1110">
     <span class='ocr_line' id='line_1_23' title="bbox 2001 1040 3587 1110; baseline 0 -14"><span class='ocrx_word' id='word_1_148' title='bbox 2001 1051 2055 1097; x_wconf 91' lang='lat' dir='ltr'><strong>et</strong></span> <span class='ocrx_word' id='word_1_149' title='bbox 2078 1042 2369 1110; x_wconf 85' lang='lat' dir='ltr'><strong>perniciem</strong></span> <span class='ocrx_word' id='word_1_150' title='bbox 2391 1054 2576 1095; x_wconf 91' lang='lat' dir='ltr'><strong>eorum</strong></span> <span class='ocrx_word' id='word_1_151' title='bbox 2608 1041 2697 1109; x_wconf 92' lang='lat' dir='ltr'><strong>qui</strong></span> <span class='ocrx_word' id='word_1_152' title='bbox 2727 1055 2784 1096; x_wconf 90' lang='lat' dir='ltr'><strong>se</strong></span> <span class='ocrx_word' id='word_1_153' title='bbox 2814 1056 2844 1096; x_wconf 88' lang='lat' dir='ltr'><strong>a</strong></span> <span class='ocrx_word' id='word_1_154' title='bbox 2874 1040 3245 1101; x_wconf 84' lang='lat' dir='ltr'><strong>sacerdotibus</strong></span> <span class='ocrx_word' id='word_1_155' title='bbox 3286 1040 3488 1099; x_wconf 84' lang='lat' dir='ltr'><strong>Christi</strong></span> <span class='ocrx_word' id='word_1_156' title='bbox 3531 1048 3587 1097; x_wconf 87' lang='lat' dir='ltr'><strong>et</strong></span> 
     </span>
    </p>
   </div>
   <div class='ocr_carea' id='block_1_24' title="bbox 2001 1131 3586 1209">
    <p class='ocr_par' dir='ltr' id='par_1_24' title="bbox 2001 1131 3586 1209">
     <span class='ocr_line' id='line_1_24' title="bbox 2001 1131 3586 1209; baseline 0.002 -21"><span class='ocrx_word' id='word_1_157' title='bbox 2001 1148 2033 1188; x_wconf 87' lang='lat' dir='ltr'><strong>a</strong></span> <span class='ocrx_word' id='word_1_158' title='bbox 2062 1135 2317 1189; x_wconf 86' lang='lat' dir='ltr'><strong>societate</strong></span> <span class='ocrx_word' id='word_1_159' title='bbox 2350 1132 2609 1193; x_wconf 71' lang='lat' dir='ltr'><strong>Ecclesia:</strong></span> <span class='ocrx_word' id='word_1_160' title='bbox 2636 1134 2916 1201; x_wconf 83' lang='lat' dir='ltr'><strong>dividunt,</strong></span> <span class='ocrx_word' id='word_1_161' title='bbox 2948 1142 3004 1189; x_wconf 88' lang='lat' dir='ltr'><strong>et</strong></span> <span class='ocrx_word' id='word_1_162' title='bbox 3051 1131 3315 1191; x_wconf 77' lang='lat' dir='ltr'><strong>sacriﬁcia</strong></span> <span class='ocrx_word' id='word_1_163' title='bbox 3362 1133 3586 1209; x_wconf 75' lang='lat' dir='ltr'><strong>profana</strong></span> 
     </span>
    </p>
   </div>
   <div class='ocr_carea' id='block_1_25' title="bbox 2002 1234 2303 1280">
    <p class='ocr_par' dir='ltr' id='par_1_25' title="bbox 2002 1234 2303 1280">
     <span class='ocr_line' id='line_1_25' title="bbox 2002 1234 2303 1280; baseline 0 -1"><span class='ocrx_word' id='word_1_164' title='bbox 2002 1234 2303 1280; x_wconf 86' lang='lat' dir='ltr'><strong>assumunt.</strong></span> 
     </span>
    </p>
   </div>
   <div class='ocr_carea' id='block_1_26' title="bbox 2071 1316 3587 1391">
    <p class='ocr_par' dir='ltr' id='par_1_26' title="bbox 2071 1316 3587 1391">
     <span class='ocr_line' id='line_1_26' title="bbox 2071 1316 3587 1391; baseline 0.001 -18"><span class='ocrx_word' id='word_1_165' title='bbox 2071 1318 2165 1373; x_wconf 89' lang='lat'><strong>67.</strong></span> <span class='ocrx_word' id='word_1_166' title='bbox 2211 1318 2462 1386; x_wconf 83' lang='lat' dir='ltr'><strong>Balaam,</strong></span> <span class='ocrx_word' id='word_1_167' title='bbox 2506 1316 2597 1388; x_wconf 91' lang='lat' dir='ltr'><strong>qui</strong></span> <span class='ocrx_word' id='word_1_168' title='bbox 2637 1317 2835 1373; x_wconf 84' lang='lat' dir='ltr'><strong>cadens</strong></span> <span class='ocrx_word' id='word_1_169' title='bbox 2872 1327 3085 1388; x_wconf 89' lang='lat' dir='ltr'><strong>apertos</strong></span> <span class='ocrx_word' id='word_1_170' title='bbox 3141 1318 3328 1374; x_wconf 89' lang='lat' dir='ltr'><strong>oculos</strong></span> <span class='ocrx_word' id='word_1_171' title='bbox 3370 1316 3587 1391; x_wconf 83' lang='lat' dir='ltr'><strong>habuit,</strong></span> 
     </span>
    </p>
   </div>
   <div class='ocr_carea' id='block_1_27' title="bbox 2004 1409 3588 1485">
    <p class='ocr_par' dir='ltr' id='par_1_27' title="bbox 2004 1409 3588 1485">
     <span class='ocr_line' id='line_1_27' title="bbox 2004 1409 3588 1485; baseline 0.003 -20"><span class='ocrx_word' id='word_1_172' title='bbox 2004 1409 2193 1481; x_wconf 84' lang='lat' dir='ltr'><strong>(Nunt.</strong></span> <span class='ocrx_word' id='word_1_173' title='bbox 2233 1411 2401 1481; x_wconf 81' lang='lat' dir='ltr'><strong>xm),</strong></span> <span class='ocrx_word' id='word_1_174' title='bbox 2451 1419 2631 1480; x_wconf 85' lang='lat' dir='ltr'><strong>typum</strong></span> <span class='ocrx_word' id='word_1_175' title='bbox 2680 1424 2864 1466; x_wconf 89' lang='lat' dir='ltr'><strong>eorum</strong></span> <span class='ocrx_word' id='word_1_176' title='bbox 2936 1411 3109 1467; x_wconf 89' lang='lat' dir='ltr'><strong>tenuit</strong></span> <span class='ocrx_word' id='word_1_177' title='bbox 3152 1411 3243 1485; x_wconf 86' lang='lat' dir='ltr'><strong>qui</strong></span> <span class='ocrx_word' id='word_1_178' title='bbox 3288 1426 3384 1482; x_wconf 81' lang='lat' dir='ltr'><strong>per</strong></span> <span class='ocrx_word' id='word_1_179' title='bbox 3422 1412 3588 1470; x_wconf 79' lang='lat' dir='ltr'><strong>ﬁdem</strong></span> 
     </span>
    </p>
   </div>
   <div class='ocr_carea' id='block_1_28' title="bbox 2001 1501 3589 1576">
    <p class='ocr_par' dir='ltr' id='par_1_28' title="bbox 2001 1501 3589 1576">
     <span class='ocr_line' id='line_1_28' title="bbox 2001 1501 3589 1576; baseline 0.001 -17"><span class='ocrx_word' id='word_1_180' title='bbox 2001 1503 2358 1574; x_wconf 81' lang='lat' dir='ltr'><strong>cognitionem</strong></span> <span class='ocrx_word' id='word_1_181' title='bbox 2386 1501 2482 1559; x_wconf 83' lang='lat' dir='ltr'><strong>Dei</strong></span> <span class='ocrx_word' id='word_1_182' title='bbox 2518 1504 2735 1570; x_wconf 86' lang='lat' dir='ltr'><strong>habent,</strong></span> <span class='ocrx_word' id='word_1_183' title='bbox 2767 1502 2863 1560; x_wconf 90' lang='lat' dir='ltr'><strong>sed</strong></span> <span class='ocrx_word' id='word_1_184' title='bbox 2904 1502 3177 1563; x_wconf 84' lang='lat' dir='ltr'><strong>obscurati</strong></span> <span class='ocrx_word' id='word_1_185' title='bbox 3205 1505 3360 1561; x_wconf 87' lang='lat' dir='ltr'><strong>malis</strong></span> <span class='ocrx_word' id='word_1_186' title='bbox 3402 1506 3589 1576; x_wconf 78' lang='lat' dir='ltr'><strong>operi-</strong></span> 
     </span>
    </p>
   </div>
   <div class='ocr_carea' id='block_1_29' title="bbox 2003 1596 2413 1651">
    <p class='ocr_par' dir='ltr' id='par_1_29' title="bbox 2003 1596 2413 1651">
     <span class='ocr_line' id='line_1_29' title="bbox 2003 1596 2413 1651; baseline 0.002 -1"><span class='ocrx_word' id='word_1_187' title='bbox 2003 1596 2103 1651; x_wconf 90' lang='lat' dir='ltr'><strong>bus</strong></span> <span class='ocrx_word' id='word_1_188' title='bbox 2131 1605 2413 1651; x_wconf 89' lang='lat' dir='ltr'><strong>corruunt.</strong></span> 
     </span>
    </p>
   </div>
   <div class='ocr_carea' id='block_1_30' title="bbox 2072 1685 3588 1763">
    <p class='ocr_par' dir='ltr' id='par_1_30' title="bbox 2072 1685 3588 1763">
     <span class='ocr_line' id='line_1_30' title="bbox 2072 1685 3588 1763; baseline -0.001 -19"><span class='ocrx_word' id='word_1_189' title='bbox 2072 1688 2162 1744; x_wconf 80' lang='lat'><strong>68.</strong></span> <span class='ocrx_word' id='word_1_190' title='bbox 2194 1688 2454 1755; x_wconf 85' lang='lat' dir='ltr'><strong>Pliinees,</strong></span> <span class='ocrx_word' id='word_1_191' title='bbox 2487 1688 2577 1758; x_wconf 88' lang='lat' dir='ltr'><strong>qui</strong></span> <span class='ocrx_word' id='word_1_192' title='bbox 2608 1686 2823 1763; x_wconf 85' lang='lat' dir='ltr'><strong>Zambri</strong></span> <span class='ocrx_word' id='word_1_193' title='bbox 2854 1696 2912 1742; x_wconf 91' lang='lat' dir='ltr'><strong>et</strong></span> <span class='ocrx_word' id='word_1_194' title='bbox 2935 1695 3174 1742; x_wconf 90' lang='lat' dir='ltr'><strong>scortum</strong></span> <span class='ocrx_word' id='word_1_195' title='bbox 3223 1686 3277 1742; x_wconf 90' lang='lat' dir='ltr'><strong>in</strong></span> <span class='ocrx_word' id='word_1_196' title='bbox 3324 1685 3588 1743; x_wconf 86' lang='lat' dir='ltr'><strong>adulterio</strong></span> 
     </span>
    </p>
   </div>
   <div class='ocr_carea' id='block_1_31' title="bbox 2000 1779 3589 1854">
    <p class='ocr_par' dir='ltr' id='par_1_31' title="bbox 2000 1779 3589 1854">
     <span class='ocr_line' id='line_1_31' title="bbox 2000 1779 3589 1854; baseline 0.002 -18"><span class='ocrx_word' id='word_1_197' title='bbox 2000 1790 2386 1836; x_wconf 89' lang='lat' dir='ltr'><strong>conversantes</strong></span> <span class='ocrx_word' id='word_1_198' title='bbox 2433 1782 2632 1850; x_wconf 85' lang='lat' dir='ltr'><strong>pariter</strong></span> <span class='ocrx_word' id='word_1_199' title='bbox 2678 1780 2954 1836; x_wconf 88' lang='lat' dir='ltr'><strong>interemit</strong></span> <span class='ocrx_word' id='word_1_200' title='bbox 3000 1779 3189 1852; x_wconf 82' lang='lat' dir='ltr'><strong>(Num.</strong></span> <span class='ocrx_word' id='word_1_201' title='bbox 3235 1784 3407 1854; x_wconf 83' lang='lat' dir='ltr'><strong>xxv),</strong></span> <span class='ocrx_word' id='word_1_202' title='bbox 3452 1782 3589 1853; x_wconf 80' lang='lat' dir='ltr'><strong>[igu-</strong></span> 
     </span>
    </p>
   </div>
   <div class='ocr_carea' id='block_1_32' title="bbox 373 1864 3589 1952">
    <p class='ocr_par' dir='ltr' id='par_1_32' title="bbox 373 1864 3589 1952">
     <span class='ocr_line' id='line_1_32' title="bbox 373 1864 3589 1952; baseline 0.005 -35"><span class='ocrx_word' id='word_1_203' title='bbox 373 1864 465 1920; x_wconf 77' lang='lat'><strong>82.</strong></span> <span class='ocrx_word' id='word_1_204' title='bbox 503 1866 652 1922; x_wconf 84' lang='lat' dir='ltr'><strong>Uxor</strong></span> <span class='ocrx_word' id='word_1_205' title='bbox 694 1869 867 1939; x_wconf 78' lang='lat' dir='ltr'><strong>Moysi</strong></span> <span class='ocrx_word' id='word_1_206' title='bbox 906 1866 1232 1939; x_wconf 59' lang='lat' dir='ltr'><strong>IEtliiopissa</strong></span> <span class='ocrx_word' id='word_1_207' title='bbox 1289 1872 1484 1944; x_wconf 64' lang='lat' dir='ltr'><strong>(Exod.</strong></span> <span class='ocrx_word' id='word_1_208' title='bbox 1522 1876 1605 1946; x_wconf 88' lang='grc' dir='ltr'>ιι),</span> <span class='ocrx_word' id='word_1_209' title='bbox 1654 1876 1897 1946; x_wconf 82' lang='lat' dir='ltr'><strong>ﬁguravit</strong></span> <span class='ocrx_word' id='word_1_210' title='bbox 1927 1889 1975 1952; x_wconf 78' lang='grc' dir='ltr'><strong>Β</strong></span> <span class='ocrx_word' id='word_1_211' title='bbox 2001 1891 2114 1931; x_wconf 90' lang='lat' dir='ltr'><strong>rani</strong></span> <span class='ocrx_word' id='word_1_212' title='bbox 2143 1875 2311 1930; x_wconf 89' lang='lat' dir='ltr'><strong>tenuit</strong></span> <span class='ocrx_word' id='word_1_213' title='bbox 2335 1885 2637 1929; x_wconf 77' lang='lat' dir='ltr'><strong>sanctorum</strong></span> <span class='ocrx_word' id='word_1_214' title='bbox 2660 1874 2968 1941; x_wconf 89' lang='lat' dir='ltr'><strong>ductorum,</strong></span> <span class='ocrx_word' id='word_1_215' title='bbox 3000 1875 3092 1944; x_wconf 90' lang='lat' dir='ltr'><strong>qui</strong></span> <span class='ocrx_word' id='word_1_216' title='bbox 3117 1874 3330 1931; x_wconf 70' lang='lat' dir='ltr'><strong>.ltidasos</strong></span> <span class='ocrx_word' id='word_1_217' title='bbox 3377 1888 3430 1932; x_wconf 89' lang='lat' dir='ltr'><strong>et</strong></span> <span class='ocrx_word' id='word_1_218' title='bbox 3481 1879 3589 1933; x_wconf 72' lang='lat' dir='ltr'><strong>hai-</strong></span> 
     </span>
    </p>
   </div>
   <div class='ocr_carea' id='block_1_33' title="bbox 304 1957 1895 2039">
    <p class='ocr_par' dir='ltr' id='par_1_33' title="bbox 304 1957 1895 2039">
     <span class='ocr_line' id='line_1_33' title="bbox 304 1957 1895 2039; baseline 0.009 -25"><span class='ocrx_word' id='word_1_219' title='bbox 304 1957 599 2014; x_wconf 81' lang='lat' dir='ltr'><strong>Ecclesiain</strong></span> <span class='ocrx_word' id='word_1_220' title='bbox 622 1975 688 2015; x_wconf 89' lang='lat' dir='ltr'><strong>ex</strong></span> <span class='ocrx_word' id='word_1_221' title='bbox 711 1961 959 2032; x_wconf 78' lang='lat' dir='ltr'><strong>gentibus</strong></span> <span class='ocrx_word' id='word_1_222' title='bbox 979 1963 1198 2020; x_wconf 86' lang='lat' dir='ltr'><strong>Christo</strong></span> <span class='ocrx_word' id='word_1_223' title='bbox 1226 1966 1565 2035; x_wconf 87' lang='lat' dir='ltr'><strong>conjunctam</strong></span> <span class='ocrx_word' id='word_1_224' title='bbox 1587 2011 1600 2032; x_wconf 92' lang='lat'><strong>,</strong></span> <span class='ocrx_word' id='word_1_225' title='bbox 1631 1971 1783 2039; x_wconf 89' lang='lat' dir='ltr'><strong>cujus</strong></span> <span class='ocrx_word' id='word_1_226' title='bbox 1826 1976 1895 2027; x_wconf 84' lang='lat' dir='ltr'><strong>ob</strong></span> 
     </span>
    </p>
   </div>
   <div class='ocr_carea' id='block_1_34' title="bbox 304 2056 1894 2137">
    <p class='ocr_par' dir='ltr' id='par_1_34' title="bbox 304 2056 1894 2137">
     <span class='ocr_line' id='line_1_34' title="bbox 304 2056 1894 2137; baseline 0.008 -28"><span class='ocrx_word' id='word_1_227' title='bbox 304 2069 520 2109; x_wconf 81' lang='lat' dir='ltr'><strong>causam</strong></span> <span class='ocrx_word' id='word_1_228' title='bbox 546 2056 647 2110; x_wconf 80' lang='lat' dir='ltr'><strong>zeli</strong></span> <span class='ocrx_word' id='word_1_229' title='bbox 672 2057 950 2129; x_wconf 86' lang='lat' dir='ltr'><strong>Synagoga</strong></span> <span class='ocrx_word' id='word_1_230' title='bbox 974 2060 1282 2115; x_wconf 69' lang='lat' dir='ltr'><strong>obtrectans</strong></span> <span class='ocrx_word' id='word_1_231' title='bbox 1307 2063 1563 2119; x_wconf 82' lang='lat' dir='ltr'><strong>adversus</strong></span> <span class='ocrx_word' id='word_1_232' title='bbox 1583 2063 1857 2121; x_wconf 90' lang='lat' dir='ltr'><strong>Christum</strong></span> <span class='ocrx_word' id='word_1_233' title='bbox 1878 2110 1894 2137; x_wconf 87' lang='lat'><strong>,</strong></span> 
     </span>
    </p>
   </div>
   <div class='ocr_carea' id='block_1_35' title="bbox 302 2144 1308 2220">
    <p class='ocr_par' dir='ltr' id='par_1_35' title="bbox 302 2144 1308 2220">
     <span class='ocr_line' id='line_1_35' title="bbox 302 2144 1308 2220; baseline 0.011 -22"><span class='ocrx_word' id='word_1_234' title='bbox 302 2144 451 2200; x_wconf 85' lang='lat' dir='ltr'><strong>illico</strong></span> <span class='ocrx_word' id='word_1_235' title='bbox 482 2148 734 2218; x_wconf 80' lang='lat' dir='ltr'><strong>contagio</strong></span> <span class='ocrx_word' id='word_1_236' title='bbox 766 2149 930 2218; x_wconf 85' lang='lat' dir='ltr'><strong>leprae</strong></span> <span class='ocrx_word' id='word_1_237' title='bbox 954 2151 1308 2220; x_wconf 79' lang='lat' dir='ltr'><strong>perfunditur.</strong></span> 
     </span>
    </p>
   </div>
   <div class='ocr_carea' id='block_1_36' title="bbox 372 2235 1896 2319">
    <p class='ocr_par' dir='ltr' id='par_1_36' title="bbox 372 2235 1896 2319">
     <span class='ocr_line' id='line_1_36' title="bbox 372 2235 1896 2319; baseline 0.01 -29"><span class='ocrx_word' id='word_1_238' title='bbox 372 2235 465 2293; x_wconf 77' lang='grc'><strong>65.</strong></span> <span class='ocrx_word' id='word_1_239' title='bbox 497 2240 754 2294; x_wconf 83' lang='lat' dir='ltr'><strong>Amalech</strong></span> <span class='ocrx_word' id='word_1_240' title='bbox 778 2240 1023 2311; x_wconf 86' lang='lat' dir='ltr'><strong>designat</strong></span> <span class='ocrx_word' id='word_1_241' title='bbox 1046 2243 1246 2299; x_wconf 89' lang='lat' dir='ltr'><strong>diaboli</strong></span> <span class='ocrx_word' id='word_1_242' title='bbox 1289 2245 1541 2318; x_wconf 78' lang='lat' dir='ltr'><strong>ﬁguram,</strong></span> <span class='ocrx_word' id='word_1_243' title='bbox 1566 2247 1686 2319; x_wconf 84' lang='lat' dir='ltr'><strong>qui,</strong></span> <span class='ocrx_word' id='word_1_244' title='bbox 1709 2248 1896 2306; x_wconf 85' lang='lat' dir='ltr'><strong>obvius</strong></span> 
     </span>
    </p>
   </div>
   <div class='ocr_carea' id='block_1_37' title="bbox 304 2326 1551 2403">
    <p class='ocr_par' dir='ltr' id='par_1_37' title="bbox 304 2326 1551 2403">
     <span class='ocr_line' id='line_1_37' title="bbox 304 2326 1551 2403; baseline 0.007 -21"><span class='ocrx_word' id='word_1_245' title='bbox 304 2326 400 2383; x_wconf 86' lang='lat' dir='ltr'><strong>Dei</strong></span> <span class='ocrx_word' id='word_1_246' title='bbox 430 2329 636 2399; x_wconf 79' lang='lat' dir='ltr'><strong>populo</strong></span> <span class='ocrx_word' id='word_1_247' title='bbox 661 2372 674 2393; x_wconf 87' lang='lat'><strong>,</strong></span> <span class='ocrx_word' id='word_1_248' title='bbox 697 2345 794 2400; x_wconf 84' lang='lat' dir='ltr'><strong>per</strong></span> <span class='ocrx_word' id='word_1_249' title='bbox 825 2332 1037 2403; x_wconf 80' lang='lat' dir='ltr'><strong>signum</strong></span> <span class='ocrx_word' id='word_1_250' title='bbox 1066 2336 1243 2389; x_wconf 87' lang='lat' dir='ltr'><strong>crucis</strong></span> <span class='ocrx_word' id='word_1_251' title='bbox 1266 2338 1551 2392; x_wconf 85' lang='lat' dir='ltr'><strong>evincitur.</strong></span> 
     </span>
    </p>
   </div>
   <div class='ocr_carea' id='block_1_38' title="bbox 369 2420 1895 2499">
    <p class='ocr_par' dir='ltr' id='par_1_38' title="bbox 369 2420 1895 2499">
     <span class='ocr_line' id='line_1_38' title="bbox 369 2420 1895 2499; baseline 0.007 -25"><span class='ocrx_word' id='word_1_252' title='bbox 369 2421 460 2475; x_wconf 74' lang='grc'><strong>64.</strong></span> <span class='ocrx_word' id='word_1_253' title='bbox 486 2420 672 2476; x_wconf 85' lang='lat' dir='ltr'><strong>Sehon</strong></span> <span class='ocrx_word' id='word_1_254' title='bbox 703 2438 944 2494; x_wconf 80' lang='lat' dir='ltr'><strong>quoque,</strong></span> <span class='ocrx_word' id='word_1_255' title='bbox 977 2440 1076 2480; x_wconf 85' lang='lat' dir='ltr'><strong>rex</strong></span> <span class='ocrx_word' id='word_1_256' title='bbox 1109 2425 1549 2482; x_wconf 81' lang='lat' dir='ltr'><strong>Amorrliaeorum</strong></span> <span class='ocrx_word' id='word_1_257' title='bbox 1570 2469 1584 2495; x_wconf 89' lang='lat'><strong>,</strong></span> <span class='ocrx_word' id='word_1_258' title='bbox 1612 2430 1703 2499; x_wconf 85' lang='lat' dir='ltr'><strong>qui</strong></span> <span class='ocrx_word' id='word_1_259' title='bbox 1732 2431 1895 2485; x_wconf 85' lang='lat' dir='ltr'><strong>verti-</strong></span> 
     </span>
    </p>
   </div>
   <div class='ocr_carea' id='block_1_39' title="bbox 304 2512 1891 2583">
    <p class='ocr_par' dir='ltr' id='par_1_39' title="bbox 304 2512 1891 2583">
     <span class='ocr_line' id='line_1_39' title="bbox 304 2512 1891 2583; baseline 0.006 -16"><span class='ocrx_word' id='word_1_260' title='bbox 304 2519 389 2567; x_wconf 67' lang='grc' dir='ltr'>ιιι</span> <span class='ocrx_word' id='word_1_261' title='bbox 410 2513 465 2567; x_wconf 88' lang='lat' dir='ltr'><strong>iii</strong></span> <span class='ocrx_word' id='word_1_262' title='bbox 490 2512 741 2569; x_wconf 82' lang='lat' dir='ltr'><strong>Latinum</strong></span> <span class='ocrx_word' id='word_1_263' title='bbox 768 2516 975 2569; x_wconf 82' lang='lat' dir='ltr'><strong>tentorio</strong></span> <span class='ocrx_word' id='word_1_264' title='bbox 1006 2516 1299 2583; x_wconf 84' lang='lat' dir='ltr'><strong>oculorum,</strong></span> <span class='ocrx_word' id='word_1_265' title='bbox 1330 2519 1576 2573; x_wconf 86' lang='lat' dir='ltr'><strong>eumdem</strong></span> <span class='ocrx_word' id='word_1_266' title='bbox 1620 2519 1891 2577; x_wconf 84' lang='lat' dir='ltr'><strong>diabolum</strong></span> 
     </span>
    </p>
   </div>
   <div class='ocr_carea' id='block_1_40' title="bbox 302 2606 1891 2685">
    <p class='ocr_par' dir='ltr' id='par_1_40' title="bbox 302 2606 1891 2685">
     <span class='ocr_line' id='line_1_40' title="bbox 302 2606 1891 2685; baseline 0.006 -23"><span class='ocrx_word' id='word_1_267' title='bbox 302 2606 599 2675; x_wconf 71' lang='lat' dir='ltr'><strong>signiﬁcat,</strong></span> <span class='ocrx_word' id='word_1_268' title='bbox 620 2609 710 2680; x_wconf 91' lang='lat' dir='ltr'><strong>qui</strong></span> <span class='ocrx_word' id='word_1_269' title='bbox 734 2609 1011 2664; x_wconf 86' lang='lat' dir='ltr'><strong>mendacio</strong></span> <span class='ocrx_word' id='word_1_270' title='bbox 1033 2610 1251 2666; x_wconf 81' lang='lat' dir='ltr'><strong>fallendi</strong></span> <span class='ocrx_word' id='word_1_271' title='bbox 1276 2614 1465 2667; x_wconf 87' lang='lat' dir='ltr'><strong>sesein</strong></span> <span class='ocrx_word' id='word_1_272' title='bbox 1485 2615 1733 2685; x_wconf 86' lang='lat' dir='ltr'><strong>angelum</strong></span> <span class='ocrx_word' id='word_1_273' title='bbox 1758 2617 1891 2672; x_wconf 89' lang='lat' dir='ltr'><strong>lucis</strong></span> 
     </span>
    </p>
   </div>
   <div class='ocr_carea' id='block_1_41' title="bbox 301 2699 1891 2773">
    <p class='ocr_par' dir='ltr' id='par_1_41' title="bbox 301 2699 1891 2773">
     <span class='ocr_line' id='line_1_41' title="bbox 301 2699 1891 2773; baseline 0.004 -22"><span class='ocrx_word' id='word_1_274' title='bbox 301 2699 674 2770; x_wconf 72' lang='lat' dir='ltr'><strong>transfigurat.</strong></span> <span class='ocrx_word' id='word_1_275' title='bbox 697 2699 815 2770; x_wconf 87' lang='lat' dir='ltr'><strong>Ipse</strong></span> <span class='ocrx_word' id='word_1_276' title='bbox 837 2709 920 2755; x_wconf 88' lang='lat' dir='ltr'><strong>est</strong></span> <span class='ocrx_word' id='word_1_277' title='bbox 946 2701 1053 2773; x_wconf 87' lang='lat' dir='ltr'><strong>0g,</strong></span> <span class='ocrx_word' id='word_1_278' title='bbox 1083 2717 1177 2756; x_wconf 89' lang='lat' dir='ltr'><strong>rex</strong></span> <span class='ocrx_word' id='word_1_279' title='bbox 1215 2703 1412 2767; x_wconf 83' lang='lat' dir='ltr'><strong>Basan,</strong></span> <span class='ocrx_word' id='word_1_280' title='bbox 1446 2704 1891 2773; x_wconf 74' lang='lat' dir='ltr'><strong>quifinterpreta-</strong></span> 
     </span>
    </p>
   </div>
   <div class='ocr_carea' id='block_1_42' title="bbox 304 2792 1894 2862">
    <p class='ocr_par' dir='ltr' id='par_1_42' title="bbox 304 2792 1894 2862">
     <span class='ocr_line' id='line_1_42' title="bbox 304 2792 1894 2862; baseline 0.004 -18"><span class='ocrx_word' id='word_1_281' title='bbox 304 2798 392 2844; x_wconf 84' lang='lat' dir='ltr'><strong>tur</strong></span> <span class='ocrx_word' id='word_1_282' title='bbox 440 2792 735 2855; x_wconf 72' lang='lat' dir='ltr'><strong>conclusio,</strong></span> <span class='ocrx_word' id='word_1_283' title='bbox 778 2792 870 2862; x_wconf 91' lang='lat' dir='ltr'><strong>qui</strong></span> <span class='ocrx_word' id='word_1_284' title='bbox 916 2793 1277 2849; x_wconf 83' lang='lat' dir='ltr'><strong>intercludere</strong></span> <span class='ocrx_word' id='word_1_285' title='bbox 1328 2795 1547 2849; x_wconf 90' lang='lat' dir='ltr'><strong>molitur</strong></span> <span class='ocrx_word' id='word_1_286' title='bbox 1582 2794 1894 2851; x_wconf 77' lang='lat' dir='ltr'><strong>dilficultate</strong></span> 
     </span>
    </p>
   </div>
   <div class='ocr_carea' id='block_1_43' title="bbox 301 2884 1891 2954">
    <p class='ocr_par' dir='ltr' id='par_1_43' title="bbox 301 2884 1891 2954">
     <span class='ocr_line' id='line_1_43' title="bbox 301 2884 1891 2954; baseline 0.005 -18"><span class='ocrx_word' id='word_1_287' title='bbox 301 2884 557 2939; x_wconf 71' lang='lat' dir='ltr'><strong>vitiorum</strong></span> <span class='ocrx_word' id='word_1_288' title='bbox 581 2884 719 2939; x_wconf 85' lang='lat' dir='ltr'><strong>viam</strong></span> <span class='ocrx_word' id='word_1_289' title='bbox 754 2885 877 2940; x_wconf 79' lang='lat' dir='ltr'><strong>ﬁdei</strong></span> <span class='ocrx_word' id='word_1_290' title='bbox 907 2899 1140 2953; x_wconf 74' lang='lat' dir='ltr'><strong>nostrai,</strong></span> <span class='ocrx_word' id='word_1_291' title='bbox 1166 2903 1234 2941; x_wconf 90' lang='lat' dir='ltr'><strong>ne</strong></span> <span class='ocrx_word' id='word_1_292' title='bbox 1255 2895 1433 2954; x_wconf 89' lang='lat' dir='ltr'><strong>pateat</strong></span> <span class='ocrx_word' id='word_1_293' title='bbox 1456 2888 1611 2943; x_wconf 91' lang='lat' dir='ltr'><strong>nobis</strong></span> <span class='ocrx_word' id='word_1_294' title='bbox 1637 2889 1891 2944; x_wconf 88' lang='lat' dir='ltr'><strong>transitus</strong></span> 
     </span>
    </p>
   </div>
   <div class='ocr_carea' id='block_1_44' title="bbox 304 2977 1403 3048">
    <p class='ocr_par' dir='ltr' id='par_1_44' title="bbox 304 2977 1403 3048">
     <span class='ocr_line' id='line_1_44' title="bbox 304 2977 1403 3048; baseline 0.004 -18"><span class='ocrx_word' id='word_1_295' title='bbox 304 2977 366 3031; x_wconf 85' lang='lat' dir='ltr'><strong>ad</strong></span> <span class='ocrx_word' id='word_1_296' title='bbox 394 2992 625 3048; x_wconf 85' lang='lat' dir='ltr'><strong>regnum</strong></span> <span class='ocrx_word' id='word_1_297' title='bbox 657 2978 984 3048; x_wconf 90' lang='lat' dir='ltr'><strong>promissum</strong></span> <span class='ocrx_word' id='word_1_298' title='bbox 1017 2979 1137 3033; x_wconf 81' lang='lat' dir='ltr'><strong>vitae</strong></span> <span class='ocrx_word' id='word_1_299' title='bbox 1168 2991 1403 3035; x_wconf 78' lang='lat' dir='ltr'><strong>aeternae.</strong></span> 
     </span>
    </p>
   </div>
   <div class='ocr_carea' id='block_1_45' title="bbox 369 3066 1890 3144">
    <p class='ocr_par' dir='ltr' id='par_1_45' title="bbox 369 3066 1890 3144">
     <span class='ocr_line' id='line_1_45' title="bbox 369 3066 1890 3144; baseline 0.005 -22"><span class='ocrx_word' id='word_1_300' title='bbox 369 3066 461 3124; x_wconf 86' lang='lat'><strong>65.</strong></span> <span class='ocrx_word' id='word_1_301' title='bbox 496 3070 610 3125; x_wconf 80' lang='lat' dir='ltr'><strong>Viri</strong></span> <span class='ocrx_word' id='word_1_302' title='bbox 631 3070 969 3141; x_wconf 82' lang='lat' dir='ltr'><strong>septuaginta</strong></span> <span class='ocrx_word' id='word_1_303' title='bbox 991 3071 1097 3125; x_wconf 89' lang='lat' dir='ltr'><strong>duo</strong></span> <span class='ocrx_word' id='word_1_304' title='bbox 1118 3074 1390 3138; x_wconf 80' lang='lat' dir='ltr'><strong>seniores,</strong></span> <span class='ocrx_word' id='word_1_305' title='bbox 1414 3088 1577 3144; x_wconf 88' lang='lat' dir='ltr'><strong>super</strong></span> <span class='ocrx_word' id='word_1_306' title='bbox 1596 3088 1730 3144; x_wconf 89' lang='lat' dir='ltr'><strong>quos</strong></span> <span class='ocrx_word' id='word_1_307' title='bbox 1751 3076 1890 3133; x_wconf 88' lang='lat' dir='ltr'><strong>ceci-</strong></span> 
     </span>
    </p>
   </div>
   <div class='ocr_carea' id='block_1_46' title="bbox 306 3229 1887 3298">
    <p class='ocr_par' dir='ltr' id='par_1_46' title="bbox 306 3229 1887 3298">
     <span class='ocr_line' id='line_1_46' title="bbox 306 3229 1887 3298; baseline 0.003 -13"><span class='ocrx_word' id='word_1_308' title='bbox 306 3229 528 3294; x_wconf 72' lang='lat' dir='ltr'><strong>teribus,</strong></span> <span class='ocrx_word' id='word_1_309' title='bbox 575 3229 647 3285; x_wconf 85' lang='lat' dir='ltr'><strong>dc</strong></span> <span class='ocrx_word' id='word_1_310' title='bbox 671 3230 865 3298; x_wconf 79' lang='lat' dir='ltr'><strong>quibus</strong></span> <span class='ocrx_word' id='word_1_311' title='bbox 891 3231 953 3285; x_wconf 86' lang='lat' dir='ltr'><strong>ﬁt</strong></span> <span class='ocrx_word' id='word_1_312' title='bbox 1000 3231 1207 3287; x_wconf 89' lang='lat' dir='ltr'><strong>mentio</strong></span> <span class='ocrx_word' id='word_1_313' title='bbox 1236 3231 1408 3286; x_wconf 84' lang='lat' dir='ltr'><strong>Exod.</strong></span> <span class='ocrx_word' id='word_1_314' title='bbox 1459 3247 1499 3285; x_wconf 93' lang='lat' dir='ltr'><strong>i.</strong></span> <span class='ocrx_word' id='word_1_315' title='bbox 1533 3232 1682 3288; x_wconf 82' lang='lat' dir='ltr'><strong>Hanc</strong></span> <span class='ocrx_word' id='word_1_316' title='bbox 1709 3245 1887 3291; x_wconf 75' lang='lat' dir='ltr'><strong>autem</strong></span> 
     </span>
    </p>
   </div>
   <div class='ocr_carea' id='block_1_47' title="bbox 302 3276 1966 3372">
    <p class='ocr_par' dir='ltr' id='par_1_47' title="bbox 302 3276 1966 3372">
     <span class='ocr_line' id='line_1_47' title="bbox 302 3276 1966 3372; baseline 0.005 -18"><span class='ocrx_word' id='word_1_317' title='bbox 302 3276 870 3371; x_wconf 44' lang='lat' dir='ltr'><strong>allegoriamvcopiose</strong></span> <span class='ocrx_word' id='word_1_318' title='bbox 902 3276 1454 3372; x_wconf 56' lang='grc' dir='ltr'><strong>ρὲτέἒᾷἱὶιὶὖῖιωωίω</strong></span> <span class='ocrx_word' id='word_1_319' title='bbox 1485 3276 1890 3363; x_wconf 54' lang='grc' dir='ltr'><strong>Αδριιξῖἰιιῖιξνξδ</strong></span> <span class='ocrx_word' id='word_1_320' title='bbox 1920 3276 1966 3341; x_wconf 77' lang='lat' dir='ltr'><strong>C</strong></span> 
     </span>
    </p>
   </div>
   <div class='ocr_carea' id='block_1_48' title="bbox 305 3371 1895 3446">
    <p class='ocr_par' dir='ltr' id='par_1_48' title="bbox 305 3371 1895 3446">
     <span class='ocr_line' id='line_1_48' title="bbox 305 3371 1895 3446; baseline 0.004 -20"><span class='ocrx_word' id='word_1_321' title='bbox 305 3387 465 3446; x_wconf 74' lang='lat' dir='ltr'><strong>scrin.</strong></span> <span class='ocrx_word' id='word_1_322' title='bbox 495 3372 563 3427; x_wconf 65' lang='lat' dir='ltr'><strong>8L</strong></span> <span class='ocrx_word' id='word_1_323' title='bbox 592 3371 963 3446; x_wconf 75' lang='lat' dir='ltr'><strong>dc_tentp.,_ei</strong></span> <span class='ocrx_word' id='word_1_324' title='bbox 990 3371 1087 3439; x_wconf 75' lang='lat'><strong>85,</strong></span> <span class='ocrx_word' id='word_1_325' title='bbox 1114 3382 1169 3429; x_wconf 90' lang='lat' dir='ltr'><strong>et</strong></span> <span class='ocrx_word' id='word_1_326' title='bbox 1204 3374 1390 3433; x_wconf 88' lang='lat' dir='ltr'><strong>beatus</strong></span> <span class='ocrx_word' id='word_1_327' title='bbox 1431 3375 1663 3446; x_wconf 80' lang='lat' dir='ltr'><strong>Cyrillus</strong></span> <span class='ocrx_word' id='word_1_328' title='bbox 1707 3377 1762 3431; x_wconf 90' lang='lat' dir='ltr'><strong>in</strong></span> <span class='ocrx_word' id='word_1_329' title='bbox 1810 3394 1895 3432; x_wconf 87' lang='lat' dir='ltr'><strong>su-</strong></span> 
     </span>
    </p>
   </div>
   <div class='ocr_carea' id='block_1_49' title="bbox 303 3442 1057 3511">
    <p class='ocr_par' dir='ltr' id='par_1_49' title="bbox 303 3442 1057 3511">
     <span class='ocr_line' id='line_1_49' title="bbox 303 3442 1057 3511; baseline 0.003 -15"><span class='ocrx_word' id='word_1_330' title='bbox 303 3443 532 3511; x_wconf 87' lang='lat' dir='ltr'><strong>pradict.</strong></span> <span class='ocrx_word' id='word_1_331' title='bbox 567 3457 617 3495; x_wconf 93' lang='lat' dir='ltr'><strong>c.</strong></span> <span class='ocrx_word' id='word_1_332' title='bbox 648 3442 839 3497; x_wconf 81' lang='lat' dir='ltr'><strong>Exodi.</strong></span> <span class='ocrx_word' id='word_1_333' title='bbox 894 3442 1057 3498; x_wconf 70' lang='lat' dir='ltr'><strong>Suxn.</strong></span> 
     </span>
    </p>
   </div>
   <div class='ocr_carea' id='block_1_50' title="bbox 372 3511 1891 3585">
    <p class='ocr_par' dir='ltr' id='par_1_50' title="bbox 372 3511 1891 3585">
     <span class='ocr_line' id='line_1_50' title="bbox 372 3511 1891 3585; baseline 0.003 -17"><span class='ocrx_word' id='word_1_334' title='bbox 372 3514 462 3569; x_wconf 85' lang='grc'><strong>61.</strong></span> <span class='ocrx_word' id='word_1_335' title='bbox 488 3511 687 3583; x_wconf 75' lang='grc' dir='ltr'><strong>Μανία,</strong></span> <span class='ocrx_word' id='word_1_336' title='bbox 708 3530 855 3585; x_wconf 75' lang='lat' dir='ltr'><strong>soror</strong></span> <span class='ocrx_word' id='word_1_337' title='bbox 881 3514 1070 3585; x_wconf 61' lang='lat' dir='ltr'><strong>Moysi.</strong></span> <span class='ocrx_word' id='word_1_338' title='bbox 1094 3515 1223 3574; x_wconf 85' lang='lat' dir='ltr'><strong>Cur,</strong></span> <span class='ocrx_word' id='word_1_339' title='bbox 1242 3529 1359 3569; x_wconf 91' lang='lat' dir='ltr'><strong>cum</strong></span> <span class='ocrx_word' id='word_1_340' title='bbox 1386 3516 1557 3569; x_wconf 83' lang='lat' dir='ltr'><strong>Aaron</strong></span> <span class='ocrx_word' id='word_1_341' title='bbox 1577 3514 1753 3571; x_wconf 86' lang='lat' dir='ltr'><strong>socius</strong></span> <span class='ocrx_word' id='word_1_342' title='bbox 1775 3517 1891 3572; x_wconf 81' lang='lat' dir='ltr'><strong>fuc-</strong></span> 
     </span>
    </p>
   </div>
   <div class='ocr_carea' id='block_1_51' title="bbox 306 3583 1891 3658">
    <p class='ocr_par' dir='ltr' id='par_1_51' title="bbox 306 3583 1891 3658">
     <span class='ocr_line' id='line_1_51' title="bbox 306 3583 1891 3658; baseline 0.003 -21"><span class='ocrx_word' id='word_1_343' title='bbox 306 3584 372 3637; x_wconf 87' lang='lat' dir='ltr'><strong>rit</strong></span> <span class='ocrx_word' id='word_1_344' title='bbox 400 3585 632 3658; x_wconf 65' lang='lat' dir='ltr'><strong>peccati,</strong></span> <span class='ocrx_word' id='word_1_345' title='bbox 668 3583 780 3640; x_wconf 83' lang='lat' dir='ltr'><strong>sola</strong></span> <span class='ocrx_word' id='word_1_346' title='bbox 805 3583 1137 3655; x_wconf 43' lang='lat' dir='ltr'><strong>Maria—lepra</strong></span> <span class='ocrx_word' id='word_1_347' title='bbox 1163 3587 1350 3658; x_wconf 86' lang='lat' dir='ltr'><strong>aIIccta</strong></span> <span class='ocrx_word' id='word_1_348' title='bbox 1376 3587 1462 3658; x_wconf 74' lang='lat' dir='ltr'><strong>sit,</strong></span> <span class='ocrx_word' id='word_1_349' title='bbox 1489 3600 1702 3639; x_wconf 60' lang='lat' dir='ltr'><strong>causam</strong></span> <span class='ocrx_word' id='word_1_350' title='bbox 1730 3602 1891 3658; x_wconf 63' lang='lat' dir='ltr'><strong>expo«</strong></span> 
     </span>
    </p>
   </div>
   <div class='ocr_carea' id='block_1_52' title="bbox 305 3656 1720 3725">
    <p class='ocr_par' dir='ltr' id='par_1_52' title="bbox 305 3656 1720 3725">
     <span class='ocr_line' id='line_1_52' title="bbox 305 3656 1720 3725; baseline 0 -16"><span class='ocrx_word' id='word_1_351' title='bbox 305 3658 380 3709; x_wconf 89' lang='lat' dir='ltr'><strong>nit</strong></span> <span class='ocrx_word' id='word_1_352' title='bbox 410 3656 801 3717; x_wconf 84' lang='lat' dir='ltr'><strong>Tlteodoretus,</strong></span> <span class='ocrx_word' id='word_1_353' title='bbox 836 3659 887 3708; x_wconf 91' lang='lat' dir='ltr'><strong>in</strong></span> <span class='ocrx_word' id='word_1_354' title='bbox 916 3660 1117 3722; x_wconf 67' lang='lat' dir='ltr'><strong>Qua-st.</strong></span> <span class='ocrx_word' id='word_1_355' title='bbox 1145 3657 1324 3719; x_wconf 67' lang='lat' dir='ltr'><strong>Num,</strong></span> <span class='ocrx_word' id='word_1_356' title='bbox 1352 3672 1405 3725; x_wconf 91' lang='lat' dir='ltr'><strong>q.</strong></span> <span class='ocrx_word' id='word_1_357' title='bbox 1436 3656 1523 3711; x_wconf 72' lang='grc'><strong>25.</strong></span> <span class='ocrx_word' id='word_1_358' title='bbox 1556 3661 1720 3713; x_wconf 65' lang='lat' dir='ltr'><strong>Sunii.</strong></span> 
     </span>
    </p>
   </div>
   <div class='ocr_carea' id='block_1_53' title="bbox 373 3725 1892 3796">
    <p class='ocr_par' dir='ltr' id='par_1_53' title="bbox 373 3725 1892 3796">
     <span class='ocr_line' id='line_1_53' title="bbox 373 3725 1892 3796; baseline 0.006 -19"><span class='ocrx_word' id='word_1_359' title='bbox 373 3725 460 3777; x_wconf 76' lang='lat'><strong>6&#39;2.</strong></span> <span class='ocrx_word' id='word_1_360' title='bbox 495 3731 637 3780; x_wconf 73' lang='lat' dir='ltr'><strong>Uxor</strong></span> <span class='ocrx_word' id='word_1_361' title='bbox 658 3725 827 3795; x_wconf 76' lang='lat' dir='ltr'><strong>Moysi</strong></span> <span class='ocrx_word' id='word_1_362' title='bbox 858 3725 1202 3796; x_wconf 74' lang='grc' dir='ltr'><strong>ιΕιΙιὶορὶδεα.</strong></span> <span class='ocrx_word' id='word_1_363' title='bbox 1238 3727 1425 3780; x_wconf 74' lang='lat' dir='ltr'><strong>Iicatus</strong></span> <span class='ocrx_word' id='word_1_364' title='bbox 1454 3731 1804 3794; x_wconf 63' lang='lat' dir='ltr'><strong>Augustinus,</strong></span> <span class='ocrx_word' id='word_1_365' title='bbox 1837 3730 1892 3786; x_wconf 86' lang='lat' dir='ltr'><strong>in</strong></span> 
     </span>
    </p>
   </div>
   <div class='ocr_carea' id='block_1_54' title="bbox 308 3796 1887 3864">
    <p class='ocr_par' dir='ltr' id='par_1_54' title="bbox 308 3796 1887 3864">
     <span class='ocr_line' id='line_1_54' title="bbox 308 3796 1887 3864; baseline 0.004 -15"><span class='ocrx_word' id='word_1_366' title='bbox 308 3796 397 3849; x_wconf 88' lang='lat' dir='ltr'><strong>lib.</strong></span> <span class='ocrx_word' id='word_1_367' title='bbox 429 3796 635 3862; x_wconf 57' lang='lat' dir='ltr'><strong>Quaest.</strong></span> <span class='ocrx_word' id='word_1_368' title='bbox 664 3813 823 3863; x_wconf 88' lang='lat' dir='ltr'><strong>super</strong></span> <span class='ocrx_word' id='word_1_369' title='bbox 870 3798 1050 3864; x_wconf 65' lang='lat' dir='ltr'><strong>Noun,</strong></span> <span class='ocrx_word' id='word_1_370' title='bbox 1102 3815 1153 3863; x_wconf 83' lang='lat' dir='ltr'><strong>q.</strong></span> <span class='ocrx_word' id='word_1_371' title='bbox 1198 3796 1292 3861; x_wconf 72' lang='lat'><strong>20,</strong></span> <span class='ocrx_word' id='word_1_372' title='bbox 1344 3808 1487 3851; x_wconf 83' lang='lat' dir='ltr'><strong>recte</strong></span> <span class='ocrx_word' id='word_1_373' title='bbox 1528 3802 1689 3852; x_wconf 84' lang='lat' dir='ltr'><strong>sentit</strong></span> <span class='ocrx_word' id='word_1_374' title='bbox 1718 3800 1887 3855; x_wconf 77' lang='lat' dir='ltr'><strong>solum</strong></span> 
     </span>
    </p>
   </div>
   <div class='ocr_carea' id='block_1_55' title="bbox 305 3866 1886 3939">
    <p class='ocr_par' dir='ltr' id='par_1_55' title="bbox 305 3866 1886 3939">
     <span class='ocr_line' id='line_1_55' title="bbox 305 3866 1886 3939; baseline 0.003 -18"><span class='ocrx_word' id='word_1_375' title='bbox 305 3866 470 3939; x_wconf 72' lang='lat' dir='ltr'><strong>[uisse</strong></span> <span class='ocrx_word' id='word_1_376' title='bbox 499 3868 669 3939; x_wconf 74' lang='lat' dir='ltr'><strong>Moysi</strong></span> <span class='ocrx_word' id='word_1_377' title='bbox 694 3882 911 3922; x_wconf 83' lang='lat' dir='ltr'><strong>uxorein</strong></span> <span class='ocrx_word' id='word_1_378' title='bbox 944 3869 1238 3939; x_wconf 71' lang='lat' dir='ltr'><strong>Sephoram</strong></span> <span class='ocrx_word' id='word_1_379' title='bbox 1285 3868 1673 3939; x_wconf 74' lang='lat' dir='ltr'><strong>Mrtdiauititleni</strong></span> <span class='ocrx_word' id='word_1_380' title='bbox 1726 3870 1886 3925; x_wconf 86' lang='lat' dir='ltr'><strong>tiliam</strong></span> 
     </span>
    </p>
   </div>
   <div class='ocr_carea' id='block_1_56' title="bbox 306 3937 1889 4008">
    <p class='ocr_par' dir='ltr' id='par_1_56' title="bbox 306 3937 1889 4008">
     <span class='ocr_line' id='line_1_56' title="bbox 306 3937 1889 4008; baseline 0.002 -16"><span class='ocrx_word' id='word_1_381' title='bbox 306 3937 493 3992; x_wconf 82' lang='lat' dir='ltr'><strong>Jetliro</strong></span> <span class='ocrx_word' id='word_1_382' title='bbox 514 3980 527 3999; x_wconf 86' lang='lat'><strong>,</strong></span> <span class='ocrx_word' id='word_1_383' title='bbox 554 3937 811 3992; x_wconf 43' lang='lat' dir='ltr'><strong>caeterum</strong></span> <span class='ocrx_word' id='word_1_384' title='bbox 840 3955 954 3992; x_wconf 84' lang='lat' dir='ltr'><strong>eam</strong></span> <span class='ocrx_word' id='word_1_385' title='bbox 979 3941 1159 3992; x_wconf 80' lang='lat' dir='ltr'><strong>vocari</strong></span> <span class='ocrx_word' id='word_1_386' title='bbox 1185 3937 1569 4008; x_wconf 71' lang='lat' dir='ltr'><strong>Aitli.0pissain</strong></span> <span class='ocrx_word' id='word_1_387' title='bbox 1608 3942 1744 4008; x_wconf 86' lang='lat' dir='ltr'><strong>quod</strong></span> <span class='ocrx_word' id='word_1_388' title='bbox 1782 3944 1889 3995; x_wconf 79' lang='lat' dir='ltr'><strong>Ma-</strong></span> 
     </span>
    </p>
   </div>
   <div class='ocr_carea' id='block_1_57' title="bbox 306 4010 1887 4079">
    <p class='ocr_par' dir='ltr' id='par_1_57' title="bbox 306 4010 1887 4079">
     <span class='ocr_line' id='line_1_57' title="bbox 306 4010 1887 4079; baseline 0.004 -18"><span class='ocrx_word' id='word_1_389' title='bbox 306 4011 523 4064; x_wconf 66' lang='lat' dir='ltr'><strong>dinnita!</strong></span> <span class='ocrx_word' id='word_1_390' title='bbox 549 4011 832 4074; x_wconf 85' lang='lat' dir='ltr'><strong>aliquando</strong></span> <span class='ocrx_word' id='word_1_391' title='bbox 862 4010 1196 4079; x_wconf 86' lang='lat' dir='ltr'><strong>appellentur</strong></span> <span class='ocrx_word' id='word_1_392' title='bbox 1228 4010 1504 4075; x_wconf 73' lang='lat' dir='ltr'><strong>Aitltiopes</strong></span> <span class='ocrx_word' id='word_1_393' title='bbox 1534 4012 1583 4062; x_wconf 91' lang='lat' dir='ltr'><strong>in</strong></span> <span class='ocrx_word' id='word_1_394' title='bbox 1609 4012 1774 4066; x_wconf 85' lang='lat' dir='ltr'><strong>sacris</strong></span> <span class='ocrx_word' id='word_1_395' title='bbox 1800 4013 1887 4067; x_wconf 86' lang='lat' dir='ltr'><strong>lit-</strong></span> 
     </span>
    </p>
   </div>
   <div class='ocr_carea' id='block_1_58' title="bbox 308 4079 1885 4148">
    <p class='ocr_par' dir='ltr' id='par_1_58' title="bbox 308 4079 1885 4148">
     <span class='ocr_line' id='line_1_58' title="bbox 308 4079 1885 4148; baseline 0.001 -13"><span class='ocrx_word' id='word_1_396' title='bbox 308 4079 453 4145; x_wconf 66' lang='grc' dir='ltr'>ιειὶς,</span> <span class='ocrx_word' id='word_1_397' title='bbox 488 4090 544 4134; x_wconf 88' lang='lat' dir='ltr'><strong>ut</strong></span> <span class='ocrx_word' id='word_1_398' title='bbox 572 4079 614 4134; x_wconf 92' lang='lat' dir='ltr'><strong>Ii</strong></span> <span class='ocrx_word' id='word_1_399' title='bbox 647 4081 874 4148; x_wconf 84' lang='lat' dir='ltr'><strong>Paralip.</strong></span> <span class='ocrx_word' id='word_1_400' title='bbox 900 4096 1006 4144; x_wconf 82' lang='lat' dir='ltr'><strong>xiv,</strong></span> <span class='ocrx_word' id='word_1_401' title='bbox 1039 4096 1155 4133; x_wconf 91' lang='lat' dir='ltr'><strong>cum</strong></span> <span class='ocrx_word' id='word_1_402' title='bbox 1180 4080 1435 4146; x_wconf 84' lang='lat' dir='ltr'><strong>Josapliat</strong></span> <span class='ocrx_word' id='word_1_403' title='bbox 1478 4082 1673 4135; x_wconf 86' lang='lat' dir='ltr'><strong>bellum</strong></span> <span class='ocrx_word' id='word_1_404' title='bbox 1721 4084 1885 4148; x_wconf 84' lang='lat' dir='ltr'><strong>gessit</strong></span> 
     </span>
    </p>
   </div>
   <div class='ocr_carea' id='block_1_59' title="bbox 305 4150 1887 4219">
    <p class='ocr_par' dir='ltr' id='par_1_59' title="bbox 305 4150 1887 4219">
     <span class='ocr_line' id='line_1_59' title="bbox 305 4150 1887 4219; baseline 0.003 -15"><span class='ocrx_word' id='word_1_405' title='bbox 305 4161 489 4205; x_wconf 80' lang='lat' dir='ltr'><strong>contra</strong></span> <span class='ocrx_word' id='word_1_406' title='bbox 524 4151 666 4205; x_wconf 82' lang='lat' dir='ltr'><strong>illos.</strong></span> <span class='ocrx_word' id='word_1_407' title='bbox 701 4150 845 4205; x_wconf 89' lang='lat' dir='ltr'><strong>Idem</strong></span> <span class='ocrx_word' id='word_1_408' title='bbox 873 4151 1057 4205; x_wconf 84' lang='lat' dir='ltr'><strong>scribit</strong></span> <span class='ocrx_word' id='word_1_409' title='bbox 1096 4151 1485 4217; x_wconf 83' lang='lat' dir='ltr'><strong>Theodoretus,</strong></span> <span class='ocrx_word' id='word_1_410' title='bbox 1513 4153 1564 4204; x_wconf 91' lang='lat' dir='ltr'><strong>in</strong></span> <span class='ocrx_word' id='word_1_411' title='bbox 1614 4168 1667 4219; x_wconf 68' lang='grc' dir='ltr'><strong>α.</strong></span> <span class='ocrx_word' id='word_1_412' title='bbox 1718 4156 1787 4206; x_wconf 69' lang='lat'><strong>:22</strong></span> <span class='ocrx_word' id='word_1_413' title='bbox 1832 4155 1887 4210; x_wconf 91' lang='lat' dir='ltr'><strong>in</strong></span> 
     </span>
    </p>
   </div>
   <div class='ocr_carea' id='block_1_60' title="bbox 307 4221 1885 4290">
    <p class='ocr_par' dir='ltr' id='par_1_60' title="bbox 307 4221 1885 4290">
     <span class='ocr_line' id='line_1_60' title="bbox 307 4221 1885 4290; baseline 0.001 -16"><span class='ocrx_word' id='word_1_414' title='bbox 307 4224 552 4275; x_wconf 56' lang='lat' dir='ltr'><strong>eumdem</strong></span> <span class='ocrx_word' id='word_1_415' title='bbox 581 4222 670 4274; x_wconf 89' lang='lat' dir='ltr'><strong>lib.</strong></span> <span class='ocrx_word' id='word_1_416' title='bbox 706 4221 862 4275; x_wconf 79' lang='lat' dir='ltr'><strong>Nutu.</strong></span> <span class='ocrx_word' id='word_1_417' title='bbox 889 4222 1161 4275; x_wconf 80' lang='lat' dir='ltr'><strong>confutata</strong></span> <span class='ocrx_word' id='word_1_418' title='bbox 1184 4222 1452 4290; x_wconf 81' lang='lat' dir='ltr'><strong>opinione,</strong></span> <span class='ocrx_word' id='word_1_419' title='bbox 1484 4222 1569 4276; x_wconf 87' lang='lat' dir='ltr'><strong>vel</strong></span> <span class='ocrx_word' id='word_1_420' title='bbox 1598 4224 1767 4290; x_wconf 89' lang='lat' dir='ltr'><strong>potius</strong></span> <span class='ocrx_word' id='word_1_421' title='bbox 1805 4222 1885 4276; x_wconf 84' lang='lat' dir='ltr'><strong>fa-</strong></span> 
     </span>
    </p>
   </div>
   <div class='ocr_carea' id='block_1_61' title="bbox 304 4291 1886 4362">
    <p class='ocr_par' dir='ltr' id='par_1_61' title="bbox 304 4291 1886 4362">
     <span class='ocr_line' id='line_1_61' title="bbox 304 4291 1886 4362; baseline 0.003 -16"><span class='ocrx_word' id='word_1_422' title='bbox 304 4292 448 4354; x_wconf 83' lang='lat' dir='ltr'><strong>bula,</strong></span> <span class='ocrx_word' id='word_1_423' title='bbox 478 4291 697 4357; x_wconf 74' lang='lat' dir='ltr'><strong>Iosephi</strong></span> <span class='ocrx_word' id='word_1_424' title='bbox 726 4300 779 4346; x_wconf 91' lang='lat' dir='ltr'><strong>et</strong></span> <span class='ocrx_word' id='word_1_425' title='bbox 817 4292 1151 4362; x_wconf 82' lang='lat' dir='ltr'><strong>Apollinarii.</strong></span> <span class='ocrx_word' id='word_1_426' title='bbox 1189 4296 1356 4345; x_wconf 76' lang='lat' dir='ltr'><strong>Causa</strong></span> <span class='ocrx_word' id='word_1_427' title='bbox 1381 4306 1510 4362; x_wconf 86' lang='lat' dir='ltr'><strong>ergo</strong></span> <span class='ocrx_word' id='word_1_428' title='bbox 1539 4295 1758 4348; x_wconf 83' lang='lat' dir='ltr'><strong>convicii</strong></span> <span class='ocrx_word' id='word_1_429' title='bbox 1786 4294 1886 4350; x_wconf 81' lang='lat' dir='ltr'><strong>fuit</strong></span> 
     </span>
    </p>
   </div>
   <div class='ocr_carea' id='block_1_62' title="bbox 305 4361 1882 4432">
    <p class='ocr_par' dir='ltr' id='par_1_62' title="bbox 305 4361 1882 4432">
     <span class='ocr_line' id='line_1_62' title="bbox 305 4361 1882 4432; baseline -0.001 -16"><span class='ocrx_word' id='word_1_430' title='bbox 305 4364 448 4432; x_wconf 88' lang='lat' dir='ltr'><strong>quod</strong></span> <span class='ocrx_word' id='word_1_431' title='bbox 488 4361 845 4431; x_wconf 74' lang='lat' dir='ltr'><strong>alienigenam</strong></span> <span class='ocrx_word' id='word_1_432' title='bbox 892 4364 1101 4432; x_wconf 79' lang='lat' dir='ltr'><strong>Moyses</strong></span> <span class='ocrx_word' id='word_1_433' title='bbox 1129 4363 1368 4417; x_wconf 79' lang='lat' dir='ltr'><strong>duxisset</strong></span> <span class='ocrx_word' id='word_1_434' title='bbox 1397 4378 1650 4427; x_wconf 82' lang='lat' dir='ltr'><strong>uxorem;</strong></span> <span class='ocrx_word' id='word_1_435' title='bbox 1701 4368 1882 4421; x_wconf 89' lang='lat' dir='ltr'><strong>Aaron</strong></span> 
     </span>
    </p>
   </div>
   <div class='ocr_carea' id='block_1_63' title="bbox 305 4431 1939 4503">
    <p class='ocr_par' dir='ltr' id='par_1_63' title="bbox 305 4431 1939 4503">
     <span class='ocr_line' id='line_1_63' title="bbox 305 4431 1939 4503; baseline 0.002 -16"><span class='ocrx_word' id='word_1_436' title='bbox 305 4431 481 4488; x_wconf 86' lang='lat' dir='ltr'><strong>autem</strong></span> <span class='ocrx_word' id='word_1_437' title='bbox 530 4431 904 4488; x_wconf 84' lang='lat' dir='ltr'><strong>Israelitidem.</strong></span> <span class='ocrx_word' id='word_1_438' title='bbox 954 4431 1103 4488; x_wconf 83' lang='lat' dir='ltr'><strong>lianc</strong></span> <span class='ocrx_word' id='word_1_439' title='bbox 1152 4443 1329 4487; x_wconf 89' lang='lat' dir='ltr'><strong>autem</strong></span> <span class='ocrx_word' id='word_1_440' title='bbox 1377 4434 1542 4502; x_wconf 88' lang='lat' dir='ltr'><strong>ipsam</strong></span> <span class='ocrx_word' id='word_1_441' title='bbox 1576 4436 1881 4503; x_wconf 83' lang='lat' dir='ltr'><strong>allegoriam</strong></span> <span class='ocrx_word' id='word_1_442' title='bbox 1930 4460 1939 4473; x_wconf 89' lang='lat'><strong><em>-</em></strong></span> 
     </span>
    </p>
   </div>
   <div class='ocr_carea' id='block_1_64' title="bbox 307 4504 1882 4575">
    <p class='ocr_par' dir='ltr' id='par_1_64' title="bbox 307 4504 1882 4575">
     <span class='ocr_line' id='line_1_64' title="bbox 307 4504 1882 4575; baseline 0.003 -18"><span class='ocrx_word' id='word_1_443' title='bbox 307 4506 566 4573; x_wconf 62' lang='lat' dir='ltr'><strong>prirclare</strong></span> <span class='ocrx_word' id='word_1_444' title='bbox 614 4506 839 4575; x_wconf 81' lang='lat' dir='ltr'><strong>exponit</strong></span> <span class='ocrx_word' id='word_1_445' title='bbox 896 4504 1083 4559; x_wconf 87' lang='lat' dir='ltr'><strong>beatus</strong></span> <span class='ocrx_word' id='word_1_446' title='bbox 1122 4504 1446 4575; x_wconf 84' lang='lat' dir='ltr'><strong>Augustinus</strong></span> <span class='ocrx_word' id='word_1_447' title='bbox 1494 4504 1553 4575; x_wconf 87' lang='lat' dir='ltr'><strong>in</strong></span> <span class='ocrx_word' id='word_1_448' title='bbox 1596 4521 1757 4559; x_wconf 90' lang='lat' dir='ltr'><strong>serui.</strong></span> <span class='ocrx_word' id='word_1_449' title='bbox 1812 4506 1882 4562; x_wconf 80' lang='grc'><strong>86</strong></span> 
     </span>
    </p>
   </div>
   <div class='ocr_carea' id='block_1_65' title="bbox 306 4573 1875 4643">
    <p class='ocr_par' dir='ltr' id='par_1_65' title="bbox 306 4573 1875 4643">
     <span class='ocr_line' id='line_1_65' title="bbox 306 4573 1875 4643; baseline 0.002 -14"><span class='ocrx_word' id='word_1_450' title='bbox 306 4576 371 4629; x_wconf 85' lang='lat' dir='ltr'><strong>de</strong></span> <span class='ocrx_word' id='word_1_451' title='bbox 402 4585 567 4642; x_wconf 86' lang='lat' dir='ltr'><strong>temp.</strong></span> <span class='ocrx_word' id='word_1_452' title='bbox 591 4616 607 4641; x_wconf 90' lang='lat'><strong>,</strong></span> <span class='ocrx_word' id='word_1_453' title='bbox 638 4583 691 4629; x_wconf 89' lang='lat' dir='ltr'><strong>et</strong></span> <span class='ocrx_word' id='word_1_454' title='bbox 723 4574 1016 4641; x_wconf 84' lang='lat' dir='ltr'><strong>Theodor.,</strong></span> <span class='ocrx_word' id='word_1_455' title='bbox 1061 4578 1111 4629; x_wconf 93' lang='lat' dir='ltr'><strong>in</strong></span> <span class='ocrx_word' id='word_1_456' title='bbox 1139 4573 1259 4643; x_wconf 50' lang='lat' dir='ltr'><strong>q.&#39;4</strong></span> <span class='ocrx_word' id='word_1_457' title='bbox 1287 4577 1336 4628; x_wconf 90' lang='lat' dir='ltr'><strong>in</strong></span> <span class='ocrx_word' id='word_1_458' title='bbox 1370 4573 1461 4629; x_wconf 88' lang='lat' dir='ltr'><strong>lib.</strong></span> <span class='ocrx_word' id='word_1_459' title='bbox 1492 4574 1678 4629; x_wconf 82' lang='lat' dir='ltr'><strong>Exodi.</strong></span> <span class='ocrx_word' id='word_1_460' title='bbox 1713 4578 1875 4635; x_wconf 68' lang='lat' dir='ltr'><strong>Sum.</strong></span> 
     </span>
    </p>
   </div>
   <div class='ocr_carea' id='block_1_66' title="bbox 2002 1967 3589 2041">
    <p class='ocr_par' dir='ltr' id='par_1_66' title="bbox 2002 1967 3589 2041">
     <span class='ocr_line' id='line_1_66' title="bbox 2002 1967 3589 2041; baseline 0.003 -16"><span class='ocrx_word' id='word_1_461' title='bbox 2002 1970 2198 2025; x_wconf 84' lang='lat' dir='ltr'><strong>reticos</strong></span> <span class='ocrx_word' id='word_1_462' title='bbox 2228 1968 2488 2038; x_wconf 88' lang='lat' dir='ltr'><strong>spirituali</strong></span> <span class='ocrx_word' id='word_1_463' title='bbox 2523 1968 2845 2023; x_wconf 90' lang='lat' dir='ltr'><strong>mucronein</strong></span> <span class='ocrx_word' id='word_1_464' title='bbox 2865 1967 3117 2041; x_wconf 86' lang='lat' dir='ltr'><strong>amplexu</strong></span> <span class='ocrx_word' id='word_1_465' title='bbox 3139 1967 3287 2024; x_wconf 75' lang='lat' dir='ltr'><strong>falsa:</strong></span> <span class='ocrx_word' id='word_1_466' title='bbox 3325 1969 3589 2029; x_wconf 63' lang='lat' dir='ltr'><strong>doctrina</strong></span> 
     </span>
    </p>
   </div>
   <div class='ocr_carea' id='block_1_67' title="bbox 2001 2058 2642 2114">
    <p class='ocr_par' dir='ltr' id='par_1_67' title="bbox 2001 2058 2642 2114">
     <span class='ocr_line' id='line_1_67' title="bbox 2001 2058 2642 2114; baseline -0.006 0"><span class='ocrx_word' id='word_1_467' title='bbox 2001 2069 2388 2114; x_wconf 85' lang='lat' dir='ltr'><strong>concurrentes</strong></span> <span class='ocrx_word' id='word_1_468' title='bbox 2423 2058 2642 2113; x_wconf 83' lang='lat' dir='ltr'><strong>feriunt.</strong></span> 
     </span>
    </p>
   </div>
   <div class='ocr_carea' id='block_1_68' title="bbox 2072 2135 3588 2223">
    <p class='ocr_par' dir='ltr' id='par_1_68' title="bbox 2072 2135 3588 2223">
     <span class='ocr_line' id='line_1_68' title="bbox 2072 2135 3588 2223; baseline 0.004 -19"><span class='ocrx_word' id='word_1_469' title='bbox 2072 2150 2159 2206; x_wconf 88' lang='lat'><strong>69.</strong></span> <span class='ocrx_word' id='word_1_470' title='bbox 2193 2147 2290 2205; x_wconf 89' lang='lat' dir='ltr'><strong>Ille</strong></span> <span class='ocrx_word' id='word_1_471' title='bbox 2322 2150 2441 2220; x_wconf 91' lang='lat' dir='ltr'><strong>qui,</strong></span> <span class='ocrx_word' id='word_1_472' title='bbox 2473 2151 2525 2205; x_wconf 87' lang='lat' dir='ltr'><strong>in</strong></span> <span class='ocrx_word' id='word_1_473' title='bbox 2558 2150 2790 2206; x_wconf 88' lang='lat' dir='ltr'><strong>Sabbato</strong></span> <span class='ocrx_word' id='word_1_474' title='bbox 2841 2148 2981 2223; x_wconf 84' lang='lat' dir='ltr'><strong>ligna</strong></span> <span class='ocrx_word' id='word_1_475' title='bbox 3028 2148 3318 2222; x_wconf 77' lang='lat' dir='ltr'><strong>colligens,</strong></span> <span class='ocrx_word' id='word_1_476' title='bbox 3364 2135 3588 2222; x_wconf 83' lang='lat' dir='ltr'><strong>lapidari</strong></span> 
     </span>
    </p>
   </div>
   <div class='ocr_carea' id='block_1_69' title="bbox 1994 2240 3588 2313">
    <p class='ocr_par' dir='ltr' id='par_1_69' title="bbox 1994 2240 3588 2313">
     <span class='ocr_line' id='line_1_69' title="bbox 1994 2240 3588 2313; baseline 0.001 -14"><span class='ocrx_word' id='word_1_477' title='bbox 1994 2245 2246 2313; x_wconf 78' lang='lat' dir='ltr'><strong>jubetur,</strong></span> <span class='ocrx_word' id='word_1_478' title='bbox 2276 2244 2542 2313; x_wconf 76' lang='lat' dir='ltr'><strong>signiticet</strong></span> <span class='ocrx_word' id='word_1_479' title='bbox 2565 2256 2687 2297; x_wconf 87' lang='lat' dir='ltr'><strong>eum</strong></span> <span class='ocrx_word' id='word_1_480' title='bbox 2717 2256 2875 2311; x_wconf 88' lang='lat' dir='ltr'><strong>quem</strong></span> <span class='ocrx_word' id='word_1_481' title='bbox 2913 2240 3162 2296; x_wconf 84' lang='lat' dir='ltr'><strong>Christus</strong></span> <span class='ocrx_word' id='word_1_482' title='bbox 3183 2241 3418 2301; x_wconf 85' lang='lat' dir='ltr'><strong>inveniet</strong></span> <span class='ocrx_word' id='word_1_483' title='bbox 3463 2257 3588 2301; x_wconf 86' lang='lat' dir='ltr'><strong>cum</strong></span> 
     </span>
    </p>
   </div>
   <div class='ocr_carea' id='block_1_70' title="bbox 1998 2331 2639 2403">
    <p class='ocr_par' dir='ltr' id='par_1_70' title="bbox 1998 2331 2639 2403">
     <span class='ocr_line' id='line_1_70' title="bbox 1998 2331 2639 2403; baseline -0.009 -13"><span class='ocrx_word' id='word_1_484' title='bbox 1998 2341 2220 2403; x_wconf 87' lang='lat' dir='ltr'><strong>peccato</strong></span> <span class='ocrx_word' id='word_1_485' title='bbox 2245 2335 2297 2387; x_wconf 91' lang='lat' dir='ltr'><strong>iit</strong></span> <span class='ocrx_word' id='word_1_486' title='bbox 2321 2333 2406 2387; x_wconf 90' lang='lat' dir='ltr'><strong>die</strong></span> <span class='ocrx_word' id='word_1_487' title='bbox 2431 2331 2639 2402; x_wconf 86' lang='lat' dir='ltr'><strong>judicii.</strong></span> 
     </span>
    </p>
   </div>
   <div class='ocr_carea' id='block_1_71' title="bbox 2068 2424 3589 2495">
    <p class='ocr_par' dir='ltr' id='par_1_71' title="bbox 2068 2424 3589 2495">
     <span class='ocr_line' id='line_1_71' title="bbox 2068 2424 3589 2495; baseline 0.003 -16"><span class='ocrx_word' id='word_1_488' title='bbox 2068 2428 2157 2479; x_wconf 78' lang='grc' dir='ltr'><strong>Ἣ).</strong></span> <span class='ocrx_word' id='word_1_489' title='bbox 2193 2425 2482 2481; x_wconf 88' lang='lat' dir='ltr'><strong>Duodecim</strong></span> <span class='ocrx_word' id='word_1_490' title='bbox 2510 2424 2874 2495; x_wconf 80' lang='lat' dir='ltr'><strong>exploratores</strong></span> <span class='ocrx_word' id='word_1_491' title='bbox 2902 2424 3198 2480; x_wconf 89' lang='lat' dir='ltr'><strong>scribarum</strong></span> <span class='ocrx_word' id='word_1_492' title='bbox 3220 2434 3274 2480; x_wconf 89' lang='lat' dir='ltr'><strong>et</strong></span> <span class='ocrx_word' id='word_1_493' title='bbox 3294 2424 3589 2495; x_wconf 61' lang='lat' dir='ltr'><strong>phariseo4</strong></span> 
     </span>
    </p>
   </div>
   <div class='ocr_carea' id='block_1_72' title="bbox 1996 2516 3586 2589">
    <p class='ocr_par' dir='ltr' id='par_1_72' title="bbox 1996 2516 3586 2589">
     <span class='ocr_line' id='line_1_72' title="bbox 1996 2516 3586 2589; baseline 0.001 -16"><span class='ocrx_word' id='word_1_494' title='bbox 1996 2534 2112 2573; x_wconf 87' lang='lat' dir='ltr'><strong>rum</strong></span> <span class='ocrx_word' id='word_1_495' title='bbox 2143 2519 2428 2589; x_wconf 87' lang='lat' dir='ltr'><strong>imaginem</strong></span> <span class='ocrx_word' id='word_1_496' title='bbox 2457 2526 2779 2585; x_wconf 89' lang='lat' dir='ltr'><strong>tenuerunt,</strong></span> <span class='ocrx_word' id='word_1_497' title='bbox 2810 2516 2901 2588; x_wconf 88' lang='lat' dir='ltr'><strong>qui</strong></span> <span class='ocrx_word' id='word_1_498' title='bbox 2929 2517 3277 2574; x_wconf 89' lang='lat' dir='ltr'><strong>Israeliticum</strong></span> <span class='ocrx_word' id='word_1_499' title='bbox 3330 2519 3586 2589; x_wconf 87' lang='lat' dir='ltr'><strong>populum</strong></span> 
     </span>
    </p>
   </div>
   <div class='ocr_carea' id='block_1_73' title="bbox 1996 2610 3587 2682">
    <p class='ocr_par' dir='ltr' id='par_1_73' title="bbox 1996 2610 3587 2682">
     <span class='ocr_line' id='line_1_73' title="bbox 1996 2610 3587 2682; baseline 0.002 -15"><span class='ocrx_word' id='word_1_500' title='bbox 1996 2622 2309 2667; x_wconf 88' lang='lat' dir='ltr'><strong>averterunt</strong></span> <span class='ocrx_word' id='word_1_501' title='bbox 2376 2627 2444 2667; x_wconf 89' lang='lat' dir='ltr'><strong>ne</strong></span> <span class='ocrx_word' id='word_1_502' title='bbox 2500 2610 2832 2665; x_wconf 75' lang='lat' dir='ltr'><strong>conﬁderent</strong></span> <span class='ocrx_word' id='word_1_503' title='bbox 2886 2610 3082 2665; x_wconf 63' lang='lat' dir='ltr'><strong>divinae</strong></span> <span class='ocrx_word' id='word_1_504' title='bbox 3151 2613 3587 2682; x_wconf 72' lang='lat' dir='ltr'><strong>repromissionis</strong></span> 
     </span>
    </p>
   </div>
   <div class='ocr_carea' id='block_1_74' title="bbox 1996 2703 3099 2775">
    <p class='ocr_par' dir='ltr' id='par_1_74' title="bbox 1996 2703 3099 2775">
     <span class='ocr_line' id='line_1_74' title="bbox 1996 2703 3099 2775; baseline 0 -17"><span class='ocrx_word' id='word_1_505' title='bbox 1996 2705 2221 2775; x_wconf 87' lang='lat' dir='ltr'><strong>gratiam</strong></span> <span class='ocrx_word' id='word_1_506' title='bbox 2250 2703 2475 2773; x_wconf 86' lang='lat' dir='ltr'><strong>adipisci</strong></span> <span class='ocrx_word' id='word_1_507' title='bbox 2501 2717 2655 2773; x_wconf 89' lang='lat' dir='ltr'><strong>posse</strong></span> <span class='ocrx_word' id='word_1_508' title='bbox 2685 2718 2781 2773; x_wconf 89' lang='lat' dir='ltr'><strong>per</strong></span> <span class='ocrx_word' id='word_1_509' title='bbox 2803 2703 3099 2758; x_wconf 85' lang='lat' dir='ltr'><strong>Christum.</strong></span> 
     </span>
    </p>
   </div>
   <div class='ocr_carea' id='block_1_75' title="bbox 2069 2793 3586 2867">
    <p class='ocr_par' dir='ltr' id='par_1_75' title="bbox 2069 2793 3586 2867">
     <span class='ocr_line' id='line_1_75' title="bbox 2069 2793 3586 2867; baseline 0.003 -16"><span class='ocrx_word' id='word_1_510' title='bbox 2069 2796 2159 2851; x_wconf 82' lang='grc'><strong>71.</strong></span> <span class='ocrx_word' id='word_1_511' title='bbox 2230 2793 2346 2850; x_wconf 87' lang='lat' dir='ltr'><strong>Duo</strong></span> <span class='ocrx_word' id='word_1_512' title='bbox 2394 2796 2717 2864; x_wconf 88' lang='lat' dir='ltr'><strong>portitores,</strong></span> <span class='ocrx_word' id='word_1_513' title='bbox 2767 2793 2857 2863; x_wconf 90' lang='lat' dir='ltr'><strong>qui</strong></span> <span class='ocrx_word' id='word_1_514' title='bbox 2910 2793 2977 2847; x_wconf 85' lang='lat' dir='ltr'><strong>de</strong></span> <span class='ocrx_word' id='word_1_515' title='bbox 3025 2804 3165 2849; x_wconf 89' lang='lat' dir='ltr'><strong>terra</strong></span> <span class='ocrx_word' id='word_1_516' title='bbox 3215 2798 3586 2867; x_wconf 85' lang='lat' dir='ltr'><strong>promissionis</strong></span> 
     </span>
    </p>
   </div>
   <div class='ocr_carea' id='block_1_76' title="bbox 1994 2886 3583 2960">
    <p class='ocr_par' dir='ltr' id='par_1_76' title="bbox 1994 2886 3583 2960">
     <span class='ocr_line' id='line_1_76' title="bbox 1994 2886 3583 2960; baseline 0.003 -18"><span class='ocrx_word' id='word_1_517' title='bbox 1994 2889 2209 2943; x_wconf 89' lang='lat' dir='ltr'><strong>botrum</strong></span> <span class='ocrx_word' id='word_1_518' title='bbox 2240 2886 2295 2941; x_wconf 91' lang='lat' dir='ltr'><strong>in</strong></span> <span class='ocrx_word' id='word_1_519' title='bbox 2349 2886 2493 2956; x_wconf 85' lang='lat' dir='ltr'><strong>ligno</strong></span> <span class='ocrx_word' id='word_1_520' title='bbox 2525 2886 2764 2939; x_wconf 87' lang='lat' dir='ltr'><strong>humeris</strong></span> <span class='ocrx_word' id='word_1_521' title='bbox 2809 2892 3155 2955; x_wconf 85' lang='lat' dir='ltr'><strong>gestaverunt</strong></span> <span class='ocrx_word' id='word_1_522' title='bbox 3212 2886 3403 2956; x_wconf 83' lang='lat' dir='ltr'><strong>(Num.</strong></span> <span class='ocrx_word' id='word_1_523' title='bbox 3434 2889 3583 2960; x_wconf 85' lang='lat' dir='ltr'><strong>xiii),</strong></span> 
     </span>
    </p>
   </div>
   <div class='ocr_carea' id='block_1_77' title="bbox 1995 2968 3589 3055">
    <p class='ocr_par' dir='ltr' id='par_1_77' title="bbox 1995 2968 3589 3055">
     <span class='ocr_line' id='line_1_77' title="bbox 1995 2968 3589 3055; baseline 0.003 -22"><span class='ocrx_word' id='word_1_524' title='bbox 1995 2980 2221 3034; x_wconf 87' lang='lat' dir='ltr'><strong>duorum</strong></span> <span class='ocrx_word' id='word_1_525' title='bbox 2249 2979 2566 3048; x_wconf 90' lang='lat' dir='ltr'><strong>populorum</strong></span> <span class='ocrx_word' id='word_1_526' title='bbox 2592 2975 2996 3047; x_wconf 72' lang='lat' dir='ltr'><strong>signiﬁcandam</strong></span> <span class='ocrx_word' id='word_1_527' title='bbox 3020 2968 3437 3048; x_wconf 80' lang='lat' dir='ltr'><strong>expresserunt,</strong></span> <span class='ocrx_word' id='word_1_528' title='bbox 3456 2996 3589 3055; x_wconf 92' lang='lat' dir='ltr'><strong>quo-</strong></span> 
     </span>
    </p>
   </div>
   <div class='ocr_carea' id='block_1_78' title="bbox 1990 3069 3586 3141">
    <p class='ocr_par' dir='ltr' id='par_1_78' title="bbox 1990 3069 3586 3141">
     <span class='ocr_line' id='line_1_78' title="bbox 1990 3069 3586 3141; baseline 0.002 -15"><span class='ocrx_word' id='word_1_529' title='bbox 1990 3087 2111 3127; x_wconf 77' lang='lat' dir='ltr'><strong>rum</strong></span> <span class='ocrx_word' id='word_1_530' title='bbox 2139 3071 2284 3140; x_wconf 90' lang='lat' dir='ltr'><strong>prior</strong></span> <span class='ocrx_word' id='word_1_531' title='bbox 2303 3069 2556 3126; x_wconf 84' lang='lat' dir='ltr'><strong>Judaicus</strong></span> <span class='ocrx_word' id='word_1_532' title='bbox 2583 3071 2833 3140; x_wconf 80' lang='lat' dir='ltr'><strong>gradiens</strong></span> <span class='ocrx_word' id='word_1_533' title='bbox 2856 3086 3076 3125; x_wconf 88' lang='lat' dir='ltr'><strong>aversus</strong></span> <span class='ocrx_word' id='word_1_534' title='bbox 3102 3079 3248 3141; x_wconf 82' lang='lat' dir='ltr'><strong>terga</strong></span> <span class='ocrx_word' id='word_1_535' title='bbox 3285 3072 3377 3127; x_wconf 89' lang='lat' dir='ltr'><strong>dat</strong></span> <span class='ocrx_word' id='word_1_536' title='bbox 3428 3075 3586 3132; x_wconf 83' lang='lat' dir='ltr'><strong>Chri-</strong></span> 
     </span>
    </p>
   </div>
   <div class='ocr_carea' id='block_1_79' title="bbox 1996 3224 3586 3303">
    <p class='ocr_par' dir='ltr' id='par_1_79' title="bbox 1996 3224 3586 3303">
     <span class='ocr_line' id='line_1_79' title="bbox 1996 3224 3586 3303; baseline 0.005 -24"><span class='ocrx_word' id='word_1_537' title='bbox 1996 3224 2231 3291; x_wconf 89' lang='lat' dir='ltr'><strong>scriptus</strong></span> <span class='ocrx_word' id='word_1_538' title='bbox 2253 3232 2339 3280; x_wconf 87' lang='lat' dir='ltr'><strong>est</strong></span> <span class='ocrx_word' id='word_1_539' title='bbox 2362 3226 2509 3303; x_wconf 73' lang='lat' dir='ltr'><strong>locus</strong></span> <span class='ocrx_word' id='word_1_540' title='bbox 2532 3224 2628 3303; x_wconf 69' lang='lat' dir='ltr'><strong>hic</strong></span> <span class='ocrx_word' id='word_1_541' title='bbox 2657 3242 2670 3303; x_wconf 67' lang='grc' dir='ltr'>ξ</span> <span class='ocrx_word' id='word_1_542' title='bbox 2698 3225 3041 3303; x_wconf 52' lang='lat' dir='ltr'><strong>Septuaginta</strong></span> <span class='ocrx_word' id='word_1_543' title='bbox 3073 3228 3177 3303; x_wconf 77' lang='lat' dir='ltr'><strong>duo</strong></span> <span class='ocrx_word' id='word_1_544' title='bbox 3200 3229 3304 3303; x_wconf 11' lang='lat' dir='ltr'><strong>viri;</strong></span> <span class='ocrx_word' id='word_1_545' title='bbox 3324 3231 3586 3303; x_wconf 70' lang='lat' dir='ltr'><strong>seniores,</strong></span> 
     </span>
    </p>
   </div>
   <div class='ocr_carea' id='block_1_80' title="bbox 1996 3296 3591 3368">
    <p class='ocr_par' dir='ltr' id='par_1_80' title="bbox 1996 3296 3591 3368">
     <span class='ocr_line' id='line_1_80' title="bbox 1996 3296 3591 3368; baseline 0.001 -20"><span class='ocrx_word' id='word_1_546' title='bbox 1996 3313 2147 3366; x_wconf 77' lang='lat' dir='ltr'><strong>super</strong></span> <span class='ocrx_word' id='word_1_547' title='bbox 2170 3313 2295 3363; x_wconf 78' lang='lat' dir='ltr'><strong>quos</strong></span> <span class='ocrx_word' id='word_1_548' title='bbox 2316 3297 2497 3351; x_wconf 79' lang='lat' dir='ltr'><strong>cecidit</strong></span> <span class='ocrx_word' id='word_1_549' title='bbox 2525 3296 2750 3368; x_wconf 62' lang='lat' dir='ltr'><strong>Spiritus</strong></span> <span class='ocrx_word' id='word_1_550' title='bbox 2775 3296 2904 3363; x_wconf 85' lang='lat' dir='ltr'><strong>Dei,</strong></span> <span class='ocrx_word' id='word_1_551' title='bbox 2925 3299 3251 3368; x_wconf 76' lang='lat' dir='ltr'><strong>septuaginta</strong></span> <span class='ocrx_word' id='word_1_552' title='bbox 3269 3300 3399 3355; x_wconf 80' lang='lat' dir='ltr'><strong>ditus</strong></span> <span class='ocrx_word' id='word_1_553' title='bbox 3419 3296 3591 3359; x_wconf 66' lang='lat' dir='ltr'><strong>natio;</strong></span> 
     </span>
    </p>
   </div>
   <div class='ocr_carea' id='block_1_81' title="bbox 2002 3366 3591 3441">
    <p class='ocr_par' dir='ltr' id='par_1_81' title="bbox 2002 3366 3591 3441">
     <span class='ocr_line' id='line_1_81' title="bbox 2002 3366 3591 3441; baseline 0.004 -23"><span class='ocrx_word' id='word_1_554' title='bbox 2002 3384 2124 3419; x_wconf 86' lang='lat' dir='ltr'><strong>num</strong></span> <span class='ocrx_word' id='word_1_555' title='bbox 2146 3368 2379 3441; x_wconf 59' lang='lat' dir='ltr'><strong>linguas,</strong></span> <span class='ocrx_word' id='word_1_556' title='bbox 2403 3382 2522 3441; x_wconf 82' lang='lat' dir='ltr'><strong>cum</strong></span> <span class='ocrx_word' id='word_1_557' title='bbox 2546 3366 2607 3441; x_wconf 85' lang='lat' dir='ltr'><strong>in_</strong></span> <span class='ocrx_word' id='word_1_558' title='bbox 2630 3368 2719 3441; x_wconf 79' lang='lat' dir='ltr'><strong>lib.</strong></span> <span class='ocrx_word' id='word_1_559' title='bbox 2744 3368 2900 3435; x_wconf 87' lang='lat' dir='ltr'><strong>impr.</strong></span> <span class='ocrx_word' id='word_1_560' title='bbox 2933 3366 3215 3441; x_wconf 83' lang='lat' dir='ltr'><strong>utrobique</strong></span> <span class='ocrx_word' id='word_1_561' title='bbox 3240 3374 3344 3429; x_wconf 84' lang='lat' dir='ltr'><strong>duo</strong></span> <span class='ocrx_word' id='word_1_562' title='bbox 3379 3374 3591 3439; x_wconf 50' lang='lat' dir='ltr'><strong>deside,</strong></span> 
     </span>
    </p>
   </div>
   <div class='ocr_carea' id='block_1_82' title="bbox 2000 3436 3583 3507">
    <p class='ocr_par' dir='ltr' id='par_1_82' title="bbox 2000 3436 3583 3507">
     <span class='ocr_line' id='line_1_82' title="bbox 2000 3436 3583 3507; baseline 0.006 -15"><span class='ocrx_word' id='word_1_563' title='bbox 2000 3453 2205 3492; x_wconf 76' lang='lat' dir='ltr'><strong>rentur.</strong></span> <span class='ocrx_word' id='word_1_564' title='bbox 2243 3439 2307 3492; x_wconf 81' lang='lat' dir='ltr'><strong>Et</strong></span> <span class='ocrx_word' id='word_1_565' title='bbox 2336 3437 2550 3506; x_wconf 78' lang='lat' dir='ltr'><strong>quidem</strong></span> <span class='ocrx_word' id='word_1_566' title='bbox 2584 3436 2747 3490; x_wconf 80' lang='lat' dir='ltr'><strong>fuisse</strong></span> <span class='ocrx_word' id='word_1_567' title='bbox 2774 3442 3106 3507; x_wconf 86' lang='lat' dir='ltr'><strong>septuaginta</strong></span> <span class='ocrx_word' id='word_1_568' title='bbox 3127 3436 3290 3494; x_wconf 57' lang='lat' dir='ltr'><strong>&#39;duos</strong></span> <span class='ocrx_word' id='word_1_569' title='bbox 3340 3444 3459 3499; x_wconf 82' lang='lat' dir='ltr'><strong>illos</strong></span> <span class='ocrx_word' id='word_1_570' title='bbox 3507 3447 3583 3501; x_wconf 84' lang='lat' dir='ltr'><strong>vi-</strong></span> 
     </span>
    </p>
   </div>
   <div class='ocr_carea' id='block_1_83' title="bbox 1998 3508 3581 3583">
    <p class='ocr_par' dir='ltr' id='par_1_83' title="bbox 1998 3508 3581 3583">
     <span class='ocr_line' id='line_1_83' title="bbox 1998 3508 3581 3583; baseline 0.003 -21"><span class='ocrx_word' id='word_1_571' title='bbox 1998 3524 2089 3583; x_wconf 83' lang='lat' dir='ltr'><strong>ros</strong></span> <span class='ocrx_word' id='word_1_572' title='bbox 2107 3550 2133 3583; x_wconf 18' lang='lat' dir='ltr'><strong>A,</strong></span> <span class='ocrx_word' id='word_1_573' title='bbox 2161 3524 2296 3583; x_wconf 81' lang='lat' dir='ltr'><strong>quos</strong></span> <span class='ocrx_word' id='word_1_574' title='bbox 2328 3510 2541 3583; x_wconf 75' lang='lat' dir='ltr'><strong>divinus</strong></span> <span class='ocrx_word' id='word_1_575' title='bbox 2566 3508 2768 3561; x_wconf 82' lang='lat' dir='ltr'><strong>amavit</strong></span> <span class='ocrx_word' id='word_1_576' title='bbox 2791 3509 3053 3583; x_wconf 77' lang='lat' dir='ltr'><strong>Spiritus,</strong></span> <span class='ocrx_word' id='word_1_577' title='bbox 3097 3514 3387 3583; x_wconf 84' lang='lat' dir='ltr'><strong>numeratis</strong></span> <span class='ocrx_word' id='word_1_578' title='bbox 3412 3516 3581 3583; x_wconf 78' lang='lat' dir='ltr'><strong>Eldad</strong></span> 
     </span>
    </p>
   </div>
   <div class='ocr_carea' id='block_1_84' title="bbox 1997 3578 3587 3647">
    <p class='ocr_par' dir='ltr' id='par_1_84' title="bbox 1997 3578 3587 3647">
     <span class='ocr_line' id='line_1_84' title="bbox 1997 3578 3587 3647; baseline 0.006 -14"><span class='ocrx_word' id='word_1_579' title='bbox 1997 3591 2052 3633; x_wconf 89' lang='lat' dir='ltr'><strong>et</strong></span> <span class='ocrx_word' id='word_1_580' title='bbox 2077 3581 2285 3645; x_wconf 16' lang='lat' dir='ltr'><strong>Medatd,</strong></span> <span class='ocrx_word' id='word_1_581' title='bbox 2308 3578 2645 3647; x_wconf 86' lang='lat' dir='ltr'><strong>perspicuum</strong></span> <span class='ocrx_word' id='word_1_582' title='bbox 2678 3588 2759 3631; x_wconf 87' lang='lat' dir='ltr'><strong>est</strong></span> <span class='ocrx_word' id='word_1_583' title='bbox 2786 3579 2982 3647; x_wconf 85' lang='lat' dir='ltr'><strong>legenti</strong></span> <span class='ocrx_word' id='word_1_584' title='bbox 3009 3596 3058 3636; x_wconf 92' lang='lat' dir='ltr'><strong>c.</strong></span> <span class='ocrx_word' id='word_1_585' title='bbox 3086 3598 3138 3635; x_wconf 86' lang='lat' dir='ltr'><strong>xi</strong></span> <span class='ocrx_word' id='word_1_586' title='bbox 3161 3582 3254 3637; x_wconf 93' lang='lat' dir='ltr'><strong>lib.</strong></span> <span class='ocrx_word' id='word_1_587' title='bbox 3286 3585 3441 3640; x_wconf 83' lang='lat' dir='ltr'><strong>Num.</strong></span> <span class='ocrx_word' id='word_1_588' title='bbox 3460 3580 3587 3642; x_wconf 69' lang='grc' dir='ltr'><strong>’Τοι-</strong></span> 
     </span>
    </p>
   </div>
   <div class='ocr_carea' id='block_1_85' title="bbox 1999 3649 3587 3717">
    <p class='ocr_par' dir='ltr' id='par_1_85' title="bbox 1999 3649 3587 3717">
     <span class='ocr_line' id='line_1_85' title="bbox 1999 3649 3587 3717; baseline 0.007 -16"><span class='ocrx_word' id='word_1_589' title='bbox 1999 3651 2159 3702; x_wconf 77' lang='lat' dir='ltr'><strong>titleni</strong></span> <span class='ocrx_word' id='word_1_590' title='bbox 2189 3649 2348 3705; x_wconf 83' lang='lat' dir='ltr'><strong>etiam</strong></span> <span class='ocrx_word' id='word_1_591' title='bbox 2384 3650 2544 3703; x_wconf 79' lang='lat' dir='ltr'><strong>fuisse</strong></span> <span class='ocrx_word' id='word_1_592' title='bbox 2570 3658 2755 3717; x_wconf 73' lang='lat' dir='ltr'><strong>gentes</strong></span> <span class='ocrx_word' id='word_1_593' title='bbox 2787 3664 2903 3717; x_wconf 75' lang='lat' dir='ltr'><strong>qua:</strong></span> <span class='ocrx_word' id='word_1_594' title='bbox 2928 3664 2991 3703; x_wconf 85' lang='lat' dir='ltr'><strong>ex</strong></span> <span class='ocrx_word' id='word_1_595' title='bbox 3027 3651 3195 3706; x_wconf 87' lang='lat' dir='ltr'><strong>tribus</strong></span> <span class='ocrx_word' id='word_1_596' title='bbox 3220 3653 3342 3709; x_wconf 88' lang='lat' dir='ltr'><strong>liliis</strong></span> <span class='ocrx_word' id='word_1_597' title='bbox 3370 3655 3481 3711; x_wconf 81' lang='lat' dir='ltr'><strong>Noe</strong></span> <span class='ocrx_word' id='word_1_598' title='bbox 3509 3672 3587 3717; x_wconf 76' lang='grc' dir='ltr'><strong>οι·-</strong></span> 
     </span>
    </p>
   </div>
   <div class='ocr_carea' id='block_1_86' title="bbox 1998 3719 3583 3792">
    <p class='ocr_par' dir='ltr' id='par_1_86' title="bbox 1998 3719 3583 3792">
     <span class='ocr_line' id='line_1_86' title="bbox 1998 3719 3583 3792; baseline 0.009 -19"><span class='ocrx_word' id='word_1_599' title='bbox 1998 3728 2063 3774; x_wconf 69' lang='grc' dir='ltr'><strong>ιω</strong></span> <span class='ocrx_word' id='word_1_600' title='bbox 2086 3730 2240 3786; x_wconf 85' lang='lat' dir='ltr'><strong>sunt,</strong></span> <span class='ocrx_word' id='word_1_601' title='bbox 2270 3724 2424 3774; x_wconf 88' lang='lat' dir='ltr'><strong>docet</strong></span> <span class='ocrx_word' id='word_1_602' title='bbox 2447 3720 2729 3792; x_wconf 56' lang='lat' dir='ltr'><strong>diligenter</strong></span> <span class='ocrx_word' id='word_1_603' title='bbox 2767 3719 2952 3773; x_wconf 84' lang='lat' dir='ltr'><strong>beatus</strong></span> <span class='ocrx_word' id='word_1_604' title='bbox 2982 3722 3337 3792; x_wconf 82' lang='lat' dir='ltr'><strong>Augustinus,</strong></span> <span class='ocrx_word' id='word_1_605' title='bbox 3386 3728 3439 3783; x_wconf 86' lang='lat' dir='ltr'><strong>in</strong></span> <span class='ocrx_word' id='word_1_606' title='bbox 3484 3728 3583 3787; x_wconf 85' lang='lat' dir='ltr'><strong>Iib.</strong></span> 
     </span>
    </p>
   </div>
   <div class='ocr_carea' id='block_1_87' title="bbox 1994 3787 3583 3868">
    <p class='ocr_par' dir='ltr' id='par_1_87' title="bbox 1994 3787 3583 3868">
     <span class='ocr_line' id='line_1_87' title="bbox 1994 3787 3583 3868; baseline 0.006 -23"><span class='ocrx_word' id='word_1_607' title='bbox 1994 3806 2082 3845; x_wconf 85' lang='lat' dir='ltr'><strong>xvi</strong></span> <span class='ocrx_word' id='word_1_608' title='bbox 2105 3793 2171 3846; x_wconf 89' lang='lat' dir='ltr'><strong>de</strong></span> <span class='ocrx_word' id='word_1_609' title='bbox 2202 3794 2361 3868; x_wconf 64' lang='lat' dir='ltr'><strong>Civit.</strong></span> <span class='ocrx_word' id='word_1_610' title='bbox 2392 3792 2519 3856; x_wconf 86' lang='lat' dir='ltr'><strong>Dei,</strong></span> <span class='ocrx_word' id='word_1_611' title='bbox 2542 3787 2589 3843; x_wconf 68' lang='grc' dir='ltr'><strong>δ.</strong></span> <span class='ocrx_word' id='word_1_612' title='bbox 2621 3787 2685 3854; x_wconf 79' lang='lat'><strong>5,</strong></span> <span class='ocrx_word' id='word_1_613' title='bbox 2709 3792 3027 3868; x_wconf 79' lang='lat' dir='ltr'><strong>computatis</strong></span> <span class='ocrx_word' id='word_1_614' title='bbox 3056 3787 3451 3868; x_wconf 65' lang='lat' dir='ltr'><strong>gentibusque)</strong></span> <span class='ocrx_word' id='word_1_615' title='bbox 3477 3813 3583 3854; x_wconf 86' lang='lat' dir='ltr'><strong>nu-</strong></span> 
     </span>
    </p>
   </div>
   <div class='ocr_carea' id='block_1_88' title="bbox 1994 3862 3586 3928">
    <p class='ocr_par' dir='ltr' id='par_1_88' title="bbox 1994 3862 3586 3928">
     <span class='ocr_line' id='line_1_88' title="bbox 1994 3862 3586 3928; baseline 0.003 -12"><span class='ocrx_word' id='word_1_616' title='bbox 1994 3872 2270 3916; x_wconf 83' lang='lat' dir='ltr'><strong>merantur</strong></span> <span class='ocrx_word' id='word_1_617' title='bbox 2299 3863 2435 3917; x_wconf 83' lang='lat' dir='ltr'><strong>Gen.</strong></span> <span class='ocrx_word' id='word_1_618' title='bbox 2469 3877 2532 3927; x_wconf 86' lang='lat' dir='ltr'><strong>x;</strong></span> <span class='ocrx_word' id='word_1_619' title='bbox 2564 3872 2618 3915; x_wconf 89' lang='lat' dir='ltr'><strong>et</strong></span> <span class='ocrx_word' id='word_1_620' title='bbox 2646 3875 2778 3913; x_wconf 89' lang='lat' dir='ltr'><strong>sane</strong></span> <span class='ocrx_word' id='word_1_621' title='bbox 2810 3862 2907 3914; x_wconf 86' lang='lat' dir='ltr'><strong>hac</strong></span> <span class='ocrx_word' id='word_1_622' title='bbox 2938 3862 3004 3917; x_wconf 85' lang='lat' dir='ltr'><strong>tie</strong></span> <span class='ocrx_word' id='word_1_623' title='bbox 3034 3877 3194 3918; x_wconf 86' lang='lat' dir='ltr'><strong>causa</strong></span> <span class='ocrx_word' id='word_1_624' title='bbox 3242 3862 3586 3928; x_wconf 71' lang='lat' dir='ltr'><strong>existimatur</strong></span> 
     </span>
    </p>
   </div>
   <div class='ocr_carea' id='block_1_89' title="bbox 1994 3931 3587 4013">
    <p class='ocr_par' dir='ltr' id='par_1_89' title="bbox 1994 3931 3587 4013">
     <span class='ocr_line' id='line_1_89' title="bbox 1994 3931 3587 4013; baseline 0.01 -32"><span class='ocrx_word' id='word_1_625' title='bbox 1994 3935 2254 4013; x_wconf 58' lang='lat' dir='ltr'><strong>portunus</strong></span> <span class='ocrx_word' id='word_1_626' title='bbox 2275 3948 2417 3989; x_wconf 80' lang='lat' dir='ltr'><strong>Lxxii</strong></span> <span class='ocrx_word' id='word_1_627' title='bbox 2438 3932 2731 4013; x_wconf 53' lang='lat' dir='ltr'><strong>discipulos</strong></span> <span class='ocrx_word' id='word_1_628' title='bbox 2752 3931 2977 4012; x_wconf 78' lang='lat' dir='ltr'><strong>elegisse</strong></span> <span class='ocrx_word' id='word_1_629' title='bbox 2992 3932 3131 4013; x_wconf 40' lang='lat' dir='ltr'><strong>Iino.</strong></span> <span class='ocrx_word' id='word_1_630' title='bbox 3156 3951 3384 4013; x_wconf 43' lang='lat' dir='ltr'><strong>x_,quos</strong></span> <span class='ocrx_word' id='word_1_631' title='bbox 3412 3939 3587 4013; x_wconf 76' lang='lat' dir='ltr'><strong>signi-</strong></span> 
     </span>
    </p>
   </div>
   <div class='ocr_carea' id='block_1_90' title="bbox 1994 4003 3587 4077">
    <p class='ocr_par' dir='ltr' id='par_1_90' title="bbox 1994 4003 3587 4077">
     <span class='ocr_line' id='line_1_90' title="bbox 1994 4003 3587 4077; baseline 0.006 -18"><span class='ocrx_word' id='word_1_632' title='bbox 1994 4005 2224 4077; x_wconf 80' lang='lat' dir='ltr'><strong>ﬁcabant</strong></span> <span class='ocrx_word' id='word_1_633' title='bbox 2256 4022 2397 4060; x_wconf 83' lang='lat' dir='ltr'><strong>Lxxii</strong></span> <span class='ocrx_word' id='word_1_634' title='bbox 2429 4004 2619 4076; x_wconf 68' lang='lat' dir='ltr'><strong>palma:</strong></span> <span class='ocrx_word' id='word_1_635' title='bbox 2643 4016 2868 4077; x_wconf 64' lang='lat' dir='ltr'><strong>repertae</strong></span> <span class='ocrx_word' id='word_1_636' title='bbox 2896 4004 2947 4056; x_wconf 85' lang='lat' dir='ltr'><strong>in</strong></span> <span class='ocrx_word' id='word_1_637' title='bbox 2990 4003 3161 4077; x_wconf 69' lang='lat' dir='ltr'><strong>Elim.</strong></span> <span class='ocrx_word' id='word_1_638' title='bbox 3193 4003 3346 4065; x_wconf 54' lang='lat' dir='ltr'><strong>Exod</strong></span> <span class='ocrx_word' id='word_1_639' title='bbox 3387 4003 3493 4077; x_wconf 67' lang='lat' dir='ltr'><strong>xv:</strong></span> <span class='ocrx_word' id='word_1_640' title='bbox 3524 4018 3587 4077; x_wconf 82' lang='lat' dir='ltr'><strong>ut</strong></span> 
     </span>
    </p>
   </div>
   <div class='ocr_carea' id='block_1_91' title="bbox 1991 4074 3224 4146">
    <p class='ocr_par' dir='ltr' id='par_1_91' title="bbox 1991 4074 3224 4146">
     <span class='ocr_line' id='line_1_91' title="bbox 1991 4074 3224 4146; baseline 0.003 -16"><span class='ocrx_word' id='word_1_641' title='bbox 1991 4085 2142 4131; x_wconf 85' lang='lat' dir='ltr'><strong>notat</strong></span> <span class='ocrx_word' id='word_1_642' title='bbox 2173 4074 2623 4146; x_wconf 82' lang='lat' dir='ltr'><strong>&#39;I‘iteopliylactiis,</strong></span> <span class='ocrx_word' id='word_1_643' title='bbox 2660 4076 2711 4127; x_wconf 90' lang='lat' dir='ltr'><strong>in</strong></span> <span class='ocrx_word' id='word_1_644' title='bbox 2735 4074 2935 4128; x_wconf 83' lang='lat' dir='ltr'><strong>dictum</strong></span> <span class='ocrx_word' id='word_1_645' title='bbox 2964 4089 3013 4131; x_wconf 90' lang='lat' dir='ltr'><strong>c.</strong></span> <span class='ocrx_word' id='word_1_646' title='bbox 3042 4075 3224 4137; x_wconf 69' lang='grc' dir='ltr'><strong>[ιυοω.</strong></span> 
     </span>
    </p>
   </div>
   <div class='ocr_carea' id='block_1_92' title="bbox 2062 4145 3582 4213">
    <p class='ocr_par' dir='ltr' id='par_1_92' title="bbox 2062 4145 3582 4213">
     <span class='ocr_line' id='line_1_92' title="bbox 2062 4145 3582 4213; baseline 0.007 -13"><span class='ocrx_word' id='word_1_647' title='bbox 2062 4146 2203 4203; x_wconf 81' lang='lat' dir='ltr'><strong>Ibid.</strong></span> <span class='ocrx_word' id='word_1_648' title='bbox 2240 4148 2311 4202; x_wconf 92' lang='lat' dir='ltr'><strong>De</strong></span> <span class='ocrx_word' id='word_1_649' title='bbox 2344 4145 2444 4202; x_wconf 78' lang='lat' dir='ltr'><strong>hac</strong></span> <span class='ocrx_word' id='word_1_650' title='bbox 2481 4146 2734 4213; x_wconf 82' lang='lat' dir='ltr'><strong>allegoria</strong></span> <span class='ocrx_word' id='word_1_651' title='bbox 2766 4146 2887 4200; x_wconf 83' lang='lat' dir='ltr'><strong>vide</strong></span> <span class='ocrx_word' id='word_1_652' title='bbox 2934 4145 3235 4205; x_wconf 85' lang='lat' dir='ltr'><strong>Editionem</strong></span> <span class='ocrx_word' id='word_1_653' title='bbox 3283 4149 3582 4210; x_wconf 85' lang='lat' dir='ltr'><strong>Coteleria-</strong></span> 
     </span>
    </p>
   </div>
   <div class='ocr_carea' id='block_1_93' title="bbox 1987 4217 3584 4345">
    <p class='ocr_par' dir='ltr' id='par_1_93' title="bbox 1987 4217 3584 4345">
     <span class='ocr_line' id='line_1_93' title="bbox 1987 4217 3584 4345; baseline 0.006 -73"><span class='ocrx_word' id='word_1_654' title='bbox 1987 4233 2113 4345; x_wconf 51' lang='lat' dir='ltr'><strong>{taxi</strong></span> <span class='ocrx_word' id='word_1_655' title='bbox 2143 4217 2359 4274; x_wconf 84' lang='lat' dir='ltr'><strong>Patrum</strong></span> <span class='ocrx_word' id='word_1_656' title='bbox 2392 4220 2806 4290; x_wconf 85' lang='lat' dir='ltr'><strong>apostolicorum</strong></span> <span class='ocrx_word' id='word_1_657' title='bbox 2832 4219 2959 4277; x_wconf 84' lang='lat' dir='ltr'><strong>anni</strong></span> <span class='ocrx_word' id='word_1_658' title='bbox 2978 4218 3137 4288; x_wconf 70' lang='grc'><strong>1698,</strong></span> <span class='ocrx_word' id='word_1_659' title='bbox 3165 4219 3429 4295; x_wconf 77' lang='lat' dir='ltr'><strong>pag.738,</strong></span> <span class='ocrx_word' id='word_1_660' title='bbox 3448 4230 3584 4283; x_wconf 80' lang='grc' dir='ltr'><strong>ωω.</strong></span> 
     </span>
     <span class='ocr_line' id='line_1_94' title="bbox 2015 4304 2233 4343; baseline -0.009 0"><span class='ocrx_word' id='word_1_661' title='bbox 2015 4329 2029 4343; x_wconf 94' lang='grc'><strong>.</strong></span> <span class='ocrx_word' id='word_1_662' title='bbox 2114 4304 2233 4342; x_wconf 80' lang='lat' dir='ltr'><strong>nev.</strong></span> 
     </span>
    </p>
   </div>
   <div class='ocr_carea' id='block_1_94' title="bbox 2015 4291 2233 4343">
    <p class='ocr_par' dir='ltr' id='par_1_94' title="bbox 2015 4291 2233 4343">
     <span class='ocr_line' id='line_1_95' title="bbox 2015 4291 2233 4343; baseline -0.009 0"><span class='ocrx_word' id='word_1_663' title='bbox 2015 4329 2029 4343; x_wconf 96' lang='lat'><strong>.</strong></span> <span class='ocrx_word' id='word_1_664' title='bbox 2064 4291 2233 4343; x_wconf 79' lang='lat' dir='ltr'><strong>Anev.</strong></span> 
     </span>
    </p>
   </div>
   <div class='ocr_carea' id='block_1_95' title="bbox 2059 4357 3585 4427">
    <p class='ocr_par' dir='ltr' id='par_1_95' title="bbox 2059 4357 3585 4427">
     <span class='ocr_line' id='line_1_96' title="bbox 2059 4357 3585 4427; baseline 0.003 -13"><span class='ocrx_word' id='word_1_665' title='bbox 2059 4362 2149 4414; x_wconf 89' lang='grc'><strong>66.</strong></span> <span class='ocrx_word' id='word_1_666' title='bbox 2187 4358 2396 4413; x_wconf 82' lang='lat' dir='ltr'><strong>Dat/ian</strong></span> <span class='ocrx_word' id='word_1_667' title='bbox 2429 4366 2476 4412; x_wconf 87' lang='lat' dir='ltr'><strong>et</strong></span> <span class='ocrx_word' id='word_1_668' title='bbox 2506 4359 2722 4415; x_wconf 83' lang='lat' dir='ltr'><strong>Abiron.</strong></span> <span class='ocrx_word' id='word_1_669' title='bbox 2755 4357 3033 4427; x_wconf 76' lang='lat' dir='ltr'><strong>Principes</strong></span> <span class='ocrx_word' id='word_1_670' title='bbox 3069 4358 3352 4422; x_wconf 74' lang='lat' dir='ltr'><strong>seditionis</strong></span> <span class='ocrx_word' id='word_1_671' title='bbox 3394 4373 3585 4427; x_wconf 75' lang='lat' dir='ltr'><strong>contra</strong></span> 
     </span>
    </p>
   </div>
   <div class='ocr_carea' id='block_1_96' title="bbox 1986 4425 3587 4506">
    <p class='ocr_par' dir='ltr' id='par_1_96' title="bbox 1986 4425 3587 4506">
     <span class='ocr_line' id='line_1_97' title="bbox 1986 4425 3587 4506; baseline 0.004 -20"><span class='ocrx_word' id='word_1_672' title='bbox 1986 4430 2204 4506; x_wconf 78' lang='lat' dir='ltr'><strong>Moysen</strong></span> <span class='ocrx_word' id='word_1_673' title='bbox 2230 4440 2285 4484; x_wconf 90' lang='lat' dir='ltr'><strong>et</strong></span> <span class='ocrx_word' id='word_1_674' title='bbox 2314 4438 2493 4506; x_wconf 78' lang='lat' dir='ltr'><strong>Aaron</strong></span> <span class='ocrx_word' id='word_1_675' title='bbox 2522 4430 2845 4506; x_wconf 77' lang='lat' dir='ltr'><strong>exstiterunt</strong></span> <span class='ocrx_word' id='word_1_676' title='bbox 2873 4425 3009 4506; x_wconf 79' lang='lat' dir='ltr'><strong>Core</strong></span> <span class='ocrx_word' id='word_1_677' title='bbox 3029 4439 3083 4487; x_wconf 85' lang='lat' dir='ltr'><strong>et</strong></span> <span class='ocrx_word' id='word_1_678' title='bbox 3128 4429 3379 4506; x_wconf 70' lang='lat' dir='ltr'><strong>palliati,</strong></span> <span class='ocrx_word' id='word_1_679' title='bbox 3423 4448 3587 4506; x_wconf 74' lang='lat' dir='ltr'><strong>atque</strong></span> 
     </span>
    </p>
   </div>
   <div class='ocr_carea' id='block_1_97' title="bbox 1987 4498 3588 4575">
    <p class='ocr_par' dir='ltr' id='par_1_97' title="bbox 1987 4498 3588 4575">
     <span class='ocr_line' id='line_1_98' title="bbox 1987 4498 3588 4575; baseline 0.006 -20"><span class='ocrx_word' id='word_1_680' title='bbox 1987 4498 2190 4558; x_wconf 81' lang='lat' dir='ltr'><strong>Abiron</strong></span> <span class='ocrx_word' id='word_1_681' title='bbox 2219 4514 2339 4575; x_wconf 75' lang='lat' dir='ltr'><strong>cum</strong></span> <span class='ocrx_word' id='word_1_682' title='bbox 2375 4502 2519 4567; x_wconf 88' lang='lat' dir='ltr'><strong>Hon,</strong></span> <span class='ocrx_word' id='word_1_683' title='bbox 2551 4504 2751 4575; x_wconf 70' lang='lat' dir='ltr'><strong>aliique</strong></span> <span class='ocrx_word' id='word_1_684' title='bbox 2782 4498 3001 4557; x_wconf 84' lang='lat' dir='ltr'><strong>ducenti</strong></span> <span class='ocrx_word' id='word_1_685' title='bbox 3050 4498 3431 4575; x_wconf 81' lang='lat' dir='ltr'><strong>quinquaginta</strong></span> <span class='ocrx_word' id='word_1_686' title='bbox 3482 4498 3588 4569; x_wconf 72' lang='lat' dir='ltr'><strong>viri</strong></span> 
     </span>
    </p>
   </div>
   <div class='ocr_carea' id='block_1_98' title="bbox 1989 4572 3585 4650">
    <p class='ocr_par' dir='ltr' id='par_1_98' title="bbox 1989 4572 3585 4650">
     <span class='ocr_line' id='line_1_99' title="bbox 1989 4572 3585 4650; baseline 0.003 -23"><span class='ocrx_word' id='word_1_687' title='bbox 1989 4572 2621 4650; x_wconf 72' lang='lat' dir='ltr'><strong>p_ioceres__Sytiagogze,</strong></span> <span class='ocrx_word' id='word_1_688' title='bbox 2672 4572 2830 4650; x_wconf 53' lang='grc' dir='ltr'><strong>μυίης</strong></span> <span class='ocrx_word' id='word_1_689' title='bbox 2884 4586 2991 4650; x_wconf 70' lang='lat' dir='ltr'><strong>xvi.</strong></span> <span class='ocrx_word' id='word_1_690' title='bbox 3046 4575 3114 4650; x_wconf 70' lang='lat' dir='ltr'><strong>hit</strong></span> <span class='ocrx_word' id='word_1_691' title='bbox 3169 4572 3384 4650; x_wconf 73' lang='lat' dir='ltr'><strong>quidem</strong></span> <span class='ocrx_word' id='word_1_692' title='bbox 3439 4577 3585 4650; x_wconf 79' lang='lat' dir='ltr'><strong>quod</strong></span> 
     </span>
    </p>
   </div>
   <div class='ocr_carea' id='block_1_99' title="bbox 372 4641 3589 4715">
    <p class='ocr_par' dir='ltr' id='par_1_99' title="bbox 372 4641 3589 4715">
     <span class='ocr_line' id='line_1_100' title="bbox 372 4641 3589 4715; baseline 0.001 -15"><span class='ocrx_word' id='word_1_693' title='bbox 372 4647 465 4702; x_wconf 78' lang='lat'><strong>63.</strong></span> <span class='ocrx_word' id='word_1_694' title='bbox 481 4641 724 4698; x_wconf 75' lang='lat' dir='ltr'><strong>Amalech</strong></span> <span class='ocrx_word' id='word_1_695' title='bbox 739 4646 987 4715; x_wconf 83' lang='lat' dir='ltr'><strong>designat.</strong></span> <span class='ocrx_word' id='word_1_696' title='bbox 1013 4647 1118 4701; x_wconf 80' lang='lat' dir='ltr'><strong>Res</strong></span> <span class='ocrx_word' id='word_1_697' title='bbox 1131 4641 1276 4714; x_wconf 79' lang='lat' dir='ltr'><strong>gesta</strong></span> <span class='ocrx_word' id='word_1_698' title='bbox 1300 4655 1541 4698; x_wconf 88' lang='lat' dir='ltr'><strong>narratur</strong></span> <span class='ocrx_word' id='word_1_699' title='bbox 1563 4646 1731 4701; x_wconf 75' lang='lat' dir='ltr'><strong>Exod.</strong></span> <span class='ocrx_word' id='word_1_700' title='bbox 1756 4663 1883 4702; x_wconf 85' lang='lat' dir='ltr'><strong>xvu.</strong></span> <span class='ocrx_word' id='word_1_701' title='bbox 1918 4650 1968 4713; x_wconf 80' lang='grc' dir='ltr'>ι)</span> <span class='ocrx_word' id='word_1_702' title='bbox 1994 4641 2132 4699; x_wconf 82' lang='lat' dir='ltr'><strong>Core</strong></span> <span class='ocrx_word' id='word_1_703' title='bbox 2156 4641 2468 4698; x_wconf 70' lang='lat' dir='ltr'><strong>seditidnetii</strong></span> <span class='ocrx_word' id='word_1_704' title='bbox 2487 4641 2732 4706; x_wconf 86' lang='lat' dir='ltr'><strong>moverit,</strong></span> <span class='ocrx_word' id='word_1_705' title='bbox 2749 4643 2932 4715; x_wconf 82' lang='lat' dir='ltr'><strong>minus</strong></span> <span class='ocrx_word' id='word_1_706' title='bbox 2956 4641 3401 4715; x_wconf 40' lang='lat' dir='ltr'><strong>fortasse&#39;tniruin</strong></span> <span class='ocrx_word' id='word_1_707' title='bbox 3421 4664 3437 4715; x_wconf 86' lang='lat'><strong>;</strong></span> <span class='ocrx_word' id='word_1_708' title='bbox 3454 4641 3589 4714; x_wconf 64' lang='grc' dir='ltr'>ἐπει</span> 
     </span>
    </p>
   </div>
   <div class='ocr_carea' id='block_1_100' title="bbox 308 4715 1889 4787">
    <p class='ocr_par' dir='ltr' id='par_1_100' title="bbox 308 4715 1889 4787">
     <span class='ocr_line' id='line_1_101' title="bbox 308 4715 1889 4787; baseline 0.004 -19"><span class='ocrx_word' id='word_1_709' title='bbox 308 4716 403 4787; x_wconf 66' lang='lat' dir='ltr'><strong>[ist</strong></span> <span class='ocrx_word' id='word_1_710' title='bbox 430 4726 610 4770; x_wconf 89' lang='lat' dir='ltr'><strong>autem</strong></span> <span class='ocrx_word' id='word_1_711' title='bbox 644 4717 1001 4771; x_wconf 86' lang='lat' dir='ltr'><strong>Amaieciiites</strong></span> <span class='ocrx_word' id='word_1_712' title='bbox 1033 4715 1178 4787; x_wconf 88' lang='lat' dir='ltr'><strong>regio</strong></span> <span class='ocrx_word' id='word_1_713' title='bbox 1202 4721 1251 4769; x_wconf 91' lang='lat' dir='ltr'><strong>in</strong></span> <span class='ocrx_word' id='word_1_714' title='bbox 1274 4717 1570 4787; x_wconf 15' lang='lat' dir='ltr'><strong>desertoratl</strong></span> <span class='ocrx_word' id='word_1_715' title='bbox 1609 4718 1889 4775; x_wconf 78' lang='lat' dir='ltr'><strong>meridiem</strong></span> 
     </span>
    </p>
   </div>
   <div class='ocr_carea' id='block_1_101' title="bbox 306 4786 1893 4853">
    <p class='ocr_par' dir='ltr' id='par_1_101' title="bbox 306 4786 1893 4853">
     <span class='ocr_line' id='line_1_102' title="bbox 306 4786 1893 4853; baseline 0 -11"><span class='ocrx_word' id='word_1_716' title='bbox 306 4786 507 4842; x_wconf 67' lang='lat' dir='ltr'><strong>iudica</strong></span> <span class='ocrx_word' id='word_1_717' title='bbox 537 4794 686 4840; x_wconf 86' lang='lat' dir='ltr'><strong>trans</strong></span> <span class='ocrx_word' id='word_1_718' title='bbox 715 4787 902 4842; x_wconf 78' lang='lat' dir='ltr'><strong>urbem</strong></span> <span class='ocrx_word' id='word_1_719' title='bbox 927 4786 1135 4842; x_wconf 84' lang='lat' dir='ltr'><strong>Petram</strong></span> <span class='ocrx_word' id='word_1_720' title='bbox 1156 4826 1172 4853; x_wconf 92' lang='lat'><strong>,</strong></span> <span class='ocrx_word' id='word_1_721' title='bbox 1197 4795 1255 4840; x_wconf 90' lang='lat' dir='ltr'><strong>ut</strong></span> <span class='ocrx_word' id='word_1_722' title='bbox 1277 4788 1458 4841; x_wconf 88' lang='lat' dir='ltr'><strong>scribit</strong></span> <span class='ocrx_word' id='word_1_723' title='bbox 1488 4786 1675 4840; x_wconf 88' lang='lat' dir='ltr'><strong>beatus</strong></span> <span class='ocrx_word' id='word_1_724' title='bbox 1708 4789 1893 4842; x_wconf 84' lang='lat' dir='ltr'><strong>llicro—</strong></span> 
     </span>
    </p>
   </div>
   <div class='ocr_carea' id='block_1_102' title="bbox 307 4857 1895 4930">
    <p class='ocr_par' dir='ltr' id='par_1_102' title="bbox 307 4857 1895 4930">
     <span class='ocr_line' id='line_1_103' title="bbox 307 4857 1895 4930; baseline 0.001 -17"><span class='ocrx_word' id='word_1_725' title='bbox 307 4861 536 4930; x_wconf 79' lang='lat' dir='ltr'><strong>iiymus,</strong></span> <span class='ocrx_word' id='word_1_726' title='bbox 569 4859 654 4930; x_wconf 86' lang='lat' dir='ltr'><strong>de</strong></span> <span class='ocrx_word' id='word_1_727' title='bbox 680 4859 805 4913; x_wconf 86' lang='lat' dir='ltr'><strong>Loc.</strong></span> <span class='ocrx_word' id='word_1_728' title='bbox 844 4858 1138 4913; x_wconf 80' lang='lat' dir='ltr'><strong>Hebraicis.</strong></span> <span class='ocrx_word' id='word_1_729' title='bbox 1180 4857 1436 4930; x_wconf 69' lang='lat' dir='ltr'><strong>Amalech</strong></span> <span class='ocrx_word' id='word_1_730' title='bbox 1472 4872 1678 4930; x_wconf 80' lang='lat' dir='ltr'><strong>porro,</strong></span> <span class='ocrx_word' id='word_1_731' title='bbox 1728 4874 1895 4927; x_wconf 75' lang='lat' dir='ltr'><strong>nepos</strong></span> 
     </span>
    </p>
   </div>
   <div class='ocr_carea' id='block_1_103' title="bbox 308 4928 1891 4999">
    <p class='ocr_par' dir='ltr' id='par_1_103' title="bbox 308 4928 1891 4999">
     <span class='ocr_line' id='line_1_104' title="bbox 308 4928 1891 4999; baseline 0.002 -17"><span class='ocrx_word' id='word_1_732' title='bbox 308 4928 479 4991; x_wconf 50' lang='grc' dir='ltr'><strong>Βάδει,</strong></span> <span class='ocrx_word' id='word_1_733' title='bbox 516 4928 744 4982; x_wconf 88' lang='lat' dir='ltr'><strong>nominis</strong></span> <span class='ocrx_word' id='word_1_734' title='bbox 774 4932 1050 4999; x_wconf 86' lang='lat' dir='ltr'><strong>etgencris</strong></span> <span class='ocrx_word' id='word_1_735' title='bbox 1066 4940 1251 4984; x_wconf 84' lang='lat' dir='ltr'><strong>auctor</strong></span> <span class='ocrx_word' id='word_1_736' title='bbox 1276 4928 1370 4983; x_wconf 86' lang='lat' dir='ltr'><strong>l&#39;tiit</strong></span> <span class='ocrx_word' id='word_1_737' title='bbox 1394 4928 1520 4982; x_wconf 87' lang='lat' dir='ltr'><strong>huic</strong></span> <span class='ocrx_word' id='word_1_738' title='bbox 1539 4931 1705 4996; x_wconf 72' lang='lat' dir='ltr'><strong>genti,</strong></span> <span class='ocrx_word' id='word_1_739' title='bbox 1754 4930 1891 4987; x_wconf 78' lang='lat' dir='ltr'><strong>Gen.</strong></span> 
     </span>
    </p>
   </div>
   <div class='ocr_carea' id='block_1_104' title="bbox 308 5000 1895 5068">
    <p class='ocr_par' dir='ltr' id='par_1_104' title="bbox 308 5000 1895 5068">
     <span class='ocr_line' id='line_1_105' title="bbox 308 5000 1895 5068; baseline 0.001 -14"><span class='ocrx_word' id='word_1_740' title='bbox 308 5014 491 5055; x_wconf 82' lang='lat' dir='ltr'><strong>xxxvi.</strong></span> <span class='ocrx_word' id='word_1_741' title='bbox 515 5001 733 5054; x_wconf 79' lang='lat' dir='ltr'><strong>&#39;I‘ractat</strong></span> <span class='ocrx_word' id='word_1_742' title='bbox 759 5014 934 5055; x_wconf 88' lang='lat' dir='ltr'><strong>autem</strong></span> <span class='ocrx_word' id='word_1_743' title='bbox 966 5001 1195 5055; x_wconf 89' lang='lat' dir='ltr'><strong>nobilem</strong></span> <span class='ocrx_word' id='word_1_744' title='bbox 1228 5001 1365 5054; x_wconf 89' lang='lat' dir='ltr'><strong>hanc</strong></span> <span class='ocrx_word' id='word_1_745' title='bbox 1402 5000 1710 5068; x_wconf 67' lang='lat' dir='ltr'><strong>allegoriam</strong></span> <span class='ocrx_word' id='word_1_746' title='bbox 1768 5006 1895 5057; x_wconf 87' lang='lat' dir='ltr'><strong>bea-</strong></span> 
     </span>
    </p>
   </div>
   <div class='ocr_carea' id='block_1_105' title="bbox 309 5069 1895 5139">
    <p class='ocr_par' dir='ltr' id='par_1_105' title="bbox 309 5069 1895 5139">
     <span class='ocr_line' id='line_1_106' title="bbox 309 5069 1895 5139; baseline 0 -14"><span class='ocrx_word' id='word_1_747' title='bbox 309 5080 391 5125; x_wconf 90' lang='lat' dir='ltr'><strong>tus</strong></span> <span class='ocrx_word' id='word_1_748' title='bbox 424 5073 786 5139; x_wconf 80' lang='lat' dir='ltr'><strong>Augustinus,</strong></span> <span class='ocrx_word' id='word_1_749' title='bbox 838 5071 889 5125; x_wconf 91' lang='lat' dir='ltr'><strong>in</strong></span> <span class='ocrx_word' id='word_1_750' title='bbox 938 5086 1099 5127; x_wconf 90' lang='lat' dir='ltr'><strong>serm.</strong></span> <span class='ocrx_word' id='word_1_751' title='bbox 1150 5069 1220 5124; x_wconf 76' lang='lat'><strong>95</strong></span> <span class='ocrx_word' id='word_1_752' title='bbox 1262 5072 1329 5124; x_wconf 90' lang='lat' dir='ltr'><strong>de</strong></span> <span class='ocrx_word' id='word_1_753' title='bbox 1376 5080 1644 5138; x_wconf 79' lang='lat' dir='ltr'><strong>tempore,</strong></span> <span class='ocrx_word' id='word_1_754' title='bbox 1692 5072 1780 5125; x_wconf 91' lang='lat' dir='ltr'><strong>ubi</strong></span> <span class='ocrx_word' id='word_1_755' title='bbox 1819 5073 1895 5131; x_wconf 86' lang='lat' dir='ltr'><strong>ait</strong></span> 
     </span>
    </p>
   </div>
   <div class='ocr_carea' id='block_1_106' title="bbox 309 5142 1889 5211">
    <p class='ocr_par' dir='ltr' id='par_1_106' title="bbox 309 5142 1889 5211">
     <span class='ocr_line' id='line_1_107' title="bbox 309 5142 1889 5211; baseline 0.002 -16"><span class='ocrx_word' id='word_1_756' title='bbox 309 5142 546 5210; x_wconf 62' lang='lat' dir='ltr'><strong>noysem</strong></span> <span class='ocrx_word' id='word_1_757' title='bbox 579 5142 692 5210; x_wconf 88' lang='lat' dir='ltr'><strong>ipsa</strong></span> <span class='ocrx_word' id='word_1_758' title='bbox 717 5144 1016 5197; x_wconf 89' lang='lat' dir='ltr'><strong>elevatione</strong></span> <span class='ocrx_word' id='word_1_759' title='bbox 1058 5158 1308 5196; x_wconf 90' lang='lat' dir='ltr'><strong>manuum</strong></span> <span class='ocrx_word' id='word_1_760' title='bbox 1358 5143 1669 5211; x_wconf 87' lang='lat' dir='ltr'><strong>mysterium</strong></span> <span class='ocrx_word' id='word_1_761' title='bbox 1713 5145 1889 5198; x_wconf 86' lang='lat' dir='ltr'><strong>crucis</strong></span> 
     </span>
    </p>
   </div>
   <div class='ocr_carea' id='block_1_107' title="bbox 311 5212 1891 5280">
    <p class='ocr_par' dir='ltr' id='par_1_107' title="bbox 311 5212 1891 5280">
     <span class='ocr_line' id='line_1_108' title="bbox 311 5212 1891 5280; baseline -0.001 -11"><span class='ocrx_word' id='word_1_762' title='bbox 311 5216 637 5269; x_wconf 81' lang='lat' dir='ltr'><strong>ostendisse.</strong></span> <span class='ocrx_word' id='word_1_763' title='bbox 668 5214 765 5278; x_wconf 82' lang='lat' dir='ltr'><strong>Et,</strong></span> <span class='ocrx_word' id='word_1_764' title='bbox 797 5223 857 5267; x_wconf 86' lang='lat' dir='ltr'><strong>ut</strong></span> <span class='ocrx_word' id='word_1_765' title='bbox 875 5214 1080 5271; x_wconf 83' lang='lat' dir='ltr'><strong>erudite</strong></span> <span class='ocrx_word' id='word_1_766' title='bbox 1103 5216 1177 5267; x_wconf 87' lang='lat' dir='ltr'><strong>ait</strong></span> <span class='ocrx_word' id='word_1_767' title='bbox 1201 5212 1598 5272; x_wconf 82' lang='lat' dir='ltr'><strong>Theodorctus.</strong></span> <span class='ocrx_word' id='word_1_768' title='bbox 1632 5214 1683 5267; x_wconf 88' lang='lat' dir='ltr'><strong>in</strong></span> <span class='ocrx_word' id='word_1_769' title='bbox 1717 5228 1771 5280; x_wconf 91' lang='lat' dir='ltr'><strong>q.</strong></span> <span class='ocrx_word' id='word_1_770' title='bbox 1820 5213 1891 5268; x_wconf 75' lang='grc'><strong>54</strong></span> 
     </span>
    </p>
   </div>
   <div class='ocr_carea' id='block_1_108' title="bbox 312 5282 1891 5353">
    <p class='ocr_par' dir='ltr' id='par_1_108' title="bbox 312 5282 1891 5353">
     <span class='ocr_line' id='line_1_109' title="bbox 312 5282 1891 5353; baseline -0.001 -14"><span class='ocrx_word' id='word_1_771' title='bbox 312 5285 364 5339; x_wconf 89' lang='lat' dir='ltr'><strong>in</strong></span> <span class='ocrx_word' id='word_1_772' title='bbox 390 5282 597 5349; x_wconf 70' lang='lat' dir='ltr'><strong>ond.,</strong></span> <span class='ocrx_word' id='word_1_773' title='bbox 628 5285 1071 5353; x_wconf 89' lang='lat' dir='ltr'><strong>quemadmodum</strong></span> <span class='ocrx_word' id='word_1_774' title='bbox 1094 5325 1109 5350; x_wconf 92' lang='lat'><strong>,</strong></span> <span class='ocrx_word' id='word_1_775' title='bbox 1138 5298 1257 5339; x_wconf 89' lang='lat' dir='ltr'><strong>cum</strong></span> <span class='ocrx_word' id='word_1_776' title='bbox 1286 5284 1511 5353; x_wconf 78' lang='lat' dir='ltr'><strong>tumulus</strong></span> <span class='ocrx_word' id='word_1_777' title='bbox 1534 5283 1742 5335; x_wconf 91' lang='lat' dir='ltr'><strong>Domini</strong></span> <span class='ocrx_word' id='word_1_778' title='bbox 1777 5300 1891 5339; x_wconf 86' lang='lat' dir='ltr'><strong>nia-</strong></span> 
     </span>
    </p>
   </div>
   <div class='ocr_carea' id='block_1_109' title="bbox 309 5352 1895 5419">
    <p class='ocr_par' dir='ltr' id='par_1_109' title="bbox 309 5352 1895 5419">
     <span class='ocr_line' id='line_1_110' title="bbox 309 5352 1895 5419; baseline 0.001 -10"><span class='ocrx_word' id='word_1_779' title='bbox 309 5369 409 5409; x_wconf 84' lang='lat' dir='ltr'><strong>nus</strong></span> <span class='ocrx_word' id='word_1_780' title='bbox 438 5352 717 5419; x_wconf 85' lang='lat' dir='ltr'><strong>tenderet,</strong></span> <span class='ocrx_word' id='word_1_781' title='bbox 749 5355 974 5410; x_wconf 87' lang='lat' dir='ltr'><strong>cadebat</strong></span> <span class='ocrx_word' id='word_1_782' title='bbox 1017 5356 1268 5411; x_wconf 86' lang='lat' dir='ltr'><strong>Amalech</strong></span> <span class='ocrx_word' id='word_1_783' title='bbox 1288 5394 1303 5419; x_wconf 89' lang='lat'><strong>,</strong></span> <span class='ocrx_word' id='word_1_784' title='bbox 1333 5352 1407 5406; x_wconf 84' lang='lat' dir='ltr'><strong>ita</strong></span> <span class='ocrx_word' id='word_1_785' title='bbox 1448 5354 1672 5405; x_wconf 88' lang='lat' dir='ltr'><strong>Domino</strong></span> <span class='ocrx_word' id='word_1_786' title='bbox 1704 5368 1895 5412; x_wconf 88' lang='lat' dir='ltr'><strong>manus</strong></span> 
     </span>
    </p>
   </div>
   <div class='ocr_carea' id='block_1_110' title="bbox 311 5424 1888 5493">
    <p class='ocr_par' dir='ltr' id='par_1_110' title="bbox 311 5424 1888 5493">
     <span class='ocr_line' id='line_1_111' title="bbox 311 5424 1888 5493; baseline 0 -10"><span class='ocrx_word' id='word_1_787' title='bbox 311 5424 564 5483; x_wconf 74' lang='lat' dir='ltr'><strong>tondente</strong></span> <span class='ocrx_word' id='word_1_788' title='bbox 584 5427 635 5479; x_wconf 88' lang='lat' dir='ltr'><strong>in</strong></span> <span class='ocrx_word' id='word_1_789' title='bbox 659 5440 849 5492; x_wconf 88' lang='lat' dir='ltr'><strong>cruce,</strong></span> <span class='ocrx_word' id='word_1_790' title='bbox 876 5426 1072 5481; x_wconf 89' lang='lat' dir='ltr'><strong>diaboli</strong></span> <span class='ocrx_word' id='word_1_791' title='bbox 1099 5434 1271 5481; x_wconf 85' lang='lat' dir='ltr'><strong>castra</strong></span> <span class='ocrx_word' id='word_1_792' title='bbox 1292 5424 1526 5493; x_wconf 73' lang='lat' dir='ltr'><strong>iugulata</strong></span> <span class='ocrx_word' id='word_1_793' title='bbox 1555 5431 1699 5480; x_wconf 89' lang='lat' dir='ltr'><strong>sunt.</strong></span> <span class='ocrx_word' id='word_1_794' title='bbox 1722 5426 1888 5483; x_wconf 59' lang='lat' dir='ltr'><strong>Susa.</strong></span> 
     </span>
    </p>
   </div>
   <div class='ocr_carea' id='block_1_111' title="bbox 376 5494 1894 5568">
    <p class='ocr_par' dir='ltr' id='par_1_111' title="bbox 376 5494 1894 5568">
     <span class='ocr_line' id='line_1_112' title="bbox 376 5494 1894 5568; baseline 0.001 -19"><span class='ocrx_word' id='word_1_795' title='bbox 376 5494 471 5549; x_wconf 72' lang='grc'><strong>64.</strong></span> <span class='ocrx_word' id='word_1_796' title='bbox 523 5496 697 5553; x_wconf 82' lang='lat' dir='ltr'><strong>Sehon</strong></span> <span class='ocrx_word' id='word_1_797' title='bbox 738 5512 953 5568; x_wconf 85' lang='lat' dir='ltr'><strong>quoque.</strong></span> <span class='ocrx_word' id='word_1_798' title='bbox 997 5497 1094 5553; x_wconf 83' lang='lat' dir='ltr'><strong>Hic</strong></span> <span class='ocrx_word' id='word_1_799' title='bbox 1140 5512 1351 5568; x_wconf 79' lang='lat' dir='ltr'><strong>quoque</strong></span> <span class='ocrx_word' id='word_1_800' title='bbox 1398 5495 1720 5568; x_wconf 78' lang='lat' dir='ltr'><strong>correctiora</strong></span> <span class='ocrx_word' id='word_1_801' title='bbox 1768 5508 1894 5568; x_wconf 72' lang='lat' dir='ltr'><strong>sunt.</strong></span> 
     </span>
    </p>
   </div>
   <div class='ocr_carea' id='block_1_112' title="bbox 307 5564 1890 5638">
    <p class='ocr_par' dir='ltr' id='par_1_112' title="bbox 307 5564 1890 5638">
     <span class='ocr_line' id='line_1_113' title="bbox 307 5564 1890 5638; baseline -0.005 -9"><span class='ocrx_word' id='word_1_802' title='bbox 307 5571 634 5637; x_wconf 81' lang='lat' dir='ltr'><strong>exemplaria</strong></span> <span class='ocrx_word' id='word_1_803' title='bbox 659 5564 761 5626; x_wconf 54' lang='lat' dir='ltr'><strong>ms;</strong></span> <span class='ocrx_word' id='word_1_804' title='bbox 785 5564 901 5638; x_wconf 69' lang='lat' dir='ltr'><strong>qua:</strong></span> <span class='ocrx_word' id='word_1_805' title='bbox 928 5571 1005 5622; x_wconf 91' lang='lat' dir='ltr'><strong>sic</strong></span> <span class='ocrx_word' id='word_1_806' title='bbox 1034 5568 1228 5621; x_wconf 76' lang='lat' dir='ltr'><strong>habent</strong></span> <span class='ocrx_word' id='word_1_807' title='bbox 1252 5583 1263 5618; x_wconf 88' lang='lat'><strong>:</strong></span> <span class='ocrx_word' id='word_1_808' title='bbox 1296 5565 1418 5634; x_wconf 80' lang='lat' dir='ltr'><strong>Ipse</strong></span> <span class='ocrx_word' id='word_1_809' title='bbox 1439 5564 1643 5638; x_wconf 75' lang='lat' dir='ltr'><strong>est_Ug,</strong></span> <span class='ocrx_word' id='word_1_810' title='bbox 1672 5580 1767 5638; x_wconf 57' lang='lat' dir='ltr'><strong>rea;</strong></span> <span class='ocrx_word' id='word_1_811' title='bbox 1784 5567 1890 5622; x_wconf 88' lang='lat' dir='ltr'><strong>Ba-</strong></span> 
     </span>
    </p>
   </div>
   <div class='ocr_carea' id='block_1_113' title="bbox 310 5633 1882 5709">
    <p class='ocr_par' dir='ltr' id='par_1_113' title="bbox 310 5633 1882 5709">
     <span class='ocr_line' id='line_1_114' title="bbox 310 5633 1882 5709; baseline -0.008 -11"><span class='ocrx_word' id='word_1_812' title='bbox 310 5662 418 5701; x_wconf 71' lang='lat' dir='ltr'><strong>san.</strong></span> <span class='ocrx_word' id='word_1_813' title='bbox 451 5633 587 5698; x_wconf 73' lang='lat' dir='ltr'><strong>Nam</strong></span> <span class='ocrx_word' id='word_1_814' title='bbox 620 5642 673 5695; x_wconf 90' lang='lat' dir='ltr'><strong>in</strong></span> <span class='ocrx_word' id='word_1_815' title='bbox 700 5633 976 5709; x_wconf 47' lang='lat' dir='ltr'><strong>h‘bfimpr.</strong></span> <span class='ocrx_word' id='word_1_816' title='bbox 1002 5648 1085 5694; x_wconf 83' lang='lat' dir='ltr'><strong>est</strong></span> <span class='ocrx_word' id='word_1_817' title='bbox 1112 5640 1219 5705; x_wconf 80' lang='lat' dir='ltr'><strong>ipse</strong></span> <span class='ocrx_word' id='word_1_818' title='bbox 1247 5633 1445 5692; x_wconf 75' lang='lat' dir='ltr'><strong>estrea;</strong></span> <span class='ocrx_word' id='word_1_819' title='bbox 1493 5633 1685 5690; x_wconf 69' lang='lat' dir='ltr'><strong>Busan.</strong></span> <span class='ocrx_word' id='word_1_820' title='bbox 1730 5636 1882 5696; x_wconf 88' lang='lat' dir='ltr'><strong>Utra.</strong></span> 
     </span>
    </p>
   </div>
   <div class='ocr_carea' id='block_1_114' title="bbox 310 5710 1873 5785">
    <p class='ocr_par' dir='ltr' id='par_1_114' title="bbox 310 5710 1873 5785">
     <span class='ocr_line' id='line_1_115' title="bbox 310 5710 1873 5785; baseline 0.001 -19"><span class='ocrx_word' id='word_1_821' title='bbox 310 5731 409 5785; x_wconf 83' lang='lat' dir='ltr'><strong>que</strong></span> <span class='ocrx_word' id='word_1_822' title='bbox 432 5728 609 5769; x_wconf 83' lang='lat' dir='ltr'><strong>autem</strong></span> <span class='ocrx_word' id='word_1_823' title='bbox 638 5716 751 5767; x_wconf 70' lang='lat' dir='ltr'><strong>haec</strong></span> <span class='ocrx_word' id='word_1_824' title='bbox 776 5712 1026 5785; x_wconf 77' lang='lat' dir='ltr'><strong>allegoria</strong></span> <span class='ocrx_word' id='word_1_825' title='bbox 1047 5726 1112 5765; x_wconf 88' lang='lat' dir='ltr'><strong>ex</strong></span> <span class='ocrx_word' id='word_1_826' title='bbox 1144 5710 1458 5782; x_wconf 77' lang='lat' dir='ltr'><strong>etymologia</strong></span> <span class='ocrx_word' id='word_1_827' title='bbox 1502 5720 1765 5779; x_wconf 70' lang='lat' dir='ltr'><strong>praeeipuc</strong></span> <span class='ocrx_word' id='word_1_828' title='bbox 1781 5728 1873 5767; x_wconf 84' lang='lat' dir='ltr'><strong>no-</strong></span> 
     </span>
    </p>
   </div>
   <div class='ocr_carea' id='block_1_115' title="bbox 310 5784 1392 5855">
    <p class='ocr_par' dir='ltr' id='par_1_115' title="bbox 310 5784 1392 5855">
     <span class='ocr_line' id='line_1_116' title="bbox 310 5784 1392 5855; baseline -0.009 -10"><span class='ocrx_word' id='word_1_829' title='bbox 310 5784 508 5845; x_wconf 83' lang='lat' dir='ltr'><strong>tuitiuin</strong></span> <span class='ocrx_word' id='word_1_830' title='bbox 534 5786 717 5839; x_wconf 73' lang='lat' dir='ltr'><strong>Sciron</strong></span> <span class='ocrx_word' id='word_1_831' title='bbox 744 5795 795 5839; x_wconf 87' lang='lat' dir='ltr'><strong>et</strong></span> <span class='ocrx_word' id='word_1_832' title='bbox 821 5784 897 5855; x_wconf 63' lang='grc' dir='ltr'>υς</span> <span class='ocrx_word' id='word_1_833' title='bbox 927 5796 1049 5855; x_wconf 79' lang='lat' dir='ltr'><strong>orta</strong></span> <span class='ocrx_word' id='word_1_834' title='bbox 1087 5790 1185 5837; x_wconf 81' lang='lat' dir='ltr'><strong>est.</strong></span> <span class='ocrx_word' id='word_1_835' title='bbox 1223 5786 1392 5855; x_wconf 18' lang='lat' dir='ltr'><strong>Ab‘uxn.</strong></span> 
     </span>
    </p>
   </div>
   <div class='ocr_carea' id='block_1_116' title="bbox 378 5852 1863 5928">
    <p class='ocr_par' dir='ltr' id='par_1_116' title="bbox 378 5852 1863 5928">
     <span class='ocr_line' id='line_1_117' title="bbox 378 5852 1863 5928; baseline 0.003 -19"><span class='ocrx_word' id='word_1_836' title='bbox 378 5855 470 5911; x_wconf 77' lang='lat' dir='ltr'><strong>b5.</strong></span> <span class='ocrx_word' id='word_1_837' title='bbox 490 5856 835 5928; x_wconf 80' lang='lat' dir='ltr'><strong>Septuaginta</strong></span> <span class='ocrx_word' id='word_1_838' title='bbox 872 5852 972 5907; x_wconf 74' lang='lat' dir='ltr'><strong>duo</strong></span> <span class='ocrx_word' id='word_1_839' title='bbox 1005 5853 1097 5907; x_wconf 83' lang='lat' dir='ltr'><strong>viri</strong></span> <span class='ocrx_word' id='word_1_840' title='bbox 1128 5853 1368 5909; x_wconf 75' lang='lat' dir='ltr'><strong>seniores.</strong></span> <span class='ocrx_word' id='word_1_841' title='bbox 1410 5852 1469 5910; x_wconf 87' lang='lat' dir='ltr'><strong>In</strong></span> <span class='ocrx_word' id='word_1_842' title='bbox 1511 5867 1612 5910; x_wconf 80' lang='lat' dir='ltr'><strong>ms.</strong></span> <span class='ocrx_word' id='word_1_843' title='bbox 1654 5854 1746 5911; x_wconf 91' lang='lat' dir='ltr'><strong>lib.</strong></span> <span class='ocrx_word' id='word_1_844' title='bbox 1788 5859 1863 5913; x_wconf 71' lang='lat' dir='ltr'><strong>sic</strong></span> 
     </span>
    </p>
   </div>
   <div class='ocr_carea' id='block_1_117' title="bbox 1994 4712 3583 4779">
    <p class='ocr_par' dir='ltr' id='par_1_117' title="bbox 1994 4712 3583 4779">
     <span class='ocr_line' id='line_1_118' title="bbox 1994 4712 3583 4779; baseline 0.004 -10"><span class='ocrx_word' id='word_1_845' title='bbox 1994 4730 2136 4769; x_wconf 87' lang='lat' dir='ltr'><strong>enim</strong></span> <span class='ocrx_word' id='word_1_846' title='bbox 2166 4730 2229 4769; x_wconf 80' lang='lat' dir='ltr'><strong>ex</strong></span> <span class='ocrx_word' id='word_1_847' title='bbox 2264 4715 2401 4768; x_wconf 89' lang='lat' dir='ltr'><strong>tribu</strong></span> <span class='ocrx_word' id='word_1_848' title='bbox 2434 4715 2668 4770; x_wconf 83' lang='lat' dir='ltr'><strong>Leviiica</strong></span> <span class='ocrx_word' id='word_1_849' title='bbox 2691 4729 2705 4779; x_wconf 93' lang='lat'><strong>;</strong></span> <span class='ocrx_word' id='word_1_850' title='bbox 2730 4712 2795 4765; x_wconf 91' lang='lat' dir='ltr'><strong>de</strong></span> <span class='ocrx_word' id='word_1_851' title='bbox 2822 4714 3030 4767; x_wconf 63' lang='lat' dir='ltr'><strong>materiai</strong></span> <span class='ocrx_word' id='word_1_852' title='bbox 3066 4728 3193 4769; x_wconf 75' lang='lat' dir='ltr'><strong>Vero</strong></span> <span class='ocrx_word' id='word_1_853' title='bbox 3224 4718 3391 4773; x_wconf 78' lang='lat' dir='ltr'><strong>tribus</strong></span> <span class='ocrx_word' id='word_1_854' title='bbox 3422 4712 3583 4775; x_wconf 58' lang='lat' dir='ltr'><strong>sedi-4</strong></span> 
     </span>
    </p>
   </div>
   <div class='ocr_carea' id='block_1_118' title="bbox 1997 4783 3583 4859">
    <p class='ocr_par' dir='ltr' id='par_1_118' title="bbox 1997 4783 3583 4859">
     <span class='ocr_line' id='line_1_119' title="bbox 1997 4783 3583 4859; baseline 0.005 -21"><span class='ocrx_word' id='word_1_855' title='bbox 1997 4785 2154 4859; x_wconf 67' lang='lat' dir='ltr'><strong>tionis</strong></span> <span class='ocrx_word' id='word_1_856' title='bbox 2174 4785 2514 4859; x_wconf 72' lang='lat' dir='ltr'><strong>principibus</strong></span> <span class='ocrx_word' id='word_1_857' title='bbox 2548 4799 2664 4839; x_wconf 84' lang='lat' dir='ltr'><strong>eam</strong></span> <span class='ocrx_word' id='word_1_858' title='bbox 2695 4783 2959 4859; x_wconf 75' lang='lat' dir='ltr'><strong>ratioiteui</strong></span> <span class='ocrx_word' id='word_1_859' title='bbox 2991 4783 3149 4859; x_wconf 75' lang='lat' dir='ltr'><strong>aIIert</strong></span> <span class='ocrx_word' id='word_1_860' title='bbox 3171 4787 3583 4859; x_wconf 66' lang='lat' dir='ltr'><strong>&#39;I‘hcodoretus,</strong></span> 
     </span>
    </p>
   </div>
   <div class='ocr_carea' id='block_1_119' title="bbox 1995 4854 3583 4928">
    <p class='ocr_par' dir='ltr' id='par_1_119' title="bbox 1995 4854 3583 4928">
     <span class='ocr_line' id='line_1_120' title="bbox 1995 4854 3583 4928; baseline 0.003 -17"><span class='ocrx_word' id='word_1_861' title='bbox 1995 4857 2047 4911; x_wconf 92' lang='lat' dir='ltr'><strong>in</strong></span> <span class='ocrx_word' id='word_1_862' title='bbox 2085 4872 2142 4928; x_wconf 91' lang='lat' dir='ltr'><strong>q.</strong></span> <span class='ocrx_word' id='word_1_863' title='bbox 2174 4856 2263 4911; x_wconf 74' lang='grc'><strong>55.</strong></span> <span class='ocrx_word' id='word_1_864' title='bbox 2300 4857 2349 4909; x_wconf 90' lang='lat' dir='ltr'><strong>iu</strong></span> <span class='ocrx_word' id='word_1_865' title='bbox 2378 4856 2538 4910; x_wconf 82' lang='lat' dir='ltr'><strong>Num.</strong></span> <span class='ocrx_word' id='word_1_866' title='bbox 2563 4895 2579 4921; x_wconf 91' lang='lat'><strong>,</strong></span> <span class='ocrx_word' id='word_1_867' title='bbox 2609 4854 2903 4928; x_wconf 79' lang='lat' dir='ltr'><strong>quodcum</strong></span> <span class='ocrx_word' id='word_1_868' title='bbox 2933 4855 3036 4928; x_wconf 82' lang='lat' dir='ltr'><strong>orti</strong></span> <span class='ocrx_word' id='word_1_869' title='bbox 3062 4867 3244 4912; x_wconf 89' lang='lat' dir='ltr'><strong>essent</strong></span> <span class='ocrx_word' id='word_1_870' title='bbox 3270 4874 3337 4914; x_wconf 85' lang='lat' dir='ltr'><strong>ex</strong></span> <span class='ocrx_word' id='word_1_871' title='bbox 3386 4854 3583 4917; x_wconf 71' lang='lat' dir='ltr'><strong>Ruben</strong></span> 
     </span>
    </p>
   </div>
   <div class='ocr_carea' id='block_1_120' title="bbox 1996 4924 3582 4997">
    <p class='ocr_par' dir='ltr' id='par_1_120' title="bbox 1996 4924 3582 4997">
     <span class='ocr_line' id='line_1_121' title="bbox 1996 4924 3582 4997; baseline 0.004 -17"><span class='ocrx_word' id='word_1_872' title='bbox 1996 4924 2383 4996; x_wconf 69' lang='lat' dir='ltr'><strong>priiitogenito,</strong></span> <span class='ocrx_word' id='word_1_873' title='bbox 2419 4928 2493 4981; x_wconf 91' lang='lat' dir='ltr'><strong>illi</strong></span> <span class='ocrx_word' id='word_1_874' title='bbox 2522 4924 2877 4980; x_wconf 88' lang='lat' dir='ltr'><strong>sacerdotium</strong></span> <span class='ocrx_word' id='word_1_875' title='bbox 2927 4926 3100 4981; x_wconf 89' lang='lat' dir='ltr'><strong>adhuc</strong></span> <span class='ocrx_word' id='word_1_876' title='bbox 3137 4938 3441 4997; x_wconf 84' lang='lat' dir='ltr'><strong>competere</strong></span> <span class='ocrx_word' id='word_1_877' title='bbox 3480 4931 3582 4986; x_wconf 69' lang='lat' dir='ltr'><strong>cxi~</strong></span> 
     </span>
    </p>
   </div>
   <div class='ocr_carea' id='block_1_121' title="bbox 1995 4998 3571 5071">
    <p class='ocr_par' dir='ltr' id='par_1_121' title="bbox 1995 4998 3571 5071">
     <span class='ocr_line' id='line_1_122' title="bbox 1995 4998 3571 5071; baseline 0.001 -19"><span class='ocrx_word' id='word_1_878' title='bbox 1995 4998 2307 5053; x_wconf 84' lang='lat' dir='ltr'><strong>stimabant.</strong></span> <span class='ocrx_word' id='word_1_879' title='bbox 2343 4998 2643 5071; x_wconf 45' lang='lat' dir='ltr'><strong>ﬁomnduut</strong></span> <span class='ocrx_word' id='word_1_880' title='bbox 2666 5007 2853 5071; x_wconf 62' lang='lat' dir='ltr'><strong>autent</strong></span> <span class='ocrx_word' id='word_1_881' title='bbox 2868 5008 2951 5051; x_wconf 90' lang='lat' dir='ltr'><strong>est</strong></span> <span class='ocrx_word' id='word_1_882' title='bbox 2992 5001 3044 5071; x_wconf 88' lang='lat' dir='ltr'><strong>in</strong></span> <span class='ocrx_word' id='word_1_883' title='bbox 3076 4999 3412 5058; x_wconf 84' lang='lat' dir='ltr'><strong>Tlieodoreto</strong></span> <span class='ocrx_word' id='word_1_884' title='bbox 3454 5016 3571 5071; x_wconf 85' lang='lat' dir='ltr'><strong>per-</strong></span> 
     </span>
    </p>
   </div>
   <div class='ocr_carea' id='block_1_122' title="bbox 1997 5065 3294 5140">
    <p class='ocr_par' dir='ltr' id='par_1_122' title="bbox 1997 5065 3294 5140">
     <span class='ocr_line' id='line_1_123' title="bbox 1997 5065 3294 5140; baseline 0 -17"><span class='ocrx_word' id='word_1_885' title='bbox 1997 5083 2178 5140; x_wconf 83' lang='lat' dir='ltr'><strong>pcrani</strong></span> <span class='ocrx_word' id='word_1_886' title='bbox 2204 5072 2328 5140; x_wconf 84' lang='lat' dir='ltr'><strong>poni</strong></span> <span class='ocrx_word' id='word_1_887' title='bbox 2361 5068 2512 5123; x_wconf 81' lang='lat' dir='ltr'><strong>Etiab</strong></span> <span class='ocrx_word' id='word_1_888' title='bbox 2554 5083 2647 5136; x_wconf 90' lang='lat' dir='ltr'><strong>pro</strong></span> <span class='ocrx_word' id='word_1_889' title='bbox 2682 5069 2794 5124; x_wconf 85' lang='lat' dir='ltr'><strong>llon</strong></span> <span class='ocrx_word' id='word_1_890' title='bbox 2822 5065 2934 5121; x_wconf 81' lang='lat' dir='ltr'><strong>ﬁlio</strong></span> <span class='ocrx_word' id='word_1_891' title='bbox 2964 5070 3097 5139; x_wconf 85' lang='lat' dir='ltr'><strong>ejus.</strong></span> <span class='ocrx_word' id='word_1_892' title='bbox 3130 5073 3294 5127; x_wconf 64' lang='lat' dir='ltr'><strong>Susa.</strong></span> 
     </span>
    </p>
   </div>
   <div class='ocr_carea' id='block_1_123' title="bbox 2071 5138 3580 5211">
    <p class='ocr_par' dir='ltr' id='par_1_123' title="bbox 2071 5138 3580 5211">
     <span class='ocr_line' id='line_1_124' title="bbox 2071 5138 3580 5211; baseline 0 -14"><span class='ocrx_word' id='word_1_893' title='bbox 2071 5141 2160 5197; x_wconf 84' lang='grc'><strong>67.</strong></span> <span class='ocrx_word' id='word_1_894' title='bbox 2193 5138 2430 5206; x_wconf 83' lang='lat' dir='ltr'><strong>Balaam,</strong></span> <span class='ocrx_word' id='word_1_895' title='bbox 2462 5141 2550 5211; x_wconf 84' lang='lat' dir='ltr'><strong>qui</strong></span> <span class='ocrx_word' id='word_1_896' title='bbox 2579 5140 2786 5195; x_wconf 82' lang='lat' dir='ltr'><strong>cadens.</strong></span> <span class='ocrx_word' id='word_1_897' title='bbox 2810 5141 2957 5197; x_wconf 86' lang='lat' dir='ltr'><strong>lianc</strong></span> <span class='ocrx_word' id='word_1_898' title='bbox 2983 5138 3247 5210; x_wconf 78' lang='lat' dir='ltr'><strong>egregiam</strong></span> <span class='ocrx_word' id='word_1_899' title='bbox 3270 5139 3580 5210; x_wconf 79' lang='lat' dir='ltr'><strong>allegoriam</strong></span> 
     </span>
    </p>
   </div>
   <div class='ocr_carea' id='block_1_124' title="bbox 1999 5211 3577 5282">
    <p class='ocr_par' dir='ltr' id='par_1_124' title="bbox 1999 5211 3577 5282">
     <span class='ocr_line' id='line_1_125' title="bbox 1999 5211 3577 5282; baseline 0.006 -22"><span class='ocrx_word' id='word_1_900' title='bbox 1999 5224 2181 5269; x_wconf 75' lang='lat' dir='ltr'><strong>noster</strong></span> <span class='ocrx_word' id='word_1_901' title='bbox 2211 5213 2443 5267; x_wconf 74' lang='lat' dir='ltr'><strong>Isidorus</strong></span> <span class='ocrx_word' id='word_1_902' title='bbox 2469 5229 2497 5266; x_wconf 83' lang='lat' dir='ltr'><strong>a</strong></span> <span class='ocrx_word' id='word_1_903' title='bbox 2527 5212 2685 5268; x_wconf 77' lang='lat' dir='ltr'><strong>beato</strong></span> <span class='ocrx_word' id='word_1_904' title='bbox 2714 5212 2992 5280; x_wconf 79' lang='lat' dir='ltr'><strong>Gregoiio,</strong></span> <span class='ocrx_word' id='word_1_905' title='bbox 3023 5212 3174 5282; x_wconf 87' lang='lat' dir='ltr'><strong>cujus</strong></span> <span class='ocrx_word' id='word_1_906' title='bbox 3203 5211 3304 5265; x_wconf 73' lang='lat' dir='ltr'><strong>fuit</strong></span> <span class='ocrx_word' id='word_1_907' title='bbox 3364 5214 3577 5268; x_wconf 76' lang='lat' dir='ltr'><strong>studio-</strong></span> 
     </span>
    </p>
   </div>
   <div class='ocr_carea' id='block_1_125' title="bbox 1997 5282 3581 5352">
    <p class='ocr_par' dir='ltr' id='par_1_125' title="bbox 1997 5282 3581 5352">
     <span class='ocr_line' id='line_1_126' title="bbox 1997 5282 3581 5352; baseline 0 -11"><span class='ocrx_word' id='word_1_908' title='bbox 1997 5284 2266 5352; x_wconf 82' lang='lat' dir='ltr'><strong>sissiiiius,</strong></span> <span class='ocrx_word' id='word_1_909' title='bbox 2299 5293 2569 5339; x_wconf 88' lang='lat' dir='ltr'><strong>mutuatus</strong></span> <span class='ocrx_word' id='word_1_910' title='bbox 2597 5294 2700 5352; x_wconf 83' lang='lat' dir='ltr'><strong>est.</strong></span> <span class='ocrx_word' id='word_1_911' title='bbox 2736 5282 2781 5337; x_wconf 87' lang='lat' dir='ltr'><strong>Is</strong></span> <span class='ocrx_word' id='word_1_912' title='bbox 2810 5284 2973 5347; x_wconf 89' lang='lat' dir='ltr'><strong>enim,</strong></span> <span class='ocrx_word' id='word_1_913' title='bbox 3000 5282 3092 5335; x_wconf 85' lang='lat' dir='ltr'><strong>liti.</strong></span> <span class='ocrx_word' id='word_1_914' title='bbox 3141 5297 3267 5349; x_wconf 88' lang='lat' dir='ltr'><strong>xxv,</strong></span> <span class='ocrx_word' id='word_1_915' title='bbox 3299 5296 3349 5338; x_wconf 84' lang='grc' dir='ltr'>ε.</span> <span class='ocrx_word' id='word_1_916' title='bbox 3379 5282 3469 5349; x_wconf 63' lang='lat' dir='ltr'><strong>id,</strong></span> <span class='ocrx_word' id='word_1_917' title='bbox 3524 5285 3581 5341; x_wconf 84' lang='lat' dir='ltr'><strong>in</strong></span> 
     </span>
    </p>
   </div>
   <div class='ocr_carea' id='block_1_126' title="bbox 2001 5351 3582 5413">
    <p class='ocr_par' dir='ltr' id='par_1_126' title="bbox 2001 5351 3582 5413">
     <span class='ocr_line' id='line_1_127' title="bbox 2001 5351 3582 5413; baseline -0.004 -4"><span class='ocrx_word' id='word_1_918' title='bbox 2001 5369 2167 5409; x_wconf 79' lang='lat' dir='ltr'><strong>xxiiiv</strong></span> <span class='ocrx_word' id='word_1_919' title='bbox 2199 5351 2255 5409; x_wconf 85' lang='lat' dir='ltr'><strong>c.</strong></span> <span class='ocrx_word' id='word_1_920' title='bbox 2276 5354 2379 5411; x_wconf 77' lang='lat' dir='ltr'><strong>Job</strong></span> <span class='ocrx_word' id='word_1_921' title='bbox 2408 5356 2484 5408; x_wconf 89' lang='lat' dir='ltr'><strong>sic</strong></span> <span class='ocrx_word' id='word_1_922' title='bbox 2515 5356 2587 5407; x_wconf 82' lang='lat' dir='ltr'><strong>ait</strong></span> <span class='ocrx_word' id='word_1_923' title='bbox 2621 5373 2635 5411; x_wconf 88' lang='lat'><strong>:</strong></span> <span class='ocrx_word' id='word_1_924' title='bbox 2666 5351 2821 5411; x_wconf 85' lang='lat' dir='ltr'><strong>Unde</strong></span> <span class='ocrx_word' id='word_1_925' title='bbox 2865 5355 3025 5407; x_wconf 89' lang='lat' dir='ltr'><strong>etiam</strong></span> <span class='ocrx_word' id='word_1_926' title='bbox 3055 5353 3122 5406; x_wconf 88' lang='lat' dir='ltr'><strong>de</strong></span> <span class='ocrx_word' id='word_1_927' title='bbox 3168 5352 3388 5413; x_wconf 82' lang='lat' dir='ltr'><strong>Balaam</strong></span> <span class='ocrx_word' id='word_1_928' title='bbox 3440 5357 3582 5413; x_wconf 78' lang='lat' dir='ltr'><strong>scri.</strong></span> 
     </span>
    </p>
   </div>
   <div class='ocr_carea' id='block_1_127' title="bbox 2001 5424 3582 5503">
    <p class='ocr_par' dir='ltr' id='par_1_127' title="bbox 2001 5424 3582 5503">
     <span class='ocr_line' id='line_1_128' title="bbox 2001 5424 3582 5503; baseline 0.007 -29"><span class='ocrx_word' id='word_1_929' title='bbox 2001 5436 2148 5503; x_wconf 75' lang='lat' dir='ltr'><strong>ptum</strong></span> <span class='ocrx_word' id='word_1_930' title='bbox 2174 5436 2278 5503; x_wconf 85' lang='lat' dir='ltr'><strong>est,</strong></span> <span class='ocrx_word' id='word_1_931' title='bbox 2302 5425 2392 5497; x_wconf 88' lang='lat' dir='ltr'><strong>qui</strong></span> <span class='ocrx_word' id='word_1_932' title='bbox 2426 5426 2626 5481; x_wconf 87' lang='lat' dir='ltr'><strong>cadens</strong></span> <span class='ocrx_word' id='word_1_933' title='bbox 2666 5424 3078 5503; x_wconf 27' lang='lat' dir='ltr'><strong>apertosthabet</strong></span> <span class='ocrx_word' id='word_1_934' title='bbox 3120 5425 3325 5503; x_wconf 72' lang='lat' dir='ltr'><strong>oculos,</strong></span> <span class='ocrx_word' id='word_1_935' title='bbox 3379 5427 3582 5485; x_wconf 82' lang='lat' dir='ltr'><strong>cadens</strong></span> 
     </span>
    </p>
   </div>
   <div class='ocr_carea' id='block_1_128' title="bbox 2002 5494 3578 5573">
    <p class='ocr_par' dir='ltr' id='par_1_128' title="bbox 2002 5494 3578 5573">
     <span class='ocr_line' id='line_1_129' title="bbox 2002 5494 3578 5573; baseline 0.003 -25"><span class='ocrx_word' id='word_1_936' title='bbox 2002 5494 2276 5573; x_wconf 76' lang='lat' dir='ltr'><strong>quippein</strong></span> <span class='ocrx_word' id='word_1_937' title='bbox 2303 5494 2726 5573; x_wconf 77' lang='lat' dir='ltr'><strong>opere,_ap_ertos</strong></span> <span class='ocrx_word' id='word_1_938' title='bbox 2750 5494 2921 5573; x_wconf 84' lang='lat' dir='ltr'><strong>tenuit</strong></span> <span class='ocrx_word' id='word_1_939' title='bbox 2937 5494 3122 5573; x_wconf 74' lang='lat' dir='ltr'><strong>oculos</strong></span> <span class='ocrx_word' id='word_1_940' title='bbox 3153 5500 3204 5551; x_wconf 88' lang='lat' dir='ltr'><strong>in</strong></span> <span class='ocrx_word' id='word_1_941' title='bbox 3246 5505 3578 5573; x_wconf 78' lang='lat' dir='ltr'><strong>contempta-</strong></span> 
     </span>
    </p>
   </div>
   <div class='ocr_carea' id='block_1_129' title="bbox 2003 5566 3581 5639">
    <p class='ocr_par' dir='ltr' id='par_1_129' title="bbox 2003 5566 3581 5639">
     <span class='ocr_line' id='line_1_130' title="bbox 2003 5566 3581 5639; baseline 0.003 -16"><span class='ocrx_word' id='word_1_942' title='bbox 2003 5566 2165 5625; x_wconf 86' lang='lat' dir='ltr'><strong>tione.</strong></span> <span class='ocrx_word' id='word_1_943' title='bbox 2201 5570 2270 5626; x_wconf 87' lang='lat' dir='ltr'><strong>lia</strong></span> <span class='ocrx_word' id='word_1_944' title='bbox 2296 5585 2425 5639; x_wconf 75' lang='lat' dir='ltr'><strong>ergo</strong></span> <span class='ocrx_word' id='word_1_945' title='bbox 2453 5568 2504 5625; x_wconf 89' lang='lat' dir='ltr'><strong>lii</strong></span> <span class='ocrx_word' id='word_1_946' title='bbox 2526 5568 2690 5639; x_wconf 3' lang='lat' dir='ltr'><strong>etiam,</strong></span> <span class='ocrx_word' id='word_1_947' title='bbox 2711 5566 2894 5639; x_wconf 77' lang='lat' dir='ltr'><strong>oculos</strong></span> <span class='ocrx_word' id='word_1_948' title='bbox 2923 5566 3226 5639; x_wconf 84' lang='lat' dir='ltr'><strong>aperientes</strong></span> <span class='ocrx_word' id='word_1_949' title='bbox 3249 5568 3301 5625; x_wconf 90' lang='lat' dir='ltr'><strong>in</strong></span> <span class='ocrx_word' id='word_1_950' title='bbox 3362 5566 3489 5635; x_wconf 67' lang='lat' dir='ltr'><strong>ﬁde,</strong></span> <span class='ocrx_word' id='word_1_951' title='bbox 3523 5575 3581 5627; x_wconf 80' lang='lat' dir='ltr'><strong>ot</strong></span> 
     </span>
    </p>
   </div>
   <div class='ocr_carea' id='block_1_130' title="bbox 1994 5635 3579 5712">
    <p class='ocr_par' dir='ltr' id='par_1_130' title="bbox 1994 5635 3579 5712">
     <span class='ocr_line' id='line_1_131' title="bbox 1994 5635 3579 5712; baseline 0 -16"><span class='ocrx_word' id='word_1_952' title='bbox 1994 5658 2097 5697; x_wconf 90' lang='lat' dir='ltr'><strong>non</strong></span> <span class='ocrx_word' id='word_1_953' title='bbox 2127 5635 2441 5698; x_wconf 49' lang='lat' dir='ltr'><strong>videntes&#39;in</strong></span> <span class='ocrx_word' id='word_1_954' title='bbox 2466 5655 2648 5708; x_wconf 87' lang='lat' dir='ltr'><strong>opere,</strong></span> <span class='ocrx_word' id='word_1_955' title='bbox 2681 5637 2817 5712; x_wconf 77' lang='lat' dir='ltr'><strong>intra</strong></span> <span class='ocrx_word' id='word_1_956' title='bbox 2843 5635 3136 5712; x_wconf 61' lang='lat' dir='ltr'><strong>Ecclesium</strong></span> <span class='ocrx_word' id='word_1_957' title='bbox 3162 5641 3319 5712; x_wconf 85' lang='lat' dir='ltr'><strong>positi</strong></span> <span class='ocrx_word' id='word_1_958' title='bbox 3343 5642 3424 5712; x_wconf 82' lang='lat' dir='ltr'><strong>pia</strong></span> <span class='ocrx_word' id='word_1_959' title='bbox 3451 5655 3579 5709; x_wconf 75' lang='lat' dir='ltr'><strong>spe-</strong></span> 
     </span>
    </p>
   </div>
   <div class='ocr_carea' id='block_1_131' title="bbox 1984 5706 3572 5779">
    <p class='ocr_par' dir='ltr' id='par_1_131' title="bbox 1984 5706 3572 5779">
     <span class='ocr_line' id='line_1_132' title="bbox 1984 5706 3572 5779; baseline 0.001 -11"><span class='ocrx_word' id='word_1_960' title='bbox 1984 5718 2089 5777; x_wconf 89' lang='lat' dir='ltr'><strong>cie,</strong></span> <span class='ocrx_word' id='word_1_961' title='bbox 2121 5726 2274 5771; x_wconf 81' lang='lat' dir='ltr'><strong>extra</strong></span> <span class='ocrx_word' id='word_1_962' title='bbox 2304 5706 2598 5771; x_wconf 71' lang='lat' dir='ltr'><strong>Ecclesium</strong></span> <span class='ocrx_word' id='word_1_963' title='bbox 2629 5706 2786 5779; x_wconf 81' lang='lat' dir='ltr'><strong>positi</strong></span> <span class='ocrx_word' id='word_1_964' title='bbox 2808 5716 2935 5765; x_wconf 84' lang='lat' dir='ltr'><strong>sunt</strong></span> <span class='ocrx_word' id='word_1_965' title='bbox 2954 5709 3116 5779; x_wconf 81' lang='lat' dir='ltr'><strong>impia</strong></span> <span class='ocrx_word' id='word_1_966' title='bbox 3141 5706 3572 5773; x_wconf 59' lang='lat' dir='ltr'><strong>enuntiatione.</strong></span> 
     </span>
    </p>
   </div>
   <div class='ocr_carea' id='block_1_132' title="bbox 1978 5790 2327 5849">
    <p class='ocr_par' dir='ltr' id='par_1_132' title="bbox 1978 5790 2327 5849">
     <span class='ocr_line' id='line_1_133' title="bbox 1978 5790 2327 5849; baseline 0.006 -2"><span class='ocrx_word' id='word_1_967' title='bbox 1978 5790 2138 5849; x_wconf 71' lang='lat' dir='ltr'><strong>Sua.</strong></span> <span class='ocrx_word' id='word_1_968' title='bbox 2326 5800 2327 5803; x_wconf 75' lang='lat'>‘</span> 
     </span>
    </p>
   </div>
  </div>
