4056 6350
460 351 557 412 111

1496 352 1556 410 S.
1597 349 1839 409 lSlDORl
1879 345 2320 406 HISPALENSIS
2361 346 2659 428 EPISCOPI

3630 361 3731 420 112

452 479 569 537 sto,
603 467 761 542 139
788 465 1072 539 posterior,
1103 465 1458 536 Christianus,
1511 480 1635 524 eum
1677 481 1835 538 quem
1887 464 2033 522 vehit
2065 463 2120 526 Δ
2145 466 2293 535 quasi
2327 465 2506 520 favum
2548 467 2615 520 ab
2667 480 2761 522 ore
2801 468 2997 538 reperti
3037 469 3238 538 leonis,
3272 470 3571 542 abstraxit,
3615 475 3731 534 sive

454 557 672 630 inspicit
698 565 752 613 et
772 557 1013 629 sequitur
1034 556 1328 614 Christum.

524 651 616 706 72.
654 651 783 707 Jesu
809 650 952 706 Nave
985 650 1268 721 imaginem
1292 649 1586 706 Salvatoris
1612 651 1902 722 expressit,
1947 650 2039 721 qui

454 757 550 800 nos
571 743 626 798 iu
657 751 853 798 terram
902 742 1334 813 repromissionis
1365 741 1606 809 induxit,
1638 750 1693 797 et
1722 743 1774 798 in
1815 757 2040 814 regnum

453 837 694 895 caelestis
722 836 910 907 gloriae
940 837 1240 892 collocavit.

522 927 612 984 75.
654 927 804 983 Raab
847 929 1094 985 meretrix
1139 929 1356 998 ﬁguram
1389 929 1560 986 tenuit
1601 928 1878 998 Ecclesiae,
1923 943 2044 1000 quas

454 1037 548 1089 per
575 1036 794 1076 coccum
817 1063 831 1086 ,
862 1020 912 1076 id
939 1029 1052 1087 est,
1083 1035 1177 1090 per
1206 1021 1474 1090 passionis
1503 1022 1785 1077 dominica:
1807 1022 2040 1092 signum,

456 1111 526 1165 ab
553 1110 772 1166 interitu
799 1110 977 1166 mundi
1009 1110 1262 1165 salvator.

523 1202 610 1257 π.
657 1203 769 1257 Duo
812 1202 1180 1270 exploratores
1230 1202 1376 1257 missi
1425 1217 1455 1258 a
1503 1203 1631 1258 Iesu
1688 1207 1741 1258 in
1792 1203 2041 1272 Jericho,

453 1311 590 1366 quos
619 1294 852 1364 suscepit
880 1294 1024 1349 Raab
1063 1292 1248 1364 (Josue
1269 1296 1354 1367 it),
1385 1295 1492 1350 duo
1542 1296 1906 1366 intelliguntur
1942 1298 2043 1352 Te-

456 1399 720 1444 stamenta
753 1389 806 1443 in
834 1389 1093 1443 mundum
1126 1389 1286 1445 missa
1317 1406 1433 1461 qua:
1456 1392 1689 1460 suscepit
1717 1391 1949 1447 Ecclesia
1979 1407 2043 1447 ex

452 1479 696 1553 gentibus
745 1489 1088 1552 congregata.

523 1572 610 1628 75.
652 1574 879 1637 Aeliam,
901 1574 990 1644 qui
1015 1575 1082 1630 de
1108 1574 1326 1630 Jericho
1355 1577 1695 1633 anathemate
1717 1577 2040 1648 concupivit,

451 1664 721 1736 signiﬁcat
744 1680 994 1736 nequam,
1029 1675 1085 1722 et
1113 1677 1470 1737 peccatoreui,
1502 1670 1587 1740 qui
1617 1682 1734 1740 post
1761 1671 1919 1728 ﬁdem
1952 1687 2045 1727 sa.»

453 1759 665 1815 culares
693 1774 905 1827 mores,
931 1759 1018 1814 vel
1055 1761 1233 1815 mundi
1267 1762 1545 1817 illecebras
1575 1766 1793 1834 appetit.

2150 560 2271 628 quia
2303 570 2420 628 post
2448 567 2672 614 mortem
2700 558 2878 628 plures
2908 561 3170 628 lucratus,
3219 561 3584 634 plurimosque
3616 581 3732 622 mo-

2146 649 2291 705 riens
2316 665 2472 721 quam
2495 651 2682 708 vivens
2710 652 2985 711 exstinxit.

2217 740 2304 796 8|.
2347 740 2512 796 Dalila
2541 783 2552 806 ,
2589 758 2707 813 qua:
2743 743 2971 798 Samson
3001 746 3252 800 verticem
3282 747 3580 803 decalvavit
3613 750 3732 820 (Ju-

2145 831 2250 888 dic.
2281 832 2413 903 xvi),
2457 833 2791 904 Synagogam
2842 835 3136 908 significat,
3188 853 3309 910 mae
3357 838 3630 896 Christum
3679 843 3730 899 in

2146 925 2264 982 loco
2292 927 2552 982 Calvarize
2582 927 2872 984 crucifixit.

2219 1018 2306 1073 82.
2352 1017 2491 1074 Ruth
2529 1018 2862 1089 alienigena',
2895 1037 3014 1091 qua:
3058 1021 3352 1078 Israelitico
3383 1025 3498 1078 viro
3529 1024 3729 1094 nupsit,

2148 1109 2440 1167 Ecclesiam
2471 1126 2535 1167 ex
2560 1111 2809 1180 gentibus
2837 1111 2901 1166 ad
2922 1112 3189 1168 Christum
3213 1115 3512 1173 venientem
3549 1125 3730 1172 osten-

2146 1205 2245 1262 dit.

2220 1298 2310 1354 83.
2338 1299 2478 1352 Booz
2500 1307 2682 1354 autem
2705 1297 2976 1354 Christum
2997 1278 3196 1355 verum.
3209 1300 3458 1357 Ecclesiae
3479 1317 3736 1372 sponsum

2147 1392 2428 1462 expressit.

2220 1483 2307 1537 8t.
2348 1485 2522 1551 Anna,
2553 1499 2670 1555 quae
2700 1485 2796 1539 fuit
2821 1485 3045 1550 sterilis,
3070 1495 3123 1540 et
3146 1487 3480 1555 postmodum
3502 1489 3730 1545 fecunda

2147 1576 2284 1632 facta
2315 1585 2398 1631 est
2421 1576 2472 1645 (Ι
2509 1577 2662 1650 Reg.,
2696 1576 2736 1647 ι)
2767 1576 3060 1632 Ecclesiam
3085 1577 3281 1632 Christi
3308 1579 3593 1649 signiﬁcat,
3617 1595 3736 1648 qua:

2150 1669 2298 1739 prius
2329 1669 2382 1722 in
2428 1668 2674 1738 gentibus
2703 1677 2822 1724 erat
2851 1669 3084 1736 sterilis,
3125 1685 3266 1726 nunc
3313 1671 3534 1742 largiter
3575 1673 3738 1742 pollet

2157 1777 2254 1833 per
2280 1761 2585 1817 universam
2619 1771 2819 1818 terram
2843 1763 2992 1832 prole
3020 1779 3320 1820 numerosas
3351 1765 3710 1821 fecunditatis.

525 1859 614 1912 76.
656 1857 900 1921 Gedeon,
943 1854 1032 1923 qui
1071 1867 1190 1907 cum
1218 1856 1474 1908 trecentis
1519 1855 1647 1908 viris
1697 1858 1933 1924 perrexit
1976 1858 2042 1913 ad
2074 1841 2122 1902 Β
2220 1854 2308 1910 85.
2351 1855 2470 1909 Heli
2496 1854 2747 1911 sacerdos
2772 1854 3086 1924 reprobatus
3109 1852 3165 1926 (1
3195 1853 3325 1926 Reg.
3362 1855 3443 1926 ιιι)
3484 1855 3739 1926 abiectio-

455 1952 698 2024 praelium
727 1948 924 2023 (Judic.
961 1947 1078 2013 vn),
1115 1955 1297 2018 typum
1339 1946 1538 2001 Christi
1568 1949 1830 2019 gestavit,
1871 1952 1960 2020 qui
1993 1951 2044 2006 in

451 2043 609 2113 signo
639 2042 820 2096 crucis
840 2040 906 2096 de
929 2037 1127 2095 mundo
1156 2037 1432 2093 victoriam
1465 2040 1777 2108 reportavit.
1812 2040 2048 2096 Trecen-

453 2142 631 2188 torum
663 2131 808 2187 enim
842 2144 1095 2185 numerus
1138 2129 1192 2182 in
1223 2129 1336 2183 Tau
1371 2128 1544 2184 littera
1575 2131 1899 2198 continetur,
1955 2147 2048 2203 per

459 2239 620 2297 quam
646 2225 821 2281 crucis
850 2223 1059 2292 species
1087 2222 1407 2277 ostenditur.

526 2319 620 2375 77.
659 2317 838 2372 Sisara
890 2327 1048 2387 typus
1089 2315 1286 2370 diaboli
1330 2313 1446 2368 fuit.
1499 2313 1647 2370 Jahel
1695 2328 1894 2382 autem,
1929 2333 2050 2388 qua

453 2423 692 2484 tempora
723 2410 839 2482 ejus
870 2411 1023 2465 clavo
1051 2418 1105 2465 et
1133 2410 1326 2464 malleo
1357 2408 1658 2474 transfodit,
1680 2409 1939 2466 Ecclesia:
1970 2421 2049 2482 ty-

455 2523 578 2580 pum
607 2504 894 2576 expressit,
928 2519 1047 2574 qute
1089 2517 1186 2572 per
1218 2502 1472 2558 vexillum
1501 2505 1676 2561 crucis
1716 2505 1913 2562 diaboli
1941 2507 2052 2562 im-

457 2600 663 2672 perium
699 2595 985 2652 interfecit.

530 2691 684 2764 130
714 2690 801 2744 78.
846 2689 960 2760 Ipsa
991 2701 1206 2757 quoque
1227 2685 1489 2756 Debbora,
1519 2687 1765 2757 ejusdem
1793 2689 2050 2749 Ecclesia

461 2791 645 2853 typum
679 2789 896 2852 portans
924 2823 938 2848 ,
967 2777 1178 2834 devicto
1210 2779 1260 2833 in
1289 2777 1469 2836 Sisara
1497 2779 1713 2837 diabolo
1739 2825 1756 2850 ,
1785 2785 2049 2840 canticum

453 2873 688 2931 ccelestis
713 2872 897 2942 gloriae
939 2870 1260 2941 proclamat.

528 2962 617 3017 79.
657 2961 874 3030 Iephte,
909 2961 999 3031 qui
1031 2977 1128 3028 pro
1160 2960 1382 3014 victoria
1414 2960 1630 3016 obtenta
1667 2962 1832 3018 ﬁliam
1863 2964 2052 3021 immo-

455 3052 583 3107 lavit
615 3051 827 3122 (Judic.
862 3051 973 3122 ιιι),
1021 3049 1398 3122 Redemptoris
1439 3052 1756 3109 ostendebat
1803 3055 2049 3126 ﬁguram,

457 3151 566 3222 qui,
605 3165 672 3204 ex
713 3149 914 3204 mundo
945 3148 1299 3220 triumphans,
1336 3164 1553 3205 carnem
1582 3151 1852 3221 propriam
1887 3153 1936 3208 in
1967 3168 2053 3208 sa-

458 3243 720 3302 crificium
751 3243 966 3298 obtulit.

565 3335 654 3391 80.
695 3335 920 3391 Samson
974 3334 1265 3390 Salvatoris
1312 3335 1478 3390 nostri
1538 3343 1765 3390 mortem
1796 3347 1850 3393 et
1879 3339 2053 3394 victo-

459 3428 592 3486 riam
635 3429 912 3500 flguravit,
954 3426 1071 3482 sive
1098 3426 1220 3496 quia
1252 3427 1319 3483 de
1349 3427 1588 3483 faucibus
1616 3427 1814 3483 diaboli
1847 3443 2051 3501 gentes,

529 3564 619 3619 72.
659 3561 786 3618 Jesu
831 3562 995 3618 Nave.
1044 3561 1230 3631 Josue,
1274 3563 1439 3616 ﬁlium
1490 3563 1657 3626 Num,
1699 3579 1856 3632 quem
1909 3565 2050 3621 LXX

459 3635 666 3698 Jesum,
696 3635 859 3688 filium
886 3633 1052 3698 Nave,
1084 3643 1297 3695 vocant,
1331 3634 1500 3688 virum
1535 3635 1723 3703 insigni
1753 3635 1917 3690 animi
1944 3637 2052 3690 for-

462 3704 708 3770 titudine,
743 3705 950 3776 Moyses
979 3713 1032 3759 ct
1059 3705 1208 3759 vivus
1244 3704 1426 3776 habuit
1450 3706 1750 3760 ministrum
1774 3747 1788 3770 ,
1833 3716 1886 3760 et
1927 3722 2048 3760 mo-

461 3777 608 3832 riens
649 3775 857 3845 imperii
902 3791 1289 3845 successorem.
1321 3775 1452 3844 Ejus
1486 3777 1713 3844 primum
1764 3777 1964 3831 mentio
1994 3778 2052 3832 ﬁt

462 3792 608 3832 nens
649 3792 857 3845 imperti
902 3791 1289 3900 succesiorem.
1322 3791 1452 3844 Ejus
1486 3793 1713 3844 primum
1764 3791 1964 3831 mentio
1994 3791 2049 3832 tit

462 3847 634 3903 Exod.
667 3864 797 3912 xvu,
831 3863 951 3902 cum
986 3849 1088 3900 nob
1134 3863 1215 3902 em
1263 3860 1488 3916 pugnam
1535 3847 1685 3901 inivit
1723 3863 1842 3902 cum
1887 3849 2049 3902 Ama-

464 3919 606 3983 lech,
641 3918 694 3973 iu
725 3934 826 3988 qua
859 3921 1020 3974 etiam
1050 3917 1218 3971 victor
1247 3917 1364 3970 fuit.
1395 3918 1654 3988 Quocirca
1687 3919 1943 3984 praeclare
1973 3919 2048 3973 ait

459 3989 720 4059 Origenes
743 3986 796 4042 in
821 3990 969 4044 illum
995 3990 1167 4055 ipsum
1196 3988 1366 4059 locum
1395 4005 1408 4040 :
1441 3986 1610 4056 Usque
1631 3990 1696 4041 ad
1719 3988 1852 4040 hunc
1875 3992 2043 4042 locum

461 4058 595 4115 beati
643 4060 864 4114 nominis
888 4059 916 4112 J
927 4076 1014 4113 esu
1037 4074 1287 4127 nusquam
1319 4058 1456 4127 facta
1484 4068 1554 4112 est
1588 4061 1776 4113 mentio
1793 4075 1811 4122 ;
1839 4061 1918 4111 hic
1951 4061 2048 4127 pri-

461 4149 605 4187 mum
626 4130 862 4185 vocabuli
886 4131 1039 4200 hujus
1062 4129 1304 4200 splendor
1325 4127 1535 4200 effulsit.
1567 4129 1710 4183 Idem
1735 4144 1853 4200 cum
1884 4131 2050 4185 unde-

463 4204 567 4257 cim
595 4199 756 4258 sociis
797 4199 992 4255 terram
1035 4199 1349 4268 promissam
1377 4199 1704 4264 exploravit,
1749 4208 1802 4252 et
1837 4199 2051 4256 Judreos

462 4273 661 4329 fractos
701 4281 846 4329 metu
893 4287 955 4326 ac
994 4269 1295 4326 debilitatos
1337 4270 1702 4333 confirmavit,
1743 4271 1898 4325 Num.
1932 4287 2046 4326 xm.

463 4345 583 4412 Quo
612 4345 731 4401 loco
774 4343 933 4412 Osee,
977 4342 1029 4412 id
1057 4350 1161 4412 est,
1191 4340 1444 4412 Servator
1471 4342 1791 4409 appellatur,
1812 4342 1874 4412 id
1904 4343 2046 4410 quod

463 4411 671 4472 notavit
699 4415 753 4469 in
792 4429 846 4484 q.
875 4411 947 4469 25
978 4411 1030 4466 in
1073 4411 1228 4484 Num.
1262 4411 1542 4484 Postremo
1584 4414 1777 4480 populo
1807 4411 1897 4466 Dei
1927 4423 2046 4482 post

465 4486 735 4542 devictum
766 4482 928 4539 unum
961 4493 1014 4538 et
1043 4482 1255 4551 triginta
1287 4496 1442 4551 reges
1490 4483 1544 4535 in
1587 4491 1782 4538 terram
1813 4484 2044 4552 promis-

466 4572 580 4612 sam
610 4555 937 4619 introducto,
979 4553 1122 4608 illam
1166 4553 1364 4606 divisit.
1399 4553 1464 4606 Et
1503 4567 1622 4607 cum
1666 4554 1900 4615 nomine,
1935 4563 2046 4607 tum

469 4628 629 4682 rebus
659 4625 1066 4696 praaclarissime
1111 4622 1325 4696 gestis
1352 4623 1548 4678 Christi
1589 4623 1718 4680 Jesu
1749 4625 2046 4680 Selvatoris

468 4699 638 4767 nostri
664 4695 951 4767 imaginem
979 4695 1264 4767 expressit.
1289 4695 1464 4767 Susa.

539 4765 630 4822 75.
674 4763 840 4822 Ilaa'b.
863 4766 994 4822 Nam
1024 4765 1258 4831 .Iericlio,
1289 4763 1339 4817 id
1370 4773 1475 4828 est,
1511 4764 1657 4830 luna,
1688 4764 1945 4820 mundum
1977 4766 2049 4821 si-

465 4839 681 4911 gnificat
709 4880 724 4904 ,
768 4839 858 4910 qui
904 4846 1042 4911 totus
1084 4837 1149 4911 i_n_
1182 4835 1412 4911 maligno
1439 4839 1640 4911 positus
1681 4847 1786 4911 est,
1815 4835 2048 4892 lJoann.

466 4905 589 4980 cap.
634 4910 728 4964 ult.
769 4905 812 4963 A
852 4910 1005 4978 cujus
1027 4905 1187 4962 exitio
1214 4905 1409 4961 Christi
1441 4905 1698 4977 sanguine
1735 4907 2047 4962 liberamur.

472 4983 638 5038 Sun.
1299 5019 1314 5030 .
1995 5008 2013 5020 .

539 5053 628 5108 76.
665 5051 891 5106 Gedeon.
940 5048 1016 5104 De
1055 5048 1229 5103 littera
1263 5047 1306 5102 Τ
1347 5048 1532 5104 Graeca
1563 5061 1743 5102 sermo
1773 5057 1876 5101 est.
1904 5046 2048 5104 lianc

471 5138 650 5180 autem
681 5122 988 5191 allegoriam
1020 5119 1232 5191 egregie
1280 5129 1470 5174 tractat
1495 5121 1689 5191 beatus
1722 5119 2049 5186 Augustinus

475 5196 555 5249 his
583 5194 757 5250 verbis
787 5189 838 5247 in
866 5207 919 5262 q.
955 5191 1020 5245 37
1051 5191 1102 5262 in
1137 5189 1226 5262 lib.
1261 5191 1384 5245 Iud.
1417 5208 1430 5242 ε
1485 5189 1740 5244 Numerus
1762 5191 1926 5262 ,unia
1954 5198 2055 5242 tre-

474 5269 600 5319 centi
630 5275 797 5327 erant,
822 5261 1023 5334 signum
1053 5261 1280 5315 insinuat
1322 5261 1487 5334 crucis
1527 5269 1734 5331 propter
1766 5261 1988 5313 litteram
2016 5261 2058 5315 T

475 5337 727 5399 Grecam,
751 5351 851 5405 qua
872 5333 971 5405 iste
991 5348 1235 5405 numerus
1261 5333 1597 5405 signiﬁcatur,
1631 5346 1720 5405 per
1750 5347 1872 5397 quos
1905 5335 2058 5386 etiam

475 5402 827 5477 gentesmagis
842 5406 901 5477 in
923 5402 1236 5477 Cruciﬁxunt
1256 5402 1535 5477 crediturus
1559 5402 1950 5477 prwﬁguratutn
1960 5413 2055 5472 est,

475 5473 607 5546 quod
640 5476 807 5528 littera
829 5473 1009 5528 Greca
1043 5484 1135 5528 est.
1180 5473 1330 5530 Unde
1359 5473 1658 5546 Graecorum
1690 5474 1892 5546 nomine
1918 5474 2057 5541 Apo-

477 5543 634 5599 ttotus
663 5561 837 5599 omnes
865 5557 1032 5615 gentes
1068 5546 1350 5613 signiﬁcat,
1391 5560 1504 5596 cum
1531 5544 1653 5596 dicit
1684 5543 1910 5615 {10050
1941 5559 2055 5597 PRI-

478 5633 609 5682 twu,
642 5631 710 5670 ετ
733 5613 961 5683 Gnaeo;
987 5619 1119 5686 quod
1146 5619 1196 5669 in
1217 5616 1410 5685 linguis
1438 5615 1660 5684 gentium
1675 5613 1856 5669 erea
1878 5617 1949 5668 ita
1971 5630 2058 5668 ea;-

479 5688 646 5758 cellat,
670 5697 723 5741 ut
754 5705 842 5755 per
862 5685 1007 5741 illam
1029 5703 1200 5740 omnes
1222 5687 1453 5740 decenter
1470 5685 1856 5758 signiﬁcentur.
1889 5687 2056 5758 sum.

550 5757 684 5813 Ibid.
719 5759 865 5814 Hanc
893 5758 1201 5827 allegoriam
1241 5757 1505 5825 expressit
1532 5757 1686 5812 sacer
1729 5767 1880 5825 poeta
1928 5757 2057 5827 Pru-

481 5828 713 5899 dentius,
747 5832 798 5890 in
852 5825 1056 5900 praefat.
1108 5828 1172 5882 ad
1224 5827 1720 5898 Psychomachiam,
1774 5842 1916 5885 vers.
1965 5825 2056 5896 56,

2153 1962 2274 2003 nem
2305 1947 2589 2002 sacerdotii
2619 1929 2830 2003 Veteris
2855 1947 3182 2004 Testameuti
3213 1948 3594 2018 praeﬁguravit.

2222 2037 2311 2094 86.
2354 2040 2570 2096 Samuel
2597 2054 2746 2106 vero,
2777 2040 2868 2111 qui
2898 2040 3182 2109 reproliato
3211 2040 3327 2095 Heli
3361 2041 3410 2094 in
3438 2026 3737 2096 ministerio

2150 2133 2470 2188 sacerdotali
2499 2135 2758 2190 successit
2787 2132 2978 2205 (Ibid.)
2999 2177 3014 2201 ,
3047 2134 3169 2190 novi
3199 2134 3484 2190 sacerdotii
3518 2149 3740 2193 succes-

2151 2229 2380 2293 sionem,
2411 2228 2619 2297 abjecto
2647 2228 2814 2282 veteri
2846 2228 3150 2283 sacerdotio
3170 2269 3183 2290 ,
3228 2227 3628 2297 praenuntiavit.

2223 2319 2314 2374 87.
2355 2318 2472 2373 Duo
2500 2317 2593 2375 ﬁlii
2621 2319 2737 2375 Heli
2769 2319 3101 2383 sacerdotes,
3131 2319 3220 2388 qui
3251 2327 3407 2388 capta
3441 2334 3471 2373 a
3495 2320 3742 2389 gentibus

2152 2425 2276 2467 arca
2311 2410 2575 2481 perempti
2605 2420 2729 2466 sunt
2757 2409 2808 2482 (Ι
2843 2410 2974 2482 Reg.
3019 2410 3118 2482 tv),
3169 2411 3473 2479 significant
3515 2412 3740 2482 posteri-

2153 2513 2315 2560 tatem
2346 2503 2628 2559 sacerdotii
2663 2503 2858 2572 prioris
2904 2503 3068 2558 fuisse
3115 2502 3469 2569 exstinctam,
3517 2512 3573 2557 et
3602 2503 3738 2573 legis

2154 2595 2554 2652 Testamentum
2577 2595 2641 2648 ad
2665 2595 2866 2650 cultum
2897 2595 3138 2665 gentium
3171 2609 3290 2648 esse
3322 2594 3658 2649 translatum.

2233 2688 2385 2759 131
2418 2689 2508 2742 88.
2539 2685 2666 2742 Saul
2697 2687 2846 2758 regni
2871 2686 3077 2743 Judaici
3110 2686 3346 2741 insinuat
3374 2687 3743 2758 repromissio-

2154 2793 2300 2844 netn,
2332 2778 2415 2833 vel
2446 2777 2901 2848 reprobationem,
2947 2779 3060 2834 sive
3097 2779 3333 2844 ejusdem
3373 2777 3550 2848 populi
3581 2795 3745 2835 atmu-

2156 2871 2430 2937 lationem,
2479 2871 2570 2942 qui
2616 2871 2803 2936 David,
2836 2873 2888 2926 id
2936 2881 3042 2939 est,
3073 2871 3340 2930 Christum
3389 2870 3587 2942 injusto
3622 2872 3746 2928 odio

2157 2964 2372 3019 invidia:
2398 2971 2623 3018 conatus
2653 2971 2736 3017 est
2760 2962 3026 3017 occidere.

2227 3057 2317 3113 89.
2365 3055 2530 3110 David
2581 3054 2674 3109 ﬁlii
2725 3054 2819 3110 Dei
2863 3063 2918 3110 et
2947 3053 3236 3110 Salvatoris
3274 3052 3438 3108 nostri
3479 3053 3746 3122 expressit

2159 3147 2466 3218 imaginem,
2496 3145 2610 3201 sive
2632 3145 2775 3216 quod
2799 3144 3146 3198 insectatione
3168 3143 3472 3198 Judaaorum
3497 3141 3746 3212 injustam

2082 3229 2130 3294 C
2163 3240 2592 3314 persecutionem
2624 3239 2895 3304 sustinuit,
2928 3238 3046 3293 sive
3093 3237 3215 3307 quia
3254 3237 3496 3292 Christus
3525 3251 3589 3291 ex
3631 3237 3746 3306 ejus

2163 3336 2332 3404 stirpe
2360 3349 2576 3390 carnem
2607 3333 2918 3402 assumpsit.

2237 3429 2326 3484 90.
2379 3425 2533 3482 Urias
2581 3425 2830 3480 Hethaaus
2881 3434 3063 3498 typum
3103 3424 3285 3479 habuit
3320 3423 3548 3488 diaboli,
3596 3424 3752 3495 cujus

2153 3580 2314 3637 quem
2343 3565 2519 3620 locum
2557 3560 2611 3615 in
2644 3560 3042 3630 Prudentianis,
3073 3579 3190 3634 cap.
3221 3565 3310 3632 20,
3345 3563 3460 3619 luse
3489 3564 3745 3634 explicui.

2156 3641 2332 3694 Aasv.

2227 3707 2317 3779 79.
2356 3705 2560 3778 Iephte.
2603 3709 2796 3763 Beatus
2823 3707 3178 3779 Hieronymus
3209 3707 3277 3760 ait
3309 3709 3360 3760 in
3385 3707 3627 3779 vorendo
3681 3709 3748 3763 il-

2154 3779 2263 3834 lum
2292 3778 2455 3832 fuisse
2477 3780 2720 3843 stultum,
2747 3786 2798 3831 et
2830 3779 2877 3832 in
2905 3778 3176 3832 reddendo
3210 3779 3455 3846 impium.
3481 3778 3533 3830 In
3558 3778 3747 3835 eadem

2154 3848 2420 3904 sententia
2442 3857 2525 3902 est
2548 3850 2734 3905 beatus
2763 3848 3014 3902 Thomas.
3046 3849 3150 3904 Sed
3181 3849 3366 3903 beatus
3395 3847 3758 3916 Augustinus,’

2155 3936 2208 3988 q.
2239 3919 2339 3984 49,
2371 3919 2420 3970 in
2453 3919 2543 3974 lib.
2589 3920 2746 3986 .Iud.,
2779 3922 3130 3986 quaestionem
3163 3921 3298 3973 hanc
3341 3935 3588 3988 magnam
3622 3935 3746 3977 esse

2156 3991 2251 4055 ait,
2283 4001 2335 4044 et
2365 3989 2794 4058 adjudicandum
2824 3990 3190 4043 difficillimam
3217 4029 3233 4052 ,
3275 3989 3472 4059 dequa
3505 3990 3618 4059 ipse
3647 4005 3744 4046 co-

2157 4063 2306 4127 piose
2354 4061 2404 4114 in
2455 4064 2640 4128 primis
2665 4071 2717 4115 et
2751 4059 2958 4113 erudite
3018 4059 3251 4114 disserit.
3321 4058 3596 4128 Utcunque
3641 4061 3747 4128 sit',

2159 4143 2364 4186 certum
2390 4140 2472 4202 est
2502 4132 2568 4186 de
2592 4129 2910 4202 quibusdam
2935 4129 3085 4183 malis
3111 4131 3374 4202 operibus
3394 4130 3665 4202 hominum
3691 4133 3746 4187 in

2160 4200 2450 4270 Seripturis
2472 4199 2674 4256 sanctis
2694 4201 2938 4269 quaedam
2971 4216 3072 4253 non
3101 4203 3258 4260 mala,
3285 4199 3378 4255 sed
3406 4199 3542 4254 bona
3573 4201 3746 4256 lutura

2160 4271 2448 4342 significari
2475 4289 2489 4336 ;
2522 4273 2573 4327 id
2623 4271 2761 4342 quod
2789 4271 2996 4342 erudite
3026 4275 3213 4338 prohat
3245 4273 3384 4326 idem
3423 4273 3610 4326 beatus
3638 4273 3751 4327 Au-

2163 4340 2423 4414 gustinus,
2458 4343 2509 4395 in
2542 4340 2762 4406 lib.’xn,
2790 4353 2934 4396 cont.
2959 4340 3233 4414 Faustum.
3261 4343 3425 4399 Stult.

2228 4411 2319 4470 80.
2363 4411 2533 4480 Fort.,
2569 4415 2837 4482 pluresque
2867 4413 3106 4470 moriens.
3141 4417 3314 4468 Ansv.

2225 4482 2313 4541 86.
2360 4483 2571 4538 Samuel
2596 4500 2736 4538 vero.
2777 4484 3078 4539 Samuelem
3133 4499 3235 4538 non
3286 4485 3447 4540 fuisse
3489 4487 3743 4541 sacerdo—

2157 4563 2284 4617 tem,
2327 4557 2419 4608 sed
2472 4556 2712 4617 levitam,
2747 4555 2896 4608 multi
2942 4555 3278 4620 existimant;
3311 4567 3459 4610 ortus
3491 4558 3630 4610 enim
3664 4567 3750 4613 cst

2154 4640 2219 4678 ex
2244 4625 2498 4680 Abiatliar
2520 4627 2627 4679 filio
2648 4626 2806 4688 Core,
2834 4627 2850 4678 ι
2874 4625 3046 4678 Paral.
3071 4640 3144 4694 vr,
3172 4641 3293 4680 cum
3317 4630 3626 4682 sacerdotes
3657 4644 3750 4683 ne-

2084 4707 2132 4766 ο
2158 4710 2310 4766 eesse
2355 4696 2511 4748 fuerit
2542 4697 2800 4764 originem
2831 4697 3027 4749 ducere
3057 4711 3119 4749 ex
3152 4697 3353 4750 Aaron.
3383 4701 3553 4766 Atque
3581 4699 3628 4751 id
3668 4702 3749 4751 vi-

2157 4765 2314 4838 detur
2356 4766 2582 4838 innuere
2638 4767 2842 4838 Psalm.
2883 4767 3181 4838 XCVllltllls
3211 4767 3388 4822 verbis
3423 4785 3434 4822 :
3470 4765 3675 4838 Moyses
3706 4781 3752 4822 et

2157 4835 2331 4890 Aaron
2350 4837 2400 4888 in
2427 4837 2770 4890 sacerdotibus
2798 4836 2939 4903 ejus;
2966 4837 3032 4890 de
3060 4836 3309 4892 Samuele
3337 4849 3511 4893 autem
3536 4835 3609 4892 ait
3639 4857 3651 4892 :
3687 4839 3751 4893 Et

2156 4906 2371 4980 Samuel
2409 4907 2547 4980 inter
2579 4924 2664 4960 eos
2694 4908 2779 4976 qui
2819 4908 3266 4980 invocant_nonten
3301 4911 3432 4980 ejus.
3471 4910 3532 4980 At
3566 4910 3754 4963 beatus

2154 4978 2482 5046 Augustinus
2538 4977 2638 5031 hoc
2696 4980 2808 5044 ipso
2859 4977 2976 5048 loco
3028 4976 3261 5032 affirmat
3299 4976 3663 5048 sacerdotem,
3697 4989 3754 5033 et

2154 5047 2370 5116 quidem
2401 5062 2646 5116 magnum
2668 5089 2682 5111 ,
2713 5049 2878 5101 fuisse
2908 5047 3232 5102 Samuelcm.
3269 5049 3331 5103 Et
3357 5065 3393 5102 ιι
3450 5050 3541 5104 lib.
3576 5051 3750 5116 lletr.,

2154 5131 2205 5172 c.
2235 5117 2326 5183 43,
2358 5119 2431 5171 ait
2462 5119 2723 5172 Samuelis
2755 5127 2958 5186 patrem
2991 5133 3095 5171 non
3143 5118 3308 5173 fuisse
3333 5121 3551 5187 quidem
3573 5136 3754 5176 sacer-

2163 5191 2367 5253 dotem,
2404 5190 2626 5256 reperiri
2661 5199 2838 5242 tamen
2869 5189 2920 5242 in
2955 5189 3078 5243 filiis
3109 5193 3306 5244 Aaron.
3333 5190 3497 5246 Susa.

2235 5258 2327 5312 90.
2352 5259 2504 5325 Quod
2548 5259 2700 5312 Urias
2741 5270 2936 5329 typum
2958 5259 3200 5312 habuerit
3231 5261 3457 5324 diaboli,
3482 5264 3536 5309 el
3561 5262 3754 5317 Bersa-

2164 5331 2260 5385 bee
2310 5339 2494 5401 typum
2542 5328 2818 5401 Ecclesiae,
2863 5328 3232 5401 difficultatem
3283 5332 3514 5401 aliquam
3543 5348 3650 5399 pra:
3691 5348 3755 5388 se

2163 5401 2301 5456 ferre
2332 5397 2574 5466 videtur;
2608 5400 2701 5455 sed
2731 5415 2850 5468 quae
2878 5397 2991 5467 ipsa
3023 5399 3099 5453 rei
3129 5399 3484 5467 explicatione
3514 5397 3644 5456 satis
3669 5403 3756 5455 di-

2162 5471 2341 5534 luitur,
2375 5483 2432 5524 ut
2476 5472 2528 5524 in
2560 5471 2738 5524 multis
2768 5470 2886 5524 aliis
2923 5469 3186 5524 similibus
3226 5472 3495 5539 alleget-iis
3527 5473 3752 5528 accidit.

2161 5541 2308 5598 Hanc
2339 5542 2406 5597 de
2433 5541 2552 5596 Uria
2586 5541 2805 5595 Hethaeo
2837 5539 3066 5594 Isidorus
3089 5543 3314 5609 sumpsit
3342 5558 3408 5596 ex
3438 5553 3623 5597 sancto
3645 5544 3758 5598 Au-

2161 5614 2394 5682 gustino,
2446 5611 2598 5680 cujus
2656 5611 2819 5682 verba
2869 5611 2974 5664 late
3041 5614 3294 5682 exscribit
3341 5615 3636 5680 Question.
3699 5615 3755 5670 in

2165 5681 2319 5752 Reg.,
2341 5685 2430 5738 lib.
2457 5697 2516 5746 ll,
2539 5695 2660 5750 cap.
2683 5683 2736 5735 2.
2765 5681 3163 5737 Observandum
3196 5685 3397 5739 interea
3419 5685 3558 5753 quod
3584 5700 3757 5753 neque

2166 5756 2331 5823 ﬁgura
2362 5755 2414 5807 in
2447 5753 2695 5824 omnibus
2717 5753 2877 5808 debet
2905 5762 3295 5821 reprtesentare
3325 5755 3627 5824 ﬁguratum,
3659 5772 3755 5810 ne-

2163 5822 2264 5894 que
2309 5826 2360 5882 in
2404 5837 2469 5878 eo
2512 5822 2653 5895 quod
2699 5833 3050 5910 repraesentat
3103 5822 3487 5910 perfectionem
3545 5825 3757 5897 ﬁgurati
