4056 6350
339 303 439 361 115

1215 299 1628 359 ΑιιΕϐΟΒΙᾹί
1667 298 1982 369 ρυιιεοΑιί
2019 296 2434 355 ΒΟΒΙΡἸἫΒΕ
2476 295 2740 354 ΒΛΟΒΑΞ.

3512 295 3614 350 114

332 421 580 491 conjugio
609 419 758 490 prius
783 425 900 474 erat
927 417 1172 486 copulata
1201 417 1463 487 Ecclesia,
1486 431 1647 489 quam
1673 415 1918 471 Christus
1951 413 2002 474 Α
2024 410 2280 483 Spiritum
2327 410 2654 480 septilormis
2676 406 2859 480 gratiae
2891 403 3239 478 spiritualiter
3266 405 3487 479 aspirat,
3518 421 3614 478 per

332 513 638 582 concupivit
663 513 926 567 lavantem
950 527 980 566 a
1005 510 1252 567 sordibus
1273 513 1454 568 satculi
1478 511 1846 583 semetipsam,
1868 519 1925 567 et

330 619 428 676 per
455 606 654 660 lavacri
683 605 877 659 undam
910 604 1302 674 puriﬁcantem.

398 696 489 750 91.
523 694 776 751 Salomon
815 695 1014 751 Christi
1047 695 1369 766 praenuntiat
1406 697 1628 766 ﬁguram
1671 695 1761 766 qui
1792 694 1919 750 aedi-

327 787 508 843 ﬁcavit
537 788 756 842 domum
801 789 910 879 “eo
940 789 991 842 in
1028 789 1232 845 caelesti
1258 787 1578 855 Jerusalem,
1611 803 1718 844 non
1756 787 1822 843 de
1847 787 1922 843 li-

326 877 444 946 gnis
474 886 530 933 et
561 877 847 947 lapidibus,
881 878 972 934 sed
1000 879 1068 934 de
1098 880 1296 934 sanctis
1326 879 1595 934 omnibus.

395 970 487 1025 92.
535 970 736 1042 Regina
785 972 990 1040 Austri,
1033 988 1151 1041 quae
1190 972 1336 1026 venit
1375 973 1440 1026 ad
1471 972 1792 1026 audiendam
1835 985 1920 1026 sa-

322 1062 580 1132 pientiam
626 1063 926 1119 Salomonis
967 1062 1089 1136 (III
1129 1063 1256 1132 Reg.
1287 1080 1353 1129 x;
1386 1061 1449 1118 ΙΙ
1477 1063 1659 1121 Paral.
1690 1064 1789 1134 tx),
1820 1064 1920 1119 Ec-

323 1155 485 1236 glesia
519 1156 857 1227 intelligitur,
879 1171 998 1225 qua:
1027 1155 1090 1210 ad
1116 1154 1338 1210 verbum
1372 1155 1462 1210 Dei
1494 1155 1562 1210 ab
1585 1155 1782 1210 ultimis
1802 1153 1920 1211 ﬁni-

323 1249 421 1302 bus
448 1259 604 1303 terra:
633 1260 1008 1321 congregatur.

392 1338 483 1393 93.
540 1339 804 1406 Roboarn,
838 1341 976 1393 ﬁlius
1017 1339 1340 1403 Salomonis,
1379 1346 1434 1392 et
1477 1338 1762 1394 Jeroboam
1801 1353 1917 1395 ser-

321 1449 441 1497 vus,
479 1434 670 1504 quibus
704 1434 861 1488 Israel
895 1435 947 1488 in
988 1433 1118 1486 duas
1151 1442 1325 1500 partes
1354 1433 1555 1487 divisus
1581 1442 1683 1497 est,
1715 1434 1920 1504 signiﬁ-

318 1536 443 1580 cant
474 1526 790 1580 divisionem
825 1526 967 1578 illam
999 1525 1050 1578 in
1091 1525 1298 1579 Domini
1339 1525 1569 1580 adventu
1612 1524 1828 1594 factam,
1864 1525 1914 1579 in

322 1631 424 1687 qua
457 1632 583 1687 pars
612 1617 944 1672 credentium
973 1632 1035 1671 es
1078 1617 1277 1671 Judwis
1308 1628 1489 1688 regnat
1529 1632 1649 1672 cum
1677 1618 1914 1688 Christo,

318 1710 406 1778 qni
440 1718 525 1763 est
559 1726 622 1764 ex
655 1707 820 1763 David
847 1725 1045 1780 genere
1071 1720 1252 1778 ortus;
1284 1727 1408 1781 pars
1442 1727 1569 1766 vero
1595 1722 1773 1767 secuta
1808 1719 1916 1767 An-

2024 520 2180 576 quem
2212 521 2241 560 a
2271 515 2443 560 morte
2463 503 2666 575 peccati
2691 502 2992 559 reviviscat.

2101 600 2224 655 101.
2269 600 2487 670 Septem
2529 599 2694 654 millia
2726 598 2850 666 viri,
2889 598 2958 655 de
2993 598 3186 672 quibus
3228 598 3430 656 dictum
3455 596 3613 668 Elia,

2024 692 2166 763 quod
2207 710 2312 748 non
2354 701 2708 749 curvaverunt
2755 707 2922 764 genua
2962 700 3087 748 ante
3119 691 3266 762 Baal,
3307 690 3616 763 signiﬁcant

2025 799 2309 839 numerum
2340 794 2667 851 sanctorum,
2696 783 2809 853 qui,
2838 783 3043 854 Spiritu
3066 781 3395 855 septiformis
3422 780 3611 853 grati:

2023 877 2318 948 adimpleti,
2345 878 2556 933 diabolo
2584 879 3044 934 renuntiaverunt.

2095 971 2218 1027 102.
2253 968 2487 1024 Naaman
2540 970 2708 1041 Syrus
2739 970 3003 1040 signiﬁcat
3033 970 3285 1040 populum
3334 983 3400 1024 ex
3437 967 3616 1038 genti-

2024 1061 2145 1128 bus,
2195 1063 2420 1118 maculis
2470 1063 2790 1117 delictorum
2835 1062 3116 1131 pollutum,
3159 1069 3371 1131 atquea
3402 1059 3618 1116 Christo

2025 1171 2120 1226 per
2147 1165 2546 1210 sacramentum
2572 1154 2822 1223 baptismi
2851 1154 3210 1224 puriﬁcatum.

2095 1247 2220 1304 103.
2250 1248 2406 1303 Ozias
2429 1263 2543 1312 rex,
2568 1248 2682 1318 qni,
2715 1247 2781 1301 ob
2805 1248 3050 1301 meritum
3074 1245 3337 1301 scelerum
3369 1259 3613 1315 suorum,

2024 1344 2076 1398 in
2117 1344 2292 1399 fronte
2319 1341 2565 1411 contagio
2594 1343 2754 1410 Ieprae
2782 1336 3214 1410 perfunditurUI
3238 1337 3422 1391 Paral.
3442 1336 3613 1409 xth),

2024 1452 2244 1506 regnum
2280 1436 2477 1490 indicat
2507 1433 2836 1496 Judceornm,
2861 1433 2947 1500 qui
2977 1431 3210 1486 dedecus
3237 1429 3391 1501 133
3421 1438 3476 1483 et
3503 1441 3618 1483 ma-

2023 1530 2130 1584 lum
2179 1529 2415 1598 perﬁdiae
2459 1530 2514 1583 in
2563 1530 2736 1584 lronte
2784 1535 2995 1597 gerunt,
3049 1525 3138 1581 ubi
3184 1524 3361 1580 crucis
3402 1523 3614 1595 signum

2023 1633 2234 1693 portare
2261 1622 2572 1677 debuerant.

2097 1716 2220 1771 104.
2255 1715 2515 1770 Ezechias
2548 1731 2661 1779 rex,
2696 1715 2778 1769 cui
2815 1728 2911 1781 pro
2941 1711 3082 1766 bono
3112 1723 3274 1778 opere
3313 1706 3611 1776 quindecim

319 1801 650 1866 licbristum,
695 1801 848 1870 cujus
889 1801 953 1856 ad
995 1803 1196 1856 cultum
1249 1803 1490 1859 nefanda:
1529 1807 1798 1860 servitutis
1836 1820 1919 1860 er-
1949 1810 1998 1870 Β
2025 1811 2147 1864 anni
2170 1809 2235 1863 ad
2258 1809 2418 1864 vitam
2443 1809 2767 1872 adjiciuntur
2790 1805 2899 1877 (IV
2925 1805 3052 1874 Reg.
3081 1819 3173 1869 xx;
3199 1800 3259 1855 ll
3290 1799 3421 1853 Par.
3439 1813 3613 1864 xxxtt;

319 1912 443 1952 rore
465 1897 742 1952 constricti
775 1907 913 1949 sunt.

388 1990 479 2044 91.
517 1988 702 2044 Colias
731 1988 784 2062 (I
817 1989 949 2060 Reg.
983 1989 1120 2061 .wu)
1150 1990 1394 2060 designat
1432 1990 1728 2057 diabolum,
1769 1992 1920 2061 cujus

321 2081 645 2138 elevationis
669 2081 978 2152 superbiam
1010 2081 1206 2136 Christi
1239 2083 1524 2152 prostravit
1554 2084 1844 2139 humilitas.

389 2174 479 2228 95.
521 2174 666 2228 Elias
692 2170 968 2228 Christum
1016 2174 1370 2241 demonstrat,
1420 2177 1541 2246 quia
1584 2177 1723 2230 sicut
1763 2177 1921 2246 igneo

315 2285 476 2324 curru
507 2267 576 2322 ad
608 2283 840 2336 superna
870 2268 1112 2323 sublatus
1144 2278 1246 2338 est,
1297 2271 1367 2324 ita
1397 2270 1642 2324 Christus
1675 2271 1917 2325 ministeo

313 2363 409 2420 riis
440 2365 754 2435 angelorum
786 2372 1093 2432 assumptus
1125 2373 1203 2418 est
1233 2366 1284 2417 in
1314 2365 1531 2421 caelum.

384 2453 478 2511 96.
515 2455 703 2517 Vidua,
739 2454 804 2509 ad
837 2471 995 2524 quam
1038 2456 1264 2510 mittitur
1295 2456 1436 2510 Elias
1468 2457 1765 2526 paseendus
1797 2455 1915 2527 (III

313 2546 446 2618 Reg.
478 2547 634 2617 xvn),
678 2547 916 2602 Ecclesia
949 2556 1030 2602 est
1051 2588 1066 2614 ,
1098 2547 1162 2601 ad
1200 2563 1357 2617 quam
1389 2564 1483 2618 per
1513 2548 1672 2602 ﬁdem
1705 2551 1916 2604 venisse

314 2638 512 2707 legitur
535 2637 803 2702 Chrisms,
838 2635 991 2708 cujus
1031 2637 1218 2694 farinae
1247 2649 1301 2693 et
1329 2639 1450 2694 oleo
1480 2638 1832 2704 benedicitur,
1865 2648 1919 2694 et

314 2747 422 2788 non
469 2731 673 2801 deﬁcit,
721 2733 774 2788 id
816 2743 920 2796 est,
953 2732 1118 2804 gratia
1147 2734 1390 2802 corporis
1430 2732 1654 2800 Christi,
1687 2742 1740 2788 et
1777 2735 1918 2788 chri-

312 2829 504 2885 smatis
525 2830 730 2894 unctio,
755 2828 908 2899 132
931 2843 1051 2896 quae
1074 2833 1186 2881 toto
1214 2825 1412 2881 mundo
1440 2825 1681 2895 quotidie
1709 2824 1917 2896 impen-

314 2921 482 2986 ditur,
516 2931 573 2978 et
602 2937 874 2992 nunquam
917 2921 1195 2976 minuitur.

384 3014 477 3068 97.
542 3013 771 3069 Elisazus
843 3014 1091 3070 eumdem
1153 3012 1572 3083 Redemptorem
1631 3011 1915 3066 Dominum

312 3103 582 3172 ﬁguravit,
635 3105 725 3174 qui
755 3104 822 3159 de
862 3104 1059 3159 montis
1109 3102 1412 3168 altitudine,
1447 3099 1497 3155 id
1529 3108 1629 3166 est,
1655 3100 1914 3155 cmlorum

2024 1903 2100 1960 Is.
2151 1920 2340 1966 xxxix;
2391 1901 2539 1957 Eccl.
2582 1902 2798 1969 vam),
2839 1899 3105 1968 signiﬁcat
3145 1909 3332 1951 omnes
3380 1900 3615 1956 sanctos,

2023 1995 2218 2068 quibus
2247 1994 2311 2049 ad
2342 1992 2718 2064 acquirendant
2751 1993 2912 2046 vitam
2945 1998 3204 2044 aeternam
3232 1985 3468 2054 quinque
3493 1980 3616 2037 libri

2024 2090 2156 2158 legis
2199 2103 2318 2144 cum
2360 2087 2547 2141 decem
2594 2083 2774 2139 verbis
2825 2080 3071 2150 Deealogi
3102 2077 3212 2133 dati
3244 2083 3391 2141 sunt,
3423 2081 3480 2127 ut
3522 2086 3618 2144 per

2022 2181 2473 2252 complementum
2531 2179 2662 2248 legis
2691 2183 2748 2232 et
2772 2184 3157 2247 praeceptorum
3185 2170 3336 2241 regni
3380 2166 3617 2224 cmlestis

2025 2269 2406 2341 plenitudinem
2437 2274 2856 2335 consequantur.

2098 2364 2220 2420 105.
2253 2363 2428 2418 Josias
2458 2378 2573 2425 rex,
2597 2359 2688 2430 qui
2726 2359 3018 2415 celebravit
3060 2355 3276 2425 pascha,
3307 2364 3363 2412 et
3388 2352 3455 2408 de
3482 2359 3617 2406 tem-

2023 2459 2110 2525 plo
2161 2455 2372 2510 Domini
2425 2455 2563 2510 idola
2611 2453 2774 2507 multa
2814 2452 3018 2521 depulit
3050 2449 3158 2521 (IV
3197 2451 3326 2522 Reg.
3361 2462 3522 2512 xxut;
3549 2442 3614 2498 II

2023 2548 2154 2604 Par.
2206 2549 2390 2617 xxxv),
2438 2545 2706 2617 signiﬁcat
2736 2543 3033 2610 Christum,
3058 2543 3146 2614 qui
3187 2557 3281 2612 pro
3309 2540 3461 2595 nobis
3494 2554 3615 2609 pas-

2021 2644 2227 2697 sionem
2278 2641 2538 2709 suscepit,
2589 2649 2748 2708 atque
2776 2637 2956 2692 omnia
2997 2633 3348 2691 exsecrabilia
3375 2631 3611 2704 gentium

2021 2737 2091 2792 de
2130 2735 2343 2806 templis
2389 2733 2634 2804 corporis
2689 2732 2854 2787 nostri
2903 2730 3185 2798 dejiciens,
3235 2729 3357 2799 igne
3404 2725 3615 2782 virtutis

2021 2846 2132 2887 suae
2162 2839 2348 2886 exusta
2381 2827 2713 2895 comminuit,
2739 2833 2898 2897 atque
2920 2826 2972 2881 in
3005 2824 3160 2896 hujus
3189 2823 3373 2880 saeculi
3405 2831 3612 2878 torren-

2022 2933 2126 2980 tem
2159 2923 2402 2995 projecit.

2092 3037 2216 3093 106.
2272 3036 2543 3100 Sedecias,
2587 3034 2738 3105 cujus
2768 3033 2953 3089 oculos
2996 3033 3048 3088 in
3081 3031 3339 3088 Reblatha
3380 3045 3472 3086 rex
3505 3029 3610 3086 Ba-

2022 3128 2233 3201 bylonis
2259 3128 2451 3183 evulsit
2481 3125 2590 3195 (IV
2624 3126 2752 3197 Reg.
2789 3122 2936 3196 xxv),
2964 3124 3163 3179 divites
3201 3132 3256 3178 et
3302 3132 3611 3194 peceatores

312 3195 656 3251 descendens
684 3196 1034 3262 sublimitate,
1069 3195 1370 3250 humiliavit
1399 3193 1634 3264 seipsum
1676 3210 1705 3247 a
1747 3193 1914 3247 forma

2024 3193 2183 3292 hujus
2214 3220 2394 3274 mundi
2425 3193 2719 3287 signiﬁcat;
2742 3217 2793 3273 in
2821 3193 3068 3272 Latinum
3093 3214 3234 3271 enim
3260 3215 3481 3270 vertitur
3508 3212 3613 3270 Re-

315 3286 408 3343 Dei
441 3302 618 3358 usque
656 3287 722 3341 ad
768 3287 992 3342 formam
1028 3286 1282 3353 hominis,
1314 3301 1376 3341 ac
1405 3287 1630 3341 mortuis
1661 3285 1914 3341 membris

315 3395 405 3435 sua
437 3381 682 3436 membra
714 3382 1040 3451 composuit,
1068 3393 1123 3437 et
1154 3393 1394 3437 nosuam
1421 3379 1801 3436 mortalitatem
1831 3379 1913 3434 sui

313 3473 558 3542 corporis
590 3472 855 3528 medicina
882 3474 1114 3529 sanavit.

381 3581 475 3637 98.
528 3582 686 3639 Pueri
738 3585 861 3654 qui,
905 3585 1226 3640 insultantes
1279 3583 1507 3650 Elisteo,
1555 3584 1856 3641 clamabant
1899 3604 1914 3641 :

315 3675 567 3743 Ascende,
615 3677 774 3747 calve,
811 3680 1061 3745 ascende,
1090 3681 1262 3746 calve,
1300 3688 1352 3734 et
1375 3678 1547 3733 invasi
1573 3679 1640 3731 ab
1663 3693 1789 3733 urso
1819 3694 1915 3748 pe-

317 3769 527 3824 rierunt
560 3769 669 3840 (ιγ
713 3769 843 3842 Reg.
889 3773 974 3841 tt),
1019 3771 1258 3826 indicant
1293 3772 1542 3840 populum
1587 3769 1914 3837 Judteorum,

315 3862 402 3931 qui
437 3862 636 3931 puerili
666 3865 892 3919 stultitia
922 3865 1229 3920 deriserunt
1257 3863 1530 3920 Christum
1570 3866 1620 3919 in
1653 3865 1770 3920 loco
1797 3865 1916 3920 Cal-

314 3955 474 4008 varia:
524 3955 862 4020 cruciﬁxum,
909 3968 961 4014 et
1008 3960 1149 4028 capti
1197 3974 1227 4014 a
1269 3959 1475 4014 duobus
1515 3959 1676 4027 ursis,
1719 3958 1770 4013 id
1809 3969 1914 4025 est,

313 4043 432 4102 Tito
462 4056 517 4103 et
547 4047 901 4118 Vespasiano,
928 4051 1271 4106 interierunt.

379 4140 470 4192 99.
506 4141 646 4195 Puer
675 4127 851 4196 Elisaei
882 4157 1004 4197 cum
1033 4144 1222 4198 baculo
1252 4143 1319 4197 ad
1348 4142 1777 4198 resuscitandum
1801 4159 1918 4198 mu-

311 4233 460 4289 Iieris
494 4236 661 4291 ﬁlium
693 4239 890 4293 missus
918 4237 1023 4310 (IV
1051 4239 1181 4311 Reg.
1215 4241 1317 4308 tv),
1344 4248 1523 4309 typum
1556 4240 1745 4309 priscae
1784 4239 1917 4309 legis

315 4328 570 4395 ostendit,
603 4344 722 4399 qua:
748 4331 934 4400 generi
982 4331 1217 4386 humano
1263 4332 1575 4386 transmissa
1616 4332 1747 4386 nihil
1781 4347 1917 4403 prte-

309 4421 467 4488 stitit,
516 4423 618 4476 nisi
644 4425 785 4491 quod
817 4425 869 4478 itt
906 4427 1057 4494 virga
1094 4424 1264 4479 solam
1304 4425 1676 4480 auctoritatem
1715 4427 1917 4481 severi-

311 4513 437 4567 tatis
468 4519 806 4570 monstravit.

2021 3311 2197 3368 blatha
2227 3313 2388 3364 multa
2415 3310 2545 3375 liter,
2592 3308 2818 3379 ideoque
2862 3308 2966 3362 iste
2993 3304 3258 3377 signiﬁcat
3287 3320 3382 3361 eos
3425 3304 3515 3375 qui
3554 3303 3610 3360 lu

2021 3402 2178 3470 hujus
2208 3401 2391 3456 tnnndi
2424 3399 2590 3454 multa
2611 3399 2820 3453 actione
2854 3407 2910 3452 et
2937 3396 3218 3452 aﬁectione
3245 3394 3613 3462 involvuntur,

2020 3504 2208 3565 atque,
2263 3509 2294 3548 a
2345 3491 2557 3547 diabolo
2609 3490 2784 3561 capti,
2847 3487 3209 3558 intelligentia:
3262 3487 3444 3542 oculos
3490 3497 3614 3557 pa-

2019 3585 2173 3640 dunt.

2094 3679 2218 3734 107.
2247 3675 2408 3732 Isaias
2438 3676 2664 3731 formam
2685 3675 3134 3746 evangelistarum
3163 3683 3221 3730 et
3245 3675 3613 3744 apostolorum

2019 3771 2306 3839 expressit,
2331 3770 2418 3839 qni
2452 3769 2696 3824 universa
2727 3775 3057 3822 sacramenta
3086 3765 3306 3834 Christi,
3331 3781 3435 3822 non
3456 3765 3610 3837 quasi

2018 3868 2211 3935 futura,
2247 3866 2340 3924 sed
2371 3869 2518 3940 quasi
2552 3867 2834 3938 praesentia
2867 3867 3196 3939 praedicavit.

2091 3961 2215 4016 108.
2246 3960 2512 4016 Jeremias
2535 3970 2714 4016 autem
2746 3959 2798 4015 in
2835 3960 3014 4016 verbis
3043 3969 3095 4016 et
3134 3958 3469 4032 passionibus
3497 3960 3611 4014 suis

2019 4063 2248 4109 mortem
2284 4063 2337 4108 et
2370 4052 2670 4122 passionem
2705 4053 2952 4124 ﬁguravit
2985 4042 3193 4108 Domini
3223 4051 3534 4108 Salvatoris.

2089 4145 2214 4202 109.
2249 4144 2497 4199 Ezechiel
2531 4146 2816 4215 imaginem
2845 4143 3046 4199 Christi
3073 4146 3318 4215 gestavit,
3352 4146 3438 4215 qui
3466 4145 3611 4216 posi-

2021 4247 2105 4292 tus
2153 4238 2204 4291 in
2249 4246 2459 4291 terrena
2505 4235 2933 4306 peregrinatione
2978 4237 3230 4306 populum
3285 4236 3608 4292 salutaribus

2021 4330 2300 4399 praeceptis
2331 4329 2567 4399 instigat.

2090 4423 2214 4477 110.
2247 4421 2454 4489 Daniel,
2485 4423 2575 4490 qui
2613 4422 2772 4476 vitam
2803 4424 3045 4478 caelibem
3085 4423 3276 4489 tenuit,
3305 4421 3610 4478 similitudi-

2018 4528 2138 4568 nem
2182 4512 2370 4567 habuit
2416 4512 2743 4568 continentia
2793 4529 2888 4569 sua
2915 4529 3099 4569 eorum
3131 4515 3221 4586 qui
3251 4523 3376 4571 sunt
3414 4514 3467 4570 in
3497 4513 3608 4571 otio

385 4606 508 4659 100.
536 4606 830 4663 Sunamitis
850 4609 988 4663 lilius
1012 4618 1254 4664 mortuus
1275 4609 1467 4680 (lbid.)
1496 4610 1712 4665 humani
1745 4626 1907 4681 gene-
1940 4599 1989 4659 D
2018 4616 2224 4675 sancto,
2258 4615 2312 4661 et
2340 4605 2565 4660 terrenis
2594 4608 2761 4675 copiis
2795 4623 2902 4664 non
2937 4608 3250 4664 abutuntur.

341 4695 386 4751 is
408 4696 632 4768 ﬁguram
657 4709 823 4769 tenet,
849 4717 1008 4774 super
1026 4702 1166 4774 quod
1190 4700 1434 4757 Christus
1451 4703 1652 4772 septies
1673 4706 1908 4760 oscitans

310 4888 595 4966 attingere.
632 4889 1113 4966 Vide_append.16
1142 4893 1208 4948 ad
1238 4895 1566 4966 Etymolog.,
1604 4910 1751 4949 num.
1819 4893 1904 4960 10,

311 4970 440 5031 tom.
465 4959 559 5031 ιγ,
595 4977 713 5031 pag.
745 4959 1067 5020 522.113“.

381 5029 471 5084 96.
512 5029 707 5098 Vidua,
738 5034 806 5086 ad
834 5052 988 5101 quam
1033 5037 1252 5090 mittitur
1275 5035 1440 5091 Elius.
1471 5036 1614 5090 Duas
1647 5035 1740 5089 has
1769 5037 1903 5091 alle-

315 5102 493 5176 gorias
518 5102 596 5176 de
615 5103 723 5157 Elia
750 5114 802 5159 et
829 5107 1047 5161 Christo
1070 5117 1259 5161 tractat
1291 5110 1545 5176 praeclare
1584 5108 1767 5161 beatus
1796 5109 1926 5171 Au-.

311 5173 556 5249 gustinus
574 5175 637 5249 _in
653 5191 830 5249 ser-tn.
853 5177 949 5229 “201
975 5177 1052 5249 de
1078 5173 1337 5247 tempore,
1369 5178 1458 5249 qui
1487 5193 1664 5234 sermo
1687 5187 1768 5233 est
1791 5180 1826 5238 2
1851 5178 1903 5232 in

311 5242 468 5297 Dom.
497 5243 530 5295 5
557 5244 624 5299 de
652 5245 927 5302 Trinitate.
961 5248 1125 5304 Sunt.

382 5313 471 5368 98.
521 5313 679 5370 Pueri
721 5319 806 5384 qui
844 5336 934 5384 per
971 5322 1258 5374 stultitiam.
1310 5320 1528 5376 Rectius
1571 5329 1653 5375 est
1702 5321 1754 5374 itt
1805 5319 1898 5376 lib.

308 5400 414 5460 ms.
444 5403 536 5460 qut
565 5389 762 5460 puerili
781 5391 1016 5454 stultitia,
1067 5408 1223 5460 quam
1249 5393 1300 5445 in
1335 5393 1465 5460 ltnp.
1499 5392 1585 5458 qui
1613 5408 1700 5459 per
1729 5393 1900 5446 stulti-

307 5458 451 5531 tiam.
488 5457 540 5510 Id
573 5459 712 5524 quod
735 5459 924 5515 docent
955 5462 1068 5515 haec
1087 5457 1253 5517 verba
1279 5457 1426 5517 beati
1449 5457 1752 5530 Augustini,
1783 5477 1901 5531 qua:

307 5529 489 5582 abillo
523 5540 792 5583 mutuatus
817 5543 897 5585 est
929 5545 1108 5587 noster
1139 5533 1400 5598 Isidorus;
1434 5537 1504 5587 ait
1532 5529 1672 5587 enim
1711 5534 1762 5588 in
1801 5529 1897 5588 lib.

306 5615 379 5652 xit
413 5610 596 5652 contra
631 5601 811 5657 It‘anst.
851 5620 862 5655 :
901 5602 1085 5658 Elisteo
1116 5621 1297 5671 pueros
1341 5605 1666 5666 insultantes,
1710 5616 1755 5658 et
1802 5607 1899 5657 cla-

305 5685 510 5744 mantes
531 5685 719 5734 catva,
754 5688 942 5738 came,
973 5677 1143 5729 bestia,
1176 5676 1476 5739 comedunt;
1509 5677 1693 5744 puerili
1739 5677 1899 5729 stulti-

303 5753 372 5814 tm
403 5743 692 5797 deridentes
716 5743 978 5802 Christum
1029 5749 1081 5800 in
1130 5748 1240 5802 loco
1282 5743 1532 5800 Calvaria:
1579 5747 1897 5814 cruciﬁxum,

303 5813 465 5867 invasi
511 5827 547 5868 a
587 5815 904 5871 dwmonibus
946 5828 1175 5887 pereunt.
1227 5818 1564 5888 Superiorem
1615 5813 1792 5873 autem
1831 5817 1898 5873 de

2092 4701 2216 4755 111.
2267 4699 2430 4756 Oseas
2476 4699 2676 4755 Christi
2732 4702 3066 4758 demonstrat
3114 4704 3358 4773 ﬁguram,
3409 4704 3497 4774 qui
3537 4716 3607 4760 ex

2011 4892 2199 4948 eodem
2233 4890 2424 4946 Elisazo
2449 4899 2504 4945 et
2542 4888 2776 4961 Domino
2801 4887 3114 4961 allegoriam
3144 4893 3371 4961 exponit
3418 4893 3604 4949 beatus

2014 4963 2326 5018 Ambrosius
2358 4963 2409 5016 in
2451 4962 2608 5029 epist.
2641 4959 2733 5014 ult.
2768 4960 2859 5014 lib.
2894 4976 2966 5014 tv.
3001 4959 3168 5015 Susa.

2085 5033 2207 5087 109..
2263 5033 2502 5087 Naaman
2552 5031 2738 5102 Syrus.
2802 5031 3037 5101 Exponit
3104 5033 3241 5103 hanc
3294 5032 3602 5103 allegoriam

2012 5106 2198 5160 beatus
2248 5106 2570 5174 Augustinus
2621 5104 2681 5174 in
2721 5117 2883 5157 sertn.
2938 5103 3040 5158 108
3085 5102 3152 5158 de
3195 5102 3451 5168 tempore,
3493 5106 3600 5174 ubi

2013 5177 2223 5246 egregie
2248 5177 2323 5229 ait
2341 5173 2365 5229 7:
2399 5175 2603 5246 Audiuit
2630 5173 2871 5227 Naaman
2897 5175 3140 5246 puellam,
3164 5183 3210 5246 et
3237 5175 3366 5226 venit
3383 5176 3450 5226 ad
3485 5173 3602 5230 Eli-

2012 5243 2191 5313 arcum,
2219 5248 2414 5301 audivit
2441 5245 2663 5315 papulas
2691 5247 2914 5314 gentium
2941 5243 3278 5315 prapltetiam,
3309 5247 3508 5300 etvenit
3531 5249 3604 5301 ad

2013 5319 2292 5372 Christum.
2339 5313 2581 5372 Naam'an
2611 5313 2810 5370 veniens
2845 5318 2912 5368 ad
2942 5313 3200 5367 Elisarum
3233 5325 3448 5369 sanatur
3483 5333 3516 5372 a
3541 5320 3604 5373 lc-

2009 5407 2125 5460 pra,
2160 5399 2207 5442 et
2242 5390 2460 5459 papulas
2485 5390 2711 5458 gentium
2750 5387 2948 5460 veniens
2981 5383 3048 5438 ad
3079 5382 3335 5440 Christum
3372 5389 3435 5441 ab
3459 5391 3603 5445 enini

2009 5459 2327 5532 peccatorum
2351 5461 2492 5527 lepra
2520 5468 2788 5532 purgatur.
2819 5459 2986 5532 SUatt.

2085 5532 2205 5586 107.
2238 5532 2309 5585 De
2341 5532 2475 5586 Isaia
2504 5527 2726 5598 aliisque
2759 5527 3032 5598 prophetis
3058 5527 3224 5584 multa
3250 5529 3488 5589 Isidorus
3513 5547 3602 5588 re-

2011 5603 2142 5672 petit
2170 5603 2222 5656 in
2249 5602 2384 5656 libro
2412 5601 2822 5657 Prommiorum.
2844 5601 3024 5672 ‘Ansv.

2084 5673 2177 5726 111
2245 5672 2423 5727 Οιεας.
2455 5673 2602 5727 Hanc
2641 5667 2946 5736 allegoriam
2989 5672 3292 5736 illustravit.
3323 5682 3376 5728 et
3413 5674 3596 5729 multis

2011 5745 2274 5799 similibus
2318 5743 2577 5812 exemplis
2621 5742 2964 5811 locupletavit
3005 5743 3190 5797 beatus
3238 5743 3594 5812 Hieronymus

2015 5816 2068 5870 in
2101 5830 2326 5884 procem.
2371 5816 2435 5869 ad
2468 5814 2775 5870 l’ammach.
2802 5814 2853 5872 in
2883 5814 3074 5871 Oscam
3121 5813 3372 5885 Prophet.
3418 5814 3588 5883 Susa.
