4056 6350
478 364 584 418 119

1522 354 1576 408 S.
1619 348 1865 406 ISIDOHI
1907 345 2347 406 HISPALENSIS
2385 343 2692 403 EPISCOPI

3657 338 3759 398 fio

487 482 648 537 Iidem
681 491 790 533 non
824 483 1044 546 propter
1089 471 1373 529 Dominum
1394 508 1412 538 ,
1454 467 1550 525 sed
1593 473 1814 538 propter
1860 464 2068 520 lucrum
2099 467 2149 525 Α
2177 472 2282 528 tur,
2309 462 2500 532 quibus
2530 473 2731 527 tamen,
2761 459 2986 529 expulso
3011 472 3042 513 a
3068 455 3230 513 corde
3257 455 3560 512 daemonum
3589 457 3758 526 cultu,

477 573 660 630 saeculi
693 576 968 641 appetunt.

551 665 673 720 157.
723 661 1088 717 Inemoniacus
1137 672 1294 729 quem
1338 653 1594 709 Dominus
1625 653 1677 707 in
1713 652 1933 722 regione
1961 654 2067 710 Ge-

480 769 794 812 rasenorum
825 769 856 808 a
888 752 1192 806 daemonum
1239 747 1445 816 legione
1485 746 1696 800 curavit
1727 741 1918 814 (Ibid.)
1942 783 1958 810 ,
1989 745 2067 800 si-

481 846 700 919 gniﬁcat
724 843 976 915 gentilem
1006 841 1261 913 populum
1289 837 1580 892 multorum
1609 835 1840 891 cultibus
1869 835 2070 892 daemo-

480 940 692 994 niorum
723 936 1032 991 obnoxium.

557 1029 680 1086 158.
722 1028 976 1084 Pastores
1027 1036 1311 1094 porcorum
1363 1021 1656 1089 fugientes.
1707 1021 1797 1091 qui
1846 1036 1907 1076 ea
1950 1036 2070 1091 qua

482 1131 634 1192 gesta
666 1130 790 1176 sunt
819 1118 1064 1172 nuntiant
1096 1117 1150 1170 in
1192 1113 1466 1168 civitatem
1508 1110 1730 1183 (Ibid),
1771 1111 2070 1181 signiﬁcant

483 1212 756 1286 principes
789 1209 1075 1278 impiorum
1097 1247 1112 1271 ,
1141 1205 1232 1275 qui
1259 1205 1386 1260 dum
1421 1203 1578 1258 ﬁdem
1609 1203 1806 1258 Christi
1839 1202 2068 1272 fugiunt,

481 1307 706 1361 virtutes
728 1313 905 1357 tamen
935 1299 1051 1369 ejus
1079 1306 1354 1369 stupentes
1385 1296 1647 1351 mirantur
1674 1303 1727 1349 et
1759 1296 2067 1364 praedicant.

556 1401 677 1458 159.
721 1399 1086 1471 Paralyticus,
1115 1397 1302 1467 jacens
1350 1397 1402 1450 in
1452 1396 1646 1451 lectulo
1695 1393 1916 1456 (Matth.
1952 1390 2064 1459 ix),

483 1497 659 1552 anima
691 1504 772 1550 est
799 1491 946 1548 vit'iis
975 1493 1231 1548 dissoluta
1263 1491 1318 1545 in
1355 1490 1512 1562 139
1541 1503 1768 1558 corpore
1801 1503 1922 1553 suo,
1951 1497 2070 1554 qure

483 1592 610 1644 dum
664 1588 823 1644 fuerit
877 1589 1045 1658 gratia
1097 1584 1295 1641 Christi
1351 1599 1447 1655 per
1494 1592 1833 1653 peccatorum
1879 1579 2072 1636 remis-

481 1683 689 1738 sionem
720 1691 904 1736 sanata
930 1725 945 1748 ,
979 1681 1292 1744 confestim,
1325 1679 1552 1748 pristino
1581 1677 1779 1733 robore
1809 1683 2028 1747 recepto
2051 1716 2064 1740 ,

484 1776 749 1845 resurgit,
785 1785 836 1829 et
867 1774 1061 1828 lectum
1094 1772 1302 1838 carnis,
1335 1773 1386 1826 in
1419 1787 1524 1840 quo
1553 1771 1744 1826 debilis
1773 1779 1897 1824 ante
1925 1771 2069 1838 jace-

2171 553 2299 608 dum
2327 553 2556 622 primum
2590 553 2762 606 lucem
2797 549 3138 620 perceperint
3164 547 3284 604 fidei
3307 589 3320 611 ,
3353 557 3534 618 postea
3558 548 3624 601 ad
3648 548 3762 604 Iau-

2171 645 2407 700 dandum
2431 645 2598 700 Deum
2623 658 2808 698 eorum
2836 644 3014 712 lingua
3042 641 3351 710 resolvitur,
3385 651 3445 696 ut
3472 642 3765 700 confitean-

2173 746 2260 792 llll’
2283 752 2404 791 eum
2438 751 2596 806 quem
2625 745 2782 790 antea
2823 742 3172 806 negaverunt.

2247 828 2371 882 165.
2416 827 2577 882 Homt.
2639 841 2855 880 manum
2906 824 3107 880 habens
3143 822 3347 878 aridam
3393 821 3620 893 (Matth.
3653 823 3766 897 xtl)

2171 920 2432 989 significat
2461 919 2820 989 Synagogam,
2849 916 2933 972 vel
2957 915 3192 972 animam
3217 914 3608 971 misericordia
3632 931 3768 986 ope-

2173 1012 2322 1067 ribus
2353 1011 2738 1066 infructuosam
2759 1051 2776 1076 ,
2807 1009 2898 1065 cui
2926 1023 3047 1065 cum
3079 1008 3274 1064 dicitur
3303 1007 3770 1073 Extendemanum

2172 1116 2350 1172 tuam,
2393 1103 2644 1159 admonet
2698 1116 2912 1172 semper
2955 1100 3332 1172 porrigendam
3369 1101 3770 1171 eleemosynam

2176 1195 2520 1266 pauperibus.

2251 1289 2376 1344 161.
2416 1288 2592 1344 Homo
2616 1286 2684 1343 de
2709 1301 2814 1357 quo
2839 1287 3148 1342 immundus
3171 1285 3392 1357 spiritus
3414 1285 3628 1354 exiens,
3651 1301 3774 1341 rur-

2175 1397 2266 1437 sus
2294 1396 2419 1437 eum
2445 1377 2886 1452 occupat(lbid.)
2913 1419 2928 1443 ,
2967 1378 3231 1448 signiﬁcat
3270 1379 3522 1447 populum
3563 1377 3775 1433 Judazo-

2174 1489 2293 1528 rum
2325 1516 2340 1541 ,
2369 1483 2427 1528 et
2454 1473 2723 1528 hominem
2755 1473 3102 1542 ptenitentem
3125 1511 3138 1534 ,
3179 1471 3266 1524 cui
3304 1485 3400 1540 per
3430 1469 3772 1525 subsecutam

2174 1565 2548 1635 negligentiam
2571 1566 2746 1619 acrius
2769 1574 3002 1620 mentem
3031 1571 3258 1632 occupat
3283 1561 3460 1617 carnis
3492 1562 3650 1634 ιω
3675 1577 3773 1618 vo-

2174 1657 2368 1724 Iuptas,
2401 1656 2666 1726 adjunctis
2692 1670 2872 1712 secum
2904 1655 3020 1710 aliis
3051 1665 3256 1726 septem
3290 1655 3569 1725 spiritibus
3617 1655 3775 1711 vitio-

2175 1764 2314 1811 rum,
2348 1748 2397 1802 id
2427 1757 2530 1811 est,
2560 1747 2853 1813 iracundia,
2887 1746 3132 1814 avaritia,
3164 1746 3396 1812 invidia,
3426 1756 3591 1818 atque
3631 1763 3770 1804 ven-

485 1867 610 1930 ιηι,
645 1837 709 1920 gd
738 1837 957 1920 domum
987 1866 1242 1920 νῖηυωηι
1278 1837 1549 1934 mpod“,
1591 1872 1649 1918 υι
1680 1877 1738 1917 se
1766 1862 1902 1916 imm
1928 1837 2073 1914 ίοοη-
2103 1854 2152 1917 Β
2179 1843 2273 1897 tris
2297 1840 2548 1910 ingluvie,
2572 1837 2922 1912 inanlgloria,
2945 1839 3297 1934 fornicatione
3314 1847 3475 1934 atque
3491 1840 3765 1909 superbia.

485 1959 726 2014 scientiae
757 1972 867 2012 sua:
898 1967 1105 2012 secreta
1138 1956 1508 2025 constringat,
1552 1965 1607 2010 et
1648 1967 1981 2024 nequaquam
2023 1952 2076 2008 in

489 2051 844 2106 exterioribus
875 2049 1013 2104 ultra
1053 2049 1421 2120 voluptatibus
1451 2049 1706 2104 dissoluta
1739 2048 2024 2102 discurrat.

559 2142 684 2196 160.
720 2142 1140 2214 Archisynagogi
1171 2143 1276 2197 ﬁlia
1303 2185 1319 2210 ,
1353 2143 1418 2197 ad
1450 2157 1608 2212 quam
1637 2143 1762 2196 dum
1789 2142 2080 2197 curandam

486 2241 735 2303 pergeret
761 2233 1045 2297 Dominus,
1073 2241 1249 2287 tamen
1273 2233 1581 2304 priusquam
1606 2233 1674 2288 ad
1703 2248 1822 2288 eam
1850 2232 2080 2298 veniret,

487 2324 666 2394 tetigit
707 2340 829 2379 emn
875 2341 901 2378 a
940 2336 1090 2394 tergo
1119 2325 1328 2391 mulier,
1361 2342 1480 2395 qua:
1520 2324 1781 2395 profluvio
1809 2324 2082 2393 sanguinis

489 2416 766 2471 laborabat
796 2417 989 2487 (lbid.)
1011 2459 1026 2484 ,
1061 2418 1284 2487 ﬁguram
1315 2415 1500 2471 habuit
1531 2417 1786 2472 Ecclesiae
1821 2415 2082 2470 venientis

487 2525 555 2563 ex
587 2509 833 2578 gentibus
856 2553 870 2577 ,
922 2525 1040 2580 qua:
1071 2509 1196 2564 dum
1245 2518 1364 2578 post
1396 2509 1852 2578 praedicationem,
1883 2517 1938 2564 et
1965 2518 2086 2577 post

490 2602 795 2670 passionem
823 2644 838 2669 ,
891 2611 944 2657 et
991 2611 1114 2672 post
1158 2600 1528 2657 ascensionem
1577 2599 1778 2657 Christi
1818 2601 2080 2667 credidit,

488 2694 638 2764 quasi
666 2710 694 2748 a
722 2705 870 2766 tergo
898 2695 1183 2749 Dominum
1218 2697 1410 2766 tetigit,
1435 2703 1491 2751 et
1520 2703 1648 2751 ante
1671 2697 1916 2764 accipere
1944 2695 2086 2750 salu-

487 2797 594 2843 tem
623 2803 779 2854 quam
813 2788 1115 2859 Synagoga,
1151 2788 1466 2857 promeruit.

563 2877 688 2936 161.
721 2876 836 2932 Duo
866 2878 1015 2942 caeci,
1041 2878 1199 2947 juxta
1231 2879 1370 2932 viam
1398 2878 1648 2933 sedentes
1673 2875 1885 2948 (Ibid.),
1917 2876 2085 2947 signi-

491 2968 656 3022 ficant
684 2977 939 3037 utrosque
973 2970 1200 3039 populos
1227 2969 1557 3035 Judteorum,
1589 2981 1749 3039 atque
1770 2969 2044 3039 gentilium
2068 3009 2084 3034 ,

490 3075 589 3127 per
619 3059 780 3113 ﬁdem
807 3058 1025 3114 Christo
1065 3061 1554 3130 appropinquantes
1580 3102 1596 3129 ,
1630 3059 1718 3131 qui
1757 3061 1894 3117 dixit
1926 3080 1940 3116 :
1972 3061 2088 3132 Ego

490 3168 602 3206 sum
637 3151 740 3218 via,
775 3151 960 3204 veritas
983 3159 1032 3205 et
1060 3152 1183 3206 vita.

2261 1934 2382 1990 165.
2422 1933 2850 1998 Paterfamilias,
2909 1931 3186 2001 proferens
3240 1932 3308 1986 de
3367 1931 3621 1987 thesauro
3673 1947 3776 1990 suo

2185 2045 2325 2084 nova
2356 2037 2411 2084 et
2443 2038 2628 2084 vetera
2659 2027 2876 2099 (Matth.
2912 2030 3058 2098 xm),
3089 2026 3334 2082 Christus
3363 2035 3467 2095 est,
3499 2028 3780 2098 proferens

2184 2123 2254 2178 de
2286 2122 2683 2192 impenetrabili
2716 2122 2976 2191 sapientia
3008 2137 3102 2176 sua
3141 2121 3351 2192 gemina
3389 2121 3731 2177 Testamenta
3758 2161 3777 2188 ,

2186 2215 2396 2272 scilicet
2427 2217 2614 2281 Vetus,
2641 2217 2694 2271 in
2724 2230 2831 2286 quo
2860 2213 3089 2270 felicitas
3118 2223 3334 2270 terrena
3360 2213 3703 2285 promittitur,
3722 2223 3782 2271 ut

2185 2311 2412 2376 Novum,
2445 2327 2539 2379 per
2566 2309 2708 2379 quod
2739 2325 2964 2380 regnum
2995 2309 3254 2366 calorum
3287 2318 3547 2380 speratur.

2261 2405 2383 2459 166.
2431 2403 2603 2460 Homo
2637 2405 2726 2473 qui
2755 2403 3037 2458 seminavit
3068 2404 3121 2458 in
3160 2418 3290 2473 agro
3320 2417 3420 2459 suo
3451 2417 3673 2472 granum
3703 2399 3782 2456 si-

2189 2504 2341 2574 napis
2370 2500 2522 2573 (Luc.
2552 2499 2672 2569 xm)
2712 2496 2960 2552 Christus
3002 2508 3084 2554 est
3109 2539 3124 2562 ,
3167 2497 3257 2566 qui
3303 2495 3583 2552 seminavit
3619 2495 3781 2550 fidem

2188 2597 2243 2652 iu
2273 2593 2476 2650 mundo
2501 2637 2517 2663 ,
2551 2593 2605 2648 in
2638 2607 2743 2661 quo
2771 2591 3018 2647 volucres
3047 2589 3171 2646 caeli
3195 2631 3214 2660 ,
3244 2589 3297 2645 id
3323 2597 3407 2645 est
3431 2631 3447 2658 ,
3478 2585 3809 2660 spirituales-

2188 2689 2382 2744 anima:
2407 2686 2772 2756 requiescunt.

2265 2781 2385 2836 I67.
2427 2781 2618 2836 Mulier
2642 2794 2762 2850 quae
2793 2780 3113 2836 fermentum
3144 2779 3426 2835 abscondit
3449 2779 3502 2834 in
3529 2779 3662 2833 satis
3686 2777 3786 2833 tri-

2189 2876 2290 2934 bus
2331 2874 2522 2946 (Ibid.)
2548 2874 2814 2943 signiﬁcat
2844 2873 3162 2942 sapientiam
3187 2871 3483 2945 spiritualis
3504 2871 3790 2940 doctrina,

2190 2969 2492 3024 ferventem
2523 2966 2576 3020 in
2607 2964 2888 3020 Trinitatis
2915 2979 3117 3021 amore.

2228 3074 2238 3125 ι
2265 3059 2390 3114 168.
2431 3057 2605 3114 Homo
2632 3098 2648 3124 ,
2698 3056 2789 3127 qui
2831 3056 3201 3112 absconditum
3231 3057 3541 3114 thesaurum
3573 3056 3628 3111 in
3658 3069 3792 3126 agro

2194 3151 2399 3223 reperit
2429 3148 2644 3222 (Matth.
2680 3147 2824 3219 xm),
2857 3149 2947 3203 ille
2978 3158 3062 3204 est
3088 3148 3177 3217 qui
3203 3149 3254 3204 in
3280 3149 3383 3205 isto
3409 3131 3629 3213 mundo,
3656 3161 3793 3202 ven-

565 3244 690 3300 162.
728 3242 1060 3298 Dtemonium
1090 3245 1318 3313 habens,
1346 3259 1521 3301 caecus
1542 3253 1597 3301 et
1619 3255 1818 3313 mutus,
1843 3245 1932 3316 qui
1959 3244 2094 3303 scri-
2120 3241 2168 3306 C
2199 3246 2324 3302 ditis
2353 3244 2626 3309 omnibus,
2655 3240 2926 3298 Christum
2957 3242 3231 3307 vitamque
3256 3249 3511 3297 aeternam
3534 3240 3790 3311 acquirit.

492 3337 639 3392 bitur
668 3351 697 3390 a
726 3333 1009 3391 Salvatore
1039 3343 1254 3390 curatus
1285 3335 1479 3407 (lbid.)
1505 3377 1522 3401 ,
1557 3337 1754 3393 indicat
1783 3351 1877 3392 eos
1901 3338 1988 3408 qui
2017 3353 2084 3394 ex

488 3428 792 3485 idololatria
821 3429 1060 3498 gentium
1092 3429 1160 3483 ad
1199 3427 1360 3484 fidem
1390 3429 1716 3484 dominicam
1757 3440 2082 3486 convertun-

565 3563 690 3638 159.
734 3562 1087 3638 Paralyticus.
1112 3563 1498 3638 Δ(ἐστι-εειίοιέε
1537 3576 1663 3638 sunt
1691 3565 1786 3621 lib.
1819 3582 1923 3622 ms.
1949 3609 1965 3633 ,
1997 3570 2086 3638 qui

494 3634 895 3709 habentanima
918 3635 1057 3709 _tjitiis
1087 3635 1368 3709 dissoluta,
1401 3652 1568 3709 quam)
1591 3637 1777 3709 lmpr.,
1813 3640 1864 3709 in
1894 3634 2087 3709 quibus

495 3713 600 3781 est_
627 3704 798 3781 anim_a
840 3705 974 3758 vitiis
1019 3705 1288 3781 desolata;
1341 3704 1462 3781 nam
1526 3704 1711 3762 alludit
1758 3708 1832 3781 ad
1874 3704 2087 3781 etymo-

493 3775 691 3849 logiam
740 3776 1162 3849 Griectevocis.
1217 3777 1550 3849 Paralyticus
1600 3781 1742 3832 enim
1783 3775 1956 3834 dictus
2002 3790 2088 3837 est

493 3847 636 3914 quod
662 3846 910 3916 paralysi
956 3845 1198 3910 laboret,
1239 3848 1329 3916 qui
1375 3845 1592 3903 inorbus
1634 3850 1715 3903 sic
1755 3859 1842 3904 est
1882 3849 2085 3906 Graecis

493 3915 826 3982 appellatus,
868 3917 1009 3986 quod
1051 3915 1431 3973 nervosilaxet
1456 3927 1512 3974 et
1541 3919 1827 3986 dissolvat,
1862 3923 1962 3977 ἀπὸ
1989 3929 2082 3978 τοῦ

493 3987 776 4060 παραλρειν
799 4027 813 4050 ,
845 3985 985 4060 quod
1013 3997 1098 4040 est
1139 3987 1453 4060 dissolvere.
1501 3990 1681 4060 Itaque
1711 3985 2082 4047 Tertullianus

500 4055 723 4129 proprie
763 4067 816 4110 et
856 4055 1131 4129 eleganter
1175 4056 1312 4114 dixit
1359 4059 1410 4112 in
1453 4055 1714 4129 Apologia
1757 4062 1824 4116 de
1863 4061 2081 4119 Christo

493 4127 826 4197 paralyticos
853 4128 1158 4197 restringere
1211 4143 1310 4197 pro
1341 4127 1545 4184 sanare.
1576 4127 1746 4186 Stin.

569 4195 710 4271 Ibid.
734 4195 1333 4271 _I_nAEtymologiis,‘Iib.
1358 4215 1432 4267 tv,
1458 4215 1576 4268 cap.
1603 4201 1656 4266 7,
1692 4217 1838 4256 num.
1863 4201 1958 4271 25,
1981 4202 2084 4257 Pa-

496 4267 913 4341 ralysisdicitur
939 4285 970 4320 tt
998 4267 1226 4341 corporis
1252 4267 1623 4341 impensatitme
1655 4267 1953 4328 nOminari;
1973 4272 2082 4328 Sed

491 4337 738 4414 inmotis
785 4339 1100 4414 observatur
1127 4337 1634 4414 _aliter'legendum
1661 4384 1675 4408 ,
1737 4353 1796 4398 ut
1836 4345 2080 4414 corporis

494 4408 683 4480 solutio
711 4417 800 4462 aut
827 4408 1096 4463 dissolutio
1126 4408 1465 4480 intelligatur.
1496 4413 1668 4467 Anev.
1936 4408 1964 4460 ὀ

569 4478 695 4550 160.
737 4480 1148 4550 Ara/tisynagogi
1177 4478 1315 4549 ﬁlia:
1344 4481 1509 4538 Recte
1530 4495 1706 4537 autem
1739 4483 1926 4539 scribit
1953 4483 2087 4540 bea-

497 4559 583 4620 tus
612 4548 1298 4620 Chrysostomus'fe‘minam
1325 4567 1430 4607 non
1461 4568 1582 4608 esse
1611 4568 1794 4607 ausam
1815 4569 1996 4609 coram
2017 4554 2087 4609 ad

497 4619 784 4693 Dominum
832 4620 1129 4693 accedere.
1164 4622 1306 4689 quod
1351 4638 1414 4677 ex
1465 4624 1597 4693 legis
1636 4626 1947 4693 praescripto
1976 4625 2088 4680 im-

2262 3336 2387 3392 169.
2431 3332 2680 3403 Quinque
2731 3331 2895 3386 millia
2932 3330 3032 3386 viri
3075 3335 3163 3401 qui
3208 3331 3445 3402 quinque
3479 3330 3704 3400 panibus
3733 3337 3794 3385 et

2187 3430 2397 3487 duobus
2423 3426 2661 3497 piscibus
2690 3423 2843 3498 ιιι
2869 3426 3004 3496 pasti
3031 3433 3155 3480 sunt
3179 3423 3357 3497 (Joan.
3395 3424 3493 3496 vt),
3523 3422 3790 3480 Ecclesia

2197 3582 2355 3639 quam
2376 3565 2553 3639 _docet
2597 3563 2784 3639 beatus
2802 3561 3148 3639 Augustinus
3167 3601 3186 3639 ε
3234 3561 3288 3616 in
3317 3560 3539 3629 epistola
3562 3559 3628 3615 ad
3652 3559 3794 3639 Vin-_-

2199 3631 2343 3694 cent.
2376 3635 2572 3690 Donat.
2604 3633 2733 3688 Illud
2766 3632 2941 3687 obiter
2986 3631 3277 3687 notandum
3321 3640 3407 3686 est
3445 3641 3610 3684 satana
3634 3673 3650 3696 .
3697 3633 3792 3688 cui

2195 3709 2336 3778 apud
2363 3707 2524 3761 Hebr.
2548 3704 2839 3774 respondet
2864 3719 3056 3760 nomen
3086 3715 3201 3762 nso
3229 3701 3395 3758 Seaclt
3419 3701 3617 3771 (neque
3636 3703 3788 3758 enim

2196 3778 2515 3836 Hebraicum
2544 3817 2560 3842 ,
2593 3783 2682 3829 aut
2707 3773 2953 3829 Graecum
2980 3815 2998 3840 ,
3039 3773 3130 3829 sed
3178 3774 3370 3844 Syrum
3411 3788 3606 3828 nomen
3636 3773 3741 3840 est)
3773 3817 3788 3844 ,

2544 3817 2560 3842 ο
2593 3810 2682 3829 συ.
2709 3810 2953 3829 υισιυυιιι
2980 3815 2998 3840 ’

2194 3817 2560 3919 luisse
2586 3861 2887 3919 mensurae,
2917 3817 3038 3914 qu'a:
3077 3817 3385 3919 contihebat
3417 3844 3626 3919 tertiam
3658 3817 3793 3919 pair:

2200 3913 2308 3976 ῖειιι
2338 3918 2485 3988 ephi.
2519 3918 2589 3988 Et
2613 3915 2827 3988 quidem
2862 3913 3053 3988 beatus
3072 3913 3448 3988 _Hieronymus
3497 3913 3794 3988 aliquando

2194 3982 2559 4047 satum'vertit
2583 4028 2598 4053 ,
2631 3982 2690 4040 ut
2715 3987 2850 4040 Gen.
2888 4001 3003 4054 cap.
3035 3982 3101 4036 18
3128 4025 3143 4049 ,
3177 3984 3270 4038 ubi
3293 3982 3454 4040 etiam
3489 3985 3546 4039 Iit
3579 3982 3791 4041 mentio

2196 4063 2359 4117 trium
2391 4068 2651 4112 satorum.
2703 4057 2792 4110 Sic
2832 4057 2972 4111 enim
3007 4054 3270 4108 Abraham
3311 4056 3386 4109 ait
3415 4056 3598 4110 Sarze:
3631 4057 3790 4110 Acce-

2194 4135 2322 4198 lera,
2352 4131 2451 4184 tria
2471 4139 2582 4182 sata
2599 4127 2782 4181 similte
2801 4127 3100 4198 commisce;
3122 4141 3500 4198 nonnunquam
3523 4141 3649 4180 vero
3672 4141 3791 4183 mo-

2192 4195 2360 4267 dium,
2383 4208 2443 4255 ut
2473 4199 2538 4254 IV
2563 4199 2698 4268 Reg.
2719 4214 2787 4252 vtt
2815 4214 2826 4250 :
2859 4197 2984 4251 Cras
3005 4198 3208 4251 modius
3230 4195 3414 4250 simila
3435 4206 3624 4251 statere
3651 4213 3788 4268 uno,

2193 4283 2240 4328 et
2282 4275 2382 4327 duo
2422 4271 2582 4323 modii
2625 4267 2808 4323 hordei
2836 4285 2956 4321 uno.
3009 4268 3102 4322 Hic
3131 4270 3274 4322 enim
3311 4268 3512 4324 habent
3557 4267 3786 4324 Hebraea

2193 4342 2378 4409 seach,
2407 4340 2461 4396 id
2488 4349 2590 4407 est,
2620 4349 2811 4394 salum.
2842 4339 3020 4408 Itaque
3049 4339 3274 4394 fortasse
3297 4339 3416 4409 quis
3441 4338 3665 4394 miretur
3684 4354 3789 4409 cur

2193 4414 2336 4469 idem
2363 4408 2725 4482 Hieronymus
2748 4453 2760 4473 .
2790 4425 3047 4466 enarrans
3079 4410 3215 4464 hanc
3249 4408 3553 4482 parabolam
3587 4408 3783 4464 Matth.

2194 4500 2320 4551 xttt,
2353 4481 2670 4552 scripserit:
2699 4481 2884 4539 Satttm
2918 4497 3077 4552 genus
3103 4492 3174 4534 est
3204 4496 3450 4552 atansum:
3471 4481 3624 4550 juxta
3661 4496 3786 4552 rno-

2193 4548 2315 4610 rent
2336 4548 2610 4624 provincia:
2641 4548 2942 4624 Palestinaf,
2979 4567 3136 4604 unum
3165 4560 3213 4624 et
3242 4548 3516 4624 dimidium
3549 4548 3786 4624 _nwdittns

2196 4619 2424 4695 capiens.
2459 4623 2610 4690 Quod
2645 4622 2993 4695 proculdubio
3008 4621 3240 4695 _sutnpsit
3263 4637 3327 4676 ex
3376 4619 3639 4695 Josepho,
3661 4621 3782 4690 qui,

491 4690 719 4764 munda
745 4699 912 4764 esset.
963 4691 1317 4764 Nobilitatum
1360 4690 1538 4749 autem
1569 4690 1652 4749 est
1689 4690 1926 4750 divinum
1959 4695 2088 4750 illud
2121 4743 2168 4764 n
2198 4690 2293 4752 lib.
2327 4697 2609 4764 tx,.-\ntiq.,
2631 4690 2750 4762 cap.
2773 4691 2828 4758 4,
2851 4695 2964 4764 ait:
2995 4692 3180 4764 Satum
3207 4691 3304 4761 {ert
3335 4692 3563 4764 modium
3591 4707 3782 4759 ununt,

496 4743 825 4835 miraculum
844 4743 1541 4835 maresistendae;
1574 4743 1651 4818 δι’
1668 4743 2089 4835 salignea:
2120 4743 2170 4804 υ
2198 4743 2754 4822 εῑέλέῑῑιῖίιξεῖιῑιῖ
2784 4743 2923 4818 -εεέί
2950 4743 3028 4818 ἠε
3042 4743 3428 4835 fama...
3465 4743 3781 4835 «octaua;

496 4831 783 4955 gLoinquod
814 4841 994 4886 narrat
1027 4832 1253 4898 Euseb.,
1283 4833 1380 4890 lib.
1406 4847 1472 4890 vtt
1500 4835 1636 4890 Hist.
1667 4835 1835 4904 Eccl.,
1855 4831 1977 4906 cap.
1999 4836 2090 4894 14.

736 4970 791 5048 In
817 4973 1181 5048 _textuGrialii
1205 5015 1225 5048 _,
1261 4975 1338 5048 uti
1377 4976 1536 5048 etiam
1570 4976 1621 5030 in
1642 4953 2091 5048 raliisimpressis

498 5041 752 5118 scribitur
772 5043 1017 5097 idolatria
1039 5061 1135 5114 pro
1159 5044 1456 5100 idololatria
1473 5087 1488 5113 ,
1511 5047 1654 5118 quod
1675 5041 2088 5108 restituendum.
2124 5103 2150 5118 ,.

497 5115 669 5168 Alter.

570 5185 692 5260 167.
742 5183 932 5260 ριαιιετ
969 5201 1085 5255 qua:
1123 5185 1423 5260 fermentum
1467 5189 1756 5244 abscondit.
1803 5189 2088 5260 lsychius,

496 5253 592 5306 lib.
625 5269 644 5308 1
671 5253 725 5309 in
754 5255 952 5328 Levit.,
979 5253 1096 5324 cap.
1125 5253 1180 5328 2,
1208 5257 1285 5311 sic
1315 5260 1390 5312 ait
1435 5277 1447 5314 :
1491 5260 1768 5314 Abscondit
1812 5253 1873 5313 in'
1913 5253 2086 5328 farina

500 5333 612 5399 sata
638 5328 757 5390 tria,
789 5325 1070 5399 Ecclesium
1095 5326 1411 5396 signiﬁcans,
1436 5347 1549 5399 qua:
1571 5332 1622 5384 in
1649 5325 1921 5385 Trinitatis
1937 5331 2085 5386 verba

500 5393 772 5471 fermentat
803 5396 1070 5471 theologica
1097 5393 1360 5468 mysteria.
1400 5393 1547 5455 Hauc
1573 5401 1884 5471 allegoriam
1917 5403 2085 5457 inter-

497 5475 721 5540 pretans
751 5465 938 5540 beatus
956 5465 1328 5540 Hieronymus
1347 5513 1360 5534 ,
1399 5470 1659 5538 praemisit
1685 5465 1962 5539 itunquam
1990 5487 2083 5540 pa-

499 5535 720 5617 rabulas
769 5542 831 5617 _et
883 5537 1092 5617 dubiam
1148 5535 1488 5617 aenigmatum
1553 5535 2081 5617 ijttelljgen'tianr'ad

501 5607 869 5659 auctoritatem
897 5607 1204 5678 dogmatum
1237 5607 1518 5678 proﬁcere.
1553 5611 1656 5666 Sed
1689 5607 1914 5666 fortasse
1943 5613 2081 5667 alius

498 5685 687 5750 auctor
710 5686 858 5750 recte
889 5680 1317 5746 reprehenditur,
1347 5683 1438 5750 qui
1475 5699 1578 5736 non
1606 5682 1672 5736 ad
1700 5683 1933 5736 animum
1962 5685 2079 5750 pie-

499 5756 608 5826 tate
638 5749 1031 5826 informandum
1056 5751 1198 5826 ,_sed
1231 5749 1705 5826 adstabiliendum
1736 5765 1933 5807 sancta:
1961 5749 2081 5810 Tri-

500 5819 680 5873 nitatis
711 5821 1050 5889 mysterium,
1082 5823 1221 5876 hanc
1249 5823 1488 5880 adhibuit
1520 5825 1864 5895 allegoriam,
1891 5837 2078 5883 contra

2199 4839 2465 4900 inuratur,
2494 4835 2778 4890 dicendum
2802 4835 2904 4889 erit
2925 4849 3031 4888 non
3055 4833 3299 4888 eumdem
3325 4832 3495 4888 fuisse
3516 4833 3781 4901 modium,

2203 4909 2298 4963 sed
2329 4908 2492 4961 alium
2521 4915 2679 4974 atque
2708 4907 2868 4961 alium
2901 4921 2996 4973 pro
3022 4905 3298 4973 regionum
3329 4903 3609 4974 varietate.
3649 4903 3785 4958 Pro-

2197 4978 2447 5033 babiliter
2475 4973 2652 5031 autem
2685 4976 2989 5042 suspicatur
3012 4975 3297 5029 Jansenius
3317 5015 3330 5039 ,
3364 4989 3482 5043 cap.
3509 4973 3576 5030 57
3599 5016 3614 5038 ,
3644 4989 3784 5043 prae-

2196 5051 2332 5104 clari
2381 5049 2561 5116 operis
2591 5049 2732 5117 quod
2765 5047 3119 5117 Concordiam
3147 5044 3512 5117 evangelicam
3539 5045 3782 5117 appella-

2196 5121 2321 5185 vit,
2363 5115 2486 5172 ideo
2531 5115 2813 5173 Dominum
2857 5116 3018 5171 trium
3065 5125 3303 5170 satorum
3353 5116 3536 5171 farina:
3579 5115 3634 5170 iu
3679 5115 3782 5170 bac

2197 5189 2455 5258 parabole
2481 5187 2816 5255 meminisse,
2847 5187 2988 5257 quod
3016 5201 3132 5242 mos
3164 5187 3392 5258 fortasse
3419 5187 3576 5258 fuerit
3604 5187 3656 5240 in
3687 5185 3782 5258 Ju-

2195 5256 2334 5325 dzea,
2365 5269 2421 5314 ut
2465 5259 2792 5312 tantumdem
2836 5256 2984 5325 panis
3033 5258 3086 5311 in
3135 5273 3287 5311 usum
3340 5257 3552 5312 familia:
3603 5256 3773 5312 semel

2194 5332 2574 5385 conficeretur.
2626 5330 2681 5383 Id
2727 5334 2864 5399 quod
2910 5328 3154 5398 congruit
3196 5343 3318 5381 cum
3361 5329 3478 5382 loco
3522 5327 3781 5399 praedicto

2189 5399 2330 5456 Gen.
2364 5417 2493 5467 xvtl,
2527 5411 2578 5456 et
2609 5396 2815 5470 aliquot
2845 5399 2963 5452 aliis
2997 5396 3166 5452 sacra:
3203 5399 3495 5466 Scriptum
3525 5397 3680 5470 locis.
3710 5396 3779 5470 _Si

2193 5473 2314 5541 quis
2364 5481 2538 5526 autem
2591 5468 2853 5525 rationem
2896 5470 3182 5541 diligenter
3231 5469 3483 5534 iniverit,
3543 5468 3780 5541 inveniet

2189 5539 2342 5611 ephi,
2378 5544 2492 5596 sive
2515 5551 2629 5594 sata
2659 5542 2780 5611 ttia,
2816 5541 2971 5611 paulo
3003 5539 3120 5608 plus
3150 5554 3342 5610 capere
3367 5555 3526 5611 quam
3565 5539 3781 5610 capiunt

2191 5609 2248 5668 in
2283 5612 2531 5682 Hispania
2561 5610 2805 5666 celemini
2839 5627 2890 5663 χ.
2918 5609 3084 5664 Susa.

2270 5680 2409 5740 Ibid.
2463 5685 2540 5737 Ad
2589 5684 2936 5752 quaastionem
2977 5697 3134 5749 quam
3195 5681 3419 5738 Suarius
3461 5681 3657 5735 excitat
3710 5680 3780 5735 de

2191 5766 2316 5809 εειιο
2366 5753 2776 5821 explicandam,
2809 5753 3132 5807 conferenda
3178 5765 3259 5807 est
3303 5752 3544 5808 doctrina
3590 5752 3776 5811 Isidoﬂ

2189 5841 2318 5881 cum
2350 5828 2488 5882 uotis
2518 5825 2609 5882 lib.
2642 5839 2727 5878 xvt
2762 5825 3012 5896 I'.tytnol.,
3043 5840 3162 5897 cap.
3190 5824 3277 5881 26.
3316 5830 3477 5879 Aser.

2175 5932 2214 5943 ,σ-

2179 5998 2246 6037 σῇς
