4056 6350
333 324 437 390 191

1202 308 1616 368 Αιιεροιὶω
1656 309 1974 378 ρυιεοΑΜ
2016 309 2425 393 SCRIPTURA'J
2465 311 2734 369 SACRE.

3486 314 3589 370 i9!

319 445 446 492 sunt
477 425 696 499 populi,
729 428 819 501 qui
845 442 944 499 per
967 430 1204 502 quinque
1247 430 1488 500 corporis
1526 441 1720 484 sensus
1742 467 1760 493 ,
1809 426 1909 483 ali-
1933 431 1986 490 Α
2087 428 2208 483 179.
2252 428 2350 495 Qui
2381 437 2558 484 autem
2587 429 2717 483 hora
2746 425 2926 495 tertia,
2949 425 3008 483 hi
3044 434 3168 484 sunt
3193 424 3286 499 qui
3315 428 3383 486 ab
3409 429 3592 490 adole~

317 529 502 575 mento
531 521 664 591 legis
703 520 1008 590 spiritualis
1049 536 1079 574 a
1114 519 1331 576 Christo
1359 520 1692 586 reﬁciuntur,
1724 530 1778 576 et
1810 519 1908 574 du-

315 612 440 681 plici
466 611 830 678 Testamento,
857 613 1012 683 quasi
1034 614 1278 683 gemellis
1300 614 1556 682 piscibus,
1580 620 1906 668 saturantur.

390 703 516 761 170.
559 706 797 772 Quatuor
842 715 1022 760 autem
1061 706 1228 760 millia
1252 705 1348 759 viri
1395 705 1484 775 qui
1531 704 1652 760 aliis
1698 711 1905 774 septem

313 797 547 867 panibus
576 799 792 854 aluntur
824 796 1023 869 (Marc.
1055 797 1198 868 vm),
1225 797 1411 854 eadem
1457 799 1695 867 gentium
1733 796 1908 851 Eccle-

312 888 394 941 sia
434 894 543 955 est,
571 903 692 959 qua
723 891 774 943 in
803 898 1034 958 quatuor
1061 889 1244 943 mundi
1291 887 1529 958 partibus
1568 887 1906 956 diffunditur,

313 990 476 1050 atque
505 980 754 1037 ubertate
787 981 1116 1051 septiformis
1144 981 1331 1052 gratia:
1359 990 1655 1037 recreatur.

391 1090 514 1144 171.
559 1091 656 1147 llle
684 1092 773 1162 qui
798 1108 943 1163 saepe
976 1109 1116 1149 nunc
1145 1094 1199 1150 in
1223 1096 1422 1165 ignem,
1463 1108 1603 1149 nunc
1631 1093 1684 1149 in
1715 1108 1907 1164 aquam

317 1183 797 1256 cadebatUIatth.
832 1187 988 1257 xvtt),
1019 1186 1275 1242 mundum
1322 1187 1606 1257 signiﬁcat.
1640 1185 1781 1257 Ignis
1816 1201 1911 1240 au-

318 1285 428 1331 tem
475 1277 900 1335 inflammantem
949 1281 1320 1349 cupiditatem,
1358 1296 1494 1352 aqua
1540 1282 1716 1335 carnis
1759 1281 1912 1336 volu-

314 1377 521 1435 ptatem
547 1369 907 1436 demonstrat,
934 1372 986 1428 in
1026 1371 1221 1441 quibus
1259 1388 1478 1444 semper
1503 1382 1748 1444 arreptus
1777 1386 1911 1443 quo-

313 1461 520 1517 tidiano
558 1463 709 1533 lapsu
740 1465 1126 1535 praecipitatur.

391 1578 512 1632 ΗΞ.
557 1577 768 1650 Moyses
812 1589 868 1635 et
923 1579 1087 1646 Elias,
1133 1579 1222 1651 qui
1268 1587 1630 1652 apparuerunt
1656 1593 1776 1634 cum
1808 1578 1912 1634 Do-

314 1669 462 1724 mino
495 1670 546 1724 in
601 1680 784 1727 monte
830 1669 992 1742 (Ibid.
1020 1688 1041 1740 ;
1072 1671 1201 1726 Luc.
1245 1688 1336 1739 tx;
1389 1671 1560 1726 Marc.
1603 1672 1700 1741 ιι),
1737 1671 1825 1725 lex
1857 1678 1913 1726 et

315 1764 599 1833 prophetia
639 1764 1048 1832 intelliguntur,
1082 1780 1305 1833 quarum
1354 1763 1579 1818 vocibus
1611 1761 1807 1834 passio,
1855 1751 1958 1834 et;

1937 1818 1986 1879 B

315 1856 668 1921 resurrectio,
703 1864 758 1911 et
786 1855 954 1927 gloria
985 1856 1193 1910 Domini
1224 1855 1545 1911 declaratur.

391 1970 516 2025 175.
565 1969 739 2025 Homo
764 1969 969 2026 habens
998 1977 1212 2024 centum
1235 1983 1386 2035 oves,
1415 1969 1529 2038 qui,
1552 1964 1750 2022 relictis
1781 1965 1906 2033 illis,

312 2075 475 2115 ovem
509 2060 777 2130 perditam
808 2061 1024 2131 quaerit,
1075 2075 1139 2115 ac
1187 2068 1454 2132 repertam
1489 2059 1729 2115 humeris
1761 2073 1908 2114 reve.

313 2153 397 2208 hit
425 2153 580 2224 (Luc.
611 2152 727 2225 xv),
765 2153 988 2224 figuram
1018 2151 1218 2208 Christi
1247 2153 1532 2224 expressit,
1557 2153 1671 2222 qui,
1704 2151 1908 2206 relictis

314 2247 559 2302 millibus
597 2250 910 2317 angelorum
953 2248 1008 2302 in
1057 2246 1215 2312 cmlo,
1249 2261 1404 2301 ovem
1433 2261 1550 2314 quae
1581 2244 1816 2314 perierat
1852 2244 1908 2300 in

311 2338 510 2406 Adam,
538 2346 597 2392 ut
615 2337 786 2393 bonus
815 2347 1026 2408 pastor,
1059 2338 1342 2408 quaesitam
1374 2338 1427 2392 in
1469 2336 1715 2406 gentibus
1745 2351 1906 2408 repe-

313 2430 410 2498 rit,
439 2439 602 2499 atque
643 2432 817 2488 crucis
844 2445 960 2486 sua;
1003 2431 1247 2488 humeris
1283 2431 1352 2487 ad
1382 2429 1683 2491 paradisum
1724 2445 1905 2501 repor-

315 2526 467 2580 tavit.

370 2597 516 2670 174.
561 2616 772 2681 Mulier,
825 2631 948 2688 quae
995 2617 1259 2687 perditam
1316 2615 1518 2686 reperit
1569 2613 1902 2680 drachmam,

311 2707 558 2764 Ecclesia
583 2717 686 2777 est,
716 2724 837 2778 quae
867 2709 1100 2764 animam
1133 2708 1330 2764 diaboli
1355 2707 1560 2778 laqueis
1581 2706 1904 2761 abstractam

311 2811 371 2855 et
396 2799 688 2870 perditam,
714 2800 840 2856 dum
877 2800 1140 2856 invenerit
1174 2817 1270 2872 per
1298 2800 1694 2871 paenitentiam,
1725 2807 1780 2854 et
1808 2813 1906 2854 an-

311 2893 559 2962 gelorum
591 2901 645 2946 et
675 2892 950 2947 hominum
972 2890 1102 2947 facit
1124 2891 1389 2947 laetitiam.

387 2982 513 3038 175.
560 2983 779 3040 Debitor
817 2985 1002 3041 decem
1049 2984 1274 3040 millium
1321 2984 1642 3040 talentorum
1687 2981 1903 3053 (Matth.

309 3080 471 3150 xvtu)
500 3077 768 3148 signiﬁcat
813 3080 1058 3136 homines
1102 3080 1192 3151 qui
1226 3080 1336 3135 Deo
1383 3089 1508 3134 sunt
1557 3078 1776 3133 obnoxii
1808 3091 1905 3147 per

2014 523 2218 576 scentia
2245 522 2310 576 ad
2339 522 2498 577 fidem
2527 529 2887 577 accesserunt.

2089 612 2210 666 180.
2253 612 2354 679 Qui
2387 628 2515 668 vero
2547 614 2678 667 hora
2726 622 2875 668 sexta
2915 612 3164 669 conducti
3195 621 3340 682 sunt,
3373 615 3427 670 hi
3472 625 3597 675 sunt

2015 705 2104 773 qui
2140 705 2191 758 in
2219 704 2517 774 juventutis
2548 713 2708 760 aetate
2735 705 3093 761 crediderunt.

2088 795 2210 852 181.
2253 796 2353 863 Qui
2385 807 2560 851 autem
2597 797 2725 852 hora
2757 811 2898 851 nona
2944 807 3318 864 accesserunt,
3349 797 3427 854 illi
3471 805 3600 858 sunt

2014 889 2124 958 qui,
2157 889 2266 958 jam
2302 904 2332 942 a
2353 888 2632 956 iuventute
2658 889 2712 944 in
2735 899 3067 946 senectutem
3097 889 3446 959 declinantes,
3473 905 3598 964 grn-

2017 978 2139 1033 tiam
2171 990 2542 1049 perceperunt.

2089 1069 2212 1125 18:2.
2254 1072 2353 1137 Qui
2402 1086 2531 1128 vero
2575 1073 2760 1127 ultima
2812 1073 2946 1130 hora
2995 1074 3210 1128 iverunt
3252 1073 3468 1147 (Ibid.),
3518 1067 3597 1131 illi

2015 1172 2139 1218 sunt
2169 1163 2258 1234 qui
2279 1165 2388 1234 jam
2422 1165 2703 1234 decrepiti,
2730 1175 2786 1220 et
2811 1166 2863 1220 in
2895 1175 3138 1221 extremo
3167 1167 3293 1220 vitae
3327 1182 3438 1222 suae
3467 1177 3595 1224 tem-

2015 1268 2146 1324 pore
2173 1255 2371 1322 Vocati,
2408 1255 2474 1310 ad
2505 1255 2774 1310 Christum
2803 1267 3081 1311 venerunt.
3107 1256 3206 1324 Qui
3239 1266 3417 1314 tamen
3450 1258 3594 1329 prio-

2013 1346 2162 1402 ribus
2194 1363 2374 1416 parem
2405 1347 2710 1403 mercedem
2743 1348 3086 1404 beatitudinis
3127 1350 3414 1420 accipiunt,
3447 1351 3499 1406 in
3531 1350 3596 1406 il-

2011 1438 2082 1493 lis
2115 1453 2440 1494 conservans
2462 1439 2708 1495 Christus
2728 1439 3012 1510 justitiam,
3043 1441 3128 1509 qui
3153 1441 3320 1510 prima
3352 1442 3482 1498 hora
3503 1455 3598 1498 na-

2017 1533 2239 1588 tivitatis
2268 1534 2474 1604 operati
2513 1543 2673 1599 sunt;
2707 1533 2758 1588 in
2793 1535 2910 1589 istis
2941 1535 3255 1604 impendens
3287 1536 3596 1592 misericor-

2014 1625 2179 1692 diam,
2213 1626 2302 1696 qui
2333 1641 2435 1681 uua
2468 1626 2589 1680 vitae
2617 1626 2748 1679 hora
2780 1625 3178 1681 laboraverunt.

2088 1718 2210 1773 185.
2282 1716 2398 1772 Duo
2453 1718 2546 1771 ﬁlii
2616 1717 2765 1773 missi
2832 1717 2898 1771 ad
2973 1717 3302 1787 operaudunt
3376 1719 3586 1774 vineam

2020 1807 2236 1879 (Matth.
2294 1809 2406 1879 χχι)
2460 1809 2690 1864 duorum
2749 1809 3069 1878 populorum
3127 1819 3309 1880 typum
3373 1809 3600 1866 demon-

2014 1909 2207 1954 strant.
2237 1899 2448 1954 Primus
2479 1901 2619 1954 enim
2670 1913 2867 1954 missus
2897 1910 3118 1954 vocatur
3155 1899 3393 1970 gentium
3433 1913 3601 1970 popu-

2016 1994 2099 2049 lus
2131 2010 2228 2064 per
2259 2002 2466 2048 naturae
2494 1993 2903 2064 intelligentiam
2931 1993 2996 2047 ad
3025 1993 3204 2062 operis
3233 1993 3400 2048 divini
3435 1993 3601 2048 cultu-

2014 2101 2150 2155 ram,
2174 2087 2264 2157 qui
2299 2087 2442 2156 prius
2467 2097 2643 2142 tamen
2687 2098 2974 2142 contumax
3004 2087 3229 2155 exstitit,
3257 2095 3310 2143 et
3348 2101 3470 2143 sese
3497 2088 3602 2144 itu—

2015 2195 2133 2235 rum
2184 2181 2415 2251 negavit.
2459 2181 2795 2236 Adveniente
2840 2189 3022 2237 autem
3073 2181 3320 2248 Domino,
3363 2182 3601 2251 priorem

2011 2274 2408 2328 contumaciam
2445 2281 2706 2343 sequente
2733 2274 2990 2328 emundat
3020 2273 3347 2330 obedientia.
3394 2274 3600 2330 Secun-

2012 2364 2112 2420 dus
2140 2376 2318 2420 autem
2348 2364 2547 2420 missus
2578 2364 2885 2420 Judaeorum
2927 2380 3022 2434 per
3055 2365 3186 2433 legis
3234 2363 3597 2432 cognitionem

2010 2455 2326 2524 respondit:
2357 2455 2563 2520 Omnia,
2608 2465 2919 2527 quacunque
2965 2456 3152 2510 dixerit
3191 2453 3474 2522 Dominus,
3517 2457 3601 2526 [tt-

2011 2548 2257 2614 ciemus;
2288 2548 2383 2603 sed
2414 2549 2613 2604 idcirco
2651 2548 2957 2615 damnatur,
2999 2549 3124 2620 quia
3170 2563 3276 2604 non
3329 2548 3504 2604 solum
3543 2547 3600 2604 in

2011 2638 2402 2709 professionem
2447 2639 2580 2708 legis
2622 2641 3003 2710 praevaricatus
3043 2647 3147 2705 est,
3179 2640 3275 2696 sed
3322 2640 3376 2694 in
3425 2640 3598 2711 ipsum

2012 2733 2296 2788 Dominum
2326 2733 2494 2788 vinea;
2523 2733 2874 2802 parricidales
2903 2747 3092 2788 manus
3119 2733 3381 2788 exercuit.

2084 2827 2206 2883 184.
2263 2827 2432 2881 liomo
2477 2826 2566 2896 qui
2621 2825 2830 2881 vineam
2891 2824 3148 2894 plantavit
3198 2822 3414 2895 (Matth.
3467 2838 3596 2890 xxI;

2010 2918 2138 2973 Luc.
2175 2918 2291 2991 xx),
2323 2917 2468 2974 Deus
2505 2927 2609 2987 est,
2637 2919 2729 2989 qui
2767 2917 3008 2974 condidit
3047 2917 3368 2984 Jerusalem,
3412 2919 3464 2972 in
3495 2930 3599 2987 qna

2009 3009 2298 3068 aediﬁcavit
2345 3010 2556 3078 turrim,
2600 3019 2656 3067 et
2699 3009 2933 3066 torcular
2984 3008 3139 3076 fodit,
3164 3008 3414 3064 videlicet
3463 3018 3598 3064 tetu-

2012 3103 2182 3174 plum,
2227 3111 2280 3157 et
2307 3101 2502 3168 altare,
2531 3110 2586 3156 et
2607 3113 2755 3170 saepe
2805 3099 3179 3168 circumdedit,
3226 3099 3280 3154 id
3309 3107 3411 3167 est,
3444 3113 3597 3171 auge

310 3170 799 3240 transgressionem
830 3172 1014 3227 decem
1057 3181 1471 3240 praeceptorum,
1510 3170 1604 3224 sed
1643 3169 1781 3224 sicut
1807 3184 1902 3224 no-
1933 3218 1978 3282 C
2010 3169 2184 3254 imum
2214 3193 2508 3249 "munione
2538 3169 2773 3248 mm“.

309 3264 398 3319 bis
431 3265 780 3336 poscentibus
830 3279 862 3319 a
911 3264 1138 3320 Domino
1167 3263 1370 3334 peccati
1406 3263 1614 3318 vincula
1652 3263 1900 3318 relaxan-

311 3365 424 3422 tur,
451 3355 929 3425 ita‘unusquisque
970 3365 1210 3410 nostrum
1254 3354 1490 3409 dimittat
1518 3354 1766 3422 exemplo
1796 3353 1902 3408 Do-

308 3449 470 3515 mini,
495 3463 563 3504 ne
589 3447 715 3502 dum
758 3448 979 3503 minima
1000 3445 1181 3503 debita
1215 3447 1265 3500 in
1297 3461 1396 3500 nos
1420 3445 1765 3516 peccantibus
1795 3459 1901 3500 non

308 3538 679 3605 concedimus,
733 3537 938 3608 majora
998 3547 1184 3594 nostra
1227 3536 1508 3593 exsolvere
1550 3551 1670 3592 cum
1719 3535 1896 3592 usuris

309 3647 595 3703 pmnarum
623 3647 898 3703 cogamur.

382 3746 506 3802 176.
549 3746 730 3811 Dives,
763 3747 852 3815 qui
884 3745 1089 3800 camelo
1128 3750 1474 3813 comparatur
1511 3741 1725 3814 (Matth.
1768 3758 1895 3809 xtx;

312 3835 483 3892 lare.
519 3837 601 3906 x),
634 3851 922 3906 personam
953 3836 1151 3891 indicat
1179 3835 1509 3904 Judazorum,
1536 3835 1626 3905 qui
1673 3836 1740 3891 de
1767 3834 1898 3904 legis

310 3929 545 4002 potentia
577 3929 897 3999 gloriantur,
930 3943 1234 3999 quanquam
1265 3935 1482 3997 propter
1514 3937 1748 3994 terrena,
1780 3942 1898 3996 quae

309 4025 514 4090 colunt,
545 4038 653 4079 non
705 4023 904 4079 habent
950 4037 1172 4092 regnum
1216 4022 1502 4089 caelorum,
1555 4020 1644 4076 ubi
1684 4019 1898 4077 facilius

307 4118 548 4187 gentium
591 4116 824 4186 populus
851 4113 1166 4169 criminibus
1217 4121 1511 4181 tortuosus,
1562 4120 1619 4167 et
1668 4111 1899 4167 sarcinis

309 4218 654 4279 peccatorum
685 4217 956 4278 gravatus,
995 4205 1291 4278 ingreditur
1331 4221 1426 4276 per
1453 4204 1696 4260 foramen
1745 4218 1896 4270 acus,

310 4301 459 4370 quasi
494 4315 590 4370 per
618 4300 890 4371 angustias
919 4296 1207 4369 passionis,
1252 4296 1498 4352 dolorum
1529 4311 1591 4350 ac
1622 4296 1890 4353 laborum.

376 4391 504 4448 177.
548 4390 940 4447 Paterfamilias
968 4389 1061 4460 qui
1089 4389 1366 4459 operarios
1411 4387 1479 4442 ad
1513 4387 1720 4443 vineam
1766 4402 1897 4442 con-

308 4483 477 4548 ducit,
523 4492 582 4539 et
633 4483 912 4538 denarium
969 4480 1126 4553 142
1176 4480 1443 4551 promittit
1496 4478 1712 4552 (Matth.
1769 4478 1888 4551 xx),

2080 3287 2207 3344 185.
2250 3286 2436 3342 Coloni
2483 3295 2660 3340 autem
2680 3285 2898 3366 “quibus
2944 3286 3152 3342 vineam
3197 3285 3340 3341 locat
3379 3283 3596 3358 (υἱώ),

2007 3380 2237 3452 populus
2266 3387 2348 3435 est
2377 3377 2563 3447 Israel,
2596 3377 2686 3448 qui
2718 3377 2818 3434 sub
2844 3376 3031 3434 divino
3063 3377 3205 3433 cultu
3232 3376 3472 3447 possedit
3499 3374 3593 3434 Je-

2007 3472 2263 3528 rusalem.

2081 3563 2200 3618 186.
2244 3563 2394 3619 Servi
2417 3570 2595 3617 autem
2622 3561 2711 3632 qui
2735 3569 2977 3630 tempore
3006 3561 3216 3631 frugum
3245 3559 3397 3616 missi
3427 3559 3596 3617 intor-

2003 3654 2126 3710 fecti
2147 3663 2271 3709 sunt
2290 3669 2320 3707 a
2348 3653 2503 3724 1&3
2525 3653 2729 3708 colonis
2746 3650 2800 3723 (1
2805 3652 2962 3721 bid.),
2983 3653 3260 3722 propheta
3285 3652 3594 3723 intelligun-

2001 3755 2110 3815 tur,
2145 3761 2372 3817 quorum
2415 3745 2632 3814 sanguis
2673 3744 2876 3798 effusus
2925 3753 3007 3797 est
3044 3757 3074 3796 a
3104 3743 3323 3807 Iudaeis,
3359 3745 3484 3800 dum
3525 3743 3595 3800 ab

2002 3837 2081 3892 eis
2118 3845 2417 3905 qumrereut
2441 3834 2662 3903 justitia:
2688 3833 2916 3888 fructum
2944 3842 2996 3888 et
3019 3832 3167 3904 legis.

2077 3927 2197 3984 187.
2239 3926 2405 3982 Filius
2458 3936 2638 3981 autem
2687 3925 2984 3981 novissime
3029 3924 3255 3990 missus,
3285 3941 3443 3998 quem
3480 3928 3594 3998 eje-

2000 4031 2144 4078 ctum
2172 4021 2348 4078 coloni
2379 4030 2528 4076 extra
2553 4021 2760 4075 vineam
2792 4017 3330 4091 occiderunt(lbid.),
3349 4019 3592 4078 Christus

1999 4121 2102 4179 est,
2134 4128 2291 4182 quem
2322 4111 2705 4168 crucilixerunt
2733 4108 2901 4165 Judaei
2940 4153 2955 4180 ,
2977 4109 3252 4180 ejicientes
3275 4126 3397 4168 eum
3439 4122 3590 4170 extra

1999 4213 2183 4275 portas
2211 4203 2538 4259 Jerusalem.

2072 4294 2198 4350 188.
2229 4295 2417 4350 Coloni
2449 4309 2659 4364 quoque
2686 4335 2702 4360 ,
2748 4307 2884 4364 quos
2927 4293 3186 4350 Dominus
3218 4295 3388 4351 vineae
3416 4294 3591 4364 perdit

2000 4387 2222 4460 (Ibid.),
2257 4387 2441 4459 populi
2464 4387 2774 4443 Judaeorum
2808 4386 3195 4457 intelliguntur,
3227 4386 3320 4458 qui
3349 4387 3500 4457 olim,
3532 4398 3590 4445 ut

1996 4484 2268 4553 videntur,
2321 4484 2547 4554 diSpersi
2599 4493 2758 4554 atque
2801 4483 3060 4553 perempti
3108 4495 3250 4540 sunt.
3297 4484 3374 4540 llli
3404 4494 3583 4541 autem

308 4578 559 4634 Christus
591 4585 696 4646 est,
727 4576 819 4646 qui
861 4584 1018 4629 vocat
1044 4589 1232 4630 omnes
1260 4573 1328 4628 ad
1353 4573 1554 4628 cultum
1585 4571 1728 4638 ﬁdei,
1765 4587 1893 4644 pro-
1920 4600 1972 4662 Β
2000 4579 2248 4648 agricolae
2274 4577 2342 4633 ad
2372 4592 2506 4648 quos
2539 4579 2694 4632 vinea
2736 4576 3010 4632 transferri
3047 4579 3380 4648 praecipitur,
3422 4579 3588 4650 signi-

305 4671 528 4728 mittens
557 4669 637 4726 eis
676 4669 955 4738 praemium
989 4666 1239 4738 perfectae
1274 4665 1639 4722 beatitudinis.

377 4764 508 4820 178.
546 4762 788 4832 Operarii
833 4762 963 4817 hora
1005 4761 1174 4831 prima
1202 4760 1449 4815 conducti
1481 4760 1533 4814 hi
1565 4769 1692 4816 sunt
1731 4759 1836 4834 qui,
1863 4776 1893 4818 a
1978 4786 1988 4797 ·

301 4853 630 4912 rudimentis
657 4853 902 4910 infantia:
926 4851 1132 4908 cultum
1171 4851 1296 4906 ﬁdei
1324 4853 1602 4907 consecuti
1635 4861 1780 4908 sunt.

377 5012 500 5067 175.
543 5011 812 5081 Allegoria
845 5011 959 5067 hate
981 5009 1048 5065 de
1076 5008 1312 5076 Christo,
1344 5020 1593 5080 tanquam
1625 5009 1765 5065 bono
1796 5025 1888 5080 pa-

300 5091 473 5148 store,
523 5096 675 5136 ovem
723 5096 843 5152 quas
888 5083 1120 5150 perierat
1175 5081 1414 5136 humeris
1455 5081 1569 5136 suis
1622 5091 1891 5150 portante,

301 5153 490 5220 primis
514 5152 834 5207 Christianis
865 5152 1123 5219 imprimis
1152 5161 1301 5221 grata
1333 5162 1471 5216 erat,
1505 5161 1561 5206 ut
1585 5152 1636 5206 in
1670 5153 1892 5220 picturis

299 5235 545 5276 veterum
598 5229 1066 5277 monumentorum
1116 5238 1238 5292 qua:
1289 5223 1465 5279 adhuc
1517 5230 1723 5278 restant
1769 5237 1890 5278 cer-

302 5306 431 5348 nere
455 5294 599 5347 licet.
630 5296 802 5349 Ansv.

377 5360 499 5436 182.
543 5362 817 5428 Notandus
839 5364 940 5420 hoc
970 5365 1092 5421 loco
1116 5375 1200 5422 est
1228 5364 1590 5420 nominativus
1619 5381 1717 5436 pro
1741 5365 1890 5422 abla-

301 5435 414 5489 tivo
453 5435 724 5503 absoluto,
773 5438 827 5489 in
871 5437 976 5491 illis
1007 5453 1311 5492 conservans
1342 5435 1646 5492 Christus...
1694 5438 1747 5492 in
1776 5439 1891 5492 istis

298 5506 602 5573 impendens
642 5522 737 5578 pro
780 5509 833 5561 in
872 5507 978 5562 illis
1025 5520 1351 5563 conservante
1391 5507 1659 5563 Christo...
1698 5511 1752 5563 in
1784 5511 1892 5563 istis

299 5578 640 5643 ivnpentlente.
669 5578 792 5632 Haec
842 5580 1089 5649 loquendi
1120 5590 1253 5635 ratio
1300 5581 1352 5633 in
1408 5579 1533 5634 Mss.
1577 5581 1756 5636 lsiduri
1789 5595 1890 5634 sae-

299 5651 420 5715 pius
442 5649 679 5720 occurrit
707 5665 865 5717 quam
903 5651 954 5703 in
994 5651 1301 5718 'lmprtgsis,
1329 5666 1359 5706 e
1396 5652 1608 5720 quibus,
1651 5663 1707 5706 ut
1747 5652 1887 5706 arbi-

300 5728 436 5783 trur,
476 5718 742 5790 iEditores
785 5735 900 5774 eam
944 5725 1294 5788 sustulerunt,
1349 5718 1488 5790 quod
1544 5723 1729 5778 lsidori
1772 5738 1885 5778 non

297 5803 418 5848 esse
437 5789 543 5846 sibi
578 5790 980 5860 persuaderent.
1015 5792 1118 5849 Sed
1141 5795 1298 5850 aliter
1319 5789 1682 5865 judicandum.
1709 5795 1883 5852 Auav.

2002 4672 2163 4726 ﬁcant
2186 4671 2484 4742 apostolos,
2518 4671 2604 4726 vel
2626 4684 2968 4726 successores
2991 4672 3377 4740 apostolorum.

2072 4762 2194 4818 189.
2237 4761 2349 4817 Rex
2379 4762 2466 4832 qui
2497 4761 2621 4818 fecit
2655 4761 2868 4832 nuptias
2901 4761 3012 4816 ﬁlio
3042 4775 3139 4817 suo
3166 4760 3386 4833 (Matth.
3419 4765 3584 4835 xxii),

1997 4855 2139 4913 Deus
2166 4855 2325 4912 Pater
2351 4855 2683 4927 intelligitur,
2715 4857 2804 4928 qui
2837 4855 3104 4928 copulavit
3129 4870 3194 4912 ex
3221 4857 3430 4928 virgine
3465 4872 3583 4914 car-

2072 5014 2195 5068 188.
2239 5015 2472 5070 Isidorus
2497 5013 2580 5070 his
2606 5014 2784 5071 verbis
2816 5021 2870 5067 ut
2896 5014 3129 5070 uidentur
3157 5014 3382 5070 fortasse
3409 5013 3583 5071 innuit

1998 5084 2393 5156 dispersionem
2453 5085 2762 5142 Judteorum
2817 5100 2914 5142 suo
2973 5096 3234 5156 tempore,
3291 5097 3348 5140 ut
3392 5094 3578 5141 nostro

1995 5157 2184 5223 etiam,
2220 5168 2675 5226 perseverantem.
2707 5159 2882 5212 Assv.

2069 5224 2346 5299 189.1?”
2393 5229 2481 5297 qui
2521 5230 2661 5299 fecit.
2711 5227 3163 5299 Tractatﬂbeatus
3207 5224 3492 5296 Gregorius
3525 5229 3579 5286 itt

1995 5298 2178 5353 homil.
2209 5300 2428 5364 diserte,
2477 5298 2534 5354 ut
2560 5300 2716 5363 solet,
2751 5299 2888 5352 hanc
2912 5298 3224 5365 allegoriam
3248 5338 3262 5360 ,
3292 5299 3386 5352 sed
3417 5314 3573 5354 secu-

1993 5371 2104 5424 rius
2133 5370 2236 5425 dici
2267 5380 2416 5438 putat
2451 5385 2630 5438 regem
2663 5380 2862 5439 patrem
2894 5369 3001 5434 regi
3034 5368 3142 5421 filio
3174 5369 3384 5434 nuptias
3415 5371 3568 5424 fecis-

1996 5455 2075 5505 se,
2106 5455 2227 5494 cum
2252 5440 2300 5495 ei
2334 5457 2428 5509 per
2458 5441 2838 5495 incarnationis
2865 5449 3174 5506 mysterium
3206 5453 3441 5494 sanetam
3475 5443 3572 5497 Ec-

1995 5511 2213 5566 clesiam
2244 5510 2467 5566 sociavit
2500 5515 2550 5566 in
2578 5523 2727 5566 utero
2759 5509 3018 5577 Virginis,
3051 5509 3191 5564 sicut
3221 5511 3272 5564 in
3311 5513 3569 5569 thalamo.

1996 5583 2065 5637 Et
2113 5598 2273 5638 causa
2321 5593 2404 5638 est
2451 5585 2572 5653 quia
2617 5598 2682 5634 ex
2731 5581 2938 5653 duabus
2990 5581 3229 5649 personis
3271 5581 3384 5638 ﬁeri
3437 5583 3574 5653 solut

1994 5655 2300 5723 nuptiarum
2351 5651 2678 5722 conj—unctio,
2727 5651 2988 5705 nefarium
3011 5660 3096 5708 est
3125 5667 3302 5710 autem
3336 5655 3388 5708 in
3419 5652 3573 5709 Chri-

1995 5736 2078 5782 sto
2104 5729 2236 5784 duas
2266 5729 2485 5782 credere
2517 5738 2792 5795 personas.
2817 5724 2984 5779 SUAR.
