  <div class='ocr_page' id='page_1' title='image "/cluster/home/n/w/nwhite01/storage/ocr_20150623/83/hvd.32044015469448/069.png"; bbox 0 0 4056 6350; ppageno 0'>
   <div class='ocr_carea' id='block_1_1' title="bbox 1450 274 2631 345">
    <p class='ocr_par' dir='ltr' id='par_1_1' title="bbox 1450 274 2631 345">
     <span class='ocr_line' id='line_1_1' title="bbox 1450 274 2631 345; baseline -0.011 -1"><span class='ocrx_word' id='word_1_1' title='bbox 1450 287 1512 345; x_wconf 79' lang='lat'><strong>8.</strong></span> <span class='ocrx_word' id='word_1_2' title='bbox 1552 283 1802 343; x_wconf 77' lang='lat' dir='ltr'><strong>iSlDOlil</strong></span> <span class='ocrx_word' id='word_1_3' title='bbox 1834 274 2288 339; x_wconf 63' lang='lat' dir='ltr'><strong>BBPALIRSIS</strong></span> <span class='ocrx_word' id='word_1_4' title='bbox 2319 274 2631 333; x_wconf 75' lang='lat' dir='ltr'><strong>EPISCOPI</strong></span> 
     </span>
    </p>
   </div>
   <div class='ocr_carea' id='block_1_2' title="bbox 3592 269 3701 333">
    <p class='ocr_par' dir='ltr' id='par_1_2' title="bbox 3592 269 3701 333">
     <span class='ocr_line' id='line_1_2' title="bbox 3592 269 3701 333; baseline -0.064 0"><span class='ocrx_word' id='word_1_5' title='bbox 3592 269 3701 333; x_wconf 67' lang='lat' dir='ltr'><strong>13L</strong></span> 
     </span>
    </p>
   </div>
   <div class='ocr_carea' id='block_1_3' title="bbox 428 388 3700 475">
    <p class='ocr_par' dir='ltr' id='par_1_3' title="bbox 428 388 3700 475">
     <span class='ocr_line' id='line_1_3' title="bbox 428 388 3700 475; baseline -0.009 -13"><span class='ocrx_word' id='word_1_6' title='bbox 428 415 559 460; x_wconf 64' lang='lat' dir='ltr'><strong>null</strong></span> <span class='ocrx_word' id='word_1_7' title='bbox 600 401 866 475; x_wconf 65' lang='lat' dir='ltr'><strong>virginum</strong></span> <span class='ocrx_word' id='word_1_8' title='bbox 909 399 1151 461; x_wconf 62' lang='grc' dir='ltr'><strong>αιὴω.</strong></span> <span class='ocrx_word' id='word_1_9' title='bbox 1201 400 1369 457; x_wconf 75' lang='lat' dir='ltr'><strong>Servi</strong></span> <span class='ocrx_word' id='word_1_10' title='bbox 1396 411 1551 464; x_wconf 75' lang='lat' dir='ltr'><strong>vctu,</strong></span> <span class='ocrx_word' id='word_1_11' title='bbox 1597 396 1687 467; x_wconf 83' lang='lat' dir='ltr'><strong>qui</strong></span> <span class='ocrx_word' id='word_1_12' title='bbox 1717 394 1865 450; x_wconf 79' lang='lat' dir='ltr'><strong>missi</strong></span> <span class='ocrx_word' id='word_1_13' title='bbox 1892 398 2017 448; x_wconf 88' lang='lat' dir='ltr'><strong>sunt</strong></span> <span class='ocrx_word' id='word_1_14' title='bbox 2038 393 2094 452; x_wconf 76' lang='grc' dir='ltr'><strong>Δ</strong></span> <span class='ocrx_word' id='word_1_15' title='bbox 2124 388 2524 458; x_wconf 79' lang='lat' dir='ltr'><strong>corruptionem</strong></span> <span class='ocrx_word' id='word_1_16' title='bbox 2544 428 2565 455; x_wconf 88' lang='lat'><strong>,</strong></span> <span class='ocrx_word' id='word_1_17' title='bbox 2617 388 2816 446; x_wconf 83' lang='lat' dir='ltr'><strong>idcirco</strong></span> <span class='ocrx_word' id='word_1_18' title='bbox 2850 388 3097 458; x_wconf 78' lang='lat' dir='ltr'><strong>quinario</strong></span> <span class='ocrx_word' id='word_1_19' title='bbox 3126 402 3355 447; x_wconf 67' lang='lat' dir='ltr'><strong>me</strong></span> <span class='ocrx_word' id='word_1_20' title='bbox 3383 399 3700 460; x_wconf 66' lang='lat' dir='ltr'><strong>computa&quot;-</strong></span> 
     </span>
    </p>
   </div>
   <div class='ocr_carea' id='block_1_4' title="bbox 435 487 2014 569">
    <p class='ocr_par' dir='ltr' id='par_1_4' title="bbox 435 487 2014 569">
     <span class='ocr_line' id='line_1_4' title="bbox 435 487 2014 569; baseline -0.006 -19"><span class='ocrx_word' id='word_1_21' title='bbox 435 512 627 553; x_wconf 87' lang='lat' dir='ltr'><strong>vocare</strong></span> <span class='ocrx_word' id='word_1_22' title='bbox 661 495 950 566; x_wconf 90' lang='lat' dir='ltr'><strong>invitatos,</strong></span> <span class='ocrx_word' id='word_1_23' title='bbox 989 496 1217 569; x_wconf 74' lang='lat' dir='ltr'><strong>apostoli</strong></span> <span class='ocrx_word' id='word_1_24' title='bbox 1244 504 1370 551; x_wconf 76' lang='lat' dir='ltr'><strong>sunt</strong></span> <span class='ocrx_word' id='word_1_25' title='bbox 1402 503 1563 563; x_wconf 87' lang='lat' dir='ltr'><strong>atque</strong></span> <span class='ocrx_word' id='word_1_26' title='bbox 1590 492 1893 561; x_wconf 63' lang='lat' dir='ltr'><strong>propheta,</strong></span> <span class='ocrx_word' id='word_1_27' title='bbox 1924 487 2014 557; x_wconf 89' lang='lat' dir='ltr'><strong>qui</strong></span> 
     </span>
    </p>
   </div>
   <div class='ocr_carea' id='block_1_5' title="bbox 424 580 2017 662">
    <p class='ocr_par' dir='ltr' id='par_1_5' title="bbox 424 580 2017 662">
     <span class='ocr_line' id='line_1_5' title="bbox 424 580 2017 662; baseline -0.008 -16"><span class='ocrx_word' id='word_1_28' title='bbox 424 588 650 645; x_wconf 58' lang='lat' dir='ltr'><strong>Natos</strong></span> <span class='ocrx_word' id='word_1_29' title='bbox 700 602 796 661; x_wconf 77' lang='lat' dir='ltr'><strong>per</strong></span> <span class='ocrx_word' id='word_1_30' title='bbox 847 589 1019 662; x_wconf 73' lang='lat' dir='ltr'><strong>legem</strong></span> <span class='ocrx_word' id='word_1_31' title='bbox 1069 600 1123 647; x_wconf 89' lang='lat' dir='ltr'><strong>et</strong></span> <span class='ocrx_word' id='word_1_32' title='bbox 1143 587 1493 660; x_wconf 79' lang='lat' dir='ltr'><strong>Erangelium</strong></span> <span class='ocrx_word' id='word_1_33' title='bbox 1520 589 1882 646; x_wconf 81' lang='lat' dir='ltr'><strong>vocaverunt;</strong></span> <span class='ocrx_word' id='word_1_34' title='bbox 1921 580 2017 636; x_wconf 91' lang='lat' dir='ltr'><strong>sed</strong></span> 
     </span>
    </p>
   </div>
   <div class='ocr_carea' id='block_1_6' title="bbox 437 669 2018 753">
    <p class='ocr_par' dir='ltr' id='par_1_6' title="bbox 437 669 2018 753">
     <span class='ocr_line' id='line_1_6' title="bbox 437 669 2018 753; baseline -0.006 -17"><span class='ocrx_word' id='word_1_35' title='bbox 437 669 518 737; x_wconf 83' lang='lat' dir='ltr'><strong>illi</strong></span> <span class='ocrx_word' id='word_1_36' title='bbox 546 682 705 738; x_wconf 90' lang='lat' dir='ltr'><strong>modo</strong></span> <span class='ocrx_word' id='word_1_37' title='bbox 736 682 966 739; x_wconf 77' lang='lat' dir='ltr'><strong>terrenis</strong></span> <span class='ocrx_word' id='word_1_38' title='bbox 990 684 1375 753; x_wconf 68' lang='lat' dir='ltr'><strong>voluptatibus,</strong></span> <span class='ocrx_word' id='word_1_39' title='bbox 1405 680 1569 734; x_wconf 84' lang='lat' dir='ltr'><strong>modo</strong></span> <span class='ocrx_word' id='word_1_40' title='bbox 1592 676 1773 733; x_wconf 90' lang='lat' dir='ltr'><strong>carnis</strong></span> <span class='ocrx_word' id='word_1_41' title='bbox 1798 684 1853 731; x_wconf 88' lang='lat' dir='ltr'><strong>et</strong></span> <span class='ocrx_word' id='word_1_42' title='bbox 1883 672 2018 743; x_wconf 87' lang='lat' dir='ltr'><strong>legis</strong></span> 
     </span>
    </p>
   </div>
   <div class='ocr_carea' id='block_1_7' title="bbox 428 768 2019 842">
    <p class='ocr_par' dir='ltr' id='par_1_7' title="bbox 428 768 2019 842">
     <span class='ocr_line' id='line_1_7' title="bbox 428 768 2019 842; baseline -0.005 -15"><span class='ocrx_word' id='word_1_43' title='bbox 428 782 601 827; x_wconf 66' lang='lat' dir='ltr'><strong>me</strong></span> <span class='ocrx_word' id='word_1_44' title='bbox 648 774 858 842; x_wconf 83' lang='lat' dir='ltr'><strong>pressi,</strong></span> <span class='ocrx_word' id='word_1_45' title='bbox 906 775 1297 831; x_wconf 79' lang='lat' dir='ltr'><strong>solemnitatem</strong></span> <span class='ocrx_word' id='word_1_46' title='bbox 1338 772 1603 826; x_wconf 74' lang='lat' dir='ltr'><strong>adventus</strong></span> <span class='ocrx_word' id='word_1_47' title='bbox 1653 768 1859 823; x_wconf 78' lang='lat' dir='ltr'><strong>Domini</strong></span> <span class='ocrx_word' id='word_1_48' title='bbox 1886 781 2019 820; x_wconf 88' lang='lat' dir='ltr'><strong>con-</strong></span> 
     </span>
    </p>
   </div>
   <div class='ocr_carea' id='block_1_8' title="bbox 438 852 2020 934">
    <p class='ocr_par' dir='ltr' id='par_1_8' title="bbox 438 852 2020 934">
     <span class='ocr_line' id='line_1_8' title="bbox 438 852 2020 934; baseline -0.004 -17"><span class='ocrx_word' id='word_1_49' title='bbox 438 870 775 931; x_wconf 69' lang='lat' dir='ltr'><strong>tempserunt</strong></span> <span class='ocrx_word' id='word_1_50' title='bbox 798 902 813 931; x_wconf 88' lang='lat'><strong>,</strong></span> <span class='ocrx_word' id='word_1_51' title='bbox 841 878 916 921; x_wconf 79' lang='lat' dir='ltr'><strong>er</strong></span> <span class='ocrx_word' id='word_1_52' title='bbox 946 880 1053 934; x_wconf 86' lang='lat' dir='ltr'><strong>quo</strong></span> <span class='ocrx_word' id='word_1_53' title='bbox 1078 879 1141 920; x_wconf 81' lang='lat' dir='ltr'><strong>se</strong></span> <span class='ocrx_word' id='word_1_54' title='bbox 1164 863 1417 933; x_wconf 75' lang='lat' dir='ltr'><strong>indignos</strong></span> <span class='ocrx_word' id='word_1_55' title='bbox 1440 861 1886 917; x_wconf 77' lang='lat' dir='ltr'><strong>existimaverunt</strong></span> <span class='ocrx_word' id='word_1_56' title='bbox 1915 852 2020 911; x_wconf 83' lang='lat' dir='ltr'><strong>vita</strong></span> 
     </span>
    </p>
   </div>
   <div class='ocr_carea' id='block_1_9' title="bbox 414 952 1819 1023">
    <p class='ocr_par' dir='ltr' id='par_1_9' title="bbox 414 952 1819 1023">
     <span class='ocr_line' id='line_1_9' title="bbox 414 952 1819 1023; baseline -0.002 -17"><span class='ocrx_word' id='word_1_57' title='bbox 414 959 663 1021; x_wconf 69' lang='lat' dir='ltr'><strong>aeterna,</strong></span> <span class='ocrx_word' id='word_1_58' title='bbox 689 964 874 1023; x_wconf 82' lang='lat' dir='ltr'><strong>gentes</strong></span> <span class='ocrx_word' id='word_1_59' title='bbox 906 966 1081 1010; x_wconf 91' lang='lat' dir='ltr'><strong>autem</strong></span> <span class='ocrx_word' id='word_1_60' title='bbox 1113 956 1362 1009; x_wconf 84' lang='lat' dir='ltr'><strong>introisse</strong></span> <span class='ocrx_word' id='word_1_61' title='bbox 1393 952 1819 1007; x_wconf 80' lang='lat' dir='ltr'><strong>mauiicstuntur.</strong></span> 
     </span>
    </p>
   </div>
   <div class='ocr_carea' id='block_1_10' title="bbox 420 1045 2018 1120">
    <p class='ocr_par' dir='ltr' id='par_1_10' title="bbox 420 1045 2018 1120">
     <span class='ocr_line' id='line_1_10' title="bbox 420 1045 2018 1120; baseline -0.003 -19"><span class='ocrx_word' id='word_1_62' title='bbox 420 1084 425 1087; x_wconf 88' lang='grc'><strong>-</strong></span> <span class='ocrx_word' id='word_1_63' title='bbox 511 1045 637 1101; x_wconf 81' lang='grc'><strong>190.</strong></span> <span class='ocrx_word' id='word_1_64' title='bbox 676 1047 797 1104; x_wconf 69' lang='lat' dir='ltr'><strong>Rex</strong></span> <span class='ocrx_word' id='word_1_65' title='bbox 828 1051 993 1103; x_wconf 83' lang='lat' dir='ltr'><strong>iratas</strong></span> <span class='ocrx_word' id='word_1_66' title='bbox 1012 1090 1027 1115; x_wconf 94' lang='lat'><strong>,</strong></span> <span class='ocrx_word' id='word_1_67' title='bbox 1057 1049 1148 1120; x_wconf 79' lang='lat' dir='ltr'><strong>qui</strong></span> <span class='ocrx_word' id='word_1_68' title='bbox 1165 1050 1316 1103; x_wconf 84' lang='lat' dir='ltr'><strong>misit</strong></span> <span class='ocrx_word' id='word_1_69' title='bbox 1342 1048 1610 1104; x_wconf 71' lang='lat' dir='ltr'><strong>exercitus</strong></span> <span class='ocrx_word' id='word_1_70' title='bbox 1638 1060 1785 1111; x_wconf 85' lang='lat' dir='ltr'><strong>suos,</strong></span> <span class='ocrx_word' id='word_1_71' title='bbox 1814 1053 1866 1099; x_wconf 93' lang='lat' dir='ltr'><strong>et</strong></span> <span class='ocrx_word' id='word_1_72' title='bbox 1897 1057 2018 1112; x_wconf 90' lang='lat' dir='ltr'><strong>per-</strong></span> 
     </span>
    </p>
   </div>
   <div class='ocr_carea' id='block_1_11' title="bbox 424 1128 2024 1214">
    <p class='ocr_par' dir='ltr' id='par_1_11' title="bbox 424 1128 2024 1214">
     <span class='ocr_line' id='line_1_11' title="bbox 424 1128 2024 1214; baseline -0.003 -22"><span class='ocrx_word' id='word_1_73' title='bbox 424 1134 576 1192; x_wconf 63' lang='lat' dir='ltr'><strong>didit</strong></span> <span class='ocrx_word' id='word_1_74' title='bbox 600 1139 969 1214; x_wconf 70' lang='lat' dir='ltr'><strong>interiecwres</strong></span> <span class='ocrx_word' id='word_1_75' title='bbox 994 1139 1113 1195; x_wconf 70' lang='lat' dir='ltr'><strong>ut»</strong></span> <span class='ocrx_word' id='word_1_76' title='bbox 1137 1185 1150 1209; x_wconf 88' lang='lat'><strong>,</strong></span> <span class='ocrx_word' id='word_1_77' title='bbox 1172 1149 1234 1195; x_wconf 85' lang='lat' dir='ltr'><strong>et</strong></span> <span class='ocrx_word' id='word_1_78' title='bbox 1252 1128 1523 1195; x_wconf 85' lang='lat' dir='ltr'><strong>civitatem</strong></span> <span class='ocrx_word' id='word_1_79' title='bbox 1550 1137 1763 1191; x_wconf 89' lang='lat' dir='ltr'><strong>illorum</strong></span> <span class='ocrx_word' id='word_1_80' title='bbox 1788 1131 2024 1188; x_wconf 87' lang='lat' dir='ltr'><strong>incendit</strong></span> 
     </span>
    </p>
   </div>
   <div class='ocr_carea' id='block_1_12' title="bbox 434 1224 2020 1302">
    <p class='ocr_par' dir='ltr' id='par_1_12' title="bbox 434 1224 2020 1302">
     <span class='ocr_line' id='line_1_12' title="bbox 434 1224 2020 1302; baseline -0.003 -18"><span class='ocrx_word' id='word_1_81' title='bbox 434 1224 665 1299; x_wconf 60' lang='lat' dir='ltr'><strong>(Mitt),</strong></span> <span class='ocrx_word' id='word_1_82' title='bbox 686 1230 831 1285; x_wconf 79' lang='lat' dir='ltr'><strong>Deus</strong></span> <span class='ocrx_word' id='word_1_83' title='bbox 858 1230 1022 1287; x_wconf 79' lang='lat' dir='ltr'><strong>Pater</strong></span> <span class='ocrx_word' id='word_1_84' title='bbox 1047 1239 1161 1300; x_wconf 81' lang='lat' dir='ltr'><strong>est,</strong></span> <span class='ocrx_word' id='word_1_85' title='bbox 1199 1234 1287 1302; x_wconf 86' lang='lat' dir='ltr'><strong>qui</strong></span> <span class='ocrx_word' id='word_1_86' title='bbox 1332 1230 1609 1287; x_wconf 74' lang='lat' dir='ltr'><strong>suscitavit</strong></span> <span class='ocrx_word' id='word_1_87' title='bbox 1638 1226 2020 1299; x_wconf 69' lang='lat' dir='ltr'><strong>Vespasianum</strong></span> 
     </span>
    </p>
   </div>
   <div class='ocr_carea' id='block_1_13' title="bbox 418 1313 2023 1389">
    <p class='ocr_par' dir='ltr' id='par_1_13' title="bbox 418 1313 2023 1389">
     <span class='ocr_line' id='line_1_13' title="bbox 418 1313 2023 1389; baseline 0 -21"><span class='ocrx_word' id='word_1_88' title='bbox 418 1313 704 1370; x_wconf 78' lang='lat' dir='ltr'><strong>Caesarem</strong></span> <span class='ocrx_word' id='word_1_89' title='bbox 734 1317 1099 1373; x_wconf 74' lang='lat' dir='ltr'><strong>Romanorum</strong></span> <span class='ocrx_word' id='word_1_90' title='bbox 1124 1357 1138 1382; x_wconf 91' lang='lat'><strong>,</strong></span> <span class='ocrx_word' id='word_1_91' title='bbox 1168 1321 1257 1388; x_wconf 90' lang='lat' dir='ltr'><strong>qui</strong></span> <span class='ocrx_word' id='word_1_92' title='bbox 1287 1327 1341 1375; x_wconf 88' lang='lat' dir='ltr'><strong>et</strong></span> <span class='ocrx_word' id='word_1_93' title='bbox 1368 1319 1619 1389; x_wconf 77' lang='lat' dir='ltr'><strong>populum</strong></span> <span class='ocrx_word' id='word_1_94' title='bbox 1646 1316 1821 1387; x_wconf 90' lang='lat' dir='ltr'><strong>gladio</strong></span> <span class='ocrx_word' id='word_1_95' title='bbox 1852 1323 2023 1369; x_wconf 84' lang='lat' dir='ltr'><strong>vasta-</strong></span> 
     </span>
    </p>
   </div>
   <div class='ocr_carea' id='block_1_14' title="bbox 441 1402 2023 1471">
    <p class='ocr_par' dir='ltr' id='par_1_14' title="bbox 441 1402 2023 1471">
     <span class='ocr_line' id='line_1_14' title="bbox 441 1402 2023 1471; baseline 0.001 -11"><span class='ocrx_word' id='word_1_96' title='bbox 441 1403 515 1459; x_wconf 83' lang='lat' dir='ltr'><strong>rit</strong></span> <span class='ocrx_word' id='word_1_97' title='bbox 534 1442 558 1471; x_wconf 83' lang='lat'><strong>,</strong></span> <span class='ocrx_word' id='word_1_98' title='bbox 598 1417 655 1462; x_wconf 80' lang='lat' dir='ltr'><strong>et</strong></span> <span class='ocrx_word' id='word_1_99' title='bbox 692 1402 997 1464; x_wconf 73' lang='lat' dir='ltr'><strong>civitatein</strong></span> <span class='ocrx_word' id='word_1_100' title='bbox 1022 1409 1321 1465; x_wconf 75' lang='lat' dir='ltr'><strong>Jerusalem</strong></span> <span class='ocrx_word' id='word_1_101' title='bbox 1352 1410 1589 1465; x_wconf 75' lang='lat' dir='ltr'><strong>funditus</strong></span> <span class='ocrx_word' id='word_1_102' title='bbox 1617 1423 1741 1463; x_wconf 85' lang='lat' dir='ltr'><strong>cum</strong></span> <span class='ocrx_word' id='word_1_103' title='bbox 1764 1408 1877 1461; x_wconf 90' lang='lat' dir='ltr'><strong>suis</strong></span> <span class='ocrx_word' id='word_1_104' title='bbox 1904 1405 2023 1461; x_wconf 82' lang='lat' dir='ltr'><strong>urti-</strong></span> 
     </span>
    </p>
   </div>
   <div class='ocr_carea' id='block_1_15' title="bbox 436 1500 2020 1573">
    <p class='ocr_par' dir='ltr' id='par_1_15' title="bbox 436 1500 2020 1573">
     <span class='ocr_line' id='line_1_15' title="bbox 436 1500 2020 1573; baseline -0.001 -18"><span class='ocrx_word' id='word_1_105' title='bbox 436 1500 608 1555; x_wconf 73' lang='lat' dir='ltr'><strong>versis</strong></span> <span class='ocrx_word' id='word_1_106' title='bbox 623 1504 862 1567; x_wconf 74' lang='lat' dir='ltr'><strong>evenit,</strong></span> <span class='ocrx_word' id='word_1_107' title='bbox 894 1504 969 1557; x_wconf 82' lang='lat' dir='ltr'><strong>ita</strong></span> <span class='ocrx_word' id='word_1_108' title='bbox 1006 1513 1065 1557; x_wconf 86' lang='lat' dir='ltr'><strong>ut</strong></span> <span class='ocrx_word' id='word_1_109' title='bbox 1092 1504 1314 1559; x_wconf 89' lang='lat' dir='ltr'><strong>ulterius</strong></span> <span class='ocrx_word' id='word_1_110' title='bbox 1339 1504 1664 1573; x_wconf 72' lang='lat' dir='ltr'><strong>belligerare</strong></span> <span class='ocrx_word' id='word_1_111' title='bbox 1691 1516 1798 1555; x_wconf 84' lang='lat' dir='ltr'><strong>non</strong></span> <span class='ocrx_word' id='word_1_112' title='bbox 1831 1500 2020 1567; x_wconf 83' lang='lat' dir='ltr'><strong>possit.</strong></span> 
     </span>
    </p>
   </div>
   <div class='ocr_carea' id='block_1_16' title="bbox 516 1589 2021 1660">
    <p class='ocr_par' dir='ltr' id='par_1_16' title="bbox 516 1589 2021 1660">
     <span class='ocr_line' id='line_1_16' title="bbox 516 1589 2021 1660; baseline 0 -17"><span class='ocrx_word' id='word_1_113' title='bbox 516 1591 640 1647; x_wconf 81' lang='grc'><strong>191.</strong></span> <span class='ocrx_word' id='word_1_114' title='bbox 684 1593 857 1649; x_wconf 77' lang='lat' dir='ltr'><strong>Homo</strong></span> <span class='ocrx_word' id='word_1_115' title='bbox 898 1602 1078 1650; x_wconf 83' lang='lat' dir='ltr'><strong>autem</strong></span> <span class='ocrx_word' id='word_1_116' title='bbox 1129 1609 1235 1650; x_wconf 74' lang='lat' dir='ltr'><strong>non</strong></span> <span class='ocrx_word' id='word_1_117' title='bbox 1264 1595 1469 1650; x_wconf 81' lang='lat' dir='ltr'><strong>habens</strong></span> <span class='ocrx_word' id='word_1_118' title='bbox 1498 1604 1701 1649; x_wconf 85' lang='lat' dir='ltr'><strong>vestem</strong></span> <span class='ocrx_word' id='word_1_119' title='bbox 1728 1589 2021 1660; x_wconf 73' lang='lat' dir='ltr'><strong>nuptialem</strong></span> 
     </span>
    </p>
   </div>
   <div class='ocr_carea' id='block_1_17' title="bbox 439 1681 2021 1756">
    <p class='ocr_par' dir='ltr' id='par_1_17' title="bbox 439 1681 2021 1756">
     <span class='ocr_line' id='line_1_17' title="bbox 439 1681 2021 1756; baseline -0.003 -17"><span class='ocrx_word' id='word_1_120' title='bbox 439 1681 499 1739; x_wconf 84' lang='lat' dir='ltr'><strong>iu</strong></span> <span class='ocrx_word' id='word_1_121' title='bbox 527 1682 778 1738; x_wconf 85' lang='lat' dir='ltr'><strong>accubitu</strong></span> <span class='ocrx_word' id='word_1_122' title='bbox 801 1724 818 1751; x_wconf 91' lang='lat'><strong>,</strong></span> <span class='ocrx_word' id='word_1_123' title='bbox 871 1686 1004 1755; x_wconf 85' lang='lat' dir='ltr'><strong>qui,</strong></span> <span class='ocrx_word' id='word_1_124' title='bbox 1061 1687 1309 1756; x_wconf 77' lang='lat' dir='ltr'><strong>loquente</strong></span> <span class='ocrx_word' id='word_1_125' title='bbox 1336 1701 1465 1756; x_wconf 71' lang='lat' dir='ltr'><strong>tege</strong></span> <span class='ocrx_word' id='word_1_126' title='bbox 1486 1730 1504 1753; x_wconf 92' lang='lat'><strong>,</strong></span> <span class='ocrx_word' id='word_1_127' title='bbox 1528 1685 1832 1749; x_wconf 76' lang='lat' dir='ltr'><strong>obmutuit;</strong></span> <span class='ocrx_word' id='word_1_128' title='bbox 1864 1697 2021 1753; x_wconf 89' lang='lat' dir='ltr'><strong>quem</strong></span> 
     </span>
    </p>
   </div>
   <div class='ocr_carea' id='block_1_18' title="bbox 2116 488 2221 535">
    <p class='ocr_par' dir='ltr' id='par_1_18' title="bbox 2116 488 2221 535">
     <span class='ocr_line' id='line_1_18' title="bbox 2116 488 2221 535; baseline -0.019 1"><span class='ocrx_word' id='word_1_129' title='bbox 2116 488 2221 535; x_wconf 76' lang='grc' dir='ltr'><strong>ωΐ.</strong></span> 
     </span>
    </p>
   </div>
   <div class='ocr_carea' id='block_1_19' title="bbox 2112 571 3699 649">
    <p class='ocr_par' dir='ltr' id='par_1_19' title="bbox 2112 571 3699 649">
     <span class='ocr_line' id='line_1_19' title="bbox 2112 571 3699 649; baseline -0.001 -21"><span class='ocrx_word' id='word_1_130' title='bbox 2112 628 2119 637; x_wconf 73' lang='grc'>,</span> <span class='ocrx_word' id='word_1_131' title='bbox 2195 574 2315 629; x_wconf 86' lang='grc'><strong>198.</strong></span> <span class='ocrx_word' id='word_1_132' title='bbox 2358 571 2607 643; x_wconf 79' lang='lat' dir='ltr'><strong>Quinque</strong></span> <span class='ocrx_word' id='word_1_133' title='bbox 2634 581 2813 629; x_wconf 84' lang='lat' dir='ltr'><strong>autem</strong></span> <span class='ocrx_word' id='word_1_134' title='bbox 2816 572 3076 649; x_wconf 55' lang='lat' dir='ltr'><strong>Jirgines</strong></span> <span class='ocrx_word' id='word_1_135' title='bbox 3103 573 3283 641; x_wconf 68' lang='lat' dir='ltr'><strong>fatua,</strong></span> <span class='ocrx_word' id='word_1_136' title='bbox 3331 587 3453 645; x_wconf 58' lang='lat' dir='ltr'><strong>quas</strong></span> <span class='ocrx_word' id='word_1_137' title='bbox 3472 576 3699 640; x_wconf 65' lang='grc' dir='ltr'><strong>ηᾳιιη-</strong></span> 
     </span>
    </p>
   </div>
   <div class='ocr_carea' id='block_1_20' title="bbox 2118 662 3703 735">
    <p class='ocr_par' dir='ltr' id='par_1_20' title="bbox 2118 662 3703 735">
     <span class='ocr_line' id='line_1_20' title="bbox 2118 662 3703 735; baseline -0.002 -14"><span class='ocrx_word' id='word_1_138' title='bbox 2118 665 2250 721; x_wconf 82' lang='lat' dir='ltr'><strong>beut</strong></span> <span class='ocrx_word' id='word_1_139' title='bbox 2294 665 2348 721; x_wconf 92' lang='lat' dir='ltr'><strong>in</strong></span> <span class='ocrx_word' id='word_1_140' title='bbox 2396 665 2542 719; x_wconf 86' lang='lat' dir='ltr'><strong>vasis</strong></span> <span class='ocrx_word' id='word_1_141' title='bbox 2586 665 2762 721; x_wconf 89' lang='lat' dir='ltr'><strong>oleum</strong></span> <span class='ocrx_word' id='word_1_142' title='bbox 2815 662 3027 735; x_wconf 61' lang='lat' dir='ltr'><strong>(Ibid),</strong></span> <span class='ocrx_word' id='word_1_143' title='bbox 3076 664 3181 720; x_wconf 64' lang='lat' dir='ltr'><strong>illa</strong></span> <span class='ocrx_word' id='word_1_144' title='bbox 3209 665 3402 721; x_wconf 62' lang='lat' dir='ltr'><strong>anitum</strong></span> <span class='ocrx_word' id='word_1_145' title='bbox 3432 675 3703 734; x_wconf 70' lang='lat' dir='ltr'><strong>suntquae</strong></span> 
     </span>
    </p>
   </div>
   <div class='ocr_carea' id='block_1_21' title="bbox 2122 756 3703 829">
    <p class='ocr_par' dir='ltr' id='par_1_21' title="bbox 2122 756 3703 829">
     <span class='ocr_line' id='line_1_21' title="bbox 2122 756 3703 829; baseline -0.001 -16"><span class='ocrx_word' id='word_1_146' title='bbox 2122 758 2321 814; x_wconf 79' lang='lat' dir='ltr'><strong>habent</strong></span> <span class='ocrx_word' id='word_1_147' title='bbox 2364 758 2589 828; x_wconf 76' lang='lat' dir='ltr'><strong>quidem</strong></span> <span class='ocrx_word' id='word_1_148' title='bbox 2656 758 3015 827; x_wconf 71' lang='lat' dir='ltr'><strong>integritatem</strong></span> <span class='ocrx_word' id='word_1_149' title='bbox 3071 772 3402 829; x_wconf 74' lang='lat' dir='ltr'><strong>corporum,</strong></span> <span class='ocrx_word' id='word_1_150' title='bbox 3454 756 3550 812; x_wconf 84' lang='lat' dir='ltr'><strong>sed</strong></span> <span class='ocrx_word' id='word_1_151' title='bbox 3594 770 3703 811; x_wconf 86' lang='lat' dir='ltr'><strong>non</strong></span> 
     </span>
    </p>
   </div>
   <div class='ocr_carea' id='block_1_22' title="bbox 2123 846 3702 915">
    <p class='ocr_par' dir='ltr' id='par_1_22' title="bbox 2123 846 3702 915">
     <span class='ocr_line' id='line_1_22' title="bbox 2123 846 3702 915; baseline -0.003 -10"><span class='ocrx_word' id='word_1_152' title='bbox 2123 860 2339 905; x_wconf 81' lang='lat' dir='ltr'><strong>servant</strong></span> <span class='ocrx_word' id='word_1_153' title='bbox 2372 850 2509 903; x_wconf 92' lang='lat' dir='ltr'><strong>intra</strong></span> <span class='ocrx_word' id='word_1_154' title='bbox 2545 848 2930 903; x_wconf 85' lang='lat' dir='ltr'><strong>conscientiam</strong></span> <span class='ocrx_word' id='word_1_155' title='bbox 2963 846 3084 901; x_wconf 76' lang='lat' dir='ltr'><strong>boni</strong></span> <span class='ocrx_word' id='word_1_156' title='bbox 3110 846 3289 915; x_wconf 88' lang='lat' dir='ltr'><strong>operis</strong></span> <span class='ocrx_word' id='word_1_157' title='bbox 3317 846 3702 914; x_wconf 83' lang='lat' dir='ltr'><strong>testimonium,</strong></span> 
     </span>
    </p>
   </div>
   <div class='ocr_carea' id='block_1_23' title="bbox 2122 941 3703 1011">
    <p class='ocr_par' dir='ltr' id='par_1_23' title="bbox 2122 941 3703 1011">
     <span class='ocr_line' id='line_1_23' title="bbox 2122 941 3703 1011; baseline 0 -14"><span class='ocrx_word' id='word_1_158' title='bbox 2122 944 2247 997; x_wconf 90' lang='lat' dir='ltr'><strong>dum</strong></span> <span class='ocrx_word' id='word_1_159' title='bbox 2273 945 2322 995; x_wconf 92' lang='lat' dir='ltr'><strong>in</strong></span> <span class='ocrx_word' id='word_1_160' title='bbox 2355 943 2489 997; x_wconf 82' lang='lat' dir='ltr'><strong>facie</strong></span> <span class='ocrx_word' id='word_1_161' title='bbox 2514 942 2810 1011; x_wconf 78' lang='lat' dir='ltr'><strong>gloriantur</strong></span> <span class='ocrx_word' id='word_1_162' title='bbox 2839 942 2981 1009; x_wconf 88' lang='lat' dir='ltr'><strong>apud</strong></span> <span class='ocrx_word' id='word_1_163' title='bbox 3012 942 3256 996; x_wconf 77' lang='lat' dir='ltr'><strong>homines</strong></span> <span class='ocrx_word' id='word_1_164' title='bbox 3276 982 3291 1007; x_wconf 94' lang='lat'><strong>,</strong></span> <span class='ocrx_word' id='word_1_165' title='bbox 3320 950 3373 995; x_wconf 89' lang='lat' dir='ltr'><strong>et</strong></span> <span class='ocrx_word' id='word_1_166' title='bbox 3402 955 3508 997; x_wconf 84' lang='lat' dir='ltr'><strong>non</strong></span> <span class='ocrx_word' id='word_1_167' title='bbox 3534 941 3703 997; x_wconf 89' lang='lat' dir='ltr'><strong>corde</strong></span> 
     </span>
    </p>
   </div>
   <div class='ocr_carea' id='block_1_24' title="bbox 2123 1032 3707 1105">
    <p class='ocr_par' dir='ltr' id='par_1_24' title="bbox 2123 1032 3707 1105">
     <span class='ocr_line' id='line_1_24' title="bbox 2123 1032 3707 1105; baseline -0.002 -15"><span class='ocrx_word' id='word_1_168' title='bbox 2123 1035 2263 1105; x_wconf 87' lang='lat' dir='ltr'><strong>apud</strong></span> <span class='ocrx_word' id='word_1_169' title='bbox 2316 1034 2505 1089; x_wconf 87' lang='lat' dir='ltr'><strong>Deum.</strong></span> <span class='ocrx_word' id='word_1_170' title='bbox 2550 1034 2781 1103; x_wconf 87' lang='lat' dir='ltr'><strong>ideoque</strong></span> <span class='ocrx_word' id='word_1_171' title='bbox 2805 1073 2819 1099; x_wconf 89' lang='lat'><strong>,</strong></span> <span class='ocrx_word' id='word_1_172' title='bbox 2858 1032 2982 1101; x_wconf 82' lang='lat' dir='ltr'><strong>quia</strong></span> <span class='ocrx_word' id='word_1_173' title='bbox 3024 1032 3077 1087; x_wconf 91' lang='lat' dir='ltr'><strong>in</strong></span> <span class='ocrx_word' id='word_1_174' title='bbox 3107 1034 3247 1089; x_wconf 82' lang='lat' dir='ltr'><strong>vasis</strong></span> <span class='ocrx_word' id='word_1_175' title='bbox 3272 1044 3549 1105; x_wconf 87' lang='lat' dir='ltr'><strong>pectorum</strong></span> <span class='ocrx_word' id='word_1_176' title='bbox 3574 1048 3707 1088; x_wconf 87' lang='lat' dir='ltr'><strong>suo-</strong></span> 
     </span>
    </p>
   </div>
   <div class='ocr_carea' id='block_1_25' title="bbox 2123 1123 3709 1194">
    <p class='ocr_par' dir='ltr' id='par_1_25' title="bbox 2123 1123 3709 1194">
     <span class='ocr_line' id='line_1_25' title="bbox 2123 1123 3709 1194; baseline -0.001 -11"><span class='ocrx_word' id='word_1_177' title='bbox 2123 1143 2240 1183; x_wconf 89' lang='lat' dir='ltr'><strong>rum</strong></span> <span class='ocrx_word' id='word_1_178' title='bbox 2274 1124 2465 1182; x_wconf 85' lang='lat' dir='ltr'><strong>mentis</strong></span> <span class='ocrx_word' id='word_1_179' title='bbox 2497 1125 2835 1194; x_wconf 86' lang='lat' dir='ltr'><strong>splendorem</strong></span> <span class='ocrx_word' id='word_1_180' title='bbox 2866 1140 2969 1178; x_wconf 92' lang='lat' dir='ltr'><strong>non</strong></span> <span class='ocrx_word' id='word_1_181' title='bbox 2996 1134 3220 1193; x_wconf 90' lang='lat' dir='ltr'><strong>gerunt,</strong></span> <span class='ocrx_word' id='word_1_182' title='bbox 3251 1125 3569 1183; x_wconf 85' lang='lat' dir='ltr'><strong>adveniente</strong></span> <span class='ocrx_word' id='word_1_183' title='bbox 3599 1123 3709 1181; x_wconf 88' lang='lat' dir='ltr'><strong>Do-</strong></span> 
     </span>
    </p>
   </div>
   <div class='ocr_carea' id='block_1_26' title="bbox 2126 1214 3312 1286">
    <p class='ocr_par' dir='ltr' id='par_1_26' title="bbox 2126 1214 3312 1286">
     <span class='ocr_line' id='line_1_26' title="bbox 2126 1214 3312 1286; baseline 0.001 -15"><span class='ocrx_word' id='word_1_184' title='bbox 2126 1221 2292 1281; x_wconf 89' lang='lat' dir='ltr'><strong>mino,</strong></span> <span class='ocrx_word' id='word_1_185' title='bbox 2330 1233 2359 1271; x_wconf 91' lang='lat' dir='ltr'><strong>a</strong></span> <span class='ocrx_word' id='word_1_186' title='bbox 2392 1216 2539 1286; x_wconf 86' lang='lat' dir='ltr'><strong>regni</strong></span> <span class='ocrx_word' id='word_1_187' title='bbox 2565 1216 2682 1282; x_wconf 83' lang='lat' dir='ltr'><strong>ejus</strong></span> <span class='ocrx_word' id='word_1_188' title='bbox 2714 1214 2907 1285; x_wconf 82' lang='lat' dir='ltr'><strong>gaudio</strong></span> <span class='ocrx_word' id='word_1_189' title='bbox 2935 1216 3312 1273; x_wconf 77' lang='lat' dir='ltr'><strong>excluduntur.</strong></span> 
     </span>
    </p>
   </div>
   <div class='ocr_carea' id='block_1_27' title="bbox 2206 1310 3710 1380">
    <p class='ocr_par' dir='ltr' id='par_1_27' title="bbox 2206 1310 3710 1380">
     <span class='ocr_line' id='line_1_27' title="bbox 2206 1310 3710 1380; baseline 0.001 -15"><span class='ocrx_word' id='word_1_190' title='bbox 2206 1312 2327 1367; x_wconf 86' lang='lat' dir='ltr'><strong>l99.</strong></span> <span class='ocrx_word' id='word_1_191' title='bbox 2374 1311 2544 1365; x_wconf 88' lang='lat' dir='ltr'><strong>llonto</strong></span> <span class='ocrx_word' id='word_1_192' title='bbox 2574 1326 2797 1380; x_wconf 81' lang='lat' dir='ltr'><strong>peregre</strong></span> <span class='ocrx_word' id='word_1_193' title='bbox 2828 1310 3189 1379; x_wconf 87' lang='lat' dir='ltr'><strong>proliciscens,</strong></span> <span class='ocrx_word' id='word_1_194' title='bbox 3214 1311 3302 1380; x_wconf 92' lang='lat' dir='ltr'><strong>qui</strong></span> <span class='ocrx_word' id='word_1_195' title='bbox 3327 1310 3541 1365; x_wconf 89' lang='lat' dir='ltr'><strong>tradidit</strong></span> <span class='ocrx_word' id='word_1_196' title='bbox 3570 1310 3710 1367; x_wconf 85' lang='lat' dir='ltr'><strong>bona</strong></span> 
     </span>
    </p>
   </div>
   <div class='ocr_carea' id='block_1_28' title="bbox 2129 1399 3712 1471">
    <p class='ocr_par' dir='ltr' id='par_1_28' title="bbox 2129 1399 3712 1471">
     <span class='ocr_line' id='line_1_28' title="bbox 2129 1399 3712 1471; baseline -0.001 -12"><span class='ocrx_word' id='word_1_197' title='bbox 2129 1419 2223 1460; x_wconf 88' lang='lat' dir='ltr'><strong>sua</strong></span> <span class='ocrx_word' id='word_1_198' title='bbox 2252 1404 2422 1458; x_wconf 86' lang='lat' dir='ltr'><strong>servis</strong></span> <span class='ocrx_word' id='word_1_199' title='bbox 2452 1402 2561 1455; x_wconf 84' lang='lat' dir='ltr'><strong>suis</strong></span> <span class='ocrx_word' id='word_1_200' title='bbox 2596 1400 2814 1470; x_wconf 82' lang='lat' dir='ltr'><strong>(Ibid.),</strong></span> <span class='ocrx_word' id='word_1_201' title='bbox 2847 1399 3090 1455; x_wconf 88' lang='lat' dir='ltr'><strong>Christus</strong></span> <span class='ocrx_word' id='word_1_202' title='bbox 3120 1412 3233 1467; x_wconf 88' lang='lat' dir='ltr'><strong>est,</strong></span> <span class='ocrx_word' id='word_1_203' title='bbox 3259 1403 3347 1470; x_wconf 87' lang='lat' dir='ltr'><strong>qui</strong></span> <span class='ocrx_word' id='word_1_204' title='bbox 3381 1411 3498 1471; x_wconf 89' lang='lat' dir='ltr'><strong>post</strong></span> <span class='ocrx_word' id='word_1_205' title='bbox 3528 1417 3712 1457; x_wconf 90' lang='lat' dir='ltr'><strong>resur-</strong></span> 
     </span>
    </p>
   </div>
   <div class='ocr_carea' id='block_1_29' title="bbox 2130 1496 3712 1567">
    <p class='ocr_par' dir='ltr' id='par_1_29' title="bbox 2130 1496 3712 1567">
     <span class='ocr_line' id='line_1_29' title="bbox 2130 1496 3712 1567; baseline 0 -14"><span class='ocrx_word' id='word_1_206' title='bbox 2130 1502 2425 1555; x_wconf 88' lang='lat' dir='ltr'><strong>rectionem</strong></span> <span class='ocrx_word' id='word_1_207' title='bbox 2464 1514 2612 1551; x_wconf 85' lang='lat' dir='ltr'><strong>suam</strong></span> <span class='ocrx_word' id='word_1_208' title='bbox 2642 1499 2707 1551; x_wconf 86' lang='lat' dir='ltr'><strong>ad</strong></span> <span class='ocrx_word' id='word_1_209' title='bbox 2740 1498 2904 1552; x_wconf 63' lang='lat' dir='ltr'><strong>malos</strong></span> <span class='ocrx_word' id='word_1_210' title='bbox 2934 1496 3274 1567; x_wconf 81' lang='lat' dir='ltr'><strong>regrediens,</strong></span> <span class='ocrx_word' id='word_1_211' title='bbox 3311 1499 3528 1563; x_wconf 80' lang='lat' dir='ltr'><strong>tradidit</strong></span> <span class='ocrx_word' id='word_1_212' title='bbox 3551 1514 3712 1553; x_wconf 87' lang='lat' dir='ltr'><strong>evan-</strong></span> 
     </span>
    </p>
   </div>
   <div class='ocr_carea' id='block_1_30' title="bbox 2129 1588 3713 1662">
    <p class='ocr_par' dir='ltr' id='par_1_30' title="bbox 2129 1588 3713 1662">
     <span class='ocr_line' id='line_1_30' title="bbox 2129 1588 3713 1662; baseline -0.003 -15"><span class='ocrx_word' id='word_1_213' title='bbox 2129 1592 2348 1662; x_wconf 76' lang='lat' dir='ltr'><strong>gelicmi</strong></span> <span class='ocrx_word' id='word_1_214' title='bbox 2378 1590 2603 1660; x_wconf 83' lang='lat' dir='ltr'><strong>gratiam</strong></span> <span class='ocrx_word' id='word_1_215' title='bbox 2656 1588 2974 1659; x_wconf 76' lang='lat' dir='ltr'><strong>evangelicis</strong></span> <span class='ocrx_word' id='word_1_216' title='bbox 3011 1588 3430 1657; x_wconf 86' lang='lat' dir='ltr'><strong>negotiatoribus</strong></span> <span class='ocrx_word' id='word_1_217' title='bbox 3471 1589 3713 1643; x_wconf 76' lang='lat' dir='ltr'><strong>laueran-</strong></span> 
     </span>
    </p>
   </div>
   <div class='ocr_carea' id='block_1_31' title="bbox 2130 1680 3712 1753">
    <p class='ocr_par' dir='ltr' id='par_1_31' title="bbox 2130 1680 3712 1753">
     <span class='ocr_line' id='line_1_31' title="bbox 2130 1680 3712 1753; baseline 0 -16"><span class='ocrx_word' id='word_1_218' title='bbox 2130 1683 2275 1740; x_wconf 89' lang='lat' dir='ltr'><strong>dam.</strong></span> <span class='ocrx_word' id='word_1_219' title='bbox 2321 1684 2425 1740; x_wconf 88' lang='lat' dir='ltr'><strong>Sed</strong></span> <span class='ocrx_word' id='word_1_220' title='bbox 2472 1683 2671 1753; x_wconf 87' lang='lat' dir='ltr'><strong>primus</strong></span> <span class='ocrx_word' id='word_1_221' title='bbox 2713 1697 2903 1737; x_wconf 89' lang='lat' dir='ltr'><strong>servus</strong></span> <span class='ocrx_word' id='word_1_222' title='bbox 2956 1684 3007 1737; x_wconf 91' lang='lat' dir='ltr'><strong>in</strong></span> <span class='ocrx_word' id='word_1_223' title='bbox 3067 1680 3299 1753; x_wconf 88' lang='lat' dir='ltr'><strong>quinque</strong></span> <span class='ocrx_word' id='word_1_224' title='bbox 3346 1683 3561 1737; x_wconf 86' lang='lat' dir='ltr'><strong>talentis</strong></span> <span class='ocrx_word' id='word_1_225' title='bbox 3607 1680 3712 1737; x_wconf 86' lang='lat' dir='ltr'><strong>sibi</strong></span> 
     </span>
    </p>
   </div>
   <div class='ocr_carea' id='block_1_32' title="bbox 434 1758 3716 1846">
    <p class='ocr_par' dir='ltr' id='par_1_32' title="bbox 434 1758 3716 1846">
     <span class='ocr_line' id='line_1_32' title="bbox 434 1758 3716 1846; baseline -0.001 -15"><span class='ocrx_word' id='word_1_226' title='bbox 434 1775 594 1844; x_wconf 68' lang='lat' dir='ltr'><strong>iubet</strong></span> <span class='ocrx_word' id='word_1_227' title='bbox 628 1778 802 1833; x_wconf 79' lang='lat' dir='ltr'><strong>servis</strong></span> <span class='ocrx_word' id='word_1_228' title='bbox 848 1778 1088 1835; x_wconf 83' lang='lat' dir='ltr'><strong>ablatum</strong></span> <span class='ocrx_word' id='word_1_229' title='bbox 1136 1779 1277 1835; x_wconf 85' lang='lat' dir='ltr'><strong>mitti</strong></span> <span class='ocrx_word' id='word_1_230' title='bbox 1322 1781 1376 1834; x_wconf 79' lang='lat' dir='ltr'><strong>in</strong></span> <span class='ocrx_word' id='word_1_231' title='bbox 1438 1778 1687 1834; x_wconf 74' lang='lat' dir='ltr'><strong>tenebras</strong></span> <span class='ocrx_word' id='word_1_232' title='bbox 1733 1777 2028 1831; x_wconf 76' lang='lat' dir='ltr'><strong>exteriores</strong></span> <span class='ocrx_word' id='word_1_233' title='bbox 2054 1758 2104 1818; x_wconf 80' lang='grc' dir='ltr'><strong>Β</strong></span> <span class='ocrx_word' id='word_1_234' title='bbox 2133 1775 2274 1831; x_wconf 88' lang='lat' dir='ltr'><strong>datis</strong></span> <span class='ocrx_word' id='word_1_235' title='bbox 2307 1777 2541 1846; x_wconf 87' lang='lat' dir='ltr'><strong>quinque</strong></span> <span class='ocrx_word' id='word_1_236' title='bbox 2588 1773 2755 1830; x_wconf 89' lang='lat' dir='ltr'><strong>libros</strong></span> <span class='ocrx_word' id='word_1_237' title='bbox 2786 1774 2922 1845; x_wconf 88' lang='lat' dir='ltr'><strong>legis</strong></span> <span class='ocrx_word' id='word_1_238' title='bbox 2962 1774 3191 1843; x_wconf 87' lang='lat' dir='ltr'><strong>accepit,</strong></span> <span class='ocrx_word' id='word_1_239' title='bbox 3222 1773 3363 1844; x_wconf 81' lang='lat' dir='ltr'><strong>quod</strong></span> <span class='ocrx_word' id='word_1_240' title='bbox 3394 1772 3631 1829; x_wconf 85' lang='lat' dir='ltr'><strong>doctrina</strong></span> <span class='ocrx_word' id='word_1_241' title='bbox 3658 1780 3716 1829; x_wconf 88' lang='lat' dir='ltr'><strong>et</strong></span> 
     </span>
    </p>
   </div>
   <div class='ocr_carea' id='block_1_33' title="bbox 434 1864 2029 1942">
    <p class='ocr_par' dir='ltr' id='par_1_33' title="bbox 434 1864 2029 1942">
     <span class='ocr_line' id='line_1_33' title="bbox 434 1864 2029 1942; baseline 0.001 -22"><span class='ocrx_word' id='word_1_242' title='bbox 434 1864 652 1937; x_wconf 50' lang='lat' dir='ltr'><strong>(Ibit),</strong></span> <span class='ocrx_word' id='word_1_243' title='bbox 700 1868 793 1925; x_wconf 82' lang='lat' dir='ltr'><strong>ille</strong></span> <span class='ocrx_word' id='word_1_244' title='bbox 830 1878 915 1926; x_wconf 86' lang='lat' dir='ltr'><strong>est</strong></span> <span class='ocrx_word' id='word_1_245' title='bbox 938 1872 1028 1942; x_wconf 88' lang='lat' dir='ltr'><strong>qui</strong></span> <span class='ocrx_word' id='word_1_246' title='bbox 1058 1873 1112 1926; x_wconf 83' lang='lat' dir='ltr'><strong>iu</strong></span> <span class='ocrx_word' id='word_1_247' title='bbox 1158 1872 1263 1927; x_wconf 77' lang='lat' dir='ltr'><strong>tide</strong></span> <span class='ocrx_word' id='word_1_248' title='bbox 1288 1870 1505 1941; x_wconf 68' lang='lat' dir='ltr'><strong>quidem</strong></span> <span class='ocrx_word' id='word_1_249' title='bbox 1550 1885 1669 1924; x_wconf 85' lang='lat' dir='ltr'><strong>cum</strong></span> <span class='ocrx_word' id='word_1_250' title='bbox 1704 1870 1910 1924; x_wconf 68' lang='lat' dir='ltr'><strong>caeteris</strong></span> <span class='ocrx_word' id='word_1_251' title='bbox 1943 1883 2029 1923; x_wconf 88' lang='lat' dir='ltr'><strong>re-</strong></span> 
     </span>
    </p>
   </div>
   <div class='ocr_carea' id='block_1_34' title="bbox 434 1960 2026 2033">
    <p class='ocr_par' dir='ltr' id='par_1_34' title="bbox 434 1960 2026 2033">
     <span class='ocr_line' id='line_1_34' title="bbox 434 1960 2026 2033; baseline 0.001 -18"><span class='ocrx_word' id='word_1_252' title='bbox 434 1960 699 2030; x_wconf 73' lang='lat' dir='ltr'><strong>quiescit;</strong></span> <span class='ocrx_word' id='word_1_253' title='bbox 740 1963 835 2018; x_wconf 89' lang='lat' dir='ltr'><strong>sed</strong></span> <span class='ocrx_word' id='word_1_254' title='bbox 874 1964 924 2018; x_wconf 79' lang='lat' dir='ltr'><strong>si</strong></span> <span class='ocrx_word' id='word_1_255' title='bbox 967 1967 1211 2021; x_wconf 79' lang='lat' dir='ltr'><strong>inventus</strong></span> <span class='ocrx_word' id='word_1_256' title='bbox 1240 1966 1399 2021; x_wconf 72' lang='lat' dir='ltr'><strong>fuerit</strong></span> <span class='ocrx_word' id='word_1_257' title='bbox 1430 1966 1482 2019; x_wconf 79' lang='lat' dir='ltr'><strong>in</strong></span> <span class='ocrx_word' id='word_1_258' title='bbox 1508 1966 1595 2019; x_wconf 83' lang='lat' dir='ltr'><strong>die</strong></span> <span class='ocrx_word' id='word_1_259' title='bbox 1617 1964 1799 2033; x_wconf 85' lang='lat' dir='ltr'><strong>judicii</strong></span> <span class='ocrx_word' id='word_1_260' title='bbox 1822 1971 2026 2017; x_wconf 84' lang='lat' dir='ltr'><strong>vestem</strong></span> 
     </span>
    </p>
   </div>
   <div class='ocr_carea' id='block_1_35' title="bbox 436 2058 2025 2130">
    <p class='ocr_par' dir='ltr' id='par_1_35' title="bbox 436 2058 2025 2130">
     <span class='ocr_line' id='line_1_35' title="bbox 436 2058 2025 2130; baseline 0.002 -18"><span class='ocrx_word' id='word_1_261' title='bbox 436 2058 624 2112; x_wconf 82' lang='lat' dir='ltr'><strong>carnis</strong></span> <span class='ocrx_word' id='word_1_262' title='bbox 650 2058 849 2115; x_wconf 84' lang='lat' dir='ltr'><strong>habere</strong></span> <span class='ocrx_word' id='word_1_263' title='bbox 878 2061 1136 2130; x_wconf 79' lang='lat' dir='ltr'><strong>pollutam</strong></span> <span class='ocrx_word' id='word_1_264' title='bbox 1159 2102 1174 2127; x_wconf 91' lang='lat'><strong>,</strong></span> <span class='ocrx_word' id='word_1_265' title='bbox 1206 2062 1489 2118; x_wconf 78' lang='lat' dir='ltr'><strong>confestim</strong></span> <span class='ocrx_word' id='word_1_266' title='bbox 1518 2061 1735 2130; x_wconf 71' lang='lat' dir='ltr'><strong>iubetur</strong></span> <span class='ocrx_word' id='word_1_267' title='bbox 1763 2063 1831 2115; x_wconf 87' lang='lat' dir='ltr'><strong>ab</strong></span> <span class='ocrx_word' id='word_1_268' title='bbox 1857 2075 2025 2129; x_wconf 81' lang='lat' dir='ltr'><strong>ange-</strong></span> 
     </span>
    </p>
   </div>
   <div class='ocr_carea' id='block_1_36' title="bbox 440 2146 1746 2226">
    <p class='ocr_par' dir='ltr' id='par_1_36' title="bbox 440 2146 1746 2226">
     <span class='ocr_line' id='line_1_36' title="bbox 440 2146 1746 2226; baseline 0.005 -24"><span class='ocrx_word' id='word_1_269' title='bbox 440 2146 510 2203; x_wconf 85' lang='lat' dir='ltr'><strong>lis</strong></span> <span class='ocrx_word' id='word_1_270' title='bbox 530 2148 665 2215; x_wconf 88' lang='lat' dir='ltr'><strong>tolli,</strong></span> <span class='ocrx_word' id='word_1_271' title='bbox 688 2161 749 2207; x_wconf 80' lang='lat' dir='ltr'><strong>et</strong></span> <span class='ocrx_word' id='word_1_272' title='bbox 771 2154 941 2223; x_wconf 81' lang='lat' dir='ltr'><strong>mergi</strong></span> <span class='ocrx_word' id='word_1_273' title='bbox 970 2154 1021 2208; x_wconf 90' lang='lat' dir='ltr'><strong>in</strong></span> <span class='ocrx_word' id='word_1_274' title='bbox 1051 2154 1350 2224; x_wconf 81' lang='lat' dir='ltr'><strong>gehennam</strong></span> <span class='ocrx_word' id='word_1_275' title='bbox 1377 2154 1513 2226; x_wconf 82' lang='lat' dir='ltr'><strong>ignis</strong></span> <span class='ocrx_word' id='word_1_276' title='bbox 1536 2154 1746 2209; x_wconf 80' lang='lat' dir='ltr'><strong>:eterni.</strong></span> 
     </span>
    </p>
   </div>
   <div class='ocr_carea' id='block_1_37' title="bbox 511 2237 2029 2315">
    <p class='ocr_par' dir='ltr' id='par_1_37' title="bbox 511 2237 2029 2315">
     <span class='ocr_line' id='line_1_37' title="bbox 511 2237 2029 2315; baseline 0.006 -26"><span class='ocrx_word' id='word_1_277' title='bbox 511 2237 635 2293; x_wconf 76' lang='grc'><strong>192.</strong></span> <span class='ocrx_word' id='word_1_278' title='bbox 670 2239 787 2296; x_wconf 88' lang='lat' dir='ltr'><strong>Duo</strong></span> <span class='ocrx_word' id='word_1_279' title='bbox 811 2241 1109 2310; x_wconf 82' lang='lat' dir='ltr'><strong>debitores,</strong></span> <span class='ocrx_word' id='word_1_280' title='bbox 1141 2259 1208 2299; x_wconf 76' lang='lat' dir='ltr'><strong>ex</strong></span> <span class='ocrx_word' id='word_1_281' title='bbox 1236 2244 1429 2315; x_wconf 86' lang='lat' dir='ltr'><strong>quibus</strong></span> <span class='ocrx_word' id='word_1_282' title='bbox 1459 2260 1596 2300; x_wconf 87' lang='lat' dir='ltr'><strong>unus</strong></span> <span class='ocrx_word' id='word_1_283' title='bbox 1622 2244 1856 2298; x_wconf 72' lang='lat' dir='ltr'><strong>debebat</strong></span> <span class='ocrx_word' id='word_1_284' title='bbox 1882 2243 2029 2298; x_wconf 75' lang='lat' dir='ltr'><strong>lene-</strong></span> 
     </span>
    </p>
   </div>
   <div class='ocr_carea' id='block_1_38' title="bbox 434 2330 2027 2407">
    <p class='ocr_par' dir='ltr' id='par_1_38' title="bbox 434 2330 2027 2407">
     <span class='ocr_line' id='line_1_38' title="bbox 434 2330 2027 2407; baseline 0.004 -24"><span class='ocrx_word' id='word_1_285' title='bbox 434 2330 611 2385; x_wconf 78' lang='lat' dir='ltr'><strong>ratori</strong></span> <span class='ocrx_word' id='word_1_286' title='bbox 654 2330 907 2390; x_wconf 83' lang='lat' dir='ltr'><strong>denarios</strong></span> <span class='ocrx_word' id='word_1_287' title='bbox 956 2337 1313 2407; x_wconf 84' lang='lat' dir='ltr'><strong>quingentos,</strong></span> <span class='ocrx_word' id='word_1_288' title='bbox 1377 2345 1433 2391; x_wconf 85' lang='lat' dir='ltr'><strong>et</strong></span> <span class='ocrx_word' id='word_1_289' title='bbox 1477 2337 1612 2390; x_wconf 86' lang='lat' dir='ltr'><strong>alter</strong></span> <span class='ocrx_word' id='word_1_290' title='bbox 1647 2335 2027 2404; x_wconf 85' lang='lat' dir='ltr'><strong>quinquaginta</strong></span> 
     </span>
    </p>
   </div>
   <div class='ocr_carea' id='block_1_39' title="bbox 436 2420 2026 2497">
    <p class='ocr_par' dir='ltr' id='par_1_39' title="bbox 436 2420 2026 2497">
     <span class='ocr_line' id='line_1_39' title="bbox 436 2420 2026 2497; baseline 0.001 -18"><span class='ocrx_word' id='word_1_291' title='bbox 436 2420 595 2493; x_wconf 78' lang='lat' dir='ltr'><strong>(Luc.</strong></span> <span class='ocrx_word' id='word_1_292' title='bbox 628 2424 771 2495; x_wconf 76' lang='lat' dir='ltr'><strong>vat),</strong></span> <span class='ocrx_word' id='word_1_293' title='bbox 817 2426 1119 2497; x_wconf 79' lang='lat' dir='ltr'><strong>signiﬁcant</strong></span> <span class='ocrx_word' id='word_1_294' title='bbox 1164 2438 1449 2497; x_wconf 80' lang='lat' dir='ltr'><strong>utrumque</strong></span> <span class='ocrx_word' id='word_1_295' title='bbox 1497 2427 1772 2497; x_wconf 82' lang='lat' dir='ltr'><strong>populum,</strong></span> <span class='ocrx_word' id='word_1_296' title='bbox 1815 2426 2026 2481; x_wconf 65' lang='lat' dir='ltr'><strong>Judaeu-</strong></span> 
     </span>
    </p>
   </div>
   <div class='ocr_carea' id='block_1_40' title="bbox 440 2514 2028 2589">
    <p class='ocr_par' dir='ltr' id='par_1_40' title="bbox 440 2514 2028 2589">
     <span class='ocr_line' id='line_1_40' title="bbox 440 2514 2028 2589; baseline 0.001 -20"><span class='ocrx_word' id='word_1_297' title='bbox 440 2526 591 2581; x_wconf 80' lang='lat' dir='ltr'><strong>rum,</strong></span> <span class='ocrx_word' id='word_1_298' title='bbox 623 2514 831 2570; x_wconf 78' lang='lat' dir='ltr'><strong>scilicet</strong></span> <span class='ocrx_word' id='word_1_299' title='bbox 856 2556 870 2583; x_wconf 91' lang='lat'><strong>,</strong></span> <span class='ocrx_word' id='word_1_300' title='bbox 920 2525 979 2572; x_wconf 85' lang='lat' dir='ltr'><strong>et</strong></span> <span class='ocrx_word' id='word_1_301' title='bbox 1000 2519 1277 2586; x_wconf 86' lang='lat' dir='ltr'><strong>gentium,</strong></span> <span class='ocrx_word' id='word_1_302' title='bbox 1320 2533 1384 2571; x_wconf 84' lang='lat' dir='ltr'><strong>ex</strong></span> <span class='ocrx_word' id='word_1_303' title='bbox 1412 2518 1607 2589; x_wconf 81' lang='lat' dir='ltr'><strong>quibus</strong></span> <span class='ocrx_word' id='word_1_304' title='bbox 1634 2518 1724 2572; x_wconf 86' lang='lat' dir='ltr'><strong>ille</strong></span> <span class='ocrx_word' id='word_1_305' title='bbox 1750 2518 1842 2587; x_wconf 87' lang='lat' dir='ltr'><strong>qui</strong></span> <span class='ocrx_word' id='word_1_306' title='bbox 1868 2517 2028 2585; x_wconf 87' lang='lat' dir='ltr'><strong>quiu-</strong></span> 
     </span>
    </p>
   </div>
   <div class='ocr_carea' id='block_1_41' title="bbox 430 2608 2023 2681">
    <p class='ocr_par' dir='ltr' id='par_1_41' title="bbox 430 2608 2023 2681">
     <span class='ocr_line' id='line_1_41' title="bbox 430 2608 2023 2681; baseline -0.011 -1"><span class='ocrx_word' id='word_1_307' title='bbox 430 2608 694 2678; x_wconf 59' lang='lat' dir='ltr'><strong>simsim-</strong></span> <span class='ocrx_word' id='word_1_308' title='bbox 725 2610 975 2665; x_wconf 67' lang='lat' dir='ltr'><strong>denarios</strong></span> <span class='ocrx_word' id='word_1_309' title='bbox 1025 2610 1210 2666; x_wconf 70' lang='lat' dir='ltr'><strong>debuit</strong></span> <span class='ocrx_word' id='word_1_310' title='bbox 1238 2609 1545 2666; x_wconf 64' lang='lat' dir='ltr'><strong>intimorum</strong></span> <span class='ocrx_word' id='word_1_311' title='bbox 1579 2619 1759 2681; x_wconf 83' lang='lat' dir='ltr'><strong>typum</strong></span> <span class='ocrx_word' id='word_1_312' title='bbox 1792 2609 2023 2676; x_wconf 67' lang='lat' dir='ltr'><strong>habuit;</strong></span> 
     </span>
    </p>
   </div>
   <div class='ocr_carea' id='block_1_42' title="bbox 440 2700 2025 2775">
    <p class='ocr_par' dir='ltr' id='par_1_42' title="bbox 440 2700 2025 2775">
     <span class='ocr_line' id='line_1_42' title="bbox 440 2700 2025 2775; baseline 0.001 -19"><span class='ocrx_word' id='word_1_313' title='bbox 440 2700 531 2756; x_wconf 90' lang='lat' dir='ltr'><strong>ille</strong></span> <span class='ocrx_word' id='word_1_314' title='bbox 554 2718 681 2757; x_wconf 87' lang='lat' dir='ltr'><strong>vero</strong></span> <span class='ocrx_word' id='word_1_315' title='bbox 702 2704 797 2773; x_wconf 86' lang='lat' dir='ltr'><strong>qui</strong></span> <span class='ocrx_word' id='word_1_316' title='bbox 829 2702 986 2775; x_wconf 60' lang='grc' dir='ltr'><strong>ια</strong></span> <span class='ocrx_word' id='word_1_317' title='bbox 1011 2705 1332 2775; x_wconf 83' lang='lat' dir='ltr'><strong>quingentos</strong></span> <span class='ocrx_word' id='word_1_318' title='bbox 1359 2745 1375 2771; x_wconf 92' lang='lat'><strong>,</strong></span> <span class='ocrx_word' id='word_1_319' title='bbox 1406 2704 1646 2774; x_wconf 84' lang='lat' dir='ltr'><strong>gentium</strong></span> <span class='ocrx_word' id='word_1_320' title='bbox 1680 2704 1899 2773; x_wconf 79' lang='lat' dir='ltr'><strong>ﬁguram</strong></span> <span class='ocrx_word' id='word_1_321' title='bbox 1924 2716 2025 2757; x_wconf 80' lang='lat' dir='ltr'><strong>cx-</strong></span> 
     </span>
    </p>
   </div>
   <div class='ocr_carea' id='block_1_43' title="bbox 440 2793 2023 2865">
    <p class='ocr_par' dir='ltr' id='par_1_43' title="bbox 440 2793 2023 2865">
     <span class='ocr_line' id='line_1_43' title="bbox 440 2793 2023 2865; baseline -0.002 -17"><span class='ocrx_word' id='word_1_322' title='bbox 440 2793 655 2860; x_wconf 76' lang='lat' dir='ltr'><strong>prcssit,</strong></span> <span class='ocrx_word' id='word_1_323' title='bbox 686 2795 776 2863; x_wconf 85' lang='lat' dir='ltr'><strong>qui</strong></span> <span class='ocrx_word' id='word_1_324' title='bbox 809 2796 877 2848; x_wconf 85' lang='lat' dir='ltr'><strong>ab</strong></span> <span class='ocrx_word' id='word_1_325' title='bbox 902 2795 1054 2849; x_wconf 77' lang='lat' dir='ltr'><strong>initio</strong></span> <span class='ocrx_word' id='word_1_326' title='bbox 1081 2796 1262 2850; x_wconf 81' lang='lat' dir='ltr'><strong>mundi</strong></span> <span class='ocrx_word' id='word_1_327' title='bbox 1280 2795 1496 2851; x_wconf 82' lang='lat' dir='ltr'><strong>debitor</strong></span> <span class='ocrx_word' id='word_1_328' title='bbox 1523 2810 1738 2865; x_wconf 79' lang='lat' dir='ltr'><strong>semper</strong></span> <span class='ocrx_word' id='word_1_329' title='bbox 1767 2795 2023 2862; x_wconf 77' lang='lat' dir='ltr'><strong>existens,</strong></span> 
     </span>
    </p>
   </div>
   <div class='ocr_carea' id='block_1_44' title="bbox 404 2882 2021 2958">
    <p class='ocr_par' dir='ltr' id='par_1_44' title="bbox 404 2882 2021 2958">
     <span class='ocr_line' id='line_1_44' title="bbox 404 2882 2021 2958; baseline 0.001 -20"><span class='ocrx_word' id='word_1_330' title='bbox 404 2882 849 2955; x_wconf 67' lang='lat' dir='ltr'><strong>chirographum</strong></span> <span class='ocrx_word' id='word_1_331' title='bbox 900 2888 1103 2956; x_wconf 79' lang='lat' dir='ltr'><strong>peccati</strong></span> <span class='ocrx_word' id='word_1_332' title='bbox 1152 2903 1246 2955; x_wconf 86' lang='lat' dir='ltr'><strong>per</strong></span> <span class='ocrx_word' id='word_1_333' title='bbox 1292 2887 1659 2958; x_wconf 61' lang='lat' dir='ltr'><strong>penitentiam</strong></span> <span class='ocrx_word' id='word_1_334' title='bbox 1693 2901 1796 2941; x_wconf 79' lang='lat' dir='ltr'><strong>non</strong></span> <span class='ocrx_word' id='word_1_335' title='bbox 1836 2885 2021 2939; x_wconf 81' lang='lat' dir='ltr'><strong>solvit.</strong></span> 
     </span>
    </p>
   </div>
   <div class='ocr_carea' id='block_1_45' title="bbox 420 2972 2024 3047">
    <p class='ocr_par' dir='ltr' id='par_1_45' title="bbox 420 2972 2024 3047">
     <span class='ocr_line' id='line_1_45' title="bbox 420 2972 2024 3047; baseline 0.001 -18"><span class='ocrx_word' id='word_1_336' title='bbox 420 2972 779 3039; x_wconf 19' lang='lat' dir='ltr'><strong>,Adveuieate</strong></span> <span class='ocrx_word' id='word_1_337' title='bbox 813 2977 994 3047; x_wconf 83' lang='lat' dir='ltr'><strong>itaque</strong></span> <span class='ocrx_word' id='word_1_338' title='bbox 1044 2978 1283 3045; x_wconf 66' lang='lat' dir='ltr'><strong>Christo,</strong></span> <span class='ocrx_word' id='word_1_339' title='bbox 1320 2978 1535 3032; x_wconf 73' lang='lat' dir='ltr'><strong>tandem</strong></span> <span class='ocrx_word' id='word_1_340' title='bbox 1568 2977 1830 3045; x_wconf 78' lang='lat' dir='ltr'><strong>credidit,</strong></span> <span class='ocrx_word' id='word_1_341' title='bbox 1864 2986 2024 3045; x_wconf 76' lang='lat' dir='ltr'><strong>atque</strong></span> 
     </span>
    </p>
   </div>
   <div class='ocr_carea' id='block_1_46' title="bbox 430 3069 2021 3141">
    <p class='ocr_par' dir='ltr' id='par_1_46' title="bbox 430 3069 2021 3141">
     <span class='ocr_line' id='line_1_46' title="bbox 430 3069 2021 3141; baseline -0.003 -14"><span class='ocrx_word' id='word_1_342' title='bbox 430 3069 746 3127; x_wconf 49' lang='lat' dir='ltr'><strong>Cerialem</strong></span> <span class='ocrx_word' id='word_1_343' title='bbox 775 3073 1163 3128; x_wconf 75' lang='lat' dir='ltr'><strong>tttiserieordia:</strong></span> <span class='ocrx_word' id='word_1_344' title='bbox 1190 3072 1426 3128; x_wconf 68' lang='lat' dir='ltr'><strong>fructum</strong></span> <span class='ocrx_word' id='word_1_345' title='bbox 1455 3073 1701 3141; x_wconf 90' lang='lat' dir='ltr'><strong>accepit,</strong></span> <span class='ocrx_word' id='word_1_346' title='bbox 1727 3071 1869 3126; x_wconf 85' lang='lat' dir='ltr'><strong>unde</strong></span> <span class='ocrx_word' id='word_1_347' title='bbox 1898 3071 2021 3140; x_wconf 85' lang='lat' dir='ltr'><strong>quia</strong></span> 
     </span>
    </p>
   </div>
   <div class='ocr_carea' id='block_1_47' title="bbox 2135 1864 3335 1940">
    <p class='ocr_par' dir='ltr' id='par_1_47' title="bbox 2135 1864 3335 1940">
     <span class='ocr_line' id='line_1_47' title="bbox 2135 1864 3335 1940; baseline -0.003 -15"><span class='ocrx_word' id='word_1_348' title='bbox 2135 1886 2298 1940; x_wconf 91' lang='lat' dir='ltr'><strong>opere</strong></span> <span class='ocrx_word' id='word_1_349' title='bbox 2327 1870 2513 1925; x_wconf 87' lang='lat' dir='ltr'><strong>decem</strong></span> <span class='ocrx_word' id='word_1_350' title='bbox 2550 1878 2935 1939; x_wconf 66' lang='lat' dir='ltr'><strong>prmeeptorum</strong></span> <span class='ocrx_word' id='word_1_351' title='bbox 2976 1864 3335 1937; x_wconf 80' lang='lat' dir='ltr'><strong>ampliﬁcavit.</strong></span> 
     </span>
    </p>
   </div>
   <div class='ocr_carea' id='block_1_48' title="bbox 2202 1957 3718 2029">
    <p class='ocr_par' dir='ltr' id='par_1_48' title="bbox 2202 1957 3718 2029">
     <span class='ocr_line' id='line_1_48' title="bbox 2202 1957 3718 2029; baseline 0 -14"><span class='ocrx_word' id='word_1_352' title='bbox 2202 1962 2332 2016; x_wconf 70' lang='lat'><strong>200.</strong></span> <span class='ocrx_word' id='word_1_353' title='bbox 2378 1962 2528 2015; x_wconf 80' lang='lat' dir='ltr'><strong>Alius</strong></span> <span class='ocrx_word' id='word_1_354' title='bbox 2576 1960 2787 2015; x_wconf 80' lang='lat' dir='ltr'><strong>duobus</strong></span> <span class='ocrx_word' id='word_1_355' title='bbox 2836 1958 3053 2013; x_wconf 83' lang='lat' dir='ltr'><strong>talentis</strong></span> <span class='ocrx_word' id='word_1_356' title='bbox 3096 1958 3204 2013; x_wconf 86' lang='lat' dir='ltr'><strong>duo</strong></span> <span class='ocrx_word' id='word_1_357' title='bbox 3230 1957 3573 2014; x_wconf 80' lang='lat' dir='ltr'><strong>Testamenta</strong></span> <span class='ocrx_word' id='word_1_358' title='bbox 3598 1972 3718 2029; x_wconf 84' lang='lat' dir='ltr'><strong>pro-</strong></span> 
     </span>
    </p>
   </div>
   <div class='ocr_carea' id='block_1_49' title="bbox 2126 2050 3715 2123">
    <p class='ocr_par' dir='ltr' id='par_1_49' title="bbox 2126 2050 3715 2123">
     <span class='ocr_line' id='line_1_49' title="bbox 2126 2050 3715 2123; baseline -0.007 -8"><span class='ocrx_word' id='word_1_359' title='bbox 2126 2056 2348 2121; x_wconf 85' lang='lat' dir='ltr'><strong>meruit,</strong></span> <span class='ocrx_word' id='word_1_360' title='bbox 2393 2067 2560 2123; x_wconf 78' lang='lat' dir='ltr'><strong>eaque</strong></span> <span class='ocrx_word' id='word_1_361' title='bbox 2612 2052 2769 2122; x_wconf 65' lang='lat'><strong>15.5</strong></span> <span class='ocrx_word' id='word_1_362' title='bbox 2812 2050 3007 2105; x_wconf 87' lang='lat' dir='ltr'><strong>morali</strong></span> <span class='ocrx_word' id='word_1_363' title='bbox 3056 2062 3120 2104; x_wconf 82' lang='lat' dir='ltr'><strong>ac</strong></span> <span class='ocrx_word' id='word_1_364' title='bbox 3158 2050 3387 2121; x_wconf 74' lang='lat' dir='ltr'><strong>mystico</strong></span> <span class='ocrx_word' id='word_1_365' title='bbox 3434 2065 3594 2107; x_wconf 73' lang='lat' dir='ltr'><strong>senisu</strong></span> <span class='ocrx_word' id='word_1_366' title='bbox 3624 2053 3715 2122; x_wconf 81' lang='lat' dir='ltr'><strong>pie</strong></span> 
     </span>
    </p>
   </div>
   <div class='ocr_carea' id='block_1_50' title="bbox 2131 2144 2837 2219">
    <p class='ocr_par' dir='ltr' id='par_1_50' title="bbox 2131 2144 2837 2219">
     <span class='ocr_line' id='line_1_50' title="bbox 2131 2144 2837 2219; baseline -0.016 -13"><span class='ocrx_word' id='word_1_367' title='bbox 2131 2147 2495 2219; x_wconf 77' lang='lat' dir='ltr'><strong>dispensanda</strong></span> <span class='ocrx_word' id='word_1_368' title='bbox 2525 2144 2837 2215; x_wconf 84' lang='lat' dir='ltr'><strong>duplicavit.</strong></span> 
     </span>
    </p>
   </div>
   <div class='ocr_carea' id='block_1_51' title="bbox 2200 2238 3715 2308">
    <p class='ocr_par' dir='ltr' id='par_1_51' title="bbox 2200 2238 3715 2308">
     <span class='ocr_line' id='line_1_51' title="bbox 2200 2238 3715 2308; baseline -0.003 -11"><span class='ocrx_word' id='word_1_369' title='bbox 2200 2243 2333 2297; x_wconf 69' lang='lat'><strong>9.01.</strong></span> <span class='ocrx_word' id='word_1_370' title='bbox 2372 2241 2616 2308; x_wconf 81' lang='lat' dir='ltr'><strong>Tertius,</strong></span> <span class='ocrx_word' id='word_1_371' title='bbox 2641 2239 2743 2293; x_wconf 86' lang='lat' dir='ltr'><strong>sub</strong></span> <span class='ocrx_word' id='word_1_372' title='bbox 2776 2239 2942 2308; x_wconf 81' lang='lat' dir='ltr'><strong>ﬁgura</strong></span> <span class='ocrx_word' id='word_1_373' title='bbox 2986 2252 3142 2292; x_wconf 76' lang='lat' dir='ltr'><strong>unius</strong></span> <span class='ocrx_word' id='word_1_374' title='bbox 3168 2238 3379 2303; x_wconf 75' lang='lat' dir='ltr'><strong>talenti,</strong></span> <span class='ocrx_word' id='word_1_375' title='bbox 3404 2238 3589 2307; x_wconf 73' lang='lat' dir='ltr'><strong>gratiae</strong></span> <span class='ocrx_word' id='word_1_376' title='bbox 3616 2238 3715 2294; x_wconf 83' lang='lat' dir='ltr'><strong>do-</strong></span> 
     </span>
    </p>
   </div>
   <div class='ocr_carea' id='block_1_52' title="bbox 2085 2330 3711 2415">
    <p class='ocr_par' dir='ltr' id='par_1_52' title="bbox 2085 2330 3711 2415">
     <span class='ocr_line' id='line_1_52' title="bbox 2085 2330 3711 2415; baseline -0.002 -24"><span class='ocrx_word' id='word_1_377' title='bbox 2085 2411 2088 2415; x_wconf 17' lang='grc' dir='ltr'><strong>ν</strong></span> <span class='ocrx_word' id='word_1_378' title='bbox 2133 2352 2257 2392; x_wconf 82' lang='lat' dir='ltr'><strong>num</strong></span> <span class='ocrx_word' id='word_1_379' title='bbox 2290 2347 2569 2404; x_wconf 83' lang='lat' dir='ltr'><strong>acceptum</strong></span> <span class='ocrx_word' id='word_1_380' title='bbox 2619 2334 2671 2386; x_wconf 92' lang='lat' dir='ltr'><strong>in</strong></span> <span class='ocrx_word' id='word_1_381' title='bbox 2716 2330 2944 2387; x_wconf 85' lang='lat' dir='ltr'><strong>terrenis</strong></span> <span class='ocrx_word' id='word_1_382' title='bbox 2992 2332 3353 2401; x_wconf 77' lang='lat' dir='ltr'><strong>voluptatibus</strong></span> <span class='ocrx_word' id='word_1_383' title='bbox 3380 2332 3711 2402; x_wconf 84' lang='lat' dir='ltr'><strong>obscuravit,</strong></span> 
     </span>
    </p>
   </div>
   <div class='ocr_carea' id='block_1_53' title="bbox 2131 2423 3713 2497">
    <p class='ocr_par' dir='ltr' id='par_1_53' title="bbox 2131 2423 3713 2497">
     <span class='ocr_line' id='line_1_53' title="bbox 2131 2423 3713 2497; baseline -0.001 -15"><span class='ocrx_word' id='word_1_384' title='bbox 2131 2425 2361 2497; x_wconf 91' lang='lat' dir='ltr'><strong>ideoque</strong></span> <span class='ocrx_word' id='word_1_385' title='bbox 2391 2426 2659 2496; x_wconf 72' lang='lat' dir='ltr'><strong>proiectus</strong></span> <span class='ocrx_word' id='word_1_386' title='bbox 2679 2430 2765 2479; x_wconf 88' lang='lat' dir='ltr'><strong>est</strong></span> <span class='ocrx_word' id='word_1_387' title='bbox 2798 2423 2853 2477; x_wconf 87' lang='lat' dir='ltr'><strong>in</strong></span> <span class='ocrx_word' id='word_1_388' title='bbox 2886 2423 3175 2488; x_wconf 76' lang='lat' dir='ltr'><strong>infernum,</strong></span> <span class='ocrx_word' id='word_1_389' title='bbox 3202 2423 3327 2493; x_wconf 87' lang='lat' dir='ltr'><strong>quia</strong></span> <span class='ocrx_word' id='word_1_390' title='bbox 3357 2424 3561 2480; x_wconf 81' lang='lat' dir='ltr'><strong>nullum</strong></span> <span class='ocrx_word' id='word_1_391' title='bbox 3589 2426 3713 2482; x_wconf 83' lang='lat' dir='ltr'><strong>inde</strong></span> 
     </span>
    </p>
   </div>
   <div class='ocr_carea' id='block_1_54' title="bbox 2130 2516 2766 2589">
    <p class='ocr_par' dir='ltr' id='par_1_54' title="bbox 2130 2516 2766 2589">
     <span class='ocr_line' id='line_1_54' title="bbox 2130 2516 2766 2589; baseline -0.009 -15"><span class='ocrx_word' id='word_1_392' title='bbox 2130 2528 2381 2589; x_wconf 86' lang='lat' dir='ltr'><strong>operatus</strong></span> <span class='ocrx_word' id='word_1_393' title='bbox 2410 2526 2491 2571; x_wconf 90' lang='lat' dir='ltr'><strong>est</strong></span> <span class='ocrx_word' id='word_1_394' title='bbox 2520 2516 2766 2571; x_wconf 79' lang='lat' dir='ltr'><strong>fructum.</strong></span> 
     </span>
    </p>
   </div>
   <div class='ocr_carea' id='block_1_55' title="bbox 2199 2606 3714 2676">
    <p class='ocr_par' dir='ltr' id='par_1_55' title="bbox 2199 2606 3714 2676">
     <span class='ocr_line' id='line_1_55' title="bbox 2199 2606 3714 2676; baseline -0.002 -12"><span class='ocrx_word' id='word_1_395' title='bbox 2199 2608 2327 2665; x_wconf 64' lang='lat'><strong>20%.</strong></span> <span class='ocrx_word' id='word_1_396' title='bbox 2371 2608 2471 2662; x_wconf 77' lang='lat' dir='ltr'><strong>Alii</strong></span> <span class='ocrx_word' id='word_1_397' title='bbox 2509 2608 2558 2660; x_wconf 90' lang='lat' dir='ltr'><strong>in</strong></span> <span class='ocrx_word' id='word_1_398' title='bbox 2593 2607 2768 2675; x_wconf 87' lang='lat' dir='ltr'><strong>primo</strong></span> <span class='ocrx_word' id='word_1_399' title='bbox 2786 2619 2943 2660; x_wconf 84' lang='lat' dir='ltr'><strong>servo</strong></span> <span class='ocrx_word' id='word_1_400' title='bbox 2961 2618 3151 2660; x_wconf 82' lang='lat' dir='ltr'><strong>sensus</strong></span> <span class='ocrx_word' id='word_1_401' title='bbox 3178 2606 3357 2661; x_wconf 84' lang='lat' dir='ltr'><strong>cordis</strong></span> <span class='ocrx_word' id='word_1_402' title='bbox 3382 2612 3445 2663; x_wconf 88' lang='lat' dir='ltr'><strong>et</strong></span> <span class='ocrx_word' id='word_1_403' title='bbox 3470 2607 3714 2676; x_wconf 83' lang='lat' dir='ltr'><strong>corporis</strong></span> 
     </span>
    </p>
   </div>
   <div class='ocr_carea' id='block_1_56' title="bbox 2133 2698 3715 2771">
    <p class='ocr_par' dir='ltr' id='par_1_56' title="bbox 2133 2698 3715 2771">
     <span class='ocr_line' id='line_1_56' title="bbox 2133 2698 3715 2771; baseline 0.001 -16"><span class='ocrx_word' id='word_1_404' title='bbox 2133 2710 2407 2771; x_wconf 81' lang='lat' dir='ltr'><strong>acceptos,</strong></span> <span class='ocrx_word' id='word_1_405' title='bbox 2437 2701 2488 2752; x_wconf 85' lang='lat' dir='ltr'><strong>in</strong></span> <span class='ocrx_word' id='word_1_406' title='bbox 2512 2698 2751 2753; x_wconf 79' lang='lat' dir='ltr'><strong>secundo</strong></span> <span class='ocrx_word' id='word_1_407' title='bbox 2785 2699 3184 2769; x_wconf 85' lang='lat' dir='ltr'><strong>intelligentiam</strong></span> <span class='ocrx_word' id='word_1_408' title='bbox 3208 2708 3268 2755; x_wconf 85' lang='lat' dir='ltr'><strong>et</strong></span> <span class='ocrx_word' id='word_1_409' title='bbox 3287 2712 3442 2770; x_wconf 83' lang='lat' dir='ltr'><strong>opus,</strong></span> <span class='ocrx_word' id='word_1_410' title='bbox 3474 2698 3526 2755; x_wconf 86' lang='lat' dir='ltr'><strong>in</strong></span> <span class='ocrx_word' id='word_1_411' title='bbox 3558 2700 3715 2757; x_wconf 90' lang='lat' dir='ltr'><strong>tertio</strong></span> 
     </span>
    </p>
   </div>
   <div class='ocr_carea' id='block_1_57' title="bbox 2129 2796 2831 2856">
    <p class='ocr_par' dir='ltr' id='par_1_57' title="bbox 2129 2796 2831 2856">
     <span class='ocr_line' id='line_1_57' title="bbox 2129 2796 2831 2856; baseline -0.007 0"><span class='ocrx_word' id='word_1_412' title='bbox 2129 2802 2393 2856; x_wconf 87' lang='lat' dir='ltr'><strong>rationem</strong></span> <span class='ocrx_word' id='word_1_413' title='bbox 2427 2796 2831 2852; x_wconf 81' lang='lat' dir='ltr'><strong>intellexerunt.</strong></span> 
     </span>
    </p>
   </div>
   <div class='ocr_carea' id='block_1_58' title="bbox 2202 2889 3711 2961">
    <p class='ocr_par' dir='ltr' id='par_1_58' title="bbox 2202 2889 3711 2961">
     <span class='ocr_line' id='line_1_58' title="bbox 2202 2889 3711 2961; baseline 0.001 -17"><span class='ocrx_word' id='word_1_414' title='bbox 2202 2893 2327 2947; x_wconf 69' lang='lat'><strong>205.</strong></span> <span class='ocrx_word' id='word_1_415' title='bbox 2370 2892 2591 2947; x_wconf 90' lang='lat' dir='ltr'><strong>Juvenis</strong></span> <span class='ocrx_word' id='word_1_416' title='bbox 2621 2890 2759 2945; x_wconf 84' lang='lat' dir='ltr'><strong>ﬁlius</strong></span> <span class='ocrx_word' id='word_1_417' title='bbox 2785 2889 2956 2945; x_wconf 62' lang='lat' dir='ltr'><strong>viduae</strong></span> <span class='ocrx_word' id='word_1_418' title='bbox 2983 2906 3139 2961; x_wconf 84' lang='lat' dir='ltr'><strong>quem</strong></span> <span class='ocrx_word' id='word_1_419' title='bbox 3164 2890 3419 2946; x_wconf 86' lang='lat' dir='ltr'><strong>Dominus</strong></span> <span class='ocrx_word' id='word_1_420' title='bbox 3444 2900 3711 2946; x_wconf 82' lang='lat' dir='ltr'><strong>mortuom</strong></span> 
     </span>
    </p>
   </div>
   <div class='ocr_carea' id='block_1_59' title="bbox 2128 2979 3716 3049">
    <p class='ocr_par' dir='ltr' id='par_1_59' title="bbox 2128 2979 3716 3049">
     <span class='ocr_line' id='line_1_59' title="bbox 2128 2979 3716 3049; baseline -0.001 -12"><span class='ocrx_word' id='word_1_421' title='bbox 2128 2993 2276 3037; x_wconf 80' lang='lat' dir='ltr'><strong>extra</strong></span> <span class='ocrx_word' id='word_1_422' title='bbox 2327 2991 2506 3049; x_wconf 76' lang='lat' dir='ltr'><strong>portas</strong></span> <span class='ocrx_word' id='word_1_423' title='bbox 2558 2979 2707 3034; x_wconf 86' lang='lat' dir='ltr'><strong>urbis</strong></span> <span class='ocrx_word' id='word_1_424' title='bbox 2755 2981 3035 3035; x_wconf 83' lang='lat' dir='ltr'><strong>suscitavit</strong></span> <span class='ocrx_word' id='word_1_425' title='bbox 3078 2980 3236 3046; x_wconf 81' lang='lat' dir='ltr'><strong>(Luc.</strong></span> <span class='ocrx_word' id='word_1_426' title='bbox 3288 2980 3412 3049; x_wconf 78' lang='lat' dir='ltr'><strong>vn),</strong></span> <span class='ocrx_word' id='word_1_427' title='bbox 3453 2980 3716 3048; x_wconf 73' lang='lat' dir='ltr'><strong>signiticet</strong></span> 
     </span>
    </p>
   </div>
   <div class='ocr_carea' id='block_1_60' title="bbox 2130 3070 3710 3142">
    <p class='ocr_par' dir='ltr' id='par_1_60' title="bbox 2130 3070 3710 3142">
     <span class='ocr_line' id='line_1_60' title="bbox 2130 3070 3710 3142; baseline -0.003 -14"><span class='ocrx_word' id='word_1_428' title='bbox 2130 3088 2251 3130; x_wconf 81' lang='lat' dir='ltr'><strong>eum</strong></span> <span class='ocrx_word' id='word_1_429' title='bbox 2276 3073 2365 3142; x_wconf 89' lang='lat' dir='ltr'><strong>qui</strong></span> <span class='ocrx_word' id='word_1_430' title='bbox 2401 3074 2573 3142; x_wconf 85' lang='lat' dir='ltr'><strong>palam</strong></span> <span class='ocrx_word' id='word_1_431' title='bbox 2613 3070 2890 3141; x_wconf 83' lang='lat' dir='ltr'><strong>quodlibet</strong></span> <span class='ocrx_word' id='word_1_432' title='bbox 2919 3071 3252 3127; x_wconf 79' lang='lat' dir='ltr'><strong>mortiferum</strong></span> <span class='ocrx_word' id='word_1_433' title='bbox 3278 3070 3486 3125; x_wconf 83' lang='lat' dir='ltr'><strong>crimen</strong></span> <span class='ocrx_word' id='word_1_434' title='bbox 3513 3070 3710 3125; x_wconf 73' lang='lat' dir='ltr'><strong>adutit-</strong></span> 
     </span>
    </p>
   </div>
   <div class='ocr_carea' id='block_1_61' title="bbox 437 3145 3710 3237">
    <p class='ocr_par' dir='ltr' id='par_1_61' title="bbox 437 3145 3710 3237">
     <span class='ocr_line' id='line_1_61' title="bbox 437 3145 3710 3237; baseline 0.002 -23"><span class='ocrx_word' id='word_1_435' title='bbox 437 3159 557 3231; x_wconf 88' lang='lat' dir='ltr'><strong>plus</strong></span> <span class='ocrx_word' id='word_1_436' title='bbox 598 3161 672 3216; x_wconf 91' lang='lat' dir='ltr'><strong>illi</strong></span> <span class='ocrx_word' id='word_1_437' title='bbox 716 3177 1035 3219; x_wconf 89' lang='lat' dir='ltr'><strong>concessum</strong></span> <span class='ocrx_word' id='word_1_438' title='bbox 1067 3173 1149 3219; x_wconf 91' lang='lat' dir='ltr'><strong>est</strong></span> <span class='ocrx_word' id='word_1_439' title='bbox 1197 3179 1228 3219; x_wconf 85' lang='lat' dir='ltr'><strong>a</strong></span> <span class='ocrx_word' id='word_1_440' title='bbox 1271 3163 1528 3229; x_wconf 79' lang='lat' dir='ltr'><strong>Christo,</strong></span> <span class='ocrx_word' id='word_1_441' title='bbox 1574 3164 1804 3232; x_wconf 75' lang='lat' dir='ltr'><strong>amplius</strong></span> <span class='ocrx_word' id='word_1_442' title='bbox 1842 3160 2026 3232; x_wconf 78' lang='lat' dir='ltr'><strong>diligit</strong></span> <span class='ocrx_word' id='word_1_443' title='bbox 2054 3145 2100 3207; x_wconf 66' lang='grc' dir='ltr'><strong>(ἶ</strong></span> <span class='ocrx_word' id='word_1_444' title='bbox 2126 3167 2224 3232; x_wconf 82' lang='lat' dir='ltr'><strong>tit;</strong></span> <span class='ocrx_word' id='word_1_445' title='bbox 2254 3166 2451 3237; x_wconf 87' lang='lat' dir='ltr'><strong>quique</strong></span> <span class='ocrx_word' id='word_1_446' title='bbox 2501 3178 2878 3233; x_wconf 78' lang='lat' dir='ltr'><strong>nonnunquam</strong></span> <span class='ocrx_word' id='word_1_447' title='bbox 2928 3164 3109 3218; x_wconf 87' lang='lat' dir='ltr'><strong>audito</strong></span> <span class='ocrx_word' id='word_1_448' title='bbox 3154 3164 3319 3219; x_wconf 81' lang='lat' dir='ltr'><strong>verbo</strong></span> <span class='ocrx_word' id='word_1_449' title='bbox 3356 3162 3448 3218; x_wconf 86' lang='lat' dir='ltr'><strong>Dei</strong></span> <span class='ocrx_word' id='word_1_450' title='bbox 3476 3179 3503 3216; x_wconf 88' lang='lat' dir='ltr'><strong>a</strong></span> <span class='ocrx_word' id='word_1_451' title='bbox 3536 3169 3710 3219; x_wconf 80' lang='lat' dir='ltr'><strong>morte</strong></span> 
     </span>
    </p>
   </div>
   <div class='ocr_carea' id='block_1_62' title="bbox 412 3251 2018 3327">
    <p class='ocr_par' dir='ltr' id='par_1_62' title="bbox 412 3251 2018 3327">
     <span class='ocr_line' id='line_1_62' title="bbox 412 3251 2018 3327; baseline 0 -19"><span class='ocrx_word' id='word_1_452' title='bbox 412 3251 743 3322; x_wconf 65' lang='lat' dir='ltr'><strong>Christum,</strong></span> <span class='ocrx_word' id='word_1_453' title='bbox 786 3256 929 3312; x_wconf 83' lang='lat' dir='ltr'><strong>sicut</strong></span> <span class='ocrx_word' id='word_1_454' title='bbox 982 3258 1241 3327; x_wconf 81' lang='lat' dir='ltr'><strong>scriptum</strong></span> <span class='ocrx_word' id='word_1_455' title='bbox 1290 3266 1407 3312; x_wconf 84' lang='lat' dir='ltr'><strong>est:</strong></span> <span class='ocrx_word' id='word_1_456' title='bbox 1451 3255 1550 3312; x_wconf 80' lang='lat' dir='ltr'><strong>Cui</strong></span> <span class='ocrx_word' id='word_1_457' title='bbox 1578 3257 1697 3327; x_wconf 76' lang='lat' dir='ltr'><strong>plus</strong></span> <span class='ocrx_word' id='word_1_458' title='bbox 1724 3256 2018 3322; x_wconf 82' lang='lat' dir='ltr'><strong>dimittitur,</strong></span> 
     </span>
    </p>
   </div>
   <div class='ocr_carea' id='block_1_63' title="bbox 378 3345 776 3422">
    <p class='ocr_par' dir='ltr' id='par_1_63' title="bbox 378 3345 776 3422">
     <span class='ocr_line' id='line_1_63' title="bbox 378 3345 776 3422; baseline 0.005 -19"><span class='ocrx_word' id='word_1_459' title='bbox 378 3396 387 3403; x_wconf 89' lang='lat'><strong>.</strong></span> <span class='ocrx_word' id='word_1_460' title='bbox 435 3345 776 3422; x_wconf 45' lang='lat' dir='ltr'><strong>manus.</strong></span> 
     </span>
    </p>
   </div>
   <div class='ocr_carea' id='block_1_64' title="bbox 512 3437 2025 3513">
    <p class='ocr_par' dir='ltr' id='par_1_64' title="bbox 512 3437 2025 3513">
     <span class='ocr_line' id='line_1_64' title="bbox 512 3437 2025 3513; baseline -0.001 -16"><span class='ocrx_word' id='word_1_461' title='bbox 512 3437 635 3498; x_wconf 76' lang='grc'><strong>193.</strong></span> <span class='ocrx_word' id='word_1_462' title='bbox 679 3442 896 3511; x_wconf 87' lang='lat' dir='ltr'><strong>Septem</strong></span> <span class='ocrx_word' id='word_1_463' title='bbox 937 3457 1066 3498; x_wconf 88' lang='lat' dir='ltr'><strong>vero</strong></span> <span class='ocrx_word' id='word_1_464' title='bbox 1112 3444 1305 3498; x_wconf 78' lang='lat' dir='ltr'><strong>fratres</strong></span> <span class='ocrx_word' id='word_1_465' title='bbox 1333 3444 1422 3513; x_wconf 91' lang='lat' dir='ltr'><strong>qui</strong></span> <span class='ocrx_word' id='word_1_466' title='bbox 1458 3444 1549 3497; x_wconf 90' lang='lat' dir='ltr'><strong>uni</strong></span> <span class='ocrx_word' id='word_1_467' title='bbox 1591 3442 1806 3497; x_wconf 85' lang='lat' dir='ltr'><strong>mulieri</strong></span> <span class='ocrx_word' id='word_1_468' title='bbox 1830 3456 2025 3511; x_wconf 82' lang='lat' dir='ltr'><strong>nupse-</strong></span> 
     </span>
    </p>
   </div>
   <div class='ocr_carea' id='block_1_65' title="bbox 436 3535 2025 3606">
    <p class='ocr_par' dir='ltr' id='par_1_65' title="bbox 436 3535 2025 3606">
     <span class='ocr_line' id='line_1_65' title="bbox 436 3535 2025 3606; baseline 0 -15"><span class='ocrx_word' id='word_1_469' title='bbox 436 3544 584 3601; x_wconf 71' lang='lat' dir='ltr'><strong>runt,</strong></span> <span class='ocrx_word' id='word_1_470' title='bbox 607 3545 665 3591; x_wconf 83' lang='lat' dir='ltr'><strong>et</strong></span> <span class='ocrx_word' id='word_1_471' title='bbox 686 3535 808 3592; x_wconf 85' lang='lat' dir='ltr'><strong>sine</strong></span> <span class='ocrx_word' id='word_1_472' title='bbox 842 3536 971 3592; x_wconf 71' lang='lat' dir='ltr'><strong>ﬁliis</strong></span> <span class='ocrx_word' id='word_1_473' title='bbox 1018 3538 1213 3592; x_wconf 80' lang='lat' dir='ltr'><strong>mortui</strong></span> <span class='ocrx_word' id='word_1_474' title='bbox 1244 3546 1371 3592; x_wconf 79' lang='lat' dir='ltr'><strong>sunt</strong></span> <span class='ocrx_word' id='word_1_475' title='bbox 1399 3535 1597 3606; x_wconf 71' lang='lat' dir='ltr'><strong>(Marc.</strong></span> <span class='ocrx_word' id='word_1_476' title='bbox 1626 3536 1749 3605; x_wconf 81' lang='lat' dir='ltr'><strong>xu),</strong></span> <span class='ocrx_word' id='word_1_477' title='bbox 1781 3536 2025 3591; x_wconf 86' lang='lat' dir='ltr'><strong>homines</strong></span> 
     </span>
    </p>
   </div>
   <div class='ocr_carea' id='block_1_66' title="bbox 438 3625 2021 3699">
    <p class='ocr_par' dir='ltr' id='par_1_66' title="bbox 438 3625 2021 3699">
     <span class='ocr_line' id='line_1_66' title="bbox 438 3625 2021 3699; baseline 0.001 -19"><span class='ocrx_word' id='word_1_478' title='bbox 438 3625 691 3682; x_wconf 71' lang='lat' dir='ltr'><strong>hideies</strong></span> <span class='ocrx_word' id='word_1_479' title='bbox 718 3626 1110 3698; x_wconf 73' lang='lat' dir='ltr'><strong>intelliguntur,</strong></span> <span class='ocrx_word' id='word_1_480' title='bbox 1130 3628 1222 3697; x_wconf 87' lang='lat' dir='ltr'><strong>qui</strong></span> <span class='ocrx_word' id='word_1_481' title='bbox 1244 3643 1343 3698; x_wconf 88' lang='lat' dir='ltr'><strong>per</strong></span> <span class='ocrx_word' id='word_1_482' title='bbox 1371 3638 1578 3699; x_wconf 84' lang='lat' dir='ltr'><strong>septem</strong></span> <span class='ocrx_word' id='word_1_483' title='bbox 1608 3626 1789 3682; x_wconf 89' lang='lat' dir='ltr'><strong>mundi</strong></span> <span class='ocrx_word' id='word_1_484' title='bbox 1814 3636 2021 3695; x_wconf 68' lang='lat' dir='ltr'><strong>natatos,</strong></span> 
     </span>
    </p>
   </div>
   <div class='ocr_carea' id='block_1_67' title="bbox 444 3719 2026 3790">
    <p class='ocr_par' dir='ltr' id='par_1_67' title="bbox 444 3719 2026 3790">
     <span class='ocr_line' id='line_1_67' title="bbox 444 3719 2026 3790; baseline -0.001 -15"><span class='ocrx_word' id='word_1_485' title='bbox 444 3719 627 3776; x_wconf 71' lang='lat' dir='ltr'><strong>initae</strong></span> <span class='ocrx_word' id='word_1_486' title='bbox 674 3729 813 3777; x_wconf 86' lang='lat' dir='ltr'><strong>terra</strong></span> <span class='ocrx_word' id='word_1_487' title='bbox 860 3730 1026 3777; x_wconf 89' lang='lat' dir='ltr'><strong>totum</strong></span> <span class='ocrx_word' id='word_1_488' title='bbox 1072 3723 1236 3778; x_wconf 81' lang='lat' dir='ltr'><strong>vitam</strong></span> <span class='ocrx_word' id='word_1_489' title='bbox 1278 3735 1429 3777; x_wconf 85' lang='lat' dir='ltr'><strong>suam</strong></span> <span class='ocrx_word' id='word_1_490' title='bbox 1456 3726 1575 3778; x_wconf 84' lang='lat' dir='ltr'><strong>sine</strong></span> <span class='ocrx_word' id='word_1_491' title='bbox 1605 3721 1778 3776; x_wconf 69' lang='lat' dir='ltr'><strong>fructu</strong></span> <span class='ocrx_word' id='word_1_492' title='bbox 1804 3719 2026 3790; x_wconf 70' lang='lat' dir='ltr'><strong>iustitia:</strong></span> 
     </span>
    </p>
   </div>
   <div class='ocr_carea' id='block_1_68' title="bbox 443 3822 915 3883">
    <p class='ocr_par' dir='ltr' id='par_1_68' title="bbox 443 3822 915 3883">
     <span class='ocr_line' id='line_1_68' title="bbox 443 3822 915 3883; baseline -0.004 -13"><span class='ocrx_word' id='word_1_493' title='bbox 443 3828 667 3870; x_wconf 90' lang='lat' dir='ltr'><strong>consum</strong></span> <span class='ocrx_word' id='word_1_494' title='bbox 677 3822 915 3883; x_wconf 81' lang='lat' dir='ltr'><strong>pseruut.</strong></span> 
     </span>
    </p>
   </div>
   <div class='ocr_carea' id='block_1_69' title="bbox 510 3903 2027 3975">
    <p class='ocr_par' dir='ltr' id='par_1_69' title="bbox 510 3903 2027 3975">
     <span class='ocr_line' id='line_1_69' title="bbox 510 3903 2027 3975; baseline -0.002 -15"><span class='ocrx_word' id='word_1_495' title='bbox 510 3903 642 3960; x_wconf 73' lang='grc'>104.</span> <span class='ocrx_word' id='word_1_496' title='bbox 683 3906 800 3959; x_wconf 81' lang='lat' dir='ltr'><strong>Duo</strong></span> <span class='ocrx_word' id='word_1_497' title='bbox 823 3905 880 3959; x_wconf 85' lang='lat' dir='ltr'><strong>in</strong></span> <span class='ocrx_word' id='word_1_498' title='bbox 912 3904 1053 3959; x_wconf 85' lang='lat' dir='ltr'><strong>lecto</strong></span> <span class='ocrx_word' id='word_1_499' title='bbox 1098 3903 1313 3973; x_wconf 65' lang='lat' dir='ltr'><strong>(Matth.</strong></span> <span class='ocrx_word' id='word_1_500' title='bbox 1340 3907 1492 3975; x_wconf 65' lang='grc' dir='ltr'><strong>χειν)</strong></span> <span class='ocrx_word' id='word_1_501' title='bbox 1530 3905 1654 3961; x_wconf 80' lang='lat' dir='ltr'><strong>illos</strong></span> <span class='ocrx_word' id='word_1_502' title='bbox 1680 3905 1912 3974; x_wconf 78' lang='lat' dir='ltr'><strong>ﬁgurant</strong></span> <span class='ocrx_word' id='word_1_503' title='bbox 1936 3903 2027 3975; x_wconf 90' lang='lat' dir='ltr'><strong>qui</strong></span> 
     </span>
    </p>
   </div>
   <div class='ocr_carea' id='block_1_70' title="bbox 436 3992 2028 4067">
    <p class='ocr_par' dir='ltr' id='par_1_70' title="bbox 436 3992 2028 4067">
     <span class='ocr_line' id='line_1_70' title="bbox 436 3992 2028 4067; baseline -0.001 -15"><span class='ocrx_word' id='word_1_504' title='bbox 436 3992 635 4052; x_wconf 82' lang='lat' dir='ltr'><strong>remoti</strong></span> <span class='ocrx_word' id='word_1_505' title='bbox 659 4011 690 4051; x_wconf 92' lang='lat' dir='ltr'><strong>a</strong></span> <span class='ocrx_word' id='word_1_506' title='bbox 714 3996 885 4052; x_wconf 75' lang='lat' dir='ltr'><strong>turbis</strong></span> <span class='ocrx_word' id='word_1_507' title='bbox 916 3997 971 4050; x_wconf 90' lang='lat' dir='ltr'><strong>in</strong></span> <span class='ocrx_word' id='word_1_508' title='bbox 999 3996 1109 4052; x_wconf 87' lang='lat' dir='ltr'><strong>otio</strong></span> <span class='ocrx_word' id='word_1_509' title='bbox 1128 3996 1533 4067; x_wconf 81' lang='lat' dir='ltr'><strong>quodammodo</strong></span> <span class='ocrx_word' id='word_1_510' title='bbox 1560 3997 1685 4050; x_wconf 81' lang='lat' dir='ltr'><strong>vitae</strong></span> <span class='ocrx_word' id='word_1_511' title='bbox 1722 4010 1915 4051; x_wconf 81' lang='lat' dir='ltr'><strong>vacare</strong></span> <span class='ocrx_word' id='word_1_512' title='bbox 1946 3997 2028 4051; x_wconf 84' lang='lat' dir='ltr'><strong>vi-</strong></span> 
     </span>
    </p>
   </div>
   <div class='ocr_carea' id='block_1_71' title="bbox 422 4087 653 4145">
    <p class='ocr_par' dir='ltr' id='par_1_71' title="bbox 422 4087 653 4145">
     <span class='ocr_line' id='line_1_71' title="bbox 422 4087 653 4145; baseline -0.009 0"><span class='ocrx_word' id='word_1_513' title='bbox 422 4087 653 4145; x_wconf 68' lang='lat' dir='ltr'><strong>luitur.</strong></span> 
     </span>
    </p>
   </div>
   <div class='ocr_carea' id='block_1_72' title="bbox 512 4178 2026 4252">
    <p class='ocr_par' dir='ltr' id='par_1_72' title="bbox 512 4178 2026 4252">
     <span class='ocr_line' id='line_1_72' title="bbox 512 4178 2026 4252; baseline 0.001 -18"><span class='ocrx_word' id='word_1_514' title='bbox 512 4179 636 4234; x_wconf 86' lang='grc'><strong>195.</strong></span> <span class='ocrx_word' id='word_1_515' title='bbox 677 4178 804 4233; x_wconf 86' lang='lat' dir='ltr'><strong>Duae</strong></span> <span class='ocrx_word' id='word_1_516' title='bbox 852 4180 1113 4235; x_wconf 90' lang='lat' dir='ltr'><strong>molentes</strong></span> <span class='ocrx_word' id='word_1_517' title='bbox 1162 4178 1348 4250; x_wconf 82' lang='lat' dir='ltr'><strong>(Ibid.)</strong></span> <span class='ocrx_word' id='word_1_518' title='bbox 1400 4179 1474 4234; x_wconf 87' lang='lat' dir='ltr'><strong>illi</strong></span> <span class='ocrx_word' id='word_1_519' title='bbox 1524 4179 1897 4249; x_wconf 80' lang='lat' dir='ltr'><strong>intelliguntur</strong></span> <span class='ocrx_word' id='word_1_520' title='bbox 1937 4182 2026 4252; x_wconf 90' lang='lat' dir='ltr'><strong>qui</strong></span> 
     </span>
    </p>
   </div>
   <div class='ocr_carea' id='block_1_73' title="bbox 445 4271 1787 4343">
    <p class='ocr_par' dir='ltr' id='par_1_73' title="bbox 445 4271 1787 4343">
     <span class='ocr_line' id='line_1_73' title="bbox 445 4271 1787 4343; baseline 0.002 -18"><span class='ocrx_word' id='word_1_521' title='bbox 445 4271 675 4343; x_wconf 79' lang='lat' dir='ltr'><strong>negotiis</strong></span> <span class='ocrx_word' id='word_1_522' title='bbox 692 4273 1079 4342; x_wconf 72' lang='lat' dir='ltr'><strong>temporalium</strong></span> <span class='ocrx_word' id='word_1_523' title='bbox 1104 4286 1284 4328; x_wconf 82' lang='lat' dir='ltr'><strong>rerum</strong></span> <span class='ocrx_word' id='word_1_524' title='bbox 1314 4271 1787 4328; x_wconf 81' lang='lat' dir='ltr'><strong>circumferuntur.</strong></span> 
     </span>
    </p>
   </div>
   <div class='ocr_carea' id='block_1_74' title="bbox 512 4363 2028 4438">
    <p class='ocr_par' dir='ltr' id='par_1_74' title="bbox 512 4363 2028 4438">
     <span class='ocr_line' id='line_1_74' title="bbox 512 4363 2028 4438; baseline 0.004 -19"><span class='ocrx_word' id='word_1_525' title='bbox 512 4363 637 4421; x_wconf 75' lang='lat' dir='ltr'><strong>tae.</strong></span> <span class='ocrx_word' id='word_1_526' title='bbox 678 4364 796 4422; x_wconf 84' lang='lat' dir='ltr'><strong>Duo</strong></span> <span class='ocrx_word' id='word_1_527' title='bbox 819 4366 872 4421; x_wconf 77' lang='lat' dir='ltr'><strong>in</strong></span> <span class='ocrx_word' id='word_1_528' title='bbox 900 4380 1030 4436; x_wconf 83' lang='lat' dir='ltr'><strong>agro</strong></span> <span class='ocrx_word' id='word_1_529' title='bbox 1061 4365 1287 4436; x_wconf 61' lang='lat' dir='ltr'><strong>(tam,</strong></span> <span class='ocrx_word' id='word_1_530' title='bbox 1316 4367 1391 4421; x_wconf 87' lang='lat' dir='ltr'><strong>illi</strong></span> <span class='ocrx_word' id='word_1_531' title='bbox 1420 4376 1547 4421; x_wconf 80' lang='lat' dir='ltr'><strong>sunt</strong></span> <span class='ocrx_word' id='word_1_532' title='bbox 1576 4369 1666 4438; x_wconf 91' lang='lat' dir='ltr'><strong>qui</strong></span> <span class='ocrx_word' id='word_1_533' title='bbox 1698 4370 1753 4423; x_wconf 90' lang='lat' dir='ltr'><strong>in</strong></span> <span class='ocrx_word' id='word_1_534' title='bbox 1778 4370 2028 4425; x_wconf 85' lang='lat' dir='ltr'><strong>ministe-</strong></span> 
     </span>
    </p>
   </div>
   <div class='ocr_carea' id='block_1_75' title="bbox 436 4454 2026 4531">
    <p class='ocr_par' dir='ltr' id='par_1_75' title="bbox 436 4454 2026 4531">
     <span class='ocr_line' id='line_1_75' title="bbox 436 4454 2026 4531; baseline 0.003 -19"><span class='ocrx_word' id='word_1_535' title='bbox 436 4455 523 4512; x_wconf 81' lang='lat' dir='ltr'><strong>rio</strong></span> <span class='ocrx_word' id='word_1_536' title='bbox 548 4454 827 4525; x_wconf 69' lang='lat' dir='ltr'><strong>Ecclesiae,</strong></span> <span class='ocrx_word' id='word_1_537' title='bbox 854 4467 1111 4528; x_wconf 81' lang='lat' dir='ltr'><strong>tanquam</strong></span> <span class='ocrx_word' id='word_1_538' title='bbox 1137 4460 1195 4514; x_wconf 84' lang='lat' dir='ltr'><strong>in</strong></span> <span class='ocrx_word' id='word_1_539' title='bbox 1238 4473 1370 4528; x_wconf 80' lang='lat' dir='ltr'><strong>agro</strong></span> <span class='ocrx_word' id='word_1_540' title='bbox 1388 4460 1681 4529; x_wconf 79' lang='lat' dir='ltr'><strong>dominico,</strong></span> <span class='ocrx_word' id='word_1_541' title='bbox 1715 4471 2026 4531; x_wconf 83' lang='lat' dir='ltr'><strong>operantur,</strong></span> 
     </span>
    </p>
   </div>
   <div class='ocr_carea' id='block_1_76' title="bbox 2126 3252 3709 3330">
    <p class='ocr_par' dir='ltr' id='par_1_76' title="bbox 2126 3252 3709 3330">
     <span class='ocr_line' id='line_1_76' title="bbox 2126 3252 3709 3330; baseline -0.002 -18"><span class='ocrx_word' id='word_1_542' title='bbox 2126 3258 2332 3330; x_wconf 83' lang='lat' dir='ltr'><strong>peccati</strong></span> <span class='ocrx_word' id='word_1_543' title='bbox 2363 3258 2620 3327; x_wconf 83' lang='lat' dir='ltr'><strong>resurgit,</strong></span> <span class='ocrx_word' id='word_1_544' title='bbox 2674 3265 2730 3311; x_wconf 88' lang='lat' dir='ltr'><strong>et</strong></span> <span class='ocrx_word' id='word_1_545' title='bbox 2774 3271 2872 3325; x_wconf 87' lang='lat' dir='ltr'><strong>per</strong></span> <span class='ocrx_word' id='word_1_546' title='bbox 2904 3255 3273 3324; x_wconf 68' lang='lat' dir='ltr'><strong>paenitentiam</strong></span> <span class='ocrx_word' id='word_1_547' title='bbox 3304 3252 3501 3309; x_wconf 71' lang='lat' dir='ltr'><strong>Christi</strong></span> <span class='ocrx_word' id='word_1_548' title='bbox 3526 3255 3709 3309; x_wconf 71' lang='lat' dir='ltr'><strong>vivere</strong></span> 
     </span>
    </p>
   </div>
   <div class='ocr_carea' id='block_1_77' title="bbox 2128 3345 3709 3419">
    <p class='ocr_par' dir='ltr' id='par_1_77' title="bbox 2128 3345 3709 3419">
     <span class='ocr_line' id='line_1_77' title="bbox 2128 3345 3709 3419; baseline -0.003 -15"><span class='ocrx_word' id='word_1_549' title='bbox 2128 3348 2347 3419; x_wconf 88' lang='lat' dir='ltr'><strong>incipit;</strong></span> <span class='ocrx_word' id='word_1_550' title='bbox 2400 3348 2748 3417; x_wconf 84' lang='lat' dir='ltr'><strong>redditurque</strong></span> <span class='ocrx_word' id='word_1_551' title='bbox 2790 3348 2963 3402; x_wconf 61' lang='lat' dir='ltr'><strong>viduae</strong></span> <span class='ocrx_word' id='word_1_552' title='bbox 3004 3349 3163 3401; x_wconf 85' lang='lat' dir='ltr'><strong>matri</strong></span> <span class='ocrx_word' id='word_1_553' title='bbox 3212 3360 3323 3401; x_wconf 72' lang='lat' dir='ltr'><strong>sua:</strong></span> <span class='ocrx_word' id='word_1_554' title='bbox 3350 3386 3365 3411; x_wconf 93' lang='lat'><strong>,</strong></span> <span class='ocrx_word' id='word_1_555' title='bbox 3396 3345 3449 3400; x_wconf 78' lang='lat' dir='ltr'><strong>id</strong></span> <span class='ocrx_word' id='word_1_556' title='bbox 3475 3354 3580 3414; x_wconf 74' lang='lat' dir='ltr'><strong>est,</strong></span> <span class='ocrx_word' id='word_1_557' title='bbox 3608 3345 3709 3400; x_wconf 52' lang='lat' dir='ltr'><strong>Ec.</strong></span> 
     </span>
    </p>
   </div>
   <div class='ocr_carea' id='block_1_78' title="bbox 2122 3441 2326 3498">
    <p class='ocr_par' dir='ltr' id='par_1_78' title="bbox 2122 3441 2326 3498">
     <span class='ocr_line' id='line_1_78' title="bbox 2122 3441 2326 3498; baseline -0.02 0"><span class='ocrx_word' id='word_1_558' title='bbox 2122 3441 2326 3498; x_wconf 84' lang='lat' dir='ltr'><strong>clcsiae.</strong></span> 
     </span>
    </p>
   </div>
   <div class='ocr_carea' id='block_1_79' title="bbox 2195 3526 3711 3603">
    <p class='ocr_par' dir='ltr' id='par_1_79' title="bbox 2195 3526 3711 3603">
     <span class='ocr_line' id='line_1_79' title="bbox 2195 3526 3711 3603; baseline -0.005 -13"><span class='ocrx_word' id='word_1_559' title='bbox 2195 3532 2323 3590; x_wconf 71' lang='lat'><strong>204.</strong></span> <span class='ocrx_word' id='word_1_560' title='bbox 2363 3533 2538 3591; x_wconf 84' lang='lat' dir='ltr'><strong>Homo</strong></span> <span class='ocrx_word' id='word_1_561' title='bbox 2584 3532 2674 3603; x_wconf 91' lang='lat' dir='ltr'><strong>qui</strong></span> <span class='ocrx_word' id='word_1_562' title='bbox 2723 3532 3085 3588; x_wconf 72' lang='lat' dir='ltr'><strong>descendebat</strong></span> <span class='ocrx_word' id='word_1_563' title='bbox 3128 3545 3161 3585; x_wconf 88' lang='lat' dir='ltr'><strong>a</strong></span> <span class='ocrx_word' id='word_1_564' title='bbox 3208 3531 3501 3587; x_wconf 76' lang='lat' dir='ltr'><strong>Jerusalem</strong></span> <span class='ocrx_word' id='word_1_565' title='bbox 3538 3530 3595 3583; x_wconf 88' lang='lat' dir='ltr'><strong>in</strong></span> <span class='ocrx_word' id='word_1_566' title='bbox 3624 3526 3711 3583; x_wconf 86' lang='lat' dir='ltr'><strong>Je-</strong></span> 
     </span>
    </p>
   </div>
   <div class='ocr_carea' id='block_1_80' title="bbox 2129 3621 3711 3695">
    <p class='ocr_par' dir='ltr' id='par_1_80' title="bbox 2129 3621 3711 3695">
     <span class='ocr_line' id='line_1_80' title="bbox 2129 3621 3711 3695; baseline -0.006 -10"><span class='ocrx_word' id='word_1_567' title='bbox 2129 3628 2298 3695; x_wconf 89' lang='lat' dir='ltr'><strong>richo,</strong></span> <span class='ocrx_word' id='word_1_568' title='bbox 2335 3637 2389 3683; x_wconf 89' lang='lat' dir='ltr'><strong>et</strong></span> <span class='ocrx_word' id='word_1_569' title='bbox 2436 3626 2623 3680; x_wconf 90' lang='lat' dir='ltr'><strong>incidit</strong></span> <span class='ocrx_word' id='word_1_570' title='bbox 2672 3626 2725 3679; x_wconf 92' lang='lat' dir='ltr'><strong>in</strong></span> <span class='ocrx_word' id='word_1_571' title='bbox 2762 3626 2995 3679; x_wconf 89' lang='lat' dir='ltr'><strong>latrones</strong></span> <span class='ocrx_word' id='word_1_572' title='bbox 3026 3622 3174 3692; x_wconf 76' lang='lat' dir='ltr'><strong>(Luc.</strong></span> <span class='ocrx_word' id='word_1_573' title='bbox 3206 3623 3284 3693; x_wconf 75' lang='grc' dir='ltr'><strong>ι),</strong></span> <span class='ocrx_word' id='word_1_574' title='bbox 3308 3624 3422 3692; x_wconf 86' lang='lat' dir='ltr'><strong>ipse</strong></span> <span class='ocrx_word' id='word_1_575' title='bbox 3448 3623 3615 3677; x_wconf 75' lang='lat' dir='ltr'><strong>Adam</strong></span> <span class='ocrx_word' id='word_1_576' title='bbox 3640 3621 3711 3676; x_wconf 82' lang='lat' dir='ltr'><strong>ti-</strong></span> 
     </span>
    </p>
   </div>
   <div class='ocr_carea' id='block_1_81' title="bbox 2106 3716 3713 3795">
    <p class='ocr_par' dir='ltr' id='par_1_81' title="bbox 2106 3716 3713 3795">
     <span class='ocr_line' id='line_1_81' title="bbox 2106 3716 3713 3795; baseline -0.006 -19"><span class='ocrx_word' id='word_1_577' title='bbox 2106 3731 2352 3795; x_wconf 80' lang='lat' dir='ltr'><strong>‘guratur</strong></span> <span class='ocrx_word' id='word_1_578' title='bbox 2392 3722 2445 3775; x_wconf 81' lang='lat' dir='ltr'><strong>in</strong></span> <span class='ocrx_word' id='word_1_579' title='bbox 2489 3733 2689 3791; x_wconf 80' lang='lat' dir='ltr'><strong>genere</strong></span> <span class='ocrx_word' id='word_1_580' title='bbox 2724 3732 2862 3784; x_wconf 84' lang='lat' dir='ltr'><strong>suo,</strong></span> <span class='ocrx_word' id='word_1_581' title='bbox 2893 3719 2986 3787; x_wconf 86' lang='lat' dir='ltr'><strong>qui</strong></span> <span class='ocrx_word' id='word_1_582' title='bbox 3008 3718 3133 3773; x_wconf 87' lang='lat' dir='ltr'><strong>dum</strong></span> <span class='ocrx_word' id='word_1_583' title='bbox 3165 3716 3438 3773; x_wconf 86' lang='lat' dir='ltr'><strong>descendit</strong></span> <span class='ocrx_word' id='word_1_584' title='bbox 3467 3716 3537 3772; x_wconf 89' lang='lat' dir='ltr'><strong>de</strong></span> <span class='ocrx_word' id='word_1_585' title='bbox 3559 3729 3713 3783; x_wconf 84' lang='lat' dir='ltr'><strong>para-</strong></span> 
     </span>
    </p>
   </div>
   <div class='ocr_carea' id='block_1_82' title="bbox 2131 3808 3712 3879">
    <p class='ocr_par' dir='ltr' id='par_1_82' title="bbox 2131 3808 3712 3879">
     <span class='ocr_line' id='line_1_82' title="bbox 2131 3808 3712 3879; baseline -0.005 -8"><span class='ocrx_word' id='word_1_586' title='bbox 2131 3816 2254 3872; x_wconf 70' lang='lat' dir='ltr'><strong>diso</strong></span> <span class='ocrx_word' id='word_1_587' title='bbox 2294 3814 2503 3869; x_wconf 76' lang='lat' dir='ltr'><strong>ctelcsti</strong></span> <span class='ocrx_word' id='word_1_588' title='bbox 2530 3812 2583 3867; x_wconf 92' lang='lat' dir='ltr'><strong>in</strong></span> <span class='ocrx_word' id='word_1_589' title='bbox 2608 3810 2899 3876; x_wconf 79' lang='lat' dir='ltr'><strong>mundum,</strong></span> <span class='ocrx_word' id='word_1_590' title='bbox 2934 3809 3121 3865; x_wconf 88' lang='lat' dir='ltr'><strong>incidit</strong></span> <span class='ocrx_word' id='word_1_591' title='bbox 3146 3809 3203 3865; x_wconf 88' lang='lat' dir='ltr'><strong>in</strong></span> <span class='ocrx_word' id='word_1_592' title='bbox 3224 3808 3439 3879; x_wconf 75' lang='lat' dir='ltr'><strong>angelus</strong></span> <span class='ocrx_word' id='word_1_593' title='bbox 3466 3808 3712 3865; x_wconf 79' lang='lat' dir='ltr'><strong>tenebra-</strong></span> 
     </span>
    </p>
   </div>
   <div class='ocr_carea' id='block_1_83' title="bbox 2126 3922 2268 3965">
    <p class='ocr_par' dir='ltr' id='par_1_83' title="bbox 2126 3922 2268 3965">
     <span class='ocr_line' id='line_1_83' title="bbox 2126 3922 2268 3965; baseline -0.014 1"><span class='ocrx_word' id='word_1_594' title='bbox 2126 3922 2268 3965; x_wconf 59' lang='lat' dir='ltr'><strong>“illi.</strong></span> 
     </span>
    </p>
   </div>
   <div class='ocr_carea' id='block_1_84' title="bbox 2199 3984 3713 4062">
    <p class='ocr_par' dir='ltr' id='par_1_84' title="bbox 2199 3984 3713 4062">
     <span class='ocr_line' id='line_1_84' title="bbox 2199 3984 3713 4062; baseline -0.004 -9"><span class='ocrx_word' id='word_1_595' title='bbox 2199 3997 2328 4054; x_wconf 75' lang='lat'><strong>205.</strong></span> <span class='ocrx_word' id='word_1_596' title='bbox 2364 3998 2745 4054; x_wconf 81' lang='lat' dir='ltr'><strong>Samaritanus</strong></span> <span class='ocrx_word' id='word_1_597' title='bbox 2792 3992 3162 4060; x_wconf 76' lang='lat' dir='ltr'><strong>descendens,</strong></span> <span class='ocrx_word' id='word_1_598' title='bbox 3212 3984 3305 4062; x_wconf 87' lang='lat' dir='ltr'><strong>qui</strong></span> <span class='ocrx_word' id='word_1_599' title='bbox 3352 3991 3571 4047; x_wconf 91' lang='lat' dir='ltr'><strong>vulnera</strong></span> <span class='ocrx_word' id='word_1_600' title='bbox 3599 3990 3713 4062; x_wconf 85' lang='lat' dir='ltr'><strong>ejus</strong></span> 
     </span>
    </p>
   </div>
   <div class='ocr_carea' id='block_1_85' title="bbox 2130 4084 3716 4162">
    <p class='ocr_par' dir='ltr' id='par_1_85' title="bbox 2130 4084 3716 4162">
     <span class='ocr_line' id='line_1_85' title="bbox 2130 4084 3716 4162; baseline -0.006 -15"><span class='ocrx_word' id='word_1_601' title='bbox 2130 4091 2339 4148; x_wconf 91' lang='lat' dir='ltr'><strong>curavit</strong></span> <span class='ocrx_word' id='word_1_602' title='bbox 2386 4088 2604 4162; x_wconf 64' lang='lat' dir='ltr'><strong>(Mitt),</strong></span> <span class='ocrx_word' id='word_1_603' title='bbox 2654 4086 2897 4142; x_wconf 73' lang='lat' dir='ltr'><strong>Christus</strong></span> <span class='ocrx_word' id='word_1_604' title='bbox 2936 4094 3023 4140; x_wconf 86' lang='lat' dir='ltr'><strong>est</strong></span> <span class='ocrx_word' id='word_1_605' title='bbox 3069 4093 3255 4140; x_wconf 79' lang='lat' dir='ltr'><strong>custos</strong></span> <span class='ocrx_word' id='word_1_606' title='bbox 3303 4091 3510 4152; x_wconf 84' lang='lat' dir='ltr'><strong>noster,</strong></span> <span class='ocrx_word' id='word_1_607' title='bbox 3534 4084 3623 4153; x_wconf 88' lang='lat' dir='ltr'><strong>qui</strong></span> <span class='ocrx_word' id='word_1_608' title='bbox 3647 4084 3716 4139; x_wconf 83' lang='lat' dir='ltr'><strong>de</strong></span> 
     </span>
    </p>
   </div>
   <div class='ocr_carea' id='block_1_86' title="bbox 2126 4176 3715 4247">
    <p class='ocr_par' dir='ltr' id='par_1_86' title="bbox 2126 4176 3715 4247">
     <span class='ocr_line' id='line_1_86' title="bbox 2126 4176 3715 4247; baseline -0.004 -9"><span class='ocrx_word' id='word_1_609' title='bbox 2126 4183 2270 4239; x_wconf 65' lang='lat' dir='ltr'><strong>casio</strong></span> <span class='ocrx_word' id='word_1_610' title='bbox 2319 4182 2641 4245; x_wconf 78' lang='lat' dir='ltr'><strong>descendit,</strong></span> <span class='ocrx_word' id='word_1_611' title='bbox 2685 4190 2739 4234; x_wconf 90' lang='lat' dir='ltr'><strong>et</strong></span> <span class='ocrx_word' id='word_1_612' title='bbox 2782 4192 2952 4247; x_wconf 80' lang='lat' dir='ltr'><strong>genus</strong></span> <span class='ocrx_word' id='word_1_613' title='bbox 2994 4178 3286 4233; x_wconf 83' lang='lat' dir='ltr'><strong>humanum</strong></span> <span class='ocrx_word' id='word_1_614' title='bbox 3336 4191 3367 4231; x_wconf 91' lang='lat' dir='ltr'><strong>a</strong></span> <span class='ocrx_word' id='word_1_615' title='bbox 3404 4176 3715 4231; x_wconf 85' lang='lat' dir='ltr'><strong>vulneribus</strong></span> 
     </span>
    </p>
   </div>
   <div class='ocr_carea' id='block_1_87' title="bbox 2133 4274 2729 4348">
    <p class='ocr_par' dir='ltr' id='par_1_87' title="bbox 2133 4274 2729 4348">
     <span class='ocr_line' id='line_1_87' title="bbox 2133 4274 2729 4348; baseline -0.007 -17"><span class='ocrx_word' id='word_1_616' title='bbox 2133 4284 2475 4348; x_wconf 80' lang='lat' dir='ltr'><strong>peccatorum</strong></span> <span class='ocrx_word' id='word_1_617' title='bbox 2500 4274 2729 4328; x_wconf 86' lang='lat' dir='ltr'><strong>curavit.</strong></span> 
     </span>
    </p>
   </div>
   <div class='ocr_carea' id='block_1_88' title="bbox 2204 4358 3703 4435">
    <p class='ocr_par' dir='ltr' id='par_1_88' title="bbox 2204 4358 3703 4435">
     <span class='ocr_line' id='line_1_88' title="bbox 2204 4358 3703 4435; baseline -0.005 -13"><span class='ocrx_word' id='word_1_618' title='bbox 2204 4369 2333 4424; x_wconf 78' lang='lat'><strong>206.</strong></span> <span class='ocrx_word' id='word_1_619' title='bbox 2370 4366 2708 4423; x_wconf 85' lang='lat' dir='ltr'><strong>Stabularius</strong></span> <span class='ocrx_word' id='word_1_620' title='bbox 2752 4362 2950 4435; x_wconf 57' lang='lat' dir='ltr'><strong>(tum)</strong></span> <span class='ocrx_word' id='word_1_621' title='bbox 2994 4361 3223 4431; x_wconf 86' lang='lat' dir='ltr'><strong>apostoli</strong></span> <span class='ocrx_word' id='word_1_622' title='bbox 3269 4369 3429 4428; x_wconf 85' lang='lat' dir='ltr'><strong>sunt,</strong></span> <span class='ocrx_word' id='word_1_623' title='bbox 3460 4358 3544 4415; x_wconf 85' lang='lat' dir='ltr'><strong>vel</strong></span> <span class='ocrx_word' id='word_1_624' title='bbox 3586 4373 3703 4415; x_wconf 86' lang='lat' dir='ltr'><strong>suc-</strong></span> 
     </span>
    </p>
   </div>
   <div class='ocr_carea' id='block_1_89' title="bbox 2134 4451 3721 4525">
    <p class='ocr_par' dir='ltr' id='par_1_89' title="bbox 2134 4451 3721 4525">
     <span class='ocr_line' id='line_1_89' title="bbox 2134 4451 3721 4525; baseline -0.009 -7"><span class='ocrx_word' id='word_1_625' title='bbox 2134 4474 2388 4518; x_wconf 82' lang='lat' dir='ltr'><strong>cessores</strong></span> <span class='ocrx_word' id='word_1_626' title='bbox 2432 4474 2620 4515; x_wconf 88' lang='lat' dir='ltr'><strong>eorum</strong></span> <span class='ocrx_word' id='word_1_627' title='bbox 2649 4456 2741 4525; x_wconf 87' lang='lat' dir='ltr'><strong>qui</strong></span> <span class='ocrx_word' id='word_1_628' title='bbox 2782 4456 3149 4510; x_wconf 73' lang='lat' dir='ltr'><strong>intinnitatem</strong></span> <span class='ocrx_word' id='word_1_629' title='bbox 3199 4461 3435 4509; x_wconf 84' lang='lat' dir='ltr'><strong>nostram</strong></span> <span class='ocrx_word' id='word_1_630' title='bbox 3460 4451 3721 4522; x_wconf 64' lang='lat' dir='ltr'><strong>pradim-</strong></span> 
     </span>
    </p>
   </div>
   <div class='ocr_carea' id='block_1_90' title="bbox 438 4541 2915 4621">
    <p class='ocr_par' dir='ltr' id='par_1_90' title="bbox 438 4541 2915 4621">
     <span class='ocr_line' id='line_1_90' title="bbox 438 4541 2915 4621; baseline -0.002 -17"><span class='ocrx_word' id='word_1_631' title='bbox 438 4548 756 4619; x_wconf 52' lang='lat' dir='ltr'><strong>«quibus,</strong></span> <span class='ocrx_word' id='word_1_632' title='bbox 788 4548 1109 4605; x_wconf 81' lang='lat' dir='ltr'><strong>adveniente</strong></span> <span class='ocrx_word' id='word_1_633' title='bbox 1140 4560 1328 4615; x_wconf 84' lang='lat' dir='ltr'><strong>nocte,</strong></span> <span class='ocrx_word' id='word_1_634' title='bbox 1364 4550 1413 4604; x_wconf 89' lang='lat' dir='ltr'><strong>id</strong></span> <span class='ocrx_word' id='word_1_635' title='bbox 1436 4561 1545 4615; x_wconf 79' lang='lat' dir='ltr'><strong>est,</strong></span> <span class='ocrx_word' id='word_1_636' title='bbox 1580 4552 1761 4607; x_wconf 86' lang='lat' dir='ltr'><strong>saeculi</strong></span> <span class='ocrx_word' id='word_1_637' title='bbox 1791 4552 2029 4607; x_wconf 83' lang='lat' dir='ltr'><strong>adversi-</strong></span> <span class='ocrx_word' id='word_1_638' title='bbox 2052 4541 2110 4604; x_wconf 77' lang='grc' dir='ltr'><strong>Ι)</strong></span> <span class='ocrx_word' id='word_1_639' title='bbox 2138 4556 2287 4610; x_wconf 70' lang='lat' dir='ltr'><strong>time</strong></span> <span class='ocrx_word' id='word_1_640' title='bbox 2313 4551 2622 4621; x_wconf 83' lang='lat' dir='ltr'><strong>evangelica</strong></span> <span class='ocrx_word' id='word_1_641' title='bbox 2653 4555 2915 4603; x_wconf 72' lang='lat' dir='ltr'><strong>recreant.</strong></span> 
     </span>
    </p>
   </div>
   <div class='ocr_carea' id='block_1_91' title="bbox 446 4640 2030 4711">
    <p class='ocr_par' dir='ltr' id='par_1_91' title="bbox 446 4640 2030 4711">
     <span class='ocr_line' id='line_1_91' title="bbox 446 4640 2030 4711; baseline 0.004 -16"><span class='ocrx_word' id='word_1_642' title='bbox 446 4647 574 4706; x_wconf 86' lang='lat' dir='ltr'><strong>tate,</strong></span> <span class='ocrx_word' id='word_1_643' title='bbox 603 4640 818 4711; x_wconf 81' lang='lat' dir='ltr'><strong>quidam</strong></span> <span class='ocrx_word' id='word_1_644' title='bbox 869 4652 1187 4711; x_wconf 78' lang='lat' dir='ltr'><strong>permanent</strong></span> <span class='ocrx_word' id='word_1_645' title='bbox 1226 4642 1279 4696; x_wconf 84' lang='lat' dir='ltr'><strong>in</strong></span> <span class='ocrx_word' id='word_1_646' title='bbox 1328 4642 1434 4696; x_wconf 74' lang='lat' dir='ltr'><strong>(ide</strong></span> <span class='ocrx_word' id='word_1_647' title='bbox 1456 4682 1473 4709; x_wconf 90' lang='lat'><strong>,</strong></span> <span class='ocrx_word' id='word_1_648' title='bbox 1507 4652 1562 4698; x_wconf 89' lang='lat' dir='ltr'><strong>et</strong></span> <span class='ocrx_word' id='word_1_649' title='bbox 1599 4656 1941 4699; x_wconf 87' lang='lat' dir='ltr'><strong>assumuntur</strong></span> <span class='ocrx_word' id='word_1_650' title='bbox 1963 4645 2030 4701; x_wconf 87' lang='lat' dir='ltr'><strong>ad</strong></span> 
     </span>
    </p>
   </div>
   <div class='ocr_carea' id='block_1_92' title="bbox 436 4732 2027 4804">
    <p class='ocr_par' dir='ltr' id='par_1_92' title="bbox 436 4732 2027 4804">
     <span class='ocr_line' id='line_1_92' title="bbox 436 4732 2027 4804; baseline 0.002 -17"><span class='ocrx_word' id='word_1_651' title='bbox 436 4732 628 4797; x_wconf 76' lang='lat' dir='ltr'><strong>vitam,</strong></span> <span class='ocrx_word' id='word_1_652' title='bbox 650 4732 870 4803; x_wconf 78' lang='lat' dir='ltr'><strong>quidam</strong></span> <span class='ocrx_word' id='word_1_653' title='bbox 891 4734 1195 4802; x_wconf 87' lang='lat' dir='ltr'><strong>discedunt,</strong></span> <span class='ocrx_word' id='word_1_654' title='bbox 1218 4744 1275 4789; x_wconf 82' lang='lat' dir='ltr'><strong>et</strong></span> <span class='ocrx_word' id='word_1_655' title='bbox 1292 4735 1669 4804; x_wconf 83' lang='lat' dir='ltr'><strong>relinquuntur</strong></span> <span class='ocrx_word' id='word_1_656' title='bbox 1698 4736 1764 4790; x_wconf 83' lang='lat' dir='ltr'><strong>ad</strong></span> <span class='ocrx_word' id='word_1_657' title='bbox 1793 4753 2027 4803; x_wconf 57' lang='lat' dir='ltr'><strong>poenam.</strong></span> 
     </span>
    </p>
   </div>
   <div class='ocr_carea' id='block_1_93' title="bbox 518 4824 2031 4899">
    <p class='ocr_par' dir='ltr' id='par_1_93' title="bbox 518 4824 2031 4899">
     <span class='ocr_line' id='line_1_93' title="bbox 518 4824 2031 4899; baseline 0.005 -22"><span class='ocrx_word' id='word_1_658' title='bbox 518 4824 646 4879; x_wconf 77' lang='grc'><strong>197.</strong></span> <span class='ocrx_word' id='word_1_659' title='bbox 685 4826 933 4897; x_wconf 79' lang='lat' dir='ltr'><strong>Quinque</strong></span> <span class='ocrx_word' id='word_1_660' title='bbox 958 4828 1195 4897; x_wconf 64' lang='lat' dir='ltr'><strong>virgines</strong></span> <span class='ocrx_word' id='word_1_661' title='bbox 1212 4830 1486 4897; x_wconf 76' lang='lat' dir='ltr'><strong>sapientes</strong></span> <span class='ocrx_word' id='word_1_662' title='bbox 1510 4826 1726 4896; x_wconf 64' lang='lat' dir='ltr'><strong>(Matth.</strong></span> <span class='ocrx_word' id='word_1_663' title='bbox 1755 4832 1881 4899; x_wconf 74' lang='lat' dir='ltr'><strong>xxv)</strong></span> <span class='ocrx_word' id='word_1_664' title='bbox 1912 4845 2031 4885; x_wconf 83' lang='lat' dir='ltr'><strong>oru-</strong></span> 
     </span>
    </p>
   </div>
   <div class='ocr_carea' id='block_1_94' title="bbox 449 4920 2032 4994">
    <p class='ocr_par' dir='ltr' id='par_1_94' title="bbox 449 4920 2032 4994">
     <span class='ocr_line' id='line_1_94' title="bbox 449 4920 2032 4994; baseline 0.004 -20"><span class='ocrx_word' id='word_1_665' title='bbox 449 4934 544 4975; x_wconf 89' lang='lat' dir='ltr'><strong>nes</strong></span> <span class='ocrx_word' id='word_1_666' title='bbox 572 4920 765 4976; x_wconf 65' lang='lat' dir='ltr'><strong>animae</strong></span> <span class='ocrx_word' id='word_1_667' title='bbox 814 4933 1014 4980; x_wconf 69' lang='lat' dir='ltr'><strong>sancta:</strong></span> <span class='ocrx_word' id='word_1_668' title='bbox 1060 4923 1447 4994; x_wconf 87' lang='lat' dir='ltr'><strong>intelliguntur,</strong></span> <span class='ocrx_word' id='word_1_669' title='bbox 1494 4938 1612 4993; x_wconf 64' lang='lat' dir='ltr'><strong>quae</strong></span> <span class='ocrx_word' id='word_1_670' title='bbox 1658 4924 1905 4992; x_wconf 87' lang='lat' dir='ltr'><strong>quoniam</strong></span> <span class='ocrx_word' id='word_1_671' title='bbox 1940 4941 2032 4993; x_wconf 87' lang='lat' dir='ltr'><strong>per</strong></span> 
     </span>
    </p>
   </div>
   <div class='ocr_carea' id='block_1_95' title="bbox 447 5004 2033 5086">
    <p class='ocr_par' dir='ltr' id='par_1_95' title="bbox 447 5004 2033 5086">
     <span class='ocr_line' id='line_1_95' title="bbox 447 5004 2033 5086; baseline 0.004 -19"><span class='ocrx_word' id='word_1_672' title='bbox 447 5013 681 5084; x_wconf 86' lang='lat' dir='ltr'><strong>quinque</strong></span> <span class='ocrx_word' id='word_1_673' title='bbox 726 5004 914 5070; x_wconf 85' lang='lat' dir='ltr'><strong>sensus</strong></span> <span class='ocrx_word' id='word_1_674' title='bbox 961 5018 1204 5086; x_wconf 85' lang='lat' dir='ltr'><strong>corporis</strong></span> <span class='ocrx_word' id='word_1_675' title='bbox 1262 5015 1457 5071; x_wconf 87' lang='lat' dir='ltr'><strong>nullam</strong></span> <span class='ocrx_word' id='word_1_676' title='bbox 1512 5014 1798 5070; x_wconf 87' lang='lat' dir='ltr'><strong>admittunt</strong></span> <span class='ocrx_word' id='word_1_677' title='bbox 1854 5018 2033 5073; x_wconf 84' lang='lat' dir='ltr'><strong>cordis</strong></span> 
     </span>
    </p>
   </div>
   <div class='ocr_carea' id='block_1_96' title="bbox 516 5174 2029 5247">
    <p class='ocr_par' dir='ltr' id='par_1_96' title="bbox 516 5174 2029 5247">
     <span class='ocr_line' id='line_1_96' title="bbox 516 5174 2029 5247; baseline 0.001 -14"><span class='ocrx_word' id='word_1_678' title='bbox 516 5175 646 5233; x_wconf 69' lang='lat'><strong>200.</strong></span> <span class='ocrx_word' id='word_1_679' title='bbox 686 5174 743 5230; x_wconf 83' lang='lat' dir='ltr'><strong>In</strong></span> <span class='ocrx_word' id='word_1_680' title='bbox 770 5182 922 5247; x_wconf 69' lang='lat' dir='ltr'><strong>textu</strong></span> <span class='ocrx_word' id='word_1_681' title='bbox 967 5174 1150 5231; x_wconf 86' lang='lat' dir='ltr'><strong>Grialii</strong></span> <span class='ocrx_word' id='word_1_682' title='bbox 1182 5187 1296 5233; x_wconf 87' lang='lat' dir='ltr'><strong>erat</strong></span> <span class='ocrx_word' id='word_1_683' title='bbox 1325 5196 1381 5233; x_wconf 86' lang='lat' dir='ltr'><strong>ea</strong></span> <span class='ocrx_word' id='word_1_684' title='bbox 1404 5193 1518 5247; x_wconf 64' lang='lat' dir='ltr'><strong>quin</strong></span> <span class='ocrx_word' id='word_1_685' title='bbox 1539 5194 1634 5247; x_wconf 89' lang='lat' dir='ltr'><strong>pro</strong></span> <span class='ocrx_word' id='word_1_686' title='bbox 1659 5194 1816 5247; x_wconf 84' lang='lat' dir='ltr'><strong>eaque</strong></span> <span class='ocrx_word' id='word_1_687' title='bbox 1843 5223 1856 5247; x_wconf 92' lang='lat'><strong>,</strong></span> <span class='ocrx_word' id='word_1_688' title='bbox 1890 5189 1946 5234; x_wconf 93' lang='lat' dir='ltr'><strong>ut</strong></span> <span class='ocrx_word' id='word_1_689' title='bbox 1978 5181 2029 5235; x_wconf 90' lang='lat' dir='ltr'><strong>in</strong></span> 
     </span>
    </p>
   </div>
   <div class='ocr_carea' id='block_1_97' title="bbox 441 5246 2032 5319">
    <p class='ocr_par' dir='ltr' id='par_1_97' title="bbox 441 5246 2032 5319">
     <span class='ocr_line' id='line_1_97' title="bbox 441 5246 2032 5319; baseline 0.002 -16"><span class='ocrx_word' id='word_1_690' title='bbox 441 5246 570 5319; x_wconf 63' lang='lat' dir='ltr'><strong>aliis</strong></span> <span class='ocrx_word' id='word_1_691' title='bbox 600 5261 813 5317; x_wconf 84' lang='lat' dir='ltr'><strong>qunque</strong></span> <span class='ocrx_word' id='word_1_692' title='bbox 834 5246 1007 5302; x_wconf 84' lang='lat' dir='ltr'><strong>Editis</strong></span> <span class='ocrx_word' id='word_1_693' title='bbox 1032 5259 1180 5303; x_wconf 81' lang='lat' dir='ltr'><strong>recte</strong></span> <span class='ocrx_word' id='word_1_694' title='bbox 1208 5246 1429 5319; x_wconf 83' lang='lat' dir='ltr'><strong>apparet</strong></span> <span class='ocrx_word' id='word_1_695' title='bbox 1450 5246 1792 5318; x_wconf 82' lang='lat' dir='ltr'><strong>impressum,</strong></span> <span class='ocrx_word' id='word_1_696' title='bbox 1816 5246 1869 5306; x_wconf 87' lang='lat' dir='ltr'><strong>et</strong></span> <span class='ocrx_word' id='word_1_697' title='bbox 1890 5251 2032 5319; x_wconf 89' lang='lat' dir='ltr'><strong>apud</strong></span> 
     </span>
    </p>
   </div>
   <div class='ocr_carea' id='block_1_98' title="bbox 451 5316 1778 5390">
    <p class='ocr_par' dir='ltr' id='par_1_98' title="bbox 451 5316 1778 5390">
     <span class='ocr_line' id='line_1_98' title="bbox 451 5316 1778 5390; baseline -0.002 -15"><span class='ocrx_word' id='word_1_698' title='bbox 451 5316 710 5390; x_wconf 77' lang='lat' dir='ltr'><strong>Grialium</strong></span> <span class='ocrx_word' id='word_1_699' title='bbox 740 5319 991 5373; x_wconf 87' lang='lat' dir='ltr'><strong>mendum</strong></span> <span class='ocrx_word' id='word_1_700' title='bbox 1035 5316 1256 5374; x_wconf 75' lang='lat' dir='ltr'><strong>videtur</strong></span> <span class='ocrx_word' id='word_1_701' title='bbox 1274 5316 1573 5390; x_wconf 61' lang='lat' dir='ltr'><strong>irrepsisse.</strong></span> <span class='ocrx_word' id='word_1_702' title='bbox 1608 5321 1778 5376; x_wconf 76' lang='lat' dir='ltr'><strong>Aunv.</strong></span> 
     </span>
    </p>
   </div>
   <div class='ocr_carea' id='block_1_99' title="bbox 524 5388 2034 5460">
    <p class='ocr_par' dir='ltr' id='par_1_99' title="bbox 524 5388 2034 5460">
     <span class='ocr_line' id='line_1_99' title="bbox 524 5388 2034 5460; baseline 0.003 -18"><span class='ocrx_word' id='word_1_703' title='bbox 524 5388 649 5444; x_wconf 71' lang='lat'><strong>202.</strong></span> <span class='ocrx_word' id='word_1_704' title='bbox 692 5390 794 5441; x_wconf 81' lang='lat' dir='ltr'><strong>Alii</strong></span> <span class='ocrx_word' id='word_1_705' title='bbox 824 5391 881 5460; x_wconf 72' lang='lat' dir='ltr'><strong>in</strong></span> <span class='ocrx_word' id='word_1_706' title='bbox 921 5394 1084 5458; x_wconf 85' lang='lat' dir='ltr'><strong>primo</strong></span> <span class='ocrx_word' id='word_1_707' title='bbox 1110 5407 1272 5445; x_wconf 85' lang='lat' dir='ltr'><strong>servo.</strong></span> <span class='ocrx_word' id='word_1_708' title='bbox 1305 5388 1489 5445; x_wconf 79' lang='lat' dir='ltr'><strong>Divum</strong></span> <span class='ocrx_word' id='word_1_709' title='bbox 1523 5390 2034 5460; x_wconf 11' lang='lat' dir='ltr'><strong>Gregoriumgsigni-</strong></span> 
     </span>
    </p>
   </div>
   <div class='ocr_carea' id='block_1_100' title="bbox 454 5458 2033 5529">
    <p class='ocr_par' dir='ltr' id='par_1_100' title="bbox 454 5458 2033 5529">
     <span class='ocr_line' id='line_1_100' title="bbox 454 5458 2033 5529; baseline 0.003 -14"><span class='ocrx_word' id='word_1_710' title='bbox 454 5458 598 5524; x_wconf 80' lang='lat' dir='ltr'><strong>ﬂeat,</strong></span> <span class='ocrx_word' id='word_1_711' title='bbox 632 5460 785 5527; x_wconf 88' lang='lat' dir='ltr'><strong>cujus</strong></span> <span class='ocrx_word' id='word_1_712' title='bbox 815 5458 984 5514; x_wconf 81' lang='lat' dir='ltr'><strong>fuitin</strong></span> <span class='ocrx_word' id='word_1_713' title='bbox 1010 5462 1197 5529; x_wconf 87' lang='lat' dir='ltr'><strong>primis</strong></span> <span class='ocrx_word' id='word_1_714' title='bbox 1218 5462 1523 5526; x_wconf 80' lang='lat' dir='ltr'><strong>studiosus;</strong></span> <span class='ocrx_word' id='word_1_715' title='bbox 1556 5462 1601 5515; x_wconf 88' lang='lat' dir='ltr'><strong>is</strong></span> <span class='ocrx_word' id='word_1_716' title='bbox 1627 5458 1768 5515; x_wconf 81' lang='lat' dir='ltr'><strong>enim</strong></span> <span class='ocrx_word' id='word_1_717' title='bbox 1793 5458 1858 5517; x_wconf 86' lang='lat' dir='ltr'><strong>ad</strong></span> <span class='ocrx_word' id='word_1_718' title='bbox 1889 5458 2033 5519; x_wconf 78' lang='lat' dir='ltr'><strong>hunc</strong></span> 
     </span>
    </p>
   </div>
   <div class='ocr_carea' id='block_1_101' title="bbox 456 5531 1783 5601">
    <p class='ocr_par' dir='ltr' id='par_1_101' title="bbox 456 5531 1783 5601">
     <span class='ocr_line' id='line_1_101' title="bbox 456 5531 1783 5601; baseline -0.002 -14"><span class='ocrx_word' id='word_1_719' title='bbox 456 5531 673 5601; x_wconf 78' lang='lat' dir='ltr'><strong>modum</strong></span> <span class='ocrx_word' id='word_1_720' title='bbox 701 5542 891 5601; x_wconf 77' lang='lat' dir='ltr'><strong>traCtat</strong></span> <span class='ocrx_word' id='word_1_721' title='bbox 914 5542 1233 5599; x_wconf 68' lang='lat' dir='ltr'><strong>praesentem</strong></span> <span class='ocrx_word' id='word_1_722' title='bbox 1256 5533 1583 5601; x_wconf 86' lang='lat' dir='ltr'><strong>allegoriam.</strong></span> <span class='ocrx_word' id='word_1_723' title='bbox 1616 5538 1783 5586; x_wconf 64' lang='lat' dir='ltr'><strong>Susa.</strong></span> 
     </span>
    </p>
   </div>
   <div class='ocr_carea' id='block_1_102' title="bbox 420 5598 2031 5671">
    <p class='ocr_par' dir='ltr' id='par_1_102' title="bbox 420 5598 2031 5671">
     <span class='ocr_line' id='line_1_102' title="bbox 420 5598 2031 5671; baseline 0.002 -15"><span class='ocrx_word' id='word_1_724' title='bbox 420 5652 424 5656; x_wconf 88' lang='lat'><strong>.</strong></span> <span class='ocrx_word' id='word_1_725' title='bbox 526 5598 652 5655; x_wconf 68' lang='lat' dir='ltr'><strong>201i.</strong></span> <span class='ocrx_word' id='word_1_726' title='bbox 696 5599 868 5655; x_wconf 79' lang='lat' dir='ltr'><strong>Homo</strong></span> <span class='ocrx_word' id='word_1_727' title='bbox 895 5598 979 5671; x_wconf 73' lang='lat' dir='ltr'><strong>qui</strong></span> <span class='ocrx_word' id='word_1_728' title='bbox 1020 5598 1385 5657; x_wconf 52' lang='lat' dir='ltr'><strong>descendebat:</strong></span> <span class='ocrx_word' id='word_1_729' title='bbox 1410 5604 1503 5655; x_wconf 82' lang='lat' dir='ltr'><strong>Per</strong></span> <span class='ocrx_word' id='word_1_730' title='bbox 1530 5603 1832 5669; x_wconf 80' lang='lat' dir='ltr'><strong>paradisum</strong></span> <span class='ocrx_word' id='word_1_731' title='bbox 1862 5603 2031 5660; x_wconf 73' lang='lat' dir='ltr'><strong>cmic-</strong></span> 
     </span>
    </p>
   </div>
   <div class='ocr_carea' id='block_1_103' title="bbox 456 5673 2033 5742">
    <p class='ocr_par' dir='ltr' id='par_1_103' title="bbox 456 5673 2033 5742">
     <span class='ocr_line' id='line_1_103' title="bbox 456 5673 2033 5742; baseline 0.001 -14"><span class='ocrx_word' id='word_1_732' title='bbox 456 5682 592 5728; x_wconf 82' lang='lat' dir='ltr'><strong>stetn</strong></span> <span class='ocrx_word' id='word_1_733' title='bbox 618 5714 633 5738; x_wconf 91' lang='lat'><strong>,</strong></span> <span class='ocrx_word' id='word_1_734' title='bbox 687 5681 742 5726; x_wconf 91' lang='lat' dir='ltr'><strong>ut</strong></span> <span class='ocrx_word' id='word_1_735' title='bbox 790 5688 942 5727; x_wconf 88' lang='lat' dir='ltr'><strong>error</strong></span> <span class='ocrx_word' id='word_1_736' title='bbox 968 5675 1190 5737; x_wconf 84' lang='lat' dir='ltr'><strong>vitetur,</strong></span> <span class='ocrx_word' id='word_1_737' title='bbox 1226 5673 1518 5728; x_wconf 78' lang='lat' dir='ltr'><strong>leruSaIetn</strong></span> <span class='ocrx_word' id='word_1_738' title='bbox 1550 5674 1737 5727; x_wconf 89' lang='lat' dir='ltr'><strong>civitas</strong></span> <span class='ocrx_word' id='word_1_739' title='bbox 1771 5675 1915 5742; x_wconf 84' lang='lat' dir='ltr'><strong>pacis</strong></span> <span class='ocrx_word' id='word_1_740' title='bbox 1946 5674 2033 5730; x_wconf 86' lang='lat' dir='ltr'><strong>illa</strong></span> 
     </span>
    </p>
   </div>
   <div class='ocr_carea' id='block_1_104' title="bbox 457 5742 2034 5816">
    <p class='ocr_par' dir='ltr' id='par_1_104' title="bbox 457 5742 2034 5816">
     <span class='ocr_line' id='line_1_104' title="bbox 457 5742 2034 5816; baseline -0.002 -13"><span class='ocrx_word' id='word_1_741' title='bbox 457 5744 697 5803; x_wconf 63' lang='lat' dir='ltr'><strong>caelestis</strong></span> <span class='ocrx_word' id='word_1_742' title='bbox 726 5742 1067 5815; x_wconf 84' lang='lat' dir='ltr'><strong>intelligenda</strong></span> <span class='ocrx_word' id='word_1_743' title='bbox 1114 5754 1225 5811; x_wconf 86' lang='lat' dir='ltr'><strong>est,</strong></span> <span class='ocrx_word' id='word_1_744' title='bbox 1255 5759 1287 5799; x_wconf 92' lang='lat' dir='ltr'><strong>a</strong></span> <span class='ocrx_word' id='word_1_745' title='bbox 1310 5744 1459 5815; x_wconf 82' lang='lat' dir='ltr'><strong>cujus</strong></span> <span class='ocrx_word' id='word_1_746' title='bbox 1488 5743 1819 5800; x_wconf 87' lang='lat' dir='ltr'><strong>beatitudine</strong></span> <span class='ocrx_word' id='word_1_747' title='bbox 1852 5744 2034 5816; x_wconf 87' lang='lat' dir='ltr'><strong>lapsus</strong></span> 
     </span>
    </p>
   </div>
   <div class='ocr_carea' id='block_1_105' title="bbox 2215 4633 3720 4709">
    <p class='ocr_par' dir='ltr' id='par_1_105' title="bbox 2215 4633 3720 4709">
     <span class='ocr_line' id='line_1_105' title="bbox 2215 4633 3720 4709; baseline -0.009 -10"><span class='ocrx_word' id='word_1_748' title='bbox 2215 4646 2341 4700; x_wconf 73' lang='lat'><strong>207.</strong></span> <span class='ocrx_word' id='word_1_749' title='bbox 2385 4642 2628 4706; x_wconf 84' lang='lat' dir='ltr'><strong>Ilartita,</strong></span> <span class='ocrx_word' id='word_1_750' title='bbox 2655 4654 2773 4709; x_wconf 86' lang='lat' dir='ltr'><strong>quae</strong></span> <span class='ocrx_word' id='word_1_751' title='bbox 2816 4636 3033 4704; x_wconf 71' lang='lat' dir='ltr'><strong>etcepit</strong></span> <span class='ocrx_word' id='word_1_752' title='bbox 3070 4634 3344 4690; x_wconf 81' lang='lat' dir='ltr'><strong>Christum</strong></span> <span class='ocrx_word' id='word_1_753' title='bbox 3405 4635 3455 4689; x_wconf 93' lang='lat' dir='ltr'><strong>in</strong></span> <span class='ocrx_word' id='word_1_754' title='bbox 3501 4633 3720 4689; x_wconf 86' lang='lat' dir='ltr'><strong>domum</strong></span> 
     </span>
    </p>
   </div>
   <div class='ocr_carea' id='block_1_106' title="bbox 2140 4728 3724 4808">
    <p class='ocr_par' dir='ltr' id='par_1_106' title="bbox 2140 4728 3724 4808">
     <span class='ocr_line' id='line_1_106' title="bbox 2140 4728 3724 4808; baseline -0.01 -11"><span class='ocrx_word' id='word_1_755' title='bbox 2140 4756 2319 4808; x_wconf 86' lang='lat' dir='ltr'><strong>suam,</strong></span> <span class='ocrx_word' id='word_1_756' title='bbox 2338 4747 2395 4793; x_wconf 74' lang='lat' dir='ltr'><strong>et</strong></span> <span class='ocrx_word' id='word_1_757' title='bbox 2422 4741 2474 4791; x_wconf 85' lang='lat' dir='ltr'><strong>in</strong></span> <span class='ocrx_word' id='word_1_758' title='bbox 2500 4737 2603 4789; x_wconf 85' lang='lat' dir='ltr'><strong>hac</strong></span> <span class='ocrx_word' id='word_1_759' title='bbox 2622 4732 2967 4789; x_wconf 80' lang='lat' dir='ltr'><strong>ministrabat</strong></span> <span class='ocrx_word' id='word_1_760' title='bbox 2993 4729 3185 4801; x_wconf 70' lang='grc' dir='ltr'><strong>(Ιόόά.)</strong></span> <span class='ocrx_word' id='word_1_761' title='bbox 3202 4772 3217 4795; x_wconf 86' lang='grc'>,</span> <span class='ocrx_word' id='word_1_762' title='bbox 3249 4728 3513 4799; x_wconf 71' lang='lat' dir='ltr'><strong>signiﬁcat</strong></span> <span class='ocrx_word' id='word_1_763' title='bbox 3542 4729 3724 4785; x_wconf 82' lang='lat' dir='ltr'><strong>Eccle-</strong></span> 
     </span>
    </p>
   </div>
   <div class='ocr_carea' id='block_1_107' title="bbox 2140 4823 3725 4895">
    <p class='ocr_par' dir='ltr' id='par_1_107' title="bbox 2140 4823 3725 4895">
     <span class='ocr_line' id='line_1_107' title="bbox 2140 4823 3725 4895; baseline -0.011 -4"><span class='ocrx_word' id='word_1_764' title='bbox 2140 4836 2298 4895; x_wconf 65' lang='lat' dir='ltr'><strong>sium,</strong></span> <span class='ocrx_word' id='word_1_765' title='bbox 2324 4834 2379 4885; x_wconf 90' lang='lat' dir='ltr'><strong>in</strong></span> <span class='ocrx_word' id='word_1_766' title='bbox 2407 4832 2505 4884; x_wconf 85' lang='lat' dir='ltr'><strong>hac</strong></span> <span class='ocrx_word' id='word_1_767' title='bbox 2526 4829 2631 4882; x_wconf 87' lang='lat' dir='ltr'><strong>vita</strong></span> <span class='ocrx_word' id='word_1_768' title='bbox 2679 4827 2953 4880; x_wconf 75' lang='lat' dir='ltr'><strong>Christum</strong></span> <span class='ocrx_word' id='word_1_769' title='bbox 2997 4826 3049 4879; x_wconf 90' lang='lat' dir='ltr'><strong>iu</strong></span> <span class='ocrx_word' id='word_1_770' title='bbox 3073 4824 3237 4879; x_wconf 86' lang='lat' dir='ltr'><strong>corde</strong></span> <span class='ocrx_word' id='word_1_771' title='bbox 3266 4823 3639 4890; x_wconf 76' lang='lat' dir='ltr'><strong>excipientem,</strong></span> <span class='ocrx_word' id='word_1_772' title='bbox 3670 4828 3725 4875; x_wconf 86' lang='lat' dir='ltr'><strong>et</strong></span> 
     </span>
    </p>
   </div>
   <div class='ocr_carea' id='block_1_108' title="bbox 2141 4919 2999 4994">
    <p class='ocr_par' dir='ltr' id='par_1_108' title="bbox 2141 4919 2999 4994">
     <span class='ocr_line' id='line_1_108' title="bbox 2141 4919 2999 4994; baseline -0.016 -11"><span class='ocrx_word' id='word_1_773' title='bbox 2141 4929 2193 4983; x_wconf 91' lang='lat' dir='ltr'><strong>in</strong></span> <span class='ocrx_word' id='word_1_774' title='bbox 2219 4941 2380 4994; x_wconf 84' lang='lat' dir='ltr'><strong>opere</strong></span> <span class='ocrx_word' id='word_1_775' title='bbox 2402 4921 2620 4992; x_wconf 65' lang='lat' dir='ltr'><strong>jUSllllR‘.</strong></span> <span class='ocrx_word' id='word_1_776' title='bbox 2646 4919 2999 4973; x_wconf 84' lang='lat' dir='ltr'><strong>laborantem.</strong></span> 
     </span>
    </p>
   </div>
   <div class='ocr_carea' id='block_1_109' title="bbox 2214 5001 3724 5079">
    <p class='ocr_par' dir='ltr' id='par_1_109' title="bbox 2214 5001 3724 5079">
     <span class='ocr_line' id='line_1_109' title="bbox 2214 5001 3724 5079; baseline -0.009 -9"><span class='ocrx_word' id='word_1_777' title='bbox 2214 5016 2337 5073; x_wconf 67' lang='lat'><strong>208.</strong></span> <span class='ocrx_word' id='word_1_778' title='bbox 2383 5012 2564 5079; x_wconf 81' lang='lat' dir='ltr'><strong>Maria,</strong></span> <span class='ocrx_word' id='word_1_779' title='bbox 2607 5024 2764 5066; x_wconf 86' lang='lat' dir='ltr'><strong>soror</strong></span> <span class='ocrx_word' id='word_1_780' title='bbox 2802 5008 2953 5078; x_wconf 77' lang='lat' dir='ltr'><strong>eius,</strong></span> <span class='ocrx_word' id='word_1_781' title='bbox 2983 5020 3102 5077; x_wconf 62' lang='lat' dir='ltr'><strong>qua</strong></span> <span class='ocrx_word' id='word_1_782' title='bbox 3130 5006 3354 5060; x_wconf 85' lang='lat' dir='ltr'><strong>sedebat</strong></span> <span class='ocrx_word' id='word_1_783' title='bbox 3386 5016 3541 5059; x_wconf 89' lang='lat' dir='ltr'><strong>secus</strong></span> <span class='ocrx_word' id='word_1_784' title='bbox 3562 5001 3724 5072; x_wconf 86' lang='lat' dir='ltr'><strong>pedes</strong></span> 
     </span>
    </p>
   </div>
   <div class='ocr_carea' id='block_1_110' title="bbox 2135 5167 3725 5249">
    <p class='ocr_par' dir='ltr' id='par_1_110' title="bbox 2135 5167 3725 5249">
     <span class='ocr_line' id='line_1_110' title="bbox 2135 5167 3725 5249; baseline -0.013 -10"><span class='ocrx_word' id='word_1_785' title='bbox 2135 5193 2221 5239; x_wconf 81' lang='lat' dir='ltr'><strong>est</strong></span> <span class='ocrx_word' id='word_1_786' title='bbox 2245 5182 2443 5246; x_wconf 79' lang='lat' dir='ltr'><strong>Adam,</strong></span> <span class='ocrx_word' id='word_1_787' title='bbox 2474 5180 2638 5234; x_wconf 87' lang='lat' dir='ltr'><strong>miser</strong></span> <span class='ocrx_word' id='word_1_788' title='bbox 2662 5178 2830 5249; x_wconf 80' lang='lat' dir='ltr'><strong>factus</strong></span> <span class='ocrx_word' id='word_1_789' title='bbox 2865 5189 2956 5242; x_wconf 86' lang='lat' dir='ltr'><strong>per</strong></span> <span class='ocrx_word' id='word_1_790' title='bbox 2986 5180 3281 5249; x_wconf 77' lang='lat' dir='ltr'><strong>peccatum.</strong></span> <span class='ocrx_word' id='word_1_791' title='bbox 3321 5167 3608 5249; x_wconf 75' lang='lat' dir='ltr'><strong>Descendit</strong></span> <span class='ocrx_word' id='word_1_792' title='bbox 3632 5181 3725 5249; x_wconf 79' lang='lat' dir='ltr'><strong>au-</strong></span> 
     </span>
    </p>
   </div>
   <div class='ocr_carea' id='block_1_111' title="bbox 2146 5240 3720 5315">
    <p class='ocr_par' dir='ltr' id='par_1_111' title="bbox 2146 5240 3720 5315">
     <span class='ocr_line' id='line_1_111' title="bbox 2146 5240 3720 5315; baseline -0.011 -7"><span class='ocrx_word' id='word_1_793' title='bbox 2146 5265 2249 5308; x_wconf 91' lang='lat' dir='ltr'><strong>tem</strong></span> <span class='ocrx_word' id='word_1_794' title='bbox 2288 5254 2337 5306; x_wconf 88' lang='lat' dir='ltr'><strong>itt</strong></span> <span class='ocrx_word' id='word_1_795' title='bbox 2366 5240 2601 5315; x_wconf 77' lang='lat' dir='ltr'><strong>Jei‘icho,</strong></span> <span class='ocrx_word' id='word_1_796' title='bbox 2655 5248 2708 5302; x_wconf 80' lang='lat' dir='ltr'><strong>id</strong></span> <span class='ocrx_word' id='word_1_797' title='bbox 2743 5240 2935 5309; x_wconf 22' lang='lat' dir='ltr'><strong>est,‘in</strong></span> <span class='ocrx_word' id='word_1_798' title='bbox 2988 5243 3240 5315; x_wconf 77' lang='lat' dir='ltr'><strong>mundum</strong></span> <span class='ocrx_word' id='word_1_799' title='bbox 3269 5282 3283 5303; x_wconf 95' lang='lat'><strong>,</strong></span> <span class='ocrx_word' id='word_1_800' title='bbox 3317 5240 3371 5315; x_wconf 66' lang='lat' dir='ltr'><strong>in</strong></span> <span class='ocrx_word' id='word_1_801' title='bbox 3404 5255 3509 5315; x_wconf 69' lang='lat' dir='ltr'><strong>quo</strong></span> <span class='ocrx_word' id='word_1_802' title='bbox 3540 5240 3720 5315; x_wconf 65' lang='lat' dir='ltr'><strong>nuntia</strong></span> 
     </span>
    </p>
   </div>
   <div class='ocr_carea' id='block_1_112' title="bbox 2141 5308 3714 5389">
    <p class='ocr_par' dir='ltr' id='par_1_112' title="bbox 2141 5308 3714 5389">
     <span class='ocr_line' id='line_1_112' title="bbox 2141 5308 3714 5389; baseline -0.01 -12"><span class='ocrx_word' id='word_1_803' title='bbox 2141 5334 2257 5378; x_wconf 82' lang='lat' dir='ltr'><strong>orta</strong></span> <span class='ocrx_word' id='word_1_804' title='bbox 2284 5325 2571 5387; x_wconf 80' lang='lat' dir='ltr'><strong>occidunt,</strong></span> <span class='ocrx_word' id='word_1_805' title='bbox 2591 5308 2600 5315; x_wconf 63' lang='grc'><em>’</em></span> <span class='ocrx_word' id='word_1_806' title='bbox 2622 5323 2759 5375; x_wconf 81' lang='lat' dir='ltr'><strong>sicut</strong></span> <span class='ocrx_word' id='word_1_807' title='bbox 2791 5308 2906 5389; x_wconf 79' lang='lat' dir='ltr'><strong>luna</strong></span> <span class='ocrx_word' id='word_1_808' title='bbox 2936 5355 2951 5380; x_wconf 91' lang='lat'><strong>,</strong></span> <span class='ocrx_word' id='word_1_809' title='bbox 3002 5328 3158 5382; x_wconf 88' lang='lat' dir='ltr'><strong>quam</strong></span> <span class='ocrx_word' id='word_1_810' title='bbox 3190 5312 3455 5389; x_wconf 66' lang='lat' dir='ltr'><strong>signiﬁcat</strong></span> <span class='ocrx_word' id='word_1_811' title='bbox 3480 5308 3714 5389; x_wconf 70' lang='lat' dir='ltr'><strong>.lericho.</strong></span> 
     </span>
    </p>
   </div>
   <div class='ocr_carea' id='block_1_113' title="bbox 2142 5379 3727 5460">
    <p class='ocr_par' dir='ltr' id='par_1_113' title="bbox 2142 5379 3727 5460">
     <span class='ocr_line' id='line_1_113' title="bbox 2142 5379 3727 5460; baseline -0.013 -10"><span class='ocrx_word' id='word_1_812' title='bbox 2142 5396 2311 5450; x_wconf 81' lang='lat' dir='ltr'><strong>Adam</strong></span> <span class='ocrx_word' id='word_1_813' title='bbox 2342 5395 2484 5449; x_wconf 86' lang='lat' dir='ltr'><strong>enim</strong></span> <span class='ocrx_word' id='word_1_814' title='bbox 2510 5433 2526 5456; x_wconf 92' lang='lat'><strong>,</strong></span> <span class='ocrx_word' id='word_1_815' title='bbox 2558 5379 2661 5460; x_wconf 36' lang='lat' dir='ltr'><strong>&#39;qtti</strong></span> <span class='ocrx_word' id='word_1_816' title='bbox 2708 5387 2889 5460; x_wconf 74' lang='lat' dir='ltr'><strong>divino</strong></span> <span class='ocrx_word' id='word_1_817' title='bbox 2915 5379 3183 5460; x_wconf 62' lang='lat' dir='ltr'><strong>pratceplo</strong></span> <span class='ocrx_word' id='word_1_818' title='bbox 3214 5379 3612 5460; x_wconf 57' lang='lat' dir='ltr'><strong>obtemperans,</strong></span> <span class='ocrx_word' id='word_1_819' title='bbox 3644 5379 3727 5460; x_wconf 74' lang='lat' dir='ltr'><strong>tli-</strong></span> 
     </span>
    </p>
   </div>
   <div class='ocr_carea' id='block_1_114' title="bbox 2144 5450 3727 5531">
    <p class='ocr_par' dir='ltr' id='par_1_114' title="bbox 2144 5450 3727 5531">
     <span class='ocr_line' id='line_1_114' title="bbox 2144 5450 3727 5531; baseline -0.013 -12"><span class='ocrx_word' id='word_1_820' title='bbox 2144 5468 2267 5520; x_wconf 89' lang='lat' dir='ltr'><strong>vino</strong></span> <span class='ocrx_word' id='word_1_821' title='bbox 2296 5468 2456 5520; x_wconf 82' lang='lat' dir='ltr'><strong>etiam</strong></span> <span class='ocrx_word' id='word_1_822' title='bbox 2490 5450 2752 5517; x_wconf 75' lang='lat' dir='ltr'><strong>beneﬁcio</strong></span> <span class='ocrx_word' id='word_1_823' title='bbox 2777 5450 2975 5531; x_wconf 76' lang='lat' dir='ltr'><strong>luisset</strong></span> <span class='ocrx_word' id='word_1_824' title='bbox 3007 5453 3319 5531; x_wconf 63' lang='lat' dir='ltr'><strong>immortalis</strong></span> <span class='ocrx_word' id='word_1_825' title='bbox 3346 5493 3359 5531; x_wconf 50' lang='grc' dir='ltr'><strong>τ</strong></span> <span class='ocrx_word' id='word_1_826' title='bbox 3392 5454 3485 5505; x_wconf 90' lang='lat' dir='ltr'><strong>illo</strong></span> <span class='ocrx_word' id='word_1_827' title='bbox 3509 5450 3727 5531; x_wconf 66' lang='lat' dir='ltr'><strong>violato,</strong></span> 
     </span>
    </p>
   </div>
   <div class='ocr_carea' id='block_1_115' title="bbox 2144 5523 3728 5602">
    <p class='ocr_par' dir='ltr' id='par_1_115' title="bbox 2144 5523 3728 5602">
     <span class='ocr_line' id='line_1_115' title="bbox 2144 5523 3728 5602; baseline -0.01 -12"><span class='ocrx_word' id='word_1_828' title='bbox 2144 5541 2329 5591; x_wconf 79' lang='lat' dir='ltr'><strong>mortis</strong></span> <span class='ocrx_word' id='word_1_829' title='bbox 2354 5534 2622 5589; x_wconf 87' lang='lat' dir='ltr'><strong>miseriam</strong></span> <span class='ocrx_word' id='word_1_830' title='bbox 2656 5540 2709 5585; x_wconf 90' lang='lat' dir='ltr'><strong>et</strong></span> <span class='ocrx_word' id='word_1_831' title='bbox 2741 5529 2997 5597; x_wconf 86' lang='lat' dir='ltr'><strong>plurimas</strong></span> <span class='ocrx_word' id='word_1_832' title='bbox 3028 5525 3163 5602; x_wconf 34' lang='lat' dir='ltr'><strong>alias-</strong></span> <span class='ocrx_word' id='word_1_833' title='bbox 3182 5523 3500 5602; x_wconf 64' lang='lat' dir='ltr'><strong>acerbitates</strong></span> <span class='ocrx_word' id='word_1_834' title='bbox 3531 5523 3728 5602; x_wconf 76' lang='lat' dir='ltr'><strong>turrito</strong></span> 
     </span>
    </p>
   </div>
   <div class='ocr_carea' id='block_1_116' title="bbox 2145 5594 3728 5676">
    <p class='ocr_par' dir='ltr' id='par_1_116' title="bbox 2145 5594 3728 5676">
     <span class='ocr_line' id='line_1_116' title="bbox 2145 5594 3728 5676; baseline -0.011 -13"><span class='ocrx_word' id='word_1_835' title='bbox 2145 5620 2431 5676; x_wconf 82' lang='lat' dir='ltr'><strong>perpessus</strong></span> <span class='ocrx_word' id='word_1_836' title='bbox 2483 5614 2586 5676; x_wconf 61' lang='lat' dir='ltr'><strong>est.</strong></span> <span class='ocrx_word' id='word_1_837' title='bbox 2656 5594 2753 5676; x_wconf 74' lang='lat' dir='ltr'><strong>Sic</strong></span> <span class='ocrx_word' id='word_1_838' title='bbox 2786 5602 2944 5676; x_wconf 63' lang='lat' dir='ltr'><strong>etum</strong></span> <span class='ocrx_word' id='word_1_839' title='bbox 2975 5597 3191 5676; x_wconf 48' lang='lat' dir='ltr'><strong>espOItit</strong></span> <span class='ocrx_word' id='word_1_840' title='bbox 3242 5594 3379 5649; x_wconf 86' lang='lat' dir='ltr'><strong>hanc</strong></span> <span class='ocrx_word' id='word_1_841' title='bbox 3419 5594 3728 5676; x_wconf 70' lang='lat' dir='ltr'><strong>allegoriam</strong></span> 
     </span>
    </p>
   </div>
   <div class='ocr_carea' id='block_1_117' title="bbox 2144 5662 3623 5743">
    <p class='ocr_par' dir='ltr' id='par_1_117' title="bbox 2144 5662 3623 5743">
     <span class='ocr_line' id='line_1_117' title="bbox 2144 5662 3623 5743; baseline -0.014 -9"><span class='ocrx_word' id='word_1_842' title='bbox 2144 5662 2330 5734; x_wconf 76' lang='lat' dir='ltr'><strong>beatus</strong></span> <span class='ocrx_word' id='word_1_843' title='bbox 2361 5673 2688 5743; x_wconf 87' lang='lat' dir='ltr'><strong>Augustinus</strong></span> <span class='ocrx_word' id='word_1_844' title='bbox 2714 5673 2762 5725; x_wconf 92' lang='lat' dir='ltr'><strong>in</strong></span> <span class='ocrx_word' id='word_1_845' title='bbox 2792 5666 2886 5727; x_wconf 80' lang='lat' dir='ltr'><strong>lib.</strong></span> <span class='ocrx_word' id='word_1_846' title='bbox 2914 5669 2980 5723; x_wconf 87' lang='lat' dir='ltr'><strong>de</strong></span> <span class='ocrx_word' id='word_1_847' title='bbox 3003 5662 3203 5735; x_wconf 67' lang='lat' dir='ltr'><strong>Qua-St.</strong></span> <span class='ocrx_word' id='word_1_848' title='bbox 3235 5680 3423 5735; x_wconf 83' lang='lat' dir='ltr'><strong>evang.</strong></span> <span class='ocrx_word' id='word_1_849' title='bbox 3456 5662 3623 5718; x_wconf 74' lang='lat' dir='ltr'><strong>Sunt.</strong></span> 
     </span>
    </p>
   </div>
  </div>
