4056 6350
286 262 402 327 us

1111 262 1519 323 Αιιεοοιιιέι
1556 257 1877 332 ρυΕῦΑΜ
1914 254 2323 316 SGMPTURE
2356 252 2633 315 εΑοιω.

3458 256 3564 314 156

284 384 527 449 Christi,
575 390 631 438 et
680 381 932 438 audiebat
978 379 1200 436 verbum
1257 378 1486 450 (Ibit),
1546 370 1957 433 demonstratA
2050 366 2180 425 2N.
2219 367 2407 425 Muller
2436 381 2593 436 quas,
2622 364 2812 422 decem
2845 373 2899 421 et
2925 374 3048 423 octo
3070 379 3243 423 annos
3269 365 3561 424 inﬁrmita-

293 478 539 534 eamdem
567 476 862 533 Ecclesiam
889 520 904 544 ,
938 474 989 529 in
1018 473 1201 529 futuro
1222 473 1420 526 sarculo
1449 470 1517 525 ab
1538 469 1686 525 omni
1716 482 1879 536 opere

1985 470 2090 515 tem
2122 459 2348 529 habens,
2379 474 2408 512 a
2434 457 2661 514 Domino
2690 466 2872 513 curata
2901 466 2983 513 est
3014 456 3169 528 (Luc.
3202 456 3348 530 xm),
3379 458 3565 514 Eccle-

283 583 636 637 cessantem,
694 578 751 625 et
816 571 870 622 in
933 568 1047 622 sola
1092 564 1546 647 cmucmplatione
1596 559 1878 629 sapientiae
1981 556 2076 609 sia:
2104 563 2260 625 typus
2288 562 2408 619 est,
2458 568 2578 623 qua:
2625 553 2679 607 in
2722 552 2827 606 ﬁne
2855 561 3149 620 temporum
3187 552 3411 606 salutem
3441 551 3566 607 fidei

278 663 494 720 Christi
520 662 973 733 "quiescentem.

1980 656 2270 702 consecuta
2294 655 2397 700 est.
2439 646 2546 701 Sex
2576 645 2719 699 enim
2756 643 2999 698 aetatibus
3031 643 3261 699 mundus
3294 644 3397 700 iste
3422 660 3568 699 eom-

364 755 494 811 209.
538 755 712 809 Homo
741 753 833 823 qui
864 750 1043 806 media
1086 757 1249 804 nocte
1282 750 1586 816 postutabat
1608 747 1679 799 ab
1705 756 1883 799 amico
1985 738 2160 806 pietur
2192 735 2345 807 147
2395 736 2547 805 cujus
2593 745 2770 791 tamen
2804 743 3013 805 tempus
3050 734 3217 790 habet
3246 737 3566 806 tripertitam

293 857 406 902 tres
429 860 598 914 panes
618 844 773 916 (Luc.
791 844 897 909 xtl,
921 840 1323 896 similitudinem
1344 836 1597 907 exprimit
1620 835 1883 906 cujusque
1984 830 2384 897 discretionem,
2426 845 2585 884 unam
2637 837 2763 884 ante
2809 829 3018 899 legem,
3069 831 3290 886 alteram
3339 832 3391 885 in
3428 832 3567 900 lege,

288 938 346 991 in
376 937 553 992 media
581 935 929 991 tribulatione
974 934 1260 989 Dominum
1308 930 1664 1003 postulantis,
1709 935 1767 984 ut
1790 928 1885 983 det

294 1028 343 1081 ei
376 1029 661 1083 scientiam
690 1024 990 1080 Trinitatis.

1987 925 2196 979 tertiam
2224 923 2324 978 sub
2349 924 2542 994 gratia.
2602 923 2796 979 Sexies
2828 938 2956 995 ergo
2985 924 3123 979 terni
3150 924 3334 981 decem
3371 934 3425 981 et
3450 935 3573 982 octo

1980 1017 2265 1084 efﬁciunt,
2311 1030 2419 1085 quo
2460 1030 2684 1070 numero
2734 1026 2942 1085 tempus
2987 1017 3087 1071 hoc
3145 1027 3343 1073 nostra
3383 1017 3572 1074 snlutis

374 1117 536 1187 ιω
558 1117 686 1171 210.
726 1116 913 1181 Dives,
942 1115 1097 1183 cujus
1127 1112 1321 1168 uberes
1351 1113 1554 1166 [ructus
1583 1124 1713 1180 ager
1739 1118 1881 1162 attu-
1984 1110 2305 1175 insinuatur,
2332 1108 2569 1178 quando,
2600 1122 2629 1160 a
2661 1107 2874 1163 Satana:
2906 1108 3131 1164 vinculis
3159 1109 3318 1164 soluti
3338 1151 3354 1175 ,
3381 1110 3575 1179 quibus

295 1211 537 1280 iit(Latc.
590 1211 712 1280 xu),
756 1208 1021 1278 signiﬁcat
1067 1208 1342 1263 hominem
1372 1204 1596 1259 luxuriis
1622 1203 1880 1269 deditum,

1986 1204 2189 1260 curvati
2228 1218 2481 1270 eramus,
2527 1202 2727 1256 donum
2775 1202 2964 1256 salutis
3017 1210 3070 1258 et
3114 1217 3268 1271 spem
3314 1216 3567 1273 supernae

290 1316 352 1361 et
380 1305 744 1360 abundantem
762 1304 1030 1373 peccatis,
1060 1318 1217 1373 quem
1250 1300 1601 1355 immoderate
1630 1298 1743 1366 plus
1770 1312 1888 1351 am-
1987 1296 2452 1369 contemplationis
2478 1297 2791 1363 accipimus.

293 1399 444 1468 ptius
471 1412 700 1466 peccare
738 1397 1137 1452 desiderantem
1172 1395 1345 1466 arguit
1376 1392 1632 1447 Dominus
1660 1392 1883 1447 dicens:

296 1490 488 1556 Stulte,
517 1489 615 1543 hac
643 1498 788 1543 nocte
840 1490 1078 1557 auferunt
1105 1490 1330 1543 animam
1379 1497 1519 1541 tuam
1544 1487 1632 1541 abs
1662 1493 1747 1550 te;
1774 1500 1888 1553 qua

298 1576 519 1653 parasti,
551 1584 699 1653 cujus
727 1592 872 1635 erunt
893 1583 917 1634 ζ)

374 1671 504 1727 Ἧι.
548 1672 802 1741 Quinque
834 1671 912 1726 illi
940 1672 992 1727 in
1016 1671 1175 1726 domo
1200 1687 1329 1740 una,
1357 1671 1406 1727 id
1436 1682 1538 1737 est,
1570 1680 1741 1741 pater,
1774 1684 1887 1723 tna-

2059 1391 2164 1447 215
2178 1430 2194 1445 .
2236 1392 2568 1463 Hydropicus
2586 1406 2743 1459 quem
2766 1390 3023 1445 Dominus
3040 1392 3245 1447 curavit
3264 1390 3441 1463 (Luca
3458 1390 3575 1460 ιη)

1989 1485 2330 1541 demonstrat
2364 1499 2457 1541 eos
2506 1498 2639 1555 quos
2686 1483 2860 1540 ﬂuxus
2902 1483 3194 1540 carnalium
3242 1483 3576 1554 voluptatum

1993 1579 2301 1634 exuberans
2323 1584 2602 1647 aggravat.

2066 1668 2190 1724 216.
2234 1669 2406 1724 Homo
2428 1668 2634 1723 habens
2654 1669 2790 1723 duos
2818 1668 2956 1723 ﬁlios
2988 1667 3139 1733 (Luc.
3163 1666 3261 1737 xv)
3294 1667 3432 1722 Deus
3469 1675 3575 1734 est,

294 1777 407 1831 ter,
457 1766 623 1831 ﬁlius,
687 1766 813 1832 ﬁlia,
865 1780 1053 1831 nurus,
1096 1782 1159 1821 ex
1206 1766 1398 1835 quibus
1444 1766 1552 1821 duo
1578 1766 1633 1820 in
1666 1775 1796 1824 tres.
1829 1771 1886 1818 et
1914 1742 1966 1805 Β
1995 1764 2199 1819 habens
2229 1763 2364 1818 duos
2386 1807 2390 1811 «
2415 1762 2663 1830 populos,
2693 1776 2920 1830 quorum
2951 1758 3124 1831 major
3154 1759 3379 1829 ﬁguram
3406 1759 3577 1814 tenuit

290 1869 410 1915 tres
436 1859 492 1914 in
518 1858 653 1913 duos
675 1858 988 1914 dividuntur
1016 1858 1233 1930 (lbid.),
1259 1858 1562 1927 signiﬁcant
1592 1860 1885 1913 humanum

294 1965 471 2021 genus
522 1949 627 2006 fide
672 1960 729 2005 et
768 1951 1025 2021 religione
1070 1952 1300 2006 invicem
1333 1961 1659 2020 separatum.
1691 1954 1885 2022 partim

224 2108 233 2113 _
296 2044 358 2099 in
384 2044 705 2100 discissione
738 2045 1075 2114 schistnatis,
1106 2046 1245 2114 quod
1277 2045 1384 2099 duo
1407 2046 1738 2114 signiﬁcant,
1770 2062 1890 2115 par-

301 2137 401 2191 tim
424 2136 480 2190 in
505 2150 734 2190 numero
762 2137 1033 2201 trinitatis,
1062 2138 1208 2207 quod
1244 2138 1341 2191 tria
1370 2137 1766 2193 demonstrant.
1798 2140 1892 2195 Di-

301 2233 454 2287 visus
497 2242 581 2288 est
622 2232 764 2288 enim
813 2234 952 2289 ﬁlius
979 2235 1237 2290 adversus
1268 2244 1469 2302 patrem
1492 2250 1671 2302 suum,
1700 2238 1753 2291 id
1784 2247 1889 2305 est,

300 2326 533 2395 populus
555 2341 622 2381 ex
642 2325 897 2395 gentibus
918 2328 1138 2382 veniens
1167 2328 1422 2383 adversus
1441 2329 1734 2393 diabolum,
1762 2345 1885 2386 cum

299 2431 415 2484 quo
446 2427 604 2474 antea
634 2419 806 2474 fuerat
833 2419 1091 2475 sociatus.
1150 2420 1324 2475 Divisa
1354 2429 1440 2475 est
1466 2430 1523 2476 et
1560 2422 1667 2476 ﬁlia
1696 2424 1892 2478 adver-

294 2522 401 2566 sus
428 2518 654 2566 matrem
699 2526 850 2567 suam
874 2550 891 2577 ,
923 2511 975 2566 id
1003 2523 1085 2567 est
1105 2554 1122 2580 ,
1168 2513 1323 2580 plebs
1348 2528 1411 2567 et
1442 2513 1643 2569 ludatis
1663 2516 1890 2571 credens

304 2598 574 2656 adversus
624 2602 843 2671 impiam
884 2601 1241 2673 Syuagogam.
1298 2603 1473 2658 Divisa
1518 2615 1603 2660 est
1642 2614 1697 2661 et
1724 2622 1889 2662 nurus

304 2693 573 2750 adversus
600 2708 814 2751 socrum
857 2710 1006 2750 suam
1032 2736 1058 2761 ι
1080 2696 1321 2751 Ecclesia
1350 2697 1598 2753 videlicet
1617 2713 1681 2753 ex
1715 2699 1891 2769 genti-

304 2784 410 2840 bus
437 2784 692 2841 adversus
718 2796 943 2842 matrem
973 2790 1153 2856 sponsi
1184 2788 1267 2843 sui
1297 2787 1662 2860 Synagogam,
1694 2794 1761 2846 de
1789 2806 1893 2861 qua

306 2877 601 2932 secundum
645 2893 863 2934 carnem
914 2880 1155 2935 Christus
1204 2880 1376 2937 fuerat
1417 2895 1746 2951 procreatus.
1786 2882 1891 2948 Qui

310 2962 563 3024 homines
594 2981 912 3040 separantur
934 2972 1034 3026 sibi
1066 2972 1316 3040 invicem,
1348 2973 1437 3027 alii
1462 2983 1726 3030 terrenam
1746 3016 1764 3043 ,
1800 2975 1893 3030 alii

306 3064 583 3122 western
616 3063 840 3133 gloriam
872 3072 1208 3134 appetentes.

382 3154 512 3211 212.
553 3154 759 3210 Galilaei
792 3173 919 3213 xvnt
946 3174 1107 3227 super
1133 3174 1263 3227 quos
1294 3160 1489 3215 cecidit
1518 3164 1678 3217 turris
1702 3163 1757 3218 in
1809 3162 1896 3218 Si-

308 3249 396 3305 loe
421 3290 438 3317 ,
470 3258 527 3304 et
570 3249 764 3304 occidit
814 3267 908 3305 eos
954 3251 1105 3321 (Luc.
1140 3252 1281 3323 xm),
1310 3255 1583 3308 interitum
1609 3255 1779 3324 plebis
1803 3255 1897 3311 Ju-

310 3339 551 3396 daeorum
583 3339 835 3396 insinuat.
879 3328 1081 3398 Decem
1112 3352 1167 3398 et
1196 3353 1317 3399 octo
1343 3346 1484 3399 enim
1511 3347 1647 3414 apud
1680 3347 1897 3402 Graecos

311 3444 377 3485 ex
398 3430 535 3500 iota,
572 3453 612 3502 ι,
644 3442 697 3487 et
719 3442 826 3500 eta,
857 3456 909 3501 η,
941 3434 1130 3488 litteris
1173 3436 1558 3504 exprimuntur,
1610 3438 1800 3507 quibus
1834 3441 1896 3493 ﬁ-

310 3522 460 3591 guris
508 3537 702 3578 nomen
747 3523 903 3579 Iesus
948 3526 1219 3593 scribitur,
1266 3527 1322 3580 in
1367 3538 1523 3598 quem
1566 3529 1641 3584 illi
1671 3530 1893 3587 credere

306 3611 564 3670 nolentes
608 3615 809 3684 pariter
835 3631 865 3670 a
896 3615 1150 3674 Romanis
1180 3632 1300 3673 cum
1342 3633 1436 3674 sua
1476 3619 1610 3677 urbe
1642 3624 1894 3692 prostrati

311 3717 459 3767 lunt.
1384 3724 1389 3727 '

376 3800 508 3859 215.
552 3802 727 3859 Homo
756 3820 845 3875 qut
890 3804 1133 3861 arborem
1166 3804 1255 3862 ﬁci
1294 3805 1348 3862 in
1378 3807 1534 3863 vinea
1562 3821 1654 3861 sua
1684 3806 1892 3878 planta-

306 3892 409 3959 vit,
440 3895 684 3951 Christus
709 3906 811 3964 est,
854 3897 942 3967 qui
982 3897 1319 3970 Synagogam
1356 3898 1409 3954 in
1439 3898 1661 3956 Judaico
1694 3900 1891 3971 populo

314 3987 576 4057 condidit,
609 4002 766 4060 quam
799 4004 919 4047 cum
971 3992 1255 4060 Dominus,
1308 3993 1457 4061 quasi
1488 3993 1753 4059 inutilem,
1777 3992 1892 4064 jus-

314 4078 475 4136 sisset
502 4081 740 4148 abscidi,
786 4081 845 4136 ﬁt
872 4080 947 4137 illi
978 4098 1005 4136 a
1037 4082 1239 4139 colonis
1268 4084 1527 4154 apostolis
1548 4086 1689 4140 fossa
1719 4086 1893 4139 humi-

316 4170 503 4237 litatis,
547 4171 829 4228 adhibetur
860 4184 1087 4237 stercus,
1121 4174 1172 4229 id
1198 4186 1279 4230 est
1307 4218 1321 4241 ,
1348 4175 1616 4231 confessio
1646 4186 1891 4245 peccato-

315 4276 474 4329 rum;
514 4265 702 4334 sicque
743 4266 794 4319 in
842 4264 1138 4320 novissimo
1180 4266 1458 4323 credendo
1478 4266 1893 4324 commutabitur

316 4353 369 4409 in
394 4353 611 4421 melius,
642 4353 893 4425 dabitque
919 4354 1124 4411 fructus
1150 4357 1374 4427 justitim
1402 4356 1671 4427 copiosos.

1991 1856 2297 1911 Judazorum
2327 1896 2339 1919 ,
2370 1854 2460 1923 qui
2490 1851 2782 1922 permansit
2812 1852 2863 1904 in
2896 1850 2989 1904 Dei
3018 1849 3202 1914 cultu;
3235 1850 3373 1903 alter
3400 1848 3580 1918 iunior

1991 1949 2232 2021 gentium
2259 1987 2274 2013 ,
2325 1946 2415 2016 qui
2441 1986 2459 2013 ,
2490 1944 2769 2001 conditore
2792 1944 3015 1998 deserto
3038 1982 3055 2008 ,
3081 1956 3269 1997 servus
3302 1938 3476 1995 lactus
3500 1945 3585 1994 est

1993 2042 2280 2104 idolorum,
2313 2052 2471 2106 quem
2496 2051 2591 2105 per
2612 2042 2905 2105 egestatem
2928 2032 3054 2088 ﬁdei
3077 2041 3445 2089 revertentem
3470 2030 3581 2087 cle-

1991 2143 2205 2189 tuenter
2227 2130 2463 2199 suscepit
2487 2127 2628 2183 Deus
2659 2126 2841 2191 Pater,
2873 2136 2925 2179 et
2950 2140 3046 2194 pro
3074 2123 3430 2179 conversione
3462 2122 3580 2192 ejus

1992 2226 2092 2279 sub
2116 2226 2266 2279 vituli
2298 2236 2422 2294 typo
2450 2220 2689 2277 immolat
2717 2218 2911 2272 Filium
2934 2217 3172 2283 unicum;
3203 2216 3393 2271 tribuit
3420 2214 3583 2271 etiam

1991 2316 2247 2371 annulum
2300 2315 2422 2369 fidei
2451 2356 2465 2380 ,
2514 2322 2571 2367 et
2611 2312 2745 2364 stola
2780 2308 3195 2363 immortalitatis
3228 2304 3397 2362 induit
3429 2321 3573 2372 eum,

1993 2421 2298 2477 quanquam
2327 2404 2546 2460 Judazus
2586 2399 2757 2456 frater
2806 2398 2989 2453 livoris
3018 2407 3329 2466 torqueatur
3356 2396 3583 2460 invidia,

1994 2513 2216 2573 propter
2241 2504 2466 2556 salutem
2492 2511 2669 2554 tamen
2692 2500 2809 2569 ejus
2827 2496 3077 2567 gaudium
3106 2492 3340 2551 concinit
3361 2492 3584 2564 angelo-

1996 2614 2113 2652 rum
2136 2595 2478 2665 symphonia.

2065 2688 2190 2742 917.
2230 2689 2577 2756 Dispensator
2602 2684 2856 2753 prodigus
2881 2724 2896 2749 ,
2926 2696 3084 2751 quem
3120 2680 3367 2736 dominus
3394 2695 3424 2733 a
3447 2678 3590 2732 villi-

1995 2781 2207 2837 catione
2230 2776 2493 2833 removeri
2512 2775 2783 2843 praecepit,
2806 2782 2860 2829 et
2876 2772 3117 2827 fraudem
3141 2772 3344 2826 faciens
3365 2769 3584 2826 domino

1997 2889 2115 2939 suo,
2146 2872 2405 2927 relaxavit
2436 2870 2767 2924 debitoribus
2800 2878 3029 2937 partem,
3062 2876 3119 2921 ut
3172 2865 3396 2921 haberet
3444 2863 3585 2919 unde

1998 2967 2049 3021 in
2075 2972 2343 3033 posterum
2366 2964 2567 3017 viveret
2616 2959 2770 3027 (Luc.
2787 2959 2897 3030 xvr)
2928 3000 2945 3026 ,
2980 2958 3096 3012 lucc
3138 2965 3469 3026 comparatto
3518 2952 3589 3010 ad

1998 3055 2307 3125 exemplum
2337 3063 2579 3108 nostrum
2594 3053 2867 3123 preposita
2896 3059 3001 3116 est;
3026 3064 3146 3103 nam
3178 3050 3223 3104 si
3248 3048 3337 3104 ille
3358 3063 3386 3101 a
3411 3046 3585 3102 domi-

2000 3166 2069 3205 no
2100 3162 2199 3204 suo
2227 3147 2429 3201 laudari
2462 3144 2776 3215 promeruit,
2797 3144 2942 3213 quia,
2970 3140 3213 3195 fraudem
3236 3140 3287 3194 ei
3339 3126 3587 3204 faciens:

2001 3245 2052 3297 in
2084 3253 2353 3310 posterum
2410 3238 2512 3294 sibi
2542 3237 2611 3292 de
2658 3237 2848 3291 alienis
2875 3234 3037 3288 rebus
3068 3232 3338 3302 providit,
3384 3238 3587 3299 quanto

2000 3333 2169 3405 magis
2204 3332 2417 3387 Christo
2450 3330 2663 3400 placere
2693 3342 2978 3397 possumus
3007 3367 3021 3390 ,
3054 3325 3097 3378 si
3129 3339 3196 3379 ex
3225 3324 3457 3393 propriis
3492 3336 3590 3376 no-

1999 3430 2126 3484 stris
2171 3424 2593 3481 misericordiam
2624 3419 2987 3490 indigentibus
3019 3416 3308 3484 faciamus,
3338 3430 3369 3472 a
3393 3414 3589 3485 quibus

1998 3520 2162 3587 recipi
2195 3519 2246 3573 in
2270 3528 2467 3573 reterns
2500 3513 2840 3569 tabernacula
2870 3509 3186 3579 possimus?

2074 3612 2198 3667 218.
2242 3607 2500 3677 Divesqui
2522 3604 2842 3661 induebatur
2856 3617 3089 3672 purpura
3112 3609 3168 3655 et
3198 3600 3361 3669 bysso
3393 3593 3589 3671 (Ibid.)

2001 3704 2266 3776 signiﬁcat
2290 3700 2598 3758 Judaeorum
2625 3694 2932 3763 superbiam
2961 3735 2976 3761 ,
3004 3688 3286 3746 ﬂorentem
3316 3687 3586 3759 quondam

2002 3797 2212 3868 imperii
2245 3794 2512 3857 claritate,
2540 3789 2623 3844 vel
2654 3785 2878 3843 honoris
2908 3781 3244 3839 excellentia.

2081 3885 2380 3962 148219.
2410 3880 2683 3940 Mendicus
2727 3879 3003 3934 ulcerosus
3045 3870 3590 3948 (Ibid.)demonstrat

1997 3984 2250 4056 gentilem
2287 3979 2560 4051 populum,
2592 3972 3017 4032 confessionibus
3042 3980 3380 4040 peccatorum
3411 3965 3588 4023 humi-

1994 4078 2201 4133 liatum.

2062 4170 2189 4224 220.
2230 4166 2476 4235 Quinque
2498 4162 2691 4218 fratres
2720 4158 3073 4216 divitis'illius
3096 4155 3185 4225 qui
3214 4150 3354 4226 apud
3384 4152 3587 4208 inferos

1995 4264 2341 4334 torquebatur
2370 4258 2420 4330 (ι
2431 4257 2561 4329 bid.)
2593 4255 2766 4314 Judaei
2794 4253 3183 4325 intelliguntur,
3201 4251 3292 4322 qui
3313 4249 3412 4306 sub
3434 4246 3591 4318 quin-

1994 4375 2099 4430 que
2127 4358 2277 4414 libris
2307 4351 2468 4426 positi
2497 4360 2639 4407 sunt.

384 4540 515 4615 210.
547 4540 607 4615 In
647 4542 934 4615 Evangelio
974 4542 1147 4615 sancti
1192 4540 1351 4596 Luca
1371 4556 1536 4615 ,cap.
1574 4542 1663 4607 13,
1693 4542 1788 4607 20,
1819 4545 1900 4599 sic
1928 4551 1981 4610 1)
2006 4544 2201 4615 quibus
2230 4540 2537 4615 exemplum
2566 4537 2803 4608 ponitur,
2831 4534 3413 4615 et.tacentur_nom‘ipa.
3445 4532 3592 4615 Prte-

314 4629 459 4669 nunc
488 4612 719 4681 legitur:
768 4614 950 4679 Stulte,
994 4614 1090 4666 hac
1139 4620 1282 4666 nocte
1322 4614 1545 4666 animum
1585 4623 1725 4667 tuam
1752 4630 1897 4682 repe-

316 4694 433 4755 tunt
460 4700 492 4755 ᾳ
521 4693 567 4735 te
555 4698 599 4755 _;
626 4699 741 4753 qua:
767 4695 935 4755 autem
965 4682 1181 4755 parasti,
1209 4684 1354 4754 cujus
1383 4685 1571 4737 erunt?
1600 4688 1772 4755 Attev.

220 4758 225 4763 ‘
383 4752 513 4808 212.
555 4751 687 4808 Dum
714 4755 896 4819 primae
925 4751 1117 4809 litterae
1148 4751 1348 4807 Graecae
1381 4755 1612 4809 nominis
1637 4754 1763 4809 Jesu
1795 4778 1811 4810 ι
1841 4764 1896 4810 et

314 4847 368 4891 η,
405 4825 608 4895 habita
638 4824 849 4880 fuerunt
895 4840 924 4878 a
966 4825 1237 4881 veteribus
1278 4824 1599 4880 Christianis
1623 4841 1721 4895 pro
1748 4840 1897 4880 com-

316 4892 516 4965 pendio
558 4896 793 4950 nominis
838 4897 987 4967 Jesu.
1053 4896 1356 4967 Scriptores
1380 4901 1469 4967 qui
1494 4892 1777 4952 numerum
1799 4899 1897 4952 de-

314 4975 434 5021 cem
464 4977 519 5021 et
558 4977 682 5022 oeto
729 4968 782 5021 in
842 4966 925 5021 his
954 4966 1155 5022 duabus
1186 4967 1381 5021 litteris
1402 4966 1468 5022 ad
1493 4967 1891 5036 interpretatio-

313 5052 439 5092 nem
473 5036 1010 5108 aliquamimysticam
1042 5051 1136 5092 seu
1166 5037 1499 5099 allegoricam
1537 5049 1888 5107 agnoverunt,

314 5109 565 5178 recensni
614 5108 666 5160 in
705 5107 1089 5178 Prudentianis
1112 5149 1128 5173 ,
1180 5121 1332 5161 num.
1376 5109 1477 5162 194
1502 5116 1557 5162 et
1585 5124 1740 5178 seqq.
1771 5123 1892 5164 cum

312 5179 481 5249 notis.
505 5177 610 5249 Pr_o
633 5178 857 5232 insinuat
870 5176 1099 5233 fortasse
1115 5178 1394 5249 legendum
1422 5176 1890 5235 insinuantIAnev.

382 5245 711 5321 2|8._Dives
733 5251 821 5320 qui
844 5245 1431 5321 induebaturfpurpura
1469 5259 1518 5321 et
1551 5251 1698 5321 bysso
1728 5252 1894 5321 signi-

310 5320 473 5400 ﬁcat.
510 5318 967 5400 'i‘iteophylactus,
1021 5319 1272 5400 eruditus
1306 5320 1359 5400 in
1402 5318 1597 5399 primis
1640 5318 1889 5400 scriptor,

306 5405 423 5445 non
443 5390 708 5444 dubitavit
732 5390 999 5445 afﬁrmare
1026 5392 1204 5446 divitis
1227 5398 1282 5443 et
1310 5390 1498 5444 Lazari
1542 5406 1647 5445 non
1671 5394 1887 5458 quidem

309 5460 624 5533 historiam,
652 5461 742 5533 sed
767 5462 944 5516 ﬁctam
990 5476 1108 5517 esse
1139 5462 1466 5533 parabolatn,
1496 5477 1614 5530 qua:
1647 5472 1895 5515 narratur

308 5546 337 5585 a
377 5530 624 5594 Domino;
656 5528 739 5586 cui
769 5540 943 5587 tamen
969 5528 1159 5588 nomen
1212 5532 1399 5586 Lazari
1432 5528 1707 5600 perspicue
1739 5547 1899 5598 repu-

306 5610 465 5673 gnat.
485 5600 620 5656 Nam
636 5604 862 5673 egregie
886 5604 1167 5657 nit-beatus
1189 5604 1601 5673 Cltrysostnmus
1629 5643 1644 5667 ,
1669 5605 1721 5656 itt
1744 5603 1894 5661 hom.

310 5670 369 5727 in
400 5670 533 5744 huc.
566 5710 585 5740 ,
612 5672 683 5744 de
710 5670 861 5744 patre
882 5684 935 5729 et
963 5676 1169 5729 duobus
1196 5670 1315 5728 ﬁliis
1353 5689 1369 5728 :
1400 5672 1468 5727 In
1495 5675 1743 5744 parabola
1794 5691 1897 5729 non

311 5742 433 5800 sttui
471 5742 959 5801 dicenda—nonum.
984 5744 1259 5803 Parabolas
1312 5743 1455 5805 enim
1497 5742 1634 5802 sunt
1663 5746 1796 5819 illae,
1842 5747 1898 5805 in

2002 4601 2146 4670 c‘lare
2175 4614 2333 4669 etiam
2375 4601 2650 4680 Origenes,
2676 4601 2793 4680 cap.
2827 4622 2843 4680 ι
2873 4603 2997 4680 J_o_b,
3042 4605 3255 4680 inquit;
3275 4601 3589 4680 Δξδέθςδιεεδανὶιι

2002 4686 2223 4740 nominis
2252 4682 2375 4745 Job,
2408 4675 2719 4735 mentionem
2747 4678 2864 4749 fecit
2894 4676 3125 4747 Moyses,
3155 4676 3242 4743 qui
3267 4675 3382 4729 libri
3408 4689 3591 4749 auctor

1999 4769 2094 4821 est,
2108 4773 2191 4822 ne,
2213 4757 2257 4808 si
2284 4753 2544 4828 (tendum
2562 4749 2732 4828 solum
2748 4747 2959 4828 diceret,
2985 4758 3356 4828 argumentuut
3372 4747 3588 4828 aliquod

1998 4819 2192 4897 ﬁngere
2220 4826 2617 4897 existimaretur.
2677 4820 2880 4897 Eadem
2916 4819 3190 4897 sententia
3217 4828 3300 4897 est
3327 4819 3392 4871 de
3424 4819 3590 4897 divite

1999 4846 2072 4897 μη
2108 4846 2192 4881 ere
2220 4846 2617 4880 extattmaretur.
2683 4846 2880 4874 mtuum
2926 4846 3190 4873 autucuua
3220 4846 3300 4873 cat
3327 4846 3392 4871 uu
3424 4846 3589 4873 uultu

1999 4911 2051 4955 et
2076 4846 2306 4962 iurato,
2338 4890 2642 4963 Ambrosii,
2670 4889 2851 4963 Cyrilli
2876 4932 2889 4957 ,
2916 4887 3263 4963 Damasceni,
3296 4900 3452 4963 atque
3482 4887 3589 4963 Eu-

2000 4970 2187 5038 thytnii
2221 5007 2239 5035 ,
2264 4957 2535 5037 quietiam
2568 4957 3092 5038 ait_di'vitis_quidetn
3144 4974 3338 5014 nomen
3367 4957 3587 5038 silentio

2000 5029 2169 5095 fuisse
2198 5029 2523 5109 praeteritum
2550 5033 2622 5109 ab
2644 5029 3009 5109 Evangelista,
3059 5040 3307 5109 tanquam
3340 5030 3463 5084 odio
3503 5029 3586 5109 di-

2002 5114 2119 5180 gni;
2148 5102 2400 5180 scriptum
2430 5115 2516 5164 est
2534 5105 2702 5172 enim,
2728 5102 2902 5180 ps._xv
2918 5122 2931 5157 :
2957 5102 3078 5157 Non
3102 5104 3350 5171 accipiam
3378 5102 3587 5180 nomina

2002 5174 2178 5235 Eorum
2208 5174 2296 5252 per
2330 5179 2465 5233 labia
2503 5192 2650 5241 mea;
2679 5174 2905 5252 mendici
2920 5190 3056 5252 vero
3085 5187 3275 5227 nomen
3308 5174 3584 5252 memoria

2006 5239 2296 5321 proditum,
2321 5259 2570 5321 tanquam
2594 5239 2777 5303 amore
2795 5246 2957 5321 digni,
2985 5247 3343 5321 Aitlltt_alllem
3366 5239 3583 5321 quidam

2003 5313 2067 5378 ex
2098 5313 2376 5377 traditione
2417 5313 2785 5383 Hebraeorum,
2818 5313 2957 5383 quod
2987 5330 3081 5383 per
3109 5313 3163 5368 id
3198 5321 3407 5381 tempus
3434 5316 3585 5368 dives

2007 5394 2097 5448 ille
2120 5394 2278 5447 fuerit
2303 5392 2552 5447 Nineusis
2576 5390 2894 5458 appellatus,
2916 5394 2972 5441 et
2995 5383 3269 5458 mendicus
3290 5387 3389 5439 iste
3414 5385 3586 5458 Laza-

2006 5480 2115 5520 rus.
2150 5458 2273 5519 Haec
2301 5454 2824 5532 Eulbymius‘fguod
2856 5458 3009 5532 si,_ut
3032 5454 3083 5508 in
3117 5456 3383 5532 plerisque
3413 5456 3587 5510 omni-

2003 5534 2122 5597 bus,
2154 5534 2232 5589 sic
2259 5540 2421 5589 etiam
2445 5527 2507 5586 in
2538 5531 2641 5585 hoc
2668 5528 3099 5601 Theophylactns
3120 5527 3584 5601 Chrysttstomnm,

2002 5608 2175 5660 virum
2208 5605 2490 5662 excellenti
2520 5601 2765 5657 doctrina
2795 5608 2848 5652 et
2876 5599 3159 5653 sanctitate
3182 5638 3201 5666 ,
3232 5599 3373 5653 esset
3396 5601 3581 5653 imita-

2005 5687 2108 5744 tus,
2129 5694 2209 5734 nze
2232 5681 2322 5738 ille
2337 5694 2366 5733 a
2387 5675 2655 5732 communi
2673 5671 2935 5729 sententia
2956 5686 3223 5742 nunquam
3248 5672 3585 5726 descivisset;

2002 5747 2170 5805 Stltus.
