4056 6350
532 303 632 360 127

1593 304 1649 356 S.
1696 295 1943 357 lSIDORI
1985 296 2432 355 HlSPALENSlS
2475 297 2779 354 EPISCOPI

3709 301 3813 359 “8

596 421 726 478 221.
761 420 957 482 Decem
975 421 1303 494 leprosi,qui
1326 419 1694 476 mundantura
1723 415 2121 486 Domino(Luc.
2153 416 2202 476 Α
2232 428 2327 484 per
2373 413 2567 469 lavacri
2621 413 2848 483 gratiam
2897 419 3174 467 transeunt
3221 410 3288 467 ad
3339 410 3606 482 passionis
3649 427 3813 472 coro-

534 518 668 586 xvu)
696 561 709 581 .
735 519 970 575 heretici
995 517 1382 586 signiﬁcantur,
1407 513 1497 583 qui
1523 513 1575 567 in
1601 511 1861 566 varietate
1882 509 2121 563 colorum

533 606 900 665 diversitatem
929 608 1125 664 habent
1152 607 1524 670 sehismatum,
1555 602 1756 674 quique
1784 601 1906 656 ideo
1937 598 2005 652 ad
2033 613 2124 652 sa-

534 703 784 760 cerdotes
816 703 1123 770 mittuntur,
1166 711 1245 767 ut,
1276 701 1484 754 detersa
1516 697 1662 752 omni
1687 695 1946 750 varietate
1975 705 2126 748 erro-

535 812 652 852 rum
671 841 686 865 ,
717 795 930 851 unitatis
964 793 1256 865 percipiant
1279 800 1692 847 sacramentum.

605 891 736 948 222.
775 889 945 944 Iudex
972 889 1184 957 iniquus
1207 925 1222 950 ,
1251 885 1341 955 qui
1376 883 1656 938 Dominum
1701 897 1805 936 non
1857 878 2125 944 timebat,

536 983 750 1036 assidue
803 992 981 1035 tamen
1012 979 1388 1047 deprecantem
1423 976 1634 1030 viduam
1668 973 1945 1028 exaudivit
1968 970 2126 1042 (Luc.

536 1076 733 1147 )Vlll),
790 1072 1083 1128 similitudo
1141 1079 1224 1126 est
1271 1085 1375 1140 qua
1426 1069 1825 1124 demonstratur
1875 1073 2126 1134 quantam

538 1183 687 1236 spem
719 1165 918 1220 habere
945 1164 1139 1218 debeat
1168 1162 1256 1232 qui
1289 1161 1570 1217 Dominum
1603 1158 1973 1214 indesinenter
2030 1171 2128 1211 ex-

538 1259 724 1328 poscit,
755 1271 876 1311 cum
908 1255 1076 1311 etiam
1116 1255 1256 1324 apud
1287 1269 1445 1309 aures
1475 1251 1642 1322 iniqui
1670 1250 1867 1321 judieis
1903 1248 2132 1304 valuerit

537 1349 786 1419 frequens
813 1350 1066 1403 instantia
1089 1347 1264 1411 viduae
1294 1345 1656 1414 deprecantis.
1688 1344 1806 1414 Ipsa
1837 1353 2018 1396 autem
2052 1341 2132 1395 vi-

537 1440 640 1495 dua
672 1440 977 1510 signiﬁcare
1008 1449 1183 1509 potest
1227 1438 1543 1505 Ecclesiam,
1601 1436 2002 1507 perseverantia
2032 1446 2126 1487 sua

536 1545 810 1607 petentem
843 1537 1099 1593 ultionem
1129 1535 1197 1592 de
1224 1535 1455 1591 inimicis
1474 1534 1607 1598 suis,
1641 1530 1883 1598 diabolo,
1909 1528 1991 1584 vel
2019 1528 2130 1581 hac-

540 1628 744 1683 reticis.

608 1718 735 1775 225.
778 1719 1082 1776 Pharisasus
1110 1734 1270 1776 orans
1299 1719 1353 1773 in
1385 1719 1582 1789 templo
1608 1717 1799 1790 (Ibid.)
1825 1717 2130 1773 Judacorum

2233 521 2374 562 nann.

2298 599 2426 656 254.
2479 600 2914 682 Architriclinus‘
2942 598 3157 672 (Ibid.),
3212 601 3421 673 Moyses
3476 601 3812 672 intelligitur,

2229 693 2318 762 qui
2350 695 2575 749 miratur
2605 696 2877 750 meliorem
2930 704 2987 751 et
3032 698 3360 753 sanctiorem
3412 697 3665 768 populum
3719 714 3819 768 per

2231 786 2414 843 Jesum
2466 793 2518 845 in
2567 792 2915 864 Evangelium
2973 803 3359 864 congregatum
3391 832 3406 856 ,
3462 807 3623 861 quam
3671 791 3816 846 illum

2233 883 2464 953 priorem
2489 887 2556 942 ah
2591 887 2831 960 Egypto
2853 889 3138 945 deductum
3166 905 3180 954 ;
3213 887 3419 942 ﬁnitum
3448 887 3593 942 enim
3636 884 3817 940 vinum

2232 979 2470 1032 ostendit
2507 981 2774 1036 sublatam
2803 997 2926 1038 esse
2956 983 3178 1053 gratiam
3208 979 3439 1050 Spiritus
3468 980 3639 1034 sancti
3663 995 3690 1033 a
3717 977 3820 1034 Ju-

2233 1069 2387 1140 daeis,
2411 1081 2467 1126 et
2497 1088 2592 1143 per
2613 1075 2890 1145 apostolos
2916 1076 2969 1130 in
3000 1075 3252 1146 gentibus
3281 1073 3670 1128 contributam.

2261 1172 2267 1176 ·
2304 1161 2429 1216 255.
2459 1163 2646 1220 Mulier
2675 1165 3014 1221 Samaritana
3039 1165 3223 1237 (Joan.
3265 1165 3340 1234 tv)
3370 1165 3596 1236 mystice
3627 1162 3824 1218 intelli-

2234 1252 2376 1322 gitur
2421 1255 2698 1327 Synagoga
2753 1260 2993 1330 quinque
3025 1259 3174 1314 libris
3220 1259 3373 1328 legis,
3405 1258 3556 1326 quasi
3589 1257 3822 1326 quinque

2236 1348 2386 1412 viris,
2444 1352 2738 1405 secundum
2801 1357 3020 1407 Sensum
3074 1353 3277 1417 carnis,
3331 1349 3611 1420 subjecta,
3664 1363 3823 1418 quam

2238 1437 2661 1496 misericorditer
2717 1443 2973 1498 Dominus
3032 1452 3291 1512 provocat
3344 1442 3560 1496 haurire
3631 1456 3823 1510 aquam

2239 1533 2429 1599 vivam,
2467 1535 2656 1590 lavacri
2685 1537 2892 1591 scilicet
2926 1538 3200 1606 percipere
3245 1537 3496 1606 gratiam,
3535 1535 3620 1589 vel
3647 1548 3824 1591 secre-

2241 1632 2346 1678 tam
2381 1625 2511 1696 legis
2546 1627 2980 1699 intelligentiam.

2311 1718 2440 1773 250.
2473 1717 2665 1773 Mulier
2695 1721 2960 1788 adultera,
2991 1737 3108 1789 quae
3154 1721 3380 1776 ollertur
3422 1736 3449 1774 a
3499 1720 3700 1776 Judrcis
3734 1719 3826 1774 Do-

539 1823 624 1869 est
646 1813 895 1882 populus,
918 1815 1006 1886 qui
1035 1829 1100 1871 ex
1126 1813 1600 1885 justiﬁcationibus
1629 1813 1763 1884 legis
1788 1812 1994 1868 extollit
2017 1828 2127 1868 me-
2161 1809 2208 1868 Β
2237 1807 2382 1864 mino
2407 1809 2690 1879 lapidanda
2719 1812 2901 1882 (Joan.
2931 1813 3070 1884 vni),
3093 1825 3175 1871 est
3199 1815 3440 1870 Ecclesia
3465 1831 3529 1870 ex
3555 1815 3824 1886 gentibus,

541 1906 644 1961 rita
671 1914 786 1960 Sua.

613 1997 741 2052 224.
776 1998 1098 2055 Publicanus
1126 2014 1258 2056 vero
1288 1998 1479 2071 (lbid.)
1507 2000 1719 2071 gentilis
1744 2008 1825 2055 est
1858 2000 2082 2070 populus
2111 2042 2126 2068 ,

544 2093 633 2164 qui
660 2092 819 2162 longe
844 2108 874 2146 a
902 2093 1009 2148 Deo
1039 2093 1244 2163 positus
1271 2093 1557 2149 conﬁtetur
1587 2103 1803 2162 peccata
1828 2109 1921 2147 sua
1953 2135 1967 2157 ,
1997 2108 2130 2162 quo-

542 2201 660 2240 rum
687 2201 824 2240 unus
845 2186 1206 2255 superbiendo
1229 2188 1454 2243 recessit
1485 2186 1816 2254 humiliatus,
1846 2187 1983 2242 alter
2003 2201 2129 2241 con-

542 2279 743 2336 ﬁtendo
776 2283 886 2338 Deo
912 2287 1343 2355 appropinquare
1365 2284 1560 2339 meruit
1591 2284 1878 2338 exaltatus.

613 2371 740 2426 225.
780 2371 970 2431 Caecus
991 2377 1185 2432 sedens
1207 2390 1365 2431 secus
1385 2377 1524 2430 viam
1552 2373 1740 2446 (Ibid.)
1761 2375 2011 2445 populum
2038 2375 2132 2431 de-

546 2475 809 2521 monstrat
838 2469 1113 2537 gentilem,
1139 2469 1229 2538 qui
1259 2483 1355 2539 per
1383 2466 1585 2523 Christi
1613 2469 1842 2538 gratiam
1873 2467 1994 2522 ﬁdei
2019 2481 2132 2522 me-

545 2559 652 2612 ruit
679 2560 1002 2616 claritatem.

616 2649 742 2704 226.
776 2651 1031 2708 Zachacus
1062 2652 1213 2720 (Luc.
1248 2650 1364 2721 ιιι)
1394 2652 1610 2723 gentilis
1638 2661 1722 2708 est
1746 2651 1991 2721 populus,
2012 2666 2134 2721 gra-

547 2744 622 2799 tia
647 2745 958 2799 meritorum
982 2743 1224 2814 pusillus,
1251 2746 1340 2815 qui
1370 2753 1572 2812 tamen,
1605 2760 1636 2799 a
1668 2745 1896 2800 terrenis
1925 2744 2132 2800 actibus

544 2837 869 2901 sublevatus,
893 2851 988 2906 per
1019 2837 1216 2906 lignum
1240 2837 1522 2892 dominicae
1552 2838 1724 2892 crucis
1752 2834 1955 2892 Christi
1982 2851 2133 2908 mys-

546 2928 736 2982 terium
768 2929 1180 3000 contemplatur.

613 3018 742 3074 227.
787 3021 957 3075 Homo
984 3020 1180 3075 nobilis
1207 3019 1294 3090 qui
1328 3020 1380 3072 in
1409 3019 1752 3088 longinquam
1783 3019 1911 3072 abiit
1961 3033 2132 3088 regio-

497 3125 668 3184 .nem
697 3113 934 3182 accipere
956 3112 1058 3167 sibi
1084 3126 1303 3180 regnum
1334 3108 1524 3181 (Ibid.)
1551 3150 1565 3175 ,
1597 3110 1925 3179 Redemptor
1950 3119 2134 3165 noster
2167 3196 2208 3214 Α
2238 3108 2450 3204 ἀήθη),
2476 3108 2920 3197 οδωηίονεωιιη,
2943 3159 3104 3214 aqua,
3137 3153 3190 3200 et

2234 1917 2375 1970 quae,
2429 1905 2572 1972 prius
2605 1906 2796 1961 relicto
2845 1908 2956 1962 Deo
2981 1948 2994 1971 ,
3037 1908 3087 1960 in
3120 1907 3280 1962 idolis
3332 1908 3503 1963 fuerat
3543 1906 3825 1972 fornicata,

2237 1999 2374 2054 hanc
2408 2000 2621 2055 volebat
2671 2002 2952 2072 Synagoga
2983 2003 3164 2057 zelans
3217 2003 3464 2070 interlici,
3489 2016 3543 2058 et
3581 2001 3828 2060 Christus

2236 2108 2354 2148 eam
2387 2095 2566 2148 salvat
2597 2109 2694 2164 per
2723 2097 3095 2152 remissionem
3142 2097 3345 2161 delicti,
3397 2111 3495 2152 nec
3543 2097 3671 2152 sinit
3709 2110 3828 2152 eam

2236 2188 2449 2257 perire,
2503 2191 2592 2258 qui
2639 2192 2788 2244 novit
2832 2191 3048 2245 veniam
3104 2192 3410 2248 condonare
3457 2193 3826 2261 peccantibus.

2305 2278 2432 2332 237.
2479 2279 2664 2336 Simon
2715 2283 2960 2352 leprosus
3013 2283 3229 2355 (Matth.
3280 2285 3430 2355 xxvi)
3485 2287 3699 2355 gentilis
3747 2295 3831 2344 est

2237 2372 2482 2440 populus,
2511 2373 2598 2442 qui
2631 2385 2716 2428 est
2759 2389 2789 2428 a
2833 2375 3196 2446 Redemptore
3230 2378 3538 2433 mundatus.

2309 2462 2438 2522 238.
2492 2465 2686 2522 Mulier
2716 2483 2837 2538 qua:
2886 2481 3159 2540 unguento
3209 2480 3368 2542 caput
3422 2472 3631 2527 Domini
3680 2473 3835 2530 unxit

2239 2554 2428 2626 (Ibid.)
2467 2557 2703 2614 Ecclesia
2743 2570 2862 2630 est,
2903 2578 3022 2632 quas
3054 2563 3260 2619 fructus
3282 2566 3364 2620 sui
3395 2565 3575 2635 operis
3600 2565 3836 2638 ﬁdeique

2237 2647 2461 2704 odorem
2512 2652 2580 2705 ad
2627 2653 2837 2709 laudem
2885 2654 2979 2710 Dei
3023 2665 3077 2712 et
3128 2655 3328 2712 Christi
3377 2657 3600 2725 gloriam
3652 2658 3832 2714 refert.

2307 2760 2432 2817 259.
2466 2765 2700 2834 Angelus
2751 2767 2841 2822 ille
2870 2768 2936 2822 ad
2974 2769 3126 2839 cujus
3157 2770 3479 2826 descensum
3516 2773 3836 2828 movebatur

2237 2869 2393 2925 aqua,
2428 2860 2664 2929 quinque
2696 2862 2992 2929 porticibus
3023 2865 3202 2920 cincta
3237 2863 3416 2937 (Joan.
3454 2865 3505 2935 γ)
3532 2907 3546 2931 ,
3579 2864 3831 2921 Christus

2236 2958 2341 3015 est,
2381 2949 2432 3004 in
2465 2954 2620 3018 cujus
2654 2954 2893 3010 adventu
2931 2956 3180 3013 turbatus
3215 2967 3298 3012 est
3335 2959 3493 3030 15o
3521 2959 3834 3014 Iudaeorum

2244 3042 2471 3110 populus
2492 3044 2730 3115 quinque
2763 3046 2916 3102 libris
2938 3049 3224 3106 conclusus
3248 3067 3263 3107 :
3293 3051 3658 3107 descendente
3687 3053 3834 3108 enim

3223 3147 3515 3202 sanabatur
3546 3147 3834 3214 inﬁrmus;

545 3208 748 3272 est,qni
776 3217 939 3273 usque
964 3204 1028 3258 ad
1059 3203 1193 3258 ﬁnes
1217 3212 1375 3258 terra:
1393 3201 1635 3271 pervenit
1661 3202 1901 3272 accipere
1916 3217 2132 3274 regnum
2164 3196 2210 3260 C
2243 3196 2608 3288 degcen'deme
2647 3234 2717 3291 de
2745 3196 3156 3311 αειίεϐιξτίείο,
3180 3255 3484 3298 commotus
3511 3252 3596 3300 est
3625 3245 3680 3299 in

546 3294 607 3350 in
640 3296 850 3364 populis
874 3296 1132 3368 gentium.

613 3385 740 3443 228.
782 3387 941 3442 Cives
965 3387 1054 3457 qui
1081 3386 1370 3442 noluerunt
1396 3402 1516 3442 eum
1551 3402 1775 3458 regnare
1801 3387 2012 3460 (Ibid.)
2042 3386 2133 3444 Ju-

542 3476 646 3533 daei
677 3479 1065 3548 intelliguntur,
1096 3477 1186 3549 qui
1216 3476 1484 3534 Christum
1515 3494 1694 3550 regem
1718 3491 2059 3548 spreverunt.

613 3569 741 3624 229.
784 3569 983 3626 Servus
1013 3572 1104 3641 qui
1155 3587 1334 3626 mnam
1384 3589 1542 3628 unam
1600 3574 1872 3644 accipiens
1901 3615 1917 3641 ,
1946 3574 2131 3630 decem

542 3661 818 3731 acquisivit
884 3661 1110 3735 (lbid.),
1142 3665 1401 3735 signiﬁcat
1455 3665 1706 3720 doctores
1764 3667 1878 3736 qni,
1911 3675 2129 3736 accepta

542 3757 711 3825 gratia
737 3753 1031 3826 Evangelii,
1066 3759 1122 3813 in
1151 3759 1338 3816 decem
1367 3761 1652 3818 verborum
1712 3761 1956 3832 Decalogi
1992 3777 2131 3831 prae-

543 3847 860 3902 dicamentis
883 3849 1018 3906 bene
1049 3850 1128 3907 usi
1155 3863 1300 3922 sunt,
1330 3862 1385 3909 et
1410 3853 1652 3910 docendo
1673 3855 1934 3910 multosin
1971 3853 2130 3927 149

546 3942 650 3996 ﬁde
680 3941 1062 4012 acquisierunt,
1095 3945 1318 4018 idcirco,
1367 3947 1684 4005 adveniente
1741 3949 1986 4016 Domino,
2020 3951 2134 4005 lau-
2167 3951 2176 3957 ⁷

544 4033 833 4100 dabuntur,
859 4037 982 4106 quia
1009 4035 1201 4092 lucrati
1221 4048 1366 4096 sunt.

612 4123 741 4182 250.
793 4125 894 4193 Qui
925 4143 1057 4184 vero
1081 4143 1148 4184 ex
1177 4145 1280 4184 una
1309 4132 1545 4201 quinque
1591 4134 1878 4201 acquisivit
1911 4134 2130 4205 (Ibid.),

544 4222 665 4277 illos
695 4223 1032 4281 demonstrat
1059 4225 1149 4297 qui
1171 4227 1480 4283 mandatum
1517 4227 1609 4283 Dei
1634 4239 1910 4286 servantes
1937 4245 2131 4286 conse-

544 4326 782 4385 quuntur
807 4319 1088 4374 scientiam
1141 4319 1295 4389 legis,
1357 4320 1411 4375 in
1472 4320 1708 4392 quinque
1767 4321 1916 4377 libris
1964 4322 2130 4394 Moysi

544 4410 822 4480 Scriptam,
857 4427 1084 4485 eamque
1111 4414 1352 4472 docendo
1378 4415 1445 4470 ad
1478 4430 1635 4473 usum
1663 4416 1852 4472 salutis
1879 4432 2130 4473 necessa-

543 4504 680 4558 r'ium
711 4505 1043 4562 lenerantur.

2243 3322 2394 3377 sione
2443 3323 2559 3392 ejus
2589 3324 2729 3381 idem
2763 3329 3024 3399 populus,
3056 3341 3112 3386 et
3168 3343 3394 3388 sanatus
3426 3342 3511 3389 est
3571 3334 3830 3392 mundus.

2311 3435 2440 3491 2l0.
2490 3437 2678 3496 Caecus
2718 3457 2746 3494 a
2795 3443 3096 3511 nativitate,
3147 3461 3306 3518 quem
3367 3447 3646 3517 Dominus,
3678 3459 3834 3520 post-

2240 3545 2402 3600 quam
2437 3534 2590 3588 unxit
2616 3535 2824 3602 oculos,
2858 3537 2924 3592 ad
2976 3538 3238 3608 piscinam
3283 3541 3429 3596 Siloa
3469 3541 3616 3595 misit
3644 3542 3835 3597 lavan-

2239 3625 2368 3679 dum
2395 3626 2580 3696 (Joan.
2630 3627 2730 3699 ix),
2777 3631 3044 3700 signiﬁcat
3089 3649 3260 3704 genus
3299 3635 3589 3690 humanum
3635 3649 3664 3687 a
3694 3636 3834 3690 nati-

2241 3720 2420 3785 vitate,
2477 3720 2528 3775 id
2582 3730 2685 3789 est,
2719 3737 2748 3774 a
2798 3724 2972 3794 primo
3013 3725 3230 3782 homine
3291 3742 3533 3782 errorum
3594 3726 3835 3782 tenebris

2239 3811 2510 3876 vitiatum,
2559 3813 2714 3883 cujus
2735 3817 2920 3872 oculos
2962 3817 3219 3874 Dominus
3248 3820 3315 3874 de
3353 3829 3514 3890 sputo
3540 3829 3594 3874 et
3619 3820 3734 3876 luto
3766 3821 3833 3875 li-

2240 3908 2392 3971 uivit,
2426 3907 2548 3976 quia
2578 3910 2799 3964 verbum
2825 3925 2953 3964 caro
2983 3909 3181 3966 factum
3205 3921 3307 3968 est.
3340 3911 3408 3968 Et
3444 3913 3611 3968 lavari
3645 3913 3834 3970 oculos

2238 3999 2292 4053 in
2324 4000 2524 4068 piscina
2551 4000 2733 4071 jussit,
2763 4010 2821 4056 ut
2845 4002 3142 4072 baptizatus
3168 4004 3222 4059 in
3263 4004 3512 4073 Christo,
3559 4008 3835 4076 acciperet

2240 4091 2412 4162 legem
2447 4092 2589 4160 ﬁdei,
2611 4104 2663 4150 et
2697 4095 2946 4151 crederet
2970 4095 3024 4151 in
3051 4110 3173 4152 eum
3203 4096 3294 4166 qui
3313 4097 3531 4154 humilis
3556 4099 3609 4154 in
3627 4099 3834 4155 mundo

2237 4195 2503 4253 apparuit.

2309 4299 2436 4353 241.
2471 4301 2737 4370 Lazarus,
2788 4319 2944 4371 quem
2983 4304 3243 4360 Dominus
3291 4307 3700 4376 quatriduanum
3749 4308 3832 4366 fe-

2237 4399 2431 4448 tentem
2479 4393 2548 4449 de
2593 4405 2939 4452 monumento
2968 4397 3244 4452 suscitavit
3275 4398 3456 4470 (Joan.
3487 4400 3586 4470 ιι),
3619 4402 3827 4471 signiﬁ-

2237 4494 2321 4538 cat
2367 4485 2644 4549 mundum,
2677 4503 2833 4557 quem
2880 4487 3193 4558 gravissima
3235 4491 3434 4559 peccati
3487 4493 3826 4549 consuetudo

612 4591 740 4653 ρει.
764 4597 863 4665 Qui
886 4614 1015 4655 vero
1037 4614 1213 4654 mnam
1263 4601 1430 4669 ipsam
1461 4602 1514 4655 in
1545 4600 1763 4655 sudario
1791 4603 2131 4657 conservavi,
2160 4588 2211 4649 ι)
2236 4586 2570 4646 corruperat,
2599 4577 2688 4648 qui
2731 4587 2910 4634 tamen
2942 4589 3128 4650 quarta
3183 4581 3270 4637 die
3317 4582 3506 4638 mortis
3534 4586 3826 4642 resuscita-

543 4686 754 4760 (Ibid.),
778 4691 1010 4747 ostendit
1032 4707 1154 4747 eum
1182 4693 1271 4762 qui
1300 4691 1563 4747 creditum
1591 4691 1692 4746 sibi
1718 4692 1902 4762 gratiae
1931 4693 2127 4748 donum

543 4781 775 4838 delicate
817 4783 1096 4855 otioseque
1143 4786 1411 4851 tractavit,
1451 4785 1592 4840 unde
1632 4796 1685 4841 et
1733 4796 1880 4841 recte
1934 4788 2130 4842 amittit

545 4872 792 4930 collatam
839 4876 1084 4947 gratiam,
1117 4877 1240 4947 quia
1275 4893 1371 4947 per
1403 4879 1778 4949 negligentiam
1837 4880 2129 4949 prmdicare

543 4969 887 5037 contempsit,
916 4978 976 5023 ut
995 4971 1044 5023 ei
1076 4979 1362 5038 augeretur
1388 4971 1530 5038 quod
1577 4970 1860 5026 laboravit.

613 5047 738 5116 232.
770 5057 938 5116 Vidua
969 5075 1089 5130 qua:
1116 5062 1169 5116 in
1201 5062 1586 5134 gazophylacio
1615 5063 1724 5119 duo
1753 5063 1880 5134 jecit
1921 5065 2130 5119 minuta

544 5151 697 5223 (Luc.
731 5154 866 5222 XXI),
903 5154 1136 5207 animam
1165 5152 1379 5210 ﬁdelem
1409 5155 1744 5224 dempnstrat
1786 5158 1904 5227 ejus
1947 5158 2035 5228 qui
2077 5159 2128 5213 in

545 5241 795 5302 thesauro
812 5246 991 5302 cordis
1012 5246 1096 5303 sui
1125 5245 1360 5305 fructum
1378 5248 1678 5309 dilectionis
1699 5252 1791 5308 Dei
1815 5263 1867 5308 et
1898 5254 2128 5323 proximi

543 5349 742 5395 servat.

616 5430 738 5488 2'53.
798 5436 1038 5504 Sponsus
1088 5437 1290 5507 (Joan.
1351 5439 1428 5508 ll)
1487 5440 1731 5497 Christus
1791 5452 1912 5508 est;
1976 5443 2127 5511 cujus

546 5528 742 5594 nuptiae
791 5542 910 5582 cum
964 5528 1202 5587 Ecclesia
1246 5534 1635 5607 celebrantur,
1694 5538 1745 5593 in
1791 5539 1942 5607 cujus
1997 5552 2128 5592 con-

547 5618 821 5689 junctione
872 5638 1003 5693 aqua
1036 5625 1087 5679 in
1131 5628 1312 5681 vinum
1355 5639 1628 5697 mutatur,
1668 5631 1791 5701 quia
1844 5633 2125 5688 credentes

614 5744 742 5818 240.
775 5747 931 5814 Saepe
965 5748 1048 5802 hic
1071 5764 1244 5803 Caecus
1277 5766 1306 5802 a
1340 5751 1614 5807 nativitate
1636 5794 1649 5817 ,
1701 5750 1769 5804 de
1821 5768 1924 5818 quo
1955 5767 2134 5808 sermo

547 5817 700 5874 estin
731 5820 1054 5888 Evangelio,
1087 5830 1501 5888 repraesentatur
1544 5825 1594 5879 in
1637 5817 1997 5880 monumentis
2027 5840 2123 5880 ve-

2240 4682 2345 4726 tur.
2374 4672 2549 4725 Prima
2606 4675 2749 4726 enim
2807 4673 2924 4728 dies
2973 4684 3054 4730 est
3097 4677 3308 4744 mortis,
3336 4685 3500 4732 tracta
3549 4692 3616 4733 ex
3646 4677 3820 4734 Adam

2243 4781 2474 4835 propago
2505 4767 2727 4830 mortis;
2762 4766 2932 4822 altera
2987 4768 3105 4824 dies
3132 4769 3322 4825 mortis
3353 4781 3436 4827 est
3465 4777 3825 4842 transgressio

2237 4857 2370 4927 legis
2398 4858 2689 4922 naturalis;
2724 4859 2912 4913 tertius
2937 4867 3020 4915 est
3066 4861 3182 4916 dies
3229 4863 3421 4918 mortis
3452 4865 3825 4933 prmvaricatio

2238 4949 2375 5003 data:
2425 4950 2603 5019 legis;
2663 4960 2881 5020 quartus
2934 4953 3047 5009 dies
3095 4955 3282 5008 mortis
3335 4964 3415 5010 est
3482 4965 3827 5026 contemptus

2237 5044 2553 5111 evangelicae
2576 5044 2998 5120 prtedicationis,
3031 5047 3082 5100 in
3115 5061 3220 5116 quo
3240 5047 3328 5102 die
3355 5047 3631 5116 Dominus,
3661 5063 3819 5107 suum

2235 5148 2370 5203 opus
2409 5133 2722 5204 respiciens,
2755 5138 3176 5194 misericorditer
3225 5139 3545 5197 resuscitare
3571 5142 3820 5212 dignatus

2237 5235 2340 5282 est.

2305 5344 2431 5400 242.
2472 5344 2669 5401 Servus
2719 5345 2975 5414 principis
3030 5345 3390 5415 sacerdotum,
3423 5348 3577 5418 cujus
3632 5348 3817 5403 dextra

2235 5447 2540 5506 amputatur
2581 5438 2812 5493 auricula
2850 5438 3067 5506 (Matth.
3120 5439 3300 5509 xui),
3364 5439 3692 5496 lsraeliticus
3733 5450 3820 5495 est

2233 5533 2479 5602 p0pulus,
2527 5542 2746 5601 pr0pter
2777 5531 3203 5585 incredulitatem
3231 5547 3418 5587 servus
3447 5532 3683 5588 effectus.
3721 5531 3818 5586 llic

2229 5627 2502 5682 dexteram
2537 5641 2720 5679 aurern
2765 5625 2980 5689 amittit,
3013 5623 3139 5678 dum
3192 5625 3259 5678 ad
3305 5625 3574 5680 sinistram
3609 5641 3701 5694 per
3728 5625 3814 5678 in-

2243 5759 2374 5805 ster.
2431 5745 2750 5809 Christian.,
2801 5751 2858 5797 ut
2898 5742 3072 5805 videri,
3103 5752 3278 5814 potest
3307 5742 3445 5808 apud
3495 5742 3808 5811 Bottarium,

2235 5822 2394 5877 liom.
2427 5817 2744 5878 Subterran.
2772 5826 2902 5872 tom.
2924 5815 2971 5884 l,
3002 5831 3120 5889 pag.
3154 5815 3278 5873 179.
3303 5815 3475 5870 Ansv.
