4056 6350
545 370 648 430 {SI
1591 363 1648 420 S.
1691 360 1939 420 ISIDORI
1982 358 2425 421 IIISPALI‘JNSIS
2465 362 2769 423 EPISCOPI
3718 354 3825 426 σει

544 478 729 555 XLIX.
895 482 1213 555 Sophonias.
1639 477 1759 555 LV.
1999 480 2176 555 Addo.
2752 480 2870 555 ξιξ.
3111 479 3334 555 ξςάηε.

542 552 605 614 ι,
899 548 1146 621 Αεξτνιιε.
1647 550 1780 604 LVI.
1999 554 2103 605 Aza
2113 548 2245 603 rias.
2757 551 2894 607 LXI.
3118 553 3437 610 Zorobabel.

542 628 631 683 LI.
896 624 1205 681 Zacharias.
1643 621 1803 677 LVII.
2002 621 2313 675 Zacharias.
2754 623 2912 677 LXII.
3113 622 3333 681 Εειιιρτ,

541 698 651 753 LII.
897 696 1203 750 Malaeltias.
1646 691 1829 749 LVIII.
2006 692 2225 750 Tobias.
2757 694 2936 748 LXIII.
3110 693 3313 748 Judith.

542 765 672 822 LIII.
893 766 1124 822 Natltan.
1641 762 1786 818 LIX.
2010 761 2146 817 Tres
2177 761 2348 830 pueri.
2758 764 2943 822 LXIV.
3113 764 3423 821 Machabal.

542 837 676 892 LIV.
898 837 1114 892 Achias.

541 838 676 893 LIV.
898 838 1114 892 Achias.

1054 949 1276 1008 CAPUT
1315 949 1603 1008 PRIMUM.

608 1043 665 1101 9.
684 1046 852 1101 Adam
886 1044 1267 1114 protoplastus.
1283 1056 1337 1099 et
1352 1046 1574 1098 coloous
1601 1043 1857 1111 paradisi,
1876 1042 2127 1114 princeps

538 1134 754 1193 humani
783 1138 993 1209 generis
1023 1144 1077 1190 et
1103 1136 1281 1191 delicti
1310 1180 1323 1203 ,
1374 1136 1439 1189 ad
1472 1137 1753 1205 imaginem
1782 1136 1877 1190 Dei
1914 1134 2083 1190 factus
2107 1174 2125 1201 ,

540 1230 875 1286 universitati
910 1229 1180 1297 praelatus,
1216 1230 1309 1299 qtti
1340 1231 1602 1283 creaturis
1634 1233 1846 1284 nomina
1870 1230 2019 1284 dedit:
2042 1235 2126 1283 at-

536 1337 641 1392 que
669 1323 719 1375 in
750 1322 828 1374 eis
856 1328 1179 1389 potestatem
1210 1322 1519 1375 dominandi
1550 1323 1778 1391 accepit.

607 1416 660 1470 ὅ.
683 1414 777 1469 llic
795 1413 850 1469 in
874 1412 1082 1467 deliciis
1102 1412 1345 1467 florentis
1371 1413 1605 1482 paradisi
1619 1414 1963 1479 constitutus,
1989 1416 2128 1470 inter

532 1505 846 1563 redolentes
862 1514 1164 1561 aromatum
1181 1505 1363 1575 sylvas
1379 1520 1438 1558 ae
1452 1507 1732 1560 vernantia
1744 1506 1963 1561 tioribus
1979 1521 2124 1571 arva,

537 1598 675 1653 ruris
691 1596 975 1659 habitator,
992 1612 1147 1651 novae
1168 1602 1290 1652 vitm
1305 1598 1495 1666 gaudia
1519 1599 1806 1669 peragebat
1823 1616 1838 1654 :
1857 1598 1945 1655 ubi
1967 1601 2128 1655 tellus

528 1691 762 1755 fecunda
795 1689 933 1745 viret
964 1698 1222 1759 perpetuo
1248 1705 1397 1757 vere,
1432 1691 1520 1745 ubi
1543 1688 1663 1745 fons
1688 1692 1976 1747 decurrens
1999 1707 2129 1761 qua-

537 1782 731 1837 driﬂuo
764 1780 959 1835 labitur
986 1797 1162 1837 amne.

614 1868 666 1924 4.
702 1870 807 1926 Sed
832 1881 1113 1942 postquam
1147 1874 1413 1941 serpentis
1439 1872 1586 1936 dolo,
1620 1872 1797 1943 lingua
1827 1875 1985 1929 etiam
2016 1875 2128 1944 pol-

532 1961 677 2017 lutus
708 1962 959 2031 feminea,
985 1980 1078 2033 per
1094 1973 1291 2019 tactum
1310 1965 1454 2035 ligni,
1482 1966 1582 2019 loci
1608 1966 1983 2021 beatitudinem
2005 1983 2128 2037 pro-

536 2052 738 2111 fanavit
763 2099 778 2123 ,
813 2057 1059 2126 paradiso
1091 2056 1360 2128 projectus
1382 2098 1399 2121 ,
1427 2067 1623 2112 terram
1656 2059 1896 2113 sentibus
1948 2058 2130 2129 Squal-

535 2146 733 2202 leutem
799 2150 1077 2218 operarius
1122 2163 1340 2217 gemens
1372 2149 1613 2205 incoluit.
1668 2148 1982 2218 Amissaque
2030 2150 2132 2205 im-

533 2239 897 2307 mortalitate,
953 2241 1003 2293 in
1061 2241 1373 2309 pulverem,
1416 2239 1557 2294 unde
1612 2242 1788 2294 carnis
1829 2250 2176 2309 sumpserat.

810 2339 930 2399 post
998 2346 1212 2387 corium
1278 2345 1536 2395 annorum
1593 2341 1979 2400 nongentarum
2040 2334 2135 2386 υἱ·
2168 2330 2214 2389 Β
2242 2334 2335 2388 sed
2366 2333 2582 2402 ‘perlida
2634 2333 2820 2391 fraude
2865 2333 3011 2387 corvi
3045 2332 3347 2402 decipitur,
3389 2332 3685 2387 ministerio
3733 2344 3828 2386 co-

534 2340 708 2384 ortum
738 2373 752 2396 ,

533 2421 676 2489 ginta
704 2421 888 2476 rediit.
921 2422 1054 2475 Hinc
1105 2422 1211 2489 jam
1273 2420 1429 2492 154
1484 2423 1768 2489 posteritas
1812 2423 1862 2474 iit
1907 2424 2133 2476 crimine

530 2515 691 2583 huius
725 2516 967 2584 parentis
996 2516 1235 2573 exsulem
1262 2530 1321 2571 se
1346 2515 1594 2582 paradiso
1622 2514 1813 2573 factam
1830 2556 1849 2581 .
1872 2531 1937 2573 ac
1963 2515 2135 2573 labori

535 2606 802 2673 mortique
832 2606 1102 2659 subactam
1138 2605 1412 2673 ingemuit.

608 2695 659 2750 5.
694 2694 947 2766 Sepultus
989 2705 1072 2750 est
1127 2706 1305 2751 autem
1341 2700 1391 2750 in
1427 2698 1542 2755 loco
1571 2698 1751 2759 Διὶ».
1774 2741 1797 2766 ,
1834 2700 1927 2770 qui
1982 2699 2139 2757 locus

539 2802 735 2842 nomen
786 2804 813 2841 a
868 2804 1089 2843 numero
1141 2800 1388 2859 sumpsit,
1440 2791 1541 2843 hoc
1588 2801 1669 2845 est
1699 2798 1956 2859 quatuor;
2008 2805 2131 2844 nam

529 2869 653 2935 'tres
679 2879 994 2949 patriarchae
1036 2880 1229 2935 ibidem
1282 2891 1406 2936 sunt
1448 2882 1663 2951 sepulti,
1714 2892 1768 2936 et
1797 2882 1883 2937 hic
1912 2892 2134 2952 quartus

534 2971 918 3027 Adam.'Distat
942 2983 1118 3028 autem
1148 2975 1293 3028 locus
1325 2974 1426 3029 iste
1456 2990 1558 3029 non
1582 2976 1764 3044 procul
1793 2975 1859 3029 ab
1893 2975 2129 3039 llebron,

530 3068 815 3147 metropoli
865 3068 1000 3125 urbe
1032 3068 1440 3140 Alleplrytorum
1468 3110 1485 3138 ,
1520 3070 1571 3120 in
1620 3083 1731 3138 qua
1765 3069 1933 3124 Iertur
1962 3084 2135 3137 quon-

530 3157 651 3212 dam
711 3154 879 3217 fuisse
924 3159 1185 3219 habitatio
1210 3164 1481 3229 gigantum
1507 3199 1523 3226 ,
1566 3159 1654 3212 ubi
1704 3160 1862 3216 etiam
1890 3168 1944 3215 et
1968 3159 2135 3215 David

532 3258 713 3319 postea
766 3261 954 3305 unctus
996 3260 1078 3305 est
1104 3252 1154 3305 in
1191 3266 1392 3322 regem.
1423 3252 1514 3306 Est
1544 3262 1721 3305 autem
1751 3251 1941 3307 civitas
1970 3254 2131 3307 sortis

527 3341 678 3396 Judtc
709 3340 761 3395 in
795 3342 1163 3397 sacerdoubus
1194 3352 1439 3410 separata
1462 3387 1476 3411 ,
1510 3344 1716 3397 distans
1744 3342 1812 3397 ad
1837 3342 2129 3399 australem

528 3432 735 3502 plagam
766 3432 997 3489 millibus
1029 3449 1135 3487 χιιι
1168 3434 1237 3488 ab
1266 3433 1618 3489 Hierusalem.

1214 3546 1396 3600 APUT
1436 3546 1497 3600 Il.

1214 3546 1301 3600 AP
1460 3546 1497 3599 Ι.

606 3636 661 3689 6.
677 3635 810 3691 Abel
834 3635 973 3691 filius
988 3637 1153 3691 Adam
1167 3545 1222 3692 Et
1244 3546 1639 3707 palthEriivium,
1658 3638 1706 3691 in
1723 3638 1829 3697 vita
1848 3638 2130 3706 innocuis,

2154 952 2209 1011 Α
2234 952 2430 1007 meruit
2474 955 2527 1009 in
2560 967 2679 1009 eum
2726 967 2901 1008 iocum
2934 951 3213 1008 transferri
3259 954 3444 1008 vivens
3481 955 3623 1008 unde
3655 952 3825 1008 fuerat

2233 1046 2603 1115 protoplastus
2648 1046 2922 1114 expulsus.
2956 1044 3209 1101 Sublatus
3238 1056 3319 1099 est
3356 1056 3533 1099 autem
3564 1061 3828 1108 annorum

2233 1143 2593 1190 trecentorum
2614 1137 2893 1207 sexaginta
2910 1138 3165 1206 quinque.
3184 1136 3361 1190 Manet
3380 1146 3556 1190 autem
3572 1137 3829 1191 hactenus

2232 1227 2287 1283 in
2318 1244 2584 1299 corpore;
2618 1232 2669 1284 in
2701 1228 3164 1284 consummatione
3209 1227 3393 1281 mundi
3426 1227 3670 1282 restituet
3694 1228 3826 1301 [.4I.,

2231 1322 2412 1377 szeculi
2428 1323 2735 1395 restituens]
2750 1338 2868 1377 Cum
2886 1322 2997 1375 Elia
3012 1324 3288 1376 mortalem
3302 1319 3425 1375 vita:
3438 1321 3828 1382 conditionem.

2712 1417 2876 1487 155
2931 1414 3156 1469 CAPUT
3196 1414 3285 1468 IV.

2309 1508 2359 1561 8.
2388 1507 2497 1561 Noe
2524 1507 2662 1562 filius
2702 1508 2954 1574 L‘ameclt,
2982 1507 3219 1561 decimus
3252 1507 3317 1561 ab
3347 1506 3536 1573 Adam,
3564 1505 3830 1562 secundus

2234 1608 2387 1668 pater
2406 1600 2550 1653 orbis
2578 1610 2740 1669 atque
2766 1608 3061 1669 reparator,
3080 1598 3283 1667 iustitia
3311 1598 3554 1668 insignis,
3589 1596 3831 1668 longani-

2234 1691 2399 1744 ntisin
2429 1706 2545 1759 Spe,
2570 1692 2784 1760 sapiens
2807 1692 2856 1744 in
2885 1706 3065 1759 opere,
3099 1692 3243 1744 solus
3262 1692 3312 1743 in
3340 1689 3705 1758 terrisjustus.
3725 1689 3831 1747 Iste

2230 1782 2410 1850 jussus
2426 1798 2604 1836 arcam
2626 1783 2885 1846 condidit,
2910 1782 3213 1836 admonitus
3234 1781 3489 1847 introivit,
3510 1797 3605 1836 nec
3623 1781 3832 1838 herruit

2236 1873 2574 1927 turbulentos
2598 1875 3015 1937 diluviiiluctus,
3034 1889 3131 1927 nec
3161 1873 3399 1944 fragores
3426 1884 3726 1938 ventorum,
3746 1874 3830 1929 vel

2240 1982 2514 2019 ttturmura
2537 1966 2657 2019 ρωΙί
2690 1965 2920 2035 expavit,
2938 1974 3279 2035 gestaturque
3298 1982 3392 2034 per
3412 1964 3697 2035 procellas,
3732 1980 3834 2020 nec

2241 2059 2523 2127 mergitur,
2583 2060 2921 2126 serpentibus
2950 2059 3185 2111 sociatur
3216 2068 3268 2111 et
3300 2055 3506 2121 bestiis,
3537 2071 3633 2110 nec
3661 2066 3831 2111 tet-re-

2239 2159 2359 2215 tur;
2396 2150 2479 2203 cui
2512 2150 2638 2203 fera:
2668 2150 2803 2203 colla
2834 2149 3153 2203 submittunt
3180 2192 3193 2214 ,
3225 2148 3379 2202 alites
3406 2147 3751 2202 famulantur.

2310 2244 2362 2295 9.
2423 2241 2663 2310 Namque
2707 2256 2861 2295 avem
2913 2242 3099 2303 misit,
3164 2240 3475 2293 redeuntem
3532 2242 3829 2307 sustinuit,

2240 2426 2435 2480 lumbte
2490 2427 2747 2495 gestantis
2790 2438 2890 2478 ore
2936 2439 3142 2477 ramum
3174 2423 3422 2493 pacifera
3466 2422 3835 2479 arhorisedo-

2236 2528 2410 2575 cetur.
2447 2519 2828 2587 Iteseratisqne
2858 2516 3065 2579 foribus
3115 2532 3259 2575 arcte
3314 2518 3513 2579 bestias
3554 2529 3608 2577 et
3635 2526 3831 2579 cuncta

2236 2612 2525 2666 animantia
2573 2626 2666 2680 per
2714 2620 2919 2680 septem
2967 2610 3079 2664 dies
3125 2610 3275 2664 abire
3322 2611 3670 2677 permittens,
3709 2613 3833 2678 ipse

2236 2703 2581 2775 postmodum
2608 2716 2859 2771 egressus
2883 2715 3006 2756 cum
3042 2700 3248 2765 liberis,
3277 2700 3445 2754 Deum
3471 2700 3745 2755 collaudat
3766 2715 3832 2757 ac

2237 2793 2393 2849 laetus
2426 2793 2666 2846 victimas
2698 2793 2959 2845 immolat.
2992 2790 3157 2859 Cujus
3188 2804 3367 2845 arcam
3416 2799 3627 2845 veteres
3676 2806 3830 2849 rese-

2235 2888 2385 2943 diSse
2418 2895 2680 2943 testantur
2725 2887 2778 2939 in
2824 2886 3078 2941 Armenia
3120 2899 3283 2955 super
3327 2893 3539 2939 montes
3571 2883 3833 2941 Ararath.

2237 2980 2334 3034 llic
2362 2980 2771 3049 nongentesimo
2802 2977 3248 3049 quinquagesimo
3276 2991 3417 3031 anno
3446 2984 3692 3032 mortuus
3720 2989 3830 3035 est.

2866 3069 3094 3127 CAPUT
3139 3068 3203 3124 V.

2308 3162 2402 3217 10.
2427 3161 2818 3219 Melchisedech
2837 3175 2933 3215 rex
2958 3159 3159 3225 Saletn,
3180 3157 3428 3215 sacerdos
3455 3156 3550 3215 Dei
3578 3154 3831 3217 altissimi

2238 3254 2465 3323 primus,
2486 3252 2704 3323 verique
2727 3254 2937 3307 oblator
2959 3251 3229 3315 sacrificii,
3248 3251 3403 3320 cujus
3422 3251 3571 3319 origo
3590 3258 3827 3304 secreta.

2234 3347 2386 3402 Hunc
2418 3359 2541 3401 esse
2581 3346 2733 3399 aiunt
2776 3343 2987 3409 Hgbrei
3022 3342 3148 3399 Sem
3205 3339 3784 3430 primOgenitnm.N0e
3808 3382 3827 3409 ,

2237 3442 2487 3495 tritavum
2519 3441 2771 3495 Abraltm.
2802 3440 2924 3507 Ipse
2950 3448 3032 3494 est
3058 3439 3201 3493 enim
3233 3447 3383 3508 pater
3423 3445 3665 3506 patrum,
3694 3451 3827 3505 pro-

2235 3535 2517 3605 phetarum
2550 3544 2596 3589 et
2630 3534 2994 3603 apostolorum
3027 3534 3199 3605 origo,
3230 3532 3343 3601 ipse
3364 3543 3445 3585 est
3470 3530 3556 3599 qui
3580 3539 3829 3600 paterna

2236 3628 2453 3694 pietatis
2478 3627 2874 3691 benedictione,
2893 3626 3141 3680 dominus
3162 3626 3339 3680 fratris
3358 3639 3477 3679 esse
3498 3626 3823 3694 promeruit.

534 3731 587 3784 in
621 3738 794 3787 morte
825 3730 1052 3800 patiens,
1081 3740 1200 3800 post
1230 3740 1454 3785 mortem
1499 3747 1604 3785 non
1633 3730 1816 3796 silens,
1849 3731 1898 3784 in
1929 3741 2131 3802 marty-
2154 3709 2201 3773 θ
2236 3721 2447 3787 Quique
2469 3720 2640 3773 νθῖείδ
2665 3720 2918 3773 incedens
2944 3718 3183 3787 νθειῑείὶε
3205 3716 3639 3802 ρειτῖεβθιιίιθιίει
3667 3718 3827 3786 ιθιίί»

526 3822 615 3879 rio
645 3823 870 3892 primus,
906 3822 960 3876 in
989 3823 1299 3877 obedientis
1326 3836 1595 3885 summus,
1627 3823 1679 3876 in
1710 3822 1985 3876 sacrificiis
2014 3822 2126 3877 Deo

528 3916 745 3986 placens
770 3956 785 3981 ,
820 3916 874 3968 in
905 3916 1114 3969 meritis
1142 3914 1294 3970 fratri
1321 3915 1640 3984 displicens;
1674 3929 1831 3983 quem
1859 3913 1992 3967 Cain
2024 3916 2124 3968 im-

525 4008 667 4078 pius,
691 4018 745 4061 et
768 4006 1031 4075 parricida
1059 4022 1246 4069 novus,
1277 4006 1586 4079 stimulante
1612 4006 1807 4058 invidia
1831 4006 2116 4060 innocuum

526 4096 673 4152 ferro
696 4097 933 4151 nondum
960 4100 1223 4168 sanguine
1248 4098 1516 4151 maculato
1540 4096 1844 4165 prostravit,
1872 4110 1993 4149 cum
2016 4097 2113 4151 ad-

529 4189 634 4243 huc
673 4189 935 4243 innocens
974 4188 1176 4244 ferrum
1216 4189 1425 4243 cruoris
1477 4189 1695 4253 humani
1750 4187 1957 4245 facinus
2007 4201 2115 4247 non

526 4282 771 4339 haberet.

1142 4373 1371 4431 CAPUT
1407 4374 1497 4430 III.

605 4470 659 4525 7.
685 4466 869 4524 Enoch
912 4466 1051 4522 ﬁlius
1072 4466 1253 4535 .lared,
1287 4467 1551 4537 septimus
1579 4466 1646 4525 ab
1676 4464 1871 4532 Adam,
1902 4465 2121 4536 placens

529 4561 667 4628 Deo,
693 4561 958 4615 malorum
990 4560 1235 4628 nescius,
1263 4560 1453 4623 mortis
1482 4560 1733 4631 ignarus,
1763 4558 1855 4629 qui
1882 4560 2121 4613 scelera-

534 4664 707 4710 torum
742 4655 1017 4711 hominum
1051 4671 1157 4712 nen
1186 4656 1367 4711 ferens
1395 4654 1669 4725 angustias
1695 4696 1709 4720 ,
1745 4667 1773 4705 a
1802 4652 2120 4723 perniciosis

529 4747 893 4804 contractibus
940 4747 1077 4820 ιΑι.,
1119 4745 1475 4818 contactibus]
1524 4744 1711 4803 mundi
1752 4744 2115 4811 substractus,

2233 3828 2331 3868 nec
2361 3812 2553 3867 derisit
2581 3812 2814 3877 ebrium,
2846 3821 2906 3865 ut
2934 3825 3133 3880 procax
3162 3818 3217 3865 et
3244 3797 3505 3879 reprobus
3534 3808 3694 3875 ﬁlms,
3719 3808 3827 3866 sed

2227 3905 2444 3970 velavit,
2478 3913 2537 3957 ut
2559 3903 2918 3958 verecundus.

2299 3995 2388 4048 ti.
2422 3994 2574 4049 Unde
2586 3995 2803 4060 accidit,
2818 3994 2871 4048 in
2897 3996 3017 4065 lege
3037 3992 3340 4048 Judteorum
3364 4000 3620 4063 parentes
3639 4007 3673 4047 a
3696 3992 3827 4053 ﬁliis

2220 4107 2489 4162 nunquam
2522 4092 2686 4145 videri
2720 4093 2969 4145 nudatos.
3003 4090 3111 4144 Iste
3132 4089 3360 4144 Abraha
3389 4088 3679 4145 reVertenti
3702 4098 3830 4157 post

2222 4186 2501 4241 victoriam
2526 4184 2837 4249 benedixit,
2852 4184 2992 4239 idem
3018 4184 3067 4236 in
3094 4192 3217 4252 typo
3234 4180 3343 4235 veri
3366 4178 3612 4236 sacriﬁcii
3633 4180 3699 4236 de
3717 4180 3829 4236 fru-

2223 4279 2378 4348 gibus
2404 4288 2559 4331 terrm
2588 4278 2737 4346 prior
2770 4289 2955 4343 panem
2980 4286 3032 4329 et
3057 4274 3214 4346 156
3234 4275 3413 4329 viuum
3446 4274 3560 4330 Deo
3589 4273 3826 4330 hostiam

2224 4368 2437 4434 obtulit,
2463 4369 2583 4439 quia
2615 4367 2972 4423 sacerdotium
3002 4378 3058 4423 et
3088 4383 3308 4438 regnum
3336 4382 3464 4424 vere
3495 4366 3825 4437 primogeni-

2229 4462 2294 4517 tis
2316 4462 2634 4529 debebatur,
2660 4472 2941 4530 antequam
2965 4464 3145 4518 Aaron
3172 4461 3824 4529 sacerdotio'fungeretus.

2300 4554 2385 4608 1-2.
2421 4554 2517 4608 llic
2543 4554 2706 4611 etiam
2738 4555 2879 4622 prior
2902 4553 3137 4607 omnium
3186 4561 3301 4622 post
3346 4551 3603 4607 diluvium
3633 4551 3827 4609 urbem

2228 4651 2402 4708 Solem
2428 4650 2701 4717 condidit,
2729 4653 2780 4706 in
2799 4664 2901 4720 qua
2930 4652 3091 4707 etiam
3118 4659 3173 4707 et
3196 4649 3458 4719 regnavit,
3492 4662 3611 4718 quae
3637 4655 3826 4716 postea

2228 4744 2391 4801 Iebus
2420 4745 2537 4800 sive
2561 4744 2777 4816 Solyma
2818 4743 2959 4799 dicta
2995 4752 3108 4810 est,
3137 4750 3188 4799 et
3226 4756 3367 4797 nunc
3389 4740 3629 4797 derivato
3649 4754 3828 4795 voca-

603 4911 657 4966 5.
684 4908 915 4973 Recepta
946 4905 1083 4976 apud
1106 4914 1317 4961 veteres
1340 4913 1457 4973 post
1480 4904 1793 4974 Origenem,
1820 4910 1874 4955 et
1902 4900 2121 4976 probata
2151 4900 2206 4969 D
2245 4970 2256 4976 Α
2305 4896 2446 4953 Ibid.
2478 4899 2633 4970 Apud
2667 4899 2925 4957 Grialium
2954 4906 3033 4953 est
3054 4898 3366 4952 substractus
3388 4907 3485 4964 pro
3506 4891 3818 4950 subtractus.

537 4981 637 5035 fuit
667 4972 848 5049 opinio
876 4972 1137 5049 Adamum
1165 4972 1634 5049 fuisse’sepultuin
1682 4978 1731 5027 in
1777 4983 1959 5049 monte
1993 4972 2118 5049 Cal-

529 5044 719 5120 variaa;
747 5051 802 5102 in
827 5063 932 5117 quo
958 5048 1117 5102 etiam
1142 5048 1432 5101 excitatum
1461 5044 2052 5120 sacellum_est,»cu_ltui_
2070 5051 2123 5096 et

528 5114 865 5179 venerationi
928 5120 1116 5173 Adami
1186 5128 1583 5173 consecratum.
1647 5116 1778 5170 Vide
1835 5114 2122 5178 Bolland.,

530 5206 661 5249 tom.
696 5193 757 5247 IV
796 5190 977 5257 Febr.,
1006 5204 1125 5260 pag.
1152 5185 1275 5260 M9.
1302 5189 1642 5245 Traditiones
1674 5185 2123 5260 Rabbinicas,_de

530 5266 705 5319 Arbee
724 5256 969 5326 sepulcro
990 5256 1199 5326 Adami,
1216 5258 1507 5325 Abraham,
1529 5261 1674 5321 Isaac
1689 5258 1942 5319 etJacob,
1960 5256 2126 5310 refert

531 5338 747 5389 sanctus
778 5330 1157 5402 Hieronymus,
1181 5330 1382 5398 Quaest.
1406 5330 1571 5387 Hebr.
1590 5332 1645 5385 in
1667 5330 1923 5386 Genesin.
1951 5331 2123 5382 Ansv.

608 5405 662 5458 6.
709 5404 827 5469 Quo
862 5405 1222 5458 instrumento
1248 5406 1459 5457 occisus
1494 5403 1650 5458 fuerit
1683 5403 1810 5455 Abel
1836 5403 2115 5454 incertum.

532 5473 776 5530 'Pictores
806 5474 1109 5528 mandibola
1142 5485 1405 5528 armatum
1434 5474 1657 5527 Cainum
1686 5484 1871 5527 contra
1901 5469 2121 5525 fratrem

543 5546 859 5614 plerumque
893 5545 1166 5610 exhibent,
1200 5545 1299 5601 sed
1330 5544 1476 5598 nullo
1510 5559 1728 5614 prorsus
1750 5542 2118 5614 fundamento.

541 5612 865 5671 Prudentius
910 5618 1122 5669 sarculo
1155 5617 1374 5671 Abelem
1428 5612 1768 5669 interfectum
1825 5613 2016 5666 asserit
2068 5612 2119 5666 itt

539 5686 748 5758 praefat.
800 5685 1233 5758 Hamartigenite,
1281 5701 1425 5741 vers.
1479 5688 1569 5751 16,
1619 5699 1778 5753 quem
1828 5684 1891 5735 ad
1947 5684 2121 5737 locum

584 5758 701 5812 Iura
739 5757 794 5813 in
822 5757 960 5811 Itane
998 5772 1111 5813 rem
1146 5772 1213 5813 ex
1240 5758 1615 5825 interpretibus
1639 5771 1803 5809 sacra:
1833 5759 2121 5822 Scriptura:

597 5827 789 5888 dicavi.
820 5826 992 5885 Aur.

2230 4970 2402 5027 Ancv.

2302 5044 2353 5096 9.
2388 5041 2623 5096 Marcltio
2653 5043 2887 5098 Joannes
2913 5040 2981 5094 de
3009 5038 3228 5105 Serpos,
3264 5036 3353 5104 qui
3405 5050 3503 5104 pro
3546 5035 3821 5089 Armenoo

2228 5129 2345 5169 rum
2380 5114 2767 5169 catholicorum
2798 5126 2959 5167 causa
2988 5110 3225 5165 eruditos
3255 5106 3541 5161 nonnullos
3566 5106 3733 5160 libros
3765 5106 3820 5161 in

2230 5186 2418 5257 vulgus
2448 5185 2632 5251 edidit,
2661 5184 2866 5257 authedi
2918 5182 3227 5257 curavit,din
3273 5177 3613 5257 Compendio
3651 5178 3819 5257 ltistof

2230 5247 2350 5310 ricd
2394 5247 2682 5321 Armeniic,
2732 5254 2821 5309 lib.
2854 5269 2892 5319 ι,
2944 5268 3092 5307 num.
3135 5254 3201 5317 6,
3244 5259 3504 5321 auctores
3527 5247 3691 5303 refert
3724 5249 3817 5321 qui

2232 5328 2490 5397 reliquias
2520 5318 2793 5381 arctc'Noe
2821 5318 2996 5379 adhuc
3018 5323 3072 5377 in
3092 5330 3272 5377 monte
3296 5318 3523 5373 Araratli
3549 5319 3817 5372 asservari

2233 5399 2581 5457 contendunt.
2608 5401 2777 5453 Aanv.
2946 5464 2955 5466 _
2986 5464 3021 5466 _
3164 5465 3170 5466 γ
3323 5461 3336 5466 _
3376 5461 3385 5466 _
3417 5461 3426 5466 _
3717 5457 3745 5466 ,,

2305 5471 2391 5523 10.
2427 5469 2642 5523 Hieron.
2668 5508 2681 5533 ,
2704 5469 2865 5535 epist.
2895 5464 2961 5518 ad
2984 5464 3288 5533 Evagrium.
3322 5461 3589 5525 Isidorus,
3616 5472 3683 5511 xv
3715 5456 3812 5511 lib.

2228 5540 2558 5610 Etymolog.,
2591 5553 2709 5607 catt.
2745 5540 2796 5591 1-
2820 5537 3009 5610 ἰε’ρμῖο,
3176 5602 3204 5610 Α
3248 5604 3257 5610 _

2254 5636 2259 5641 ι
2295 5600 2442 5663 Ἰὺὲά.
2469 5600 2738 5678 ᾸΙίρςξιίυι·
2788 5611 2839 5660 in
2874 5605 3120 5678 Editﬁioue
3167 5602 3353 5678 Grialii
3383 5603 3475 5659 lib.
3508 5617 3573 5657 xv
3603 5600 3812 5678 myrin,

2228 5700 2275 5736 c.
2316 5683 2367 5746 I,
2396 5696 2499 5749 quo
2529 5672 2643 5733 loco
2682 5680 2825 5732 nulla
2871 5680 2937 5731 de
2986 5676 3412 5749 Melchisedeclto
3454 5674 3687 5735 mentio;

2231 5769 2336 5822 quo
2354 5740 2549 5805 'ttt'utcn
2580 5751 2754 5821 agitur
2786 5750 2875 5805 lib.
2906 5762 2999 5815 vlt,
3031 5761 3149 5817 cap.
3178 5750 3230 5813 o‘,
3264 5756 3317 5802 et
3343 5746 3433 5800 lib.
3465 5759 3581 5813 vni,
3605 5758 3723 5813 cap.
3748 5740 3805 5798 5.

2230 5830 2402 5878 ἡκεν.
