4056 6350
438 385 543 444 I35
1474 382 1530 439 S.
1574 375 1819 437 ISIDORI
1857 377 2300 437 IIISPALENSIS
2339 379 2647 438 EPISCOPI
3615 385 3710 441 I36

435 509 543 558 tam
574 499 738 570 patris
778 496 859 552 sui
888 495 1074 564 Iacob,
1098 512 1257 567 quam
1305 513 1445 553 nunc
1495 507 1601 552 tam
1650 497 1822 553 Latini
1855 512 2012 567 quam
2044 499 2094 559 Α
2120 497 2284 566 prior,
2316 497 2470 566 cujus
2498 495 2786 552 nativitatis
2809 510 3096 566 processus
3126 501 3284 556 matri
3316 501 3462 558 dedit
3493 506 3711 562 occulti-

434 591 923 650 GreciSichimam
945 602 1155 647 vocant.
1209 592 1324 660 Ipsa
1354 601 1435 646 est
1481 599 1659 646 autem
1709 606 1828 661 quae
1879 605 2020 645 nunc

2127 597 2256 642 tum.
2291 588 2407 656 Ipse
2430 597 2511 642 est
2538 589 2694 658 lnpus
2723 602 2893 645 vorax
2921 598 2977 646 et
2997 593 3396 663 sanguinarius,
3431 597 3518 665 qui
3551 612 3712 668 super

433 694 653 743 vocatur
675 684 925 755 Neapolis
971 684 1098 739 urbs
1147 682 1628 749 Samaritanorum,
1680 683 1770 738 ubi
1821 683 2016 755 sepul-
2122 679 2308 735 basem
2334 681 2495 734 sortis
2521 695 2633 736 sua:
2673 695 2829 737 mane
2857 681 3048 739 hostiae
3098 685 3412 757 sanguinem
3465 688 3622 756 fudit,
3657 701 3715 747 et

433 792 582 835 crum
610 777 724 847 ejus
749 791 916 848 usque
953 774 1012 830 in.
1036 774 1346 830 hodiernam
1373 772 1514 828 diem
1544 773 1805 830 cernitur.

941 887 1097 959 159
1144 885 1370 942 CAPUT
1431 886 1524 942 xu.

503 981 781 1039 ﬂJudas
804 980 995 1051 regalis
1017 980 1372 1034 successionis
1399 978 1619 1049 insignis
1643 979 1912 1049 prosapia,
1935 979 2020 1034 cui

432 1073 658 1129 ducatus
686 1073 966 1139 bellorum,
998 1080 1053 1126 et
1079 1071 1239 1125 Israel
1273 1070 1498 1124 traditur
1528 1086 1773 1141 regnum,
1803 1071 1892 1141 qui
1925 1086 2021 1126 no-

433 1180 552 1220 men
578 1165 722 1235 gettti
752 1178 820 1219 ex
849 1177 947 1219 suo
977 1163 1194 1217 nomine
1236 1162 1404 1227 dedit,
1435 1173 1743 1232 praepotens
1772 1172 1830 1217 ut
1859 1162 1942 1218 leo
1966 1163 2020 1218 in

430 1258 578 1327 regni
607 1256 826 1322 virtute,
859 1263 915 1310 et
969 1255 1148 1308 clarus
1197 1255 1486 1324 splendore
1535 1255 1808 1324 potentia.
1855 1253 2021 1325 Cujus

428 1349 644 1420 quidem
694 1347 908 1417 imperii
960 1348 1245 1416 posteritas
1299 1363 1405 1402 non
1451 1347 1709 1415 cessavit,
1743 1361 2020 1418 quousque

426 1441 689 1504 Christus,
721 1439 880 1509 quasi
911 1439 1118 1494 catulus
1150 1437 1342 1504 leonis,
1369 1453 1436 1492 ex
1461 1439 1704 1508 germine
1724 1437 1841 1507 ejus
1869 1448 2020 1494 ortus

424 1531 761 1598 ascenderet,
783 1538 945 1600 atque
982 1545 1106 1598 spes
1136 1529 1372 1600 gentium
1425 1544 1493 1584 ex
1541 1529 1781 1599 virginali
1831 1544 2021 1599 proce-

427 1624 566 1680 dens
595 1631 753 1679 utero
780 1620 1103 1677 mirabiliter
1130 1629 1463 1676 coruscaret.

1031 1732 1260 1790 CAPUT
1292 1733 1404 1788 XII.

496 1829 587 1884 ‘23.
611 1827 801 1885 Ruben
815 1827 1202 1900 primogenitus
1232 1827 1374 1882 tilius
1391 1825 1575 1896 Israel,
1600 1835 1755 1884 aetate
1771 1825 2020 1883 fratribus

426 1921 622 1992 major,
656 1920 751 1974 sed
781 1918 1110 1989 posteritatis
1149 1933 1374 1974 numero
1405 1920 1603 1987 minor,
1641 1929 1917 1988 paternum
1948 1927 2020 1974 to-

426 2028 546 2070 rum
577 2012 800 2083 polluit,
829 2021 987 2083 atque
1033 2009 1276 2067 ordinem
1333 2010 1702 2081 primogenita:
1746 2010 2019 2081 dignitatis

427 2104 633 2161 amisit.

1019 2191 1250 2251 CAPUT
1289 2192 1426 2252 XIII.

504 2289 593 2346 26.
623 2288 838 2344 Simeon
855 2287 1106 2358 princeps
1118 2287 1291 2342 scriba
1300 2302 1441 2353 rum,
1455 2283 1732 2340 etviolatte
1752 2282 2021 2353 pudicitiae

427 2384 644 2450 vindex,
669 2398 773 2437 non
801 2381 1005 2438 habens
1031 2380 1423 2445 haereditatem,
1447 2379 1543 2435 sed
1563 2393 1784 2433 manens
1801 2377 1854 2433 in
1879 2379 2021 2434 tribu

427 2476 581 2545 Iuda,
610 2476 879 2547 particeps
911 2474 964 2530 in
997 2475 1361 2544 possessione.

1025 2585 1259 2642 CAPUT
1291 2584 1432 2640 XIV.

498 2683 589 2740 27.
607 2682 734 2741 Levi
748 2680 1097 2738 sacerdotalis
1121 2690 1309 2738 auctor
1323 2679 1569 2752 originis,
1597 2693 1719 2735 cum
1737 2678 1874 2736 tribu
1888 2677 2022 2735 Juda

428 2775 787 2846 permixtione
813 2774 1028 2844 generis
1053 2771 1294 2842 junctus,
1327 2772 1424 2828 sed
1451 2771 1503 2826 in
1535 2771 1700 2828 Israel
1732 2780 1845 2827 toto
1885 2771 2025 2826 divi-

427 2883 541 2934 sus,
564 2881 756 2923 carens
787 2865 1018 2936 propriae
1043 2867 1206 2921 sortis
1250 2864 1509 2931 funiculo,
1561 2873 1620 2921 et
1665 2863 1913 2920 habitans
1967 2863 2020 2920 in

427 2959 693 3016 universis
719 2958 955 3014 sortibus
977 2956 1230 3012 fratrum.

1039 3045 1269 3102 CAPUT
1300 3045 1418 3103 XV.

502 3141 593 3198 ‘28.
620 3138 882 3206 Zabulon,
906 3152 1185 3210 possessor
1204 3140 1365 3193 maris
1391 3137 1663 3209 magni,et
1685 3136 1946 3206 littorum,
1971 3147 2025 3194 ct

2123 771 2191 828 ad
2206 787 2484 843 vesperam
2502 787 2655 830 escas
2677 773 3005 846 principibus
3026 784 3080 832 et
3103 777 3471 836 sacerdotibus
3492 779 3705 838 dividit.

2703 885 2928 944 CAPUT
2967 887 3136 943 XXII.

2196 998 2285 1055 35.
2302 997 2551 1068 Ephraitn
2568 1012 2750 1054 semen
2764 999 2985 1070 Ioseph,
3001 1009 3057 1056 et
3074 999 3358 1071 adoptivus
3374 1002 3514 1058 filius
3528 1001 3712 1075 Israel,

2125 1100 2282 1162 atque
2328 1091 2382 1145 in
2431 1106 2654 1146 numero
2686 1093 2840 1164 161
2877 1085 3300 1161 patriarcharum
3350 1094 3712 1150 benedictioni

2126 1195 2445 1240 testamento
2473 1185 2723 1251 relictus;
2756 1186 2937 1240 minor
2964 1195 3122 1242 aetate
3149 1185 3315 1242 fratre
3335 1229 3350 1254 ,
3397 1187 3488 1244 sed
3518 1187 3711 1260 majori

2125 1272 2374 1350 praelatus
2419 1279 2590 1351 gratia
2647 1281 3038 1335 benedictionis
3064 1326 3078 1349 ,
3113 1281 3163 1335 in
3208 1280 3416 1338 cunctis
3465 1281 3713 1342 tribubus

2125 1373 2405 1440 fortior,et
2423 1374 2558 1429 inter
2583 1375 2775 1429 fratres
2796 1374 3102 1429 dominator
3117 1373 3368 1431 invictus.
3389 1374 3487 1432 Hic
3503 1385 3713 1448 partem

2127 1463 2295 1520 tribus
2318 1463 2597 1520 levitarum
2629 1464 2864 1535 accepit.

2688 1574 2912 1633 CAPUT
2944 1575 3131 1634 XXIII.

2196 1688 2288 1746 56.
2310 1689 2580 1745 Manasses
2603 1689 2853 1746 dilatatus
2875 1690 2926 1745 in
2951 1690 3214 1759 millibus,
3240 1706 3343 1748 una
3365 1706 3484 1748 cum
3510 1691 3717 1765 Ioseph

2126 1792 2277 1853 patre
2304 1795 2404 1835 suo
2433 1781 2657 1852 mystice
2684 1795 2874 1850 passus
2907 1782 3162 1837 tributum
3207 1782 3314 1854 [ΑΙ.
3363 1784 3601 1854 possedit
3627 1786 3717 1841 tri-

2052 1895 2098 1959 Β
2125 1874 2294 1947 bum].
2319 1873 2382 1930 Ili
2412 1882 2536 1929 sunt
2568 1883 2748 1944 patres
2792 1873 2909 1946 [AL
2971 1873 3320 1947 propagines]
3351 1877 3716 1946 apostolorum

2127 1979 2182 2025 et
2219 1970 2485 2038 principes
2511 1969 2690 2038 populi
2718 1967 3052 2035 Iudaeorum,
3086 1971 3261 2025 tribus
3279 1968 3467 2035 Iacob,
3495 1980 3547 2026 et
3575 1985 3716 2041 pra-

2126 2062 2268 2116 clara
2317 2059 2594 2129 progenies
2642 2060 2826 2116 Israel.
2872 2061 3079 2128 Quibus
3121 2071 3271 2132 pater
3323 2063 3562 2119 moriens
3611 2077 3716 2134 pro

2125 2151 2428 2208 divitiarum
2461 2152 2652 2220 copiis,
2683 2152 3129 2207 sanctiﬁcationis
3159 2155 3381 2224 gratiam
3407 2153 3715 2225 dereliquit.

2125 2245 2332 2312 Quique
2353 2285 2368 2308 ,
2407 2253 2666 2312 regnante
2703 2243 2902 2313 Ioseph
2955 2244 3007 2298 in
3038 2242 3299 2315 Egypto,
3329 2255 3715 2317 regnaverunt,

2126 2336 2306 2405 ibique
2334 2337 2496 2391 etiam
2521 2345 2644 2407 post
2664 2337 2878 2408 longam
2909 2336 3035 2393 vitae
3061 2339 3300 2408 quietem
3345 2339 3715 2396 occubuerunt

2127 2437 2286 2500 atque
2310 2428 2502 2497 sepulti
2527 2438 2677 2484 sunt.

2692 2559 2922 2617 CAPUT
2952 2559 3124 2616 XXIV

2197 2697 2404 2754 57.Job
2422 2697 2561 2752 ﬁlius
2577 2696 2729 2752 Zarat
2757 2696 2824 2752 de
2854 2697 3021 2753 Bosra
3046 2712 3139 2754 rex
3153 2697 3530 2763 Idumaeorntn,
3554 2713 3712 2770 quar-

2130 2800 2215 2847 tus
2257 2803 2377 2861 post
2424 2792 2592 2856 Esau,
2640 2803 2923 2846 successor
2978 2790 3169 2846 Balach
3227 2791 3319 2846 lilii
3370 2791 3522 2858 Beor,
3556 2791 3720 2848 homo

2127 2883 2362 2955 gentilis,
2387 2884 2492 2940 ﬁde
2517 2884 2717 2950 clarus,
2747 2883 3044 2940 humilitate
3067 2898 3332 2950 summus,
3353 2882 3721 2954 hospitalitate

2129 2974 2464 3045 praecipuus,
2497 2976 2549 3029 in
2590 2975 2871 3045 disciplina
2916 2983 3250 3045 mansuetus,
3283 2975 3335 3030 in
3364 2975 3722 3048 eleemosynis

2128 3065 2330 3138 largus,
2361 3066 2510 3123 dives
2537 3067 2591 3122 in
2617 3082 2802 3139 censu,
2825 3068 3096 3138 extemplo
3118 3067 3287 3123 factus
3311 3082 3539 3137 egenus,
3567 3070 3721 3123 locu-

2133 3159 2247 3230 ples
2271 3161 2321 3215 in
2345 3160 2546 3226 liberis,
2571 3171 2794 3232 repente
2815 3163 3018 3218 orbus:
3045 3161 3320 3218 tentationi
3349 3162 3595 3229 traditur,
3621 3162 3719 3219 sed

431 3232 714 3289 dominans
742 3233 795 3286 in
821 3231 1028 3287 cunctis
1069 3230 1287 3286 urbibus
1337 3229 1650 3286 thnicum
1679 3237 1735 3286 et
1778 3230 2027 3287 Sidonio-
2051 3276 2101 3341 ϐ
2131 3229 2316 3306 comm
2341 3229 2687 3310 ιεηιηιίοηεξη
2719 3252 2842 3308 ﬁdei
2874 3254 3039 3308 lorica
3069 3263 3308 3308 armatu,
3334 3254 3342 3324 ι
3355 3253 3448 3307 At.
3501 3253 3607 3309 ﬁde
3635 3268 3720 3309 ι-θ,

433 3341 574 3383 I'UIII.

941 3417 1098 3490 ιθο
1119 3413 1350 3474 CAPUT
1379 3415 1502 3472 xvr

503 3513 596 3566 29.
616 3509 860 3567 Issachar
879 3510 1152 3565 studiosus
1181 3509 1234 3564 in
1256 3509 1528 3565 laboribus
1555 3519 1734 3579 terrae,
1752 3510 2031 3582 possidens

432 3605 730 3671 Galilaeam,
756 3612 812 3659 et
859 3604 930 3661 de
981 3602 1375 3660 benedictionis
1425 3617 1537 3659 sua:
1582 3603 1840 3660 Iructibus
1890 3603 2029 3660 dona

433 3698 714 3772 porrigens
745 3695 982 3768 regibus.

636 3829 638 3832 μ
1022 3786 1247 3844 CAPUT
1275 3787 1446 3843 XVII.

506 3881 597 3936 30.
630 3879 763 3948 Dan,
796 3880 954 3950 cujus
973 3895 1039 3936 ex
1054 3881 1294 3951 germine
1317 3881 1565 3948 Samson,
1588 3891 1857 3952 sceptrum
1885 3891 2032 3939 tenet

433 3972 623 4041 Israel,
653 3973 804 4027 tortis
833 3971 1124 4027 Nazaraeus
1144 4013 1160 4040 ,
1195 3981 1249 4027 et
1281 3975 1637 4043 triumphator
1679 3976 1732 4029 itt
1763 3976 2024 4044 hostibus,

433 4061 685 4116 obsidens
713 4061 769 4116 in
799 4077 1003 4118 morem
1031 4065 1295 4132 serpentis
1347 4062 1752 4120 Philistinorum
1787 4067 2027 4134 semitas,

433 4163 488 4210 et
518 4153 812 4223 equitatum
842 4156 980 4226 ejus,
1015 4165 1073 4211 ut
1123 4157 1366 4226 regulus,
1387 4157 1578 4228 spiritu
1606 4159 1716 4215 oris
1755 4159 1838 4216 sui
1865 4161 2027 4233 depo-

435 4247 653 4318 pulans.
1435 4298 1440 4302 .

1009 4339 1466 4417 canor.xan

510 4433 600 4488 δι.
636 4429 772 4501 Gad,
807 4431 861 4486 in
910 4432 1184 4502 procinctu
1212 4435 1381 4502 praelii
1429 4433 1727 4505 expeditus,
1777 4445 1874 4507 pro
1920 4435 2029 4492 fra-

439 4522 610 4579 tribus
627 4534 772 4578 trans
795 4522 1083 4579 Iordanem
1107 4525 1305 4580 relictis
1331 4527 1595 4583 adversus
1611 4533 1790 4585 hostes
1805 4539 2028 4602 gentes-

438 4629 545 4686 que
568 4617 805 4683 dimicat,
830 4626 885 4672 et
911 4615 1040 4672 forti
1070 4618 1290 4672 brachio
1333 4620 1500 4675 victor
1535 4623 1842 4692 triumphat.

1034 4707 1262 4765 CAPUT
1295 4709 1436 4765 XIX.

512 4796 600 4853 52.
615 4799 773 4866 Aser,
788 4798 988 4856 divitiis
1019 4801 1264 4872 insignis,
1283 4803 1496 4874 replens
1512 4803 1723 4862 deliciis
1739 4808 2026 4880 principes.

1037 4913 1268 4972 CAPUT
1307 4916 1427 4976 XX.

514 5005 960 5076 33.Nephthalim
993 5008 1045 5063 in
1085 5010 1406 5080 pinguedine
1437 5020 1596 5069 terra:
1627 5015 1951 5086 uberrimus,
1981 5025 2036 5075 et

447 5099 501 5156 in
531 5099 772 5156 doctrina
799 5099 930 5171 legis
962 5100 1262 5158 abundans.

1037 5193 1264 5252 CAPUT
1304 5195 1444 5253 XXI.

2138 3347 2353 3419 Iigionis
2403 3348 2704 3421 armatur],
2763 3350 2936 3406 facttts
2965 3351 3229 3420 gloriosus
3282 3351 3336 3406 in
3387 3353 3719 3419 certamine,

2133 3442 2447 3511 :equanimis
2490 3442 2544 3496 in
2571 3441 2792 3512 dolore,
2821 3442 3013 3498 damna
3045 3458 3226 3498 rerum
3266 3445 3499 3514 pertulit,
3533 3445 3720 3500 funera

2135 3533 2414 3604 pignorum
2444 3532 2636 3603 doluit,
2669 3534 3020 3604 corporisque
3051 3535 3271 3590 vulnera
3317 3537 3582 3604 patienter
3630 3551 3722 3593 ac-

2133 3624 2277 3694 cepit
2307 3624 2421 3698 [Αι.
2475 3625 2728 3698 excepit],
2759 3637 2813 3682 et
2843 3627 2983 3682 inter
3020 3627 3280 3695 supplicia
3310 3641 3523 3696 semper
3552 3627 3720 3683 Deum

2132 3712 2447 3783 glorificavit
2464 3755 2478 3780 ,
2516 3714 2656 3770 male
2686 3715 2998 3771 suadentem
3023 3715 3245 3785 insuper
3266 3717 3539 3786 sapienter
3559 3717 3723 3774 susti-

2133 3806 2247 3860 nuit
2290 3808 2604 3877 conjugem;
2657 3809 2820 3865 verba
2866 3810 3156 3865 amicorum
3182 3809 3389 3867 ratione
3417 3817 3719 3882 superavit;

2134 3896 2298 3964 unde,
2326 3907 2382 3953 et
2413 3913 2509 3968 pro
2539 3907 2682 3955 tanta
2707 3899 2904 3955 virtute
2934 3901 3226 3970 patientiae,
3255 3901 3456 3970 duplici
3507 3901 3560 3955 in
3605 3900 3712 3956 fine

2132 3991 2563 4046 remuneratione
2592 3990 2929 4058 sublevatur,
2960 3992 3225 4062 recipiens
3259 4002 3380 4063 post
3403 4007 3584 4048 rerum
3625 4007 3719 4048 ca-

2131 4097 2249 4138 sum
2274 4083 2622 4153 multiplicem
2644 4084 2946 4141 claritatem
2967 4085 3231 4143 bonorum
3255 4088 3362 4158 [AL
3411 4086 3720 4159 donorum].

2202 4171 2294 4228 58.
2321 4174 2446 4229 Post
2481 4183 2693 4230 noctem
2716 4175 2861 4231 enim
2895 4177 3152 4245 tristitiae,
3183 4178 3323 4234 diem
3355 4178 3574 4250 genuit;
3600 4185 3722 4249 post

2132 4265 2332 4322 fetores
2397 4267 2677 4335 ulcerum,
2724 4268 2884 4324 casiae
2947 4269 3291 4340 fragrantiam
3353 4271 3560 4337 edidit,
3605 4279 3728 4340 post

2132 4358 2484 4427 abjectionem
2511 4400 2528 4425 ,
2557 4374 2724 4415 cornu
2750 4361 3056 4416 unctionem
3086 4362 3240 4432 regni
3283 4363 3583 4432 promeruit
3608 4402 3623 4428 ,
3667 4370 3726 4418 et

2133 4449 2314 4504 tibiam
2344 4450 2397 4505 in
2426 4459 2650 4507 accentu
2681 4451 2853 4507 laudis
2881 4455 3193 4524 assumpsit.
3223 4453 3374 4510 Vixit
3395 4465 3577 4511 autem
3603 4464 3723 4525 post

2133 4542 2337 4613 plagam
2367 4552 2579 4599 centum
2612 4544 2960 4616 quadraginta
2981 4546 3156 4611 annis,
3191 4557 3246 4603 et
3275 4546 3492 4603 fuerunt
3522 4562 3716 4604 omnes

2132 4632 2246 4689 dies
2273 4636 2394 4690 vita:
2411 4635 2530 4706 ejus
2551 4636 2762 4692 ducenti
2792 4635 3140 4709 quadraginta
3162 4647 3286 4694 octo
3311 4637 3460 4705 anni,
3489 4647 3545 4694 et
3571 4653 3715 4692 mor-

2137 4735 2257 4781 tuus
2286 4735 2368 4782 est
2407 4729 2561 4801 162
2586 4735 2748 4800 atque
2792 4729 3034 4800 sepultus
3074 4730 3131 4784 in
3173 4731 3398 4801 regione
3425 4745 3541 4788 sua.
3574 4729 3728 4787 Hunc

2141 4820 2350 4875 Ilebrari
2394 4829 2640 4877 asserunt
2678 4836 2786 4876 non
2822 4821 2989 4877 fuisse
3017 4821 3086 4877 de
3112 4837 3310 4892 genere
3341 4824 3501 4889 Esau,
3533 4821 3629 4877 sed
3657 4821 3728 4878 de

2141 4910 2350 4967 Nacbor
2380 4913 2554 4967 fratris
2584 4911 2854 4968 Abraham
2888 4911 3239 4969 descendisse
3263 4914 3452 4983 stirpe,
3475 4921 3531 4968 et
3559 4909 3725 4968 fuisse

2143 5017 2264 5058 eum
2294 5002 2624 5073 temporibus
2654 5003 3102 5074 patriarcharum.
3130 5005 3342 5060 Nachor
3369 5005 3513 5060 enim
3540 5005 3731 5077 genuit

2146 5095 2277 5163 Ilus,
2306 5095 2374 5152 de
2401 5095 2554 5168 cujus
2580 5096 2746 5167 stirpe
2791 5097 3031 5156 creditur
3078 5108 3386 5170 generatus,
3433 5098 3729 5154 secundum

2148 5189 2288 5260 quod
2339 5191 2390 5245 in
2439 5191 2664 5246 exordio
2690 5190 2981 5248 voluminis
3029 5191 3146 5263 ejus
3194 5200 3458 5248 notatur:
3495 5189 3591 5246 Vir
3620 5198 3730 5245 erat

520 5280 609 5337 54.
638 5281 919 5353 Benjamin
950 5282 1089 5340 inter
1117 5287 1307 5344 fratres
1330 5297 1452 5343 ortu
1484 5291 1768 5359 posterior,
1823 5293 2049 5366 imperio
2153 5281 2207 5335 ίη
2229 5291 2366 5339 mra
2387 5281 2502 5338 Ηαδ
2531 5284 2736 5340 "omne
2755 5281 2875 5338 λσθ-

503 5416 592 5505 snt:
603 5417 712 5505 Prg
715 5419 913 5491 imperii
924 5425 1190 5505 posteritas
1205 5428 1383 5505 malim
1398 5432 1595 5505 imperii
1609 5440 1846 5505 potestas.
1863 5435 2036 5490 Ansv.

522 5450 592 5472 με.
607 5450 625 5471 ι
648 5450 662 5471 ι
675 5450 703 5471 υ
716 5450 866 5491 imper
878 5450 912 5475 u
924 5450 1190 5493 posteritas
1205 5450 1383 5483 lltatlnl
1398 5450 1465 5483 tm
1501 5450 1594 5484 erit
1609 5450 1846 5501 pateant.
1863 5450 2036 5490 Λιεν.

522 5489 615 5544 ‘26.
675 5488 800 5575 Car.
859 5508 945 5575 xix
971 5535 985 5560 ,
1028 5495 1226 5575 Iosue,
1271 5499 1296 5550 1
1359 5513 1411 5554 et
1455 5450 1499 5552 ἕ
1541 5519 1556 5558 :
1613 5502 1676 5555 Et
1726 5521 1931 5575 egressa
1966 5517 2039 5561 est

452 5575 564 5644 {ora
589 5564 810 5644 secunda
836 5565 1084 5644 ‘ﬁliorum
1131 5569 1339 5644 Simeon
1359 5588 1471 5644 per
1515 5564 1840 5642 cognationes
1880 5594 1998 5630 suas
2017 5595 2040 5640 ;

456 5632 945 5714 ίαίιρασλήωγςάὶιαξ
965 5653 1145 5714 eorum
1171 5640 1226 5693 in
1254 5632 1420 5695 medio
1453 5632 1784 5713 posséssionis
1813 5632 2039 5714 ﬁliorum

454 5700 617 5782 lucta.
847 5708 985 5782 satis
1005 5708 1238 5782 Isidorus
1261 5700 1543 5782 expressit.
1582 5719 1748 5769 Ansv.

526 5773 619 5830 28.
653 5776 906 5855 Plerique
916 5779 1086 5855 _Edi_ti
1116 5773 1374 5855 exhibent
1405 5785 1659 5840 Sidonum
1678 5826 1692 5849 ,
1718 5790 1859 5855 quod
1891 5791 2039 5846 vide-

457 5851 542 5902 tur
571 5847 870 5920 amrobare
888 5847 1207 5910 Munckerus
1256 5853 1308 5910 in
1359 5867 1472 5912 not.
1529 5858 1593 5913 ad
1645 5847 2039 5934 Myihologicon

2148 5437 2436 5510 Fulgentii,
2463 5456 2583 5511 pag.
2623 5440 2715 5508 29,
2763 5441 2892 5511 quia
2933 5439 3140 5498 scilicet
3184 5443 3490 5499 Editiouem
3544 5439 3731 5498 Grialii

2151 5527 2252 5563 non
2286 5511 2509 5565 viderat.
2545 5516 2711 5566 ABRV.

2223 5581 2317 5657 ’.57ζ
2344 5580 2578 5657 Isidorus
2603 5598 2724 5657 cum
2747 5582 3030 5639 Ambrosio
3057 5591 3113 5640 et
3139 5585 3367 5657 August.
3395 5593 3544 5654 putat
3578 5599 3732 5657 eum-

2148 5652 2268 5729 dem
2290 5652 2390 5729 .Irob
2419 5663 2472 5707 et
2501 5653 2636 5707 Joab
2665 5654 3084 5729 Genes.__xxxvt‘;
3119 5652 3277 5714 aliter
3303 5652 3636 5729 Ilierottym.,
3672 5656 3730 5712 in

2151 5723 2283 5778 Ich.
2308 5724 2510 5787 Quwst.
2542 5733 2595 5777 ct
2625 5737 2814 5792 qumst.
2843 5725 2912 5782 5'6
2945 5729 2996 5780 in
3026 5725 3221 5783 Cenes.

2161 5867 2172 5878 α
2220 5822 2290 5834 —-
2315 5795 2401 5848 Al.
2429 5794 2537 5849 Sua
2564 5797 2749 5852 damna
2778 5799 3016 5876 insuper,
3041 5802 3310 5871 patientem
3349 5798 3587 5854 sustinuit
3610 5813 3729 5860 curto

2145 5881 2342 5939 lugent.
