  <div class='ocr_page' id='page_1' title='image "/cluster/home/n/w/nwhite01/storage/ocr_20150623/83/hvd.32044015469448/076.png"; bbox 0 0 4056 6350; ppageno 0'>
   <div class='ocr_carea' id='block_1_1' title="bbox 251 6091 280 6102">
    <p class='ocr_par' dir='ltr' id='par_1_1' title="bbox 251 6091 280 6102">
     <span class='ocr_line' id='line_1_1' title="bbox 251 6091 280 6102; baseline 0 0"><span class='ocrx_word' id='word_1_1' title='bbox 251 6091 280 6102; x_wconf 73' lang='grc' dir='ltr'><strong>-ρ</strong></span> 
     </span>
    </p>
   </div>
   <div class='ocr_carea' id='block_1_2' title="bbox 315 404 421 466">
    <p class='ocr_par' dir='ltr' id='par_1_2' title="bbox 315 404 421 466">
     <span class='ocr_line' id='line_1_2' title="bbox 315 404 421 466; baseline -0.038 0"><span class='ocrx_word' id='word_1_2' title='bbox 315 404 421 466; x_wconf 72' lang='grc'><strong>157</strong></span> 
     </span>
    </p>
   </div>
   <div class='ocr_carea' id='block_1_3' title="bbox 887 500 1323 575">
    <p class='ocr_par' dir='ltr' id='par_1_3' title="bbox 887 500 1323 575">
     <span class='ocr_line' id='line_1_3' title="bbox 887 500 1323 575; baseline -0.011 0"><span class='ocrx_word' id='word_1_3' title='bbox 887 505 1118 575; x_wconf 80' lang='lat' dir='ltr'><strong>CAPUT</strong></span> <span class='ocrx_word' id='word_1_4' title='bbox 1144 500 1323 574; x_wconf 78' lang='lat' dir='ltr'><strong>&#39;xxv.</strong></span> 
     </span>
    </p>
   </div>
   <div class='ocr_carea' id='block_1_4' title="bbox 329 607 1898 688">
    <p class='ocr_par' dir='ltr' id='par_1_4' title="bbox 329 607 1898 688">
     <span class='ocr_line' id='line_1_4' title="bbox 329 607 1898 688; baseline -0.005 -14"><span class='ocrx_word' id='word_1_5' title='bbox 329 643 340 655; x_wconf 90' lang='lat'><strong>-</strong></span> <span class='ocrx_word' id='word_1_6' title='bbox 383 615 477 674; x_wconf 74' lang='lat'><strong>39.</strong></span> <span class='ocrx_word' id='word_1_7' title='bbox 502 614 716 688; x_wconf 67' lang='lat' dir='ltr'><strong>Moyses</strong></span> <span class='ocrx_word' id='word_1_8' title='bbox 737 615 881 670; x_wconf 85' lang='lat' dir='ltr'><strong>filius</strong></span> <span class='ocrx_word' id='word_1_9' title='bbox 908 615 1126 670; x_wconf 80' lang='lat' dir='ltr'><strong>Amram</strong></span> <span class='ocrx_word' id='word_1_10' title='bbox 1147 607 1222 667; x_wconf 83' lang='lat' dir='ltr'><strong>ex</strong></span> <span class='ocrx_word' id='word_1_11' title='bbox 1243 610 1382 667; x_wconf 81' lang='lat' dir='ltr'><strong>tribu</strong></span> <span class='ocrx_word' id='word_1_12' title='bbox 1404 609 1554 682; x_wconf 85' lang='lat' dir='ltr'><strong>Levi,</strong></span> <span class='ocrx_word' id='word_1_13' title='bbox 1573 610 1677 667; x_wconf 87' lang='lat' dir='ltr'><strong>dux</strong></span> <span class='ocrx_word' id='word_1_14' title='bbox 1701 619 1754 666; x_wconf 91' lang='lat' dir='ltr'><strong>ct</strong></span> <span class='ocrx_word' id='word_1_15' title='bbox 1776 624 1898 680; x_wconf 83' lang='lat' dir='ltr'><strong>pro-</strong></span> 
     </span>
    </p>
   </div>
   <div class='ocr_carea' id='block_1_5' title="bbox 315 701 1902 782">
    <p class='ocr_par' dir='ltr' id='par_1_5' title="bbox 315 701 1902 782">
     <span class='ocr_line' id='line_1_5' title="bbox 315 701 1902 782; baseline -0.004 -16"><span class='ocrx_word' id='word_1_16' title='bbox 315 708 484 782; x_wconf 88' lang='lat' dir='ltr'><strong>pheta</strong></span> <span class='ocrx_word' id='word_1_17' title='bbox 516 709 707 777; x_wconf 80' lang='lat' dir='ltr'><strong>Israel,</strong></span> <span class='ocrx_word' id='word_1_18' title='bbox 736 709 878 780; x_wconf 90' lang='lat' dir='ltr'><strong>regis</strong></span> <span class='ocrx_word' id='word_1_19' title='bbox 909 708 1034 763; x_wconf 79' lang='lat' dir='ltr'><strong>filite&#39;</strong></span> <span class='ocrx_word' id='word_1_20' title='bbox 1061 701 1364 778; x_wconf 71' lang='lat' dir='ltr'><strong>adoptivus,</strong></span> <span class='ocrx_word' id='word_1_21' title='bbox 1397 706 1489 762; x_wconf 89' lang='lat' dir='ltr'><strong>Dei</strong></span> <span class='ocrx_word' id='word_1_22' title='bbox 1515 707 1745 774; x_wconf 85' lang='lat' dir='ltr'><strong>amicus,</strong></span> <span class='ocrx_word' id='word_1_23' title='bbox 1770 707 1902 760; x_wconf 84' lang='lat' dir='ltr'><strong>Plia-</strong></span> 
     </span>
    </p>
   </div>
   <div class='ocr_carea' id='block_1_6' title="bbox 313 800 1924 871">
    <p class='ocr_par' dir='ltr' id='par_1_6' title="bbox 313 800 1924 871">
     <span class='ocr_line' id='line_1_6' title="bbox 313 800 1924 871; baseline -0.002 -11"><span class='ocrx_word' id='word_1_24' title='bbox 313 803 497 860; x_wconf 78' lang='lat' dir='ltr'><strong>ra‘onis</strong></span> <span class='ocrx_word' id='word_1_25' title='bbox 526 802 800 871; x_wconf 89' lang='lat' dir='ltr'><strong>dominus,</strong></span> <span class='ocrx_word' id='word_1_26' title='bbox 836 801 889 857; x_wconf 90' lang='lat' dir='ltr'><strong>in</strong></span> <span class='ocrx_word' id='word_1_27' title='bbox 921 800 1052 858; x_wconf 91' lang='lat' dir='ltr'><strong>rubo</strong></span> <span class='ocrx_word' id='word_1_28' title='bbox 1091 801 1398 856; x_wconf 87' lang='lat' dir='ltr'><strong>ﬂammante</strong></span> <span class='ocrx_word' id='word_1_29' title='bbox 1429 808 1484 855; x_wconf 92' lang='lat' dir='ltr'><strong>et</strong></span> <span class='ocrx_word' id='word_1_30' title='bbox 1532 815 1636 855; x_wconf 92' lang='lat' dir='ltr'><strong>non</strong></span> <span class='ocrx_word' id='word_1_31' title='bbox 1686 807 1924 866; x_wconf 82' lang='lat' dir='ltr'><strong>urente,-</strong></span> 
     </span>
    </p>
   </div>
   <div class='ocr_carea' id='block_1_7' title="bbox 321 893 1899 968">
    <p class='ocr_par' dir='ltr' id='par_1_7' title="bbox 321 893 1899 968">
     <span class='ocr_line' id='line_1_7' title="bbox 321 893 1899 968; baseline -0.002 -19"><span class='ocrx_word' id='word_1_32' title='bbox 321 897 547 952; x_wconf 86' lang='lat' dir='ltr'><strong>vocibtts</strong></span> <span class='ocrx_word' id='word_1_33' title='bbox 575 895 830 968; x_wconf 81' lang='lat' dir='ltr'><strong>angelicis</strong></span> <span class='ocrx_word' id='word_1_34' title='bbox 859 903 1143 960; x_wconf 88' lang='lat' dir='ltr'><strong>evocatur,</strong></span> <span class='ocrx_word' id='word_1_35' title='bbox 1170 909 1324 963; x_wconf 87' lang='lat' dir='ltr'><strong>quem</strong></span> <span class='ocrx_word' id='word_1_36' title='bbox 1357 902 1414 947; x_wconf 89' lang='lat' dir='ltr'><strong>ut</strong></span> <span class='ocrx_word' id='word_1_37' title='bbox 1442 895 1687 962; x_wconf 86' lang='lat' dir='ltr'><strong>exemplo</strong></span> <span class='ocrx_word' id='word_1_38' title='bbox 1717 893 1899 946; x_wconf 86' lang='lat' dir='ltr'><strong>firma-</strong></span> 
     </span>
    </p>
   </div>
   <div class='ocr_carea' id='block_1_8' title="bbox 311 979 1903 1058">
    <p class='ocr_par' dir='ltr' id='par_1_8' title="bbox 311 979 1903 1058">
     <span class='ocr_line' id='line_1_8' title="bbox 311 979 1903 1058; baseline -0.003 -13"><span class='ocrx_word' id='word_1_39' title='bbox 311 992 406 1045; x_wconf 85' lang='lat' dir='ltr'><strong>ret&#39;</strong></span> <span class='ocrx_word' id='word_1_40' title='bbox 424 989 590 1057; x_wconf 89' lang='lat' dir='ltr'><strong>Deus,</strong></span> <span class='ocrx_word' id='word_1_41' title='bbox 623 990 945 1045; x_wconf 87' lang='lat' dir='ltr'><strong>insinuatam</strong></span> <span class='ocrx_word' id='word_1_42' title='bbox 994 979 1111 1058; x_wconf 86' lang='lat' dir='ltr'><strong>ejus</strong></span> <span class='ocrx_word' id='word_1_43' title='bbox 1158 1003 1371 1042; x_wconf 85' lang='lat' dir='ltr'><strong>manum</strong></span> <span class='ocrx_word' id='word_1_44' title='bbox 1414 986 1575 1057; x_wconf 80' lang='lat' dir='ltr'><strong>jussit</strong></span> <span class='ocrx_word' id='word_1_45' title='bbox 1625 986 1815 1049; x_wconf 87' lang='lat' dir='ltr'><strong>emori.</strong></span> <span class='ocrx_word' id='word_1_46' title='bbox 1847 993 1903 1040; x_wconf 88' lang='lat' dir='ltr'><strong>et</strong></span> 
     </span>
    </p>
   </div>
   <div class='ocr_carea' id='block_1_9' title="bbox 310 1080 1917 1150">
    <p class='ocr_par' dir='ltr' id='par_1_9' title="bbox 310 1080 1917 1150">
     <span class='ocr_line' id='line_1_9' title="bbox 310 1080 1917 1150; baseline -0.001 -14"><span class='ocrx_word' id='word_1_47' title='bbox 310 1095 498 1136; x_wconf 82' lang='lat' dir='ltr'><strong>rursus</strong></span> <span class='ocrx_word' id='word_1_48' title='bbox 526 1091 770 1138; x_wconf 62' lang='lat' dir='ltr'><strong>retracta</strong></span> <span class='ocrx_word' id='word_1_49' title='bbox 796 1081 1034 1150; x_wconf 80' lang='lat' dir='ltr'><strong>vigorem</strong></span> <span class='ocrx_word' id='word_1_50' title='bbox 1084 1089 1138 1136; x_wconf 92' lang='lat' dir='ltr'><strong>et</strong></span> <span class='ocrx_word' id='word_1_51' title='bbox 1179 1092 1357 1136; x_wconf 87' lang='lat' dir='ltr'><strong>mutus</strong></span> <span class='ocrx_word' id='word_1_52' title='bbox 1387 1080 1638 1146; x_wconf 82' lang='lat' dir='ltr'><strong>reddidit,</strong></span> <span class='ocrx_word' id='word_1_53' title='bbox 1673 1089 1728 1135; x_wconf 88' lang='lat' dir='ltr'><strong>et</strong></span> <span class='ocrx_word' id='word_1_54' title='bbox 1757 1081 1917 1134; x_wconf 81' lang='lat' dir='ltr'><strong>calo--</strong></span> 
     </span>
    </p>
   </div>
   <div class='ocr_carea' id='block_1_10' title="bbox 315 1165 1898 1246">
    <p class='ocr_par' dir='ltr' id='par_1_10' title="bbox 315 1165 1898 1246">
     <span class='ocr_line' id='line_1_10' title="bbox 315 1165 1898 1246; baseline 0 -19"><span class='ocrx_word' id='word_1_55' title='bbox 315 1167 393 1227; x_wconf 78' lang='lat' dir='ltr'><strong>ris</strong></span> <span class='ocrx_word' id='word_1_56' title='bbox 421 1171 555 1243; x_wconf 80' lang='lat' dir='ltr'><strong>[Al.,</strong></span> <span class='ocrx_word' id='word_1_57' title='bbox 585 1165 806 1244; x_wconf 78' lang='lat' dir='ltr'><strong>coloris]</strong></span> <span class='ocrx_word' id='word_1_58' title='bbox 842 1190 854 1226; x_wconf 91' lang='lat'>:</span> <span class='ocrx_word' id='word_1_59' title='bbox 888 1171 1041 1242; x_wconf 89' lang='lat' dir='ltr'><strong>cujus</strong></span> <span class='ocrx_word' id='word_1_60' title='bbox 1089 1171 1254 1227; x_wconf 87' lang='lat' dir='ltr'><strong>facies</strong></span> <span class='ocrx_word' id='word_1_61' title='bbox 1305 1187 1401 1241; x_wconf 91' lang='lat' dir='ltr'><strong>spe</strong></span> <span class='ocrx_word' id='word_1_62' title='bbox 1445 1169 1641 1246; x_wconf 80' lang='lat' dir='ltr'><strong>[Forte</strong></span> <span class='ocrx_word' id='word_1_63' title='bbox 1687 1169 1898 1244; x_wconf 86' lang='lat' dir='ltr'><strong>specie]</strong></span> 
     </span>
    </p>
   </div>
   <div class='ocr_carea' id='block_1_11' title="bbox 317 1262 1926 1335">
    <p class='ocr_par' dir='ltr' id='par_1_11' title="bbox 317 1262 1926 1335">
     <span class='ocr_line' id='line_1_11' title="bbox 317 1262 1926 1335; baseline 0.001 -17"><span class='ocrx_word' id='word_1_64' title='bbox 317 1263 516 1319; x_wconf 78' lang='lat' dir='ltr'><strong>futura:</strong></span> <span class='ocrx_word' id='word_1_65' title='bbox 565 1265 752 1335; x_wconf 72' lang='lat' dir='ltr'><strong>gloria:</strong></span> <span class='ocrx_word' id='word_1_66' title='bbox 805 1262 1155 1332; x_wconf 85' lang='lat' dir='ltr'><strong>illuminatur,</strong></span> <span class='ocrx_word' id='word_1_67' title='bbox 1189 1265 1423 1334; x_wconf 86' lang='lat' dir='ltr'><strong>humilis,</strong></span> <span class='ocrx_word' id='word_1_68' title='bbox 1456 1274 1516 1320; x_wconf 83' lang='lat' dir='ltr'><strong>ut.</strong></span> <span class='ocrx_word' id='word_1_69' title='bbox 1561 1266 1637 1320; x_wconf 88' lang='lat' dir='ltr'><strong>ait</strong></span> <span class='ocrx_word' id='word_1_70' title='bbox 1683 1264 1926 1334; x_wconf 87' lang='lat' dir='ltr'><strong>quidam</strong></span> 
     </span>
    </p>
   </div>
   <div class='ocr_carea' id='block_1_12' title="bbox 314 1353 1923 1427">
    <p class='ocr_par' dir='ltr' id='par_1_12' title="bbox 314 1353 1923 1427">
     <span class='ocr_line' id='line_1_12' title="bbox 314 1353 1923 1427; baseline 0.001 -16"><span class='ocrx_word' id='word_1_71' title='bbox 314 1356 551 1427; x_wconf 84' lang='lat' dir='ltr'><strong>sapiens,</strong></span> <span class='ocrx_word' id='word_1_72' title='bbox 577 1358 628 1412; x_wconf 90' lang='lat' dir='ltr'><strong>in</strong></span> <span class='ocrx_word' id='word_1_73' title='bbox 660 1353 962 1413; x_wconf 87' lang='lat' dir='ltr'><strong>recusando</strong></span> <span class='ocrx_word' id='word_1_74' title='bbox 989 1357 1314 1422; x_wconf 89' lang='lat' dir='ltr'><strong>ministerio,</strong></span> <span class='ocrx_word' id='word_1_75' title='bbox 1339 1357 1585 1412; x_wconf 90' lang='lat' dir='ltr'><strong>subditus</strong></span> <span class='ocrx_word' id='word_1_76' title='bbox 1631 1359 1682 1412; x_wconf 93' lang='lat' dir='ltr'><strong>in</strong></span> <span class='ocrx_word' id='word_1_77' title='bbox 1729 1357 1923 1413; x_wconf 82' lang='lat' dir='ltr'><strong>susci-&#39;</strong></span> 
     </span>
    </p>
   </div>
   <div class='ocr_carea' id='block_1_13' title="bbox 315 1446 1928 1519">
    <p class='ocr_par' dir='ltr' id='par_1_13' title="bbox 315 1446 1928 1519">
     <span class='ocr_line' id='line_1_13' title="bbox 315 1446 1928 1519; baseline 0.001 -18"><span class='ocrx_word' id='word_1_78' title='bbox 315 1446 537 1518; x_wconf 78' lang='lat' dir='ltr'><strong>piendo,</strong></span> <span class='ocrx_word' id='word_1_79' title='bbox 555 1450 605 1502; x_wconf 92' lang='lat' dir='ltr'><strong>in</strong></span> <span class='ocrx_word' id='word_1_80' title='bbox 629 1447 994 1504; x_wconf 80' lang='lat' dir='ltr'><strong>conservando</strong></span> <span class='ocrx_word' id='word_1_81' title='bbox 1015 1447 1205 1510; x_wconf 81' lang='lat' dir='ltr'><strong>fidelis,</strong></span> <span class='ocrx_word' id='word_1_82' title='bbox 1233 1449 1284 1503; x_wconf 93' lang='lat' dir='ltr'><strong>in</strong></span> <span class='ocrx_word' id='word_1_83' title='bbox 1305 1449 1632 1518; x_wconf 86' lang='lat' dir='ltr'><strong>exquirendo</strong></span> <span class='ocrx_word' id='word_1_84' title='bbox 1655 1448 1898 1519; x_wconf 75' lang='lat' dir='ltr'><strong>pervigil,</strong></span> <span class='ocrx_word' id='word_1_85' title='bbox 1921 1469 1928 1489; x_wconf 75' lang='grc' dir='ltr'><strong>ι</strong></span> 
     </span>
    </p>
   </div>
   <div class='ocr_carea' id='block_1_14' title="bbox 311 1537 1899 1612">
    <p class='ocr_par' dir='ltr' id='par_1_14' title="bbox 311 1537 1899 1612">
     <span class='ocr_line' id='line_1_14' title="bbox 311 1537 1899 1612; baseline 0.002 -20"><span class='ocrx_word' id='word_1_86' title='bbox 311 1537 364 1593; x_wconf 88' lang='lat' dir='ltr'><strong>itt</strong></span> <span class='ocrx_word' id='word_1_87' title='bbox 400 1539 634 1610; x_wconf 86' lang='lat' dir='ltr'><strong>regendo</strong></span> <span class='ocrx_word' id='word_1_88' title='bbox 657 1540 850 1612; x_wconf 88' lang='lat' dir='ltr'><strong>populo</strong></span> <span class='ocrx_word' id='word_1_89' title='bbox 879 1540 1120 1610; x_wconf 75' lang='lat' dir='ltr'><strong>vigilans,</strong></span> <span class='ocrx_word' id='word_1_90' title='bbox 1159 1541 1210 1595; x_wconf 93' lang='lat' dir='ltr'><strong>in</strong></span> <span class='ocrx_word' id='word_1_91' title='bbox 1237 1541 1554 1612; x_wconf 80' lang='lat' dir='ltr'><strong>corrigendo</strong></span> <span class='ocrx_word' id='word_1_92' title='bbox 1585 1542 1899 1609; x_wconf 78' lang='lat' dir='ltr'><strong>vehemens,</strong></span> 
     </span>
    </p>
   </div>
   <div class='ocr_carea' id='block_1_15' title="bbox 307 1634 1900 1706">
    <p class='ocr_par' dir='ltr' id='par_1_15' title="bbox 307 1634 1900 1706">
     <span class='ocr_line' id='line_1_15' title="bbox 307 1634 1900 1706; baseline -0.001 -16"><span class='ocrx_word' id='word_1_93' title='bbox 307 1634 363 1690; x_wconf 86' lang='lat' dir='ltr'><strong>in</strong></span> <span class='ocrx_word' id='word_1_94' title='bbox 389 1636 619 1690; x_wconf 85' lang='lat' dir='ltr'><strong>amando</strong></span> <span class='ocrx_word' id='word_1_95' title='bbox 643 1634 933 1700; x_wconf 73' lang='lat' dir='ltr'><strong>ardens,in</strong></span> <span class='ocrx_word' id='word_1_96' title='bbox 955 1635 1272 1701; x_wconf 61' lang='lat' dir='ltr'><strong>sustinendo</strong></span> <span class='ocrx_word' id='word_1_97' title='bbox 1289 1636 1516 1706; x_wconf 82' lang='lat' dir='ltr'><strong>patiens,</strong></span> <span class='ocrx_word' id='word_1_98' title='bbox 1536 1636 1619 1703; x_wconf 91' lang='lat' dir='ltr'><strong>qui</strong></span> <span class='ocrx_word' id='word_1_99' title='bbox 1648 1649 1745 1705; x_wconf 90' lang='lat' dir='ltr'><strong>pro</strong></span> <span class='ocrx_word' id='word_1_100' title='bbox 1771 1635 1900 1690; x_wconf 86' lang='lat' dir='ltr'><strong>sub-</strong></span> 
     </span>
    </p>
   </div>
   <div class='ocr_carea' id='block_1_16' title="bbox 305 1723 1898 1797">
    <p class='ocr_par' dir='ltr' id='par_1_16' title="bbox 305 1723 1898 1797">
     <span class='ocr_line' id='line_1_16' title="bbox 305 1723 1898 1797; baseline 0.001 -16"><span class='ocrx_word' id='word_1_101' title='bbox 305 1725 465 1797; x_wconf 86' lang='lat' dir='ltr'><strong>jectis</strong></span> <span class='ocrx_word' id='word_1_102' title='bbox 481 1742 539 1782; x_wconf 89' lang='lat' dir='ltr'><strong>se</strong></span> <span class='ocrx_word' id='word_1_103' title='bbox 558 1729 666 1782; x_wconf 89' lang='lat' dir='ltr'><strong>Deo</strong></span> <span class='ocrx_word' id='word_1_104' title='bbox 687 1723 1004 1796; x_wconf 77' lang='lat' dir='ltr'><strong>interposuit</strong></span> <span class='ocrx_word' id='word_1_105' title='bbox 1019 1726 1340 1792; x_wconf 83' lang='lat' dir='ltr'><strong>consulenti,</strong></span> <span class='ocrx_word' id='word_1_106' title='bbox 1355 1725 1601 1796; x_wconf 88' lang='lat' dir='ltr'><strong>opposuit</strong></span> <span class='ocrx_word' id='word_1_107' title='bbox 1622 1727 1898 1782; x_wconf 69' lang='lat' dir='ltr'><strong>irascenti.</strong></span> 
     </span>
    </p>
   </div>
   <div class='ocr_carea' id='block_1_17' title="bbox 1462 397 2538 463">
    <p class='ocr_par' dir='ltr' id='par_1_17' title="bbox 1462 397 2538 463">
     <span class='ocr_line' id='line_1_17' title="bbox 1462 397 2538 463; baseline -0.002 -3"><span class='ocrx_word' id='word_1_108' title='bbox 1462 399 1554 460; x_wconf 68' lang='grc'><strong>118</strong></span> <span class='ocrx_word' id='word_1_109' title='bbox 1592 397 1777 460; x_wconf 80' lang='lat' dir='ltr'><strong>ORTU</strong></span> <span class='ocrx_word' id='word_1_110' title='bbox 1820 397 1908 458; x_wconf 83' lang='grc' dir='ltr'><strong>ΕΤ</strong></span> <span class='ocrx_word' id='word_1_111' title='bbox 1947 398 2152 463; x_wconf 80' lang='lat' dir='ltr'><strong>OBITU</strong></span> <span class='ocrx_word' id='word_1_112' title='bbox 2193 398 2497 461; x_wconf 71' lang='lat' dir='ltr'><strong>PATRUII.</strong></span> <span class='ocrx_word' id='word_1_113' title='bbox 2535 445 2538 448; x_wconf 78' lang='lat'><strong>.</strong></span> 
     </span>
    </p>
   </div>
   <div class='ocr_carea' id='block_1_18' title="bbox 1785 519 1976 581">
    <p class='ocr_par' dir='ltr' id='par_1_18' title="bbox 1785 519 1976 581">
     <span class='ocr_line' id='line_1_18' title="bbox 1785 519 1976 581; baseline 0 0"><span class='ocrx_word' id='word_1_114' title='bbox 1785 519 1789 522; x_wconf 73' lang='grc'><strong>’</strong></span> <span class='ocrx_word' id='word_1_115' title='bbox 1922 519 1976 581; x_wconf 76' lang='grc' dir='ltr'><strong>Δ</strong></span> 
     </span>
    </p>
   </div>
   <div class='ocr_carea' id='block_1_19' title="bbox 3491 405 3591 471">
    <p class='ocr_par' dir='ltr' id='par_1_19' title="bbox 3491 405 3591 471">
     <span class='ocr_line' id='line_1_19' title="bbox 3491 405 3591 471; baseline 0.03 -3"><span class='ocrx_word' id='word_1_116' title='bbox 3491 405 3591 471; x_wconf 68' lang='grc'><strong>188</strong></span> 
     </span>
    </p>
   </div>
   <div class='ocr_carea' id='block_1_20' title="bbox 2567 509 3014 572">
    <p class='ocr_par' dir='ltr' id='par_1_20' title="bbox 2567 509 3014 572">
     <span class='ocr_line' id='line_1_20' title="bbox 2567 509 3014 572; baseline 0.004 -2"><span class='ocrx_word' id='word_1_117' title='bbox 2567 509 2793 571; x_wconf 82' lang='lat' dir='ltr'><strong>CAPUT</strong></span> <span class='ocrx_word' id='word_1_118' title='bbox 2820 511 3014 572; x_wconf 79' lang='lat' dir='ltr'><strong>XXVI-</strong></span> 
     </span>
    </p>
   </div>
   <div class='ocr_carea' id='block_1_21' title="bbox 2073 607 3588 681">
    <p class='ocr_par' dir='ltr' id='par_1_21' title="bbox 2073 607 3588 681">
     <span class='ocr_line' id='line_1_21' title="bbox 2073 607 3588 681; baseline 0.007 -19"><span class='ocrx_word' id='word_1_119' title='bbox 2073 607 2165 663; x_wconf 67' lang='grc'><strong>45.</strong></span> <span class='ocrx_word' id='word_1_120' title='bbox 2184 609 2360 664; x_wconf 81' lang='lat' dir='ltr'><strong>Aaron</strong></span> <span class='ocrx_word' id='word_1_121' title='bbox 2387 607 2552 664; x_wconf 83' lang='lat' dir='ltr'><strong>frater</strong></span> <span class='ocrx_word' id='word_1_122' title='bbox 2574 607 2766 680; x_wconf 76' lang='lat' dir='ltr'><strong>Moysi,</strong></span> <span class='ocrx_word' id='word_1_123' title='bbox 2788 616 2842 664; x_wconf 90' lang='lat' dir='ltr'><strong>et</strong></span> <span class='ocrx_word' id='word_1_124' title='bbox 2861 607 3085 681; x_wconf 79' lang='lat' dir='ltr'><strong>insignis</strong></span> <span class='ocrx_word' id='word_1_125' title='bbox 3102 609 3480 670; x_wconf 84' lang='lat' dir='ltr'><strong>miraculorum</strong></span> <span class='ocrx_word' id='word_1_126' title='bbox 3498 627 3588 673; x_wconf 84' lang='lat' dir='ltr'><strong>so-</strong></span> 
     </span>
    </p>
   </div>
   <div class='ocr_carea' id='block_1_22' title="bbox 2003 702 3589 779">
    <p class='ocr_par' dir='ltr' id='par_1_22' title="bbox 2003 702 3589 779">
     <span class='ocr_line' id='line_1_22' title="bbox 2003 702 3589 779; baseline 0.005 -22"><span class='ocrx_word' id='word_1_127' title='bbox 2003 702 2142 766; x_wconf 89' lang='lat' dir='ltr'><strong>cius,</strong></span> <span class='ocrx_word' id='word_1_128' title='bbox 2175 713 2335 773; x_wconf 90' lang='lat' dir='ltr'><strong>atque</strong></span> <span class='ocrx_word' id='word_1_129' title='bbox 2365 702 2417 758; x_wconf 94' lang='lat' dir='ltr'><strong>in</strong></span> <span class='ocrx_word' id='word_1_130' title='bbox 2464 702 2608 775; x_wconf 86' lang='lat' dir='ltr'><strong>Lege</strong></span> <span class='ocrx_word' id='word_1_131' title='bbox 2637 703 2889 759; x_wconf 84' lang='lat' dir='ltr'><strong>sacerdos</strong></span> <span class='ocrx_word' id='word_1_132' title='bbox 2921 703 3128 759; x_wconf 90' lang='lat' dir='ltr'><strong>Domini</strong></span> <span class='ocrx_word' id='word_1_133' title='bbox 3179 704 3402 776; x_wconf 89' lang='lat' dir='ltr'><strong>primus,</strong></span> <span class='ocrx_word' id='word_1_134' title='bbox 3436 707 3589 779; x_wconf 88' lang='lat' dir='ltr'><strong>cujus</strong></span> 
     </span>
    </p>
   </div>
   <div class='ocr_carea' id='block_1_23' title="bbox 2001 796 3590 872">
    <p class='ocr_par' dir='ltr' id='par_1_23' title="bbox 2001 796 3590 872">
     <span class='ocr_line' id='line_1_23' title="bbox 2001 796 3590 872; baseline 0.004 -20"><span class='ocrx_word' id='word_1_135' title='bbox 2001 799 2148 868; x_wconf 85' lang='lat' dir='ltr'><strong>virga</strong></span> <span class='ocrx_word' id='word_1_136' title='bbox 2175 808 2322 854; x_wconf 89' lang='lat' dir='ltr'><strong>sorte</strong></span> <span class='ocrx_word' id='word_1_137' title='bbox 2349 797 2540 865; x_wconf 89' lang='lat' dir='ltr'><strong>electa,</strong></span> <span class='ocrx_word' id='word_1_138' title='bbox 2575 796 2763 853; x_wconf 82' lang='lat' dir='ltr'><strong>fronde</strong></span> <span class='ocrx_word' id='word_1_139' title='bbox 2786 809 2838 854; x_wconf 91' lang='lat' dir='ltr'><strong>et</strong></span> <span class='ocrx_word' id='word_1_140' title='bbox 2867 797 3106 869; x_wconf 80' lang='lat' dir='ltr'><strong>germine</strong></span> <span class='ocrx_word' id='word_1_141' title='bbox 3133 799 3335 855; x_wconf 90' lang='lat' dir='ltr'><strong>ﬂoruit.</strong></span> <span class='ocrx_word' id='word_1_142' title='bbox 3377 801 3590 872; x_wconf 79' lang='lat' dir='ltr'><strong>Quique</strong></span> 
     </span>
    </p>
   </div>
   <div class='ocr_carea' id='block_1_24' title="bbox 2008 891 3590 964">
    <p class='ocr_par' dir='ltr' id='par_1_24' title="bbox 2008 891 3590 964">
     <span class='ocr_line' id='line_1_24' title="bbox 2008 891 3590 964; baseline -0.001 -16"><span class='ocrx_word' id='word_1_143' title='bbox 2008 893 2334 948; x_wconf 89' lang='lat' dir='ltr'><strong>tlturibulum</strong></span> <span class='ocrx_word' id='word_1_144' title='bbox 2361 893 2413 947; x_wconf 93' lang='lat' dir='ltr'><strong>in</strong></span> <span class='ocrx_word' id='word_1_145' title='bbox 2441 892 2626 948; x_wconf 89' lang='lat' dir='ltr'><strong>dextra</strong></span> <span class='ocrx_word' id='word_1_146' title='bbox 2657 902 2894 963; x_wconf 87' lang='lat' dir='ltr'><strong>gestans,</strong></span> <span class='ocrx_word' id='word_1_147' title='bbox 2925 891 3118 948; x_wconf 86' lang='lat' dir='ltr'><strong>furenti</strong></span> <span class='ocrx_word' id='word_1_148' title='bbox 3147 908 3206 948; x_wconf 90' lang='lat' dir='ltr'><strong>se</strong></span> <span class='ocrx_word' id='word_1_149' title='bbox 3234 895 3463 948; x_wconf 72' lang='lat' dir='ltr'><strong>ﬂammat</strong></span> <span class='ocrx_word' id='word_1_150' title='bbox 3492 909 3590 964; x_wconf 88' lang='lat' dir='ltr'><strong>op-</strong></span> 
     </span>
    </p>
   </div>
   <div class='ocr_carea' id='block_1_25' title="bbox 2003 984 3589 1057">
    <p class='ocr_par' dir='ltr' id='par_1_25' title="bbox 2003 984 3589 1057">
     <span class='ocr_line' id='line_1_25' title="bbox 2003 984 3589 1057; baseline -0.001 -16"><span class='ocrx_word' id='word_1_151' title='bbox 2003 988 2202 1057; x_wconf 85' lang='lat' dir='ltr'><strong>posuit,</strong></span> <span class='ocrx_word' id='word_1_152' title='bbox 2224 988 2382 1056; x_wconf 85' lang='lat' dir='ltr'><strong>atque</strong></span> <span class='ocrx_word' id='word_1_153' title='bbox 2403 993 2552 1041; x_wconf 85' lang='lat' dir='ltr'><strong>stans</strong></span> <span class='ocrx_word' id='word_1_154' title='bbox 2574 985 2712 1040; x_wconf 88' lang='lat' dir='ltr'><strong>inter</strong></span> <span class='ocrx_word' id='word_1_155' title='bbox 2732 986 2884 1040; x_wconf 82' lang='lat' dir='ltr'><strong>vivos</strong></span> <span class='ocrx_word' id='word_1_156' title='bbox 2905 992 2960 1040; x_wconf 91' lang='lat' dir='ltr'><strong>et</strong></span> <span class='ocrx_word' id='word_1_157' title='bbox 2987 994 3246 1052; x_wconf 90' lang='lat' dir='ltr'><strong>mortuos,</strong></span> <span class='ocrx_word' id='word_1_158' title='bbox 3271 984 3486 1056; x_wconf 84' lang='lat' dir='ltr'><strong>ohjectu</strong></span> <span class='ocrx_word' id='word_1_159' title='bbox 3507 985 3589 1040; x_wconf 90' lang='lat' dir='ltr'><strong>sui</strong></span> 
     </span>
    </p>
   </div>
   <div class='ocr_carea' id='block_1_26' title="bbox 2001 1081 3593 1154">
    <p class='ocr_par' dir='ltr' id='par_1_26' title="bbox 2001 1081 3593 1154">
     <span class='ocr_line' id='line_1_26' title="bbox 2001 1081 3593 1154; baseline -0.003 -14"><span class='ocrx_word' id='word_1_160' title='bbox 2001 1082 2241 1153; x_wconf 86' lang='lat' dir='ltr'><strong>corporis</strong></span> <span class='ocrx_word' id='word_1_161' title='bbox 2263 1083 2490 1138; x_wconf 88' lang='lat' dir='ltr'><strong>transire</strong></span> <span class='ocrx_word' id='word_1_162' title='bbox 2516 1083 2690 1154; x_wconf 86' lang='lat' dir='ltr'><strong>ignem</strong></span> <span class='ocrx_word' id='word_1_163' title='bbox 2713 1081 2777 1136; x_wconf 89' lang='lat' dir='ltr'><strong>ad</strong></span> <span class='ocrx_word' id='word_1_164' title='bbox 2810 1097 2998 1153; x_wconf 88' lang='lat' dir='ltr'><strong>agmen</strong></span> <span class='ocrx_word' id='word_1_165' title='bbox 3032 1083 3323 1138; x_wconf 78' lang='lat' dir='ltr'><strong>viventium</strong></span> <span class='ocrx_word' id='word_1_166' title='bbox 3345 1098 3448 1136; x_wconf 92' lang='lat' dir='ltr'><strong>non</strong></span> <span class='ocrx_word' id='word_1_167' title='bbox 3474 1096 3593 1152; x_wconf 86' lang='lat' dir='ltr'><strong>per-</strong></span> 
     </span>
    </p>
   </div>
   <div class='ocr_carea' id='block_1_27' title="bbox 2006 1173 3588 1246">
    <p class='ocr_par' dir='ltr' id='par_1_27' title="bbox 2006 1173 3588 1246">
     <span class='ocr_line' id='line_1_27' title="bbox 2006 1173 3588 1246; baseline -0.003 -14"><span class='ocrx_word' id='word_1_168' title='bbox 2006 1176 2175 1234; x_wconf 87' lang='lat' dir='ltr'><strong>misit.</strong></span> <span class='ocrx_word' id='word_1_169' title='bbox 2223 1175 2322 1231; x_wconf 91' lang='lat' dir='ltr'><strong>Ilic</strong></span> <span class='ocrx_word' id='word_1_170' title='bbox 2365 1191 2459 1246; x_wconf 87' lang='lat' dir='ltr'><strong>per</strong></span> <span class='ocrx_word' id='word_1_171' title='bbox 2509 1175 2735 1230; x_wconf 83' lang='lat' dir='ltr'><strong>hostiam</strong></span> <span class='ocrx_word' id='word_1_172' title='bbox 2784 1175 3224 1240; x_wconf 84' lang='lat' dir='ltr'><strong>victitnarum,et</strong></span> <span class='ocrx_word' id='word_1_173' title='bbox 3267 1173 3588 1230; x_wconf 87' lang='lat' dir='ltr'><strong>sacrificium</strong></span> 
     </span>
    </p>
   </div>
   <div class='ocr_carea' id='block_1_28' title="bbox 2002 1266 3593 1340">
    <p class='ocr_par' dir='ltr' id='par_1_28' title="bbox 2002 1266 3593 1340">
     <span class='ocr_line' id='line_1_28' title="bbox 2002 1266 3593 1340; baseline -0.001 -16"><span class='ocrx_word' id='word_1_174' title='bbox 2002 1268 2297 1340; x_wconf 87' lang='lat' dir='ltr'><strong>sanguinis,</strong></span> <span class='ocrx_word' id='word_1_175' title='bbox 2331 1267 2564 1323; x_wconf 87' lang='lat' dir='ltr'><strong>futuram</strong></span> <span class='ocrx_word' id='word_1_176' title='bbox 2591 1266 2789 1323; x_wconf 88' lang='lat' dir='ltr'><strong>Christi</strong></span> <span class='ocrx_word' id='word_1_177' title='bbox 2821 1267 3118 1336; x_wconf 90' lang='lat' dir='ltr'><strong>passionent</strong></span> <span class='ocrx_word' id='word_1_178' title='bbox 3162 1267 3425 1336; x_wconf 88' lang='lat' dir='ltr'><strong>expressit</strong></span> <span class='ocrx_word' id='word_1_179' title='bbox 3455 1285 3468 1320; x_wconf 90' lang='lat'><strong>:</strong></span> <span class='ocrx_word' id='word_1_180' title='bbox 3504 1267 3593 1322; x_wconf 89' lang='lat' dir='ltr'><strong>ltic</strong></span> 
     </span>
    </p>
   </div>
   <div class='ocr_carea' id='block_1_29' title="bbox 2001 1361 3592 1434">
    <p class='ocr_par' dir='ltr' id='par_1_29' title="bbox 2001 1361 3592 1434">
     <span class='ocr_line' id='line_1_29' title="bbox 2001 1361 3592 1434; baseline -0.001 -18"><span class='ocrx_word' id='word_1_181' title='bbox 2001 1364 2090 1433; x_wconf 87' lang='lat' dir='ltr'><strong>jus</strong></span> <span class='ocrx_word' id='word_1_182' title='bbox 2121 1373 2174 1420; x_wconf 89' lang='lat' dir='ltr'><strong>et</strong></span> <span class='ocrx_word' id='word_1_183' title='bbox 2204 1363 2558 1434; x_wconf 83' lang='lat' dir='ltr'><strong>principatum</strong></span> <span class='ocrx_word' id='word_1_184' title='bbox 2588 1361 2873 1418; x_wconf 89' lang='lat' dir='ltr'><strong>sacerdotii</strong></span> <span class='ocrx_word' id='word_1_185' title='bbox 2903 1376 2998 1431; x_wconf 89' lang='lat' dir='ltr'><strong>per</strong></span> <span class='ocrx_word' id='word_1_186' title='bbox 3023 1361 3264 1417; x_wconf 85' lang='lat' dir='ltr'><strong>ordinem</strong></span> <span class='ocrx_word' id='word_1_187' title='bbox 3296 1361 3510 1432; x_wconf 90' lang='lat' dir='ltr'><strong>generis</strong></span> <span class='ocrx_word' id='word_1_188' title='bbox 3535 1367 3592 1416; x_wconf 90' lang='lat' dir='ltr'><strong>et</strong></span> 
     </span>
    </p>
   </div>
   <div class='ocr_carea' id='block_1_30' title="bbox 2003 1451 2820 1510">
    <p class='ocr_par' dir='ltr' id='par_1_30' title="bbox 2003 1451 2820 1510">
     <span class='ocr_line' id='line_1_30' title="bbox 2003 1451 2820 1510; baseline -0.004 -1"><span class='ocrx_word' id='word_1_189' title='bbox 2003 1453 2359 1510; x_wconf 88' lang='lat' dir='ltr'><strong>successionis</strong></span> <span class='ocrx_word' id='word_1_190' title='bbox 2388 1468 2498 1508; x_wconf 75' lang='lat' dir='ltr'><strong>sua:</strong></span> <span class='ocrx_word' id='word_1_191' title='bbox 2527 1451 2820 1507; x_wconf 90' lang='lat' dir='ltr'><strong>transmisit</strong></span> 
     </span>
    </p>
   </div>
   <div class='ocr_carea' id='block_1_31' title="bbox 2037 1544 3587 1616">
    <p class='ocr_par' dir='ltr' id='par_1_31' title="bbox 2037 1544 3587 1616">
     <span class='ocr_line' id='line_1_31' title="bbox 2037 1544 3587 1616; baseline -0.004 -13"><span class='ocrx_word' id='word_1_192' title='bbox 2037 1563 2043 1582; x_wconf 66' lang='grc' dir='ltr'><em>τ</em></span> <span class='ocrx_word' id='word_1_193' title='bbox 2073 1548 2164 1603; x_wconf 75' lang='grc'><strong>46.</strong></span> <span class='ocrx_word' id='word_1_194' title='bbox 2192 1552 2344 1603; x_wconf 79' lang='lat' dir='ltr'><strong>Anno</strong></span> <span class='ocrx_word' id='word_1_195' title='bbox 2375 1557 2551 1602; x_wconf 92' lang='lat' dir='ltr'><strong>autem</strong></span> <span class='ocrx_word' id='word_1_196' title='bbox 2578 1546 2985 1616; x_wconf 86' lang='lat' dir='ltr'><strong>quadragesimo</strong></span> <span class='ocrx_word' id='word_1_197' title='bbox 3016 1544 3334 1616; x_wconf 87' lang='lat' dir='ltr'><strong>egressionis</strong></span> <span class='ocrx_word' id='word_1_198' title='bbox 3358 1545 3587 1600; x_wconf 80' lang='lat' dir='ltr'><strong>filiorum</strong></span> 
     </span>
    </p>
   </div>
   <div class='ocr_carea' id='block_1_32' title="bbox 2003 1627 3670 1711">
    <p class='ocr_par' dir='ltr' id='par_1_32' title="bbox 2003 1627 3670 1711">
     <span class='ocr_line' id='line_1_32' title="bbox 2003 1627 3670 1711; baseline -0.004 -15"><span class='ocrx_word' id='word_1_199' title='bbox 2003 1641 2162 1698; x_wconf 80' lang='lat' dir='ltr'><strong>Israel</strong></span> <span class='ocrx_word' id='word_1_200' title='bbox 2183 1641 2250 1696; x_wconf 92' lang='lat' dir='ltr'><strong>de</strong></span> <span class='ocrx_word' id='word_1_201' title='bbox 2272 1650 2412 1696; x_wconf 90' lang='lat' dir='ltr'><strong>terra</strong></span> <span class='ocrx_word' id='word_1_202' title='bbox 2436 1639 2674 1711; x_wconf 70' lang='lat' dir='ltr'><strong>AEgypti,</strong></span> <span class='ocrx_word' id='word_1_203' title='bbox 2699 1654 2818 1694; x_wconf 90' lang='lat' dir='ltr'><strong>cum</strong></span> <span class='ocrx_word' id='word_1_204' title='bbox 2843 1648 2984 1694; x_wconf 87' lang='lat' dir='ltr'><strong>esset</strong></span> <span class='ocrx_word' id='word_1_205' title='bbox 3006 1653 3265 1693; x_wconf 89' lang='lat' dir='ltr'><strong>annorum</strong></span> <span class='ocrx_word' id='word_1_206' title='bbox 3289 1647 3498 1693; x_wconf 86' lang='lat' dir='ltr'><strong>centum</strong></span> <span class='ocrx_word' id='word_1_207' title='bbox 3515 1637 3593 1690; x_wconf 81' lang='lat' dir='ltr'><strong>vi-</strong></span> <span class='ocrx_word' id='word_1_208' title='bbox 3667 1627 3670 1629; x_wconf 26' lang='grc' dir='ltr'>λ</span> 
     </span>
    </p>
   </div>
   <div class='ocr_carea' id='block_1_33' title="bbox 2003 1729 3591 1807">
    <p class='ocr_par' dir='ltr' id='par_1_33' title="bbox 2003 1729 3591 1807">
     <span class='ocr_line' id='line_1_33' title="bbox 2003 1729 3591 1807; baseline -0.004 -17"><span class='ocrx_word' id='word_1_209' title='bbox 2003 1736 2132 1807; x_wconf 88' lang='lat' dir='ltr'><strong>ginti</strong></span> <span class='ocrx_word' id='word_1_210' title='bbox 2159 1737 2341 1805; x_wconf 91' lang='lat' dir='ltr'><strong>trium,</strong></span> <span class='ocrx_word' id='word_1_211' title='bbox 2377 1743 2619 1789; x_wconf 89' lang='lat' dir='ltr'><strong>mortuus</strong></span> <span class='ocrx_word' id='word_1_212' title='bbox 2655 1742 2738 1788; x_wconf 89' lang='lat' dir='ltr'><strong>cst</strong></span> <span class='ocrx_word' id='word_1_213' title='bbox 2763 1733 2913 1803; x_wconf 80' lang='lat' dir='ltr'><strong>juxta</strong></span> <span class='ocrx_word' id='word_1_214' title='bbox 2947 1738 3270 1801; x_wconf 74' lang='lat' dir='ltr'><strong>praeceptum</strong></span> <span class='ocrx_word' id='word_1_215' title='bbox 3303 1730 3508 1784; x_wconf 85' lang='lat' dir='ltr'><strong>Domini</strong></span> <span class='ocrx_word' id='word_1_216' title='bbox 3539 1729 3591 1784; x_wconf 92' lang='lat' dir='ltr'><strong>in</strong></span> 
     </span>
    </p>
   </div>
   <div class='ocr_carea' id='block_1_34' title="bbox 333 1819 3592 1898">
    <p class='ocr_par' dir='ltr' id='par_1_34' title="bbox 333 1819 3592 1898">
     <span class='ocr_line' id='line_1_34' title="bbox 333 1819 3592 1898; baseline -0 -22"><span class='ocrx_word' id='word_1_217' title='bbox 333 1857 338 1864; x_wconf 94' lang='lat'><strong><em>-</em></strong></span> <span class='ocrx_word' id='word_1_218' title='bbox 387 1822 474 1876; x_wconf 71' lang='grc'><strong>40.</strong></span> <span class='ocrx_word' id='word_1_219' title='bbox 530 1819 627 1876; x_wconf 91' lang='lat' dir='ltr'><strong>llic</strong></span> <span class='ocrx_word' id='word_1_220' title='bbox 675 1836 770 1890; x_wconf 92' lang='lat' dir='ltr'><strong>pro</strong></span> <span class='ocrx_word' id='word_1_221' title='bbox 826 1820 1005 1890; x_wconf 88' lang='lat' dir='ltr'><strong>populi</strong></span> <span class='ocrx_word' id='word_1_222' title='bbox 1051 1819 1324 1874; x_wconf 76' lang='lat' dir='ltr'><strong>,libcrtate</strong></span> <span class='ocrx_word' id='word_1_223' title='bbox 1390 1819 1655 1888; x_wconf 86' lang='lat' dir='ltr'><strong>propriam</strong></span> <span class='ocrx_word' id='word_1_224' title='bbox 1704 1819 1925 1889; x_wconf 79' lang='lat' dir='ltr'><strong>ohjecit‘</strong></span> <span class='ocrx_word' id='word_1_225' title='bbox 2004 1837 2185 1883; x_wconf 88' lang='lat' dir='ltr'><strong>monte</strong></span> <span class='ocrx_word' id='word_1_226' title='bbox 2216 1826 2457 1898; x_wconf 82' lang='lat' dir='ltr'><strong>Hor,qui</strong></span> <span class='ocrx_word' id='word_1_227' title='bbox 2487 1835 2569 1882; x_wconf 87' lang='lat' dir='ltr'><strong>est</strong></span> <span class='ocrx_word' id='word_1_228' title='bbox 2602 1824 2752 1896; x_wconf 80' lang='lat' dir='ltr'><strong>juxta</strong></span> <span class='ocrx_word' id='word_1_229' title='bbox 2788 1825 3018 1888; x_wconf 82' lang='lat' dir='ltr'><strong>I’etram,</strong></span> <span class='ocrx_word' id='word_1_230' title='bbox 3070 1822 3329 1893; x_wconf 84' lang='lat' dir='ltr'><strong>insignem</strong></span> <span class='ocrx_word' id='word_1_231' title='bbox 3381 1821 3592 1876; x_wconf 74' lang='lat' dir='ltr'><strong>Arabia:</strong></span> 
     </span>
    </p>
   </div>
   <div class='ocr_carea' id='block_1_35' title="bbox 308 1910 3587 1988">
    <p class='ocr_par' dir='ltr' id='par_1_35' title="bbox 308 1910 3587 1988">
     <span class='ocr_line' id='line_1_35' title="bbox 308 1910 3587 1988; baseline -0.004 -8"><span class='ocrx_word' id='word_1_232' title='bbox 308 1913 568 1980; x_wconf 66' lang='grc' dir='ltr'><strong>δλιυῑθυὶυ</strong></span> <span class='ocrx_word' id='word_1_233' title='bbox 600 1913 740 1983; x_wconf 70' lang='lat' dir='ltr'><strong>regis</strong></span> <span class='ocrx_word' id='word_1_234' title='bbox 763 1910 1048 1974; x_wconf 66' lang='lat' dir='ltr'><strong>sant&#39;issimi</strong></span> <span class='ocrx_word' id='word_1_235' title='bbox 1092 1925 1197 1966; x_wconf 78' lang='lat' dir='ltr'><strong>&quot;0n</strong></span> <span class='ocrx_word' id='word_1_236' title='bbox 1234 1911 1428 1978; x_wconf 56' lang='lat' dir='ltr'><strong>minas.</strong></span> <span class='ocrx_word' id='word_1_237' title='bbox 1455 1926 1558 1964; x_wconf 78' lang='grc' dir='ltr'><strong>ηοιι</strong></span> <span class='ocrx_word' id='word_1_238' title='bbox 1594 1911 1696 1967; x_wconf 67' lang='grc' dir='ltr'><strong>ιειθ</strong></span> <span class='ocrx_word' id='word_1_239' title='bbox 1731 1911 1895 1980; x_wconf 70' lang='grc' dir='ltr'><strong>ιτθῑιῖο</strong></span> <span class='ocrx_word' id='word_1_240' title='bbox 1924 1925 1972 1988; x_wconf 85' lang='grc' dir='ltr'><strong>Β</strong></span> <span class='ocrx_word' id='word_1_241' title='bbox 1999 1921 2206 1976; x_wconf 84' lang='lat' dir='ltr'><strong>urbem.</strong></span> <span class='ocrx_word' id='word_1_242' title='bbox 2235 1920 2306 1974; x_wconf 90' lang='lat' dir='ltr'><strong>Ibi</strong></span> <span class='ocrx_word' id='word_1_243' title='bbox 2334 1927 2388 1973; x_wconf 89' lang='lat' dir='ltr'><strong>et</strong></span> <span class='ocrx_word' id='word_1_244' title='bbox 2413 1918 2618 1988; x_wconf 87' lang='lat' dir='ltr'><strong>sepulta</strong></span> <span class='ocrx_word' id='word_1_245' title='bbox 2637 1916 2778 1986; x_wconf 84' lang='lat' dir='ltr'><strong>jacet</strong></span> <span class='ocrx_word' id='word_1_246' title='bbox 2796 1931 2949 1972; x_wconf 89' lang='lat' dir='ltr'><strong>soror</strong></span> <span class='ocrx_word' id='word_1_247' title='bbox 2976 1916 3091 1986; x_wconf 89' lang='lat' dir='ltr'><strong>ejus</strong></span> <span class='ocrx_word' id='word_1_248' title='bbox 3110 1915 3293 1980; x_wconf 84' lang='lat' dir='ltr'><strong>Maria,</strong></span> <span class='ocrx_word' id='word_1_249' title='bbox 3315 1914 3402 1970; x_wconf 91' lang='lat' dir='ltr'><strong>ubi</strong></span> <span class='ocrx_word' id='word_1_250' title='bbox 3427 1914 3587 1968; x_wconf 85' lang='lat' dir='ltr'><strong>etiam</strong></span> 
     </span>
    </p>
   </div>
   <div class='ocr_carea' id='block_1_36' title="bbox 307 1999 3592 2081">
    <p class='ocr_par' dir='ltr' id='par_1_36' title="bbox 307 1999 3592 2081">
     <span class='ocr_line' id='line_1_36' title="bbox 307 1999 3592 2081; baseline -0.002 -21"><span class='ocrx_word' id='word_1_251' title='bbox 307 2004 476 2062; x_wconf 80' lang='lat' dir='ltr'><strong>davit.</strong></span> <span class='ocrx_word' id='word_1_252' title='bbox 507 2003 644 2070; x_wconf 86' lang='lat' dir='ltr'><strong>Quin</strong></span> <span class='ocrx_word' id='word_1_253' title='bbox 689 2003 852 2060; x_wconf 87' lang='lat' dir='ltr'><strong>etiam</strong></span> <span class='ocrx_word' id='word_1_254' title='bbox 881 2001 1071 2058; x_wconf 80' lang='lat' dir='ltr'><strong>extulit</strong></span> <span class='ocrx_word' id='word_1_255' title='bbox 1120 2011 1306 2057; x_wconf 89' lang='lat' dir='ltr'><strong>contra</strong></span> <span class='ocrx_word' id='word_1_256' title='bbox 1357 2000 1620 2057; x_wconf 87' lang='lat' dir='ltr'><strong>drac0ttes</strong></span> <span class='ocrx_word' id='word_1_257' title='bbox 1649 1999 1766 2071; x_wconf 88' lang='lat' dir='ltr'><strong>ejus</strong></span> <span class='ocrx_word' id='word_1_258' title='bbox 1791 2001 1929 2056; x_wconf 71' lang='lat' dir='ltr'><strong>vir-2</strong></span> <span class='ocrx_word' id='word_1_259' title='bbox 2005 2021 2061 2068; x_wconf 73' lang='grc' dir='ltr'><strong>ει</strong></span> <span class='ocrx_word' id='word_1_260' title='bbox 2081 2027 2220 2067; x_wconf 71' lang='lat' dir='ltr'><strong>nunc</strong></span> <span class='ocrx_word' id='word_1_261' title='bbox 2239 2024 2404 2081; x_wconf 72' lang='lat' dir='ltr'><strong>usque</strong></span> <span class='ocrx_word' id='word_1_262' title='bbox 2427 2007 2725 2066; x_wconf 67' lang='lat' dir='ltr'><strong>ostenditur</strong></span> <span class='ocrx_word' id='word_1_263' title='bbox 2749 2022 2927 2078; x_wconf 68' lang='grc' dir='ltr'><strong>τηρεε,</strong></span> <span class='ocrx_word' id='word_1_264' title='bbox 2951 2022 3052 2077; x_wconf 69' lang='grc' dir='ltr'><strong>(μω</strong></span> <span class='ocrx_word' id='word_1_265' title='bbox 3079 2021 3353 2077; x_wconf 71' lang='lat' dir='ltr'><strong>percussa,</strong></span> <span class='ocrx_word' id='word_1_266' title='bbox 3380 2007 3592 2075; x_wconf 73' lang='lat' dir='ltr'><strong>Moyses</strong></span> 
     </span>
    </p>
   </div>
   <div class='ocr_carea' id='block_1_37' title="bbox 305 2093 1921 2174">
    <p class='ocr_par' dir='ltr' id='par_1_37' title="bbox 305 2093 1896 2169">
     <span class='ocr_line' id='line_1_37' title="bbox 305 2093 1896 2169; baseline 0 -21"><span class='ocrx_word' id='word_1_267' title='bbox 305 2113 448 2169; x_wconf 76' lang='lat' dir='ltr'><strong>gam,</strong></span> <span class='ocrx_word' id='word_1_268' title='bbox 481 2113 545 2154; x_wconf 85' lang='lat' dir='ltr'><strong>ac</strong></span> <span class='ocrx_word' id='word_1_269' title='bbox 567 2113 661 2168; x_wconf 85' lang='lat' dir='ltr'><strong>per</strong></span> <span class='ocrx_word' id='word_1_270' title='bbox 688 2111 906 2152; x_wconf 89' lang='lat' dir='ltr'><strong>manum</strong></span> <span class='ocrx_word' id='word_1_271' title='bbox 940 2093 1032 2150; x_wconf 88' lang='lat' dir='ltr'><strong>Dei</strong></span> <span class='ocrx_word' id='word_1_272' title='bbox 1059 2103 1453 2164; x_wconf 65' lang='lat' dir='ltr'><strong>Oppugnatores</strong></span> <span class='ocrx_word' id='word_1_273' title='bbox 1508 2093 1669 2149; x_wconf 85' lang='lat' dir='ltr'><strong>Israel</strong></span> <span class='ocrx_word' id='word_1_274' title='bbox 1710 2093 1896 2149; x_wconf 90' lang='lat' dir='ltr'><strong>decem</strong></span> 
     </span>
    </p>
   </div>
   <div class='ocr_carea' id='block_1_38' title="bbox 2007 2093 3593 2174">
    <p class='ocr_par' dir='ltr' id='par_1_38' title="bbox 2007 2097 3593 2174">
     <span class='ocr_line' id='line_1_38' title="bbox 2007 2097 3593 2174; baseline -0.003 -16"><span class='ocrx_word' id='word_1_275' title='bbox 2007 2097 2190 2174; x_wconf 81' lang='lat' dir='ltr'><strong>aquas</strong></span> <span class='ocrx_word' id='word_1_276' title='bbox 2219 2101 2420 2158; x_wconf 86' lang='lat' dir='ltr'><strong>sitienti</strong></span> <span class='ocrx_word' id='word_1_277' title='bbox 2461 2101 2660 2171; x_wconf 90' lang='lat' dir='ltr'><strong>p0pulo</strong></span> <span class='ocrx_word' id='word_1_278' title='bbox 2689 2099 2935 2170; x_wconf 76' lang='lat' dir='ltr'><strong>prtebuit.</strong></span> <span class='ocrx_word' id='word_1_279' title='bbox 2970 2098 3063 2155; x_wconf 79' lang='lat' dir='ltr'><strong>Est</strong></span> <span class='ocrx_word' id='word_1_280' title='bbox 3092 2106 3270 2154; x_wconf 87' lang='lat' dir='ltr'><strong>autem</strong></span> <span class='ocrx_word' id='word_1_281' title='bbox 3313 2097 3400 2152; x_wconf 91' lang='lat' dir='ltr'><strong>hic</strong></span> <span class='ocrx_word' id='word_1_282' title='bbox 3443 2097 3593 2153; x_wconf 85' lang='lat' dir='ltr'><strong>locus</strong></span> 
     </span>
    </p>
   </div>
   <div class='ocr_carea' id='block_1_39' title="bbox 307 2186 2962 2263">
    <p class='ocr_par' dir='ltr' id='par_1_39' title="bbox 307 2186 2962 2263">
     <span class='ocr_line' id='line_1_39' title="bbox 307 2186 2962 2263; baseline -0.005 -17"><span class='ocrx_word' id='word_1_283' title='bbox 307 2193 483 2263; x_wconf 85' lang='lat' dir='ltr'><strong>plagis</strong></span> <span class='ocrx_word' id='word_1_284' title='bbox 514 2190 647 2262; x_wconf 73' lang='lat' dir='ltr'><strong>ejus.</strong></span> <span class='ocrx_word' id='word_1_285' title='bbox 675 2189 963 2261; x_wconf 89' lang='lat' dir='ltr'><strong>imperium</strong></span> <span class='ocrx_word' id='word_1_286' title='bbox 1005 2187 1326 2245; x_wconf 85' lang='lat' dir='ltr'><strong>verberavit.</strong></span> <span class='ocrx_word' id='word_1_287' title='bbox 1369 2189 1603 2256; x_wconf 78' lang='lat' dir='ltr'><strong>Primum</strong></span> <span class='ocrx_word' id='word_1_288' title='bbox 1647 2186 1701 2242; x_wconf 90' lang='lat' dir='ltr'><strong>iu</strong></span> <span class='ocrx_word' id='word_1_289' title='bbox 1744 2201 1930 2241; x_wconf 49' lang='lat' dir='ltr'><strong>cruor</strong></span> <span class='ocrx_word' id='word_1_290' title='bbox 2003 2197 2056 2252; x_wconf 78' lang='lat' dir='ltr'><strong>in</strong></span> <span class='ocrx_word' id='word_1_291' title='bbox 2085 2191 2336 2253; x_wconf 62' lang='lat' dir='ltr'><strong>extremis</strong></span> <span class='ocrx_word' id='word_1_292' title='bbox 2366 2194 2558 2250; x_wconf 74' lang='lat' dir='ltr'><strong>ﬁnibus</strong></span> <span class='ocrx_word' id='word_1_293' title='bbox 2588 2193 2962 2249; x_wconf 73' lang='grc' dir='ltr'><strong>ιάιηηωοι-υηι,</strong></span> 
     </span>
    </p>
   </div>
   <div class='ocr_carea' id='block_1_40' title="bbox 309 2279 3052 2348">
    <p class='ocr_par' dir='ltr' id='par_1_40' title="bbox 309 2279 3052 2348">
     <span class='ocr_line' id='line_1_40' title="bbox 309 2279 3052 2348; baseline -0.003 -6"><span class='ocrx_word' id='word_1_294' title='bbox 309 2300 424 2342; x_wconf 87' lang='lat' dir='ltr'><strong>rem</strong></span> <span class='ocrx_word' id='word_1_295' title='bbox 454 2284 619 2340; x_wconf 83' lang='lat' dir='ltr'><strong>vertit</strong></span> <span class='ocrx_word' id='word_1_296' title='bbox 647 2282 823 2340; x_wconf 90' lang='lat' dir='ltr'><strong>fontes</strong></span> <span class='ocrx_word' id='word_1_297' title='bbox 852 2293 907 2339; x_wconf 90' lang='lat' dir='ltr'><strong>et</strong></span> <span class='ocrx_word' id='word_1_298' title='bbox 951 2282 1186 2348; x_wconf 88' lang='lat' dir='ltr'><strong>ﬂumina,</strong></span> <span class='ocrx_word' id='word_1_299' title='bbox 1205 2281 1400 2336; x_wconf 88' lang='lat' dir='ltr'><strong>dehinc</strong></span> <span class='ocrx_word' id='word_1_300' title='bbox 1442 2294 1688 2335; x_wconf 87' lang='lat' dir='ltr'><strong>ranarum</strong></span> <span class='ocrx_word' id='word_1_301' title='bbox 1721 2279 1897 2334; x_wconf 89' lang='lat' dir='ltr'><strong>multi-</strong></span> <span class='ocrx_word' id='word_1_302' title='bbox 1927 2311 1932 2318; x_wconf 94' lang='lat'><em>-</em></span> <span class='ocrx_word' id='word_1_303' title='bbox 2522 2325 2525 2327; x_wconf 96' lang='lat'><strong>.</strong></span> <span class='ocrx_word' id='word_1_304' title='bbox 2555 2283 2784 2340; x_wconf 72' lang='lat' dir='ltr'><strong>CAPUT</strong></span> <span class='ocrx_word' id='word_1_305' title='bbox 2827 2283 3052 2342; x_wconf 76' lang='lat' dir='ltr'><strong>XXVII.</strong></span> 
     </span>
    </p>
   </div>
   <div class='ocr_carea' id='block_1_41' title="bbox 311 2371 3590 2453">
    <p class='ocr_par' dir='ltr' id='par_1_41' title="bbox 311 2371 3590 2453">
     <span class='ocr_line' id='line_1_41' title="bbox 311 2371 3590 2453; baseline -0.002 -21"><span class='ocrx_word' id='word_1_306' title='bbox 311 2378 498 2434; x_wconf 86' lang='lat' dir='ltr'><strong>tudine</strong></span> <span class='ocrx_word' id='word_1_307' title='bbox 546 2377 727 2445; x_wconf 86' lang='lat' dir='ltr'><strong>urbes,</strong></span> <span class='ocrx_word' id='word_1_308' title='bbox 787 2375 1089 2432; x_wconf 87' lang='lat' dir='ltr'><strong>muscarum</strong></span> <span class='ocrx_word' id='word_1_309' title='bbox 1145 2374 1372 2430; x_wconf 87' lang='lat' dir='ltr'><strong>nubibus</strong></span> <span class='ocrx_word' id='word_1_310' title='bbox 1420 2389 1544 2430; x_wconf 89' lang='lat' dir='ltr'><strong>acra</strong></span> <span class='ocrx_word' id='word_1_311' title='bbox 1591 2371 1930 2442; x_wconf 85' lang='lat' dir='ltr'><strong>complevit,.</strong></span> <span class='ocrx_word' id='word_1_312' title='bbox 2055 2378 2353 2453; x_wconf 57' lang='lat'><strong>16447.</strong></span> <span class='ocrx_word' id='word_1_313' title='bbox 2383 2379 2548 2436; x_wconf 80' lang='lat' dir='ltr'><strong>Josue</strong></span> <span class='ocrx_word' id='word_1_314' title='bbox 2601 2377 2741 2432; x_wconf 80' lang='lat' dir='ltr'><strong>ﬁlius</strong></span> <span class='ocrx_word' id='word_1_315' title='bbox 2770 2375 2909 2443; x_wconf 81' lang='lat' dir='ltr'><strong>Nun,</strong></span> <span class='ocrx_word' id='word_1_316' title='bbox 2951 2393 3013 2431; x_wconf 70' lang='lat' dir='ltr'><strong>ex</strong></span> <span class='ocrx_word' id='word_1_317' title='bbox 3057 2376 3194 2434; x_wconf 86' lang='lat' dir='ltr'><strong>tribu</strong></span> <span class='ocrx_word' id='word_1_318' title='bbox 3235 2375 3492 2446; x_wconf 81' lang='lat' dir='ltr'><strong>Epln-aim</strong></span> <span class='ocrx_word' id='word_1_319' title='bbox 3535 2375 3590 2431; x_wconf 89' lang='lat' dir='ltr'><strong>in</strong></span> 
     </span>
    </p>
   </div>
   <div class='ocr_carea' id='block_1_42' title="bbox 309 2468 3594 2546">
    <p class='ocr_par' dir='ltr' id='par_1_42' title="bbox 309 2468 3594 2546">
     <span class='ocr_line' id='line_1_42' title="bbox 309 2468 3594 2546; baseline -0.004 -19"><span class='ocrx_word' id='word_1_320' title='bbox 309 2469 536 2528; x_wconf 82' lang='lat' dir='ltr'><strong>locustis</strong></span> <span class='ocrx_word' id='word_1_321' title='bbox 558 2471 791 2527; x_wconf 88' lang='lat' dir='ltr'><strong>vastavit</strong></span> <span class='ocrx_word' id='word_1_322' title='bbox 817 2481 1010 2526; x_wconf 88' lang='lat' dir='ltr'><strong>cuncta</strong></span> <span class='ocrx_word' id='word_1_323' title='bbox 1043 2470 1291 2535; x_wconf 87' lang='lat' dir='ltr'><strong>virentia,</strong></span> <span class='ocrx_word' id='word_1_324' title='bbox 1329 2478 1556 2524; x_wconf 88' lang='lat' dir='ltr'><strong>mortem</strong></span> <span class='ocrx_word' id='word_1_325' title='bbox 1600 2468 1778 2523; x_wconf 83' lang='lat' dir='ltr'><strong>ittllllil</strong></span> <span class='ocrx_word' id='word_1_326' title='bbox 1811 2469 1899 2536; x_wconf 89' lang='lat' dir='ltr'><strong>ju-</strong></span> <span class='ocrx_word' id='word_1_327' title='bbox 2001 2473 2232 2546; x_wconf 59' lang='lat' dir='ltr'><strong>[Egypto</strong></span> <span class='ocrx_word' id='word_1_328' title='bbox 2273 2484 2451 2540; x_wconf 68' lang='lat' dir='ltr'><strong>natus,</strong></span> <span class='ocrx_word' id='word_1_329' title='bbox 2503 2471 2670 2543; x_wconf 71' lang='lat' dir='ltr'><strong>Moysi</strong></span> <span class='ocrx_word' id='word_1_330' title='bbox 2706 2471 3020 2540; x_wconf 74' lang='lat' dir='ltr'><strong>discipulus,</strong></span> <span class='ocrx_word' id='word_1_331' title='bbox 3052 2479 3107 2525; x_wconf 74' lang='lat' dir='ltr'><strong>et</strong></span> <span class='ocrx_word' id='word_1_332' title='bbox 3151 2470 3430 2541; x_wconf 67' lang='lat' dir='ltr'><strong>potestmis</strong></span> <span class='ocrx_word' id='word_1_333' title='bbox 3468 2483 3594 2525; x_wconf 79' lang='lat' dir='ltr'><strong>suc.</strong></span> 
     </span>
    </p>
   </div>
   <div class='ocr_carea' id='block_1_43' title="bbox 310 2559 3590 2637">
    <p class='ocr_par' dir='ltr' id='par_1_43' title="bbox 310 2559 3590 2637">
     <span class='ocr_line' id='line_1_43' title="bbox 310 2559 3590 2637; baseline -0.001 -17"><span class='ocrx_word' id='word_1_334' title='bbox 310 2564 644 2632; x_wconf 83' lang='lat' dir='ltr'><strong>mentorum,</strong></span> <span class='ocrx_word' id='word_1_335' title='bbox 670 2563 933 2635; x_wconf 85' lang='lat' dir='ltr'><strong>percussit</strong></span> <span class='ocrx_word' id='word_1_336' title='bbox 956 2563 1135 2618; x_wconf 88' lang='lat' dir='ltr'><strong>ulcere</strong></span> <span class='ocrx_word' id='word_1_337' title='bbox 1158 2559 1934 2630; x_wconf 80' lang='lat' dir='ltr'><strong>Itomittes,vastavitgraudi-;</strong></span> <span class='ocrx_word' id='word_1_338' title='bbox 2001 2580 2204 2632; x_wconf 69' lang='grc' dir='ltr'><strong>εοεεοιι,</strong></span> <span class='ocrx_word' id='word_1_339' title='bbox 2253 2568 2482 2637; x_wconf 81' lang='lat' dir='ltr'><strong>novique</strong></span> <span class='ocrx_word' id='word_1_340' title='bbox 2525 2564 2693 2636; x_wconf 72' lang='lat' dir='ltr'><strong>prmlii</strong></span> <span class='ocrx_word' id='word_1_341' title='bbox 2725 2563 3102 2635; x_wconf 86' lang='lat' dir='ltr'><strong>triumphator.</strong></span> <span class='ocrx_word' id='word_1_342' title='bbox 3155 2563 3278 2632; x_wconf 86' lang='lat' dir='ltr'><strong>Qui,</strong></span> <span class='ocrx_word' id='word_1_343' title='bbox 3307 2575 3590 2634; x_wconf 81' lang='lat' dir='ltr'><strong>quousque</strong></span> 
     </span>
    </p>
   </div>
   <div class='ocr_carea' id='block_1_44' title="bbox 307 2653 1921 2732">
    <p class='ocr_par' dir='ltr' id='par_1_44' title="bbox 307 2653 1900 2725">
     <span class='ocr_line' id='line_1_44' title="bbox 307 2653 1900 2725; baseline -0.005 -10"><span class='ocrx_word' id='word_1_344' title='bbox 307 2673 376 2715; x_wconf 88' lang='lat' dir='ltr'><strong>ne</strong></span> <span class='ocrx_word' id='word_1_345' title='bbox 404 2653 605 2723; x_wconf 73' lang='lat' dir='ltr'><strong>terras,</strong></span> <span class='ocrx_word' id='word_1_346' title='bbox 623 2657 861 2714; x_wconf 86' lang='lat' dir='ltr'><strong>obduxit.</strong></span> <span class='ocrx_word' id='word_1_347' title='bbox 877 2655 1111 2713; x_wconf 89' lang='lat' dir='ltr'><strong>tenebris</strong></span> <span class='ocrx_word' id='word_1_348' title='bbox 1138 2655 1357 2723; x_wconf 70' lang='lat' dir='ltr'><strong>ctelutn,</strong></span> <span class='ocrx_word' id='word_1_349' title='bbox 1376 2669 1670 2725; x_wconf 88' lang='lat' dir='ltr'><strong>eorumque</strong></span> <span class='ocrx_word' id='word_1_350' title='bbox 1698 2653 1900 2724; x_wconf 88' lang='lat' dir='ltr'><strong>primo-</strong></span> 
     </span>
    </p>
   </div>
   <div class='ocr_carea' id='block_1_45' title="bbox 2007 2653 3594 2732">
    <p class='ocr_par' dir='ltr' id='par_1_45' title="bbox 2007 2654 3594 2732">
     <span class='ocr_line' id='line_1_45' title="bbox 2007 2654 3594 2732; baseline -0.004 -14"><span class='ocrx_word' id='word_1_351' title='bbox 2007 2654 2576 2732; x_wconf 52' lang='lat' dir='ltr'><strong>expediret&#39;victoriam</strong></span> <span class='ocrx_word' id='word_1_352' title='bbox 2597 2667 2652 2713; x_wconf 92' lang='lat' dir='ltr'><strong>ut</strong></span> <span class='ocrx_word' id='word_1_353' title='bbox 2676 2657 2756 2712; x_wconf 91' lang='lat' dir='ltr'><strong>sol</strong></span> <span class='ocrx_word' id='word_1_354' title='bbox 2781 2666 2965 2724; x_wconf 89' lang='lat' dir='ltr'><strong>staret,</strong></span> <span class='ocrx_word' id='word_1_355' title='bbox 2989 2657 3126 2714; x_wconf 85' lang='lat' dir='ltr'><strong>coelo</strong></span> <span class='ocrx_word' id='word_1_356' title='bbox 3148 2657 3446 2728; x_wconf 85' lang='lat' dir='ltr'><strong>imperavit.</strong></span> <span class='ocrx_word' id='word_1_357' title='bbox 3471 2654 3594 2711; x_wconf 80' lang='lat' dir='ltr'><strong>Jor-</strong></span> 
     </span>
    </p>
   </div>
   <div class='ocr_carea' id='block_1_46' title="bbox 306 2746 3594 2825">
    <p class='ocr_par' dir='ltr' id='par_1_46' title="bbox 306 2746 3594 2825">
     <span class='ocr_line' id='line_1_46' title="bbox 306 2746 3594 2825; baseline -0.003 -13"><span class='ocrx_word' id='word_1_358' title='bbox 306 2752 489 2825; x_wconf 85' lang='lat' dir='ltr'><strong>genita</strong></span> <span class='ocrx_word' id='word_1_359' title='bbox 521 2752 696 2807; x_wconf 78' lang='lat' dir='ltr'><strong>valido</strong></span> <span class='ocrx_word' id='word_1_360' title='bbox 726 2759 932 2807; x_wconf 86' lang='lat' dir='ltr'><strong>terrore</strong></span> <span class='ocrx_word' id='word_1_361' title='bbox 960 2749 1207 2820; x_wconf 79' lang='lat' dir='ltr'><strong>peremit.</strong></span> <span class='ocrx_word' id='word_1_362' title='bbox 1927 2805 1929 2808; x_wconf 8' lang='lat' dir='ltr'><strong>o</strong></span> <span class='ocrx_word' id='word_1_363' title='bbox 2001 2753 2154 2810; x_wconf 92' lang='lat' dir='ltr'><strong>danis</strong></span> <span class='ocrx_word' id='word_1_364' title='bbox 2175 2753 2334 2809; x_wconf 88' lang='lat' dir='ltr'><strong>etiam</strong></span> <span class='ocrx_word' id='word_1_365' title='bbox 2359 2765 2573 2809; x_wconf 87' lang='lat' dir='ltr'><strong>cursum</strong></span> <span class='ocrx_word' id='word_1_366' title='bbox 2602 2750 2827 2805; x_wconf 82' lang='lat' dir='ltr'><strong>transitu</strong></span> <span class='ocrx_word' id='word_1_367' title='bbox 2858 2765 2958 2806; x_wconf 89' lang='lat' dir='ltr'><strong>suo</strong></span> <span class='ocrx_word' id='word_1_368' title='bbox 2984 2750 3234 2805; x_wconf 87' lang='lat' dir='ltr'><strong>resistere</strong></span> <span class='ocrx_word' id='word_1_369' title='bbox 3265 2749 3400 2823; x_wconf 79' lang='lat' dir='ltr'><strong>[At.,</strong></span> <span class='ocrx_word' id='word_1_370' title='bbox 3422 2746 3594 2820; x_wconf 75' lang='lat' dir='ltr'><strong>stare]</strong></span> 
     </span>
    </p>
   </div>
   <div class='ocr_carea' id='block_1_47' title="bbox 337 2834 3592 2916">
    <p class='ocr_par' dir='ltr' id='par_1_47' title="bbox 337 2834 3592 2916">
     <span class='ocr_line' id='line_1_47' title="bbox 337 2834 3592 2916; baseline -0.002 -15"><span class='ocrx_word' id='word_1_371' title='bbox 337 2875 340 2877; x_wconf 54' lang='grc' dir='ltr'>λ</span> <span class='ocrx_word' id='word_1_372' title='bbox 379 2846 470 2901; x_wconf 70' lang='grc' dir='ltr'><strong>Μ.</strong></span> <span class='ocrx_word' id='word_1_373' title='bbox 499 2845 625 2902; x_wconf 89' lang='lat' dir='ltr'><strong>Post</strong></span> <span class='ocrx_word' id='word_1_374' title='bbox 647 2845 760 2904; x_wconf 75' lang='lat' dir='ltr'><strong>lucc</strong></span> <span class='ocrx_word' id='word_1_375' title='bbox 787 2842 1432 2916; x_wconf 65' lang='lat' dir='ltr'><strong>exspoliavitrEgyptios,</strong></span> <span class='ocrx_word' id='word_1_376' title='bbox 1461 2841 1770 2912; x_wconf 87' lang='lat' dir='ltr'><strong>eductisque</strong></span> <span class='ocrx_word' id='word_1_377' title='bbox 1799 2856 1898 2913; x_wconf 85' lang='lat' dir='ltr'><strong>po-</strong></span> <span class='ocrx_word' id='word_1_378' title='bbox 1930 2883 1934 2888; x_wconf 87' lang='grc'><strong>-</strong></span> <span class='ocrx_word' id='word_1_379' title='bbox 2002 2842 2146 2901; x_wconf 90' lang='lat' dir='ltr'><strong>fecit.</strong></span> <span class='ocrx_word' id='word_1_380' title='bbox 2213 2837 2434 2900; x_wconf 84' lang='lat' dir='ltr'><strong>Jericho</strong></span> <span class='ocrx_word' id='word_1_381' title='bbox 2489 2840 2933 2914; x_wconf 77' lang='lat' dir='ltr'><strong>inexpugnabiles</strong></span> <span class='ocrx_word' id='word_1_382' title='bbox 2991 2834 3174 2898; x_wconf 86' lang='lat' dir='ltr'><strong>muros</strong></span> <span class='ocrx_word' id='word_1_383' title='bbox 3230 2839 3592 2912; x_wconf 85' lang='lat' dir='ltr'><strong>clangentium</strong></span> 
     </span>
    </p>
   </div>
   <div class='ocr_carea' id='block_1_48' title="bbox 307 2935 2814 3009">
    <p class='ocr_par' dir='ltr' id='par_1_48' title="bbox 307 2935 2814 3009">
     <span class='ocr_line' id='line_1_48' title="bbox 307 2935 2814 3009; baseline -0.001 -18"><span class='ocrx_word' id='word_1_384' title='bbox 307 2938 450 3007; x_wconf 91' lang='lat' dir='ltr'><strong>pttlis</strong></span> <span class='ocrx_word' id='word_1_385' title='bbox 471 2937 635 2994; x_wconf 85' lang='lat' dir='ltr'><strong>eremi</strong></span> <span class='ocrx_word' id='word_1_386' title='bbox 664 2937 849 3009; x_wconf 88' lang='lat' dir='ltr'><strong>pandit</strong></span> <span class='ocrx_word' id='word_1_387' title='bbox 874 2938 973 2992; x_wconf 87' lang='lat' dir='ltr'><strong>iter</strong></span> <span class='ocrx_word' id='word_1_388' title='bbox 1004 2935 1247 2992; x_wconf 91' lang='lat' dir='ltr'><strong>ﬂammea</strong></span> <span class='ocrx_word' id='word_1_389' title='bbox 1273 2935 1606 3006; x_wconf 68' lang='lat' dir='ltr'><strong>praecedente</strong></span> <span class='ocrx_word' id='word_1_390' title='bbox 1626 2935 1896 2990; x_wconf 82' lang='lat' dir='ltr'><strong>columna.</strong></span> <span class='ocrx_word' id='word_1_391' title='bbox 1928 2944 1935 2983; x_wconf 87' lang='lat'>:</span> <span class='ocrx_word' id='word_1_392' title='bbox 2003 2938 2250 2995; x_wconf 87' lang='lat' dir='ltr'><strong>tubarum</strong></span> <span class='ocrx_word' id='word_1_393' title='bbox 2281 2950 2416 2992; x_wconf 92' lang='lat' dir='ltr'><strong>sono</strong></span> <span class='ocrx_word' id='word_1_394' title='bbox 2440 2935 2654 3006; x_wconf 90' lang='lat' dir='ltr'><strong>dejecit.</strong></span> <span class='ocrx_word' id='word_1_395' title='bbox 2685 2973 2692 2988; x_wconf 71' lang='grc' dir='ltr'><em>ς</em></span> <span class='ocrx_word' id='word_1_396' title='bbox 2739 2970 2742 2974; x_wconf 48' lang='grc' dir='ltr'><em>ί</em></span> <span class='ocrx_word' id='word_1_397' title='bbox 2811 2984 2814 2987; x_wconf 91' lang='grc'><strong>.</strong></span> 
     </span>
    </p>
   </div>
   <div class='ocr_carea' id='block_1_49' title="bbox 314 3028 1939 3100">
    <p class='ocr_par' dir='ltr' id='par_1_49' title="bbox 314 3028 1939 3100">
     <span class='ocr_line' id='line_1_49' title="bbox 314 3028 1939 3100; baseline 0 -15"><span class='ocrx_word' id='word_1_398' title='bbox 314 3028 425 3086; x_wconf 82' lang='lat' dir='ltr'><strong>Nec</strong></span> <span class='ocrx_word' id='word_1_399' title='bbox 455 3046 625 3096; x_wconf 88' lang='lat' dir='ltr'><strong>mora,</strong></span> <span class='ocrx_word' id='word_1_400' title='bbox 654 3047 800 3087; x_wconf 88' lang='lat' dir='ltr'><strong>mare</strong></span> <span class='ocrx_word' id='word_1_401' title='bbox 832 3042 1096 3088; x_wconf 76' lang='lat' dir='ltr'><strong>trauSIens</strong></span> <span class='ocrx_word' id='word_1_402' title='bbox 1125 3031 1336 3098; x_wconf 90' lang='lat' dir='ltr'><strong>dividit,</strong></span> <span class='ocrx_word' id='word_1_403' title='bbox 1365 3030 1752 3100; x_wconf 85' lang='lat' dir='ltr'><strong>refrenatisque</strong></span> <span class='ocrx_word' id='word_1_404' title='bbox 1777 3030 1901 3085; x_wconf 89' lang='lat' dir='ltr'><strong>hinc</strong></span> <span class='ocrx_word' id='word_1_405' title='bbox 1933 3055 1939 3066; x_wconf 90' lang='lat'><strong><em>-</em></strong></span> 
     </span>
    </p>
   </div>
   <div class='ocr_carea' id='block_1_50' title="bbox 312 3121 1933 3194">
    <p class='ocr_par' dir='ltr' id='par_1_50' title="bbox 312 3121 1933 3194">
     <span class='ocr_line' id='line_1_50' title="bbox 312 3121 1933 3194; baseline 0 -16"><span class='ocrx_word' id='word_1_406' title='bbox 312 3121 439 3186; x_wconf 84' lang='lat' dir='ltr'><strong>inde</strong></span> <span class='ocrx_word' id='word_1_407' title='bbox 457 3138 716 3193; x_wconf 86' lang='lat' dir='ltr'><strong>aquarum</strong></span> <span class='ocrx_word' id='word_1_408' title='bbox 732 3123 1232 3194; x_wconf 89' lang='lat' dir='ltr'><strong>cumulis,pergcnti</strong></span> <span class='ocrx_word' id='word_1_409' title='bbox 1257 3122 1448 3194; x_wconf 88' lang='lat' dir='ltr'><strong>populo</strong></span> <span class='ocrx_word' id='word_1_410' title='bbox 1478 3125 1615 3177; x_wconf 90' lang='lat' dir='ltr'><strong>viam</strong></span> <span class='ocrx_word' id='word_1_411' title='bbox 1646 3123 1789 3178; x_wconf 88' lang='lat' dir='ltr'><strong>sicco</strong></span> <span class='ocrx_word' id='word_1_412' title='bbox 1819 3136 1903 3178; x_wconf 86' lang='lat' dir='ltr'><strong>ve-</strong></span> <span class='ocrx_word' id='word_1_413' title='bbox 1928 3139 1933 3166; x_wconf 75' lang='grc' dir='ltr'>ί</span> 
     </span>
    </p>
   </div>
   <div class='ocr_carea' id='block_1_51' title="bbox 311 3216 1939 3293">
    <p class='ocr_par' dir='ltr' id='par_1_51' title="bbox 311 3216 1939 3293">
     <span class='ocr_line' id='line_1_51' title="bbox 311 3216 1939 3293; baseline 0.001 -22"><span class='ocrx_word' id='word_1_414' title='bbox 311 3217 471 3286; x_wconf 77' lang='lat' dir='ltr'><strong>stigio</strong></span> <span class='ocrx_word' id='word_1_415' title='bbox 503 3216 751 3287; x_wconf 84' lang='lat' dir='ltr'><strong>pra-buit.</strong></span> <span class='ocrx_word' id='word_1_416' title='bbox 786 3216 977 3272; x_wconf 89' lang='lat' dir='ltr'><strong>IIostes</strong></span> <span class='ocrx_word' id='word_1_417' title='bbox 999 3216 1198 3274; x_wconf 87' lang='lat' dir='ltr'><strong>dehinc</strong></span> <span class='ocrx_word' id='word_1_418' title='bbox 1219 3217 1430 3287; x_wconf 89' lang='lat' dir='ltr'><strong>operuit</strong></span> <span class='ocrx_word' id='word_1_419' title='bbox 1459 3216 1901 3293; x_wconf 34' lang='lat' dir='ltr'><strong>ﬂuctibuskatque</strong></span> <span class='ocrx_word' id='word_1_420' title='bbox 1934 3233 1939 3259; x_wconf 76' lang='grc' dir='ltr'><strong><em>τ</em></strong></span> 
     </span>
    </p>
   </div>
   <div class='ocr_carea' id='block_1_52' title="bbox 2003 3113 3592 3192">
    <p class='ocr_par' dir='ltr' id='par_1_52' title="bbox 2003 3113 3592 3192">
     <span class='ocr_line' id='line_1_52' title="bbox 2003 3113 3592 3192; baseline -0.003 -14"><span class='ocrx_word' id='word_1_421' title='bbox 2003 3121 2116 3189; x_wconf 88' lang='lat' dir='ltr'><strong>xit,</strong></span> <span class='ocrx_word' id='word_1_422' title='bbox 2177 3136 2239 3177; x_wconf 92' lang='lat' dir='ltr'><strong>ac</strong></span> <span class='ocrx_word' id='word_1_423' title='bbox 2295 3121 2546 3192; x_wconf 87' lang='lat' dir='ltr'><strong>populum</strong></span> <span class='ocrx_word' id='word_1_424' title='bbox 2601 3113 2710 3176; x_wconf 84' lang='lat' dir='ltr'><strong>Dei</strong></span> <span class='ocrx_word' id='word_1_425' title='bbox 2745 3121 2890 3176; x_wconf 91' lang='lat' dir='ltr'><strong>solus</strong></span> <span class='ocrx_word' id='word_1_426' title='bbox 2938 3117 3244 3177; x_wconf 88' lang='lat' dir='ltr'><strong>interram</strong></span> <span class='ocrx_word' id='word_1_427' title='bbox 3295 3116 3592 3189; x_wconf 86' lang='lat' dir='ltr'><strong>repromis-</strong></span> 
     </span>
    </p>
   </div>
   <div class='ocr_carea' id='block_1_53' title="bbox 2005 3206 3594 3284">
    <p class='ocr_par' dir='ltr' id='par_1_53' title="bbox 2005 3206 3594 3284">
     <span class='ocr_line' id='line_1_53' title="bbox 2005 3206 3594 3284; baseline -0.004 -15"><span class='ocrx_word' id='word_1_428' title='bbox 2005 3214 2173 3270; x_wconf 89' lang='lat' dir='ltr'><strong>sionis</strong></span> <span class='ocrx_word' id='word_1_429' title='bbox 2233 3206 2484 3280; x_wconf 54' lang='lat' dir='ltr'><strong>induxit,~</strong></span> <span class='ocrx_word' id='word_1_430' title='bbox 2532 3226 2759 3284; x_wconf 85' lang='lat' dir='ltr'><strong>eamque</strong></span> <span class='ocrx_word' id='word_1_431' title='bbox 2827 3220 2975 3268; x_wconf 90' lang='lat' dir='ltr'><strong>sorte</strong></span> <span class='ocrx_word' id='word_1_432' title='bbox 3034 3206 3594 3281; x_wconf 82' lang='lat' dir='ltr'><strong>distribuit.&#39;Viginti</strong></span> 
     </span>
    </p>
   </div>
   <div class='ocr_carea' id='block_1_54' title="bbox 2073 3022 3636 3099">
    <p class='ocr_par' dir='ltr' id='par_1_54' title="bbox 2073 3022 3636 3099">
     <span class='ocr_line' id='line_1_54' title="bbox 2073 3022 3636 3099; baseline -0.001 -17"><span class='ocrx_word' id='word_1_433' title='bbox 2073 3030 2163 3086; x_wconf 77' lang='grc'><strong>48.</strong></span> <span class='ocrx_word' id='word_1_434' title='bbox 2211 3022 2633 3084; x_wconf 82' lang='lat' dir='ltr'><strong>Chananaeorum</strong></span> <span class='ocrx_word' id='word_1_435' title='bbox 2684 3028 2877 3085; x_wconf 89' lang='lat' dir='ltr'><strong>evertit</strong></span> <span class='ocrx_word' id='word_1_436' title='bbox 2935 3041 3130 3099; x_wconf 86' lang='lat' dir='ltr'><strong>regna,</strong></span> <span class='ocrx_word' id='word_1_437' title='bbox 3187 3039 3343 3097; x_wconf 87' lang='lat' dir='ltr'><strong>reges</strong></span> <span class='ocrx_word' id='word_1_438' title='bbox 3383 3023 3636 3082; x_wconf 66' lang='lat' dir='ltr'><strong>exstino-</strong></span> 
     </span>
    </p>
   </div>
   <div class='ocr_carea' id='block_1_55' title="bbox 313 3303 3636 3381">
    <p class='ocr_par' dir='ltr' id='par_1_55' title="bbox 313 3303 3636 3381">
     <span class='ocr_line' id='line_1_55' title="bbox 313 3303 3636 3381; baseline -0.002 -17"><span class='ocrx_word' id='word_1_439' title='bbox 313 3321 529 3364; x_wconf 81' lang='lat' dir='ltr'><strong>amaras</strong></span> <span class='ocrx_word' id='word_1_440' title='bbox 544 3325 708 3380; x_wconf 82' lang='lat' dir='ltr'><strong>aquas</strong></span> <span class='ocrx_word' id='word_1_441' title='bbox 727 3309 1034 3378; x_wconf 80' lang='lat' dir='ltr'><strong>pcrlactunt</strong></span> <span class='ocrx_word' id='word_1_442' title='bbox 1053 3309 1182 3381; x_wconf 89' lang='lat' dir='ltr'><strong>ligni</strong></span> <span class='ocrx_word' id='word_1_443' title='bbox 1208 3310 1260 3365; x_wconf 93' lang='lat' dir='ltr'><strong>in</strong></span> <span class='ocrx_word' id='word_1_444' title='bbox 1276 3308 1589 3364; x_wconf 86' lang='lat' dir='ltr'><strong>suavitatem</strong></span> <span class='ocrx_word' id='word_1_445' title='bbox 1613 3310 1896 3364; x_wconf 80' lang='lat' dir='ltr'><strong>convertit.</strong></span> <span class='ocrx_word' id='word_1_446' title='bbox 1929 3315 1974 3379; x_wconf 65' lang='grc' dir='ltr'><strong>(ζ</strong></span> <span class='ocrx_word' id='word_1_447' title='bbox 2006 3319 2212 3380; x_wconf 88' lang='lat' dir='ltr'><strong>septem</strong></span> <span class='ocrx_word' id='word_1_448' title='bbox 2243 3309 2396 3364; x_wconf 92' lang='lat' dir='ltr'><strong>annis</strong></span> <span class='ocrx_word' id='word_1_449' title='bbox 2426 3303 2638 3377; x_wconf 62' lang='lat' dir='ltr'><strong>praefuit</strong></span> <span class='ocrx_word' id='word_1_450' title='bbox 2667 3307 2719 3362; x_wconf 91' lang='lat' dir='ltr'><strong>in</strong></span> <span class='ocrx_word' id='word_1_451' title='bbox 2751 3306 2936 3363; x_wconf 89' lang='lat' dir='ltr'><strong>Israel.</strong></span> <span class='ocrx_word' id='word_1_452' title='bbox 2968 3305 3334 3376; x_wconf 90' lang='lat' dir='ltr'><strong>Occubuitque</strong></span> <span class='ocrx_word' id='word_1_453' title='bbox 3376 3312 3593 3360; x_wconf 90' lang='lat' dir='ltr'><strong>centum</strong></span> <span class='ocrx_word' id='word_1_454' title='bbox 3631 3304 3636 3326; x_wconf 69' lang='grc' dir='ltr'><strong><em>τ</em></strong></span> 
     </span>
    </p>
   </div>
   <div class='ocr_carea' id='block_1_56' title="bbox 311 3401 1900 3472">
    <p class='ocr_par' dir='ltr' id='par_1_56' title="bbox 311 3401 1900 3472">
     <span class='ocr_line' id='line_1_56' title="bbox 311 3401 1900 3472; baseline 0.001 -18"><span class='ocrx_word' id='word_1_455' title='bbox 311 3402 453 3468; x_wconf 79' lang='lat' dir='ltr'><strong>Quin</strong></span> <span class='ocrx_word' id='word_1_456' title='bbox 482 3402 643 3457; x_wconf 88' lang='lat' dir='ltr'><strong>etiam</strong></span> <span class='ocrx_word' id='word_1_457' title='bbox 664 3401 801 3458; x_wconf 87' lang='lat' dir='ltr'><strong>inter</strong></span> <span class='ocrx_word' id='word_1_458' title='bbox 824 3403 940 3458; x_wconf 78' lang='lat' dir='ltr'><strong>hch</strong></span> <span class='ocrx_word' id='word_1_459' title='bbox 967 3418 1080 3458; x_wconf 88' lang='lat' dir='ltr'><strong>csut</strong></span> <span class='ocrx_word' id='word_1_460' title='bbox 1097 3401 1223 3458; x_wconf 89' lang='lat' dir='ltr'><strong>ienti</strong></span> <span class='ocrx_word' id='word_1_461' title='bbox 1247 3403 1407 3458; x_wconf 88' lang='lat' dir='ltr'><strong>Israel</strong></span> <span class='ocrx_word' id='word_1_462' title='bbox 1426 3401 1648 3457; x_wconf 61' lang='lat' dir='ltr'><strong>caeleste</strong></span> <span class='ocrx_word' id='word_1_463' title='bbox 1670 3401 1900 3472; x_wconf 65' lang='lat' dir='ltr'><strong>&#39;pratbuit</strong></span> 
     </span>
    </p>
   </div>
   <div class='ocr_carea' id='block_1_57' title="bbox 310 3495 1932 3578">
    <p class='ocr_par' dir='ltr' id='par_1_57' title="bbox 310 3495 1932 3578">
     <span class='ocr_line' id='line_1_57' title="bbox 310 3495 1932 3578; baseline 0 -31"><span class='ocrx_word' id='word_1_464' title='bbox 310 3495 587 3565; x_wconf 88' lang='lat' dir='ltr'><strong>pabulum,</strong></span> <span class='ocrx_word' id='word_1_465' title='bbox 615 3497 995 3567; x_wconf 88' lang='lat' dir='ltr'><strong>volucrumque</strong></span> <span class='ocrx_word' id='word_1_466' title='bbox 1019 3497 1160 3552; x_wconf 81' lang='lat' dir='ltr'><strong>escis</strong></span> <span class='ocrx_word' id='word_1_467' title='bbox 1192 3495 1416 3565; x_wconf 87' lang='lat' dir='ltr'><strong>replevit</strong></span> <span class='ocrx_word' id='word_1_468' title='bbox 1439 3495 1552 3549; x_wconf 88' lang='lat' dir='ltr'><strong>loca</strong></span> <span class='ocrx_word' id='word_1_469' title='bbox 1575 3504 1897 3578; x_wconf 75' lang='lat' dir='ltr'><strong>castrorum.</strong></span> <span class='ocrx_word' id='word_1_470' title='bbox 1925 3507 1932 3544; x_wconf 87' lang='lat'>:</span> 
     </span>
    </p>
   </div>
   <div class='ocr_carea' id='block_1_58' title="bbox 352 3585 1936 3659">
    <p class='ocr_par' dir='ltr' id='par_1_58' title="bbox 352 3585 1936 3659">
     <span class='ocr_line' id='line_1_58' title="bbox 352 3585 1936 3659; baseline 0.004 -23"><span class='ocrx_word' id='word_1_471' title='bbox 352 3627 356 3630; x_wconf 93' lang='lat'><strong>.</strong></span> <span class='ocrx_word' id='word_1_472' title='bbox 389 3586 546 3657; x_wconf 73' lang='lat'><strong>163</strong></span> <span class='ocrx_word' id='word_1_473' title='bbox 577 3585 667 3641; x_wconf 69' lang='lat' dir='ltr'><strong>l2.</strong></span> <span class='ocrx_word' id='word_1_474' title='bbox 700 3587 967 3644; x_wconf 83' lang='lat' dir='ltr'><strong>Percussit</strong></span> <span class='ocrx_word' id='word_1_475' title='bbox 1005 3588 1222 3657; x_wconf 89' lang='lat' dir='ltr'><strong>insuper</strong></span> <span class='ocrx_word' id='word_1_476' title='bbox 1250 3597 1476 3659; x_wconf 88' lang='lat' dir='ltr'><strong>petram,</strong></span> <span class='ocrx_word' id='word_1_477' title='bbox 1503 3596 1662 3658; x_wconf 90' lang='lat' dir='ltr'><strong>atque</strong></span> <span class='ocrx_word' id='word_1_478' title='bbox 1682 3588 1898 3643; x_wconf 67' lang='lat' dir='ltr'><strong>’ex‘tem-</strong></span> <span class='ocrx_word' id='word_1_479' title='bbox 1929 3611 1936 3617; x_wconf 82' lang='lat'><strong>-</strong></span> 
     </span>
    </p>
   </div>
   <div class='ocr_carea' id='block_1_59' title="bbox 2007 3493 3596 3571">
    <p class='ocr_par' dir='ltr' id='par_1_59' title="bbox 2007 3493 3596 3571">
     <span class='ocr_line' id='line_1_59' title="bbox 2007 3493 3596 3571; baseline -0.003 -17"><span class='ocrx_word' id='word_1_480' title='bbox 2007 3494 2188 3556; x_wconf 73' lang='lat' dir='ltr'><strong>tbSare</strong></span> <span class='ocrx_word' id='word_1_481' title='bbox 2216 3498 2433 3556; x_wconf 83' lang='lat' dir='ltr'><strong>civitate</strong></span> <span class='ocrx_word' id='word_1_482' title='bbox 2477 3513 2598 3566; x_wconf 89' lang='lat' dir='ltr'><strong>sua,</strong></span> <span class='ocrx_word' id='word_1_483' title='bbox 2647 3512 2766 3568; x_wconf 64' lang='lat' dir='ltr'><strong>quae</strong></span> <span class='ocrx_word' id='word_1_484' title='bbox 2794 3498 2897 3554; x_wconf 87' lang='lat' dir='ltr'><strong>sita</strong></span> <span class='ocrx_word' id='word_1_485' title='bbox 2944 3505 3028 3553; x_wconf 84' lang='lat' dir='ltr'><strong>est</strong></span> <span class='ocrx_word' id='word_1_486' title='bbox 3075 3497 3128 3552; x_wconf 93' lang='lat' dir='ltr'><strong>in</strong></span> <span class='ocrx_word' id='word_1_487' title='bbox 3177 3495 3363 3571; x_wconf 83' lang='lat' dir='ltr'><strong>latere</strong></span> <span class='ocrx_word' id='word_1_488' title='bbox 3393 3493 3596 3550; x_wconf 83' lang='lat' dir='ltr'><strong>montis</strong></span> 
     </span>
    </p>
   </div>
   <div class='ocr_carea' id='block_1_60' title="bbox 315 3676 1937 3750">
    <p class='ocr_par' dir='ltr' id='par_1_60' title="bbox 315 3676 1937 3750">
     <span class='ocr_line' id='line_1_60' title="bbox 315 3676 1937 3750; baseline 0.001 -20"><span class='ocrx_word' id='word_1_489' title='bbox 315 3676 404 3746; x_wconf 85' lang='lat' dir='ltr'><strong>plo</strong></span> <span class='ocrx_word' id='word_1_490' title='bbox 438 3680 571 3732; x_wconf 86' lang='lat' dir='ltr'><strong>dura</strong></span> <span class='ocrx_word' id='word_1_491' title='bbox 610 3693 860 3734; x_wconf 83' lang='lat' dir='ltr'><strong>saxorum</strong></span> <span class='ocrx_word' id='word_1_492' title='bbox 909 3678 1184 3748; x_wconf 88' lang='lat' dir='ltr'><strong>crepidine</strong></span> <span class='ocrx_word' id='word_1_493' title='bbox 1226 3681 1441 3750; x_wconf 89' lang='lat' dir='ltr'><strong>copiosa</strong></span> <span class='ocrx_word' id='word_1_494' title='bbox 1481 3679 1899 3746; x_wconf 76' lang='lat' dir='ltr'><strong>ﬂuentamana-</strong></span> <span class='ocrx_word' id='word_1_495' title='bbox 1931 3705 1937 3731; x_wconf 85' lang='grc'>;</span> 
     </span>
    </p>
   </div>
   <div class='ocr_carea' id='block_1_61' title="bbox 313 3770 1935 3842">
    <p class='ocr_par' dir='ltr' id='par_1_61' title="bbox 313 3770 1935 3842">
     <span class='ocr_line' id='line_1_61' title="bbox 313 3770 1935 3842; baseline 0.001 -18"><span class='ocrx_word' id='word_1_496' title='bbox 313 3780 459 3824; x_wconf 86' lang='lat' dir='ltr'><strong>runt.</strong></span> <span class='ocrx_word' id='word_1_497' title='bbox 492 3770 748 3826; x_wconf 85' lang='lat' dir='ltr'><strong>Ascendit</strong></span> <span class='ocrx_word' id='word_1_498' title='bbox 773 3786 986 3842; x_wconf 89' lang='lat' dir='ltr'><strong>quoque</strong></span> <span class='ocrx_word' id='word_1_499' title='bbox 1015 3770 1268 3828; x_wconf 84' lang='lat' dir='ltr'><strong>verticem</strong></span> <span class='ocrx_word' id='word_1_500' title='bbox 1293 3771 1489 3827; x_wconf 89' lang='lat' dir='ltr'><strong>ntontis</strong></span> <span class='ocrx_word' id='word_1_501' title='bbox 1514 3771 1684 3841; x_wconf 85' lang='lat' dir='ltr'><strong>Sinai,</strong></span> <span class='ocrx_word' id='word_1_502' title='bbox 1713 3771 1899 3826; x_wconf 78' lang='lat' dir='ltr'><strong>faciem</strong></span> <span class='ocrx_word' id='word_1_503' title='bbox 1930 3811 1935 3826; x_wconf 50' lang='grc' dir='ltr'><strong><em>λ</em></strong></span> 
     </span>
    </p>
   </div>
   <div class='ocr_carea' id='block_1_62' title="bbox 313 3862 1930 3936">
    <p class='ocr_par' dir='ltr' id='par_1_62' title="bbox 313 3862 1930 3936">
     <span class='ocr_line' id='line_1_62' title="bbox 313 3862 1930 3936; baseline -0.002 -17"><span class='ocrx_word' id='word_1_504' title='bbox 313 3863 534 3919; x_wconf 88' lang='lat' dir='ltr'><strong>Domini</strong></span> <span class='ocrx_word' id='word_1_505' title='bbox 578 3863 1056 3936; x_wconf 73' lang='lat' dir='ltr'><strong>contemplaturus,</strong></span> <span class='ocrx_word' id='word_1_506' title='bbox 1099 3864 1168 3919; x_wconf 91' lang='lat' dir='ltr'><strong>ibi</strong></span> <span class='ocrx_word' id='word_1_507' title='bbox 1214 3864 1562 3936; x_wconf 90' lang='lat' dir='ltr'><strong>quadraginta</strong></span> <span class='ocrx_word' id='word_1_508' title='bbox 1591 3863 1795 3919; x_wconf 92' lang='lat' dir='ltr'><strong>dierum</strong></span> <span class='ocrx_word' id='word_1_509' title='bbox 1819 3862 1930 3934; x_wconf 87' lang='lat' dir='ltr'><strong>je-.</strong></span> 
     </span>
    </p>
   </div>
   <div class='ocr_carea' id='block_1_63' title="bbox 315 3958 1939 4031">
    <p class='ocr_par' dir='ltr' id='par_1_63' title="bbox 315 3958 1939 4031">
     <span class='ocr_line' id='line_1_63' title="bbox 315 3958 1939 4031; baseline -0.001 -20"><span class='ocrx_word' id='word_1_510' title='bbox 315 3958 461 4031; x_wconf 86' lang='lat' dir='ltr'><strong>juttia</strong></span> <span class='ocrx_word' id='word_1_511' title='bbox 511 3959 753 4028; x_wconf 84' lang='lat' dir='ltr'><strong>pertulit;</strong></span> <span class='ocrx_word' id='word_1_512' title='bbox 807 3959 1135 4016; x_wconf 71' lang='lat' dir='ltr'><strong>descendens</strong></span> <span class='ocrx_word' id='word_1_513' title='bbox 1178 3959 1409 4015; x_wconf 89' lang='lat' dir='ltr'><strong>incendit</strong></span> <span class='ocrx_word' id='word_1_514' title='bbox 1449 3959 1694 4025; x_wconf 86' lang='lat' dir='ltr'><strong>vitulum,</strong></span> <span class='ocrx_word' id='word_1_515' title='bbox 1736 3959 1939 4014; x_wconf 76' lang='lat' dir='ltr'><strong>sacri-:</strong></span> 
     </span>
    </p>
   </div>
   <div class='ocr_carea' id='block_1_64' title="bbox 314 4050 1943 4123">
    <p class='ocr_par' dir='ltr' id='par_1_64' title="bbox 314 4050 1943 4123">
     <span class='ocr_line' id='line_1_64' title="bbox 314 4050 1943 4123; baseline -0.004 -19"><span class='ocrx_word' id='word_1_516' title='bbox 314 4050 467 4120; x_wconf 88' lang='lat' dir='ltr'><strong>Iegos</strong></span> <span class='ocrx_word' id='word_1_517' title='bbox 513 4050 801 4121; x_wconf 86' lang='lat' dir='ltr'><strong>prostravit</strong></span> <span class='ocrx_word' id='word_1_518' title='bbox 845 4051 1042 4123; x_wconf 89' lang='lat' dir='ltr'><strong>gladio,</strong></span> <span class='ocrx_word' id='word_1_519' title='bbox 1091 4051 1258 4122; x_wconf 85' lang='lat' dir='ltr'><strong>legem</strong></span> <span class='ocrx_word' id='word_1_520' title='bbox 1292 4062 1564 4122; x_wconf 89' lang='lat' dir='ltr'><strong>acceptam</strong></span> <span class='ocrx_word' id='word_1_521' title='bbox 1594 4067 1624 4106; x_wconf 89' lang='lat' dir='ltr'><strong>a</strong></span> <span class='ocrx_word' id='word_1_522' title='bbox 1659 4051 1770 4107; x_wconf 89' lang='lat' dir='ltr'><strong>Deo</strong></span> <span class='ocrx_word' id='word_1_523' title='bbox 1800 4067 1900 4123; x_wconf 81' lang='lat' dir='ltr'><strong>po-</strong></span> <span class='ocrx_word' id='word_1_524' title='bbox 1936 4085 1943 4098; x_wconf 83' lang='lat'><strong>,.</strong></span> 
     </span>
    </p>
   </div>
   <div class='ocr_carea' id='block_1_65' title="bbox 313 4141 1654 4216">
    <p class='ocr_par' dir='ltr' id='par_1_65' title="bbox 313 4141 1654 4216">
     <span class='ocr_line' id='line_1_65' title="bbox 313 4141 1654 4216; baseline 0.001 -19"><span class='ocrx_word' id='word_1_525' title='bbox 313 4141 439 4213; x_wconf 89' lang='lat' dir='ltr'><strong>pulo</strong></span> <span class='ocrx_word' id='word_1_526' title='bbox 472 4143 711 4209; x_wconf 84' lang='lat' dir='ltr'><strong>tradidit,</strong></span> <span class='ocrx_word' id='word_1_527' title='bbox 743 4145 1011 4214; x_wconf 87' lang='lat' dir='ltr'><strong>ritumque</strong></span> <span class='ocrx_word' id='word_1_528' title='bbox 1038 4144 1311 4216; x_wconf 82' lang='lat' dir='ltr'><strong>religionis</strong></span> <span class='ocrx_word' id='word_1_529' title='bbox 1341 4145 1587 4200; x_wconf 87' lang='lat' dir='ltr'><strong>instituit.</strong></span> <span class='ocrx_word' id='word_1_530' title='bbox 1651 4185 1654 4191; x_wconf 91' lang='lat'><strong>.</strong></span> 
     </span>
    </p>
   </div>
   <div class='ocr_carea' id='block_1_66' title="bbox 342 4233 1900 4308">
    <p class='ocr_par' dir='ltr' id='par_1_66' title="bbox 342 4233 1900 4308">
     <span class='ocr_line' id='line_1_66' title="bbox 342 4233 1900 4308; baseline 0.006 -23"><span class='ocrx_word' id='word_1_531' title='bbox 342 4233 480 4296; x_wconf 49' lang='lat'><strong>.45.,</strong></span> <span class='ocrx_word' id='word_1_532' title='bbox 509 4234 650 4291; x_wconf 88' lang='lat' dir='ltr'><strong>Inter</strong></span> <span class='ocrx_word' id='word_1_533' title='bbox 704 4237 818 4292; x_wconf 71' lang='lat' dir='ltr'><strong>hinc</strong></span> <span class='ocrx_word' id='word_1_534' title='bbox 856 4251 1068 4308; x_wconf 89' lang='lat' dir='ltr'><strong>quoque</strong></span> <span class='ocrx_word' id='word_1_535' title='bbox 1113 4235 1269 4306; x_wconf 33' lang='lat' dir='ltr'><strong>bella,</strong></span> <span class='ocrx_word' id='word_1_536' title='bbox 1293 4238 1480 4308; x_wconf 90' lang='lat' dir='ltr'><strong>gessit,</strong></span> <span class='ocrx_word' id='word_1_537' title='bbox 1515 4237 1754 4293; x_wconf 90' lang='lat' dir='ltr'><strong>victoriis</strong></span> <span class='ocrx_word' id='word_1_538' title='bbox 1793 4237 1900 4294; x_wconf 89' lang='lat' dir='ltr'><strong>cla-</strong></span> 
     </span>
    </p>
   </div>
   <div class='ocr_carea' id='block_1_67' title="bbox 310 4329 1945 4402">
    <p class='ocr_par' dir='ltr' id='par_1_67' title="bbox 310 4329 1945 4402">
     <span class='ocr_line' id='line_1_67' title="bbox 310 4329 1945 4402; baseline 0.001 -17"><span class='ocrx_word' id='word_1_539' title='bbox 310 4330 440 4397; x_wconf 87' lang='lat' dir='ltr'><strong>ruit,</strong></span> <span class='ocrx_word' id='word_1_540' title='bbox 469 4329 676 4402; x_wconf 80' lang='lat' dir='ltr'><strong>virgam</strong></span> <span class='ocrx_word' id='word_1_541' title='bbox 705 4331 756 4386; x_wconf 87' lang='lat' dir='ltr'><strong>itt</strong></span> <span class='ocrx_word' id='word_1_542' title='bbox 783 4346 942 4386; x_wconf 91' lang='lat' dir='ltr'><strong>tnanu</strong></span> <span class='ocrx_word' id='word_1_543' title='bbox 967 4341 1185 4397; x_wconf 89' lang='lat' dir='ltr'><strong>tenens;</strong></span> <span class='ocrx_word' id='word_1_544' title='bbox 1223 4332 1405 4388; x_wconf 87' lang='lat' dir='ltr'><strong>hostes</strong></span> <span class='ocrx_word' id='word_1_545' title='bbox 1431 4333 1565 4401; x_wconf 89' lang='lat' dir='ltr'><strong>quos</strong></span> <span class='ocrx_word' id='word_1_546' title='bbox 1598 4348 1702 4388; x_wconf 88' lang='lat' dir='ltr'><strong>non</strong></span> <span class='ocrx_word' id='word_1_547' title='bbox 1729 4333 1902 4389; x_wconf 88' lang='lat' dir='ltr'><strong>conti-</strong></span> <span class='ocrx_word' id='word_1_548' title='bbox 1939 4354 1945 4360; x_wconf 53' lang='grc' dir='ltr'><strong>ν</strong></span> 
     </span>
    </p>
   </div>
   <div class='ocr_carea' id='block_1_68' title="bbox 310 4423 1948 4495">
    <p class='ocr_par' dir='ltr' id='par_1_68' title="bbox 310 4423 1948 4495">
     <span class='ocr_line' id='line_1_68' title="bbox 310 4423 1948 4495; baseline 0.005 -21"><span class='ocrx_word' id='word_1_549' title='bbox 310 4425 422 4495; x_wconf 85' lang='lat' dir='ltr'><strong>git,</strong></span> <span class='ocrx_word' id='word_1_550' title='bbox 455 4425 730 4495; x_wconf 89' lang='lat' dir='ltr'><strong>superavit</strong></span> <span class='ocrx_word' id='word_1_551' title='bbox 761 4439 775 4477; x_wconf 88' lang='lat'><strong>:</strong></span> <span class='ocrx_word' id='word_1_552' title='bbox 810 4423 1084 4481; x_wconf 88' lang='lat' dir='ltr'><strong>letltiferos</strong></span> <span class='ocrx_word' id='word_1_553' title='bbox 1126 4425 1367 4495; x_wconf 89' lang='lat' dir='ltr'><strong>aspidutn</strong></span> <span class='ocrx_word' id='word_1_554' title='bbox 1401 4441 1611 4481; x_wconf 92' lang='lat' dir='ltr'><strong>morsus</strong></span> <span class='ocrx_word' id='word_1_555' title='bbox 1637 4427 1765 4482; x_wconf 80' lang='lat' dir='ltr'><strong>terei</strong></span> <span class='ocrx_word' id='word_1_556' title='bbox 1788 4441 1903 4482; x_wconf 91' lang='lat' dir='ltr'><strong>ser-</strong></span> <span class='ocrx_word' id='word_1_557' title='bbox 1942 4466 1948 4471; x_wconf 64' lang='grc' dir='ltr'><strong><em>ο</em></strong></span> 
     </span>
    </p>
   </div>
   <div class='ocr_carea' id='block_1_69' title="bbox 311 4517 1903 4587">
    <p class='ocr_par' dir='ltr' id='par_1_69' title="bbox 311 4517 1903 4587">
     <span class='ocr_line' id='line_1_69' title="bbox 311 4517 1903 4587; baseline 0.005 -20"><span class='ocrx_word' id='word_1_558' title='bbox 311 4518 487 4583; x_wconf 84' lang='lat' dir='ltr'><strong>petitis</strong></span> <span class='ocrx_word' id='word_1_559' title='bbox 535 4527 755 4587; x_wconf 89' lang='lat' dir='ltr'><strong>aspectu</strong></span> <span class='ocrx_word' id='word_1_560' title='bbox 798 4517 1048 4584; x_wconf 84' lang='lat' dir='ltr'><strong>sanavit.</strong></span> <span class='ocrx_word' id='word_1_561' title='bbox 1081 4541 1084 4544; x_wconf 52' lang='grc'><strong><em>«</em></strong></span> <span class='ocrx_word' id='word_1_562' title='bbox 1119 4518 1323 4572; x_wconf 88' lang='lat' dir='ltr'><strong>Datltan</strong></span> <span class='ocrx_word' id='word_1_563' title='bbox 1374 4527 1429 4574; x_wconf 89' lang='lat' dir='ltr'><strong>ct</strong></span> <span class='ocrx_word' id='word_1_564' title='bbox 1470 4519 1693 4585; x_wconf 84' lang='lat' dir='ltr'><strong>Abiron,</strong></span> <span class='ocrx_word' id='word_1_565' title='bbox 1745 4529 1903 4575; x_wconf 79' lang='lat' dir='ltr'><strong>terra:</strong></span> 
     </span>
    </p>
   </div>
   <div class='ocr_carea' id='block_1_70' title="bbox 310 4609 1899 4683">
    <p class='ocr_par' dir='ltr' id='par_1_70' title="bbox 310 4609 1899 4683">
     <span class='ocr_line' id='line_1_70' title="bbox 310 4609 1899 4683; baseline 0.004 -24"><span class='ocrx_word' id='word_1_566' title='bbox 310 4610 658 4678; x_wconf 85' lang='lat' dir='ltr'><strong>compagibus</strong></span> <span class='ocrx_word' id='word_1_567' title='bbox 704 4609 874 4681; x_wconf 89' lang='lat' dir='ltr'><strong>ruptis</strong></span> <span class='ocrx_word' id='word_1_568' title='bbox 896 4652 910 4676; x_wconf 94' lang='lat'><strong>,</strong></span> <span class='ocrx_word' id='word_1_569' title='bbox 932 4611 1184 4666; x_wconf 78' lang='lat' dir='ltr'><strong>viventes</strong></span> <span class='ocrx_word' id='word_1_570' title='bbox 1212 4611 1474 4681; x_wconf 87' lang='lat' dir='ltr'><strong>profundo</strong></span> <span class='ocrx_word' id='word_1_571' title='bbox 1507 4612 1649 4666; x_wconf 89' lang='lat' dir='ltr'><strong>hiatu</strong></span> <span class='ocrx_word' id='word_1_572' title='bbox 1683 4611 1899 4683; x_wconf 88' lang='lat' dir='ltr'><strong>dejecit.</strong></span> 
     </span>
    </p>
   </div>
   <div class='ocr_carea' id='block_1_71' title="bbox 311 4697 3594 4798">
    <p class='ocr_par' dir='ltr' id='par_1_71' title="bbox 311 4697 3594 4798">
     <span class='ocr_line' id='line_1_71' title="bbox 311 4697 3594 4798; baseline -0.004 -8"><span class='ocrx_word' id='word_1_573' title='bbox 311 4697 392 4753; x_wconf 64' lang='lat' dir='ltr'><strong>Ad</strong></span> <span class='ocrx_word' id='word_1_574' title='bbox 433 4706 734 4798; x_wconf 23' lang='lat' dir='ltr'><strong>eximi”?!</strong></span> <span class='ocrx_word' id='word_1_575' title='bbox 763 4703 1078 4798; x_wconf 46' lang='lat' dir='ltr'><strong>c‘fnscmd“</strong></span> <span class='ocrx_word' id='word_1_576' title='bbox 1103 4712 1338 4798; x_wconf 47' lang='grc' dir='ltr'><strong>¹¹¹⁰¹¹Ῠθ¹¹¹</strong></span> <span class='ocrx_word' id='word_1_577' title='bbox 1387 4702 1558 4768; x_wconf 64' lang='lat' dir='ltr'><strong>Nebo&#39;</strong></span> <span class='ocrx_word' id='word_1_578' title='bbox 1595 4711 1900 4775; x_wconf 55' lang='lat' dir='ltr'><strong>terramque</strong></span> <span class='ocrx_word' id='word_1_579' title='bbox 1929 4726 1981 4788; x_wconf 92' lang='lat' dir='ltr'><strong>D</strong></span> <span class='ocrx_word' id='word_1_580' title='bbox 2005 4728 2315 4794; x_wconf 88' lang='lat' dir='ltr'><strong>solitudine,</strong></span> <span class='ocrx_word' id='word_1_581' title='bbox 2344 4729 2597 4785; x_wconf 89' lang='lat' dir='ltr'><strong>liberator</strong></span> <span class='ocrx_word' id='word_1_582' title='bbox 2617 4725 2818 4798; x_wconf 90' lang='lat' dir='ltr'><strong>populi,</strong></span> <span class='ocrx_word' id='word_1_583' title='bbox 2844 4732 2898 4780; x_wconf 92' lang='lat' dir='ltr'><strong>et</strong></span> <span class='ocrx_word' id='word_1_584' title='bbox 2926 4724 3217 4780; x_wconf 92' lang='lat' dir='ltr'><strong>multorum</strong></span> <span class='ocrx_word' id='word_1_585' title='bbox 3243 4697 3393 4795; x_wconf 73' lang='lat' dir='ltr'><strong>paier</strong></span> <span class='ocrx_word' id='word_1_586' title='bbox 3419 4723 3594 4779; x_wconf 79' lang='lat' dir='ltr'><strong>exsti-</strong></span> 
     </span>
    </p>
   </div>
   <div class='ocr_carea' id='block_1_72' title="bbox 310 4790 1921 4887">
    <p class='ocr_par' dir='ltr' id='par_1_72' title="bbox 310 4790 1897 4866">
     <span class='ocr_line' id='line_1_72' title="bbox 310 4790 1897 4866; baseline 0.004 -20"><span class='ocrx_word' id='word_1_587' title='bbox 310 4791 765 4866; x_wconf 74' lang='lat' dir='ltr'><strong>repromissionis,</strong></span> <span class='ocrx_word' id='word_1_588' title='bbox 797 4790 1198 4861; x_wconf 82' lang='lat' dir='ltr'><strong>demonstrante</strong></span> <span class='ocrx_word' id='word_1_589' title='bbox 1229 4797 1474 4859; x_wconf 82' lang='lat' dir='ltr'><strong>Domino,</strong></span> <span class='ocrx_word' id='word_1_590' title='bbox 1512 4797 1723 4866; x_wconf 84' lang='lat' dir='ltr'><strong>aspicit.</strong></span> <span class='ocrx_word' id='word_1_591' title='bbox 1761 4798 1897 4854; x_wconf 73' lang='lat' dir='ltr'><strong>illor-</strong></span> 
     </span>
    </p>
   </div>
   <div class='ocr_carea' id='block_1_73' title="bbox 2007 4790 3597 4887">
    <p class='ocr_par' dir='ltr' id='par_1_73' title="bbox 2010 4810 3597 4887">
     <span class='ocr_line' id='line_1_73' title="bbox 2010 4810 3597 4887; baseline -0.006 -9"><span class='ocrx_word' id='word_1_592' title='bbox 2010 4824 2072 4878; x_wconf 92' lang='lat' dir='ltr'><strong>tit</strong></span> <span class='ocrx_word' id='word_1_593' title='bbox 2106 4810 2358 4887; x_wconf 89' lang='lat' dir='ltr'><strong>filiorum,</strong></span> <span class='ocrx_word' id='word_1_594' title='bbox 2390 4835 2551 4875; x_wconf 90' lang='lat' dir='ltr'><strong>manu</strong></span> <span class='ocrx_word' id='word_1_595' title='bbox 2602 4819 2777 4885; x_wconf 88' lang='lat' dir='ltr'><strong>fortis,</strong></span> <span class='ocrx_word' id='word_1_596' title='bbox 2819 4815 3067 4872; x_wconf 74' lang='lat' dir='ltr'><strong>consilio”</strong></span> <span class='ocrx_word' id='word_1_597' title='bbox 3095 4823 3375 4884; x_wconf 87' lang='lat' dir='ltr'><strong>strenuus,</strong></span> <span class='ocrx_word' id='word_1_598' title='bbox 3427 4814 3597 4885; x_wconf 87' lang='lat' dir='ltr'><strong>signis</strong></span> 
     </span>
    </p>
   </div>
   <div class='ocr_carea' id='block_1_74' title="bbox 311 4881 1946 4954">
    <p class='ocr_par' dir='ltr' id='par_1_74' title="bbox 311 4881 1946 4954">
     <span class='ocr_line' id='line_1_74' title="bbox 311 4881 1946 4954; baseline 0.003 -16"><span class='ocrx_word' id='word_1_599' title='bbox 311 4895 543 4954; x_wconf 83' lang='lat' dir='ltr'><strong>tuusque</strong></span> <span class='ocrx_word' id='word_1_600' title='bbox 566 4887 668 4949; x_wconf 83' lang='lat' dir='ltr'><strong>est,</strong></span> <span class='ocrx_word' id='word_1_601' title='bbox 693 4883 914 4953; x_wconf 91' lang='lat' dir='ltr'><strong>jubeute</strong></span> <span class='ocrx_word' id='word_1_602' title='bbox 946 4883 1198 4949; x_wconf 88' lang='lat' dir='ltr'><strong>Domino,</strong></span> <span class='ocrx_word' id='word_1_603' title='bbox 1233 4881 1286 4937; x_wconf 88' lang='lat' dir='ltr'><strong>itt</strong></span> <span class='ocrx_word' id='word_1_604' title='bbox 1323 4892 1503 4939; x_wconf 87' lang='lat' dir='ltr'><strong>monte</strong></span> <span class='ocrx_word' id='word_1_605' title='bbox 1535 4889 1782 4954; x_wconf 79' lang='lat' dir='ltr'><strong>Abarim;</strong></span> <span class='ocrx_word' id='word_1_606' title='bbox 1815 4905 1901 4946; x_wconf 87' lang='lat' dir='ltr'><strong>se-</strong></span> <span class='ocrx_word' id='word_1_607' title='bbox 1941 4915 1946 4926; x_wconf 70' lang='grc' dir='ltr'><strong><em>ε</em></strong></span> 
     </span>
    </p>
   </div>
   <div class='ocr_carea' id='block_1_75' title="bbox 310 4976 1952 5052">
    <p class='ocr_par' dir='ltr' id='par_1_75' title="bbox 310 4976 1952 5052">
     <span class='ocr_line' id='line_1_75' title="bbox 310 4976 1952 5052; baseline 0.002 -22"><span class='ocrx_word' id='word_1_608' title='bbox 310 4978 596 5046; x_wconf 66' lang='lat' dir='ltr'><strong>pultusque</strong></span> <span class='ocrx_word' id='word_1_609' title='bbox 607 4986 690 5034; x_wconf 84' lang='lat' dir='ltr'><strong>est</strong></span> <span class='ocrx_word' id='word_1_610' title='bbox 700 4976 967 5049; x_wconf 85' lang='lat' dir='ltr'><strong>aDomino</strong></span> <span class='ocrx_word' id='word_1_611' title='bbox 982 4976 1035 5052; x_wconf 73' lang='lat' dir='ltr'><strong>ip</strong></span> <span class='ocrx_word' id='word_1_612' title='bbox 1048 4976 1184 5032; x_wconf 84' lang='lat' dir='ltr'><strong>valle</strong></span> <span class='ocrx_word' id='word_1_613' title='bbox 1199 4976 1369 5042; x_wconf 75' lang='lat' dir='ltr'><strong>Moab,</strong></span> <span class='ocrx_word' id='word_1_614' title='bbox 1385 4992 1502 5047; x_wconf 71' lang='lat' dir='ltr'><strong>qua:</strong></span> <span class='ocrx_word' id='word_1_615' title='bbox 1516 4986 1597 5032; x_wconf 91' lang='lat' dir='ltr'><strong>est</strong></span> <span class='ocrx_word' id='word_1_616' title='bbox 1615 4979 1664 5032; x_wconf 92' lang='lat' dir='ltr'><strong>in</strong></span> <span class='ocrx_word' id='word_1_617' title='bbox 1682 4980 1894 5035; x_wconf 83' lang='lat' dir='ltr'><strong>Arabia.</strong></span> <span class='ocrx_word' id='word_1_618' title='bbox 1946 5015 1952 5024; x_wconf 69' lang='grc' dir='ltr'><em>ι</em></span> 
     </span>
    </p>
   </div>
   <div class='ocr_carea' id='block_1_76' title="bbox 355 5071 1900 5145">
    <p class='ocr_par' dir='ltr' id='par_1_76' title="bbox 355 5071 1900 5145">
     <span class='ocr_line' id='line_1_76' title="bbox 355 5071 1900 5145; baseline 0.006 -25"><span class='ocrx_word' id='word_1_619' title='bbox 355 5072 472 5126; x_wconf 64' lang='lat'><strong>.44.</strong></span> <span class='ocrx_word' id='word_1_620' title='bbox 510 5071 670 5126; x_wconf 73' lang='lat' dir='ltr'><strong>flexit</strong></span> <span class='ocrx_word' id='word_1_621' title='bbox 699 5080 873 5128; x_wconf 87' lang='lat' dir='ltr'><strong>autem</strong></span> <span class='ocrx_word' id='word_1_622' title='bbox 911 5071 1161 5142; x_wconf 90' lang='lat' dir='ltr'><strong>populum</strong></span> <span class='ocrx_word' id='word_1_623' title='bbox 1187 5072 1277 5126; x_wconf 90' lang='lat' dir='ltr'><strong>Dei</strong></span> <span class='ocrx_word' id='word_1_624' title='bbox 1307 5071 1358 5126; x_wconf 92' lang='lat' dir='ltr'><strong>in</strong></span> <span class='ocrx_word' id='word_1_625' title='bbox 1388 5087 1570 5128; x_wconf 86' lang='lat' dir='ltr'><strong>eremo</strong></span> <span class='ocrx_word' id='word_1_626' title='bbox 1593 5074 1745 5128; x_wconf 89' lang='lat' dir='ltr'><strong>annis</strong></span> <span class='ocrx_word' id='word_1_627' title='bbox 1768 5091 1900 5145; x_wconf 82' lang='lat' dir='ltr'><strong>qua-</strong></span> 
     </span>
    </p>
   </div>
   <div class='ocr_carea' id='block_1_77' title="bbox 311 5163 1951 5236">
    <p class='ocr_par' dir='ltr' id='par_1_77' title="bbox 311 5163 1951 5236">
     <span class='ocr_line' id='line_1_77' title="bbox 311 5163 1951 5236; baseline 0.004 -18"><span class='ocrx_word' id='word_1_628' title='bbox 311 5163 574 5234; x_wconf 85' lang='lat' dir='ltr'><strong>draginta,</strong></span> <span class='ocrx_word' id='word_1_629' title='bbox 609 5165 850 5236; x_wconf 77' lang='lat' dir='ltr'><strong>obiitque</strong></span> <span class='ocrx_word' id='word_1_630' title='bbox 880 5179 1142 5220; x_wconf 90' lang='lat' dir='ltr'><strong>annorum</strong></span> <span class='ocrx_word' id='word_1_631' title='bbox 1189 5175 1402 5220; x_wconf 91' lang='lat' dir='ltr'><strong>centum</strong></span> <span class='ocrx_word' id='word_1_632' title='bbox 1441 5164 1643 5234; x_wconf 82' lang='lat' dir='ltr'><strong>viginti.</strong></span> <span class='ocrx_word' id='word_1_633' title='bbox 1670 5166 1896 5235; x_wconf 84' lang='lat' dir='ltr'><strong>Quidam</strong></span> <span class='ocrx_word' id='word_1_634' title='bbox 1945 5205 1951 5210; x_wconf 89' lang='lat'><strong>-</strong></span> 
     </span>
    </p>
   </div>
   <div class='ocr_carea' id='block_1_78' title="bbox 310 5260 1900 5330">
    <p class='ocr_par' dir='ltr' id='par_1_78' title="bbox 310 5260 1900 5330">
     <span class='ocr_line' id='line_1_78' title="bbox 310 5260 1900 5330; baseline 0.003 -18"><span class='ocrx_word' id='word_1_635' title='bbox 310 5263 504 5313; x_wconf 85' lang='lat' dir='ltr'><strong>autem</strong></span> <span class='ocrx_word' id='word_1_636' title='bbox 537 5273 656 5315; x_wconf 88' lang='lat' dir='ltr'><strong>eum</strong></span> <span class='ocrx_word' id='word_1_637' title='bbox 715 5260 895 5314; x_wconf 87' lang='lat' dir='ltr'><strong>vivere</strong></span> <span class='ocrx_word' id='word_1_638' title='bbox 950 5267 1231 5325; x_wconf 65' lang='lat' dir='ltr'><strong>testantur,</strong></span> <span class='ocrx_word' id='word_1_639' title='bbox 1294 5273 1388 5328; x_wconf 89' lang='lat' dir='ltr'><strong>pro</strong></span> <span class='ocrx_word' id='word_1_640' title='bbox 1441 5274 1506 5314; x_wconf 89' lang='lat' dir='ltr'><strong>eo</strong></span> <span class='ocrx_word' id='word_1_641' title='bbox 1539 5260 1679 5330; x_wconf 89' lang='lat' dir='ltr'><strong>quod</strong></span> <span class='ocrx_word' id='word_1_642' title='bbox 1720 5261 1900 5330; x_wconf 88' lang='lat' dir='ltr'><strong>sepul-</strong></span> 
     </span>
    </p>
   </div>
   <div class='ocr_carea' id='block_1_79' title="bbox 309 5352 1900 5424">
    <p class='ocr_par' dir='ltr' id='par_1_79' title="bbox 309 5352 1900 5424">
     <span class='ocr_line' id='line_1_79' title="bbox 309 5352 1900 5424; baseline 0.003 -17"><span class='ocrx_word' id='word_1_643' title='bbox 309 5365 465 5408; x_wconf 86' lang='lat' dir='ltr'><strong>crum</strong></span> <span class='ocrx_word' id='word_1_644' title='bbox 497 5352 760 5422; x_wconf 45' lang='lat' dir='ltr'><strong>‘ejusnon</strong></span> <span class='ocrx_word' id='word_1_645' title='bbox 793 5353 1076 5424; x_wconf 87' lang='lat' dir='ltr'><strong>reperitur.</strong></span> <span class='ocrx_word' id='word_1_646' title='bbox 1123 5353 1191 5408; x_wconf 86' lang='lat' dir='ltr'><strong>Et</strong></span> <span class='ocrx_word' id='word_1_647' title='bbox 1229 5353 1354 5424; x_wconf 88' lang='lat' dir='ltr'><strong>quia</strong></span> <span class='ocrx_word' id='word_1_648' title='bbox 1395 5353 1643 5422; x_wconf 88' lang='lat' dir='ltr'><strong>apparuit</strong></span> <span class='ocrx_word' id='word_1_649' title='bbox 1675 5354 1900 5410; x_wconf 85' lang='lat' dir='ltr'><strong>Domino</strong></span> 
     </span>
    </p>
   </div>
   <div class='ocr_carea' id='block_1_80' title="bbox 309 5442 1983 5518">
    <p class='ocr_par' dir='ltr' id='par_1_80' title="bbox 309 5442 1983 5518">
     <span class='ocr_line' id='line_1_80' title="bbox 309 5442 1983 5518; baseline 0.003 -19"><span class='ocrx_word' id='word_1_650' title='bbox 309 5442 365 5518; x_wconf 82' lang='lat' dir='ltr'><strong>iu</strong></span> <span class='ocrx_word' id='word_1_651' title='bbox 397 5454 580 5518; x_wconf 85' lang='lat' dir='ltr'><strong>monte</strong></span> <span class='ocrx_word' id='word_1_652' title='bbox 609 5445 821 5502; x_wconf 84' lang='lat' dir='ltr'><strong>Tliabor</strong></span> <span class='ocrx_word' id='word_1_653' title='bbox 857 5461 978 5501; x_wconf 92' lang='lat' dir='ltr'><strong>cum</strong></span> <span class='ocrx_word' id='word_1_654' title='bbox 1030 5445 1484 5513; x_wconf 50' lang='lat' dir='ltr'><strong>Elia,,mortuum</strong></span> <span class='ocrx_word' id='word_1_655' title='bbox 1527 5455 1706 5503; x_wconf 91' lang='lat' dir='ltr'><strong>autem</strong></span> <span class='ocrx_word' id='word_1_656' title='bbox 1750 5449 1898 5504; x_wconf 91' lang='lat' dir='ltr'><strong>illum</strong></span> <span class='ocrx_word' id='word_1_657' title='bbox 1975 5457 1983 5465; x_wconf 88' lang='lat'>&#39;</span> 
     </span>
    </p>
   </div>
   <div class='ocr_carea' id='block_1_81' title="bbox 307 5537 1942 5609">
    <p class='ocr_par' dir='ltr' id='par_1_81' title="bbox 307 5537 1942 5609">
     <span class='ocr_line' id='line_1_81' title="bbox 307 5537 1942 5609; baseline 0.004 -16"><span class='ocrx_word' id='word_1_658' title='bbox 307 5548 455 5608; x_wconf 75' lang='lat' dir='ltr'><strong>esse,</strong></span> <span class='ocrx_word' id='word_1_659' title='bbox 479 5553 586 5594; x_wconf 93' lang='lat' dir='ltr'><strong>non</strong></span> <span class='ocrx_word' id='word_1_660' title='bbox 611 5546 842 5608; x_wconf 84' lang='lat' dir='ltr'><strong>raptum,</strong></span> <span class='ocrx_word' id='word_1_661' title='bbox 864 5538 1166 5594; x_wconf 86' lang='lat' dir='ltr'><strong>certissime</strong></span> <span class='ocrx_word' id='word_1_662' title='bbox 1183 5552 1330 5594; x_wconf 87' lang='lat' dir='ltr'><strong>sacra</strong></span> <span class='ocrx_word' id='word_1_663' title='bbox 1349 5537 1621 5609; x_wconf 87' lang='lat' dir='ltr'><strong>Scriptura</strong></span> <span class='ocrx_word' id='word_1_664' title='bbox 1648 5547 1895 5599; x_wconf 88' lang='lat' dir='ltr'><strong>testatur.</strong></span> <span class='ocrx_word' id='word_1_665' title='bbox 1939 5539 1942 5542; x_wconf 78' lang='grc'><strong>’</strong></span> 
     </span>
    </p>
   </div>
   <div class='ocr_carea' id='block_1_82' title="bbox 2483 3770 3046 3873">
    <p class='ocr_par' dir='ltr' id='par_1_82' title="bbox 2483 3770 3046 3873">
     <span class='ocr_line' id='line_1_82' title="bbox 2483 3770 3046 3873; baseline -0.014 -19"><span class='ocrx_word' id='word_1_666' title='bbox 2483 3821 2488 3824; x_wconf 96' lang='grc'><strong>-</strong></span> <span class='ocrx_word' id='word_1_667' title='bbox 2537 3770 2769 3873; x_wconf 74' lang='grc' dir='ltr'><strong>οΑρυτ</strong></span> <span class='ocrx_word' id='word_1_668' title='bbox 2807 3791 3046 3848; x_wconf 81' lang='lat' dir='ltr'><strong>xxvm.</strong></span> 
     </span>
    </p>
   </div>
   <div class='ocr_carea' id='block_1_83' title="bbox 2077 3878 3590 3956">
    <p class='ocr_par' dir='ltr' id='par_1_83' title="bbox 2077 3878 3590 3956">
     <span class='ocr_line' id='line_1_83' title="bbox 2077 3878 3590 3956; baseline -0.006 -12"><span class='ocrx_word' id='word_1_669' title='bbox 2077 3887 2420 3949; x_wconf 63' lang='lat' dir='ltr'><strong>49.Ph&#39;.nees</strong></span> <span class='ocrx_word' id='word_1_670' title='bbox 2434 3888 2712 3956; x_wconf 88' lang='lat' dir='ltr'><strong>sacerdos,</strong></span> <span class='ocrx_word' id='word_1_671' title='bbox 2740 3883 3131 3942; x_wconf 83' lang='lat' dir='ltr'><strong>filiusEleazari</strong></span> <span class='ocrx_word' id='word_1_672' title='bbox 3153 3880 3471 3951; x_wconf 88' lang='lat' dir='ltr'><strong>sacerdotis,</strong></span> <span class='ocrx_word' id='word_1_673' title='bbox 3494 3878 3590 3935; x_wconf 81' lang='lat' dir='ltr'><strong>lilii</strong></span> 
     </span>
    </p>
   </div>
   <div class='ocr_carea' id='block_1_84' title="bbox 1921 4162 3596 4241">
    <p class='ocr_par' dir='ltr' id='par_1_84' title="bbox 1921 4162 3596 4241">
     <span class='ocr_line' id='line_1_84' title="bbox 1921 4162 3596 4241; baseline -0.007 -12"><span class='ocrx_word' id='word_1_674' title='bbox 1921 4181 1942 4194; x_wconf 78' lang='lat'><em>&quot;</em></span> <span class='ocrx_word' id='word_1_675' title='bbox 2002 4173 2095 4238; x_wconf 89' lang='lat' dir='ltr'><strong>sit,</strong></span> <span class='ocrx_word' id='word_1_676' title='bbox 2146 4181 2304 4241; x_wconf 89' lang='lat' dir='ltr'><strong>atque</strong></span> <span class='ocrx_word' id='word_1_677' title='bbox 2335 4176 2622 4241; x_wconf 88' lang='lat' dir='ltr'><strong>perpetuas</strong></span> <span class='ocrx_word' id='word_1_678' title='bbox 2651 4165 2938 4224; x_wconf 88' lang='lat' dir='ltr'><strong>sacerdotii</strong></span> <span class='ocrx_word' id='word_1_679' title='bbox 2979 4163 3176 4220; x_wconf 89' lang='lat' dir='ltr'><strong>infulas</strong></span> <span class='ocrx_word' id='word_1_680' title='bbox 3205 4162 3596 4232; x_wconf 65' lang='lat' dir='ltr'><strong>praemiumque</strong></span> 
     </span>
    </p>
   </div>
   <div class='ocr_carea' id='block_1_85' title="bbox 2004 4256 3595 4345">
    <p class='ocr_par' dir='ltr' id='par_1_85' title="bbox 2004 4256 3595 4345">
     <span class='ocr_line' id='line_1_85' title="bbox 2004 4256 3595 4345; baseline -0.004 -26"><span class='ocrx_word' id='word_1_681' title='bbox 2004 4264 2341 4319; x_wconf 88' lang='lat' dir='ltr'><strong>victimarum</strong></span> <span class='ocrx_word' id='word_1_682' title='bbox 2391 4262 2444 4316; x_wconf 89' lang='lat' dir='ltr'><strong>in</strong></span> <span class='ocrx_word' id='word_1_683' title='bbox 2477 4259 2918 4332; x_wconf 89' lang='lat' dir='ltr'><strong>generationibus</strong></span> <span class='ocrx_word' id='word_1_684' title='bbox 2949 4257 3114 4314; x_wconf 90' lang='lat' dir='ltr'><strong>Israel</strong></span> <span class='ocrx_word' id='word_1_685' title='bbox 3155 4256 3374 4345; x_wconf 72' lang='lat' dir='ltr'><strong>meruit,</strong></span> <span class='ocrx_word' id='word_1_686' title='bbox 3405 4271 3502 4327; x_wconf 91' lang='lat' dir='ltr'><strong>pro</strong></span> <span class='ocrx_word' id='word_1_687' title='bbox 3527 4270 3595 4312; x_wconf 89' lang='lat' dir='ltr'><strong>eo</strong></span> 
     </span>
    </p>
   </div>
   <div class='ocr_carea' id='block_1_86' title="bbox 2004 4447 2478 4522">
    <p class='ocr_par' dir='ltr' id='par_1_86' title="bbox 2004 4447 2478 4522">
     <span class='ocr_line' id='line_1_86' title="bbox 2004 4447 2478 4522; baseline -0.015 -13"><span class='ocrx_word' id='word_1_688' title='bbox 2004 4451 2192 4509; x_wconf 90' lang='lat' dir='ltr'><strong>rieudo</strong></span> <span class='ocrx_word' id='word_1_689' title='bbox 2227 4447 2478 4522; x_wconf 87' lang='lat' dir='ltr'><strong>placavit.</strong></span> 
     </span>
    </p>
   </div>
   <div class='ocr_carea' id='block_1_87' title="bbox 2573 4536 3319 4597">
    <p class='ocr_par' dir='ltr' id='par_1_87' title="bbox 2573 4536 3319 4597">
     <span class='ocr_line' id='line_1_87' title="bbox 2573 4536 3319 4597; baseline -0.008 0"><span class='ocrx_word' id='word_1_690' title='bbox 2573 4538 2803 4597; x_wconf 81' lang='lat' dir='ltr'><strong>CAPUT</strong></span> <span class='ocrx_word' id='word_1_691' title='bbox 2830 4536 3025 4594; x_wconf 81' lang='lat' dir='ltr'><strong>XXIX.</strong></span> <span class='ocrx_word' id='word_1_692' title='bbox 3316 4540 3319 4544; x_wconf 82' lang='grc'><strong>’</strong></span> 
     </span>
    </p>
   </div>
   <div class='ocr_carea' id='block_1_88' title="bbox 2009 5092 3594 5168">
    <p class='ocr_par' dir='ltr' id='par_1_88' title="bbox 2009 5092 3594 5168">
     <span class='ocr_line' id='line_1_88' title="bbox 2009 5092 3594 5168; baseline -0.008 -13"><span class='ocrx_word' id='word_1_693' title='bbox 2009 5099 2386 5168; x_wconf 86' lang='lat' dir='ltr'><strong>lambentibus,</strong></span> <span class='ocrx_word' id='word_1_694' title='bbox 2417 5115 2522 5154; x_wconf 91' lang='lat' dir='ltr'><strong>non</strong></span> <span class='ocrx_word' id='word_1_695' title='bbox 2553 5097 2656 5152; x_wconf 90' lang='lat' dir='ltr'><strong>tela</strong></span> <span class='ocrx_word' id='word_1_696' title='bbox 2687 5096 2741 5152; x_wconf 92' lang='lat' dir='ltr'><strong>in</strong></span> <span class='ocrx_word' id='word_1_697' title='bbox 2765 5096 2993 5164; x_wconf 82' lang='lat' dir='ltr'><strong>dextris,</strong></span> <span class='ocrx_word' id='word_1_698' title='bbox 3018 5096 3114 5153; x_wconf 89' lang='lat' dir='ltr'><strong>sed</strong></span> <span class='ocrx_word' id='word_1_699' title='bbox 3132 5096 3308 5160; x_wconf 87' lang='lat' dir='ltr'><strong>tubas,</strong></span> <span class='ocrx_word' id='word_1_700' title='bbox 3339 5106 3439 5148; x_wconf 86' lang='lat' dir='ltr'><strong>nec</strong></span> <span class='ocrx_word' id='word_1_701' title='bbox 3462 5092 3594 5145; x_wconf 65' lang='lat' dir='ltr'><strong>laeva</strong></span> 
     </span>
    </p>
   </div>
   <div class='ocr_carea' id='block_1_89' title="bbox 2009 5190 3595 5268">
    <p class='ocr_par' dir='ltr' id='par_1_89' title="bbox 2009 5190 3595 5268">
     <span class='ocr_line' id='line_1_89' title="bbox 2009 5190 3595 5268; baseline -0.007 -18"><span class='ocrx_word' id='word_1_702' title='bbox 2009 5197 2276 5268; x_wconf 89' lang='lat' dir='ltr'><strong>clypeum,</strong></span> <span class='ocrx_word' id='word_1_703' title='bbox 2313 5195 2406 5250; x_wconf 91' lang='lat' dir='ltr'><strong>sed</strong></span> <span class='ocrx_word' id='word_1_704' title='bbox 2441 5194 2659 5266; x_wconf 88' lang='lat' dir='ltr'><strong>hydrias</strong></span> <span class='ocrx_word' id='word_1_705' title='bbox 2685 5192 3114 5263; x_wconf 69' lang='lat' dir='ltr'><strong>praeferentibus,</strong></span> <span class='ocrx_word' id='word_1_706' title='bbox 3147 5190 3354 5245; x_wconf 89' lang='lat' dir='ltr'><strong>hostem</strong></span> <span class='ocrx_word' id='word_1_707' title='bbox 3387 5195 3595 5241; x_wconf 82' lang='lat' dir='ltr'><strong>terrore</strong></span> 
     </span>
    </p>
   </div>
   <div class='ocr_carea' id='block_1_90' title="bbox 1947 5279 3593 5356">
    <p class='ocr_par' dir='ltr' id='par_1_90' title="bbox 1947 5279 3593 5356">
     <span class='ocr_line' id='line_1_90' title="bbox 1947 5279 3593 5356; baseline -0.005 -12"><span class='ocrx_word' id='word_1_708' title='bbox 1947 5295 1952 5302; x_wconf 86' lang='lat'><em>&#39;</em></span> <span class='ocrx_word' id='word_1_709' title='bbox 2009 5288 2252 5356; x_wconf 89' lang='lat' dir='ltr'><strong>perculit,</strong></span> <span class='ocrx_word' id='word_1_710' title='bbox 2284 5302 2348 5342; x_wconf 91' lang='lat' dir='ltr'><strong>ac</strong></span> <span class='ocrx_word' id='word_1_711' title='bbox 2378 5287 2551 5343; x_wconf 90' lang='lat' dir='ltr'><strong>victor</strong></span> <span class='ocrx_word' id='word_1_712' title='bbox 2583 5287 2652 5343; x_wconf 91' lang='lat' dir='ltr'><strong>de</strong></span> <span class='ocrx_word' id='word_1_713' title='bbox 2680 5286 2935 5342; x_wconf 85' lang='lat' dir='ltr'><strong>Amalech</strong></span> <span class='ocrx_word' id='word_1_714' title='bbox 2984 5285 3193 5340; x_wconf 88' lang='lat' dir='ltr'><strong>fortiter</strong></span> <span class='ocrx_word' id='word_1_715' title='bbox 3223 5279 3593 5350; x_wconf 90' lang='lat' dir='ltr'><strong>triumphavit.</strong></span> 
     </span>
    </p>
   </div>
   <div class='ocr_carea' id='block_1_91' title="bbox 2008 5377 3597 5450">
    <p class='ocr_par' dir='ltr' id='par_1_91' title="bbox 2008 5377 3597 5450">
     <span class='ocr_line' id='line_1_91' title="bbox 2008 5377 3597 5450; baseline -0.006 -15"><span class='ocrx_word' id='word_1_716' title='bbox 2008 5379 2280 5435; x_wconf 85' lang='lat' dir='ltr'><strong>Ju‘dicavit</strong></span> <span class='ocrx_word' id='word_1_717' title='bbox 2311 5379 2478 5435; x_wconf 89' lang='lat' dir='ltr'><strong>Israel</strong></span> <span class='ocrx_word' id='word_1_718' title='bbox 2523 5393 2696 5435; x_wconf 89' lang='lat' dir='ltr'><strong>annos</strong></span> <span class='ocrx_word' id='word_1_719' title='bbox 2725 5377 3097 5450; x_wconf 87' lang='lat' dir='ltr'><strong>quadraginta,</strong></span> <span class='ocrx_word' id='word_1_720' title='bbox 3127 5380 3482 5443; x_wconf 89' lang='lat' dir='ltr'><strong>mortuusque</strong></span> <span class='ocrx_word' id='word_1_721' title='bbox 3511 5379 3597 5428; x_wconf 88' lang='lat' dir='ltr'><strong>est</strong></span> 
     </span>
    </p>
   </div>
   <div class='ocr_carea' id='block_1_92' title="bbox 2007 5460 3591 5542">
    <p class='ocr_par' dir='ltr' id='par_1_92' title="bbox 2007 5460 3591 5542">
     <span class='ocr_line' id='line_1_92' title="bbox 2007 5460 3591 5542; baseline -0.006 -11"><span class='ocrx_word' id='word_1_722' title='bbox 2007 5489 2191 5542; x_wconf 90' lang='lat' dir='ltr'><strong>senex,</strong></span> <span class='ocrx_word' id='word_1_723' title='bbox 2227 5481 2280 5529; x_wconf 89' lang='lat' dir='ltr'><strong>et</strong></span> <span class='ocrx_word' id='word_1_724' title='bbox 2301 5460 2549 5542; x_wconf 75' lang='lat' dir='ltr'><strong>Sepultus</strong></span> <span class='ocrx_word' id='word_1_725' title='bbox 2578 5473 2634 5530; x_wconf 91' lang='lat' dir='ltr'><strong>in</strong></span> <span class='ocrx_word' id='word_1_726' title='bbox 2662 5471 2912 5542; x_wconf 88' lang='lat' dir='ltr'><strong>sepulcro</strong></span> <span class='ocrx_word' id='word_1_727' title='bbox 2955 5467 3081 5525; x_wconf 76' lang='lat' dir='ltr'><strong>Ioas</strong></span> <span class='ocrx_word' id='word_1_728' title='bbox 3109 5465 3278 5525; x_wconf 89' lang='lat' dir='ltr'><strong>oatris</strong></span> <span class='ocrx_word' id='word_1_729' title='bbox 3323 5468 3380 5523; x_wconf 89' lang='lat' dir='ltr'><strong>In</strong></span> <span class='ocrx_word' id='word_1_730' title='bbox 3410 5465 3591 5538; x_wconf 87' lang='lat' dir='ltr'><strong>Ephra</strong></span> 
     </span>
    </p>
   </div>
   <div class='ocr_carea' id='block_1_93' title="bbox 2007 5562 2481 5622">
    <p class='ocr_par' dir='ltr' id='par_1_93' title="bbox 2007 5562 2481 5622">
     <span class='ocr_line' id='line_1_93' title="bbox 2007 5562 2481 5622; baseline 0.002 -2"><span class='ocrx_word' id='word_1_731' title='bbox 2007 5565 2075 5622; x_wconf 89' lang='lat' dir='ltr'><strong>de</strong></span> <span class='ocrx_word' id='word_1_732' title='bbox 2102 5562 2302 5620; x_wconf 87' lang='lat' dir='ltr'><strong>familia</strong></span> <span class='ocrx_word' id='word_1_733' title='bbox 2333 5563 2481 5621; x_wconf 82' lang='lat' dir='ltr'><strong>Ezri.</strong></span> 
     </span>
    </p>
   </div>
   <div class='ocr_carea' id='block_1_94' title="bbox 2008 5713 3519 5795">
    <p class='ocr_par' dir='ltr' id='par_1_94' title="bbox 2008 5713 3519 5795">
     <span class='ocr_line' id='line_1_94' title="bbox 2008 5713 3519 5795; baseline -0.01 -16"><span class='ocrx_word' id='word_1_734' title='bbox 2008 5723 2314 5795; x_wconf 88' lang='lat' dir='ltr'><strong>Legendum</strong></span> <span class='ocrx_word' id='word_1_735' title='bbox 2340 5721 2553 5795; x_wconf 74' lang='lat' dir='ltr'><strong>videtur</strong></span> <span class='ocrx_word' id='word_1_736' title='bbox 2582 5713 2680 5795; x_wconf 68' lang='lat' dir='ltr'><strong>per“</strong></span> <span class='ocrx_word' id='word_1_737' title='bbox 2707 5715 3104 5795; x_wconf 58' lang='lat' dir='ltr'><strong>propugnatoris</strong></span> <span class='ocrx_word' id='word_1_738' title='bbox 3126 5713 3519 5795; x_wconf 47' lang='lat' dir='ltr'><strong>_I_rrael.A_rtsIv_&#39;.</strong></span> 
     </span>
    </p>
   </div>
   <div class='ocr_carea' id='block_1_95' title="bbox 2069 5779 3590 5856">
    <p class='ocr_par' dir='ltr' id='par_1_95' title="bbox 2069 5779 3590 5856">
     <span class='ocr_line' id='line_1_95' title="bbox 2069 5779 3590 5856; baseline -0.009 -6"><span class='ocrx_word' id='word_1_739' title='bbox 2069 5779 2157 5850; x_wconf 54' lang='lat'><strong>5&#39;0.</strong></span> <span class='ocrx_word' id='word_1_740' title='bbox 2190 5795 2262 5849; x_wconf 87' lang='lat' dir='ltr'><strong>De</strong></span> <span class='ocrx_word' id='word_1_741' title='bbox 2286 5795 2390 5848; x_wconf 90' lang='lat' dir='ltr'><strong>hoc</strong></span> <span class='ocrx_word' id='word_1_742' title='bbox 2417 5789 2605 5846; x_wconf 89' lang='lat' dir='ltr'><strong>Isidori</strong></span> <span class='ocrx_word' id='word_1_743' title='bbox 2630 5779 2813 5856; x_wconf 80' lang='lat' dir='ltr'><strong>capite</strong></span> <span class='ocrx_word' id='word_1_744' title='bbox 2849 5779 3167 5843; x_wconf 72' lang='lat' dir='ltr'><strong>conferendi</strong></span> <span class='ocrx_word' id='word_1_745' title='bbox 3215 5792 3341 5841; x_wconf 91' lang='lat' dir='ltr'><strong>sunt</strong></span> <span class='ocrx_word' id='word_1_746' title='bbox 3377 5779 3590 5838; x_wconf 84' lang='lat' dir='ltr'><strong>Bollan-</strong></span> 
     </span>
    </p>
   </div>
   <div class='ocr_carea' id='block_1_96' title="bbox 1999 5858 3349 5953">
    <p class='ocr_par' dir='ltr' id='par_1_96' title="bbox 1999 5858 3349 5953">
     <span class='ocr_line' id='line_1_96' title="bbox 1999 5858 3349 5953; baseline -0.012 -28"><span class='ocrx_word' id='word_1_747' title='bbox 1999 5867 2166 5936; x_wconf 91' lang='lat' dir='ltr'><strong>diani,</strong></span> <span class='ocrx_word' id='word_1_748' title='bbox 2199 5866 2267 5953; x_wconf 55' lang='grc' dir='ltr'><strong>δέ</strong></span> <span class='ocrx_word' id='word_1_749' title='bbox 2286 5865 2428 5921; x_wconf 89' lang='lat' dir='ltr'><strong>diem</strong></span> <span class='ocrx_word' id='word_1_750' title='bbox 2460 5865 2491 5919; x_wconf 87' lang='lat'><strong>7</strong></span> <span class='ocrx_word' id='word_1_751' title='bbox 2518 5858 2873 5926; x_wconf 74' lang='lat' dir='ltr'><strong>Septembris,</strong></span> <span class='ocrx_word' id='word_1_752' title='bbox 2898 5874 3020 5928; x_wconf 87' lang='lat' dir='ltr'><strong>oag.</strong></span> <span class='ocrx_word' id='word_1_753' title='bbox 3055 5858 3145 5914; x_wconf 77' lang='lat'><strong>85.</strong></span> <span class='ocrx_word' id='word_1_754' title='bbox 3181 5859 3349 5914; x_wconf 71' lang='lat' dir='ltr'><strong>Ansv.</strong></span> 
     </span>
    </p>
   </div>
   <div class='ocr_carea' id='block_1_97' title="bbox 3153 6011 3196 6066">
    <p class='ocr_par' dir='ltr' id='par_1_97' title="bbox 3153 6011 3196 6066">
     <span class='ocr_line' id='line_1_97' title="bbox 3153 6011 3196 6066; baseline 0 -6"><span class='ocrx_word' id='word_1_755' title='bbox 3153 6011 3196 6066; x_wconf 65' lang='grc' dir='ltr'><strong>Β</strong></span> 
     </span>
    </p>
   </div>
   <div class='ocr_carea' id='block_1_98' title="bbox 382 5713 1898 5794">
    <p class='ocr_par' dir='ltr' id='par_1_98' title="bbox 382 5713 1898 5794">
     <span class='ocr_line' id='line_1_98' title="bbox 382 5713 1898 5794; baseline 0.002 -18"><span class='ocrx_word' id='word_1_756' title='bbox 382 5717 490 5794; x_wconf 54' lang='lat'><strong>39.</strong></span> <span class='ocrx_word' id='word_1_757' title='bbox 507 5713 709 5779; x_wconf 82' lang='lat' dir='ltr'><strong>Nomen</strong></span> <span class='ocrx_word' id='word_1_758' title='bbox 737 5733 860 5778; x_wconf 90' lang='lat' dir='ltr'><strong>esse</strong></span> <span class='ocrx_word' id='word_1_759' title='bbox 903 5716 1277 5794; x_wconf 59' lang='lat' dir='ltr'><strong>Egyptiacum</strong></span> <span class='ocrx_word' id='word_1_760' title='bbox 1304 5719 1515 5794; x_wconf 82' lang='lat' dir='ltr'><strong>Moyses</strong></span> <span class='ocrx_word' id='word_1_761' title='bbox 1543 5719 1694 5778; x_wconf 91' lang='lat' dir='ltr'><strong>aiunt</strong></span> <span class='ocrx_word' id='word_1_762' title='bbox 1723 5720 1898 5791; x_wconf 86' lang='lat' dir='ltr'><strong>Philo,</strong></span> 
     </span>
    </p>
   </div>
   <div class='ocr_carea' id='block_1_99' title="bbox 309 5790 1031 5859">
    <p class='ocr_par' dir='ltr' id='par_1_99' title="bbox 309 5790 1031 5859">
     <span class='ocr_line' id='line_1_99' title="bbox 309 5790 1031 5859; baseline 0.001 -12"><span class='ocrx_word' id='word_1_763' title='bbox 309 5790 579 5859; x_wconf 71' lang='lat' dir='ltr'><strong>Iosephus</strong></span> <span class='ocrx_word' id='word_1_764' title='bbox 613 5799 666 5846; x_wconf 88' lang='lat' dir='ltr'><strong>et</strong></span> <span class='ocrx_word' id='word_1_765' title='bbox 695 5795 842 5847; x_wconf 79' lang='lat' dir='ltr'><strong>Aben</strong></span> <span class='ocrx_word' id='word_1_766' title='bbox 875 5790 1031 5849; x_wconf 66' lang='lat' dir='ltr'><strong>Ezra&#39;.</strong></span> 
     </span>
    </p>
   </div>
   <div class='ocr_carea' id='block_1_100' title="bbox 383 5861 1891 5938">
    <p class='ocr_par' dir='ltr' id='par_1_100' title="bbox 383 5861 1891 5938">
     <span class='ocr_line' id='line_1_100' title="bbox 383 5861 1891 5938; baseline 0.003 -21"><span class='ocrx_word' id='word_1_767' title='bbox 383 5864 476 5917; x_wconf 69' lang='lat'><strong>40.</strong></span> <span class='ocrx_word' id='word_1_768' title='bbox 510 5861 701 5938; x_wconf 80' lang='lat' dir='ltr'><strong>Notatu</strong></span> <span class='ocrx_word' id='word_1_769' title='bbox 731 5862 888 5938; x_wconf 82' lang='lat' dir='ltr'><strong>digna</strong></span> <span class='ocrx_word' id='word_1_770' title='bbox 909 5865 1142 5938; x_wconf 88' lang='lat' dir='ltr'><strong>occurrit</strong></span> <span class='ocrx_word' id='word_1_771' title='bbox 1175 5867 1440 5938; x_wconf 84' lang='lat' dir='ltr'><strong>nonnulla</strong></span> <span class='ocrx_word' id='word_1_772' title='bbox 1478 5866 1767 5938; x_wconf 71' lang='lat' dir='ltr'><strong>Scriptura:</strong></span> <span class='ocrx_word' id='word_1_773' title='bbox 1814 5864 1891 5922; x_wconf 85' lang='lat' dir='ltr'><strong>di-</strong></span> 
     </span>
    </p>
   </div>
   <div class='ocr_carea' id='block_1_101' title="bbox 307 5932 1888 6012">
    <p class='ocr_par' dir='ltr' id='par_1_101' title="bbox 307 5932 1888 6012">
     <span class='ocr_line' id='line_1_101' title="bbox 307 5932 1888 6012; baseline 0.001 -19"><span class='ocrx_word' id='word_1_774' title='bbox 307 5932 637 6008; x_wconf 79' lang='lat' dir='ltr'><strong>screpantia,</strong></span> <span class='ocrx_word' id='word_1_775' title='bbox 659 5949 780 6004; x_wconf 68' lang='lat' dir='ltr'><strong>qua:</strong></span> <span class='ocrx_word' id='word_1_776' title='bbox 799 5932 945 5989; x_wconf 88' lang='lat' dir='ltr'><strong>inter</strong></span> <span class='ocrx_word' id='word_1_777' title='bbox 967 5937 1143 5991; x_wconf 89' lang='lat' dir='ltr'><strong>varias</strong></span> <span class='ocrx_word' id='word_1_778' title='bbox 1173 5937 1430 5995; x_wconf 71' lang='lat' dir='ltr'><strong>lectiones</strong></span> <span class='ocrx_word' id='word_1_779' title='bbox 1483 5932 1654 5997; x_wconf 41' lang='lat' dir='ltr'><strong>vide-ti</strong></span> <span class='ocrx_word' id='word_1_780' title='bbox 1697 5947 1888 6012; x_wconf 68' lang='lat' dir='ltr'><strong>potest.</strong></span> 
     </span>
    </p>
   </div>
   <div class='ocr_carea' id='block_1_102' title="bbox 678 6025 1333 6110">
    <p class='ocr_par' dir='ltr' id='par_1_102' title="bbox 678 6025 1333 6110">
     <span class='ocr_line' id='line_1_102' title="bbox 678 6025 1333 6110; baseline 0.002 -22"><span class='ocrx_word' id='word_1_781' title='bbox 678 6025 953 6089; x_wconf 71' lang='lat' dir='ltr'><strong>PATROL.</strong></span> <span class='ocrx_word' id='word_1_782' title='bbox 979 6026 1333 6110; x_wconf 70' lang='lat' dir='ltr'><strong>LXXXIII.</strong></span> 
     </span>
    </p>
   </div>
   <div class='ocr_carea' id='block_1_103' title="bbox 2107 6095 2353 6114">
    <p class='ocr_par' dir='ltr' id='par_1_103' title="bbox 2107 6095 2353 6114">
     <span class='ocr_line' id='line_1_103' title="bbox 2107 6095 2353 6114; baseline 0.004 -1"><span class='ocrx_word' id='word_1_783' title='bbox 2107 6095 2218 6114; x_wconf 56' lang='grc' dir='ltr'><strong>ιε’.-</strong></span> <span class='ocrx_word' id='word_1_784' title='bbox 2325 6104 2353 6114; x_wconf 49' lang='grc' dir='ltr'><strong>-κ</strong></span> 
     </span>
    </p>
   </div>
   <div class='ocr_carea' id='block_1_104' title="bbox 2005 3387 3630 3472">
    <p class='ocr_par' dir='ltr' id='par_1_104' title="bbox 2005 3387 3630 3472">
     <span class='ocr_line' id='line_1_104' title="bbox 2005 3387 3630 3472; baseline -0.004 -14"><span class='ocrx_word' id='word_1_785' title='bbox 2005 3413 2060 3458; x_wconf 86' lang='lat' dir='ltr'><strong>et</strong></span> <span class='ocrx_word' id='word_1_786' title='bbox 2086 3403 2270 3460; x_wconf 85' lang='lat' dir='ltr'><strong>decem</strong></span> <span class='ocrx_word' id='word_1_787' title='bbox 2320 3416 2580 3458; x_wconf 89' lang='lat' dir='ltr'><strong>annorum</strong></span> <span class='ocrx_word' id='word_1_788' title='bbox 2631 3409 2793 3472; x_wconf 88' lang='lat' dir='ltr'><strong>atque</strong></span> <span class='ocrx_word' id='word_1_789' title='bbox 2841 3400 3083 3472; x_wconf 84' lang='lat' dir='ltr'><strong>sepultus</strong></span> <span class='ocrx_word' id='word_1_790' title='bbox 3125 3408 3208 3456; x_wconf 89' lang='lat' dir='ltr'><strong>est</strong></span> <span class='ocrx_word' id='word_1_791' title='bbox 3258 3387 3318 3454; x_wconf 12' lang='lat' dir='ltr'><strong>in.</strong></span> <span class='ocrx_word' id='word_1_792' title='bbox 3358 3387 3630 3453; x_wconf 54' lang='lat' dir='ltr'><strong>&#39;I‘amnar</strong></span> 
     </span>
    </p>
   </div>
   <div class='ocr_carea' id='block_1_105' title="bbox 2004 4348 3617 4446">
    <p class='ocr_par' dir='ltr' id='par_1_105' title="bbox 2004 4348 3617 4446">
     <span class='ocr_line' id='line_1_105' title="bbox 2004 4348 3617 4446; baseline -0.003 -33"><span class='ocrx_word' id='word_1_793' title='bbox 2004 4359 2145 4429; x_wconf 89' lang='lat' dir='ltr'><strong>quod</strong></span> <span class='ocrx_word' id='word_1_794' title='bbox 2173 4360 2290 4414; x_wconf 74' lang='lat' dir='ltr'><strong>zelo</strong></span> <span class='ocrx_word' id='word_1_795' title='bbox 2320 4356 2486 4412; x_wconf 87' lang='lat' dir='ltr'><strong>divini</strong></span> <span class='ocrx_word' id='word_1_796' title='bbox 2531 4353 2732 4412; x_wconf 88' lang='lat' dir='ltr'><strong>amoris</strong></span> <span class='ocrx_word' id='word_1_797' title='bbox 2779 4368 3041 4411; x_wconf 89' lang='lat' dir='ltr'><strong>accensus</strong></span> <span class='ocrx_word' id='word_1_798' title='bbox 3084 4348 3226 4409; x_wconf 65' lang='lat' dir='ltr'><strong>iram&#39;</strong></span> <span class='ocrx_word' id='word_1_799' title='bbox 3250 4350 3463 4410; x_wconf 88' lang='lat' dir='ltr'><strong>Domini</strong></span> <span class='ocrx_word' id='word_1_800' title='bbox 3508 4351 3617 4446; x_wconf 43' lang='grc' dir='ltr'><strong>[ρο.</strong></span> 
     </span>
    </p>
   </div>
   <div class='ocr_carea' id='block_1_106' title="bbox 2077 4608 3678 4701">
    <p class='ocr_par' dir='ltr' id='par_1_106' title="bbox 2077 4608 3678 4701">
     <span class='ocr_line' id='line_1_106' title="bbox 2077 4608 3678 4701; baseline -0.001 -13"><span class='ocrx_word' id='word_1_801' title='bbox 2077 4635 2163 4692; x_wconf 71' lang='lat'><strong>50.</strong></span> <span class='ocrx_word' id='word_1_802' title='bbox 2181 4635 2402 4693; x_wconf 87' lang='lat' dir='ltr'><strong>cheon</strong></span> <span class='ocrx_word' id='word_1_803' title='bbox 2427 4633 2566 4691; x_wconf 90' lang='lat' dir='ltr'><strong>filius</strong></span> <span class='ocrx_word' id='word_1_804' title='bbox 2595 4633 2722 4689; x_wconf 85' lang='lat' dir='ltr'><strong>Joas</strong></span> <span class='ocrx_word' id='word_1_805' title='bbox 2750 4647 2818 4689; x_wconf 91' lang='lat' dir='ltr'><strong>ex</strong></span> <span class='ocrx_word' id='word_1_806' title='bbox 2844 4631 2986 4688; x_wconf 89' lang='lat' dir='ltr'><strong>tribu</strong></span> <span class='ocrx_word' id='word_1_807' title='bbox 3012 4630 3282 4700; x_wconf 75' lang='lat' dir='ltr'><strong>Manasse,’</strong></span> <span class='ocrx_word' id='word_1_808' title='bbox 3307 4627 3521 4701; x_wconf 91' lang='lat' dir='ltr'><strong>genitus</strong></span> <span class='ocrx_word' id='word_1_809' title='bbox 3543 4628 3598 4685; x_wconf 92' lang='lat' dir='ltr'><strong>in</strong></span> 
     </span>
    </p>
   </div>
   <div class='ocr_carea' id='block_1_107' title="bbox 2008 4909 3649 4988">
    <p class='ocr_par' dir='ltr' id='par_1_107' title="bbox 2008 4909 3649 4988">
     <span class='ocr_line' id='line_1_107' title="bbox 2008 4909 3649 4988; baseline -0.008 -15"><span class='ocrx_word' id='word_1_810' title='bbox 2008 4909 2292 4988; x_wconf 76' lang='lat' dir='ltr'><strong>explorans</strong></span> <span class='ocrx_word' id='word_1_811' title='bbox 2318 4913 2512 4970; x_wconf 69' lang='lat' dir='ltr'><strong>futura:</strong></span> <span class='ocrx_word' id='word_1_812' title='bbox 2539 4912 2858 4968; x_wconf 86' lang='lat' dir='ltr'><strong>documenta</strong></span> <span class='ocrx_word' id='word_1_813' title='bbox 2890 4910 3161 4979; x_wconf 52' lang='lat' dir='ltr'><strong>victoriae,</strong></span> <span class='ocrx_word' id='word_1_814' title='bbox 3194 4909 3594 4981; x_wconf 87' lang='lat' dir='ltr'><strong>potentiamque</strong></span> <span class='ocrx_word' id='word_1_815' title='bbox 3643 4938 3649 4988; x_wconf 47' lang='grc' dir='ltr'><strong><em>ἓ</em></strong></span> 
     </span>
    </p>
   </div>
   <div class='ocr_carea' id='block_1_108' title="bbox 2009 5001 3660 5090">
    <p class='ocr_par' dir='ltr' id='par_1_108' title="bbox 2009 5001 3660 5090">
     <span class='ocr_line' id='line_1_108' title="bbox 2009 5001 3660 5090; baseline -0.007 -27"><span class='ocrx_word' id='word_1_816' title='bbox 2009 5009 2104 5064; x_wconf 90' lang='lat' dir='ltr'><strong>Dei</strong></span> <span class='ocrx_word' id='word_1_817' title='bbox 2129 5010 2179 5064; x_wconf 89' lang='lat' dir='ltr'><strong>in</strong></span> <span class='ocrx_word' id='word_1_818' title='bbox 2205 5009 2424 5064; x_wconf 88' lang='lat' dir='ltr'><strong>vellere.</strong></span> <span class='ocrx_word' id='word_1_819' title='bbox 2456 5006 2553 5062; x_wconf 90' lang='lat' dir='ltr'><strong>Ilic</strong></span> <span class='ocrx_word' id='word_1_820' title='bbox 2581 5020 2702 5060; x_wconf 90' lang='lat' dir='ltr'><strong>cum</strong></span> <span class='ocrx_word' id='word_1_821' title='bbox 2735 5004 2989 5062; x_wconf 88' lang='lat' dir='ltr'><strong>trecentis</strong></span> <span class='ocrx_word' id='word_1_822' title='bbox 3016 5003 3147 5060; x_wconf 89' lang='lat' dir='ltr'><strong>viris</strong></span> <span class='ocrx_word' id='word_1_823' title='bbox 3176 5018 3370 5074; x_wconf 89' lang='lat' dir='ltr'><strong>aquam</strong></span> <span class='ocrx_word' id='word_1_824' title='bbox 3413 5001 3591 5070; x_wconf 88' lang='lat' dir='ltr'><strong>lingua</strong></span> 
     </span>
    </p>
   </div>
   <div class='ocr_carea' id='block_1_109' title="bbox 2004 3585 3635 3673">
    <p class='ocr_par' dir='ltr' id='par_1_109' title="bbox 2004 3585 3635 3673">
     <span class='ocr_line' id='line_1_109' title="bbox 2004 3585 3635 3673; baseline -0.004 -25"><span class='ocrx_word' id='word_1_825' title='bbox 2004 3593 2164 3661; x_wconf 81' lang='lat' dir='ltr'><strong>Gaas,</strong></span> <span class='ocrx_word' id='word_1_826' title='bbox 2206 3602 2392 3647; x_wconf 91' lang='lat' dir='ltr'><strong>contra</strong></span> <span class='ocrx_word' id='word_1_827' title='bbox 2438 3589 2921 3673; x_wconf 18' lang='lat' dir='ltr'><strong>Aquilonem,iubi</strong></span> <span class='ocrx_word' id='word_1_828' title='bbox 2965 3601 3135 3660; x_wconf 90' lang='lat' dir='ltr'><strong>usque</strong></span> <span class='ocrx_word' id='word_1_829' title='bbox 3179 3586 3340 3642; x_wconf 85' lang='lat' dir='ltr'><strong>hodie</strong></span> <span class='ocrx_word' id='word_1_830' title='bbox 3380 3585 3593 3656; x_wconf 89' lang='lat' dir='ltr'><strong>insigne</strong></span> <span class='ocrx_word' id='word_1_831' title='bbox 3631 3591 3635 3596; x_wconf 85' lang='lat'><em>&#39;</em></span> 
     </span>
    </p>
   </div>
   <div class='ocr_carea' id='block_1_110' title="bbox 2004 3677 3635 3754">
    <p class='ocr_par' dir='ltr' id='par_1_110' title="bbox 2004 3677 3635 3754">
     <span class='ocr_line' id='line_1_110' title="bbox 2004 3677 3635 3754; baseline -0.006 -12"><span class='ocrx_word' id='word_1_832' title='bbox 2004 3696 2405 3742; x_wconf 88' lang='lat' dir='ltr'><strong>monumentum</strong></span> <span class='ocrx_word' id='word_1_833' title='bbox 2426 3685 2542 3754; x_wconf 82' lang='lat' dir='ltr'><strong>ejus</strong></span> <span class='ocrx_word' id='word_1_834' title='bbox 2567 3681 2882 3740; x_wconf 89' lang='lat' dir='ltr'><strong>ostenditur.</strong></span> <span class='ocrx_word' id='word_1_835' title='bbox 2909 3679 3005 3736; x_wconf 86' lang='lat' dir='ltr'><strong>Est</strong></span> <span class='ocrx_word' id='word_1_836' title='bbox 3025 3687 3201 3735; x_wconf 88' lang='lat' dir='ltr'><strong>autem</strong></span> <span class='ocrx_word' id='word_1_837' title='bbox 3221 3678 3276 3734; x_wconf 91' lang='lat' dir='ltr'><strong>in</strong></span> <span class='ocrx_word' id='word_1_838' title='bbox 3299 3677 3434 3733; x_wconf 89' lang='lat' dir='ltr'><strong>tribu</strong></span> <span class='ocrx_word' id='word_1_839' title='bbox 3449 3677 3586 3733; x_wconf 89' lang='lat' dir='ltr'><strong>Dan.</strong></span> <span class='ocrx_word' id='word_1_840' title='bbox 3631 3680 3635 3703; x_wconf 74' lang='grc'><strong><em>⁵</em></strong></span> 
     </span>
    </p>
   </div>
   <div class='ocr_carea' id='block_1_111' title="bbox 2004 3967 3637 4053">
    <p class='ocr_par' dir='ltr' id='par_1_111' title="bbox 2004 3967 3637 4053">
     <span class='ocr_line' id='line_1_111' title="bbox 2004 3967 3637 4053; baseline -0.006 -11"><span class='ocrx_word' id='word_1_841' title='bbox 2004 3967 2205 4052; x_wconf 82' lang='lat' dir='ltr'><strong>Aaron,</strong></span> <span class='ocrx_word' id='word_1_842' title='bbox 2236 3985 2413 4041; x_wconf 87' lang='lat' dir='ltr'><strong>zelum</strong></span> <span class='ocrx_word' id='word_1_843' title='bbox 2451 3983 2662 4040; x_wconf 92' lang='lat' dir='ltr'><strong>Domini</strong></span> <span class='ocrx_word' id='word_1_844' title='bbox 2691 3996 2877 4053; x_wconf 85' lang='lat' dir='ltr'><strong>agens,</strong></span> <span class='ocrx_word' id='word_1_845' title='bbox 2908 3978 3124 4035; x_wconf 88' lang='lat' dir='ltr'><strong>Zambri</strong></span> <span class='ocrx_word' id='word_1_846' title='bbox 3169 3987 3453 4035; x_wconf 89' lang='lat' dir='ltr'><strong>coeuntem</strong></span> <span class='ocrx_word' id='word_1_847' title='bbox 3485 3976 3592 4032; x_wconf 89' lang='lat' dir='ltr'><strong>im-</strong></span> <span class='ocrx_word' id='word_1_848' title='bbox 3635 3974 3637 3977; x_wconf 81' lang='grc'><em>’</em></span> 
     </span>
    </p>
   </div>
   <div class='ocr_carea' id='block_1_112' title="bbox 2005 4068 3641 4152">
    <p class='ocr_par' dir='ltr' id='par_1_112' title="bbox 2005 4068 3641 4152">
     <span class='ocr_line' id='line_1_112' title="bbox 2005 4068 3641 4152; baseline -0.006 -16"><span class='ocrx_word' id='word_1_849' title='bbox 2005 4068 2253 4152; x_wconf 78' lang='lat' dir='ltr'><strong>pudicum</strong></span> <span class='ocrx_word' id='word_1_850' title='bbox 2284 4079 2442 4135; x_wconf 89' lang='lat' dir='ltr'><strong>simul</strong></span> <span class='ocrx_word' id='word_1_851' title='bbox 2486 4093 2606 4132; x_wconf 90' lang='lat' dir='ltr'><strong>cum</strong></span> <span class='ocrx_word' id='word_1_852' title='bbox 2637 4077 2832 4132; x_wconf 86' lang='lat' dir='ltr'><strong>scorto</strong></span> <span class='ocrx_word' id='word_1_853' title='bbox 2862 4071 3203 4129; x_wconf 84' lang='lat' dir='ltr'><strong>Madianitide</strong></span> <span class='ocrx_word' id='word_1_854' title='bbox 3233 4070 3340 4126; x_wconf 91' lang='lat' dir='ltr'><strong>telo</strong></span> <span class='ocrx_word' id='word_1_855' title='bbox 3372 4085 3594 4141; x_wconf 80' lang='lat' dir='ltr'><strong>percus-</strong></span> <span class='ocrx_word' id='word_1_856' title='bbox 3637 4133 3641 4136; x_wconf 47' lang='grc'><em>,</em></span> 
     </span>
    </p>
   </div>
   <div class='ocr_carea' id='block_1_113' title="bbox 3633 4568 3682 4868">
    <p class='ocr_par' dir='ltr' id='par_1_113' title="bbox 3633 4568 3682 4868">
     <span class='ocr_line' id='line_1_113' title="bbox 3651 4568 3682 4630; baseline 0 -11"><span class='ocrx_word' id='word_1_857' title='bbox 3651 4568 3682 4630; x_wconf 69' lang='lat' dir='ltr'><strong>&#39;e,‘</strong></span> 
     </span>
     <span class='ocr_line' id='line_1_114' title="bbox 3633 4657 3676 4868; baseline 0 0"><span class='ocrx_word' id='word_1_858' title='bbox 3633 4657 3676 4868; x_wconf 70' lang='grc' dir='ltr'>’ξ</span> 
     </span>
    </p>
   </div>
  </div>
