4056 6350
437 403 558 466 £39:

1012 506 1241 568 CAPUT
1283 503 1454 563 XXX.

513 606 670 681 165
688 605 778 662 5!.
802 601 998 673 Iephte
1027 600 1356 665 Galaadites,
1377 598 1499 656 felix
1530 597 1583 654 in
1608 599 1834 668 praeliis,
1861 597 2030 653 ﬁdelis

435 705 490 759 in
523 698 823 771 promissis,
851 695 1099 752 allectum
1143 695 1354 766 pietatis
1384 707 1720 762 exsuperans
1746 691 2030 748 tolerantia

434 795 652 850 tuentis.
673 791 771 848 Hic
786 791 930 847 enim
945 797 1163 846 voverat
1183 789 1308 852 Deo,
1335 796 1392 842 ut
1413 786 1457 842 si
1475 786 1604 856 quid
1629 785 1707 840 illi
1726 794 1844 855 post
1865 785 2032 839 victo-

434 885 567 940 riam
599 882 892 940 revertenti
921 882 1145 952 primum
1178 887 1506 945 occurreret,
1539 877 1868 934 immolaret.
1896 874 2028 932 Nam

433 979 651 1036 rediens
684 993 746 1033 ex
785 976 1051 1042 hostibus,
1086 973 1513 1029 Ammonitarum
1548 971 1924 1042 triumphator,
1958 984 2029 1026 ne

437 1073 779 1142 pollueretur
799 1069 918 1125 labe
945 1065 1184 1136 periurii,
1207 1065 1500 1136 pollicitam
1519 1066 1863 1136 sponsionem
1888 1078 2031 1120 eom-

439 1164 627 1228 r-levit,
654 1178 716 1218 ac
740 1160 922 1222 tiliam,
959 1175 1077 1228 qua:
1108 1159 1296 1214 victori
1345 1168 1676 1223 occurrerat,
1708 1157 2026 1214 immolavit.

431 1254 704 1310 .ludi'cavit
725 1254 884 1310 Israel
911 1269 1006 1308 sex
1032 1256 1209 1317 annis,
1240 1260 1295 1306 ct
1319 1259 1562 1306 mortuus
1578 1259 1659 1308 est
1688 1251 2031 1320 sepultusque

427 1357 482 1402 2.1
516 1346 734 1403 civitate
753 1343 978 1412 Galaad,
999 1361 1117 1414 qure
1147 1353 1227 1398 est
1258 1346 1308 1398 in
1338 1342 1556 1406 dimidia
1584 1342 1720 1398 tribu
1747 1341 2025 1398 Manassae.

998 1433 1227 1489 CAPUT
1273 1433 1465 1488 XXXI.

502 1529 590 1587 52.
608 1530 859 1595 Samson,
881 1527 1021 1583 [ilius
1037 1528 1432 1599 promissionis,
1449 1529 1656 1597 genitus
1677 1539 1824 1596 patre
1845 1528 2031 1584 llanue

431 1640 496 1678 ex
532 1625 671 1681 tribu
707 1623 840 1689 Dan,
877 1621 1161 1677 Nazartcus
1196 1632 1433 1684 vocatus,
1474 1622 1725 1677 liberatur
1758 1622 1939 1689 Israel,
1977 1630 2032 1678 et

434 1718 678 1774 otrinium
734 1716 1079 1772 fortissimus.
1111 1715 1212 1770 Iste
1263 1716 1558 1783 rugientem
1603 1717 1854 1771 mactavit
1905 1716 2030 1770 leo-

433 1825 592 1877 ncm,
627 1809 912 1879 {avumque
951 1808 1017 1864 ab
1067 1823 1164 1864 ore
1196 1810 1390 1862 mortui
1438 1808 1587 1875 tulit,
1621 1825 1772 1864 seras
1819 1824 2032 1880 quoque

1517 395 1574 452 S.
1619 387 1866 452 [SIDORI
1906 388 2350 450 HISPALENSIS
2391 385 2690 445 EPISCOPI

2059 507 2110 570 Α
2140 505 2235 559 Hic
2265 504 2474 558 leonem
2508 511 2562 557 et
2603 509 2789 556 ursum
2821 499 2939 556 sine
2963 498 3142 570 gladio
3189 497 3479 565 interfecit,
3506 498 3727 554 citliarre

3625 385 3739 448 tu!

2135 597 2400 653 suavitate
2417 593 2749 651 immundum
2767 593 3014 661 spiritum
3036 594 3259 663 pepulit,
3278 595 3546 664 gigantem
3564 607 3729 661 eapu-

2134 690 2340 760 gnavit.
2369 685 2534 757 Igitur
2567 685 2976 757 quadragesimo
3021 686 3194 755 regni,
3238 697 3291 741 et
3336 686 3736 756 septuagesiruq

2133 782 2307 838 uitatis
2347 796 2508 848 anno,
2543 780 2685 834 diem
2715 779 2839 834 vita:
2869 793 3177 848 supremum
3208 781 3622 842 consummavit,
3647 795 3730 836 se-

2135 875 2422 946 pultusque
2465 886 2548 930 est
2597 875 2647 928 in
2689 872 2901 928 civitate
2938 886 3033 928 sua
3089 871 3425 940 Bethlehctn,
3464 887 3586 942 quae
3627 871 3731 927 aiio

2135 966 2396 1023 vocabulo
2423 965 2618 1021 dicitur
2659 964 2912 1033 Ephrata,
2947 963 3035 1020 ubi
3062 961 3222 1020 etiam
3259 965 3516 1020 Dominus
3545 971 3731 1019 uoster

2142 1061 2299 1117 Iesus
2328 1058 2574 1115 Christus
2609 1057 2899 1114 secundum
2925 1071 3143 1113 carnem
3173 1067 3258 1113 est
3290 1066 3467 1113 natus.

2206 1154 2299 1208 ΞΒ.
2330 1154 2400 1206 lbi
2431 1166 2665 1222 quoque,
2697 1161 2750 1207 et
2781 1149 3001 1211 Rachel,
3025 1165 3147 1204 cum
3176 1148 3460 1220 Benjamin
3495 1148 3738 1218 peperisa

2135 1256 2238 1312 set,
2283 1244 2553 1300 occubuit.
2600 1245 2674 1300 lbi
2706 1243 2867 1299 etiam
2906 1242 3214 1311 sepulcrum
3254 1243 3406 1298 Iesse
3437 1244 3600 1311 patris
3630 1243 3734 1297 Da-

2135 1339 2221 1393 vid
2274 1337 2594 1392 ostenditur.
2627 1338 2719 1392 Est
2757 1347 2934 1392 autern
2972 1335 3060 1392 hic
3093 1335 3246 1391 locus
3301 1335 3355 1391 in
3409 1337 3550 1390 tribu
3595 1333 3732 1389 .luda

2134 1443 2289 1487 sexto
2341 1430 2407 1486 ab
2460 1429 2758 1486 Jerusalem
2803 1428 3051 1484 milliario
3095 1428 3298 1497 positus
3337 1437 3524 1484 centra
3573 1428 3737 1483 uteri-

2136 1526 2276 1581 diem
2310 1526 2361 1580 in
2395 1526 2584 1579 itinere
2619 1538 2725 1593 quo
2754 1524 2993 1592 pergitur
3022 1524 3073 1577 in
3109 1522 3344 1578 Ilebron.

2673 1613 2902 1670 CAPUT
2947 1611 3191 1668 XXXIV.

2210 1710 2300 1766 59.
2317 1709 2477 1764 Salon
2502 1725 2571 1766 on
2595 1709 2732 1763 [ilius
2749 1707 2912 1763 David
2931 1707 3106 1762 editus
3123 1721 3187 1761 ex
3207 1705 3504 1762 Bethsabce
3518 1706 3567 1760 in
3581 1705 3758 1772 Ιίξτιιυ⁵

2138 1806 2328 1871 salem,
2355 1812 2639 1873 antequam
2675 1810 3019 1868 nasceretur,
3053 1812 3275 1858 vocatus
3304 1801 3734 1870 sapientissimos

430 1912 706 1972 portarum
738 1901 974 1956 hurueris
1003 1899 1218 1962 tollens.
1256 1901 1306 1955 in
1356 1900 1557 1956 vertice
1609 1902 1807 1956 ruentis
1851 1901 2026 1968 impo-
2060 1897 2106 1958 Β
2133 1902 2408 1966 omnium,
2437 1909 2490 1954 et
2518 1897 2775 1953 dominici
2817 1897 3092 1952 dedicatur
3134 1897 3358 1966 templi:
3401 1893 3526 1949 felix
3567 1897 3736 1962 impe-

429 1995 559 2050 suit.
597 1993 843 2063 Vulpium
893 1991 1079 2048 caudis
1127 1993 1246 2063 igne
1295 1993 1491 2048 vinctis
1526 2002 1688 2058 totam
1747 1994 2027 2065 regionem

429 2086 840 2146 Philistinorum
873 2084 1177 2142 succendit.
1216 2086 1435 2164 Vinctus
1463 2085 1623 2156 etiam
1669 2087 1914 2144 rescissis
1950 2088 2031 2143 l’u-

431 2180 618 2246 nibus,
650 2180 869 2233 maxilla
899 2179 1035 2232 asini
1069 2180 1219 2234 rnille
1264 2181 1406 2236 viros
1439 2181 1688 2249 percutit.
1721 2181 1912 2238 Nervis
1943 2182 2027 2237 in-

434 2284 579 2330 texta
608 2274 819 2328 vincula
843 2313 857 2338 ,
883 2281 940 2327 ut
967 2274 1118 2328 lanea
1152 2273 1260 2339 lita,
1296 2274 1551 2343 disrupit.

507 2365 596 2421 55.
645 2366 774 2422 Post
821 2365 936 2421 haec
983 2366 1204 2420 avaritia
1244 2365 1573 2422 illecebrosm
1603 2366 1844 2424 mulieris
1870 2368 2028 2424 dece-

430 2470 578 2529 ptus,
607 2458 850 2514 detonsis
874 2458 1137 2523 crinibus,
1168 2457 1273 2513 vim
1303 2475 1412 2514 sum
1445 2461 1660 2516 virtutis
1685 2462 1864 2516 amisit
1891 2479 1903 2515 :
1932 2477 2030 2518 nec

428 2565 621 2617 mora,
645 2549 854 2606 ellossis
890 2551 1083 2615 oculis,
1141 2552 1422 2610 columnas
1470 2552 1654 2622 templi
1692 2557 2024 2619 concutiens,

429 2642 586 2706 ruina
611 2656 902 2711 Oppressus
923 2641 1250 2712 pariteretun
1269 2644 1511 2705 hostibus
1532 2646 1745 2702 defecit.
1761 2645 2030 2707 Judicavit

431 2735 598 2812 Israel
637 2735 793 2801 armis
817 2735 1002 2805 viginti
1047 2746 1100 2792 et
1139 2737 1344 2807 positus
1379 2748 1462 2794 est
1501 2740 1556 2794 in
1587 2741 1835 2810 sepulcro
1860 2743 2028 2812 patris

430 2831 512 2890 sui
539 2831 590 2884 in
614 2830 830 2894 civitate
858 2830 1236 2899 Estltaol,uu.n
1264 2841 1349 2888 est
1376 2833 1430 2887 in
1459 2833 1599 2893 tribu
1624 2833 1780 2900 .Iuda,
1815 2835 2028 2890 decimo

429 2924 617 2992 procul
652 2921 831 2992 lapide
852 2924 917 2975 ab
953 2924 1355 2993 Eleutheropoli
1377 2966 1391 2992 ,
1418 2936 1606 2982 contra
1631 2927 2028 2996 septentriona-

428 3013 535 3070 lem
555 3015 790 3086 plagaut,
816 3014 972 3085 juxta
1009 3015 1145 3078 viam
1185 3031 1302 3084 quas
1332 3015 1482 3070 ducit
1515 3015 1847 3087 Nicopolim.

985 3105 1215 3170 CAPUT
1251 3106 1473 3166 XXXII.

501 3196 591 3256 54.
609 3197 826 3264 Samuel
853 3198 1142 3267 propheta,
1165 3199 1305 3253 tilius
1323 3200 1547 3270 Eleana,
1568 3200 1635 3262 de
1651 3200 1941 3269 Ramatha,
1959 3218 2024 3259 ex

432 3291 575 3346 tribu
604 3291 885 3359 Epliraim,
916 3301 1334 3350 eonuumeratus
1365 3293 1535 3364 Moysi
1569 3295 1621 3348 in
1652 3296 2032 3355 sacerdotibus
2060 3307 2108 3371 C

433 3382 636 3445 Dei,ab
669 3383 798 3452 ipsis
832 3384 1109 3438 cunabulis
1139 3383 1528 3457 Domiuolsc
1544 3396 1913 3457 consecratus,
1943 3404 2031 3443 se-

431 3474 593 3544 dulus
633 3476 688 3545 in
739 3476 1062 3540 ministerio,
1107 3478 1157 3530 in
1212 3487 1372 3548 gerite
1416 3481 1685 3548 princeps,
1738 3483 1790 3535 in
1830 3481 2030 3551 templo

431 3577 604 3639 vates,
638 3567 789 3637 cujus
820 3572 983 3623 verbo
1023 3569 1533 3640 obtemperaverunt
1586 3574 1740 3640 creti,
1775 3587 2028 3631 occurre-

430 3669 562 3728 runt
588 3661 794 3727 nubila,
828 3660 989 3731 ellusi,
1025 3673 1152 3730 sunt
1186 3662 1404 3718 imbres.

501 3752 591 3806 55.
621 3751 712 3804 llic
735 3752 1090 3822 triumphator
1108 3768 1172 3809 ex
1198 3754 1463 3824 hostibus,
1499 3755 1764 3826 Adjutorii
1796 3757 2027 3827 lapidem

428 3845 635 3913 posuit;
658 3844 744 3899 hie
763 3848 992 3924 primum
1009 3833 1301 3917 principem
1323 3849 1370 3902 iu
1399 3843 1563 3920 requ
1581 3849 1756 3904 unxit.
1771 3848 2027 3917 Sepultus

428 3947 514 3992 est
535 3945 710 3994 autem
743 3939 795 3992 in
827 3937 1333 4014 vicusuolla‘matha
1351 3956 1469 4010 qua:
1500 3952 1579 3993 cst
1603 3940 2024 4010 inlicthlehetn;

431 4030 585 4098 cujus
607 4046 729 4086 ossa
759 4031 1021 4104 Arcadius
1055 4034 1323 4103 Augustus
1352 4033 1418 4086 dc
1448 4032 1631 4086 Judma
1660 4034 1712 4086 in
1742 4034 2026 4087 Thraciam

429 4123 728 4191 transtulit,
751 4134 804 4188 et
827 4139 987 4194 super
1017 4107 1271 4178 tumulum
1294 4127 1410 4194 ejus
1427 4126 1625 4181 Christi
1651 4141 1799 4181 aram
1831 4129 2024 4184 erexit.

956 4213 1185 4272 CAPUT
1232 4214 1472 4284 XXXIII.

504 4307 592 4364 56.
618 4307 805 4377 David,
822 4324 916 4388 rex
942 4309 1078 4363 idem
1108 4293 1564 4388 atquc'prophcta,
1585 4323 1732 4378 ortus
1751 4311 2028 4383 degenere

431 4400 592 4467 Juda,
627 4402 765 4455 Illius
796 4396 969 4466 Iesse,
1003 4411 1159 4456 natus
1192 4400 1243 4455 in
1279 4402 1612 4471 Betltlchem,
1664 4421 1797 4476 puer
1843 4415 2029 4476 pastor

429 4494 608 4548 ovium
640 4494 782 4549 inter
812 4494 1003 4550 fratres
1027 4506 1184 4574 actate
1210 4495 1408 4563 minor,
1439 4497 1636 4568 virtuze
1662 4483 2021 4569 prmStantior,

429 4602 459 4637 a
493 4585 734 4672 Doittinu:
757 4587 810 4642 in
865 4573 1097 4662 regnum
1122 4600 1361 4666 vocatus,
1408 4605 1446 4674 a1
1467 4573 1727 4660 propheta
1760 4594 1810 4646 in
1842 4608 2023 4662 regem

2134 1995 2237 2060 rio,
2272 1993 2516 2062 paternis
2551 1990 2753 2046 meritis
2785 1990 2974 2059 impar,
3020 1988 3247 2044 dilectus
3274 2003 3302 2041 a
3337 1987 3465 2051 Deo,
3509 1986 3727 2051 sapiens

2133 2086 2187 2141 in
2210 2085 2435 2157 judicio,
2463 2085 2514 2138 in
2553 2083 2817 2138 sententia
2839 2083 3034 2151 justus,
3064 2082 3316 2152 paciticus
3344 2080 3394 2134 in
3421 2094 3605 2148 regno.
3633 2077 3735 2145 Qui

2132 2180 2376 2250 poposcit
2408 2178 2559 2250 167
2593 2175 2936 2248 sap'entiam,
2987 2189 3041 2229 et
3101 2175 3429 2244 impetravit,
3465 2181 3520 2228 ut
3570 2172 3738 2226 sciret

2132 2271 2540 2340 dispositionem
2577 2269 2723 2324 orbis
2754 2277 3039 2334 terrarum,
3083 2275 3138 2321 et
3169 2266 3395 2321 virtutes
3436 2265 3734 2320 elemento-

2132 2379 2278 2431 rutn,
2309 2376 2526 2418 naturas
2553 2361 2886 2427 animalium,
2934 2370 2990 2416 et
3036 2359 3390 2429 cogitationes
3430 2357 3729 2412 bominuru.

2202 2458 2293 2514 60.
2330 2457 2426 2513 llic
2456 2471 2668 2527 quoque
2711 2471 2891 2511 mores
2935 2455 3258 2524 composuit,
3305 2467 3484 2508 rerum
3517 2461 3736 2506 naturas

2133 2551 2354 2621 reperit,
2371 2560 2704 2606 sacramenta
2717 2547 2912 2603 Christi
2932 2555 2986 2602 et
3003 2545 3255 2601 Ecclesia
3279 2543 3552 2601 revelavit.
3570 2542 3738 2614 Cujus

2135 2643 2390 2714 principia
2431 2643 2565 2696 bona
2609 2641 2846 2703 luerunt,
2878 2639 3171 2694 novissima
3209 2652 3338 2694 vero
3368 2636 3531 2694 mala.
3573 2637 3732 2701 Nam,

2134 2745 2257 2808 post
2287 2735 2575 2790 multarum
2617 2735 2874 2787 virtutum
2905 2730 3166 2802 gloriam,
3200 2745 3384 2786 amore
3413 2729 3747 2799 depravatus.

2134 2831 2387 2894 femineo,
2420 2839 2471 2883 cl
2495 2837 2770 2897 acceptam
2803 2825 3122 2900 sapientiam
3157 2824 3409 2895 perdidit,
3447 2834 3501 2880 et
3536 2824 3586 2878 in
3613 2839 3736 2893 pro-

2134 2925 2354 2979 fundum
2392 2922 2706 2977 idololatriae
2735 2921 2908 2976 ﬂenda
2941 2921 3094 2976 ruina
3124 2918 3404 2975 demersus
3443 2927 3543 2974 est.
3591 2919 3734 2986 Qua-

2131 3016 2372 3086 draginta
2403 3015 2558 3070 annis
2588 3015 2852 3084 regnavit,
2885 3014 3269 3085 quinquaginta
3293 3021 3349 3068 et
3373 3013 3580 3069 doubus
3607 3022 3739 3067 tcta-

2137 3122 2245 3166 tetn
2289 3109 2516 3180 peregit.
2570 3109 2772 3164 Dehine
2820 3110 2978 3164 tinem
3033 3108 3258 3177 imperio
3305 3117 3362 3163 et
3405 3107 3529 3162 vitm
3567 3105 3734 3171 dedit,

2133 3203 2480 3274 sepultusque
2503 3211 2586 3257 est
2615 3200 2665 3256 iu
2689 3201 2906 3256 civitate
2950 3201 3114 3268 patris
3135 3201 3217 3253 sui
3250 3198 3586 3254 Bethlehem.

2705 3293 2933 3350 CAPUT
2979 3290 3196 3346 XXXV.

2209 3392 2298 3446 6|.
2332 3389 2473 3446 Elias
2494 3390 2780 3444 Tlieshitcs
2812 3389 3065 3443 sacerdos
3083 3400 3308 3455 trtagnus
3330 3394 3491 3454 atque
3513 3382 3736 3453 prophe-

2140 3495 2210 3552 ta,
2243 3485 2514 3540 babitator
2534 3482 2860 3546 solitudinis,
2904 3481 3006 3536 Iide
3039 3480 3248 3550 plenus,
3285 3479 3569 3532 devotione
3589 3492 3736 3531 sum-

2136 3593 2274 3643 nius,
2302 3577 2354 3632 in
2386 3577 2658 3632 laboribus
2707 3576 2884 3640 l‘ortis,
2921 3572 3177 3628 industria
3212 3571 3405 3633 solers,
3441 3567 3726 3624 execllcnti

2135 3674 2187 3728 in
2196 3693 2215 3740 ;:
2227 3673 2349 3728 cuiu
2373 3670 2649 3740 praeditus,
2674 3668 2726 3723 in
2746 3669 3133 3724 exercitatione
3151 3665 3451 3733 disciplina)
3475 3673 3732 3730 structus,

2137 3768 2189 3823 in
2217 3777 2402 3822 sancta
2444 3763 2794 3820 meditatione
2829 3761 3101 3828 assiduus,
3135 3769 3389 3828 metuque
3424 3757 3610 3812 mortis
3650 3756 3732 3810 in-

2145 3860 2402 3930 trepidus,
2444 3855 2749 3913 verberavit
2795 3863 3070 3926 tyrannos,
3118 3853 3409 3921 sacrilegos
3441 3847 3729 3913 interfecit,

2135 3953 2418 4021 multisque
2441 3949 2612 4019 signis
2626 3949 2880 4003 virtutum
2899 3946 3116 4000 cllulsit.
3134 3941 3370 3999 Trlcnnii
3388 3956 3619 4012 namque
3632 3940 3736 3996 sic-

2133 4047 2291 4100 citate
2309 4046 2502 4099 clausit
2519 4043 2778 4099 imbribus
2789 4043 3004 4097 cmlum.
3024 4039 3207 4096 Oravit
3223 4055 3456 4105 rursum,
3472 4047 3522 4092 et
3537 4037 3733 4098 coelum

2133 4138 2285 4193 dedit
2317 4141 2544 4207 pluvias,
2580 4143 2956 4204 mortuumque
2982 4133 3226 4188 mulieris
3247 4132 3415 4187 lilium
3437 4128 3730 4185 suscitavit.

2203 4227 2293 4283 δὲ.
2322 4229 2486 4298 Cujus
2530 4231 2728 4282 virtute
2769 4227 2956 4297 hydria
3007 4225 3194 4280 farinae
3246 4239 3351 4279 non
3393 4220 3610 4287 defecit,
3641 4235 3735 4274 vas

2131 4322 2235 4378 olei
2299 4330 2559 4393 perpetuo
2624 4320 2770 4376 fonte
2828 4319 3085 4375 manavit.
3133 4317 3298 4380 Cuius
3350 4316 3516 4372 verbo
3573 4330 3736 4386 super

2129 4416 2448 4470 sacriﬁcium
2478 4415 2613 4484 ignis
2638 4413 2708 4469 de
2757 4413 2898 4469 caelo
2924 4412 3222 4468 descendit.
3281 4411 3377 4466 llic
3404 4409 3542 4465 duos
3580 4408 3737 4478 quin-

2130 4507 2487 4578 quagenarios
2520 4521 2640 4561 cum
2691 4507 2950 4561 militibus
2992 4503 3202 4560 ccelesti
3249 4503 3373 4573 igne
3412 4499 3727 4557 combussit.

2131 4605 2418 4660 Iordanem
2480 4606 2749 4661 transiens
2782 4646 2796 4670 ,
2855 4613 2998 4660 tactu
3050 4604 3266 4660 melotis
3315 4602 3548 4666 abrupit.
3606 4595 3735 4650 Post

428 4689 641 4760 unctus,
675 4667 896 4768 belliger
921 4667 1156 4754 iuvenis,
1193 4681 1246 4735 in
1275 4667 1578 4737 certamine
1619 4683 1931 4755 singularis,
1966 4687 2017 4742 in

2143 4714 2284 4768 igneo
2311 4714 2470 4753 curru
2499 4699 2550 4752 in
2574 4698 2769 4752 coelum
2794 4708 2978 4767 raptus
3010 4697 3270 4757 ascendit,
3299 4697 3559 4745 venturus
3580 4690 3736 4757 juxta

431 4757 705 4840 triumpho
737 4757 1024 4846 gloriosus,
1065 4775 1330 4850 vincendo
1363 4759 1675 4848 veteranus,
1730 4779 1938 4848 patiens
1966 4781 2022 4836 in

428 4862 692 4934 adversis,
727 4862 959 4946 prudens
1008 4867 1060 4918 in
1113 4867 1386 4946 periculis,
1425 4868 1476 4937 in
1526 4880 1748 4939 peccato
1800 4874 2027 4942 preprio

432 4955 644 5020 dolens,
679 4957 730 5032 in
764 4955 941 5011 alieno
974 4957 1163 5026 limere
1191 4962 1399 5032 lugens,
1432 4977 1637 5032 pronus
1668 4965 1733 5016 ad
1763 4965 2029 5034 pmnitcn-

427 5047 581 5114 tiam,
619 5037 871 5102 vclox'ad
902 5051 1134 5128 veniam.
1169 5045 1230 5120 in,
1267 5054 1525 5126 convicio.
1558 5056 1732 5122 mitis,
1767 5055 1832 5110 ad
1866 5057 2026 5112 mise-

428 5135 717 5215 riciirdiant
749 5143 940 5218 I'acilis.

499 5231 590 5289 57.
608 5233 706 5301 Qui
727 5233 1000 5306 inimicum
1023 5250 1221 5310 regem,
1239 5237 1361 5294 dum
1384 5251 1585 5310 posset,
1604 5240 1894 5312 innocuum
1913 5260 2018 5302 non

432 5331 635 5378 tantum
660 5329 952 5400 reservavit
978 5328 1250 5408 traditum,
1272 5332 1363 5402 sed
1388 5333 2013 5393 etvindicavitomisum.

626 5438 1116 5522 [:audatlsidopus,
1149 5444 1287 5522 quod
1321 5445 1513 5522 Jephte
1561 5449 1731 5522 lidelis
1778 5449 1828 5504 iu
1887 5465 2015 5521 pro-

428 5507 611 5564 missis
639 5510 799 5582 Iiliarn
833 5507 1206 5570 monasterii.
1239 5519 1368 5582 Qum
1386 5507 1711 5575 'scii'tentiaa
1745 5507 2016 5577 nonnullis

428 5582 633 5665 sanctis
655 5579 1425 5665 Patribusrecentioribusque
1469 5592 1730 5665 trlieoI‘Ogis
1766 5593 2010 5665 probata,

428 5656 746 5730 testimonio
764 5656 944 5730 sancti
966 5656 1130 5730 Pauli,
1171 5656 1436 5727 llehr.'xr,
1467 5662 1554 5728 δὲ,
1581 5656 1675 5730 '55,
1708 5656 2015 5718 conﬁrmari

428 5719 626 5804 pateat.
649 5719 815 5804 Atilio
831 5719 962 5804 alias
979 5719 1173 5804 abeunt
1191 5741 1284 5786 seu
1295 5719 1513 5804 tentias},
1543 5719 1737 5804 iptgc'ex
1747 5744 2018 5802 ponuntur

429 5803 462 5843 a
475 5789 742 5874 qalntethi
755 5798 961 5874 erudita
979 5799 1360 5874 Dissertatioue
1372 5789 1814 5874 de_VutitJepliie.
1841 5806 2013 5862 Ansv.

501 5859 589 5918 55.
617 5864 728 5936 Ah,
759 5864 892 5926 inter
920 5867 1080 5942 sam,
1101 5879 1150 5941 et
1168 5865 1408 5934 Ertkajot.
1432 5863 1564 5932 δυάς
1588 5859 1694 5933 m'.
1722 5859 1891 5933 rm;

2132 4791 2449 4846 lllalachiatn
2492 4793 2806 4862 prophetam
2840 4791 2892 4840 in
2927 4793 3030 4842 nne
3061 4787 3271 4852 mundi,
3317 4799 3381 4840 ac
3429 4796 3732 4854 prrecessu-
3799 4859 3802 4862 ν

2129 4897 2220 4938 rus
2259 4883 2558 4945 Christum,
2604 4878 2946 4933 numiaturus
2999 4879 3246 4932 ultimum
3277 4876 3393 4947 ejus
3442 4875 3731 4931 adventum
3799 4865 3810 4875 “

2127 4987 2250 5028 cum
2295 4972 2504 5042 magnis
2540 4971 2827 5026 virtutibus
2876 4971 3241 5042 prodigiisque
3288 4969 3606 5039 signorum:
3658 4966 3733 5020 ita

2128 5073 2185 5117 ut
2214 5062 2374 5117 etiam
2405 5064 2455 5118 in
2493 5073 2634 5118 terra
2663 5062 2862 5117 bellum
2892 5071 3040 5130 gerat
3071 5059 3435 5117 Antichristus
3463 5059 3727 5113 adversus

2127 5169 2271 5222 eum,
2304 5156 2388 5210 vel
2433 5155 2523 5225 qui
2558 5169 2678 5210 cum
2726 5170 2793 5210 eo
2832 5163 3093 5209 venturus
3141 5164 3245 5221 est,
3277 5159 3333 5208 et
3369 5151 3578 5208 occidet
3612 5163 3732 5218 eos,

2128 5248 2389 5304 cadavera
2414 5262 2628 5318 quoque
2655 5263 2840 5304 eorum
2869 5247 2922 5303 in
2947 5248 3140 5317 plateis
3163 5247 3432 5317 insepulta
3451 5245 3728 5316 iacebunt.

2197 5341 2289 5398 63.
2322 5341 2530 5398 Dehinc
2559 5341 2800 5398 suscitati
2841 5355 2870 5394 a
2903 5339 3129 5395 Domino
3159 5354 3385 5409 regnum
3417 5335 3734 5396 Antichristi

2195 5453 2284 5510 60.
2313 5455 2530 5510 Cantica
2555 5454 2900 5510 Canticorum
2948 5451 3159 5509 videtur
3201 5453 3426 5510 innuere
3467 5453 3728 5518 Isidorus,
3763 5472 3765 5475 ·

2122 5525 2249 5582 dum
2301 5527 2375 5581 ait
2401 5527 2746 5583 Salomonem
2775 5538 3113 5582 sacramenta
3141 5525 3344 5582 Christi
3375 5537 3432 5582 et
3462 5527 3724 5581 Ecclesia:

2122 5600 2416 5653 revelasse.
2441 5601 2611 5652 Antav.

2195 5669 2284 5723 (μὲ.
2318 5667 2574 5722 Adversus
2606 5685 2742 5736 eum,
2774 5669 2853 5724 vel
2877 5670 2964 5739 qui
2989 5685 3108 5724 cum
3137 5687 3196 5730 eo
3221 5685 3241 5726 :
3273 5669 3374 5724 hoc
3404 5677 3505 5738 est,
3535 5665 3730 5739 adver-

2123 5753 2358 5813 suseuin
2391 5739 2545 5813 etqui
2567 5733 2766 5795 cuine—0
2787 5733 2956 5808 ;"n:im
2983 5740 3060 5796 vel
3089 5753 3186 5813 pro
3217 5751 3262 5796 et
3294 5733 3726 5813 poniiu‘r.__A_,nsv.

2195 5809 2284 5864 65.
2318 5803 2705 5878 'l'ertullianus,
2730 5803 2824 5868 lib.
2851 5813 2921 5868 de
2951 5803 3165 5880 Anirria,
3209 5828 3259 5866 c.
3431 5807 3502 5880 cla
3527 5805 3638 5880 50,_
3661 5803 3730 5880 (l6

2138 5879 2252 5936 Elia
2283 5890 2336 5939 et
2362 5881 2583 5940 Ilenoclt
2629 5901 2641 5938 :
2685 5872 2928 5942 διυγίαινε
2978 5872 3305 5964 reservantur
3331 5877 3336 5882 ’
3366 5885 3418 5934 ut
3471 5872 3728 5964 .lplif’tt'i-
