4056 6350
304 339 401 406 ﬁt

1475 336 1564 392 DE
1603 335 1786 394 011τῦ
1827 336 1914 394 ΕΤ
1953 339 2157 404 OBITU
2200 340 2528 396 8111111111.-

3478 352 3586 420 ita

301 449 456 519 plaga
481 463 670 518 magna
704 449 861 530 168
880 447 1199 518 percutient.
1223 447 1353 503 Post
1375 446 1489 503 hcce
1509 449 1684 504 veniet
1716 450 1896 511 Domi—
1923 457 1972 516 Α
2003 455 2188 520 terius,
2218 455 2306 522 qui
2333 455 2493 511 simili
2539 463 2875 523 nuncupatus
2903 467 2985 512 est
3033 461 3280 522 nomine:
3316 462 3405 520 ille
3431 467 3574 522 enim

302 557 423 608 nus,
455 550 508 595 et
535 539 820 595 interiit-iet
840 540 1224 595 Antichristutn
1254 540 1430 609 gladio
1453 541 1562 596 oris
1589 543 1692 608 sui,
1724 554 1778 597 et
1807 558 1900 600 eos

302 637 390 703 qui
438 625 802 690 adoraveru‘nt
857 650 1000 690 eum.
1057 633 1125 689 Et
1184 635 1424 704 regnabit
1479 637 1734 692 Dominus
1775 653 1897 692 cum

303 728 557 788 omnibus
586 729 790 782 sanctis
812 726 923 781 suis
951 727 1001 780 in
1033 727 1203 798 gloria
1232 727 1573 798 sempiterna.

373 819 460 874 64.
501 804 652 873 Item.
693 819 834 874 Elias
858 818 1138 892 Thesbites
1162 817 1227 874 de
1252 829 1391 874 terra
1423 819 1682 884 Arabum,
1711 819 1777 875 de
1801 829 1900 875 trt-

299 911 370 965 b'u
404 913 607 978 Aaron,
654 928 775 968 cum
817 921 962 968 esset
993 911 1044 966 in
1093 921 1243 967 utero
1292 914 1476 967 matris
1507 928 1617 968 sure
1648 912 1896 982 Galaath,

300 1003 476 1058 Sobae
523 1014 674 1074 pater
719 1004 835 1075 ejus
883 1004 1150 1059 somnium
1202 1003 1357 1069 vidit,
1396 1003 1537 1073 quod
1586 1017 1898 1062 nascentem

299 1097 476 1152 Eliatu
509 1097 608 1151 viri
642 1082 897 1172 candidis
941 1085 1178 1152 vestibus
1227 1096 1567 1162 salutabant,
1621 1097 1899 1168 igneisqtte

295 1206 418 1245 eum
452 1190 788 1246 veStimcntis
819 1190 925 1263 [AL
959 1189 1182 1262 institis]
1209 1191 1582 1256 obvolvebant,
1612 1200 1769 1263 atque
1802 1207 1899 1262 pro

295 1283 419 1337 cibo
437 1284 614 1353 ignem
641 1285 689 1338 ei
714 1283 781 1338 ad
810 1283 1153 1351 nutriendum
1173 1283 1668 1339 subministrabant.
1689 1285 1800 1340 Hoc
1821 1287 1901 1340 vi-

295 1391 414 1434 sunt
467 1386 622 1448 pater
659 1376 776 1452 ejus
823 1376 1096 1447 prophetis
1153 1378 1205 1432 in
1239 1377 1589 1449 Jerosolymis
1619 1378 1897 1447 indicavit,

294 1460 507 1540 hocque
532 1469 599 1522 ab
625 1470 706 1524 eis
739 1455 943 1540 accepit
991 1483 1345 1538 responsum:
1385 1467 1460 1524 Ne
1508 1471 1772 1538 timueris,
1813 1470 1896 1527 in-

293 1563 510 1631 quiunt,
549 1563 652 1617 erit
695 1549 833 1616 enim
865 1545 1011 1616 natio
1040 1549 1169 1632 ejus
1200 1563 1402 1630 lumen,
1433 1564 1758 1635 verbumque
1781 1565 1900 1635 ejus

295 1657 417 1710 fixis
439 1656 737 1711 sententiis.
765 1655 1035 1716 Judiczibit
1050 1657 1190 1712 enim
1213 1656 1372 1714 Israel
1397 1657 1450 1713 in
1474 1656 1649 1729 gladio
1671 1665 1727 1714 et
1746 1659 1887 1730 igne.

831 1748 1062 1826 eaeor
1115 1749 1354 1805 xxxvr

2003 563 2068 608 ex
2091 563 2311 606 numero
2342 559 2614 619 pastorum
2646 550 2746 604 fuit
2766 551 2833 606 de
2865 551 3061 621 oppido
3087 553 3320 621 Tbecue,
3355 557 3441 612 ltie
3483 573 3581 614 au-

2005 648 2108 714 tem
2139 653 2338 710 genere
2360 639 2526 695 nobili
2555 650 2707 696 ortus
2737 641 2790 695 in
2831 641 3127 698 Jerusalem
3155 661 3170 710 ;
3215 660 3373 714 quem
3418 648 3608 705 etiatn'

2003 731 2149 792 aiunt
2180 729 2388 784 IIebrrci
2415 746 2658 788 socerum
2690 730 2858 790 fuisse
2897 734 3158 791 Manasse.
3210 736 3266 792 In
3294 754 3402 808 quo
3435 748 3580 800 tanta

2005 823 2099 878 ftiit
2126 824 2424 878 sanetitatis
2451 833 2504 896 et
2542 826 2663 880 vita:
2693 826 3038 893 excellentia,
3073 838 3131 883 ut
3173 845 3331 894 unam
3377 842 3580 888 tantum

2003 915 2211 970 dicatur
2238 916 2489 992 habuisse
2519 918 2749 972 tunicam
2770 958 2787 985 ,
2816 929 2868 974 et
2899 922 3035 975 hanc
3059 921 3346 987 cilicinam,
3374 940 3611 995 quaque,

2004 1008 2163 1063 etiam
2198 1007 2532 1077 postmodum
2560 1023 2654 1079 pro
2681 1009 2879 1065 delicto
2927 1012 3107 1080 populi
3146 1013 3377 1082 abjecta,
3425 1001 3582 1071 sacco

2004 1099 2239 1180 membra
2280 1100 2576 1168 cooperuit.

2031 1241 2034 1244 Α
2075 1192 2162 1246 70.
2192 1192 2322 1257 Sed,
2345 1200 2397 1248 et
2423 1193 2522 1247 hoc
2541 1193 2606 1248 ad
2629 1203 2924 1250 extremum
2940 1195 3202 1267 deposito.
3223 1197 3374 1267 juxta
3402 1201 3586 1275 1901111-
3609 1261 3614 1266 _

2005 1286 2057 1346 ni
2095 1285 2373 1356 imperium
2418 1286 2561 1342 nudo
2598 1301 2824 1356 corpore
2854 1289 3095 1359 nudoque
3121 1292 3348 1362 vestigio
3377 1293 3432 1358 in
3453 1308 3582 1350 eon-
3611 1336 3616 1352 ,

2002 1386 2164 1433 ventu
2198 1377 2509 1447 populorum
2541 1387 2782 1434 versatus
2806 1388 2910 1444 est,
2928 1381 3110 1452 sicque
3139 1383 3402 1442 fervorem
3431 1387 3582 1448 testia

2002 1486 2128 1526 vum
2173 1470 2467 1541 hiemisque
2507 1471 2722 1542 pruinas
2762 1482 2920 1543 atque
2965 1475 3210 1536 imbrium
3243 1486 3584 1549 tempestates

2002 1562 2274 1628 sustinuit,
2317 1572 2394 1629 ut,
2444 1572 2498 1618 et
2548 1564 2640 1619 Dei
2695 1567 2972 1635 praeceptis
3003 1566 3262 1636 obediret,
3313 1577 3368 1626 et
3403 1571 3584 1644 pepuli

2003 1653 2306 1725 deploraret
2333 1655 2544 1711 delicta.

2075 1749 2165 1804 71.
2200 1750 2297 1805 [lie
2326 1750 2627 1822 quindecim
2655 1751 2908 1822 gradibus
2937 1752 3311 1811 ascendentem
3340 1756 3584 1812 umbram

368 1843 455 1898 65.
484 1843 709 1899 Elisreus
736 1843 869 1902 Elite
891 1845 1198 1915 discipulus,
1224 1863 1288 1901 ex
1318 1846 1448 1902 Abel
1486 1845 1652 1902 Meula
1670 1846 1889 1918 Oppido,
1925 1856 1974 1918 Β
2001 1842 2474 1900 retrodescendere
2518 1844 2696 1913 jUSSII.
2734 1843 2902 1913 Hujus
2944 1847 3160 1900 oraculo
3191 1863 3283 1902 rex
3329 1848 3586 1906 Ezechias

292 1951 363 1990 ex
391 1936 531 1990 tribu
560 1937 770 2004 Ruben,
803 1939 853 1992 in
883 1937 1034 2008 cujus
1070 1947 1188 1994 ortu
1211 1955 1370 1994 aurea
1391 1940 1549 1995 vitula
1583 1941 1634 1995 in
1659 1939 1893 2012 Ga'galis

293 2032 558 2101 mugitum
579 2032 748 2100 dedit,
771 2033 995 2104 ejusque
1024 2049 1130 2096 vox
1165 2036 1216 2090 in
1243 2035 1538 2092 Jerusalem
1565 2038 1885 2108 personavit.

292 2119 446 2176 Tunc
469 2122 684 2191 quidam
711 2139 980 2196 praesagus
1006 2134 1151 2182 vates
1165 2126 1626 2197 prazdixitzllodie
1657 2127 1706 2184 in
1729 2127 1890 2184 Israel

291 2224 452 2271 natus
475 2228 556 2272 est
595 2218 872 2290 propheta,
907 2220 992 2289 qtti
1027 2228 1215 2274 cuncta
1245 2235 1430 2275 eorum
1463 2220 1701 2276 deSIruet
1725 2219 1883 2276 idola.

329 2295 457 2364 ‘66.
515 2309 613 2364 llic
671 2311 885 2382 gemino
938 2307 1067 2364 Eliae
1126 2309 1450 2381 glorificatus
1504 2311 1716 2381 spiritu,
1768 2311 1888 2382 plu-

290 2397 445 2456 rimis
483 2408 646 2472 atque
703 2404 908 2471 magnis
947 2402 1196 2457 virtutum
1255 2402 1421 2488 signis
1474 2405 1707 2459 emicuit.
1768 2403 1888 2460 Jor-

289 2493 486 2548 dauem
520 2496 743 2552 transitu
771 2510 869 2550 suo
899 2494 1144 2561 divisum,
1180 2495 1464 2551 refrenatis
1500 2495 1678 2563 undis,
1730 2505 1880 2553 retro

288 2588 602 2662 convertit;
627 2603 792 2658 aquas
827 2587 1042 2660 Jericbo
1077 2589 1304 2658 steriles,
1345 2589 1592 2645 demerso
1645 2589 1883 2656 vasculo,

291 2679 361 2734 ad
397 2679 775 2737 fecunditatem
817 2682 1108 2753 perduxit;
1158 2699 1351 2751 pueros
1409 2685 1723 2748 insultantes
1769 2681 1878 2739 sibi

289 2763 460 2829 vérbn
488 2775 706 2831 tradidit
735 2778 918 2832 bestiis
963 2787 1180 2847 repente
1217 2778 1482 2834 vorandos
1510 2795 1523 2844 ;
1555 2779 1874 2850 sanguineas

292 2879 461 2935 aquas
493 2871 543 2922 in
575 2884 760 2924 necem
789 2869 1020 2924 hostium
1052 2871 1338 2925 decurrere
1382 2870 1507 2925 fecit
1535 2889 1546 2924 :
1594 2871 1730 2926 inter
1759 2871 1873 2928 hate

290 2961 533 3016 sterilem
564 2966 964 3033 conceptionem
992 2963 1156 3019 verbo
1186 2963 1506 3031 fecundavit,
1564 2963 1787 3033 ejusque
1817 2963 1878 3019 fi-

290 3051 718 3110 litttnmortunm
744 3055 1322 3130 suscitavit;ciborum
1368 3064 1628 3127 temperat
1675 3055 1880 3119 amari.-

2000 1935 2189 1990 mortis
2233 1934 2542 1990 dilationem
2579 1937 2896 2006 promeruit.
2927 1936 3076 1994 llunc
3106 1948 3281 1994 autem
3312 1940 3583 1998 Manasses

1994 2035 2273 2081 extensum
2331 2043 2360 2081 a
2409 2027 2611 2082 vertice
2662 2042 2757 2099 per
2784 2028 3038 2084 °medium
3076 2029 3267 2097 secuit,
3310 2035 3584 2104 atrocique

1991 2119 2254 2188 supplicio
2286 2119 2644 2174 excruciatum
2674 2119 2947 2175 exstinxit.

2039 2214 2152 2268 '72.
2176 2213 2416 2269 Tradunt
2440 2222 2614 2267 autem
2657 2213 2861 2269 IIebrtei
2894 2215 3096 2271 duabus
3119 2232 3182 2271 ex
3217 2217 3391 2271 causis
3418 2217 3584 2273 inter-

1988 2307 2187 2362 fectum
2212 2305 2374 2362 fuisse
2397 2307 2554 2384 17o
2571 2306 2754 2360 lsaiam
2777 2324 2789 2360 :
2811 2322 2933 2374 una,
2951 2308 3090 2379 quod
3115 2323 3208 2363 eos
3234 2311 3581 2380 appellaverit

1990 2398 2261 2469 principes
2282 2400 2637 2454 Sodomorum
2667 2407 2723 2454 et
2768 2399 3019 2469 pupulum
3065 2400 3407 2469 Gomorrhte;
3442 2403 3580 2459 alte-

1990 2506 2067 2557 ra,
2101 2493 2261 2562 quod,
2296 2500 2525 2548 testante
2568 2494 2791 2548 Domino
2816 2493 2883 2550 ad
2919 2492 3154 2568 Moysem
3183 2512 3196 2549 :
3223 2494 3345 2549 Non
3390 2494 3578 2563 poteris

1988 2583 2156 2639 videre
2192 2585 2375 2654 faciem
2414 2601 2594 2651 meam,
2639 2586 2738 2640 iste
2766 2601 2925 2640 ausus
2963 2598 3043 2642 est
3081 2588 3418 2642 exclamare:
3462 2586 3582 2641 Vidi

1991 2673 2267 2727 Dominum
2320 2674 2575 2728 sedentem
2610 2690 2764 2742 super
2801 2677 2987 2729 solium
3039 2677 3291 2736 excelsum
3332 2687 3376 2731 et
3407 2678 3582 2731 eleva-

1988 2774 2131 2831 tum;
2188 2781 2294 2820 non
2351 2765 2840 2821 animadvertentes
2889 2770 3071 2822 ezecati
3132 2777 3310 2822 mente
3363 2766 3573 2833 Judmi,

1988 2856 2129 2926 qtiod
2185 2857 2238 2912 in
2294 2860 2635 2926 sequentibus
2702 2857 2890 2913 faciem
2943 2867 2993 2914 et
3049 2859 3210 2928 pedes
3264 2859 3355 2913 Dei
3410 2858 3571 2914 Sera-

1987 2950 2136 3021 pliitn
2179 2952 2376 3006 texisse
2405 2961 2743 3018 narraverat,
2777 2965 2839 3006 ac
2887 2949 3062 3005 media
3102 2959 3306 3004 tantum
3343 2949 3458 3021 ejus
3490 2950 3574 3004 vi-

1989 3043 2135 3099 disse
2182 3045 2439 3114 propheta
2488 3043 2737 3098 ascribat.
2793 3043 2944 3098 .Iacet
2998 3043 3098 3098 sub
3129 3057 3325 3112 quercu
3383 3041 3568 3112 Ragel,

294 3146 564 3217 mdincm’
598 3149 754 3223 169
783 3149 1012 3219 denique
1044 3166 1110 3205 ex
1139 3149 1323 3207 decem
1359 3145 1582 3220 panibus
1616 3149 1767 3218 plebe
1798 3165 1883 3206 re-
1982 3135 2135 3207 juxta
2189 3135 2448 3191 decursus
2500 3151 2778 3206 aquarum,
2810 3150 2942 3206 quas
2989 3135 3241 3192 Ezechias
3295 3151 3384 3191 rex
3435 3135 3572 3191 Jud-a

291 3237 433 3293 fecta
466 3235 973 3312 reliquiascollegit.

366 3331 459 3387 67.
493 3332 561 3386 Et
603 3331 833 3386 Naaman
865 3333 1026 3402 lepra:
1059 3332 1391 3404 stigmatibus
1414 3330 1888 3396 .avacro.ordanis

289 3426 585 3494 purgavit;
619 3424 762 3494 lepra
794 3441 1004 3497 quoque
1033 3425 1372 3482 maledictum
1401 3428 1629 3494 aspersit
1657 3425 1887 3494 discipu-
1923 3437 1926 3440 ‘

289 3519 404 3573 lum
425 3536 438 3570 :
456 3517 657 3575 ferrum
679 3519 878 3575 securis
903 3520 953 3573 in
967 3518 1198 3575 Iordane
1217 3535 1466 3578 mersum.
1486 3520 1625 3588 ligno
1648 3519 1699 3574 in
1725 3534 1887 3590 aquas

292 3614 487 3679 niiSso,
501 3624 845 3683 supernatare
862 3614 999 3669 fecit.
1026 3613 1214 3670 Hostes
1226 3614 1394 3686 Syriae
1414 3616 1650 3670 caecitate
1668 3605 1885 3683 percus-

289 3705 387 3771 sit,
418 3718 646 3761 mortem
675 3707 949 3763 incredulo
981 3707 1244 3779 pra-dixit,
1280 3689 1486 3778 fragore
1510 3710 1882 3778 quadrigarum

291 3798 500 3870 fugavit
529 3789 760 3864 hostem,
789 3799 1118 3855 obsidionem
1147 3801 1419 3870 dispersit,
1455 3801 1648 3855 fantem
1674 3803 1882 3870 repulit.

371 3891 462 3947 68.
498 3892 775 3948 Postremo
807 3903 924 3963 post
954 3903 1178 3960 mortem
1215 3893 1476 3949 exanimis
1516 3892 1762 3948 cadaveri
1811 3893 1888 3947 vi-

295 3994 407 4061 tam
432 3981 599 4038 dedit.
635 3983 796 4054 Cujus
829 3983 1326 4061 sepulcrumusque
1364 3983 1522 4037 hodie
1557 3985 1605 4037 in
1644 3983 1886 4039 Sebastia

294 4057 517 4130 civitate
547 4076 845 4132 ostenditur
870 4078 1071 4133 honore
1108 4059 1236 4131 satis
1269 4075 1505 4149 dignum,
1532 4084 1585 4132 et
1605 4074 1762 4146 digna
1793 4073 1890 4130 ha.

293 4157 467 4224 bitum
497 4168 858 4226 veneratioiie.

830 4261 1057 4319 CAPUT
1097 4261 1357 4318 XXXVII.

337 4428 340 4430 _
372 4353 462 4410 69.
494 4355 657 4410 Isaias
682 4355 821 4410 filius
842 4355 1029 4422 Amos,
1057 4371 1162 4409 non
1187 4356 1350 4409 Amos
1374 4353 1668 4425 prophetae,
1692 4355 1786 4410 sed
1801 4355 1882 4411 aI-

1911 3230 1956 3294 C
1991 3229 2133 3288 mole
2159 3239 2462 3286 constructa
2495 3240 2658 3288 terra:
2679 3231 3034 3301 exposuerat.

2498 3347 2721 3404 CAPUT
2765 3346 3052 3406 XXXVIII.

2048 3439 2151 3516 75.
2180 3441 2441 3497 Jeremias
2466 3457 2527 3494 ex
2550 3441 2691 3496 tribu
2711 3441 3021 3495 sacerdotali
3043 3451 3209 3506 ortus,
3233 3440 3283 3494 in
3303 3440 3418 3496 vico
3437 3441 3579 3496 Ana-

1996 3534 2131 3598 tbot,
2157 3534 2240 3604 qui
2265 3544 2347 3590 est
2376 3535 2539 3588 tribus
2562 3532 2794 3589 millibus
2818 3533 2883 3588 ab
2906 3532 3223 3598 Jerusalem,
3249 3534 3496 3586 sacerdos
3525 3533 3578 3587 in

1992 3624 2175 3680 Judtea
2224 3625 2465 3694 pitslllls,
2511 3624 2774 3693 proiiheta
2824 3626 2874 3676 in
2923 3622 3169 3693 gentibus
3214 3631 3579 3690 consecratus,

1990 3723 2275 3783 antequam
2308 3715 2664 3781 plasmaretur
2694 3711 2922 3781 agnitus,
2950 3723 3230 3780 antequam
3265 3709 3577 3778 procederet

1992 3805 2371 3870 satictiliCatus,
2403 3813 2453 3857 et
2483 3813 2538 3856 ut
2560 3803 2707 3870 virgo
2739 3809 3097 3869 permaneret,
3127 3799 3446 3853 admonitus.
3481 3799 3576 3853 llic

1993 3894 2282 3962 prazdicare
2325 3907 2453 3960 puer
2483 3892 2666 3960 etrapit,
2713 3904 2942 3959 arguens
2973 3890 3220 3959 pepuluin
3257 3890 3324 3944 ob
3357 3888 3570 3959 delicta,

1991 3993 2046 4039 et
2074 3984 2267 4052 s.rpius
2296 3984 2581 4038 cohortans
2610 3983 2673 4036 ad
2705 3982 3093 4050 paenitentiam,
3126 3981 3218 4036 sed
3250 3981 3419 4052 plebis
3452 3997 3572 4050 per-

1996 4075 2113 4133 fida:
2143 4078 2409 4132 srevientis
2443 4077 2757 4133 crudelitate
2809 4077 3040 4132 afficitur
3080 4091 3224 4145 saepe
3263 4085 3419 4146 atque
3449 4075 3581 4145 liga-

1997 4177 2100 4234 tur,
2134 4167 2184 4221 in
2217 4181 2483 4223 carcerem
2514 4170 2674 4222 etiam
2706 4167 2951 4232 mittitur,
2984 4167 3261 4237 projicitur
3290 4168 3341 4222 in
3376 4167 3572 4234 lacntn,

1994 4264 2198 4316 catenis
2229 4258 2485 4329 cingitur,
2515 4250 2851 4316 ad'ultimum
2880 4260 3018 4332 apud
3048 4258 3298 4332 Taphnas‘
3327 4260 3380 4315 in
3411 4257 3578 4332 Egy-

1992 4362 2082 4423 pto
2109 4368 2138 4407 a
2186 4353 2379 4423 populo
2419 4352 2704 4423 lapidatur.

296 4510 443 4571 sllth
465 4500 838 4571 sanguinegsuo
863 4499 1208 4571 exstinguitur.
1265 4498 1418 4568 Quod
1466 4498 1662 4571 dehinc
1710 4498 1879 4555 susci-
1906 4499 1960 4563 Β
2057 4495 2146 4553 ἃ9.
2175 4493 2384 4571 Ilebrtei
2414 4503 2669 4571 asserunt
2691 4498 2854 4571 Amos
2877 4496 3252 4571 patremjsaite
3280 4495 3444 4552 fuisse
3469 4497 3575 4552 fra-

301 4569 450 4626 tantli
480 4569 636 4624 erunt
662 4588 692 4626 a
720 4569 970 4636 Domino,
1004 4569 1063 4624 u't
1090 4585 1306 4640 regnum
1342 4569 1654 4626 Antichristi
1686 4585 1877 4640 magna

300 4641 453 4710 plaga
483 4642 802 4712 percutiant,
838 4640 1061 4712 fortasse
1099 4657 1200 4712 non
1244 4639 1350 4694 alio
1399 4641 1639 4695 innititur
1693 4639 1879 4694 funda-

298 4723 507 4776 mento,
536 4711 636 4765 nisi
672 4712 751 4763 his
772 4711 952 4766 verbis
971 4711 1305 4766 Tertulliani.
1333 4714 1549 4766 Certum
1576 4722 1750 4766 tamen
1773 4719 1877 4777 est,

301 4783 450 4856 quod
477 4781 856 4856 resurgentad
881 4781 1068 4856 gloria:
1100 4784 1568 4856 immortalitatem.
1602 4781 1773 4856 Aa_av._

341 4918 348 4922 _
373 4853 612 4925 64._IIaae
636 4852 1042 4925 addebantur-in
1065 4853 1233 4925 tr_ibns
1253 4855 1650 4925 exeuiplaribus
1675 4851 1882 4916 Isidori,

303 4919 357 4980 et
386 4923 552 4978 habet
578 4923 839 4992 Epiphan.
866 4921 917 4976 in
944 4923 1060 4977 Vita
1093 4919 1243 4976 Eliso.

376 4995 468 5051 65.
511 4994 635 5048 Abel
669 4993 861 5056 Meula,
896 4993 965 5048 Ill
999 4994 1125 5063 lleg.
1159 5009 1271 5047 χιχ.
1324 4993 1449 5048 Abel
1477 4993 1648 5062 illiilli,
1678 4994 1732 5050 in
1766 4993 1890 5064 Epi-
1933 5025 1935 5027 ι

303 5067 525 5135 phanio.
556 5066 680 5119 Abel
700 5064 850 5130 Bucl,
880 5067 934 5125 in
961 5066 1250 5120 Dorotbeo.

376 5137 520 5192 Ibid.
549 5135 604 5188 It't
634 5135 854 5205 Vulgata
874 5136 1123 5190 scribitur
1147 5134 1267 5188 Abel
1292 5135 1514 5190 mehula.
1541 5135 1594 5189 In
1621 5137 1888 5193 Dorotheo

305 5209 470 5280 Tyrio
495 5207 744 5280 mendum
775 5218 856 5280 est
871 5205 1226 5280 Δμεθήσω-1111111111
1261 5222 1366 5280 pro
1402 5224 1463 5262 ea:
1515 5208 1646 5262 tribu
1693 5208 1888 5262 Ruben.

303 5275 636 5348 Opusculnm
667 5275 974 5333 inscribitur
1008 5277 1083 5332 De
1109 5275 1300 5348 structis
1331 5279 1608 5348 prophetis,
1648 5279 1892 5342 apostolis

304 5347 478 5412 etth
508 5348 698 5404 Christi
727 5348 1013 5419 discipulis,
1041 5364 1102 5419 ae
1132 5347 1266 5402 falso
1303 5347 1572 5407 DorOtheo
1599 5352 1891 5418 ascriptum

309 5421 571 5476 creditur.
602 5420 811 5473 [iditum
843 5415 938 5474 fuit
968 5422 1034 5474 ab
1065 5415 1284 5474 Alberto
1316 5419 1564 5475 Fabricio
1593 5415 1894 5477 simulcutn

305 5493 496 5546 Isidori
529 5491 838 5546 etaliorum
885 5491 954 5548 de
1003 5492 1166 5558 simili
1225 5505 1541 5560 argumento
1598 5492 1770 5558 libris,
1803 5493 1894 5562 qui

305 5564 468 5616 etiam
498 5563 642 5616 aliud
665 5577 937 5632 anonymu
959 5582 992 5615 ιι
1021 5564 1334 5629 opusculum
1365 5562 1432 5616 de
1460 5578 1532 5617 xtt
1566 5564 1819 5632 apostolis
1841 5565 1892 5618 iit

311 5632 644 5688 Bibliotheca
669 5633 1030 5692 ecclesias‘itica
1055 5635 1297 5689 inseruit.
1327 5633 1642 5688 Vaticiniutn
1670 5634 1896 5702 praesagi

311 5705 466 5783 vatis,
499 5705 640 5770 quod
673 5703 908 5783 Isidorus
931 5705 1112 5769 refert,
1147 5706 1199 5759 in
1227 5719 1292 5760 eo
1306 5705 1572 5760 .Dorothei
1621 5721 1786 5776 opere
1818 5707 1894 5761 si-

311 5774 518 5828 militer
547 5785 823 5834 narratur.l
851 5782 1021 5832 Auev.
1664 5774 1673 5776 ἡ
1747 5828 1750 5831 ,

385 5843 475 5902 68.
502 5842 827 5915 SebastOpolt'
858 5841 1133 5918 Samaria},
1167 5842 1237 5902 ait
1271 5846 1668 5918 Epiphanius...»

1987 4577 2120 4625 trem
2148 4565 2543 4638 Amasizegregis
2572 4566 2728 4638 Julia.
2760 4567 2827 4622 de
2854 4584 2961 4638 quo
2992 4569 3054 4624 IV
3085 4568 3215 4637 Reg.
3259 4584 3368 4624 xw.

2057 4641 2145 4693 7U.
2175 4640 2253 4692 An
2302 4635 2512 4691 auditas
2552 4637 2696 4692 Isaize
2722 4638 2786 4692 ad
2841 4635 3068 4692 litteram
3117 4635 3424 4709 accipienda
3480 4642 3569 4706 sit,

1987 4709 2253 4766 dissident
2276 4710 2611 4775 interpretes,
2643 4709 2706 4762 ad
2730 4725 2846 4774 cap.
2881 4725 2947 4764 xx
2983 4710 3149 4773 Isaia),
3174 4711 3226 4763 ἓ.
3263 4717 3428 4766 Ληιῖν.

2033 4783 2150 4837 ‘7l.
2200 4782 2391 4835 Isaiam
2431 4794 2578 4835 serra
2630 4795 2722 4848 per
2774 4781 3005 4838 medium
3062 4791 3288 4845 sectum,
3323 4790 3573 4836 coiiStans

1989 4853 2207 4910 traditio
2235 4863 2475 4907 veterum
2505 4860 2607 4906 est.
2665 4850 2795 4910 Vide
2837 4852 3134 4908 Calmetunt
3185 4853 3237 4907 in
3288 4852 3571 4908 Dissertat.

1989 4926 2054 4979 de
2086 4921 2357 4992 suppliciis
2386 4921 2728 4992 IIebrteorum
2773 4921 2839 4977 ad
2884 4921 3354 4990 Deuterononium,
3415 4937 3467 4992 et
3519 4925 3571 4976 in

1989 4983 2387 5060 Prolegomenis
2411 4993 2475 5046 ad
2500 4991 2708 5046 Isaiam.
2746 4993 2915 5047 AREV.
3340 4983 3352 4990 ’
3405 4983 3468 5008 ’¹”“

2044 5065 2151 5118 τη.
2183 5064 2443 5118 Traduut.
2485 5065 2698 5132 Drigen.
2741 5063 2793 5117 in
2824 5062 3034 5126 Isaiam.
3069 5076 3120 5119 et
3155 5066 3460 5132 llieronym.

2071 5134 2209 5189 Ibid.
2247 5134 2594 5204 Exposuerat.
2614 5163 2684 5175 ——-
2701 5133 3058 5202 Obstrua‘erat,
3078 5139 3149 5189 ait
3165 5137 3474 5204 IIieronym.

2064 5205 2205 5262 Ibid.
2236 5201 2536 5260 Notandum
2567 5205 2724 5258 etiam
2758 5205 2858 5260 hoe
2882 5208 3029 5270 loco,
3064 5207 3203 5274 quod
3249 5201 3412 5272 saepe
3440 5201 3568 5274 alibi

1994 5279 2193 5343 notavi,
2224 5277 2481 5332 lsidorum
2509 5276 2777 5331 interdum
2808 5273 3188 5332 nominativum
3220 5291 3313 5343 pro
3335 5273 3570 5330 ablativo
3629 5292 3632 5296 '

1995 5349 2238 5407 absoluto
2285 5347 2612 5412 adhibuisse,
2642 5357 2698 5402 ut
2747 5363 2847 5401 non
2893 5349 3352 5400 animadvertentes
3400 5343 3575 5399 ,111άωὶ

1995 5436 2093 5492 pro
2135 5436 2236 5473 non
2287 5418 2803 5492 animadvertentibits
2854 5417 3070 5492 Judreis,
3100 5416 3207 5492 nisi
3252 5415 3454 5492 referas
3505 5415 3573 5469 ad

1997 5486 2385 5560 iradunt,quod
2412 5491 2698 5557 praecessit.
2729 5490 2803 5560 De
2823 5489 3070 5555 sepulcro
3100 5486 3250 5560 Isaia:
3271 5488 3571 5541 Dorotlieus

1997 5565 2076 5618 sic
2105 5558 2271 5617 refert
2301 5578 2314 5613 :
2348 5559 2690 5629 Conditusque
2719 5558 2809 5612 sub
2855 5573 3039 5626 quercu
3079 5568 3151 5611 est
3176 5559 3336 5629 prope
3383 5562 3576 5628 [autem

2001 5634 2185 5702 Rogel,
2208 5637 2365 5705 juxta
2394 5627 2972 5705 transitu-usuquarum,
3018 5645 3145 5699 quas
3173 5627 3442 5705 LEzechias
3484 5642 3575 5679 rem

2001 5700 2222 5776 pulvere
2242 5707 2579 5776 obstruxerat.
2628 5700 2728 5776 Alii
2763 5709 2977 5776 narrant
3019 5701 3334 5776 translatum
3368 5711 3572 5776 corpus

2003 5767 2275 5846 propheta:
2308 5776 2469 5846 fuisse
2513 5769 2808 5846 Paneadetn
2858 5773 2924 5827 ad
2949 5770 3125 5829 fontes
3161 5769 3411 5827 Jordauis
3450 5767 3574 5822 inde

2002 5841 2534 5914 Constantinopolim.
2565 5841 2735 5898 Δίων.
