4100 6344
374 334 507 425 ’119

1546 366 1630 420 ni;
1665 340 1851 421 'ou'ro
1897 367 1981 421 ur
2020 366 2224 428 OBITU
2267 373 2573 434 PATRUM.

3570 389 3668 447 I50

401 464 586 520 dicens
623 476 649 552 τ’
672 457 740 513 Et
775 468 914 513 tuam
945 458 1104 530 ipsius
1133 457 1356 550 animum
1391 459 1717 530 pertransibit
1753 458 1976 529 gladius.
2009 464 2224 532 Alcm,
2259 470 2418 525 tertio
2462 470 2637 540 lapide
2683 469 2750 528 ab
2781 451 2951 538 Urbe,
2995 473 3062 528 ad
3098 477 3408 533 orientalem
3442 481 3666 552 plagam.

399 554 550 624 Quod
575 545 787 624 quidem
821 552 1080 606 incertum
1103 547 1205 618 est,
1235 562 1412 607 utrum
1439 565 1534 622 pro
1574 551 1830 607 tnateriali
1869 554 1980 624 gla-

395 646 487 702 dio
524 646 719 700 dixerit
749 661 813 698 an
844 658 940 714 pro
967 644 1130 698 verbo
1159 644 1252 701 Dei
1286 645 1462 699 valido
1492 655 1546 700 et
1575 647 1796 702 acutiori
1840 650 1985 702 omni

399 737 574 809 gladio
616 737 857 806 ancipiti.
887 735 1203 806 Specialiter
1237 748 1410 793 tamen
1457 739 1602 793 nulla
1638 745 1792 793 docet
1821 741 1987 794 histo-

395 831 505 896 ria,
538 827 754 883 Mariam
788 829 947 901 gladii
979 830 1440 886 animadversione
1477 843 1827 902 peremptam,
1860 835 1987 903 quia

397 932 494 977 nec
517 923 694 976 obitus
715 915 842 992 {ejus
869 925 1073 992 uspiam
1103 925 1469 993 legitur.,Dum
1497 936 1669 979 tamen
1694 929 1988 991 reperiatur

395 1015 512 1088 ejus
544 1017 870 1087 sepulcrum,
906 1028 962 1071 ut
992 1019 1152 1082 aliqui
1197 1018 1402 1084 dicunt,
1438 1021 1490 1074 in
1523 1021 1661 1076 valle
1709 1021 1983 1092 Josa-phat.

823 1115 826 1118 ’
939 1101 1168 1166 CAPUT
1207 1101 1432 1166 LXVIII.

470 1203 592 1261 115.
608 1204 793 1261 SimOn
815 1206 1002 1261 Petrus
1024 1205 1161 1261 Illius
1183 1206 1425 1272 Joannis,
1453 1206 1614 1261 frater
1638 1208 1884 1276 Androm,
1900 1217 1989 1263 o'r-

393 1304 479 1353 tus
497 1299 549 1352 in
571 1299 687 1353 vico
716 1295 996 1354 Bet'lisaida
1019 1300 1308 1368 provincia:
1337 1299 1695 1370 Galil”:eze,qui
1729 1309 1810 1356 est
1835 1301 1986 1370 juxta

393 1400 641 1461 stagnum
660 1393 1010 1463 Genesareth,
1025 1397 1179 1467 cujus
1197 1398 1365 1466 prima
1380 1398 1594 1453 vocatio
1613 1400 1844 1454 nominis
1869 1402 1988 1455 Bar-

390 1482 548 1548 Jona,
569 1485 698 1554 legis
719 1487 920 1543 directa
937 1492 1210 1559 generatio
1236 1500 1338 1545 est.
1360 1489 1552 1546 Petrus
1575 1492 1627 1546 in
1651 1493 1866 1548 Christo
1890 1495 1988 1549 Ec—

391 1576 572 1632 clesiae
593 1573 989 1635 ﬁrmamentum
1005 1589 1104 1638 est.
1129 1583 1340 1653 Ceplias
1356 1585 1598 1654 corporis
1618 1587 1818 1640 Christi
1844 1588 1987 1656 prin-

390 1669 598 1738 cipatus
630 1681 684 1726 et
714 1683 867 1744 caput
916 1685 1015 1729 est.
1054 1674 1239 1731 Simon
1269 1667 1513 1745 Joannis,
1539 1678 1863 1750 virginitatis
1903 1695 1988 1735 re-

387 1770 664 1836 generatio
692 1770 1002 1841 incorrupta
1033 1775 1136 1828 est.

341 1913 390 1930 ρ,
463 1859 588 1916 HI.
638 1862 738 1941 Qui
793 1863 917 1920 dum
960 1864 1118 1937 justa
1161 1865 1420 1922 Joannem
1480 1867 1739 1924 habeatur
1772 1870 1978 1938 tertius,
2013 1848 2060 1907 Β

343 1952 535 2036 _ju.xta
583 1954 892 2010 Matthmum
951 1958 1164 2027 cligitur
1217 1961 1417 2029 primus
1465 1977 1479 2012 :
1537 1975 1635 2014 nec
1691 1961 1978 2028 immerito,

383 2047 507 2118 quia
540 2050 918 2116 Apostolorum
953 2051 1201 2124 princeps
1229 2062 1330 2107 est.
1368 2052 1433 2107 Et
1462 2052 1738 2109 confessor
1777 2055 1980 2126 primus

353 2144 508 2220 _Filii
537 2143 651 2212 Dei,
683 2155 736 2202 et
761 2147 1072 2218 discipulus,
1107 2157 1162 2204 et
1196 2157 1375 2216 pastor
1404 2149 1617 2204 humani
1646 2153 1844 2220 gregis,
1876 2152 1978 2230 Pe-

385 2246 464 2291 tra
522 2239 798 2306 Ecclesize,
852 2242 1223 2306 clavicularins
1276 2244 1444 2312 regni,
1489 2253 1699 2300 amator
1744 2244 1974 2310 Domini,

382 2339 548 2400 atque
603 2341 828 2402 negator
870 2350 884 2387 :
933 2319 1238 2389 confitcndo
1285 2334 1548 2400 laudatus,
1604 2335 1976 2402 prtesumendo

381 2423 576 2490 elatus,
604 2425 847 2494 negando
880 2426 1082 2496 lapsus,
1118 2427 1464 2499 lacrymando
1493 2429 1820 2500 pnrilicatns,
1847 2445 1977 2484 con-

383 2517 582 2572 ﬁtendo
618 2519 892 2588 probatus,
937 2520 1187 2589 patiendo
1226 2531 1536 2586 coronatus,
1569 2522 1651 2576 cui
1685 2538 1878 2576 nomen
1909 2537 1971 2577 ex

383 2624 548 2680 opere
575 2611 748 2674 datur,
795 2612 977 2668 titulus
1017 2628 1083 2667 ex
1120 2614 1310 2668 merito
1351 2616 1627 2683 potestatis
1659 2614 1969 2684 imponitur.

459 2701 579 2757 115.
616 2702 711 2757 llic
746 2705 794 2757 io
825 2703 1052 2772 Galatia,
1086 2706 1275 2771 Ponto,
1318 2704 1670 2776 Cappadocia,
1707 2707 1971 2780 Bithynia,

381 2795 530 2861 Asia,
560 2806 720 2864 atque
752 2796 897 2850 Italia
950 2798 1292 2865 Evangelinm
1327 2799 1651 2868 prmdicavit,
1692 2809 1850 2869 atque
1882 2800 1972 2851 ha-

381 2907 502 2945 rum
529 2891 781 2946 virtutum
802 2891 966 2962 signis
990 2891 1207 2950 effulsit.
1233 2893 1470 2949 Pendula
1498 2908 1678 2962 gressu
1708 2893 1970 2948 fervidum

381 2997 530 3039 mare
544 2984 763 3038 caleavit
776 3030 788 3053 ,
807 2987 1117 3055 praeteriens
1132 2987 1315 3040 umbra
1333 3001 1426 3041 sua
1449 2998 1685 3041 mortuos
1697 2985 1973 3060 lalani-

380 3076 564 3143 mavit,
593 3076 796 3132 claudis
830 3078 1107 3146 pristinum
1151 3080 1428 3135 reiteravit
1457 3080 1714 3144 officium,
1750 3096 1971 3152 paraly-

381 3170 498 3224 ticis
530 3169 693 3223 fluida
721 3171 952 3224 membra
984 3171 1033 3224 in
1061 3172 1334 3241 proprium
1356 3173 1622 3242 reparavit
1641 3181 1857 3228 statum.

2658 565 2882 622 CAPUT
2921 566 3101 623 LXIX.

2162 651 2281 708 118.
2308 654 2517 718 Paulus,
2537 656 2626 728 qui
2644 659 2768 714 ante
2787 662 2995 729 Saulus,
3016 667 3285 732 apostolus
3303 662 3557 736 gentium,
3578 667 3670 723 ad-

2063 758 2307 806 .vocatus
2335 747 2660 817 Judzroiann,
2685 767 2713 806 a
2738 752 2947 809 Christo
2968 755 3034 810 de
3065 759 3203 813 crelo
3227 771 3463 828 vocatus,
3490 763 3538 815 in
3566 773 3673 817 tero

2049 877 2058 884 .
2090 843 2219 892 'ranr
2250 850 2566 908 prostratus,
2617 846 2705 913 qui
2741 841 2978 901 oculatus
3018 852 3227 916 cecidit,
3280 863 3508 907 caecatos
3553 871 3669 909 sur-

2090 934 2244 994 rexit,
2298 949 2360 986 ex
2408 949 2744 1000 persecutore
2773 941 2990 994 cilectus
3019 941 3101 996 est
3144 958 3232 997 vas
3278 945 3575 1010 electionis,
3607 964 3673 1002 cx

2093 1025 2216 1093 lupo
2275 1026 2425 1091 ovis,
2484 1029 2630 1083 inter
2673 1033 2941 1100 apostolos
2993 1039 3268 1091 vocatione
3316 1041 3667 1104 novissimus,

2089 1113 2466 1189 praedicatione
2508 1120 2730 1192 primus.
2767 1123 2820 1178 In
2866 1127 2980 1196 lege
3019 1123 3324 1184 Gamalielis
3355 1128 3671 1200 discipulus,

2089 1213 2142 1266 in
2187 1213 2473 1281 Evangelio
2513 1214 2711 1270 Christi
2754 1232 2961 1275 servus.
3009 1221 3171 1290 Cujus
3219 1226 3385 1294 patria
3440 1224 3672 1282 'I‘harsus

2090 1302 2208 1370 fuit,
2240 1321 2406 1377 genus
2439 1309 2733 1380 Beujaipin.

2165 1397 2284 1454 till.
2319 1397 2414 1454 Ilic
2453 1403 2689 1457 secundo
2719 1413 2839 1472 post
2881 1405 3257 1462 Ascenslonem
3292 1411 3499 1464 Domini
3535 1427 3672 1465 anno

2091 1481 2405 1561 baptizatus,
2435 1494 2740 1563 dignitatem
2775 1498 2964 1551 meruit
2989 1500 3333 1567 apostolatus,
3361 1511 3519 1570 atque
3552 1503 3668 1560 olus

2090 1585 2337 1640 omnibus
2365 1573 2633 1652 liberans,
2678 1588 2843 1642 multo
2882 1589 3037 1643 latius
3081 1592 3217 1644 Inter
3267 1599 3491 1646 ca-teros
3523 1595 3669 1646 verlii

2089 1681 2312 1750 gratiam
2345 1682 2646 1746 seminavit,
2680 1691 2837 1752 atque
2865 1683 3160 1738 doctrinam
3185 1687 3540 1755 evangelicam
3571 1701 3665 1740 sua

2090 1769 2470 1841 praedicatione
2518 1773 2775 1843 implevit.

2161 1864 2283 1920 120.
2318 1866 2580 1936 Incipiens
2606 1868 2746 1921 enim
2778 1867 2845 1921 ab
2873 1865 3238 1938 Jcrosolymis,
3273 1883 3440 1938 usque
3463 1869 3528 1922 ad
3553 1869 3674 1938 Illy-

2084 1959 2273 2026 ricum,
2299 1971 2350 2014 et
2379 1960 2580 2015 Italiam
2614 1961 2999 2031 Hispaniasque
3046 1964 3341 2030 processit,
3372 1978 3433 2018 ac
3477 1973 3671 2020 nomen

2079 2049 2282 2105 Christi
2337 2052 2621 2107 multarmn
2663 2054 3019 2109 manifestavit
3066 2057 3299 2126 gentium
3347 2056 3669 2125 nationibus,

2082 2143 2275 2210 quibus
2326 2153 2449 2199 ante
2481 2146 2714 2201 nondum
2748 2145 2919 2201 fuerat
2946 2147 3304 2215 declaratum,
3336 2149 3490 2220 cujus
3519 2152 3676 2206 mira-

2079 2237 2196 2291 cula
2227 2237 2326 2292 ista
2354 2251 2473 2292 esse
2505 2243 2815 2294 noscuntur.

2155 2333 2311 2402 132
2343 2329 2465 2385 121.
2501 2331 2701 2402 Ilaptus
2731 2347 2942 2388 sursum
2977 2334 3028 2388 in
3063 2333 3275 2389 tertium
3307 2334 3503 2391 coelum
3536 2351 3669 2392 con-

2077 2426 2312 2489 scendit,
2345 2424 2622 2481 demcrsus
2647 2427 2894 2482 deorsum
2923 2439 3077 2483 nocte
3104 2439 3157 2483 et
3199 2428 3283 2484 die
3315 2428 3366 2484 in
3399 2429 3667 2499 profundo

2077 2522 2238 2575 maris
2260 2518 2376 2582 fuit.
2396 2522 2736 2578 seducentem
2755 2523 3273 2593 Pytltonislfspiritum
3299 2525 3555 2593 imperata
3576 2525 3662 2579 rli-

2076 2613 2344 2666 scessione
2359 2615 2646 2678 damnavit,
2669 2615 2993 2670 adolescenti
3019 2625 3226 2671 mortuo
3245 2617 3457 2671 vitalem
3483 2617 3664 2672 redin-

2079 2705 2305 2774 tegravit
2334 2697 2609 2775 spiritum,
2642 2708 2880 2763 cmcitate
2908 2711 3171 2778 percussit
3203 2725 3435 2783 magum,
3467 2709 3662 2764 claudo

2074 2797 2348 2868 praprium
2381 2797 2686 2852 reformavit
2735 2801 3025 2866 incessum;
3066 2802 3167 2855 diri
3204 2818 3414 2871 quoque
3440 2817 3668 2872 serpen-

2075 2894 2142 2948 tis
2166 2908 2262 2948 nec
2285 2894 2452 2949 sensit
2474 2908 2571 2948 nec
2597 2895 2800 2948 horruit
2827 2905 3082 2960 morsum,
3103 2894 3194 2948 sed
3214 2894 3320 2964 igni
3344 2894 3493 2948 dedit
3512 2908 3664 2948 arsu-

2075 3002 2211 3048 rum,
2249 2995 2448 3055 patrem
2479 2986 2639 3042 etiam
2672 2983 2840 3040 Publii
2872 2999 2902 3038 a
2929 2984 3165 3042 febribus
3198 2985 3401 3040 orando
3431 2984 3670 3039 sanavit.

2146 3078 2268 3134 I22.
2301 3078 2394 3133 Hic
2418 3078 2488 3133 ob
2514 3093 2750 3132 amorem
2791 3077 2984 3131 Christi
3019 3077 3210 3132 multas
3241 3077 3516 3146 passiones
3545 3089 3669 3146 gra-

2076 3173 2264 3244 viaque
2285 3174 2523 3240 Corporis
2552 3172 2802 3226 sustinuit
2825 3180 3109 3225 tormenta.
3135 3171 3191 3226 In
3217 3170 3400 3240 primis
3417 3169 3667 3225 Judaicas

459 3261 579 3316 Illi.
611 3259 755 3315 Inter
784 3261 897 3316 lnec
928 3260 1232 3318 defunctam
1260 3263 1471 3318 viduam
1495 3266 1786 3319 suscitavit.
1824 3266 1967 3319 Ana-
1997 3233 2046 3300 (ἶ
2081 3264 2498 3336 persecutiones,
2533 3273 2585 3319 et
2629 3263 2864 3333 gentium
2908 3264 3175 3331 miserias,
3207 3272 3258 3317 et
3285 3263 3544 3327 laborem,
3593 3261 3673 3318 fa-

382 3353 528 3410 niam
562 3365 617 3410 et
640 3355 921 3424 Saphiram
955 3373 1075 3412 reos
1110 3357 1369 3426 perfidire,
1413 3360 1602 3412 mortis
1635 3357 1972 3415 animadver-

381 3451 532 3504 sione
563 3449 853 3504 damnavit.
878 3449 1154 3505 Simonem
1188 3451 1346 3504 etiam
1375 3452 1594 3521 magicis
1621 3451 1825 3506 artibus
1854 3466 1974 3507 coe-

383 3542 493 3597 lum
522 3544 972 3598 conscendentem
1005 3545 1068 3596 ad
1101 3553 1294 3598 terram
1320 3544 1482 3598 elisit.
1537 3544 1630 3598 llic
1686 3555 1968 3614 postquam

381 3637 770 3693 Antiochenam
807 3638 1094 3692 Ecclesium
1125 3638 1384 3703 fundavit,
1416 3638 1514 3693 sub
1538 3639 1758 3694 Claudio
1799 3640 1975 3694 Caesa-

382 3725 444 3783 re
473 3736 656 3782 contra
689 3729 934 3783 eumdem
964 3729 1237 3784 Simonem
1270 3731 1476 3799 Magum
1526 3730 1750 3786 Romam
1776 3735 1968 3802 pergit,

381 3821 562 3891 ibique
603 3821 896 3889 prmilicans
938 3822 1283 3890 Evangelium
1331 3823 1751 3893 vigintiquinque
1797 3825 1970 3890 annis,

384 3915 626 3984 ejusdem
659 3914 807 3969 urbis
854 3915 1021 3969 tenuit
1081 3915 1470 3984 pontillcatum.

459 4007 579 4060 117.
631 4007 795 4062 Sexto
847 4017 1020 4062 autem
1081 4018 1133 4062 et
1177 4009 1448 4062 tricesimo
1496 4022 1636 4063 anno
1685 4017 1806 4078 post
1850 4024 1974 4076 pas-

381 4099 588 4154 sionem
623 4098 868 4164 Domini,
912 4113 939 4152 a
991 4099 1200 4153 Nerone
1250 4099 1462 4156 Cursore
1518 4101 1570 4154 in
1625 4101 1756 4156 urbe
1808 4102 1975 4157 Rorna

381 4190 656 4252 deorsum,
699 4199 754 4244 ut
797 4189 908 4258 ipse
939 4190 1121 4260 voluit,
1153 4191 1439 4247 cruciﬁxus
1481 4200 1582 4246 est.
1614 4191 1806 4262 Sicque
1855 4202 1978 4265 post

381 4283 731 4352 apoStolicum
789 4286 1078 4349 nteritnm,
1125 4285 1285 4340 etiam
1347 4285 1603 4357 martyrio
1669 4298 1974 4354 coronatur.

378 4373 636 4445 Sepultus
672 4376 855 4430 Itonia:
884 4375 935 4430 in
977 4375 1266 4443 Vaticano,
1295 4391 1451 4432 secus
1489 4377 1627 4432 viam
1659 4378 1978 4448 Triumpha-

381 4491 700 4547 beatissimre
723 4490 922 4560 Virgini
946 4483 1290 4553 concessisse,
1323 4490 1413 4545 scd
1441 4491 1692 4546 Ecclesia:
1718 4493 1978 4550 universa:

381 4576 572 4617 sensus
597 4571 868 4630 repugnat,
893 4573 946 4615 et
971 4564 1139 4615 solum
1163 4564 1524 4617 controversia
1550 4573 1631 4618 est
1653 4566 1792 4618 inter
1810 4565 1978 4632 scrip-
2006 4599 2012 4632 ;

2006 4626 2055 4686 D
2081 4623 2367 4696 cardinalis
2395 4623 2597 4704 Borgiaa
2618 4635 2692 4704 de
2714 4631 3056 4704 Confessione
3076 4623 3682 4704 YaticanaNideflirtnt

381 4643 545 4696 tores,
581 4646 754 4692 utrum
783 4634 1001 4704 Ephesi
1035 4650 1098 4687 an
1145 4633 1527 4704 Hierosolyma:
1566 4634 1788 4700 obierit;
1817 4651 1972 4703 quam

379 4706 499 4760 fuse
551 4703 884 4774 persequitur
928 4705 1322 4767 'I'illcmontius,
1353 4703 1481 4759 tom.
1519 4707 1554 4770 I,
1603 4720 1697 4760 sex
1752 4707 1970 4774 primor.

381 4776 594 4832 Eccles.
627 4776 836 4837 δέπαι..
869 4776 920 4829 in
953 4775 1066 4829 Vita
1103 4776 1360 4844 Di-iparre,
1385 4779 1512 4831 etin
1538 4774 1698 4832 notis.
1732 4781 1904 4834 Ansv.

453 4847 576 4918 115.
609 4848 790 4913 Caput.
826 4848 986 4913 Quasi
1013 4847 1212 4918 κεφαλή.

453 4917 594 4973 Ibid.
625 4920 772 4984 Quod
805 4919 972 4971 innuit
1015 4915 1264 4981 Isidorus,
1295 4915 1486 4988 Ctp/tas
1535 4933 1654 4976 esse
1696 4935 1758 4973 ex
1789 4918 1973 4974 Graeco

378 4991 588 5059 κεφαλή,
619 5001 790 5055 rapui,
816 4990 964 5044 multi
995 4988 1082 5042 alii
1114 4998 1320 5043 veteres
1353 4990 1714 5045 crediderunt.
1743 4990 1974 5059 Joannes

381 5058 546 5126 XXII,
583 5065 634 5114 in
664 5059 805 5114 Bulla
832 5070 1012 5114 contra
1039 5060 1327 5114 Marsiliutn
1363 5059 1695 5116 etJoannem
1730 5079 1743 5114 :
1777 5058 1972 5129 Cap/tas

378 5143 549 5185 autem
582 5132 758 5186 Grasce
777 5131 1134 5198 interpretatur
1161 5129 1340 5184 Latine
1365 5143 1534 5200 caput.
1563 5132 1752 5186 Verum
1780 5148 1971 5188 nomen

351 5203 580 5271 .(Jcplias
623 5205 814 5273 Syrum
855 5211 957 5264 est,
989 5211 1046 5273 et
1085 5212 1288 5270 petram
1341 5203 1620 5271 significat,
1655 5214 1705 5256 ut
1744 5201 1975 5259 Isidorus

378 5289 594 5341 quoque
639 5271 928 5343 agnoscere
963 5271 1173 5327 videtur
1215 5273 1322 5345 lib.
1372 5289 1440 5328 vn
1475 5273 1796 5345 Etyinolog.,
1837 5291 1886 5330 c.
1919 5279 1972 5333 9.

341 5398 344 5400 _
380 5346 610 5411 Quinam
640 5357 890 5401 austeros
929 5345 995 5399 de
1021 5343 1276 5412 apostolis
1305 5355 1357 5398 et
1386 5360 1490 5398 cxx
1519 5343 1790 5411 discipulis
1818 5362 1978 5414 gene-

381 5417 539 5472 ratim
557 5427 633 5482 ,et
654 5418 719 5471 de
743 5417 1012 5474 nonnullis
1041 5416 1293 5484 apostolis
1306 5416 1632 5486 singulatim,
1649 5418 1977 5486 scripserint,

380 5496 629 5544 recenset
653 5486 900 5540 Zaccaria
918 5488 969 5539 in
987 5486 1305 5540 Bibliotheca
1329 5485 1525 5541 sclecta
1546 5487 1786 5542 Historia:
1809 5485 1982 5545 eccle-F

375 5561 632 5624 eiusdem,
659 5567 795 5626 part.
813 5572 870 5619 tt,
892 5572 1010 5623 cap.
1030 5554 1081 5610 8.
1113 5557 1236 5612 Illud
1265 5573 1387 5610 vero
1411 5555 1876 5615 animadversione
1903 5562 1985 5614 di-

379 5643 542 5697 gnum
568 5669 584 5690 .
633 5629 775 5697 quod
807 5629 873 5682 de
900 5638 1085 5682 sancto
1124 5627 1553 5697 Jacohirllajore
1600 5632 1822 5696 loquens
1871 5633 1983 5686 ait:

339 5699 343 5702 ’
375 5696 591 5754 Antonii
621 5696 754 5767 Ποία
782 5700 997 5758 historia
1028 5701 1089 5752 de
1118 5711 1291 5754 sancto
1315 5696 1476 5770 Diego
1513 5700 1574 5754 de
1595 5703 1773 5756 Alcalu
1796 5706 1984 5756 criticis

378 5772 502 5828 vitis
521 5771 726 5838 placere
768 5773 852 5831 ria;
896 5773 1099 5839 poterit.
1149 5773 1284 5838 Quid
1337 5780 1521 5824 sancto
1561 5772 1761 5828 JaCobo
1802 5772 1982 5841 Majori

367 5844 628 5916 apostolo,
641 5857 771 5916 Lemn
797 5841 1224 5916 satictoDidaco,
1251 5844 1365 5916 sive
1390 5841 1591 5916 .Iacoho
1617 5846 1981 5916 Conipluteusi

377 5909 584 5972 ordinis
609 5911 869 5972 Minorem
892 5913 957 5972 de
987 5913 1333 5971 Observantia
1356 5912 1520 5970 laico?
1548 5917 1723 5975 Ann.

2079 3375 2242 3423 mem,
2275 3359 2436 3423 sitim,
2471 3357 2654 3426 frigus,
2688 3365 2741 3411 et
2768 3356 3080 3425 nuditatem,
3107 3355 3398 3426 naufragia.
3430 3364 3486 3410 et
3517 3356 3668 3410 mille

2077 3450 2335 3520 pericula,
2385 3449 2584 3504 rabiem
2620 3448 2870 3513 ferarum,
2907 3448 3146 3514 verbera,
3181 3449 3481 3504 carcerales
3512 3456 3663 3502 tene-

2080 3542 2225 3605 bras,
2261 3549 2318 3594 et
2369 3548 2628 3594 tormenta
2661 3549 2990 3607 catenarum,
3023 3540 3319 3609 squalores,
3349 3545 3405 3593 et
3433 3537 3669 3593 vincula.

2153 3631 2273 3685 I25.
2333 3630 2472 3685 Inter
2522 3630 2636 3684 hate
2684 3630 2877 3697 ligatur
2924 3643 2951 3680 a
2993 3628 3209 3693 Judaeis,
3242 3629 3464 3683 traditur
3494 3628 3674 3697 genti-

2077 3728 2197 3791 bus,
2231 3726 2494 3793 lapidatur
2523 3725 2588 3779 ad
2623 3739 2831 3788 necem,
2880 3723 2932 3777 in
2982 3732 3162 3791 sporta
3212 3739 3309 3791 per
3339 3737 3548 3777 murum
3575 3722 3675 3778 de-

2083 3824 2330 3886 mittitur,
2387 3821 2549 3890 virgis
2597 3819 2837 3884 cmditur,
2867 3817 3038 3888 pinnis
3086 3824 3344 3882 arctatur,
3373 3816 3426 3870 in
3449 3831 3669 3873 carcere

2079 3918 2291 3972 vinctus
2335 3923 2641 3972 terrannotu
2691 3912 2832 3968 facto
2878 3910 3184 3976 resolvitur,
3239 3908 3306 3964 ad
3354 3907 3598 3965 ultimum
3641 3923 3679 3964 ι

2079 4005 2290 4066 Nerone
2339 4006 2516 4077 gladio
2565 4004 2787 4060 caiditur
2815 4018 2882 4059 eo
2908 4002 2994 4059 die
3021 4016 3130 4074 quo
3175 4009 3231 4056 et
3279 4000 3470 4056 Petrus
3497 4001 3677 4056 cruci-

2081 4103 2218 4156 fixus
2237 4109 2337 4155 est.
2363 4100 2451 4154 Sic
2476 4098 2620 4154 enim
2643 4105 2951 4166 oportuerat
2976 4103 3030 4147 ut
3063 4092 3116 4147 hi
3145 4091 3234 4163 qui
3258 4091 3416 4146 simul
3440 4089 3680 4147 confessi

2087 4203 2217 4250 sunt
2251 4208 2354 4247 uno
2385 4192 2472 4245 die
2512 4197 2918 4244 coronarentur.
2964 4185 3215 4253 Sepultus
3263 4185 3446 4240 Roma:
3488 4185 3540 4239 in
3590 4184 3679 4240 via

2082 4287 2337 4351 Ostiensi,
2365 4301 2503 4340 anno
2522 4293 2640 4354 post
2659 4269 2956 4350 passionem
2973 4277 3180 4335 Domini
3197 4278 3467 4335 tricesimo
3482 4287 3665 4344 sexto,

2083 4381 2239 4436 tertio
2260 4379 2325 4434 ab
2366 4379 2498 4432 urbe
2524 4376 2791 4439 milliaria,
2818 4383 3005 4430 contra
3033 4371 3414 4427 occidentalem
3444 4372 3683 4440 plagam;

2154 4495 2252 4548 Il'l
2265 4535 2277 4547 .
2292 4493 2368 4548 De
2385 4491 2639 4566 sepulcro
2651 4498 2816 4544 sancti
2838 4487 2990 4566 Petri.
3007 4487 3057 4542 in
3076 4486 3329 4540 Vaticano
3351 4483 3682 4566 superfluum

2082 4577 2163 4625 est
2184 4567 2343 4621 verba
2377 4559 2548 4632 facere
2577 4571 2693 4632 post
2722 4559 3142 4632 eruditissimum
3177 4572 3308 4632 opus
3347 4559 3681 4632 eminentiss.

2082 4705 2317 4772 Bosium,
2353 4696 2778 4759 ItomiSnbterr.
2805 4718 2860 4765 tt,
2889 4699 2945 4765 ἓ,
2976 4710 3028 4772 et
3076 4700 3362 4772 Ilottarium
3396 4714 3432 4772 t,
3453 4697 3547 4772 27.
3578 4696 3683 4749 No-

2080 4765 2467 4846 tandutn'qnod
2498 4776 2744 4846 milliaria
2772 4774 2946 4846 afore
2979 4765 3219 4846 Romano
3251 4768 3592 4838 incipiebant.
3629 4778 3684 4846 et

2077 4861 2228 4907 erant
2254 4841 2455 4904 mitiora
2479 4843 2793 4900 milliaribus
2816 4841 3029 4897 Italicis.
3063 4843 3176 4894 Non
3203 4853 3329 4894 vero
3367 4849 3497 4892 sat's
3524 4841 3682 4890 lltltzl-

2077 4923 2259 4992 Iigitur
2301 4936 2405 4990 quo
2432 4933 2588 4992 sensu
2635 4915 2934 4992 sepulcrum
2962 4913 3130 4968 sancti
3161 4911 3302 4965 Petri
3333 4911 3539 4964 dicatur
3561 4921 3681 4961 esse

2077 4990 2143 5049 ad
2170 4993 2460 5048 orientalem
2496 4990 2717 5058 plagam.
2745 4990 2953 5061 Atti-2V.“
2985 5055 2996 5061 _
3268 5052 3280 5061 _
3444 5051 3474 5061 λ,
3558 5049 3567 5058 .
3636 5049 3646 5058 .

2154 5065 2277 5120 I20.
2309 5052 2776 5132 Adventus'Sancti
2811 5055 2954 5132 Pauli
2984 5052 3344 5132 inullis-panius
3368 5052 3680 5132 antiquissi-

2084 5138 2184 5192 mis
2228 5131 2554 5200 testimoniis
2587 5128 2959 5195 c0mprobatur
3008 5121 3272 5200 Hippolyti
3300 5164 3341 5200 ,_
3366 5121 3680 5200 Epiplianii,

2083 5205 2481 5276 Chrysostomi,
2513 5192 2759 5264 aliorum;
2788 5205 2979 5270 negant
3027 5192 3150 5261 alii,
3183 5192 3236 5249 et
3278 5192 3449 5245 adhuc
3475 5192 3678 5260 subju-

2085 5277 2202 5333 dice
2233 5277 2296 5329 lis
2327 5282 2428 5328 est.
2458 5277 2624 5328 Aauv.

2163 5346 2283 5401 1:25.
2316 5344 2535 5400 Paulum
2568 5342 2744 5416 gladio
2773 5355 2966 5398 cmsum
2992 5338 3180 5393 eodem
3208 5348 3348 5415 anno
3378 5331 3678 5416 eodemque

2092 5418 2178 5472 die
2206 5433 2310 5485 quo
2340 5416 2526 5470 Petrus
2565 5406 2852 5468 cruciﬁxus
2884 5422 2983 5485 est,
3033 5406 3331 5485 communis
3360 5411 3443 5485 est
3471 5406 3675 5472 Opinio.

2095 5475 2414 5544 Prudentius
2463 5488 2628 5540 tenuit
2658 5487 2847 5537 eodem
2879 5483 2983 5556 die,
3013 5478 3104 5532 sed
3152 5493 3254 5530 non
3303 5475 3493 5556 enodem
3537 5492 3680 5556 anno

2095 5559 2306 5614 Petrum
2339 5568 2395 5612 et
2451 5559 2669 5611 Paulum
2704 5550 2956 5621 martyrio
2999 5558 3284 5603 coronatos
3324 5546 3508 5621 fuisse:
3547 5546 3678 5621 Vide

2090 5639 2378 5686 cunintent.
2413 5628 2479 5681 ad
2507 5629 2688 5696 ltyntn.
2734 5626 2792 5677 I2
2840 5615 3159 5696 I’eristeph..
3213 5619 3434 5696 vers_5.
3482 5615 3677 5696 Paulus

2089 5712 2268 5756 contra
2320 5686 2702 5762 OCcidi-nlalem
2754 5696 2802 5762 pl
2819 5709 2969 5767 Igitur
2997 5686 3195 5767 dicitur
3220 5692 3480 5767 sepultus,
3523 5686 3671 5767 qood

2087 5791 2190 5827 non
2223 5773 2374 5824 facile
2402 5757 2713 5836 estilicattur.
2747 5757 2863 5820 Alii
2887 5762 3142 5821 exhibent
3164 5771 3344 5818 contra
3371 5757 3670 5823 orientalem

2085 5845 2313 5916 plagam.
2349 5845 2519 5896 AREt'.
