4100 6344
500 369 502 378 ι
554 286 658 347 159

557 496 617 555 ld
633 508 736 565 est,
770 499 949 563 Isaias,
978 498 1261 564 Jeremias,
1292 497 1539 553 Ezechiel
1568 505 1622 552 et
1646 495 1856 552 Daniel.

630 588 716 642 10.
747 586 954 658 lleliqni
976 603 1106 642 vero
1122 586 1404 642 duodecim
1431 587 1620 643 breves
1643 596 1789 654 sunt,
1815 595 1869 642 et
1890 585 2144 655 contigui,

501 739 504 742 .
557 690 614 739 et
637 682 708 738 ob
751 683 850 738 hoc
882 698 987 737 uno
1027 683 1295 738 volumine
1328 682 1581 736 coarctati
1605 723 1619 747 ,
1653 697 1879 750 quorum
1932 680 2148 736 nomina
2203 680 2212 684 ’

557 775 672 831 btec
701 785 826 829 sunt
843 774 1030 839 :Osee,
1055 772 1193 836 Joel,
1221 776 1403 837 Amos,
1423 771 1644 838 Abdias,
1664 771 1849 839 Jonas,
1877 771 2144 837 Micharas,

556 847 1114 932 Nahnm,‘Hahacuc,
1181 864 1516 933 Sophonias,
1550 864 1807 936 Aggmus,
1857 861 2145 918 Zacharias
2199 867 2206 870 ’

556 970 612 1018 et
652 959 955 1016 Malachias.
1000 956 1230 1024 Quidam
1270 966 1448 1012 autem
1483 955 1730 1012 Jeremiae
1784 956 2036 1010 Lamenta
2061 968 2146 1010 se-
2197 958 2204 964 ’

559 1063 864 1126 gregantes,
894 1053 962 1107 de
987 1051 1256 1106 volumine
1277 1049 1394 1122 ejus
1411 1058 1778 1114 resecuerunt,
1803 1050 2147 1130 sicquegqua-
2198 1070 2201 1072 >

555 1144 797 1215 draginta
844 1143 1075 1214 quinque
1129 1141 1295 1198 libros
1345 1141 1550 1198 Veteris
1597 1140 1928 1199 Testamenti
1959 1140 2146 1196 susci-

597 1236 728 1290 inut.
898 1273 905 1279 -
999 1277 1006 1282 ς
1499 1275 1520 1281 ..
1586 1277 1588 1279 ›

597 1249 728 1290 Illlll.
898 1273 905 1279 -
999 1277 1006 1282 ς
1499 1275 1520 1281 ..
1586 1277 1588 1279 ,
1726 1268 1729 1270 -

557 1249 593 1308 Ρ
629 1329 713 1385 11.
742 1328 875 1385 llinc
903 1329 1140 1386 occurrit
1170 1329 1572 1385 Testamentum
1597 1327 1824 1397 Novum,
1857 1327 2011 1398 cujus
2037 1327 2147 1398 pri-

555 1438 700 1478 rnum
729 1423 1140 1493 Evangeliorum
1173 1421 1292 1478 libri
1321 1431 1448 1478 sunt
1473 1408 1723 1492 quatuor,
1747 1421 1976 1488 scilicet,
2009 1421 2146 1476 Mat-
2193 1421 2202 1428 “

553 1515 745 1582 thmus,
783 1516 1012 1585 Marcus,
1048 1515 1220 1572 Lucas
1249 1525 1304 1572 et
1332 1516 1591 1574 Joannes.
1615 1516 1926 1588 Sequuntur
1946 1514 2144 1571 deinde
2194 1514 2198 1528 ⁵

555 1606 808 1678 Epistulae
833 1608 980 1664 Pauli
1011 1609 1240 1678 apostoli
1266 1610 1697 1680 quatuordecim,
1727 1609 1777 1663 id
1808 1618 1911 1676 est,
1938 1608 2004 1662 ad
2035 1607 2144 1661 Ro-

496 1702 501 1706 ’
552 1716 759 1765 manus,
792 1703 858 1756 ad
881 1702 1190 1758 Corinthios
1213 1702 1333 1757 dua:
1351 1744 1367 1768 ,
1390 1702 1456 1757 ad
1482 1701 1699 1758 Galatas
1718 1743 1733 1767 ,
1762 1702 1831 1756 ad
1856 1700 2139 1772 Ephesios,

1592 287 1648 343 S.
1689 280 1934 341 ISIDORI
1976 280 2418 337 IIISPMENSIS
2460 278 2765 336 EI'ISCOPI
2853 349 2885 358 γ’
3689 357 3702 364 η

557 409 654 462 bus
683 413 911 478 quatuor
939 413 1081 474 sunt,
1115 403 1205 476 qui
1239 403 1442 478 majora
1475 403 1742 460 volumina
1769 402 2140 470 condiderunt,
2173 406 2221 464 Α
2328 399 2486 473 194
2546 402 2630 457 15.
2683 402 2847 456 Actus
2883 400 3044 480 etiam
3083 401 3485 473 apostolorum.
3525 413 3581 462 et
3625 387 3833 479 Apoca-

3728 287 3832 345 160

2252 493 2415 564 lypsis
2445 491 2685 548 Joannis.
2721 491 2879 547 Fiunt
2905 507 3033 562 ergo
3064 493 3118 548 in
3147 484 3340 552 ordine
3386 495 3663 569 utriusque
3703 498 3833 557 Tes—

2251 585 2469 640 tatnenti
2503 585 2623 640 libri
2649 584 2982 654 septuaginta
3003 595 3059 641 et
3078 586 3203 641 duo.

2324 679 2410 734 14.
2454 679 2578 735 llmc
2613 688 2736 735 sunt
2772 681 2914 735 enim
2963 694 3099 735 nova
3139 693 3195 737 et
3222 689 3405 738 vetera
3427 722 3443 750 ,
3473 698 3592 754 qua:
3623 683 3687 740 de
3718 685 3833 740 the-

2251 790 2410 831 sauro
2441 775 2649 831 Domini
2693 774 3065 846 proferuntur,
3119 790 3150 831 e
3208 768 3409 847 quibus
3435 787 3626 834 cuneta
3655 795 3832 834 sacra-

2250 879 2551 925 mentorum
2604 870 2859 940 mysteria
2891 869 3214 926 revelantur.
3265 870 3327 926 lli
3377 881 3502 927 sunt
3544 872 3647 930 duo
3675 875 3831 930 ξεττ..

2251 965 2431 1035 phim,
2479 965 2574 1035 qui
2613 965 2664 1020 in
2696 963 3040 1020 confessione
3083 973 3286 1020 sancta:
3314 965 3596 1024 Trinitatis
3636 968 3830 1039 jugitcr

2249 1058 2591 1114 decantantes
2610 1062 2728 1137 τρὶς
2759 1059 2900 1133 ἅγιος
2931 1057 3187 1130 hymnum
3216 1073 3522 1130 erumpunt.
3605 1124 3632 1132 γ,

2322 1149 2407 1205 15.
2451 1166 2494 1204 ›-·
2534 1150 2658 1208 llaec
2684 1147 2872 1223 [Forte
2924 1147 3030 1222 hae]
3068 1152 3394 1219 etiamdum
3434 1153 3589 1209 olivae
3632 1155 3683 1210 in
3732 1156 3830 1210 Za-

2248 1243 2461 1310 charia,
2495 1259 2613 1312 qum
2644 1259 2672 1297 a
2704 1230 2940 1309 dextris,
2961 1233 3027 1300 'et
3055 1244 3288 1300 sinistris
3317 1245 3577 1318 lampadis
3617 1257 3826 1316 astant,

2248 1347 2408 1407 atque
2448 1335 2770 1407 pinguedine
2805 1345 2858 1392 et
2885 1337 3176 1408 splendore
3203 1337 3433 1408 Spiritus
3461 1341 3630 1398 sancti
3661 1327 3828 1399 totum

2249 1431 2434 1486 urbem
2457 1430 2721 1485 doctrinm
2744 1430 2991 1486 claritate
3022 1431 3340 1486 illuminant.
3780 1433 3783 1444 ‘

2323 1525 2408 1579 16.
2453 1523 2542 1579 lla:
2571 1524 2762 1579 littera:
2792 1537 2983 1589 sacrm,
3013 1523 3065 1579 lti
3121 1524 3242 1580 libri
3300 1525 3494 1596 integri
3535 1541 3756 1583 numero
3777 1537 3831 1584 et

2247 1618 2602 1677 auctoritate:
2643 1618 2786 1674 aliud
2819 1632 2941 1698 cum
2970 1617 3086 1673 istis
3122 1617 3254 1674 nihil
3286 1629 3366 1698 εει
3389 1607 3827 1690 comparandum.

2192 1701 2201 1707 ’
2250 1712 2517 1782 Quidquid
2551 1722 2699 1767 extra
2730 1694 2826 1766 hos
2857 1709 3036 1777 fuerit,
3062 1711 3201 1767 inter
3232 1696 3346 1767 haec
3376 1720 3556 1767 sancta
3579 1722 3632 1768 et
3652 1711 3830 1769 divina

493 1847 498 1850 ,
553 1794 621 1849 ad
654 1794 1059 1868 Philippenses,
1104 1795 1172 1851 ad
1208 1795 1716 1852 Thessalonicenses
1743 1795 1894 1862 duae,
1938 1794 2006 1851 ad
2037 1794 2150 1850 (ἰοί
2172 1808 2220 1870 Β
2247 1806 2550 1862 nullatenus
2579 1813 2661 1859 est
2684 1803 3070 1875 recipiendum.
3121 1837 3124 1840 ~

491 1915 502 1920 α
552 1885 843 1957 lossenses,
893 1893 959 1948 ad
1009 1894 1352 1952 Timotheum
1391 1895 1533 1963 dum,
1568 1895 1634 1950 ad
1665 1895 1843 1950 Titum
1889 1908 2038 1956 vero,
2088 1901 2144 1950 et

491 1979 496 1986 ”
553 1981 620 2036 ad
653 1982 1043 2056 Philemonem,
1076 1975 1131 2043 et
1158 1989 1225 2043 ad
1253 1987 1508 2043 Hebraeos
1538 1972 1784 2058 singulm.

621 2077 710 2138 12.
748 2077 1002 2150 Epistolae
1031 2097 1244 2155 quoque
1269 2083 1495 2140 Joannis
1538 2083 1770 2155 apostoli
1804 2092 1911 2142 tres
1937 2125 1952 2151 ,
1998 2080 2143 2141 Petri

491 2210 501 2222 .
548 2167 690 2240 dute,
718 2169 892 2244 Jndte,
923 2184 979 2232 et
1002 2175 1192 2235 Jacobi
1214 2177 1459 2250 singulm.

1191 2464 1272 2523 De
1294 2464 1500 2525 Genesi.

620 2553 712 2612 18.
753 2555 1000 2625 Genesis,
1026 2558 1177 2630 juxta
1210 2559 1367 2618 tidem
1396 2562 1653 2630 historiae,
1687 2562 1944 2622 describit
1969 2562 2137 2620 labri-

547 2659 668 2704 cam
710 2650 925 2717 mundi,
955 2659 1009 2708 et
1054 2651 1286 2710 hominis
1312 2656 1694 2722 conditionem,
1727 2658 2134 2729 satsclysmum,

489 2763 495 2774 ν
544 2750 600 2798 et
625 2741 942 2801 divisionem
969 2755 1145 2814 terrae,
1177 2749 1546 2806 confusionem
1573 2755 1782 2822 quoque
1804 2751 2130 2820 linguarum,

485 2837 490 2841 ’
541 2829 796 2910 gestaque
828 2840 1066 2922 omnium
1093 2829 1543 2914 patriarcharum,
1567 2858 1733 2916 usque
1754 2843 1821 2900 ad
1846 2842 2132 2916 ingressio-

541 2947 663 2991 nem
690 2933 850 2992 lsrael
877 2934 931 2992 in
959 2935 1269 3008 :Egyptum.

1081 3047 1084 3058 '
1114 3093 1117 3098 _
1188 3034 1262 3087 De
1297 3033 1488 3089 Exodi.

617 3121 703 3178 19.
745 3122 964 3180 Exodus
1001 3123 1240 3180 continet
1283 3125 1628 3182 llebrcorunt
1673 3123 2021 3190 servitutem,
2067 3135 2131 3180 ac

487 3273 492 3276 .
540 3212 724 3272 decem
760 3216 940 3286 plagas
966 3216 1122 3288 195
1146 3215 1386 3288 Egypti,
1419 3229 1691 3287 egressum
1717 3204 1920 3286 populi.
1951 3223 2005 3270 et
2030 3230 2130 3270 nu-

2319 1900 2407 1954 17.
2451 1899 2718 1968 Disposito
2767 1896 2926 1967 igitur
2971 1895 3177 1953 Veteris
3215 1911 3280 1954 ac
3325 1897 3458 1954 Novi
3503 1897 3829 1958 Testameuti

2199 1990 2206 2058 Ῐ
2246 1997 2433 2052 ordine
2466 1994 2721 2051 librorum
2749 2002 2802 2050 et
2830 2008 3076 2059 numero,
3107 2007 3247 2049 nunc
3268 1994 3465 2050 cursim
3491 1994 3828 2070 breviterque

2201 2131 2205 2136 .
2247 2089 2300 2146 in
2331 2104 2426 2147 eos
2455 2102 2617 2160 parva
2647 2086 2909 2160 prooemia
2939 2088 3301 2145 narrationum
3325 2086 3696 2160 subjiciamus.
3775 2137 3778 2142 .

1510 2302 2126 2391 INCIPIUNT
2201 2301 2849 2414 PROOEMIA.

2203 2495 2206 2499 -
2249 2483 2474 2540 rumque
2500 2468 2805 2537 diversitas,
2839 2467 3157 2525 indumenta
3187 2470 3495 2541 pontiﬁcum
3514 2518 3528 2544 ,
3557 2481 3616 2531 et
3640 2473 3826 2533 levita-

2198 2616 2200 2620 ,
2246 2576 2363 2617 rum
2406 2558 2700 2616 ministeria
2749 2557 3180 2638 describuntur:
3223 2562 3460 2620 ciborum
3509 2565 3668 2622 etiam
3716 2566 3825 2623 dis-

2243 2654 2412 2709 cretio
2444 2695 2461 2721 ,
2523 2663 2577 2708 et
2637 2652 2863 2710 diversa:
2910 2643 3251 2724 peccatorum
3303 2656 3687 2730 purgationes,
3738 2658 3822 2716 vel

2195 2757 2200 2766 '
2243 2746 2431 2802 hostia:
2460 2745 2792 2802 ordinantur.

2849 2839 2924 2895 De
2951 2839 3208 2898 Numcris.

2308 2932 2400 2990 2l.
2430 2931 2487 2988 ln
2517 2932 2767 2988 Numeris
2808 2948 2937 2988 vero
2985 2949 3222 3004 egressae
3268 2933 3335 2990 de
3378 2935 3611 3007 Egypto
3653 2936 3820 2995 tribus

2239 3035 2652 3094 enumerantur,
2695 3026 3161 3099 profectionesque
3206 3043 3424 3096 eorum,
3463 3029 3818 3099 perlecturum

2193 3111 2196 3113 λ
2232 3129 2392 3177 :etate
2417 3121 2653 3177 virorum
2673 3163 2688 3190 ,
2714 3121 2802 3190 qui
2841 3122 3041 3192 egressi
3073 3130 3198 3176 sunt
3237 3120 3304 3178 de
3331 3121 3564 3193 Egypto
3587 3163 3606 3192 ,
3655 3139 3806 3183 corn-

2234 3215 2438 3285 putatio
2473 3222 2682 3269 tenetur
2711 3212 2932 3279 inserta,
2976 3212 3259 3282 Prophetia
3291 3213 3534 3281 Balaam,
3569 3215 3806 3286 quadra-

540 3307 658 3364 bem
711 3317 1123 3379 protegentem,
1163 3310 1444 3366 transitum
1497 3309 1661 3365 etiam
1721 3309 1884 3367 llubri
1941 3307 2201 3374 maris,C
2235 3307 2376 3379 ginta
2449 3321 2660 3378 quoque
2715 3305 2940 3362 duarum
3010 3320 3106 3377 per
3169 3321 3406 3364 eremutn
3471 3297 3804 3366 mansionem

482 3398 489 3410 '
539 3413 880 3470 mersumque
903 3414 1024 3455 cum
1054 3400 1303 3456 curribus
1332 3399 1703 3463 Pharaonem,
1733 3408 1788 3454 ct
1817 3399 1997 3469 gloria:
2027 3398 2124 3454 de-

477 3475 487 3547 Ῐ
536 3492 917 3562 conlationem,
970 3484 1511 3568 ingressum'quoque
1540 3495 1730 3562 eremi,
1754 3493 1932 3548 cibum
1964 3508 2126 3561 man-
2187 3492 2189 3496 ⁴

537 3597 641 3650 me,
683 3596 728 3635 a~
767 3600 875 3657 quo
901 3585 1014 3641 aliti
1040 3573 1612 3656 sunt,percnssionem
1642 3601 1854 3657 quoque
1895 3588 2127 3656 rupisﬂ
2180 3615 2186 3624 ι

534 3687 588 3733 et
636 3679 830 3736 ﬂuenta
885 3681 936 3737 in
985 3680 1325 3739 dulcedinem
1375 3696 1551 3750 versa,
1604 3695 1830 3750 pugnam
1882 3681 2121 3747 Amalec,

533 3771 780 3826 tuandata
804 3772 964 3828 etiam
993 3772 1260 3844 Decalogi,
1297 3780 1351 3828 et
1378 3787 1558 3828 arcam
1587 3770 1940 3840 Testamenti,
1973 3770 2123 3828 dedi-

532 3865 906 3935 cationetuque
937 3867 1262 3924 tabernaculi
1290 3875 1344 3922 et
1373 3866 1726 3922 oblationem.

1073 4010 1082 4016 .
1149 3958 1229 4014 De
1259 3959 1502 4014 Leuitico.

604 4052 693 4109 20.
727 4053 784 4110 In
828 4052 1064 4112 Levitico
1098 4062 1276 4110 autem
1322 4053 1408 4111 lex
1440 4053 1828 4111 sacriﬁciorum
1850 4092 1867 4122 ,
1916 4053 2120 4110 hostia-

534 4197 1165 4279 gtm_sententia._liahbi
1200 4178 1659 4279 Isaac__lla_rant_a_,
1704 4178 2120 4279 prmiationepin
2178 4201 2185 4279 ί
2229 4196 2271 4279 lo

535 4277 749 4326 Cantica
771 4310 787 4335 ,
817 4281 872 4351 ct
897 4277 1059 4326 llabhi
1094 4277 1302 4352 Moyses
1331 4277 1532 4336 ltimhi,
1579 4277 1672 4349 lib.
1703 4277 1771 4349 de
1797 4277 2122 4349 Auctoribus
2175 4277 2185 4348 ς
2225 4277 2304 4324 ait
2330 4282 2345 4324 ε

534 4357 810 4398 sacrorum
844 4342 1093 4396 lbrnrum
1148 4356 1292 4412 viros
1339 4349 2024 4412 congregationts_magn:e
2055 4338 2120 4392 h-
2174 4399 2178 4402 ,
2226 4402 2270 4412 __

537 4414 691 4468 brum
733 4412 1001 4476 Ezechiel,
1031 4411 1312 4467 duodecim
1345 4407 1746 4482 prophetarum,
1781 4407 2121 4482 Danielis,'et

473 4546 478 4548 _
535 4484 1033 4570 Esthernscriplnsse
1061 4483 1226 4570 aiunt.
1254 4484 1379 4566 .Quu
1410 4483 1577 4570 magis
1602 4482 1767 4570 miror
1793 4495 1861 4570 e‘x
1893 4481 1992 4534 hoc
2021 4495 2120 4570 uu-
2146 4508 2201 4570 Β

476 4325 480 4334 ,
535 4269 749 4326 Cantica
771 4310 787 4335 ,
817 4270 1059 4352 c_t_llabhi
1094 4270 1302 4352 Moyses
1331 4269 1532 4336 Kimhi,
1579 4267 1672 4352 lib.
1703 4268 1771 4349 de
1797 4267 2122 4352 Auctoribus

536 4571 686 4611 tncro
718 4554 985 4608 D.mielem
1034 4555 1203 4608 solum
1254 4555 1392 4610 iu'er
1418 4552 1761 4616 Chethubim,
1793 4552 1841 4604 id
1874 4561 1975 4616 est,
2027 4551 2120 4604 ha-

575 4625 825 4696 iographa
860 4626 927 4678 ab
958 4624 1194 4678 llehraeis
1226 4625 1365 4695 poni.
1403 4625 1779 4696 Hieronymus,
1809 4623 2032 4696 prologo
2067 4622 2120 4676 in

584 4694 830 4754 anielcm.
861 4705 914 4750 et
945 4694 1253 4762 prmlatione
1276 4705 1568 4751 comment.
1597 4694 1662 4748 ad
1707 4694 1953 4748 eumdem
1999 4708 2122 4757 pro-
2169 4748 2172 4750 γ

537 4767 1142 4840 phetam,l’orphyriutu
1159 4769 1231 4822 ait
1251 4771 1588 4840 occasionem
1609 4763 2122 4840 arripuisseAcalum-

536 4833 714 4896 niandi
757 4833 1064 4908 religionem
1099 4848 1354 4902 nostram,
1401 4838 1541 4907 quod
1595 4844 1836 4908 negaret,
1886 4833 2121 4908 Danielis

537 4905 927 4982 prophetiania
950 4913 1202 4979 propheta
1232 4910 1348 4978 ipso
1370 4905 1565 4962 editam
1598 4907 1779 4982 fuisse,
1812 4905 1905 4982 sed
1937 4919 1965 4982 a
1988 4919 2119 4982 quo-

535 4974 679 5048 dam,
707 4983 795 5052 qui
827 4983 877 5035 in
905 4974 1085 5035 Judaea
1109 4974 1500 5050 vixittcmporc
1528 4978 1774 5034 Antiochi
1810 4974 2118 5045 Epiphanis,

535 5053 800 5107 allimaret
836 5053 1110 5118 scriptam.
1148 5052 1288 5106 Man.

610 5103 812 5180 1631!.
840 5103 1284 5198 *Laiininiiniét‘,
1318 5103 1723 5192 proLameuta;
1751 5127 1805 5175 ct
1831 5127 2119 5184 secernunt,
2170 5129 2176 5198 ς

532 5210 630 5266 pro
655 5201 998 5266 resecuerunt.
1027 5194 1164 5248 Man.
1220 5265 1227 5266 ί
1300 5265 1303 5266 ν
1458 5263 1487 5266 _
1547 5262 1586 5266 _
1622 5263 1682 5266 __
1772 5263 1782 5266 Α
1880 5260 1890 5266 _
2050 5257 2053 5262 η

608 5265 695 5320 14.
724 5267 908 5320 Matth.
943 5283 1058 5333 xm,
1087 5267 1176 5337 52,
1213 5265 1329 5319 lsai.
1354 5280 1425 5330 vl,
1457 5263 1509 5337 5.
1544 5260 2122 5337 Trishagiosltyrnnum

537 5347 833 5404 erumpunt.
865 5337 954 5392 Sic
983 5331 1106 5401 legit
1139 5336 1465 5403 llispalensis
1493 5336 1543 5389 in
1568 5331 1916 5390 membranis.
1941 5333 2120 5404 Septi-
2169 5331 2174 5335 ’

538 5410 842 5463 ntancettsis
866 5425 880 5462 :
903 5408 1004 5462 Ter
1025 5409 1202 5476 [tagios
1225 5412 1468 5475 hymnum
1499 5412 1789 5470 erumpunt.
1828 5404 1944 5476 Duo
1966 5403 2122 5458 char-

537 5478 671 5532 tacei
703 5477 1062 5542 Hispali-uses,
1090 5473 1143 5532 et
1158 5473 1576 5532 Tarraconensis
1601 5495 1612 5529 :
1641 5476 1859 5544 llagios,
1894 5473 2118 5544 Ilagios,
2172 5488 2177 5493 '

538 5548 740 5620 Hegias
770 5549 988 5620 dicentes
1021 5549 1267 5620 hymnum
1292 5557 1580 5620 erumpunt.
1619 5546 2117 5620 ΑνΙΙιιιιίιλιιιιειιι-ειά

535 5615 828 5675 111ίνθι-Ιιει.
864 5619 985 5674 lsai.
1018 5615 1087 5686 vi,
1121 5619 1174 5679 5,
1201 5620 1286 5672 ubi
1316 5619 1383 5673 de
1409 5619 1614 5670 duobus
1645 5615 1957 5686 Seraphinis
1996 5615 2071 5669 ait
2101 5631 2116 5670 :

535 5692 834 5748 Clamabunt
879 5692 1007 5745 alter
1035 5684 1102 5743 ad
1128 5692 1368 5754 alterum,
1418 5699 1464 5742 et
1515 5684 1819 5743 dicebant":
1871 5684 2114 5751 Sanctus,

537 5763 779 5830 Sanctus,
807 5762 1052 5826 Sanctus,
1099 5760 1345 5816 Dominus
1395 5762 1529 5815 Ueus
1573 5761 1904 5814 exercituum.
1953 5756 2117 5810 Porro

534 5825 778 5909 hymnum
800 5825 1072 5917 erumpunt
1091 5833 1226 5891 dixit
1247 5847 1342 5906 pro
1362 5834 1414 5890 iu
1438 5831 1683 5906 hymnum
1705 5835 2113 5900 eruntpunt,qutt
2163 5910 2172 5918 .

2186 3408 2188 3410 '
2231 3410 2570 3458 sacramenta
2613 3400 2914 3472 signantur.

2738 3488 2836 3546 De
2867 3462 3281 3549 Deutcronomio.

2299 3586 2391 3644 22.
2421 3587 2478 3642 ln
2513 3584 2923 3642 Deuteronomio
2947 3595 3150 3654 autem,
3179 3602 3298 3658 qua:
3325 3595 3411 3643 est
3437 3587 3670 3645 secunda
3701 3587 3806 3656 lex,

2229 3685 2512 3733 narrantur
2538 3693 2599 3733 ea
2626 3676 2907 3746 quaeinter
2939 3674 3169 3742 Pharan,
3193 3685 3247 3732 et
3275 3675 3504 3747 Tophel,
3527 3685 3582 3734 et
3605 3677 3806 3745 Labant,

2226 3783 2280 3829 et
2312 3772 2604 3839 Nascrotb,
2658 3788 2828 3844 usque
2857 3772 2923 3828 ad
2953 3770 3125 3828 Cades
3158 3771 3331 3828 Barne
3371 3771 3580 3829 fuerunt
3615 3772 3813 3853 populo

2183 3914 2186 3918 ί
2226 3863 2365 3920 dicta
2389 3880 2418 3919 a
2451 3865 2632 3936 Moyse
2661 3881 2675 3918 :
2709 3862 2958 3919 mandata
2983 3903 3000 3929 ,
3033 3862 3300 3931 videlicet,
3327 3872 3484 3930 atque
3513 3864 3771 3941 promissa
3790 3905 3805 3932 ,

2227 3959 2640 4017 maledictiones
2668 3956 3032 4031 peccatorum,
3076 3966 3131 4013 et
3171 3956 3556 4028 promissiones
3584 3956 3809 4012 beatitu-

2226 4052 2390 4110 dinis.
2424 4051 2497 4109 lbi
2524 4051 2667 4108 canit
2709 4050 2974 4107 canticum
3004 4049 3235 4122 Moyses.
3265 4049 3341 4105 lbi
3369 4049 3459 4106 dat
3479 4047 3807 4106 benedictio-

2229 4195 2513 4253 locutionis
2541 4195 2713 4252 l‘orma
2747 4192 2997 4264 Virgilius
3025 4200 3110 4249 est
3137 4205 3288 4259 usus,
3317 4206 3460 4258 ctln,
3487 4206 3541 4249 ιιι
3562 4178 3806 4262 .Eneid.,

2353 4338 2700 4402 interdumque
2728 4342 2877 4388 atram
2912 4335 3180 4399 prorumpit
3201 4333 3260 4384 ad
3279 4319 3466 4384 aethera
3490 4333 3687 4384 nubem.
3719 4344 3721 4346 ‘

2225 4402 2387 4530 “A1353.
2433 4473 2559 4530 Haec
2586 4475 2738 4527 etiam
2768 4472 2886 4525 dna:
2926 4468 3090 4523 olim.
3125 4467 3250 4522 Htec
3293 4467 3555 4522 olivarum
3589 4478 3807 4534 compa-

2227 4546 2362 4601 ratio
2392 4547 2443 4600 in
2477 4560 2581 4600 uno
2611 4555 2814 4597 tanlttttt
2861 4539 3216 4595 Laurentiano
3254 4537 3451 4593 Codice
3476 4549 3590 4593 erat
3617 4582 3630 4603 ,
3671 4549 3726 4593 et
3754 4537 3808 4592 in

2225 4617 2395 4670 altero
2427 4615 2721 4684 llispalensi
2763 4613 2827 4666 ad
2861 4611 3170 4684 marginem,
3209 4624 3381 4679 neque
3422 4610 3697 4684 utriusque
3730 4611 3803 4665 le-

2226 4687 2334 4742 ctio
2363 4681 2746 4742 consentiebat.
2779 4684 2884 4738 Nos
2908 4683 3081 4736 locum
3113 4695 3426 4748 expungere
3445 4681 3667 4735 omnino
3687 4686 3805 4748 ausi

2227 4774 2332 4812 non
2365 4774 2548 4813 sumus
2575 4801 2590 4824 ,
2630 4755 2787 4811 obelo
2817 4762 3036 4808 notasse
3064 4753 3301 4806 contenti
3341 4763 3657 4821 argumento
3687 4768 3804 4810 sus-

2224 4839 2394 4901 pecta:
2421 4827 2680 4884 lectionis.
2713 4826 2880 4901 Μιιιι.Δ
2936 4878 2942 4885 ,

2303 4901 2383 4954 16.
2428 4902 2541 4964 ΑΙ..
2573 4895 2992 4968 computdhdum,
3027 4907 3123 4961 pro
3142 4894 3564 4968 comparandum.
3597 4894 3758 4950 Matt.

2298 4973 2386 5025 18.
2410 4970 2647 5026 Conditio
2675 4965 2769 5038 pro
2799 4967 3069 5022 creatione
3091 5006 3106 5029 ,
3142 4972 3195 5038 et
3224 4965 3561 5034 cataclysmus
3595 4981 3692 5036 pro
3721 4967 3807 5023 di-

2225 5040 2367 5097 luvio
2395 5043 2557 5097 verba
2584 5036 2708 5094 sunt
2737 5040 3054 5106 scriptorum
3080 5036 3566 5092 ecclesiasticarum
3594 5077 3612 5104 ,
3659 5047 3805 5094 cata-

2223 5113 2634 5185 clysmusetiam
2667 5109 2920 5185 Varronis
2941 5115 2997 5162 et
3011 5106 3252 5185 _llygini.‘
3271 5110 3445 5160 Ansv.

2297 5185 2386 5239 19.
2456 5183 2653 5238 indicat
2706 5179 2936 5235 Mariana
2991 5178 3182 5233 deesse
3239 5177 3293 5231 in
3351 5177 3623 5234 nonnullis
3672 5178 3800 5237 Mss.

2225 5257 2383 5310 verba
2412 5299 2426 5322 ,
2475 5270 2573 5324 quo
2617 5253 2729 5307 aliti
2774 5262 2946 5316 sunt,
2980 5249 3352 5320 percussionem
3399 5263 3596 5318 quoque
3643 5253 3807 5320 rupis.

2224 5329 2395 5382 Auav.
3745 5383 3751 5390 .

2294 5399 2386 5453 2t).
2416 5398 2502 5454 Al.
2542 5415 2554 5450 :
2590 5393 2657 5450 Et
2696 5393 2961 5449 diversitas
2992 5399 3333 5463 peccatorum,
3367 5393 3810 5463 purgationcsque.

2225 5470 2362 5525 Matt.

2293 5541 2385 5595 2|.
2413 5541 2523 5604 AL,
2551 5538 2824 5602 fortassis,
2857 5551 3033 5589 earum
3061 5549 3158 5605 pro
3186 5532 3556 5605 cornutaMsn.

2293 5611 2382 5664 21’.
2417 5610 2618 5677 Populo
2639 5610 2795 5664 dicta.
2829 5604 3280 5677 Septitltancettsis
3302 5616 3354 5658 et
3386 5604 3808 5677 Tarraconensis

2223 5682 2397 5752 legunt
2449 5673 2642 5748 populo
2687 5673 2935 5752 data.__l§t
2981 5676 3177 5752 alioqui
3218 5673 3560 5752 darediccre
3593 5685 3810 5752 _est,"_tlt

2220 5747 2356 5821 τιμῖιά
2392 5747 2686 5824 Virgilium,
2719 5751 2787 5803 du
2816 5749 2992 5818 Tityre
3035 5748 3214 5824 nobis,
3255 5747 3414 5824 etda,
3458 5747 3811 5824 tton__ind_r_bt'm

2219 5816 2394 5896 posco.
2417 5816 2678 5881 Et'contra
2692 5816 2924 5891 accipere
2943 5834 3037 5891 pro
3053 5819 3232 5873 audire
3252 5821 3502 5885 sumitur,
3520 5816 3740 5883 Aﬂncid.
3758 5834 3774 5874 ι
3794 5835 3808 5877 τ
