4100 6344
285 335 383 390 161

1201 332 1276 391 1Ν
1315 333 1444 392 LIB.
1487 331 1646 392 VET.
1689 331 1777 391 ET
1814 283 1974 392 PiOV.
2014 331 2315 391 TESTAM.
2359 327 2714 390 ΡηοωΜιΑ.

284 462 406 505 netu
434 444 558 504 liliis
587 443 780 512 lsrael;
825 445 1027 516 ibique,
1055 453 1200 504 terra
1233 447 1676 519 repromissionis
1714 461 1871 505 cons-
1895 449 1950 510 Α
1977 448 2333 518 prolixitatem
2365 446 2446 503 sui
2481 449 2634 520 197
2663 445 2717 500 in
2744 451 2974 515 quatuor
3003 441 3242 515 partibus
3272 441 3342 498 sit
3371 441 3560 500 desec—

283 551 458 613 pects,
484 541 710 595 moritur
737 548 899 610 atque
922 538 1198 611 sepelitur.
1267 574 1272 578 θ

349 631 439 686 25.
487 630 740 688 Nonnulli
785 642 964 689 autem
1009 632 1359 695 Hebrzeorum
1389 642 1620 706 quatuor
1668 644 1875 692 tantum

282 725 449 784 libros
477 735 791 799 computant
841 727 1008 800 legis,
1060 729 1112 784 id
1143 739 1246 796 est,
1301 729 1576 801 Genesim,
1610 730 1875 798 Exodum,

283 819 621 887 Leviticum,
652 819 938 877 Numeros.
977 822 1137 893 196
1178 822 1654 879 Deuteronomium
1699 831 1876 879 autem

283 911 662 984 repetitionem
684 911 998 968 eorumdem
1025 912 1283 968 librorum
1305 953 1320 978 ,
1351 922 1408 969 et
1436 916 1585 983 quasi
1609 913 1876 985 quoddam

282 1004 420 1077 lcgis
431 1005 833 1062 meditatorium
846 1005 1051 1060 dicunt.
1074 1005 1150 1060 Ea
1167 1005 1426 1061 duntaxat
1442 1005 1669 1071 ratione,
1693 1021 1790 1076 pro
1811 1022 1878 1063 eo
1902 1036 1907 1041 μ

282 1098 428 1170 quod
471 1098 547 1155 illi
575 1107 808 1168 quatuor
835 1099 1084 1170 proprias
1107 1113 1288 1156 rerum
1315 1110 1587 1172 gestarum
1608 1100 1884 1158 continent

282 1205 501 1261 causas,
533 1192 636 1249 iste
658 1207 790 1249 vero
817 1193 1083 1248 omnium.

830 1332 836 1338 -
933 1307 1014 1364 De
1040 1306 1223 1365 Iosue.

357 1423 450 1477 24.
482 1421 538 1479 ln
571 1420 695 1480 Jesu
729 1422 872 1480 Nave
903 1422 1040 1480 libro
1069 1425 1161 1481 lilii
1198 1424 1383 1494 lsrael,
1412 1425 1550 1484 duce
1572 1424 1732 1494 Jesu,
1763 1423 1886 1481 Jor-

285 1515 486 1574 danem
515 1526 796 1573 transeunt
823 1558 840 1586 ,
887 1532 951 1573 ac
986 1519 1227 1576 secundo
1252 1519 1728 1587 circumciduntur,
1756 1517 1884 1575 sub-

283 1610 570 1680 versisque
600 1609 796 1667 dehinc
840 1608 1268 1667 Chananaeorum
1298 1612 1546 1684 gentibus
1571 1651 1589 1681 ,
1620 1612 1890 1668 divisione

288 1708 447 1756 terrae
477 1715 663 1757 eorum
697 1700 1028 1758 haereditatis
1055 1713 1230 1760 sortes
1261 1703 1584 1774 suscipiunt.
1664 1777 1666 1779 g

795 1792 899 1872 (De
928 1817 1060 1873 libro
1090 1816 1360 1876 Iudicum.
1429 1879 1433 1883 ,

360 1927 455 1985 ‘25.
490 1926 545 1983 In
601 1928 741 1986 libro
767 1930 1015 1988 Judicum
1059 1934 1408 1991 continentur
1434 1943 1651 2007 peccata
1679 1944 1736 1994 et
1765 1951 1911 1994 ser--

290 2020 496 2078 vitales
527 2021 689 2082 lsrael
714 2062 730 2082 .
769 2024 1303 2098 esclamationesque
1329 2029 1540 2098 pepuli,
1575 2037 1630 2085 et
1657 2029 1888 2086 misera-

293 2113 476 2170 tiones
509 2114 622 2170 Dei.
665 2125 710 2165 ›-‹
752 2115 1140 2174 Describuntur
1166 2134 1422 2191 prospera
1441 2161 1457 2187 ,
1483 2131 1642 2193 atque
1666 2123 1890 2179 adversa
1917 2143 1920 2146 ’

293 2205 563 2263 bellorum
589 2218 645 2269 Ἰ.

874 2303 953 2357 De
979 2305 1110 2359 liora
1153 2306 1316 2360 Rulli.
1782 2340 1784 2342 τ

369 2389 462 2443 2o“.
491 2388 651 2446 Liber
676 2388 820 2448 Ruth
847 2392 1087 2461 ejusdem
1111 2396 1409 2453 Moabitidis
1436 2399 1566 2454 texit
1594 2399 1892 2472 historiam,

298 2483 369 2540 de
394 2484 549 2554 cujus
574 2487 743 2554 stirpe
759 2488 961 2544 familia
990 2490 1157 2548 David
1181 2493 1476 2550 descendit.
1507 2496 1660 2552 llunc
1683 2495 1892 2552 llebrati

301 2577 545 2634 libellum
561 2580 626 2635 ad
648 2582 897 2640 Iudicum
928 2584 1124 2641 librum
1145 2587 1494 2658 subiungunt,
1531 2603 1629 2659 pro
1655 2605 1723 2646 eo
1747 2590 1889 2660 quod

302 2670 360 2725 in
386 2669 577 2727 diebus
613 2671 860 2733 Judicum
889 2685 1036 2744 gesta
1068 2691 1190 2734 esse
1226 2690 1648 2736 commemorant
1676 2696 1794 2751 qua:
1841 2681 1927 2737 ini

302 2782 373 2823 eo
396 2770 595 2836 scripta
627 2782 783 2837 sunt;
817 2781 872 2826 at
898 2781 1084 2828 contra
1117 2773 1316 2840 Latini,
1343 2789 1437 2843 pro
1467 2789 1531 2829 eo
1559 2775 1701 2844 quod
1729 2789 1899 2844 genus

305 2860 450 2931 regis
480 2860 644 2916 David
673 2872 904 2929 retexat,
927 2873 1108 2931 ortum
1125 2880 1188 2920 ex
1211 2864 1398 2920 eadem
1422 2865 1705 2921 Moabitide
1734 2865 1926 2935 Ruth,-

303 2954 376 3009 ad
413 2970 612 3025 corpus
662 2956 782 3013 libri
829 2958 1135 3030 Regnorum
1188 2958 1437 3016 veracius
1464 2973 1586 3013 eutn
1631 2958 1928 3030 pertinere,

305 3048 662 3106 contendunt.
1095 3105 1098 3107 Α

863 3141 942 3196 De
973 3142 1101 3200 libro
1125 3142 1341 3216 Regum.

1983 549 2064 596 tus
2085 585 2098 607 ,
2131 541 2270 611 apud
2311 542 2566 596 lleorzeos
2597 549 2774 595 tamen
2805 541 2857 594 in
2895 538 3102 594 duobus
3129 537 3330 593 divisus
3356 548 3441 594 est
3467 552 3561 594 vo-

1978 632 2285 689 luminibus.
2338 634 2574 700 Quorum
2623 633 2826 703 primus
2872 631 3086 688 Samuel
3127 630 3334 698 scribit,
3381 645 3560 686 arcam

1981 724 2190 780 Domini
2245 742 2272 780 a
2301 726 2502 782 ludatis
2547 727 2806 781 transisse
2834 724 2899 779 ad
2930 733 3138 796 gentes,
3190 722 3302 778 Heli
3350 738 3563 794 quoque

1981 818 2337 873 sacerdotium
2370 819 2422 873 in
2450 817 2663 875 Samuel
2691 818 2914 888 mystice
2945 816 3109 872 fuisse
3140 815 3452 872 translatum
3471 855 3486 870 .
3511 822 3566 871 et

1981 907 2036 963 in
2070 907 2238 964 David
2263 909 2440 965 Saulis
2467 907 2605 978 regis
2636 909 2937 977 imperium.

2023 1002 2138 1058 εδ.
2180 1002 2457 1058 Malachim
2503 1017 2634 1057 vero
2677 1017 2830 1073 reges
2876 1000 3112 1069 Judmte,
3151 1010 3204 1056 et
3243 1000 3554 1059 lsraelitica‘.

1981 1096 2180 1168 gentis,
2207 1106 2461 1168 gestaque
2499 1110 2685 1151 eorum
2735 1113 2828 1164 per
2855 1094 3100 1151 ordinem
3130 1093 3324 1164 digerit
3359 1105 3569 1166 tempo-

1984 1204 2127 1256 rum,
2159 1190 2333 1259 ipsum
2381 1204 2595 1261 quoque
2645 1188 2805 1244 lsrael
2850 1189 2920 1243 ob
2966 1202 3205 1244 errorem
3255 1187 3569 1242 idololatria:

1985 1292 2166 1337 narrat
2196 1283 2250 1337 in
2274 1283 2523 1353 Assyrios
2548 1281 3018 1351 transmigratum;
3043 1281 3106 1335 ad
3124 1290 3422 1337 extremum
3443 1280 3571 1334 cdo-

1985 1383 2076 1431 cet
2119 1375 2334 1431 venisse
2387 1374 2881 1433 Nabuchodonosor
2931 1378 2981 1428 iu
3029 1373 3357 1440 Jerusalem,
3405 1373 3572 1443 capti-

1902 1503 1906 1508 -
1988 1473 2220 1538 vumque
2256 1466 2475 1522 duxisse
2507 1465 2827 1536 principem,
2862 1479 2926 1521 ac
2953 1467 3227 1536 populum.
3263 1474 3318 1521 et
3347 1466 3573 1520 subver-

1908 1591 1909 1598 ι
1990 1561 2116 1617 tisse
2145 1559 2330 1616 urbem
2359 1569 2414 1616 et
2440 1561 2719 1629 templum.

2519 1653 2597 1709 De
2623 1653 3079 1723 Paralipomenon.
3121 1674 3124 1678 '

2032 1768 2034 1772 ι
2065 1743 2158 1802 29.
2202 1745 2648 1815 Paralipomenon
2682 1749 2818 1818 apud
2864 1747 3114 1802 llcbzteos
3147 1745 3245 1802 sub
3272 1745 3427 1800 ttnitts
3461 1745 3576 1801 libri

1915 1832 2274 1908 Bivolumine
2327 1841 2654 1906 continetur,
2711 1841 3111 1911 appellaturque
3164 1839 3233 1894 ab
3270 1837 3347 1894 eis
3397 1836 3578 1892 Dibre-

1995 1936 2247 2004 haiamin,
2271 1937 2322 1992 id
2364 1947 2467 2002 est,
2507 1937 2675 1992 Verba
2706 1937 2926 2001 dierum,
2959 1935 3095 2007 apud
3131 1951 3226 1991 nos
3250 1946 3427 1990 autem
3456 1948 3578 2005 pro.

1996 2037 2114 2100 pter
2151 2029 2509 2100 prolixitatem
2539 2031 2619 2085 sui
2653 2031 2703 2083 in
2744 2030 2952 2085 dualms
2977 2028 3190 2085 decisus
3211 2038 3293 2082 est
3324 2029 3474 2098 partit
3498 2043 3581 2082 ns.

1998 2121 2124 2178 llaec
2171 2131 2254 2178 est
2302 2133 2479 2179 autem
2536 2122 2759 2177 historia
2805 2122 3052 2177 ordinem
3095 2120 3497 2191 generatiooum
3530 2127 3582 2173 et

1913 2257 1916 2264 .
2000 2221 2304 2283 temporum
2338 2216 2642 2269 continens.
2677 2216 2730 2269 ln
2751 2211 2867 2284 qua
2902 2213 3106 2270 scilicet
3137 2229 3242 2268 non
3276 2229 3432 2284 parva
3464 2227 3584 2268 san-

1917 2335 1921 2345 ι
1998 2314 2201 2360 ctarum
2224 2306 2618 2376 Seripturarum
2650 2307 2880 2361 eruditio
2901 2308 3225 2362 tontinetur.

2071 2398 2161 2454 50.
2188 2400 2424 2470 Namque
2468 2400 2520 2455 in
2554 2400 2770 2454 historia
2787 2401 2993 2455 Veteris
3012 2400 3338 2455 Testamenti
3365 2401 3414 2454 in
3445 2399 3576 2456 locis
3615 2407 3618 2412 '

1999 2491 2112 2546 suis
2157 2501 2247 2546 aut
2272 2494 2492 2547 omnino
2527 2493 2686 2564 198
2705 2492 2901 2547 omissa
2934 2505 3077 2560 sunt,
3101 2502 3192 2546 aut
3223 2493 3448 2548 fortasse
3479 2507 3584 2549 non
3616 2493 3621 2500 ’

2001 2585 2157 2654 plene
2184 2584 2412 2653 digesta,
2457 2586 2508 2638 in
2558 2587 2661 2640 isto
2707 2585 3010 2640 summatim
3061 2599 3122 2640 ac
3154 2584 3384 2641 breviter
3411 2584 3585 2656 expli-

2002 2688 2118 2732 cata
2169 2689 2291 2733 sunt
2317 2721 2332 2745 ,
2382 2679 2534 2746 cujus
2563 2679 2775 2746 quidem
2808 2677 2976 2733 series
3007 2693 3038 2733 e
3069 2678 3234 2733 latere
3267 2679 3397 2748 legis
3419 2719 3436 2744 ,
3466 2677 3584 2733 sive
3616 2695 3620 2698 '

2003 2771 2312 2843 Regnorum
2357 2771 2606 2839 adjuncta
2655 2770 2931 2840 procedit,
2987 2771 3306 2840 perveniens
3337 2771 3400 2825 ad
3455 2770 3584 2826 illud

2004 2879 2175 2933 usque
2216 2873 2423 2932 tempus
2472 2878 2577 2933 quo
2641 2871 2695 2919 et
2753 2877 3034 2934 regnorum
3084 2857 3257 2918 textus
3311 2865 3572 2917 linitum-o
3618 2875 3620 2877 ’

2005 2959 2247 3030 Namque
2293 2959 2362 3014 ab
2390 2959 2612 3014 exordio
2656 2957 2873 3013 fabrica:
2904 2958 3082 3012 mundi
3135 2956 3424 3026 incipiens,
3471 2972 3594 3028 ιιι-οε

1920 3077 1926 3089 ι
2009 3053 2246 3111 tenditur
2282 3069 2375 3125 per
2402 3053 2645 3108 ordinem
2687 3067 2863 3108 rerum
2893 3059 3158 3122 gestarum
3192 3065 3357 3117 usque
3387 3050 3452 3106 ad
3485 3051 3592 3106 rni-
3619 3049 3624 3061 '

2009 3161 2132 3201 nam
2149 3144 2444 3201 Jerusalem
2475 3146 2528 3199 in
2555 3142 2711 3199 annis
2746 3143 2914 3199 Irihus
2942 3143 3086 3197 ntille
3113 3143 3441 3214 septuaginta
3465 3141 3594 3199 duo-

379 3229 475 3288 27.
504 3231 708 3304 Regum
742 3233 900 3300 liber,
928 3249 1232 3305 quanquam
1270 3233 1410 3306 apud
1442 3231 1663 3290 Latinos
1688 3243 1906 3306 propter
1935 3251 1982 3316 ς
2013 3240 2116 3298 bus
2144 3254 2242 3310 per
2269 3239 2642 3310 generationes
2670 3236 3005 3307 septuaginta
3041 3236 3196 3292 duas.

465 3372 568 3433 Qua
591 3371 753 3424 facere
779 3373 823 3423 id
852 3376 1025 3437 possis,
1049 3383 1260 3426 nostram
1283 3391 1410 3427 nunc
1445 3379 1612 3441 accipe
1634 3384 1870 3429 mentem.

376 3443 468 3499 2'5.
522 3443 779 3500 Nomtulli
827 3457 997 3502 autem
1029 3447 1381 3519 Hebraeorum
1432 3461 1652 3519 quatuor
1706 3450 1929 3505 tantum'

309 3515 469 3589 libros
497 3526 792 3588 computant
820 3519 966 3587 legis.
1002 3517 1191 3574 Fuisse
1220 3521 1310 3588 qui
1340 3515 1595 3589 negarent
1643 3522 1926 3576 Dettteroo.

309 3588 554 3642 nomium
602 3603 649 3641 ar
683 3589 864 3659 Mryse
912 3592 1270 3659 conscriptum
1311 3588 1469 3658 e~se,
1532 3593 1783 3646 Nicolaus
1837 3595 1905 3648 de

310 3659 470 3729 hyra,
500 3659 566 3712 ad
624 3661 853 3729 primum
890 3661 1286 3715 Deuteronnmii
1320 3677 1465 3729 cap.,
1500 3663 1649 3716 initio
1675 3705 1689 3721 .
1720 3662 1931 3729 docet,‘

310 3728 394 3784 Itis
425 3728 755 3796 argumentis
784 3748 797 3783 :
824 3731 965 3801 quod
1011 3733 1162 3786 initio
1192 3733 1310 3787 libri
1340 3728 1550 3788 dicatur
1584 3750 1595 3785 :
1633 3732 1760 3786 Ilwc
1783 3741 1903 3787 sunt
1930 3737 1932 3740 ’

309 3803 464 3855 verba
484 3817 601 3871 qua:
627 3801 823 3856 locutus
844 3811 919 3855 est
948 3801 1171 3873 Moyses,
1200 3819 1302 3857 non
1321 3805 1537 3869 scripsit
1559 3821 1572 3868 ;
1596 3804 1737 3872 quod
1759 3803 1907 3859 dicat

311 3887 432 3941 quae
461 3873 673 3944 locutus
701 3885 777 3926 est
807 3885 952 3926 trans
979 3875 1267 3928 Jordanetn
1314 3890 1476 3944 quem
1506 3875 1722 3929 ﬂuvium
1769 3889 1929 3929 nun-‘

311 3958 470 4009 quam
529 3943 740 4014 Moyses
773 3946 1097 4009 transmisit;
1130 3945 1272 4012 quod
1304 3943 1356 3998 in
1403 3946 1507 4000 line
1554 3946 1746 4015 iloysis
1776 3946 1936 4000 des-‘

310 4015 548 4069 cribatur
595 4030 758 4070 mors.
801 4017 932 4080 Qua:
979 4027 1292 4084 argumenta
1343 4017 1761 4084 refellereopus
1798 4031 1903 4072 non

308 4095 440 4156 est,-
468 4096 525 4141 et
553 4099 668 4140 ea-n
704 4094 881 4140 tamen
931 4081 1236 4154 opinionem
1285 4087 1354 4141 ab
1383 4087 1616 4156 antiquis
1653 4081 1935 4143 'llebraeis'

313 4155 611 4210 dctivatam
642 4157 895 4212 arbitror.
947 4159 1077 4212 Nam
1116 4159 1443 4213 recentiores
1475 4155 1641 4214 luda-i
1677 4159 1907 4224 quinque

315 4226 484 4282 libros
514 4227 665 4295 legis.
696 4237 749 4282 et
779 4243 966 4282 «mines
993 4244 1022 4282 a
1060 4228 1238 4298 Moyse
1266 4229 1600 4298 conscriptos
1631 4243 1750 4282 esse
1777 4244 1908 4283 con-

314 4308 520 4352 stanter
548 4298 833 4353 allirmant.
881 4298 1008 4353 Nam
1060 4300 1348 4355 Deuteron.
1385 4314 1540 4364 XXXI,
1575 4300 1628 4363 9,
1663 4298 1860 4353 dicitur
1889 4317 1902 4352 :
1933 4300 1939 4312 '

318 4368 537 4435 Scn‘psit
566 4371 768 4442 itaque
799 4368 1002 4442 Moyses
1050 4372 1210 4442 legem
1251 4373 1384 4424 hanc
1404 4412 1419 4436 ,
1465 4381 1511 4424 et
1528 4371 1755 4442 tradidit
1791 4387 1905 4424 eam
1937 4381 1939 4383 ’

315 4441 667 4494 sacerdotibus
694 4441 816 4511 ﬁliis
843 4439 984 4506 Levi,
1016 4451 1069 4496 et
1095 4439 1277 4496 rursus
1303 4457 1442 4497 vers.
1474 4441 1544 4494 24
1581 4460 1592 4492 :
1629 4440 1937 4511 I’ostquam'

315 4526 439 4581 ergo
479 4511 678 4583 scripsit
722 4509 921 4583 Moyses
955 4512 1112 4566 verba
1161 4514 1285 4583 legis
1327 4514 1482 4583 hujus
1530 4515 1583 4565 in
1621 4509 1904 4578 volumine,

316 4589 470 4653 atque
494 4582 782 4653 complerit,
806 4585 1040 4653 prlecepit
1065 4582 1268 4650 Levitis,
1301 4582 1408 4639 etc.
1442 4583 1583 4638 Man.
1855 4595 1860 4602 '

357 4666 360 4670 '
388 4651 482 4708 24.
536 4654 644 4720 AL,
673 4651 978 4707 divisionem
1008 4663 1156 4708 terra:
1196 4670 1370 4709 eorum
1397 4654 1709 4708 hereditatis
1745 4662 1904 4710 sorte.
1935 4671 1938 4674 ‘

318 4722 462 4779 Man.
746 4749 749 4751 -

390 4794 486 4850 25.
521 4793 782 4852 Notantur
808 4804 1058 4867 tanquam
1101 4796 1260 4852 dubia
1286 4813 1314 4852 a
1347 4796 1577 4852 Mariana
1609 4796 1765 4851 verba
1797 4795 1939 4851 ἀρε-⁸

323 4867 582 4938 cribantur
615 4866 857 4938 prospera
885 4866 1031 4935 atque
1055 4870 1270 4922 aduersa
1293 4867 1562 4923 bellorum.
1593 4872 1767 4922 Aaev.
1863 4878 1867 4886 '

390 4936 488 4991 26.
521 4936 627 5003 AL,
655 4936 1111 4992 commemorantur
1133 4955 1228 5007 pro
1254 4948 1668 4994 commemorant.
1700 4939 1837 4992 Man.

393 5008 487 5061 27.
515 5007 624 5069 AL,
656 5019 855 5077 partes,
890 5025 984 5078 pro
1026 5011 1269 5079 partibus.
1304 5039 1373 5050 —
1403 5007 1630 5076 Primus,
1664 5017 1792 5075 cte.,
1816 5009 1936 5076 a|.,‘

326 5081 550 5147 primum
591 5079 800 5135 Samuel
831 5082 1154 5146 scripsit.'—
1184 5080 1306 5134 lleli
1334 5097 1532 5150 quoque
1579 5081 1918 5134 sacerdotium

325 5151 378 5204 in
413 5151 620 5205 Samuel
657 5152 864 5223 mystice
906 5153 1062 5220 fuisse
1092 5152 1417 5206 translatum.
1453 5153 1577 5206 Haec
1605 5159 1686 5223 est
1712 5154 1918 5223 Augus~

328 5223 425 5274 tini
455 5221 738 5287 sententia,
759 5223 786 5274 Ἰ
815 5222 866 5276 h.
900 5238 1001 5275 xvtt
1025 5224 1091 5277 de
1117 5223 1276 5277 Civit.
1304 5225 1417 5287 Dei,
1445 5238 1564 5290 cap.
1597 5221 1651 5284 4,
1679 5222 1766 5274 ubi
1796 5230 1870 5290 ait
1898 5239 1911 5275 :

330 5291 474 5345 Nam
507 5290 628 5345 Heli
655 5294 920 5346 sacerdote
952 5295 1243 5359 reprobato,
1285 5289 1587 5348 substitutus
1625 5293 1773 5345 estin
1823 5289 1917 5344 Dei

327 5363 664 5417 ministerium
698 5363 927 5429 Samuel,
959 5364 1112 5417 simul
1133 5365 1308 5428 olﬁcio
1338 5365 1544 5433 [tinctus
1570 5359 1847 5416 sacerdotis
1869 5369 1940 5414 et'

323 5433 541 5509 iudicis,
564 5436 784 5509 etsaule
803 5438 1021 5509 objecta,
1049 5451 1138 5489 rex
1162 5435 1324 5489 David
1348 5435 1914 5509 {armatusiu_reg_uum,

330 5502 448 5569 hoc,
473 5506 622 5570 quod
645 5507 805 5575 Attico,
856 5508 1199 5575 [igurat'erunt
1225 5521 1243 5560 :
1273 5502 1454 5574 nempe
1505 5504 1699 5558 Veteris
1746 5502 1917 5557 Testa-

333 5576 491 5628 menti
528 5576 580 5628 in
607 5573 831 5629 Novum
857 5573 1338 5640 commutationem,
1375 5573 1514 5644 Quod
1559 5575 1792 5629 Isidorus
1825 5575 1917 5627 illo

332 5646 592 5701 adverbio
639 5649 848 5716 mystice
882 5649 1187 5716 signiﬁcare
1227 5646 1410 5701 voluit.
1455 5647 1851 5713 Hieronymus,
1903 5660 1918 5697 ι

330 5727 521 5771 cutura
571 5717 865 5783 Jovioian.,
897 5734 991 5772 .ex
1037 5718 1140 5772 illis
1187 5717 1365 5773 verbis
1419 5718 1554 5787 psal.
1588 5730 1771 5781 xcvttt,
1801 5718 1856 5787 ti
1903 5732 1917 5770 :

332 5787 540 5858 Moyses
569 5797 615 5841 et
644 5789 814 5842 Aaron
843 5791 896 5842 in
922 5789 1265 5843 sacerdotibus
1303 5786 1445 5858 ejus,
1477 5798 1524 5842 et
1551 5787 1763 5858 Samuel
1791 5786 1923 5839 inter

330 5875 416 5915 eos
443 5859 535 5931 qui
583 5860 816 5916 invocant
841 5875 1024 5915 nomen
1051 5863 1198 5931 eius,
1247 5857 1451 5930 colligit
1477 5857 1782 5916 Samuelczu
1815 5872 1922 5914 non

2011 3381 2379 3444 sacerdotem,
2431 3380 2524 3435 sed
2560 3380 2796 3435 Levilam
2832 3389 3034 3434 tantum
3084 3379 3267 3436 fuisse.
3299 3379 3427 3448 Quae
3471 3395 3596 3438 sen-

2012 3453 2175 3506 tentia
2224 3452 2448 3508 e:utlitis
2477 3452 2650 3522 magis
2701 3452 2970 3521 probatur.
3017 3452 3114 3518 Qui
3152 3455 3292 3505 enim
3323 3464 3463 3507 esset.
3511 3470 3597 3506 sa-

2009 3524 2224 3585 cerdos,
2251 3526 2547 3590 pmsertim
2579 3539 2839 3587 summus,
2869 3539 2990 3577 cum
3017 3538 3118 3574 non
3148 3536 3287 3577 esset
3315 3524 3384 3577 de
3415 3533 3595 3590 poste-

2011 3595 2167 3649 ritate
2193 3595 2452 3648 Aaronis?
2476 3594 2642 3658 Idem,
2665 3594 2826 3661 epist.
2860 3596 2922 3646 ad
2956 3593 3252 3658 Paulinum,
3281 3610 3400 3662 qtuc
3431 3595 3599 3649 instar

2010 3676 2090 3719 est
2121 3667 2386 3737 generalis
2426 3665 2752 3737 praul'ationis
2795 3665 3061 3737 iusat-ros
3086 3664 3280 3728 libros,
3308 3665 3595 3737 satCl'dQlli

2012 3735 2358 3790 mutationem
2390 3753 2494 3790 non
2535 3737 2600 3788 ab
2633 3735 2748 3790 lleli
2779 3737 2827 3788 itt
2857 3736 3182 3798 Saint:e'em,
3225 3737 3316 3789 sed
3350 3738 3417 3788 ab
3442 3736 3596 3788 Abia-

2013 3815 2093 3860 tar
2123 3807 2174 3860 in
2196 3807 2234 3862 S
2253 3807 2403 3860 .doch
2437 3809 2628 3860 lactant
2651 3820 2790 3870 0838,
2816 3815 3188 3873 competenter
3209 3804 3306 3875 ait,
3335 3819 3504 3873 eaque
3533 3821 3591 3860 re
3619 3802 3624 3808 ’

2011 3876 2142 3947 legis
2175 3877 2374 3932 veteris
2418 3879 2469 3932 itt
2501 3891 2690 3932 novatn
2719 3877 3086 3931 transitionem
3117 3877 3399 3946 siguiltcat'i
3447 3875 3595 3932 allir-

2012 3958 2151 4002 tnat.‘
2171 3949 2312 4004 Matt.

2082 4037 2170 4093 28.
2217 4041 2324 4104 AL,
2352 4039 2414 4093 ab
2443 4055 2632 4106 errore,
2666 4055 2759 4110 pro
2786 4039 2845 4093 ob
2867 4055 3109 4096 errorem.

2083 4131 2172 4204 2st.
2217 4131 2652 4196 Paralipomenon
2700 4134 2839 4204 apud
2887 4133 3128 4188 llebrwos
3171 4132 3262 4188 sub
3304 4133 3450 4187 unius
3481 4133 3596 4188 libri

2012 4203 2266 4276 columine
2294 4206 2595 4258 continetur.
2626 4203 2747 4258 llaec
2777 4221 2841 4260 cx
2876 4205 3200 4276 llieronymo
3230 4214 3439 4276 sumpta
3472 4214 3598 4261 sunt

2014 4275 2325 4344 praefatione
2366 4276 2530 4328 altera
2570 4278 2619 4329 in
2666 4276 2826 4328 libros-
2871 4275 3331 4344 Paralipomenon.
3367 4275 3497 4339 illud
3529 4277 3597 4332 de

2013 4361 2111 4399 suo
2155 4355 2341 4398 auctor
2365 4345 2568 4400 addidit
2593 4391 2607 4414 ,
2659 4347 2711 4399 in
2759 4347 2956 4400 duabus
2987 4347 3184 4400 decisus
3229 4357 3302 4401 est
3329 4348 3599 4414 partibus;

2013 4431 2229 4470 casuum
2276 4421 2696 4481 permutatione,
2729 4430 2784 4470 ιιι
2814 4435 2957 4484 sa-pe
2988 4420 3284 4474 consuerit.
3321 4420 3486 4472 Paulo
3516 4420 3600 4472 in-

2013 4487 2193 4549 terius,
2228 4488 2314 4540 ubi
2347 4501 2444 4541 nos
2476 4487 2703 4557 legimus
2732 4490 2987 4555 explicata
3018 4499 3153 4552 sunt,
3188 4489 3293 4542 duo
3323 4487 3595 4544 chartacci

2012 4559 2210 4626 expleta
2263 4569 2402 4612 sunt.
2451 4557 2641 4612 Verum
2700 4569 2934 4613 nostram
2993 4561 3273 4614 lectionem
3333 4560 3597 4614 veriorem

2013 4643 2151 4694 esse,
2189 4637 2299 4682 tum
2347 4645 2409 4684 ex
2445 4629 2670 4696 plurium
2698 4631 2951 4684 Codicum
2985 4631 3107 4696 lide,
3140 4641 3246 4684 tum
3280 4647 3343 4684 ex
3377 4646 3435 4683 ca
3469 4631 3598 4686 llic-

1941 4704 1995 4766 1)
2024 4702 2230 4770 rottymi
2265 4701 2576 4766 praefatione
2602 4701 2934 4769 intelligitur,
2966 4701 3172 4757 tametsi
3201 4703 3469 4758 sententia
3492 4718 3599 4758 non

2017 4769 2304 4840 discrepat,
2334 4773 2534 4824 ntrovis
2565 4774 2722 4825 modo
2752 4774 2974 4841 legatur.
3009 4773 3150 4828 Ill/ut.

2092 4864 2180 4919 50.
2211 4861 2449 4934 Namque
2475 4864 2535 4916 ab
2560 4865 2768 4918 exordio
2795 4865 2971 4917 mundi
2991 4865 3256 4933 incipiens,
3281 4873 3387 4920 etc.
3406 4864 3604 4920 Locum

2020 4935 2174 4990 obelo
2221 4938 2562 5000 conlixitnus,
2593 4936 2835 5001 quamvis
2868 4939 3026 4989 trium
3057 4938 3314 4991 Codicum
3369 4938 3604 4992 lectione

2021 5006 2338 5074 subnixum,
2369 5008 2460 5076 qui
2492 5021 2660 5075 neque
2699 5006 2750 5059 in
2781 5021 3041 5062 annorum
3071 5022 3316 5072 numero,
3346 5021 3517 5072 neque
3550 5007 3601 5059 itt

2023 5082 2420 5146 generationqu
2447 5077 2854 5132 conveniebant.
2886 5077 2992 5131 Nos
3019 5077 3085 5132 de
3112 5093 3370 5132 annorum
3396 5076 3603 5130 ratione

2024 5151 2129 5201 non
2163 5163 2487 5218 magnopere
2516 5147 2839 5214 laboramus,
2875 5163 2998 5203 cum
3031 5152 3082 5202 in
3113 5163 3174 5201 ea
3208 5163 3285 5214 re,
3323 5154 3381 5200 ιιι
3406 5147 3466 5218 in,
3503 5161 3604 5218 qua

2021 5216 2290 5285 maxime,
2342 5216 2631 5286 scriptores
2693 5229 2921 5274 vacent.
2989 5218 3293 5283 Eusebius,
3345 5219 3411 5270 ab
3459 5216 3608 5270 initio

2023 5290 2208 5344 mundi
2231 5306 2397 5359 usque
2423 5293 2489 5342 ad
2516 5288 2864 5360 Jerosolymm
2891 5291 3157 5360 excidium
3189 5291 3294 5360 sub
3325 5286 3607 5360 Nabucho-

2021 5360 2257 5415 donosor
2294 5356 2463 5415 annos
2512 5356 2762 5416 numerat
2810 5362 2974 5416 4610.
3025 5357 3232 5414 Ιιοὺι-ειιί
3285 5358 3334 5411 in
3392 5356 3607 5414 Seder-

2023 5432 2199 5485 ltolam
2255 5431 2415 5486 5558.
2465 5431 2609 5495 Nos,
2677 5447 2796 5486 cum
2844 5431 2895 5484 in
2946 5445 3009 5485 ea
3065 5443 3127 5482 re
3177 5429 3416 5483 nonnihil
3481 5445 3610 5495 ope-

2023 5517 2095 5555 ra:
2143 5513 2286 5557 esset
2329 5511 2728 5569 consumptum,
2779 5515 2946 5554 annos
2997 5498 3398 5554 inveniebamus
3445 5501 3605 5556 5⁸590.

2023 5577 2195 5640 Atque
2237 5575 2349 5629 hazc
2371 5575 2435 5627 de
2467 5588 2728 5626 annorum
2778 5571 3006 5626 ratione.
3052 5571 3201 5637 Quod
3235 5586 3361 5628 vero
3388 5582 3608 5641 septua-

2022 5642 2164 5712 ginta
2211 5644 2328 5698 dmc
2358 5648 2764 5715 generationes,
2816 5657 2908 5715 seu
2945 5645 3229 5715 progenies
3268 5642 3338 5715 ab
3383 5643 3609 5715 exordio

2026 5711 2208 5769 inundi
2241 5711 2407 5785 usque
2442 5718 2506 5769 ad
2531 5713 2794 5785 excidium
2827 5711 3180 5785 Jerusolyma:
3205 5712 3372 5785 fuisse
3397 5713 3609 5785 ait,_su-

2027 5787 2203 5854 spienr
2231 5779 2512 5841 lectionem
2545 5799 2662 5836 csse
2686 5783 2945 5849 vitiatam,
2970 5793 3023 5837 et
3043 5779 3432 5854 quinquaginta
3473 5779 3607 5836 duas

2027 5852 2395 5927 generationes-
2423 5857 2543 5928 ιωκὶ
2572 5855 2792 5921 debere,
2817 5869 3008 5926 ttcntpc
3030 5865 3159 5926 quot
3188 5853 3241 5912 in
3266 5852 3432 5918 Luca,
3455 5859 3608 5922 quol-
