4100 6344
469 294 619 374 ibi;

1082 411 1157 468 De
1177 411 1310 468 libro
1337 409 1456 466 Job.

539 512 632 578 δι.
676 509 776 566 Joh
806 509 940 567 liber
979 508 1217 564 continet
1244 507 1482 577 ejusdeut
1516 506 1685 562 sancti
1717 505 1817 562 viri
1852 505 2070 572 damna,

469 603 661 678 funera
686 643 699 668 ,
753 604 833 659 vel
870 601 1112 672 ﬂagella,
1163 613 1212 656 et
1261 600 1646 655 contumeliosa
1679 599 2070 656 consolantium

469 700 634 764 dicta,
669 698 902 753 lamenta
949 711 1162 763 quoque
1204 695 1340 764 ejus,
1373 693 1424 747 in
1453 693 1645 762 quibus
1693 694 1854 748 totius
1885 691 2069 760 mundi

469 793 718 861 deplorat
747 792 1046 855 miseriam;
1078 789 1473 844 consolationes
1502 791 1664 842 etiam
1702 790 1794 842 Dei
1835 788 1900 840 ad
1949 803 2070 842 eum

474 900 572 953 per
604 886 896 948 turbinem,
931 882 1148 950 ejusque
1179 880 1448 949 duplicem
1476 879 1736 933 booorum
1771 880 1821 933 in
1853 880 1958 933 line
1987 894 2072 932 re-

481 979 929 1029 munerationem.
958 974 1050 1027 llic
1076 984 1252 1026 autem
1279 989 1344 1026 ex
1373 973 1484 1026 suis
1505 974 1838 1041 passionihus
1869 981 1922 1026 et
1952 987 2069 1026 ver-

474 1065 558 1124 bis
609 1070 808 1124 Christi
869 1068 1131 1135 expressit
1178 1067 1502 1136 imaginem;
1555 1068 1751 1136 coujnx
1787 1083 1912 1122 vero
1941 1068 2069 1136 ejus

469 1164 765 1218 carnalium
801 1173 979 1231 typum
1012 1160 1276 1228 designat,
1315 1161 1424 1230 qui,
1474 1162 1608 1216 intra
1649 1161 1940 1216 Ecclesram
1977 1175 2071 1230 p0-

473 1254 583 1319 siti,
617 1255 778 1306 vitam
811 1252 1170 1319 Spiritualium
1202 1252 1440 1306 moribus
1468 1253 1579 1305 suis
1611 1252 1994 1306 scandalizent.

543 1348 630 1400 5:2.
674 1346 844 1400 Atnici
877 1361 1006 1414 vero
1043 1345 1160 1416 ejus
1200 1346 1434 1414 speciem
1470 1347 1812 1414 praebuerunt
1855 1347 2070 1402 hatreti-

473 1456 697 1503 cornm,
750 1441 1080 1508 ﬁguramque
1124 1439 1430 1506 dogmatum
1478 1453 1868 1506 perversurum.
1904 1439 2069 1492 Porro

479 1534 616 1597 Elin,
642 1534 732 1600 qni
767 1534 1023 1586 adversus
1052 1531 1153 1585 Job
1185 1532 1330 1600 gravi
1357 1532 1774 1600 exprobratione
1803 1531 2072 1596 innititur,

472 1625 737 1697 signiticet
770 1642 863 1680 eos
890 1625 980 1696 qui
1013 1627 1148 1680 intra
1171 1633 1411 1680 sanctam
1434 1626 1724 1680 Ecclesium
1757 1636 2070 1695 arroganter

472 1719 790 1788 prwdicant,
824 1727 877 1773 et
923 1733 1015 1786 per
1052 1727 1313 1772 tumorem
1348 1718 1525 1773 cordis
1579 1733 1642 1773 ac
1681 1720 1920 1774 scientiae
1957 1719 2066 1776 las-

1411 296 1501 354 -S.
1544 292 1792 360 15100111
1833 291 2280 367 ιιιεριιιιςιιειε
2319 295 2627 365 Εριδοοιιι

3655 302 3779 364 161

2094 409 2362 486 Apsalmi
2413 412 2655 480 permisti
2701 411 2939 489 luerunt,
2981 422 3038 471 et
3065 415 3378 484 inordinati,
3410 431 3544 488 quos
3571 425 3788 477 tamen‘

2180 502 2327 571 prius
2375 502 2571 558 Esdras
2614 504 2667 559 in
2715 522 2874 560 unum
2926 507 3172 563 volumen
3203 510 3405 581 coegit,
3437 521 3494 565 et
3523 512 3574 566 in
3607 514 3760 568 ordi-

2178 614 2324 664 nem,
2355 615 2742 672 numerumque
2764 602 3048 671 disposuit,
3077 620 3140 659 ac
3172 607 3483 672 perocenlto
3514 611 3758 679 mysterii

2177 706 2517 770 sacramento
2543 695 2664 750 aliis
2694 695 2830 750 alios
2861 696 3096 765 praetulit
3137 699 3346 765 ordine,
3403 702 3530 759 dum
3579 712 3766 770 poste-

2177 789 2347 850 riores
2373 788 2655 846 videantur
2681 789 2732 843 in
2758 800 3018 858 tempore.
3043 789 3174 846 Nam
3204 792 3499 849 secundum
3524 793 3762 851 historiae

2176 896 2391 937 cursum
2449 881 2637 938 tertius
2696 883 2933 950 psalmus
2997 886 3440 956 quinquagesimo
3496 891 3790 955 posterior”

2175 985 2276 1034 est.
2309 977 2402 1031 scd
2443 983 2660 1046 propter
2707 978 3019 1047 mysterium
3071 979 3121 1030 in
3175 980 3336 1058 200
3383 981 3572 1037 ordine
3622 982 3766 1051 prior

2175 1079 2277 1132 est.
2321 1071 2411 1128 Sic
2438 1071 2583 1127 enim
2616 1071 2882 1126 habentur
2911 1080 2964 1124 et
2989 1074 3194 1138 emteri,
3222 1073 3346 1144 quia
3377 1072 3611 1144 Spiritus
3641 1090 3733 1130 san

2181 1172 2297 1216 ctus
2330 1177 2422 1217 eos
2454 1163 2848 1232 prmordinavit,
2886 1171 2943 1216 ut
2964 1163 3148 1218 voluit.

2677 1253 2753 1310 De
2782 1256 2919 1312 libri:
2949 1257 3264 1324 Salomonis.

2249 1348 2340 1402 56.
2381 1347 2634 1410 Salomon
2668 1347 2766 1413 tria
2805 1350 3077 1404 volumina
3109 1349 3312 1403 edidit:
3346 1350 3551 1418 primus
3584 1365 3647 1408 ex
3684 1347 3766 1405 his

2177 1440 2593 1496 Proverbiorum
2637 1442 2772 1496 liber
2818 1452 2934 1508 est;
2989 1444 3287 1508 secundus,
3328 1441 3416 1512 qui
3460 1425 3766 1514 appellatur

2177 1533 2572 1599 Ecclesiastes;
2611 1533 2824 1590 tertius.
2860 1531 3012 1602 cnjns
3054 1534 3238 1587 titulus
3279 1544 3361 1588 est
3390 1534 3609 1589 Cantica
3641 1548 3766 1588 can-

2178 1621 2428 1677 ticorum.
2464 1621 2522 1676 In
2553 1622 2751 1692 quibus
2785 1624 2998 1690 quidem
3033 1623 3201 1677 tribus
3227 1623 3377 1677 libris
3408 1623 3565 1678 trium
3605 1639 3768 1696 gene-

2175 1730 2292 1768 rntn
2335 1714 2651 1778 disciplinas
2693 1717 3016 1784 composuit,
3067 1716 3261 1786 quibus
3291 1716 3355 1771 ad
3386 1733 3562 1772 rerum
3592 1718 3768 1773 scien-

473 1821 607 1880 tum,
654 1813 915 1886 quidquid
969 1813 1249 1884 proferunt
1287 1813 1554 1882 superbia:
1581 1814 1848 1884 exemplis
1889 1823 2070 1869 osten-
2181 1810 2305 1862 tiam
2345 1809 2673 1876 pervenitur.
2711 1808 2766 1863 In
2796 1811 2985 1880 primis
3018 1825 3249 1879 namque
3283 1811 3539 1877 ethicam,
3574 1810 3624 1865 id
3657 1821 3763 1878 est,

474 1913 607 1961 lant.

1079 1995 1157 2050 De
1196 1997 1471 2053 Psalterio.

549 2087 639 2142 55.
684 2089 839 2144 Liber
869 2089 1223 2159 Psalmorum,
1251 2106 1552 2162 quanquam
1587 2108 1694 2148 uno
1725 2093 2072 2150 concludatur

475 2181 768 2251 volumine,
806 2184 962 2254 199
986 2199 1089 2237 non
1113 2193 1197 2238 est
1228 2196 1402 2240 tamen
1432 2185 1607 2240 editus
1638 2204 1742 2242 uno
1771 2189 2071 2256 eodemque.

479 2286 726 2330 auctore.
753 2275 948 2330 Decem
981 2279 1122 2347 enim
1158 2279 1431 2347 propheta:
1461 2292 1584 2334 sunt
1607 2281 1697 2350 qui
1729 2297 1824 2337 eos
1851 2283 2067 2339 diverso

476 2376 719 2437 tempore
778 2368 1134 2438 scripserunt,
1193 2371 1243 2422 id
1295 2379 1398 2436 est,
1431 2371 1659 2441 Moyses,
1695 2373 1880 2439 David,
1921 2375 2071 2430 Salo-

475 2476 625 2526 mon,
657 2463 860 2528 Asaph,
894 2462 1082 2530 Eman,
1138 2462 1343 2528 Ethan,
1407 2463 1648 2530 ldithun,
1685 2474 1740 2521 et
1794 2467 1886 2522 ﬁlii
1935 2469 2071 2523 Core

479 2557 621 2620 Asir,
659 2555 872 2618 Eleana,
909 2555 1202 2624 Abiasaph,
1229 2557 1344 2611 sive
1374 2559 1590 2613 Esdras.
1625 2559 1877 2615 Nonnulli
1909 2564 2068 2618 etiam

478 2649 664 2720 Aggu-i
697 2659 749 2702 et
781 2649 1048 2704 Zachariae
1078 2664 1196 2704 esse
1219 2650 1616 2710 existimantur.

552 2739 642 2795 54.
682 2742 752 2794 De
781 2741 843 2796 iis
873 2753 1048 2796 autem
1073 2743 1161 2813 qui
1186 2745 1299 2797 sine
1324 2744 1488 2798 titulis
1515 2757 1658 2812 sunt,
1689 2748 1902 2804 traditio
1928 2757 2073 2804 vete-

477 2848 594 2888 rum
630 2833 749 2888 talis
781 2844 885 2901 est,
921 2846 980 2890 ut
1005 2839 1157 2905 cujus
1187 2837 1422 2892 auctoris
1472 2841 1805 2911 praescriptio
1841 2858 2070 2908 princes-

479 2929 642 2995 serit,
677 2931 880 2996 caeteri,
924 2932 1011 2999 qni
1045 2931 1160 2987 sine
1195 2933 1345 2986 titulo
1395 2944 1710 3001 sequuntur,
1760 2936 1924 3003 ipsius
1952 2952 2074 2992 esse

477 3021 786 3075 credantur.
829 3023 922 3076 [ist
953 3034 1128 3077 autem
1169 3024 1253 3077 hic
1289 3025 1425 3079 liber
1456 3025 1758 3096 allegoricis
1783 3044 1845 3083 ac
1877 3032 2068 3100 Iypicis

480 3116 829 3168 sacramentis
875 3114 1152 3186 signatus;
1198 3118 1507 3188 specialiter
1555 3131 1757 3188 autem,
1806 3124 1950 3190 qttod
1981 3141 2072 3180 ua-

483 3214 590 3273 tns,
625 3210 762 3277 quod
807 3225 1016 3279 passus,
1071 3211 1211 3281 quod
1262 3215 1558 3267 resurrexit
1612 3214 1877 3283 Christus,
1937 3233 2072 3288 pene

484 3299 588 3356 hoc
619 3304 855 3356 omnium
889 3303 1215 3371 psalmorum
1245 3314 1458 3359 resonat
1485 3321 1763 3374 organum.

553 3395 642 3450 '55.
692 3394 980 3451 Sciendum
1027 3407 1203 3452 autem
1246 3400 1386 3469 quod
1419 3402 1557 3469 apud
1595 3401 1849 3459 Hebraeos
1885 3420 2073 3467 omnes

482 3549 584 3602 que
625 3534 692 3588 ab
723 3535 960 3589 Hebraeis
989 3551 1051 3590 ex
1101 3537 1265 3590 veteri
1298 3536 1642 3592 Testamento
1672 3539 1738 3594 ab
1773 3540 1975 3599 Adatno
2006 3547 2072 3602 ad

484 3606 613 3659 illud
651 3619 855 3674 tempus
888 3622 1254 3661 numerantur.
1291 3610 1428 3664 Man.

556 3676 646 3730 5‘2.
680 3679 787 3738 AL,
816 3679 1173 3756 prodiderunt,
1200 3695 1295 3750 pro
1325 3680 1672 3747 pt‘albttei‘ltitl,
1699 3693 1748 3738 et
1777 3687 2070 3756 ostendunt,

488 3765 582 3819 pro
613 3760 886 3804 ostentant.
918 3750 1053 3804 Man.

557 3819 695 3895 Ibid.
734 3821 946 3895 Amicos
968 3821 1069 3875 Job
1099 3823 1330 3890 speciem
1355 3821 1726 3878 haereticorum
1757 3829 2073 3895 praebuisse,

489 3895 540 3947 in
579 3892 858 3971 nllegoriis
883 3907 1094 3971 quotue
1123 3907 1357 3971 notatur,
1385 3910 1530 3946 num.
1567 3896 1653 3971 5T3.
1691 3892 1874 3971 Iu’quo
1910 3892 2076 3971 opere

491 3965 654 4020 multa
707 3973 833 4016 sunt
874 3979 996 4038 cum
1049 3963 1326 4019 Prommiis
1367 3967 1691 4033 Communia,
1723 3963 1862 4038 quod
1911 3963 2075 4028 sémei

503 4039 772 4090 monuisse
802 4039 932 4088 satis
959 4036 1045 4089 sit.
1074 4039 1244 4088 Ant-1v.

562 4105 649 4160 55.
689 4105 868 4159 Decem
898 4122 1030 4158 enim
1055 4108 1316 4176 propheta:
1343 4117 1479 4170 sunt,
1507 4108 1591 4172 qui
1613 4125 1697 4162 eos
1724 4110 1919 4166 diverso
1947 4124 2042 4168 teut
2060 4145 2074 4155 -

491 4195 611 4246 pore
635 4183 972 4249 scripserunt.
1000 4179 1270 4249 Sententia
1294 4192 1374 4231 est
1405 4180 1731 4249 Hieronymi,
1759 4199 1862 4236 non
1887 4201 2078 4240 omnes

493 4251 724 4316 psalmos
750 4263 778 4300 a
815 4248 1012 4325 Doride
1042 4248 1210 4325 _l'u_i~se
1259 4250 1449 4312 editos,
1499 4248 1721 4318 epistola
1755 4255 1820 4305 ad
1852 4255 2078 4325 Cypria-

492 4337 638 4384 num,
670 4329 720 4372 ct
743 4320 965 4390 epistola
991 4319 1054 4372 ad
1080 4319 1528 4388 Sophronium,et
1553 4324 1721 4390 prima
1745 4319 2079 4381 contra'ltni-

493 4393 676 4444 linum.
715 4399 846 4442 tum
883 4389 1204 4459 Hieronymo
1251 4408 1437 4446 omnes
1476 4389 1680 4447 llehtuei
1729 4399 2075 4452 conveniunt.

494 4461 1029 4536 Augustinusavarius
1051 4473 1127 4536 est
1151 4461 1308 4536 initio
1340 4475 1690 4519 eomnientar.
1727 4466 1779 4520 in
1813 4468 2075 4536 Psalmos,

491 4544 545 4585 ct
581 4529 683 4584 irit
717 4531 785 4585 de
809 4529 1037 4587 Civitate
1071 4532 1186 4599 Dei,
1211 4550 1327 4602 cap.
1371 4536 1450 4588 l4.
1485 4536 1677 4590 Caateri
1718 4539 1883 4596 [erute
1906 4529 2078 4594 Graeci

493 4614 542 4656 et
574 4602 742 4656 Latini
773 4603 1124 4671 expositores,
1156 4622 1341 4659 omnes
1375 4607 1607 4672 pSaIinos
1633 4623 1661 4661 a
1698 4609 1895 4665 Davide
1918 4613 2079 4666 inisse

493 4675 665 4727 editos
701 4684 934 4728 tuentur.
966 4676 1038 4728 De
1067 4692 1122 4728 re
1156 4679 1252 4730 huc
1288 4678 1421 4731 nihil
1474 4677 1522 4730 in
1567 4691 1849 4746 praesentia
1879 4692 2074 4736 statuo.

494 4746 718 4799 Nomina
769 4760 898 4799 sane
928 4748 1321 4823 prophetarum,
1356 4764 1383 4800 a
1417 4748 1610 4823 quibus
1659 4750 1892 4806 Isidorus
1939 4754 2083 4823 psal-

498 4831 612 4871 mos
640 4827 758 4891 esse
801 4822 1128 4891 compositos
1160 4821 1264 4886 ait,
1297 4821 1345 4871 in
1386 4819 1634 4874 omnibus
1675 4819 2076 4891 exeiiijilartbus

498 4887 904 4957 corruptissime
935 4903 1096 4955 posua
1126 4899 1295 4943 erant.
1329 4891 1434 4944 Nos
1468 4907 1645 4944 veram
1673 4887 1965 4949 lectio—nem
1996 4913 2079 4951 re-

499 4964 789 5023 stituimns,
827 4969 935 5012 tum
971 4977 1034 5013 ex
1065 4961 1317 5014 (lotlicttttt
1375 4963 1509 5016 inter
1540 4977 1596 5017 se
1629 4965 1936 5033 collatione,
1971 4978 2080 5022 lunt

500 5050 558 5084 ex
599 5036 755 5101 prim.
790 5033 1021 5099 Paralip.
1055 5045 1129 5097 vt,
1155 5033 1244 5087 9.2.
1282 5034 1332 5086 lu
1368 5034 1485 5086 tiliis
1511 5035 1645 5088 Core
1682 5036 1928 5091 denarius
1960 5054 2076 5104 pro-

502 5108 778 5178 phetatum
833 5120 1082 5178 numerus
1127 5107 1443 5178 completur.
1492 5105 1710 5178 Esdras,
1764 5110 1987 5178 Aggasus
2031 5119 2085 5164 ct

501 5176 788 5230 Zacharias
821 5180 917 5228 sub
953 5175 1114 5227 dubio
1145 5177 1210 5228 ab
1260 5177 1460 5230 lsidoro
1492 5175 1629 5232 inter
1658 5175 1906 5234 auctores
1940 5181 2081 5248 psal-

503 5263 706 5300 morum
744 5258 1114 5306 ntuuerautnr.
1150 5249 1454 5313 conjecuiro
1491 5259 1597 5301 tum
1632 5251 1938 5315 verborum,
1976 5265 2083 5306 tum

505 5334 551 5368 γι
591 5321 1058 5388 lutynmlogiarum,
1086 5334 1204 5388 cap.
1230 5319 1284 5385 2,
1313 5321 1398 5374 uni
1430 5335 1548 5374 ριιιιι
1581 5320 1646 5374 de
1676 5338 1731 5375 re,
1759 5325 1943 5378 eme",
1964 5340 2085 5391 "3a-

508 5396 611 5462 tur,
657 5406 838 5442 eorum
898 5391 1107 5443 nuntiua
1166 5392 1667 5462 prietermittmttur.
1714 5393 1879 5447 liabhi
1944 5395 2088 5450 Isaac

509 5459 754 5526 llaratna,
793 5464 843 5514 in
873 5462 1075 5515 Cantic.
1116 5459 1425 5532 [inuitatione
1447 5507 1460 5528 ,
1487 5466 1672 5518 decem
1703 5466 1913 5530 quidem
1947 5469 2088 5533 psal-

508 5546 711 5603 inorutn
744 5543 985 5586 auctoz'cs
1020 5547 1280 5600 numerat,
1326 5538 1480 5590 i()|l..'t3
1528 5549 1702 5588 tamen
1747 5538 1900 5591 aliter
1932 5554 2086 5603 (ιιι-ιιι]

507 5600 737 5672 Isidorus
772 5621 782 5651 :
820 5620 1029 5672 nempe,
1077 5609 1151 5659 Ad
1176 5625 1264 5670 un,
1323 5607 1748 5672 Melchisedech,
1782 5600 2047 5660 Abraham
2072 5647 2085 5671 ,

505 5669 741 5746 Moysen,
778 5669 998 5740 ileman,
1025 5689 1074 5729 et
1107 5669 1336 5743 ldithun,
1387 5687 1439 5731 et
1484 5688 1591 5729 tres
1621 5669 1757 5731 lilios
1785 5677 1945 5744 Core,
1968 5669 2087 5746 qua:

505 5749 570 5796 ad
602 5744 905 5799 Judmorum
940 5749 1140 5802 tabulas
1163 5748 1487 5816 able-gamus.
1517 5748 1681 5801 Porro
1706 5752 1966 5816 prmcipua
1986 5744 2089 5803 an-

505 5820 748 5894 ctoritate
776 5829 827 5874 et
878 5818 1175 5878 eruditione
1207 5821 1303 5875 viri
1325 5858 1341 5882 ,
1374 5818 1602 5876 Esdratn
1637 5836 1744 5876 non
1773 5829 1998 5885 tantum,
2032 5829 2087 5878 ut

2113 4861 2161 4920 D

2178 1903 2436 1958 moralem
2466 1920 2478 1967 ;
2533 1915 2652 1971 post
2706 1904 2819 1960 haec
2862 1903 3155 1974 physicam.
3191 1920 3311 1975 qua:
3338 1905 3646 1974 qualitatem
3679 1921 3766 1960 na-

2177 2005 2310 2050 turae
2353 1995 2800 2065 comprehendit;
2845 1996 2912 2056 ad
2958 1997 3202 2052 ultimum
3232 1997 3549 2061 theorieem,
3582 1997 3632 2051 id
3659 2005 3762 2064 est,

2177 2089 2670 2158 contemplativam.
2705 2091 2758 2145 ln
2791 2090 3094 2146 Proverbiis
3119 2092 3261 2146 enim
3289 2091 3510 2145 moralia
3541 2089 3762 2157 docens,

2178 2200 2272 2254 per
2324 2199 2662 2238 communem
2703 2185 2987 2253 quemdam
3040 2185 3290 2254 loquendi
3333 2199 3488 2238 usum
3520 2185 3761 2240 altiorem

2175 2277 2586 2346 intelligentiam
2632 2276 2822 2341 edidit,
2871 2279 3443 2346 c0nservationemqne
3489 2276 3765 2331 mandato-

2176 2387 2298 2438 rum
2334 2384 2386 2428 et
2428 2370 2692 2426 doctrina:
2740 2370 2977 2425 cmlestis
3032 2370 3419 2424 institutionem
3476 2364 3764 2425 succinctis

2176 2464 2426 2520 versibus
2459 2462 2817 2531 brevibusque
2844 2460 3127 2517 sententiis
3155 2461 3448 2530 cooptavit.

2247 2567 2339 2621 57.
2371 2565 2506 2619 Sunt
2533 2574 2712 2618 autem
2742 2561 3020 2630 pI'OVrl‘bia
3047 2560 3150 2615 sub
3173 2559 3348 2614 verbis
3379 2559 3497 2614 aliis
3523 2572 3610 2614 res
3632 2549 3764 2613 atlas

2177 2657 2526 2728 explieantia,
2578 2655 2666 2709 vel
2713 2654 3087 2724 signiﬁcantia,
3139 2668 3259 2724 qua:
3306 2652 3463 2706 aliter
3495 2666 3651 2720 quem
3685 2649 3768 2704 die

2178 2762 2372 2807 cuntur
2427 2748 2834 2817 intelliguntur,
2878 2745 2995 2815 plus
3033 2745 3088 2800 in
3139 2747 3335 2799 virtute
3380 2742 3764 2798 sententiarum

2180 2863 2336 2916 quam
2372 2847 2424 2899 in
2458 2859 2592 2898 sono
2623 2843 2934 2906 verborum,
2975 2854 3096 2909 quae
3137 2837 3308 2894 Graeci
3353 2836 3638 2907 paruamias
3667 2850 3766 2891 vo-

2179 2950 2322 2993 cant.
2358 2937 2412 2991 lu
2443 2937 2766 2992 Ecclesiaste
2798 2949 2925 2989 vero
2957 2948 3134 2988 rerum
3174 2938 3414 2987 naturam
3454 2929 3762 2996 discutiens,

2180 3043 2370 3088 cuncta
2422 3033 2474 3087 in
2520 3030 2718 3085 mundo
2767 3031 2962 3084 caduca
2992 3039 3045 3084 et
3075 3043 3210 3082 vana
3259 3042 3378 3083 esse
3418 3025 3767 3096 reprehendit

2181 3126 2402 3201 [For-to,
2435 3124 2846 3194 deprehendit];
2890 3137 3175 3191 rerumque
3211 3121 3451 3176 omnium
3483 3117 3767 3190 fragilitate

2181 3230 2487 3295 perspecta,
2521 3222 2830 3276 renuntiare
2861 3219 3060 3273 mundo
3091 3217 3386 3272 admonuit.

2254 3320 2343 3375 '58.
2387 3318 2442 3372 ln
2509 3315 2747 3370 Canticis
2787 3323 2964 3368 autem
3011 3315 3339 3368 canticorum
3391 3318 3769 3379 supergressus

2179 3410 2436 3474 visibilis,
2470 3419 2630 3477 atque
2661 3405 3032 3474 contemplans
3069 3419 3130 3458 ea
3169 3417 3288 3472 qua:
3335 3409 3462 3456 sunt
3505 3398 3766 3466 ccelesﬁa,

2187 3546 2566 3612 Hieronymus,
2599 3538 2754 3608 epist.
2797 3537 2863 3612 ad
2917 3537 3318 3612 Sophroninm,
3368 3536 3477 3612 ait,
3536 3534 3770 3612 psalmos

2184 3631 2372 3670 omnes
2393 3606 2404 3612 ’
2428 3612 2480 3666 in
2534 3606 2696 3664 unum
2738 3606 3006 3664 volumen
3037 3611 3318 3676 collegisse
3347 3606 3639 3671 ailirmant,
3670 3606 3768 3662 sed

2182 3689 2344 3742 etiam
2379 3700 2475 3750 pro
2505 3693 2652 3736 certo
2684 3691 2903 3750 ponunt,
2935 3681 3001 3734 ab
3024 3679 3213 3733 eodem
3248 3679 3476 3745 primum
3503 3677 3767 3750 psalmum

2182 3759 2344 3813 luisse
2376 3748 2730 3820 entiiposituiii
2760 3794 2774 3815 ,
2829 3761 2882 3806 ut
2936 3761 3078 3806 esset
3119 3750 3287 3804 instar
3338 3749 3668 3820 praalationis
3714 3748 3768 3802 in

2185 3819 2686 3893 universumropus,
2723 3832 3144 3891 provocaretque
3190 3822 3444 3875 lectorem
3475 3819 3540 3873 ad
3571 3819 3771 3874 divina)

2179 3901 2312 3968 legis
2334 3899 2636 3952 lectiunem.
2675 3896 2815 3950 Man.

2256 3961 2343 4024 34.
2382 3968 2457 4019 De
2487 3969 2546 4021 iis
2577 3979 2744 4019 autem
2780 3967 2866 4035 qui
2887 3966 2996 4018 sine
3022 3961 3182 4016 titulis
3214 3972 3350 4016 sunt.
3384 3962 3658 4035 Sententia
3679 3969 3773 4035 est

2183 4057 2306 4096 cum
2363 4039 2733 4099 Hebraeorum,
2789 4031 2898 4090 tum
2947 4035 3279 4158 llieronfmi.
3314 4034 3539 4104 epistola
3572 4032 3638 4085 ad
3669 4031 3773 4102 Cy-

2189 4117 2462 4158 nrmnnm-
2497 4126 2561 4158 eo
2596 4118 2906 4158 argumento
2938 4116 3148 4158 content
3175 4107 3333 4158 entis.
3385 4104 3631 4158 undecim
3662 4121 3773 4158 oin-

2189 4117 2462 4182 prianuin,
2497 4126 2561 4164 eo
2596 4118 2906 4182 argumento
2938 4104 3333 4182 contendentis,
3385 4104 3631 4158 undecim
3662 4121 3775 4182 oin-

2184 4177 2314 4238 iiino
2370 4183 2603 4251 psalmos
2658 4181 2877 4251 Moysen
2923 4189 3196 4232 auctorem
3251 4178 3523 4251 liahere,a
3566 4177 3774 4243 psalmo

2183 4248 2550 4322 octuag'esimo
2602 4248 2760 4314 neno,
2797 4250 2883 4304 ubi
2913 4251 3036 4322 ejus;
3061 4265 3256 4322 nomen
3289 4248 3589 4322 praefertur,
3618 4262 3769 4322 _c_t_ttu

2183 4318 2369 4380 decem
2421 4324 2611 4389 psalmi
2657 4333 2944 4391 sequentes
2996 4320 3113 4374 sine
3146 4320 3298 4374 titulo
3342 4319 3451 4372 sint
3489 4318 3630 4387 apud
3662 4318 3770 4372 lle~

2185 4399 2383 4454 br;eos.
2421 4394 2562 4449 Man.

2259 4467 2347 4520 55.
2379 4466 2491 4527 Αι..
2521 4465 2743 4535 collegit,
2770 4479 2865 4533 pro
2893 4461 3074 4535 coegit.
3102 4459 3242 4535 Man.

2260 4538 2397 4591 Ibid.
2432 4536 2626 4605 Coegit,
2651 4531 2881 4591 etcfAlii
2914 4552 2926 4586 :
2958 4531 3289 4605 Collegiude
3307 4531 3425 4584 inde
3454 4532 3775 4602 septuaginta

2186 4611 2407 4664 seniores
2430 4603 2653 4676 quodam
2677 4605 2960 4678 spiritualis
2988 4603 3338 4678 intelligentia:
3359 4607 3773 4678 mysterio,_dum

2187 4700 2268 4736 eos
2301 4697 2362 4733 ea:
2393 4673 2609 4732 Ichrtvo
2642 4673 2957 4731 in'ercum
2984 4673 3313 4743 transferunt,
3346 4685 3392 4727 et
3440 4675 3492 4726 in
3546 4675 3778 4732 ordinem

2189 4767 2550 4819 numerumque
2571 4750 2867 4820 disponunt.
2898 4752 3068 4820 Anev.

2262 4823 2351 4877 '56.
2398 4816 2576 4874 Trium
2605 4816 2842 4892 genarum
2872 4818 3184 4892 disciplinas
3203 4817 3506 4892 composuit.
3545 4816 3756 4892 S_ic_5eu

2194 4895 2251 4949 tit
2289 4888 2642 4962 Hieronymus
2669 4892 2817 4945 initio
2840 4890 3344 4962 commentariorum
3373 4893 3424 4942 in
3455 4888 3746 4962 ljjcclesiast

2193 4975 2246 5020 et
2277 4957 2506 5033 epistola
2539 4964 2604 5016 ad
2636 4963 2849 5017 Paulam
2900 4961 3170 5023 Urbicam,
3217 4960 3316 5012 nisi
3343 4959 3484 5028 quod
3511 4973 3616 5033 pro
3644 4957 3758 5033 then

2192 5029 2326 5101 rice,
2359 5051 2516 5102 quam
2562 5034 2711 5103 ponit
2754 5034 3006 5097 lsidorus,
3053 5033 3407 5100 Hieronymus
3446 5029 3608 5103 priori
3661 5030 3778 5082 loco

2195 5101 2882 5179 tlieolo’giantpposteriori
2943 5104 3168 5179 logicum
3204 5103 3425 5179 posuit.
3488 5101 3781 5179 Utramque

2197 5171 2483 5234 lectionem
2533 5171 2881 5246 conjunxisse
2913 5171 3121 5246 videtur
3149 5173 3381 5228 Isidorus
3416 5173 3548 5246 ipse,
3580 5187 3616 5223 ll
3651 5171 3781 5238 Ety-

2197 5252 2394 5321 molog.
2429 5265 2545 5318 cap.
2573 5242 2663 5321 21]
2709 5265 2828 5305 cmn
2866 5249 2980 5302 ait:
3015 5243 3080 5321 In
3118 5246 3195 5321 liis
3225 5246 3412 5321 quippe
3442 5242 3784 5321 tribusgenc-

2196 5315 2368 5376 ribus'
2393 5315 2728 5390 pllioSOp/iiw
2781 5321 2931 5373 etiam
2991 5319 3195 5390 eloquio
3248 5315 3780 5390 dicinaconsistunt.

2199 5395 2337 5462 Nam
2379 5381 2467 5445 (int
2497 5393 2557 5444 de
2589 5381 2769 5442 natura
2811 5381 3096 5462 disputare
3120 5387 3320 5462 solent,
3352 5396 3404 5439 ut
3442 5381 3709 5462 in-Cettesi
3735 5393 3783 5462 et

2197 5459 2538 5526 Ecclesiude,
2592 5464 2789 5533 ant'_de
2841 5456 3085 5533 moribus,
3113 5468 3169 5533 ut
3197 5459 3253 5533 in
3280 5456 3588 5520 Proverbiis,
3645 5462 3691 5506 et
3731 5456 3785 5533 in

2195 5537 2429 5588 omnibus
2459 5533 2652 5601 passim
2699 5531 2861 5594 libris,
2914 5540 2999 5583 aut
3050 5531 3100 5583 in
3151 5528 3338 5601 logica,
3369 5545 3462 5600 pro
3488 5541 3588 5594 qua
3624 5528 3785 5601 nostri

2197 5597 2501 5675 tlieologiuiu
2525 5605 2620 5656 sibi
2641 5603 2929 5675 oendicqut,
2957 5613 3022 5675 ut
3055 5606 3106 5675 in
3135 5597 3336 5675 Cautio,
3368 5597 3615 5675 ἐφηῦρον.
3647 5605 3694 5649 et
3732 5597 3790 5650 in

2196 5669 2508 5747 Evang'eliis.
2541 5700 2609 5716 --
2638 5673 2778 5727 Ibid.
2827 5672 3255 5738 Institutionem;
3283 5673 3380 5737 ai.,
3423 5669 3782 5724 imitationem.

2198 5748 2343 5804 Man.

2268 5819 2358 5888 5,8.
2401 5817 2512 5888 AL,
2543 5816 2938 5889 perveniendum
2966 5835 3064 5891 pro
3095 5813 3492 5891 provehendam.
3533 5836 3607 5856 --
3633 5807 3798 5890 Apud
