4100 6344
228 327 333 386 165

1129 319 1194 380 IN
1231 323 1359 380 LIB.
1407 321 1558 380 VET.
1602 321 1686 380 ET
1726 323 1884 382 NOV.
1917 325 2213 385 TESTAM.
2259 327 2619 387 PROCEMIA.

3411 339 3511 394 166

231 420 316 479 vel
339 419 542 483 divina,
582 412 680 473 sub
712 415 893 488 specie
920 430 1102 487 sponsr
1140 427 1192 474 et
1217 435 1452 489 sponsae,
1483 420 1680 474 Christi
1715 419 1814 476 Ec—
1841 422 1892 481 Α
1913 422 2418 479 Salonionis'titulo
2455 425 2798 494 praenotatur.
2832 427 3054 482 Constat
3087 437 3262 483 autem
3295 443 3343 486 cl
3374 430 3547 489 hunc?

232 520 413 593 clesiaz
463 519 726 584 unitatem
772 517 1033 584 declarat,
1085 529 1248 587 atque
1296 519 1528 573 animam
1570 518 1638 572 ad
1670 520 1825 589 201

231 627 473 683 amorem
523 610 826 666 cwlestium
879 622 1120 667 excitans
1181 612 1570 679 provehendam
1601 614 1667 665 ad
1698 626 1830 666 con-

233 708 466 760 sortium
509 704 602 759 Dei
643 713 918 773 provocat.
972 703 1103 759 illud
1133 705 1293 760 etiam
1326 721 1432 759 non
1464 717 1547 760 est
1577 706 1832 762 omitten-

234 795 388 859 dum,
437 795 584 866 quod
611 811 638 848 a
671 796 980 851 docroribus
1028 797 1226 852 nostris
1277 797 1519 862 traditur,
1554 798 1694 868 apud
1727 799 1831 854 He-

232 889 410 944 braeos
459 890 598 945 hanc
647 889 810 946 fuisse
852 891 1305 959 observationem,
1361 909 1428 948 ne
1481 895 1731 964 cuiquam
1765 896 1832 950 li-

230 982 386 1040 brum
421 982 566 1038 hunc
598 985 774 1053 legere
806 987 1203 1054 permitterent,
1249 988 1350 1041 nisi
1402 989 1516 1044 viro
1553 989 1664 1059 jam
1709 1005 1831 1059 per-

230 1073 385 1130 fectae
417 1075 683 1140 scientiae,
714 1088 766 1132 et
799 1076 1056 1133 laboratae
1110 1079 1256 1144 ﬁdei,
1311 1097 1377 1144 ne
1430 1082 1569 1138 forte
1607 1099 1701 1151 per
1732 1085 1832 1139 itit-

231 1166 584 1233 becillitatem
618 1169 880 1235 infantiae,
909 1179 963 1225 et
996 1172 1116 1226 ﬁdei
1170 1174 1517 1241 imperitiam,
1569 1191 1677 1230 non
1721 1187 1830 1232 tam

230 1261 475 1318 erudiret
522 1263 759 1331 cognitio
811 1263 1044 1319 lubricas
1097 1278 1327 1331 mentes,
1360 1283 1518 1336 quam
1548 1270 1720 1338 potius
1761 1270 1830 1325 ad

233 1352 710 1421 concupiscentias
736 1355 1047 1426 corporales
1073 1368 1440 1415 converteret.

287 1443 394 1510 .39.
439 1447 638 1500 Omnes
687 1448 830 1502 enim
888 1448 1192 1518 Scripturas
1221 1465 1251 1503 a
1303 1452 1614 1510 doctoribus
1642 1469 1828 1510 eorum

234 1536 374 1600 tradi
401 1539 582 1606 pueris
632 1539 850 1595 solitum
880 1552 983 1607 est,
1017 1543 1178 1598 etiam
1227 1559 1320 1600 eas
1345 1561 1481 1616 quas
1527 1550 1830 1604 deuteroseis

229 1641 449 1686 vocant.
480 1631 721 1696 Quatuor
753 1642 954 1690 tantum
1003 1637 1101 1690 ista
1146 1635 1211 1691 ad
1259 1636 1503 1692 ultimum
1540 1641 1827 1704 reservari,

229 1721 412 1789 idest,
451 1723 775 1794 principium
805 1725 1030 1783 Genesis
1061 1727 1128 1782 de
1161 1730 1341 1784 tuendi
1373 1734 1666 1801 creatione,
1695 1733 1833 1788 Eze-

1936 516 2130 570 librum
2172 534 2202 572 a
2258 518 2380 574 lesu
2429 521 2536 578 lilio
2577 521 2768 585 Sirach
2818 522 3020 590 editum
3069 523 3250 588 fuisse,
3291 535 3343 580 et
3387 528 3524 582 inter

1935 609 2172 677 reliquos
2214 627 2486 669 sacrarum
2517 613 2917 681 Scripturarutn
2949 617 3113 671 libros
3139 619 3251 682 pari
3284 621 3522 678 habitum

1935 706 2302 758 veneratione.

2589 799 2668 852 De
2708 798 2874 854 Isaia.

2008 891 2096 946 42.
2128 891 2288 946 Isaias
2313 892 2596 962 propheta,
2619 897 2709 964 qui
2732 898 3112 961 interpretatur
3134 897 3270 950 salus
3303 896 3526 963 Domini,

1937 983 2044 1048 hic,
2081 992 2358 1053 postquam
2401 984 2467 1040 de
2512 985 2664 1038 altari
2700 987 2896 1040 mi~sus
2941 988 3178 1042 calt-nius
3230 989 3364 1045 labia
3413 990 3534 1056 ejus

1937 1075 2201 1144 purgavit,
2231 1075 2421 1142 dignus
2445 1076 2678 1129 el‘ﬁeitnr
2729 1077 2962 1146 Spiritus
3003 1080 3168 1132 sancti
3230 1080 3527 1147 prephetia.

1937 1168 2364 1237 Spt'Cllialtll‘qlle
2411 1171 2517 1224 duo
2568 1171 2841 1238 seraphim
2894 1173 2944 1230 in
2977 1174 3258 1242 zeiiigmate
3304 1177 3530 1230 duorum

1935 1260 2429 1329 Testamentorum,
2453 1277 2574 1318 cum
2600 1264 2880 1322 duodecim
2905 1266 3022 1330 alis,
3048 1267 3098 1320 id
3123 1277 3222 1334 est,
3250 1269 3527 1338 apostolis,

1939 1355 2029 1424 qui
2086 1355 2467 1422 praedicatione
2497 1371 2592 1410 sua
2646 1365 2814 1412 totum
2858 1359 3108 1419 mundum
3157 1362 3362 1418 volucri
3393 1362 3535 1415 cele-

1940 1448 2097 1504 ritate
2128 1448 2460 1513 discurrunt,
2495 1459 2737 1518 tegentes
2770 1451 2959 1506 faciem
2999 1463 3051 1508 et
3100 1453 3262 1521 pedes
3294 1456 3557 1514 sedentis-

1939 1543 1992 1597 in
2027 1545 2218 1598 throno
2245 1545 2362 1606 Dei,
2395 1544 2446 1600 id
2481 1557 2585 1610 est,
2625 1546 2960 1604 occultantes
2987 1563 3073 1615 ea,
3115 1551 3228 1604 sive
3253 1565 3371 1618 qua:
3409 1559 3532 1605 ante

1939 1637 2122 1691 saeculi
2176 1637 2387 1693 luerunt
2433 1639 2674 1704 exordia,
2724 1641 2835 1695 sive
2865 1657 2983 1709 quae
3034 1651 3158 1711 post
3210 1652 3533 1701 transactam

1941 1727 2099 1799 hujus
2132 1731 2312 1784 mundi
2343 1732 2564 1800 ﬁguram
2596 1730 2773 1786 futura
2804 1744 2947 1789 sunt.

228 1814 425 1870 chielis
473 1831 688 1886 quoque
743 1817 1032 1889 principia,
1094 1821 1147 1888 in
1195 1823 1390 1894 quibus
1436 1824 1506 1880 de
1551 1828 1833 1882 cherubim
1867 1831 1915 1890 Β
2013 1822 2102 1877 45.
2147 1823 2242 1878 Hic
2272 1835 2448 1878 tamen
2492 1833 2611 1892 post
2662 1825 2920 1882 visionem
2950 1825 3102 1882 ,ιυιιω
3139 1837 3195 1882 et
3237 1827 3534 1884 Jerusalem

229 1908 468 1979 scripsit,
507 1919 560 1965 et
583 1909 742 1967 ﬁnem
770 1912 906 1984 ejus,
944 1913 998 1970 in
1025 1931 1131 1986 quo
1165 1919 1348 1988 templi
1378 1919 1666 1990 descriptio
1704 1937 1835 1979 con-

231 2005 460 2073 tinetur,
487 2012 544 2062 et
570 2002 794 2066 Cantica
819 2007 1185 2065 Canticorum.

739 2101 819 2158 De
860 2104 989 2158 libro
1031 2105 1332 2175 Sapientia'.

303 2191 398 2248 40.
419 2190 582 2248 Liber
604 2191 671 2250 Sa
681 2194 918 2264 pientiaa,
941 2198 1032 2266 qui
1058 2208 1281 2253 vocatur
1300 2199 1612 2262 Panaretou,
1637 2200 1836 2257 Christi

235 2285 560 2352 adventum,
589 2288 678 2356 qui
705 2297 790 2344 est
818 2291 1084 2356 sapientia
1131 2291 1224 2345 Dei
1254 2291 1451 2360 Patris,
1505 2295 1836 2362 passionem-

231 2395 337 2452 que
367 2382 486 2450 ejus
534 2392 718 2448 aperta
769 2381 1204 2438 manifestatione
1259 2385 1557 2441 denuntiat.
1608 2400 1651 2438 β-
1686 2387 1837 2441 Hunc

233 2476 408 2533 edidit
434 2477 615 2542 Iesus,
665 2476 806 2531 ﬁlius
838 2475 1048 2540 Sirach,
1105 2477 1159 2531 in
1209 2491 1314 2547 quo
1363 2479 1525 2534 etiam
1579 2481 1838 2535 nonnulla

231 2570 448 2628 vivendi
481 2579 750 2643 praecepta
777 2571 1101 2639 composuit.

691 2665 852 2735 202
893 2661 971 2717 De
999 2661 1382 2718 Ecci'esiastico.

302 2755 400 2812 41.
444 2755 856 2812 Ecclesiasticus
897 2768 1026 2809 vero
1055 2767 1264 2809 morum
1294 2770 1432 2824 pene
1457 2754 1695 2809 omnium
1721 2755 1838 2810 dis-

233 2847 519 2919 ciplinam,
548 2856 605 2903 et
630 2857 832 2904 sanctae
869 2831 1145 2916 religionis
1201 2849 1669 2903 conversationem
1703 2849 1834 2902 aﬂa-

234 2942 332 2997 tim
365 2944 698 3014 cepioseque
744 2941 1086 3011 conscripsit.
1120 2941 1304 2995 Dictus
1346 2950 1428 2996 est
1455 2952 1632 2996 autem
1661 2945 1839 3000 Eccle-

233 3036 518 3102 siastieus,
546 3051 643 3106 pro
667 3051 732 3092 eo
758 3035 898 3105 quod
942 3035 994 3090 in
1039 3034 1215 3090 medio
1246 3047 1388 3090 coetu
1423 3035 1619 3104 populi,
1653 3035 1702 3088 id
1731 3045 1832 3098 est,

235 3121 424 3187 coram
473 3132 708 3186 ecclesia
760 3131 916 3185 fuerit
965 3129 1195 3184 habitus.
1269 3129 1366 3184 Hic
1417 3128 1559 3183 enim
1619 3138 1839 3199 propter

1941 1913 2198 1970 adversus
2224 1925 2446 1970 caeteras
2475 1928 2688 1985 gentes,
2721 1933 2841 1987 qua:
2889 1919 2940 1973 in
2986 1918 3181 1974 cicuitu
3229 1921 3346 1989 ejus
3391 1929 3534 1986 sunt,

1942 2009 2237 2078 prophetia:
2268 2013 2536 2072 convertit
2563 2025 2890 2076 sermonem,
2937 2021 2992 2067 et
3034 2013 3184 2079 juxta
3227 2013 3537 2083 qualitatem

1941 2103 2205 2163 locorum,
2262 2111 2317 2158 et
2365 2104 2486 2157 vitae
2515 2103 2902 2169 diversitatem,
2930 2120 3052 2173 quae
3082 2116 3266 2161 essent
3293 2106 3374 2162 eis
3403 2107 3564 2161 mala-

1943 2204 2174 2249 ventura
2204 2196 2500 2250 denuntiat.
2527 2197 2657 2251 Post
2683 2198 3047 2263 captivitatem
3073 2201 3216 2254 enim
3239 2199 3537 2256 Jerusalem

1946 2287 2157 2350 ruinam
2190 2286 2500 2357 Babylonitn
2539 2289 2913 2344 comminatur.
3137 2349 3140 2356 η

2017 2382 2174 2450 203
2203 2379 2292 2434 44.
2335 2381 2537 2436 Deinde
2585 2398 2772 2438 necem
2814 2383 3134 2439 Philisthiim
3161 2426 3175 2450 ,
3233 2387 3538 2441 vastitatem

1946 2476 2118 2536 Moab,
2169 2477 2545 2532 exterminium
2580 2477 2846 2540 Damasci.
2883 2487 2938 2532 et
2977 2478 3190 2549 {Egypti
3219 2479 3554 2532 commotio-r

1944 2585 2092 2634 nem,
2127 2578 2178 2622 et
2209 2570 2552 2624 solitudinem
2586 2573 2749 2624 maris
2778 2571 2998 2636 deserti,
3044 2571 3379 2626 obsidionem
3405 2586 3538 2640 queo

1945 2679 2048 2732 que
2096 2662 2284 2728 lidom,
2339 2662 2513 2728 inuam
2564 2674 2618 2716 et
2662 2663 2933 2717 interitum
2981 2663 3227 2727 Arabize,
3275 2663 3536 2716 excidium

1946 2756 2098 2810 vallis
2130 2756 2280 2821 Sion,
2331 2757 2730 2810 subversionem
2759 2757 2918 2810 etiam
2965 2755 3109 2825 Tyri,
3163 2757 3276 2810 sive
3303 2756 3539 2825 quadru-

1946 2850 2168 2919 pedum.
2221 2848 2324 2904 Sed
2367 2849 2660 2917 ﬁguraliter
2703 2847 2755 2900 in
2799 2847 3006 2902 visione
3055 2847 3204 2902 ludar
3255 2849 3536 2917 Syriagoga

1944 2940 2245 3011 projicitur,
2288 2949 2343 2994 et
2390 2939 2629 2994 Ecclesia
2671 2939 2895 2992 Domino
2945 2940 3242 3008 copulatur.
3287 2939 3338 2992 In
3383 2939 3534 2992 ruina

1948 3035 2259 3105 Babylonia:
2292 3033 2538 3088 conlusio
2573 3033 2736 3086 totius
2761 3031 2945 3086 mundi
2975 3033 3328 3102 superbiaque
3364 3033 3540 3102 argui-

1946 3139 2056 3193 tur,
2086 3136 2140 3182 et
2173 3127 2293 3180 linis
2319 3125 2436 3195 ejus
2457 3135 2807 3181 monstratur.
2840 3124 2898 3179 In
2925 3127 3174 3181 vastitate
3204 3125 3357 3191 Moab
3391 3140 3542 3182 error

233 3223 460 3279 nimiam
490 3237 685 3280 sensus
726 3220 1128 3276 similitudinem
1170 3230 1225 3274 et
1272 3219 1468 3289 eloquii
1516 3213 1919 3287 parilitatem'C
1952 3218 2190 3276 scientize
2221 3219 2490 3274 srecularis
2521 3219 2572 3273 in
2607 3217 2878 3273 silentium
2908 3217 3215 3286 luctumque
3247 3230 3501 3275 mutatur.

235 3363 493 3418 Hebrtcos
520 3363 656 3417 hanc
687 3364 842 3486 {uisse
873 3361 1290 3416 observationem.
1320 3360 1407 3416 Sic
1441 3361 1820 3433 Hieronymus,

235 3437 299 3486 ad
337 3434 642 3486 Patilinum.
672 3452 690 3486 t
710 3449 739 3486 e
768 3432 987 3486 Genesi.
1019 3443 1072 3486 ct
1105 3432 1364 3486 Drincinio
1388 3445 1545 3486 atoue
1569 3437 1669 3486 line
1696 3438 1820 3486 Eze-

231 3437 299 3491 ad
337 3434 642 3497 Patilinum,
672 3432 739 3488 de
768 3432 987 3496 Genesi,
1019 3443 1072 3486 et
1105 3432 1364 3501 principio
1388 3445 1545 3501 atque
1569 3432 1669 3490 line
1696 3432 1824 3492 Eze?

233 3507 447 3570 chielis,
485 3515 542 3561 et
570 3507 851 3573 Origenes,
886 3505 1071 3558 homit.
1122 3506 1146 3558 1
1206 3506 1255 3556 in
1311 3503 1555 3568 Cantica,
1601 3510 1824 3564 totidem

231 3575 408 3632 ferme
436 3576 641 3641 verbis,
687 3592 821 3646 quos
868 3575 1100 3630 Isidorus
1128 3577 1179 3646 in
1209 3575 1347 3629 hunc
1380 3577 1596 3629 modum
1627 3598 1639 3630 :
1667 3581 1824 3632 Aiunt

231 3650 370 3701 enim
415 3649 674 3702 obseruari
707 3645 872 3702 etiam
918 3649 1054 3711 apud
1105 3645 1366 3710 llebrreos,
1418 3649 1556 3714 quod
1588 3651 1684 3702 nisi
1712 3652 1825 3718 quis

232 3719 302 3770 ad
335 3731 540 3773 atatem
575 3719 849 3786 perfectam
884 3728 1235 3785 maturumque
1265 3721 1563 3784 pervenerit,
1598 3721 1826 3774 libellum

231 3790 374 3842 hunc
402 3807 465 3843 ne
483 3790 692 3859 quidem
721 3791 773 3842 in
802 3790 1033 3842 inanibus
1076 3797 1244 3842 tenere
1274 3790 1610 3857 permittatur.
1648 3792 1752 3845 Sed
1778 3802 1827 3844 et

233 3861 369 3913 illud
395 3862 456 3914 ab
487 3864 562 3916 eis
588 3862 874 3930 accepimus
913 3861 1179 3926 custodiri,
1218 3862 1635 3927 (ptaudoquidcm
1668 3862 1826 3918 maris

232 3943 304 3984 est
337 3933 478 4000 apud
505 3949 594 3985 eos
625 3949 800 3986 onmes
843 3931 1136 3999 Scripturus
1165 3948 1194 3982 η
1225 3931 1515 4000 doctoribus
1547 3942 1591 3984 et
1617 3937 1827 3998 sapien-

230 3999 528 4057 tibustradi
557 4006 747 4070 pueris,
777 4003 928 4055 simul
953 4011 998 4054 et
1020 4018 1104 4054 eas
1128 4018 1252 4066 quas
1286 3999 1618 4075 δευντερῴσεις
1645 4008 1826 4072 tipch-

229 4075 362 4126 lant.
393 4076 472 4127 Ad
498 4076 735 4128 ultimum
765 4081 981 4140 quatuor
1007 4075 1100 4124 ista
1133 4074 1403 4135 reservari,
1434 4074 1495 4124 id
1521 4083 1612 4136 est,
1642 4077 1829 4144 princi-

230 4147 378 4211 pium
418 4145 658 4208 Genesis,
705 4146 754 4197 in
790 4160 891 4212 quo
926 4144 1104 4196 tuuudi
1135 4155 1368 4195 creatura
1408 4145 1732 4210 describitur,
1778 4156 1824 4198 et

228 4215 550 4275 Ezechielis,
593 4224 696 4270 etc.
750 4216 913 4269 l‘orro
955 4224 1082 4268 tetas
1121 4215 1348 4280 perlecta
1400 4230 1508 4267 xxx
1561 4232 1821 4270 annorum

228 4297 374 4362 erat,
405 4300 458 4341 ut
494 4286 574 4362 a_i_t_
601 4285 954 4362 Hieronymus
995 4286 1113 4338 loco
1143 4284 1321 4362 citato,
1370 4294 1423 4338 et
1447 4284 1825 4362 ﬂeorapdiaztg,

229 4369 284 4410 εει
339 4361 459 4428 ipse
515 4357 874 4426 Hieronymus
924 4357 1076 4410 docet
1125 4356 1347 4428 epistola
1397 4355 1462 4409 ad
1510 4355 1817 4425 Algiisiam,

226 4444 278 4495 q.
307 4425 383 4483 lt}
407 4438 463 4484 et
493 4430 548 4483 in
574 4425 770 4483 Bacch.
801 4441 918 4496 cap.
945 4442 1132 4493 xxxvi,
1155 4425 1391 4480 Judaicie
1416 4428 1749 4493 traditiones,
1770 4442 1825 4484 et

225 4499 428 4554 fabulae
458 4509 640 4555 erant.
688 4500 868 4553 Primo
898 4499 1129 4553 Iustitut.
1174 4507 1369 4563 aposl.,
1405 4513 1455 4552 c.
1490 4499 1542 4563 7,
1572 4500 1823 4555 Clemens

223 4571 552 4644 traditiones
580 4574 850 4644 seniorum
882 4580 1036 4644 vocat
1068 4567 1419 4644 δευτερὼσεις.
1456 4569 1818 4644 Easlipipha-

222 4643 345 4696 nius
385 4638 707 4730 limre§._35,
735 4651 916 4730 contra
964 4638 1343 4720 l’tolemailaS,‘
1376 4640 1516 4730 apud
1566 4641 1821 4696 "ebrii-os
1849 4673 1900 4730 ο

221 4723 462 4778 quatuor
494 4711 643 4766 libris
674 4713 1095 4780 comprehensas
1139 4725 1256 4764 esse
1299 4711 1389 4764 ait.
1440 4710 1629 4765 Nostra
1661 4722 1817 4767 uitale

219 4783 504 4838 Thalmud
539 4783 908 4851 babylonicum
942 4783 992 4836 in
1027 4783 1210 4842 Misna,
1245 4792 1300 4833 et
1329 4783 1588 4836 Chemara
1633 4784 1818 4837 distri-

221 4856 416 4910 Iiutum
448 4865 558 4919 est,
593 4863 811 4908 auctore
851 4854 960 4907 Elia
995 4855 1043 4906 in
1073 4852 1277 4906 Thisbi.
1331 4852 1493 4904 Misoa
1539 4864 1714 4908 autem
1765 4865 1820 4909 et

219 4925 560 4989 deuterosis,
588 4926 729 4993 quod
761 4926 842 4979 vis
865 4925 1139 4992 utriusque
1170 4923 1401 4977 nominis
1432 4926 1693 4988 declarat,
1727 4942 1815 4980 re-

219 4998 546 5062 petitionem
569 4997 943 5064 signilicantis,
975 4995 1118 5067 idem
1150 5003 1293 5058 sunt,
1322 5010 1384 5048 ac
1409 4996 1621 5061 proiirie
1650 4998 1816 5067 signi-

217 5068 388 5124 ﬁcant
439 5078 717 5138 praecepta
767 5069 848 5121 vel
903 5066 1268 5135 expositiones
1316 5067 1468 5135 legis,
1527 5084 1644 5133 qua:
1699 5066 1818 5133 post

216 5139 452 5211 Moysen
477 5142 550 5194 ab
583 5138 820 5192 Hebraeis
850 5140 1061 5191 inventa
1083 5148 1384 5211 rsunt,_.qua
1430 5139 1638 5192 ratione
1673 5139 1815 5211 inter

214 5208 429 5280 Mei-sis
491 5211 662 5266 libros
716 5210 1185 5280 lieuteronomium
1246 5208 1345 5280 hoc
1391 5225 1586 5280 nomen
1635 5210 1813 5272 habet,

216 5278 361 5350 quod
400 5285 478 5337 sit
514 5284 660 5334 velut
691 5281 940 5348 repetitio
974 5278 1389 5350 praecedentium
1434 5279 1716 5339 librorum.
1763 5293 1817 5332 et

211 5349 365 5422 Quasi
385 5351 636 5408 secunda
661 5354 764 5415 lex,
790 5363 842 5404 ut
861 5350 988 5418 ipsis
1013 5349 1198 5403 lsidori
1225 5349 1398 5422 verbis
1420 5362 1648 5422 utamur.
1674 5351 1815 5405 Mart.

279 5425 437 5478 Ibid.
505 5423 1053 5476 Animadvertendum
1119 5422 1278 5473 etiam
1338 5420 1588 5475 llebrieos
1635 5421 1820 5476 existi-

210 5512 392 5553 masse
421 5511 540 5549 rion
561 5503 814 5564 Oportere
846 5505 900 5548 ut
931 5506 1097 5546 sat-rae
1137 5495 1422 5558 Scriptura:
1476 5493 1592 5546 libri
1632 5508 1820 5546 omnes

211 5575 538 5635 prorniscue
593 5566 844 5619 omnibus
904 5564 1112 5631 legendi
1184 5566 1541 5616 traderentur.
1611 5564 1677 5618 Et
1731 5565 1822 5616 illo

209 5641 438 5706 quidem
477 5647 725 5704 tempore
750 5652 856 5704 quo
886 5635 1144 5689 librorum
1175 5636 1325 5701 copia
1372 5651 1476 5687 non
1531 5643 1598 5689 ita
1649 5635 1824 5690 facilis

209 5722 340 5773 erat,
369 5710 592 5778 quippe
623 5721 745 5760 cum
778 5721 941 5760 manu
964 5720 1151 5778 otnnes
1173 5707 1561 5778 set-iberentur,
1597 5708 1825 5762 fortasse

211 5796 311 5837 non
363 5775 446 5835 ita
485 5793 740 5847 magnum
795 5775 1088 5846 periculum
1136 5776 1486 5842 imminebat;
1540 5790 1593 5830 at
1641 5792 1824 5834 nostro

214 5857 498 5929 lant-ore,
526 5863 636 5922 quo
657 5849 1024 5938 typosraphiae
1040 5848 1321 5920 beneﬁcio
1347 5848 1626 5906 innumera
1658 5853 1822 5906 iitro-

1935 3381 2053 3419 rum
2101 3363 2427 3432 exemplaria
2478 3359 2734 3417 facillime
2765 3363 2816 3417 in
2852 3363 3038 3432 vulgus
3097 3364 3380 3429 prodeunt,
3416 3361 3534 3430 quis

1935 3447 2089 3501 neget
2120 3434 2459 3488 sanctissime
2487 3435 2552 3487 ah
2607 3435 2850 3488 Ecclesia
2881 3436 3230 3489 constitutum
3282 3433 3444 3488 fuisse
3472 3449 3537 3487 ne

1932 3507 2173 3576 vulgaris
2205 3520 2479 3560 sacrorum
2511 3505 2790 3559 hibliorum
2816 3506 2975 3561 lectio
2998 3507 3162 3561 cuivis
3191 3507 3306 3560 sine
3326 3507 3536 3560 delectu

1933 3575 2375 3647 permitteretur?
2402 3577 2570 3629 AREV.

2004 3648 2093 3702 55'.
2141 3650 2349 3713 Omnes,
2405 3659 2512 3701 etc.
2573 3647 2675 3700 Alii
2720 3667 2732 3700 :
2785 3648 3203 3712 Quandoquidem
3256 3665 3409 3700 moris
3461 3656 3538 3702 est

1933 3721 2073 3788 apud
2104 3735 2207 3781 eos,
2245 3732 2424 3770 omnes
2458 3717 2753 3781 Scripturas
2784 3736 2812 3770 a
2843 3719 3135 3771 doctoribus
3162 3728 3206 3769 et
3228 3719 3535 3782 sapientibus

1934 3792 2070 3842 tradi
2104 3790 2294 3852 pltr’l'is,
2329 3791 2484 3841 simul
2537 3799 2579 3840 et
2631 3807 2714 3841 eus
2757 3805 2884 3856 quas
2916 3790 3218 3841 deuterostis
3249 3790 3531 3857 appellant,

1933 3862 2004 3913 (td
2035 3860 2268 3912 ultimum
2292 3871 2511 3926 quatuor
2543 3862 2636 3912 ista
2667 3861 2934 3912 reservari.
2971 3860 3143 3929 Attigv.
3316 3923 3318 3926 ι
3540 3897 3542 3900 ν

2005 3931 2094 3984 1:0.
2122 3931 2275 3984 Liber
2303 3931 2706 4001 Sapientiw,qui
2737 3941 2945 3983 vocatur
2965 3931 3278 3985 I’unareton.
3297 3931 3384 3986 Sic
3410 3931 3534 4000 legit

1933 4002 2374 4056 'l‘arraconensis.
2407 4001 2458 4053 In
2496 4001 2612 4070 aliis
2644 4001 2927 4055 (indicibus
2958 4019 3056 4054 vov
3092 4001 3381 4056 Panarctou
3414 4019 3531 4055 Cur-

1932 4083 2088 4137 rupta
2122 4083 2258 4133 erat,
2303 4072 2402 4125 nisi
2437 4071 2576 4140 quod
2627 4076 2674 4125 in
2725 4090 2788 4124 on
2820 4087 3005 4126 (mines
3039 4074 3415 4127 ti-rininalmnt.
3461 4075 3532 4128 Ea

1933 4144 2094 4198 verba
2127 4161 2190 4200 ex
2224 4144 2568 4212 Hieronymo,
2613 4144 2835 4212 proli-go
2886 4147 2936 4197 in
2992 4144 3293 4198 Salomonis
3340 4161 3523 4211 Opera,

1932 4231 2116 4270 errore
2155 4215 2380 4282 quodam
2423 4228 2633 4281 sumpta
2665 4217 2732 4264 ah
2769 4215 2970 4269 l~itltlr0
2999 4224 3144 4271 Sunt.
3204 4214 3411 4276 Fertur,
3449 4217 3531 4268 in-

1933 4285 2048 4354 quit
2079 4286 2457 4353 llicrouymtts,
2483 4295 2526 4337 et
2561 4283 2852 4338 Pauu’rrtos
2884 4284 3008 4339 Ji’su
3034 4287 3127 4349 ﬁlii
3167 4286 3349 4340 Sirac/t
3383 4288 3530 4353 liber,

1935 4367 1978 4409 et
2009 4357 2142 4409 alius
2171 4355 2660 4426 pseudepigmpltus,
2688 4359 2776 4424 qui
2818 4357 3087 4426 Sapientia
3120 4357 3412 4410 Solomonis
3454 4360 3531 4409 in-

1932 4427 2193 4481 scribitur.
2251 4430 2399 4492 anil
2455 4442 2587 4490 ergo
2632 4428 2987 4498 llier-tnymus
3035 4430 3102 4482 de
3153 4429 3531 4483 Ecclesia~tim

1932 4501 2088 4560 dixit,
2141 4498 2372 4552 Isidorus
2401 4499 2464 4551 ad
2516 4498 2810 4558 Sapientiae
2844 4500 3033 4560 librum
3062 4500 3355 4562 transtulit,
3421 4516 3526 4554 non

1933 4569 2118 4623 eadem
2156 4585 2369 4634 [rursus
2393 4586 2540 4624 voce.
2576 4569 2701 4621 Nini
2739 4569 3052 4634 Punnrretos,
3102 4587 3205 4638 qua
3241 4587 3368 4624 voce
3403 4571 3518 4624 Ilie-

1931 4651 2293 4708 rouymusest
2321 4656 2464 4703 usus,
2494 4640 2746 4692 eximium
2782 4656 2843 4694 ac
2879 4641 3198 4709 prati-initum
3235 4643 3522 4711 s‘gnilit-at,

1929 4711 1998 4788 ab
2030 4713 2265 4787 ἀρέομαι,
2327 4711 2637 4788 Panareton‘
2673 4724 2848 4764 autem
2884 4715 3003 4788 _o‘zrr_6
3033 4721 3121 4770 τῆς
3152 4714 3336 4788 ἀρετῆς
3370 4715 3522 4781 quasi

1929 4783 2188 4837 virtutum
2229 4784 2466 4836 omnium
2497 4783 2835 4850 apothecam.
2883 4783 3153 4844 Haliartus.
3188 4783 3413 4852 'prolog.
3469 4785 3521 4838 in

1929 4854 2267 4916 Ecclesiast.,
2321 4854 2505 4906 lsidori
2561 4863 2774 4923 etymon
2824 4864 3057 4920 secutus,
3120 4871 3222 4907 non
3273 4855 3522 4922 gignendi

1927 4939 2078 4986 casu,
2137 4935 2194 4977 ut
2233 4925 2366 4990 ipse,
2398 4925 2491 4978 sed
2541 4925 2874 4984 nominandi.
2927 4941 3099 4993 neque
3138 4927 3203 4984 de
3235 4926 3522 4994 Sapientia:

1927 4995 2086 5060 libro,
2121 4997 2212 5050 sed
2242 4997 2638 5059 lit-clesiastico,
2662 5007 2878 5063 erepter
2900 4997 3296 5060 excellentiam,
3327 4997 3511 5061 inquit,

1928 5068 2183 5120 virtuttu'n
2212 5083 2423 5120 suarum
2454 5067 2764 5131 Panaretos,
2797 5069 2972 5133 idest,
2995 5070 3232 5123 omnium
3264 5070 3512 5120 virtutum

1926 5153 2096 5204 capax
2130 5139 2448 5205 appellatur.
2472 5137 2612 5191 MAR.

2000 5208 2140 5262 Ibid.
2207 5210 2372 5262 Verba
2427 5207 2649 5262 Hunc...
2699 5212 2982 5278 composuit
3023 5210 3175 5264 obelu
3215 5224 3243 5262 a
3283 5207 3515 5261 Mariana

1929 5287 2178 5344 tanquam
2205 5283 2362 5334 dnba
2387 5292 2661 5334 notantur.
2690 5283 2860 5336 Λιὶιιὶν.
3130 5331 3134 5334 .
3548 5335 3551 5337 ,

1997 5351 2088 5405 4‘2.
2131 5349 2316 5402 Teium
2369 5353 2614 5404 mundum
2670 5354 2861 5405 uolucri
2901 5352 3152 5405 celeritate
3202 5350 3516 5404 discurrunt.

1930 5422 2302 5489 Hispanismus
2332 5432 2430 5484 est,
2467 5438 2560 5489 pro
2611 5422 2714 5475 Per
2746 5437 2904 5475 tOilHN
2933 5420 3199 5475 mundum.
3234 5423 3373 5474 MAR.

2003 5492 2092 5547 44.
2129 5493 2405 5546 Excidium
2439 5495 2584 5546 vallis
2613 5494 2760 5548 Sion.
2803 5493 2891 5552 Se
2934 5501 3242 5544 constanter
3273 5492 3522 5555 legebant

1932 5570 2110 5618 omnia
2141 5565 2462 5632 exemplaria
2498 5579 2877 5628 pramer‘tltttlln
2913 5562 3325 5616 Lmneniiinum
3350 5605 3364 5627 ,
3399 5567 3509 5627 cui,

1934 5638 2074 5705 quod
2108 5651 2295 5689 recens
2329 5644 2469 5689 esset
2494 5637 2838 5700 descriptum,
2874 5649 2978 5686 non
3008 5633 3229 5688 tnultutn
3264 5637 3384 5687 liilei
3426 5633 3519 5688 tri-

1935 5709 2246 5772 buebamus,
2294 5709 2344 5758 in
2377 5721 2482 5775 quo
2509 5705 2762 5758 excidium
2786 5705 2936 5775 uallis
2970 5705 3175 5758 visionis
3218 5707 3515 5773 legebatur.

1933 5781 2050 5832 lsai.
2077 5797 2204 5843 iisti,
2232 5782 2282 5835 l.
2308 5778 2661 5844 Hieronymus
2681 5785 2734 5828 et
2761 5774 2975 5842 Vulgata
2993 5775 3135 5830 Onus
3153 5778 3300 5831 uallis
3317 5775 3520 5828 visionis

1936 5854 2134 5921 ιρεηηι,
2191 5847 2534 5920 septuaginta
2582 5844 2900 5914 interpretes
2950 5846 3088 5922 ρῆμκ
3134 5856 3226 5910 τῆς
3260 5848 3520 5920 φάραγγος
