4100 6344
498 414 595 472 167

1531 411 1592 470 8.
1633 408 1877 470 18100111
1920 409 2368 471 HISPALENSIS
2399 410 2706 472 EPISCOPI

3656 417 3762 475 168
3815 447 3818 454 π

561 531 652 588 45.
681 527 738 586 In
764 527 1044 593 eversione
1075 525 1292 602 Egypti
1323 527 1487 584 totius
1533 528 1716 585 mundi
1755 529 2069 586 idololatria:
2098 533 2150 596 Α
2175 512 2470 588 inebriatus
2496 540 2580 587 est
2609 513 2839 587 mundus
2868 528 3113 586 lethitero
3179 528 3492 586 idololatriae
3540 531 3756 590 haustu.
3817 551 3824 558 ’

487 624 858 688 destruantur,
876 621 1166 693 templique
1189 621 1397 678 Domini
1426 621 1709 678 aediﬁcatio
1732 623 2070 695 praedicatur.

490 716 546 772 ln
577 715 903 772 contritione
932 714 1252 771 Fhilistbiim
1292 715 1468 771 luctus
1497 731 1684 772 eorum
1717 727 2070 784 monstratur,
2103 729 2107 736 ‘

487 812 578 883 qui
629 810 893 882 abijcinut
935 811 1120 882 jugum
1163 809 1384 877 Christi,
1438 819 1494 866 et
1537 813 1746 867 elevant
1784 827 1844 868 se
1887 821 2072 870 contra

488 903 770 959 scientiam
798 901 911 958 Dei.
946 900 1111 956 Porro
1142 911 1236 969 per
1264 899 1579 956 Damascum
1613 901 1923 970 praedicatio
1943 917 2074 973 geu-

489 995 656 1063 titnn,
711 1004 764 1051 et
810 994 962 1049 ruina
1013 991 1317 1048 ostenditur
1368 991 1546 1063 populi
1592 991 1920 1048 Judzeornm.
1975 991 2075 1048 Per

488 1102 624 1143 onus
651 1086 814 1141 maris
837 1085 1032 1140 deserti
1067 1081 1227 1154 hujus
1265 1084 1448 1139 saeculi
1481 1084 1706 1140 tentatio
1743 1083 2073 1151 declaratur,

487 1187 541 1236 et
569 1195 687 1250 qua:
716 1178 790 1235 illi
822 1185 1042 1231 ventura
1074 1186 1198 1232 sunt
1225 1166 1604 1232 ostenduntur.
1707 1200 1715 1208 ι

556 1271 646 1328 46.
680 1269 777 1326 Per
808 1263 1298 1324 ldumtcam'oritur
1327 1268 1409 1323 sol
1453 1267 1679 1338 justitite
1708 1267 1976 1338 gentium,
2020 1274 2076 1322 et

487 1366 719 1421 tenebrae
759 1363 978 1419 veniunt
1031 1360 1228 1431 populo
1273 1359 1603 1416 Judzeorum.
1661 1358 1764 1416 Per
1813 1357 2070 1414 Arabiam
2109 1387 2112 1390 ~

487 1457 812 1528 pradicatur
841 1470 978 1525 aqua
1009 1453 1351 1522 baptismatis
1392 1451 1678 1522 praebenda
1720 1452 1784 1512 iis
1806 1453 1892 1522 qui
1919 1452 2072 1523 luge-

487 1559 615 1608 ruut
652 1548 885 1617 gentium
913 1561 1128 1603 errores
1149 1587 1164 1612 ,
1207 1547 1289 1601 vel
1321 1561 1506 1602 eorum
1539 1547 1915 1617 blasphemias.
1974 1546 2076 1602 Per
2107 1579 2111 1582 -

484 1641 680 1698 vallem
709 1640 838 1695 Sion
871 1637 1100 1709 perditio
1144 1637 1467 1708 prtedicatur
1502 1637 1823 1706 Jerusalem,
1875 1647 1930 1694 et
1959 1637 2074 1692 ha:-

484 1733 797 1795 reticorum,
846 1729 936 1802 qui
967 1729 1035 1786 de
1078 1729 1404 1785 sublimitate
1437 1729 1695 1785 Ecclesiae
1741 1728 2072 1786 ceciderunt.

491 1825 594 1881 Per
621 1825 822 1894 Tyrum
849 1821 1097 1894 gentibus
1134 1821 1479 1892 pradicatur,
1527 1830 1609 1886 ut,
1659 1821 1844 1876 saeculi
1889 1834 2076 1877 errore

488 1916 758 1988 deposito,
791 1915 856 1971 ad
886 1914 1156 1970 Christum
1183 1913 1468 1970 Dominum
1499 1922 1902 1970 convertantur.

559 2010 648 2066 47.
681 2001 902 2079 Reliqua
933 2021 1060 2064 vero
1109 2006 1228 2077 ejus
1266 2006 1349 2063 vel
1376 2005 1444 2062 de
1473 2005 1708 2072 Christo,
1755 2005 1838 2062 vel
1867 2005 1937 2062 de
1967 2003 2072 2060 Ec-

488 2102 652 2158 clesia
679 2101 913 2173 gentium
945 2110 1091 2167 sunt,
1115 2099 1236 2155 sive
1261 2099 1330 2154 de
1355 2101 1819 2154 consummatione
1861 2097 2072 2154 mundi.

494 2193 842 2264 Prophetavit
888 2201 1067 2249 autem
1109 2192 1266 2247 annis
1314 2191 1482 2248 ferme
1523 2207 1630 2247 axx
1658 2232 1674 2259 ,
1714 2190 1816 2246 sub
1861 2189 2104 2261 regibus

493 2288 717 2357 quatuor
745 2283 922 2355 Judm,
973 2283 1161 2340 ordine
1203 2291 1365 2355 atque
1408 2298 1606 2353 genere
1654 2281 1872 2338 sibimet
1919 2280 2082 2352 205

494 2377 938 2444 succedentibus,
977 2375 1029 2432 id
1068 2384 1172 2443 est,
1223 2376 1382 2445 Ozia,
1433 2374 1707 2439 Joatban,
1756 2372 1965 2438 Acbaz,
2011 2373 2079 2427 ad

494 2469 738 2525 ultimum
785 2468 1054 2525 Ezechia:
1094 2468 1194 2524 sub
1238 2482 1347 2539 quo
1394 2482 1517 2538 pars
1564 2482 1757 2537 magna
1795 2465 2103 2522 voluminis

499 2566 616 2635 ejus
643 2576 812 2632 usque
838 2560 904 2616 ad
935 2561 1137 2618 calcem
1168 2561 1366 2617 texitur
1393 2559 1711 2633 prophetiae.

832 2703 834 2706 .
1113 2653 1192 2709 De
1218 2652 1443 2710 Ieremia
1545 2689 1549 2696 -

566 2747 658 2802 48.
686 2746 946 2806 Jeremias
973 2748 1255 2818 propheta,
1295 2748 1386 2817 qui
1435 2747 1818 2819 interpretatur
1855 2745 2081 2801 excelsus

500 2841 736 2909 Domini,
761 2842 988 2914 simplex
1034 2844 1086 2898 in
1127 2843 1418 2914 loquendo,
1468 2851 1525 2898 et
1569 2843 1635 2897 ad
1678 2840 2103 2912 intelligendum,

493 2931 704 2998 facilis;
755 2934 842 3004 qui
885 2934 938 2989 in
984 2932 1234 2988 omnibus
1275 2932 1437 2988 dictis
1485 2940 1540 2988 et
1589 2931 1930 3005 passionibus
1969 2931 2082 2986 suis

500 3024 873 3098 Redemptoris
905 3025 1074 3082 nostri
1124 3025 1411 3097 imaginem
1459 3025 1716 3095 prmtulit.
1773 3024 1889 3088 llic,
1936 3031 2085 3094 post-

495 3131 655 3189 quam
687 3116 740 3174 in
770 3126 898 3190 typo
926 3117 1122 3173 Christi
1151 3132 1312 3188 regna
1342 3117 1617 3174 destruxit
1641 3115 1835 3172 diaboli
1865 3157 1879 3183 ,
1926 3114 2084 3186 justi-

499 3211 691 3279 tiazque
729 3213 811 3268 vel
849 3211 969 3268 lidei
1013 3210 1296 3266 :edillcavit
1338 3210 1655 3281 imperium,
1703 3209 1925 3280 jubetur
1961 3224 2084 3280 pro-

2249 624 2340 683 51.
2371 625 2598 682 Jubetur
2639 636 2691 681 et
2722 624 2987 697 projicere
3029 626 3082 681 in
3136 625 3465 697 Euphratem
3508 626 3758 683 volumen
3818 644 3824 650 δ

2176 717 2336 788 lapidi
2377 719 2678 790 alligatum,
2731 717 2796 772 ad
2843 715 3319 773 demonstrandum
3350 718 3621 773 interitum
3652 718 3760 774 Ba-

2177 808 2406 879 bylonis,
2439 809 2524 864 vel
2567 807 2860 879 ﬁguraliter
2894 809 3053 863 totius
3093 807 3298 863 mundi.
3331 807 3574 878 Increpat
3600 807 3762 865 etiam

2179 902 2570 971 delinquentes.
2598 909 2650 955 et
2677 901 2740 954 ad
2771 900 3177 956 conversionem
3208 911 3484 970 provocat.

2248 992 2338 1046 52.
2370 993 2449 1048 Ad
2481 993 2724 1047 ultimum
2763 991 2964 1062 plangit
3010 992 3218 1047 ruinam
3245 991 3538 1048 Jerusalem
3562 1035 3576 1058 ,
3628 1001 3764 1050 tem-
3816 1017 3820 1020 ·

2180 1084 2359 1154 piique
2403 1084 2697 1150 excidium,
2754 1093 2808 1138 et
2845 1082 3236 1154 dispersionem
3276 1085 3487 1154 gentis;
3539 1099 3766 1156 quaeque
3815 1111 3818 1113 λ

2110 1200 2114 1204 η
2178 1189 2283 1231 non
2317 1184 2519 1230 tantum
2547 1175 2947 1245 prmnuntiavit,
2987 1175 3080 1231 sed
3109 1175 3270 1232 etiam
3305 1174 3584 1244 prmsentia
3608 1175 3766 1232 vidit.
3810 1201 3818 1208 -

2179 1266 2412 1321 Exursus
2431 1274 2512 1322 est
2538 1276 2717 1320 autem
2739 1265 3055 1321 duodecimo
3079 1282 3220 1322 anno
3252 1266 3414 1322 Josia:
3445 1269 3587 1338 regis
3607 1267 3760 1324 Judze
3815 1291 3818 1294 θ

2179 1374 2248 1414 co
2271 1368 2514 1429 tempore
2552 1375 2660 1429 quo
2704 1371 2758 1414 et
2796 1359 2926 1414 Ulda
2959 1360 3154 1416 mulier
3205 1359 3597 1431 prophetiaque
3644 1362 3766 1432 ejus

2177 1469 2274 1524 per
2295 1465 2522 1525 quatuor
2560 1468 2714 1526 reges
2740 1461 2958 1510 extensa
2983 1463 3087 1518 est,
3118 1454 3217 1508 sub
3238 1451 3405 1521 Josia,
3433 1460 3487 1508 et
3519 1453 3763 1522 Eliacirn,

2179 1555 2236 1602 et
2262 1545 2491 1612 Joacim.
2528 1555 2583 1602 et
2618 1546 2778 1618 205
2811 1545 3059 1611 Sedecia,
3101 1545 3202 1600 sub
3230 1560 3337 1614 qtto
3365 1558 3547 1600 everSa
3570 1553 3654 1600 est
3679 1540 3768 1598 Je-

2181 1637 2443 1692 rusalem.
2491 1637 2657 1692 Annis
2689 1653 2830 1691 Lxxtt
2860 1646 2913 1692 et
2957 1636 3128 1691 tribus
3175 1635 3452 1691 mensibus
3483 1635 3768 1706 propheta-

2178 1731 2277 1794 vit,
2307 1737 2533 1798 excepto
2565 1729 2656 1783 illo
2698 1738 2940 1798 tempore
2979 1741 3085 1799 quo
3125 1736 3244 1798 post
3274 1741 3520 1784 eversam
3550 1725 3771 1784 Jerusa-

2149 1865 2152 1868 .
2182 1821 2289 1878 lem
2319 1823 2373 1878 in
2414 1822 2649 1895 Egypto
2677 1838 2797 1878 cum
2829 1821 3027 1892 populo
3057 1821 3176 1876 luit.

2713 1955 2718 1961 .
2761 1913 2836 1968 De
2866 1912 3158 1968 Ezechiele.

2253 2007 2343 2063 55.
2364 2007 2633 2075 Ezechiel,
2662 2006 2752 2078 qui
2775 2009 2825 2062 in
2844 2007 3088 2062 Latinum
3112 2006 3338 2064 vertitur
3356 2007 3606 2079 fortitudo
3631 2005 3766 2074 Dei;
3801 2023 3812 2048 ε

2181 2101 2273 2157 hic
2302 2101 2535 2172 llgurans
2561 2101 2737 2170 typice
2764 2097 3060 2166 Christum,
3108 2108 3212 2154 stat
3235 2098 3386 2169 juxta
3411 2098 3628 2155 ﬂuvium
3658 2113 3766 2154 sa:-

2180 2195 2309 2259 cttli,
2340 2202 2396 2250 et
2428 2194 2998 2264 praeclaracontuetur
3028 2193 3306 2265 mysteria.

2223 2319 2226 2322 ~
2254 2286 2344 2342 54.
2373 2285 2558 2342 Cernit
2600 2285 3008 2342 similitudinem
3046 2288 3233 2357 gloriae
3266 2287 3380 2356 Dei,
3437 2296 3507 2343 et.
3539 2295 3768 2359 quatuor
3797 2302 3810 2328 ε

2182 2379 2433 2434 animalia
2478 2379 2529 2434 in
2561 2377 2964 2434 similitudinem
2993 2379 3413 2449 evangeliorum,
3460 2389 3514 2436 et
3542 2387 3769 2435 rotasse
3801 2405 3812 2422 ν

2183 2471 2414 2527 invicem
2439 2470 2778 2526 continentes
2809 2471 2860 2535 in
2890 2479 3014 2542 typo
3036 2480 3498 2527 teSIamentorum.
3532 2471 3767 2528 Videte!
3805 2505 3810 2512 -

2184 2563 2448 2633 aurigam,
2503 2561 2554 2618 id
2606 2571 2708 2629 est,
2755 2562 3050 2629 Christum,
3096 2561 3348 2618 deorsum
3397 2563 3518 2633 igne
3557 2562 3804 2633 judicii,.

2183 2669 2396 2711 sursum
2423 2653 2632 2720 electri,
2668 2653 2716 2708 id
2745 2662 2849 2719 est,
2883 2652 3178 2708 divinitatis
3209 2653 3414 2724 fulgore
3444 2655 3769 2710 rutilantem.

2183 2746 2427 2802 Comedit
2448 2761 2663 2816 quoque
2685 2745 2876 2801 librum
2907 2731 3101 2800 divinae
3123 2745 3274 2814 legis,
3309 2747 3362 2802 in
3384 2763 3490 2816 quo
3513 2751 3769 2817 scriptum

2184 2846 2268 2895 est
2297 2839 2587 2894 lamentum
2617 2838 3011 2908 ptenitentium,
3041 2842 3096 2892 'et
3125 2853 3341 2893 carmen
3383 2838 3664 2908 justorum,
3717 2848 3773 2894 et
3796 2871 3810 2885 -

2187 2946 2269 2985 va:
2293 2946 2480 2986 eorum
2510 2929 2598 3001 qui
2639 2938 2760 3000 post
2783 2939 3054 3000 peccatum
3086 2930 3455 3000 paenitentiam
3491 2947 3594 2987 non
3633 2946 3759 3002 ege-
3799 2963 3804 2982 r

2188 3031 2334 3078 runt.
2671 3069 2674 3074 .
3063 3065 3070 3073 .
3233 3069 3236 3072 .

2387 3117 2590 3173 Dehinc
2618 3117 2812 3188 accipit
2855 3117 3100 3187 laterem,
3145 3119 3196 3174 in
3228 3133 3332 3188 quo
3371 3121 3589 3176 obsessa
3617 3119 3771 3175 Jeru-
3800 3158 3805 3166 .

2189 3214 2354 3270 salem
2389 3212 2593 3284 pictura
2624 3213 2972 3280 describitur,
3003 3215 3082 3270 vel
3111 3215 3164 3268 in
3195 3230 3303 3286 quo
3333 3215 3432 3269 sub
3463 3225 3586 3286 typo
3617 3215 3806 3270 (λιτὶ-ι

495 3299 716 3370 pbetare
738 3315 899 3373 super
929 3315 1119 3356 omnes
1153 3309 1362 3371 gentes,
1413 3300 1704 3373 Egyptum
1733 3299 1982 3355 videlicet
2029 3307 2082 3356 et
2111 3310 2159 3376 ο
2195 3305 2262 3360 sti
2289 3305 2528 3374 ejusdem
2557 3304 2879 3370 Jerusalem,
2931 3305 2982 3360 id
3011 3314 3116 3373 est,
3154 3308 3314 3361 totius
3343 3306 3621 3371 Ecclesiae,
3651 3321 3772 3377 quan

497 3392 833 3461 Palaestinos,
879 3393 1034 3449 Moab
1062 3405 1116 3450 et
1141 3392 1368 3449 Ammon
1389 3435 1405 3462 ,
1450 3393 1620 3451 Edom
1651 3405 1704 3451 et
1740 3395 2079 3462 Damascum,

498 3496 553 3544 et
578 3487 772 3556 Cedar,
799 3497 854 3544 et
872 3501 1034 3559 super
1053 3501 1220 3558 regna
1238 3488 1426 3555 Assur,
1459 3503 1669 3544 necnon
1699 3504 1861 3561 super
1887 3486 2080 3556 llelan,

501 3592 556 3639 et
587 3582 930 3657 Babyloniam
1384 3642 1386 3644 ,

521 3679 526 3686 ”
569 3676 660 3734 49.
689 3677 833 3734 Inter
876 3676 992 3734 haec
1018 3685 1195 3734 autem
1237 3675 1379 3734 videt
1425 3674 1627 3748 virgam
1671 3673 1972 3746 vigilantem
2003 3671 2084 3728 di-

499 3773 638 3829 vinae
670 3769 1025 3842 correptionis
1071 3781 1126 3828 et
1167 3770 1464 3841 potestatis.
1506 3769 1677 3825 Ollam
1703 3771 1925 3840 quoque
1952 3780 2118 3828 suc-.

498 3879 740 3934 censam,
789 3865 843 3922 id
882 3872 988 3932 est,
1036 3863 1314 3921 Judaicam
1356 3862 1566 3934 plebem
1615 3861 1736 3932 igne
1787 3859 2117 3915 carnalium.

503 3954 894 4013 desideriorum
942 3953 1245 4010 ardentem.
1303 3952 1510 4022 Aspicit
1552 3961 1607 4006 et
1653 3950 1788 4006 duos
1824 3951 2086 4022 cophinos

500 4047 724 4103 licorum
752 4045 806 4102 in
835 4045 1268 4117 prreliguratione
1289 4044 1516 4100 duorum
1547 4042 1886 4113 populorum.

574 4138 664 4194 50.
689 4137 975 4194 Descendit
1005 4137 1143 4194 etin
1171 4136 1388 4192 domum
1436 4135 1601 4205 liguli,
1639 4142 1698 4190 et
1742 4133 1888 4189 videt
1927 4134 2086 4190 dimi-

502 4229 778 4285 nutionem
808 4227 953 4284 vasis
996 4227 1210 4299 prioris,
1259 4235 1315 4283 et
1361 4226 1485 4282 novi
1539 4225 1976 4288 instaurationem
2016 4226 2083 4282 ad

501 4320 889 4393 designandum
920 4319 1188 4376 deiectum
1237 4317 1433 4390 prioris
1463 4319 1666 4390 populi,
1714 4313 2118 4394 ctsuccessioo:

503 4429 626 4470 nem
668 4412 851 4468 l'uturi.
901 4411 1079 4468 Sumit
1124 4411 1283 4468 etiam
1326 4411 1546 4467 calicem
1591 4409 1878 4481 supplicii,
1928 4421 2086 4481 atque

504 4505 770 4562 universis
797 4504 1045 4577 gentibus
1075 4505 1314 4576 porrigit.
1354 4503 1560 4574 Accipit
1596 4512 1652 4559 et
1697 4503 1943 4559 lumbare
1987 4506 2087 4560 sub

505 4597 753 4668 exemplo
776 4597 954 4669 pepuli
986 4596 1314 4662 Judarorum,
1347 4603 1509 4666 atque
1540 4597 1895 4666 putrefactum
1923 4597 2087 4668 proji-

2189 3403 2273 3452 est
2300 3411 2330 3450 e
2361 3396 2532 3451 latere
2560 3394 2758 3450 Christi
2787 3396 3056 3466 formata,
3089 3399 3339 3468 mysteria
3373 3397 3768 3453 describuntur.
3797 3397 3812 3477 ’ὲ

2186 3486 2345 3557 Capit
2369 3495 2424 3542 et
2451 3486 2537 3542 hic
2590 3487 2848 3557 prephcta
2895 3491 3165 3544 somnium
3210 3490 3411 3545 sinistri
3464 3474 3667 3555 lateris,
3715 3491 3769 3546 in

2109 3607 2113 3635 ε
2189 3589 2320 3652 typo
2347 3581 2534 3635 mortis
2566 3592 2922 3650 peccatorum,
2956 3584 3042 3652 qui
3073 3584 3138 3638 ad
3173 3583 3362 3639 lteram
3396 3585 3768 3655 po~i;ia:tcrna
3804 3612 3808 3616 ~

2190 3672 2455 3744 supplicia
2489 3674 2828 3730 sustinebunt
2851 3691 2864 3729 :
2891 3690 2954 3730 ac
2972 3677 3186 3731 demum
3208 3691 3236 3731 a
3265 3678 3486 3732 sinistro
3511 3678 3562 3732 in
3579 3677 3769 3733 dextro

2195 3766 2367 3823 latere
2388 3766 2625 3822 dormire
2653 3766 2866 3836 jubetur
2899 3778 3115 3839 promer
3141 3785 3289 3838 spem
3329 3785 3515 3825 eorum
3545 3770 3634 3841 qui
3678 3783 3771 3839 per
3803 3819 3807 3828 .

2191 3859 2543 3915 mutationem
2571 3874 2777 3915 ruornrn
2829 3862 3238 3918 resurrectionis
3282 3862 3505 3932 gloriam
3559 3861 3770 3915 obtine-

2191 3953 2342 4033 bunt.
2375 3952 2578 4023 ASpicit
2609 3953 2815 4009 interea
2849 3963 2902 4009 et
2943 3955 3073 4011 duas
3105 3954 3276 4025 virgas
3315 3953 3526 4009 sibimet
3555 3952 3771 4023 Copula-
3803 3961 3809 3966 '

2110 4090 2115 4114 ί
2191 4055 2294 4112 tas,
2345 4045 2397 4100 in
2452 4046 2850 4102 similitudinem
2898 4049 3457 4124 circumcisionishct
3501 4049 3766 4117 gentium,
3805 4032 3807 4036 ’

2189 4139 2306 4195 sive
2332 4139 2564 4210 aquilam
2598 4141 2700 4196 sub
2727 4141 3240 4207 Nabuchodonosor,
3272 4143 3416 4198 velut
3444 4139 3767 4196 Antichriin

2191 4233 2382 4303 ligura,
2418 4232 2622 4303 magnis
2652 4235 2772 4298 alis,
2805 4241 2856 4288 et
2884 4234 3084 4289 volucri
3105 4233 3376 4289 celeritate
3400 4232 3561 4288 tutius
3583 4231 3768 4286 mundi

2190 4325 2410 4393 imperia
2445 4335 2814 4396 occupantem.
3803 4389 3805 4391 ι

2261 4418 2351 4472 56.
2411 4417 2615 4489 Plangit
2671 4431 2924 4490 praeterea
2983 4420 3082 4474 sub
3103 4420 3283 4490 specie
3337 4419 3592 4489 principis
3643 4418 3807 4489 Tyri.

2191 4510 2571 4566 beatitudinem
2603 4511 2824 4578 diaboli,
2876 4528 3034 4582 quam
3073 4514 3273 4577 antisit,
3325 4524 3380 4568 et
3419 4515 3622 4568 ruinam
3653 4512 3768 4582 ejus

2194 4617 2442 4672 magnam
2470 4602 2673 4675 Morte,
2703 4602 2916 4676 magna]
2943 4620 3062 4658 eum
3094 4605 3475 4660 lamentatione
3507 4605 3762 4674 deplorat.

507 4687 583 4745 cit
633 4689 758 4746 illud
813 4690 868 4746 in
915 4690 1302 4760 dispersionem
1359 4698 1510 4745 trans
1555 4688 1776 4744 ﬂumina
1824 4689 2084 4760 gentium.
2120 4705 2164 4764 ι)
2192 4697 2272 4752 Ad
2303 4698 2569 4763 ultimttm,
2602 4699 2918 4754 arundinem
2951 4699 3030 4753 vel
3065 4698 3354 4753 funiculum
3389 4711 3603 4768 gestans
3657 4712 3767 4752 rtie-
3805 4678 3809 4682 ν

503 4781 752 4838 Ostendit
793 4789 850 4838 et
896 4781 1117 4839 calicem
1161 4795 1382 4838 aureum
1431 4779 1742 4852 Babylonis,
1789 4795 1884 4850 per
1927 4797 2086 4853 quem

503 4926 644 4991 Σιὼν,
679 4923 733 4977 id
771 4929 873 4986 est,
921 4921 1124 4976 verbum
1147 4919 1294 4976 vallis
1323 4919 1490 4991 Sion,
1524 4931 1628 4989 quo
1657 4917 1775 4991 loco
1819 4932 2083 4989 suspicor,
2117 4949 2123 4958 ·

501 4989 811 5050 llebraicam
842 4993 1146 5057 lectionem,
1198 5002 1255 5047 ut
1283 4994 1337 5046 in
1362 4989 1632 5062 plerisque
1673 4989 1793 5043 aliis
1825 4992 1979 5062 locis,
2018 4993 2085 5045 ab

502 5067 720 5136 antiquo
747 5078 867 5136 esse
913 5071 1192 5136 mutatam,
1245 5071 1302 5119 et
1337 5077 1434 5132 pro
1471 5067 1624 5136 nim
1652 5068 1744 5121 aeu
1784 5069 1842 5113 ut
1889 5061 2087 5136 habent

502 5132 723 5192 Codices
753 5133 995 5190 llebraici
1036 5135 1138 5188 hoc
1177 5142 1439 5203 tempore,
1479 5140 1537 5187 et
1565 5132 1942 5202 llierouymus,
1983 5134 2081 5188 Se-
2117 5169 2121 5176 λ

504 5210 776 5277 ptuaginta
809 5207 1000 5277 legisse
1041 5212 1188 5277 nutri
1217 5213 1311 5265 ut:
1339 5203 1648 5277 faciliinter
1676 5217 1736 5277 se
1785 5203 2078 5257 litterarum

507 5273 925 5346 permutatione,
972 5273 1140 5332 lec'tio
1189 5273 1509 5346 commutari

508 5343 609 5404 nou
631 5349 908 5405 dissimilis
946 5355 1050 5415 est,
1094 5360 1215 5402 cum
1248 5344 1418 5401 Rabbi
1448 5346 1665 5401 Salomo
1711 5355 1765 5398 et
1795 5343 1960 5397 ltabbi
1989 5345 2091 5398 Da-

509 5421 594 5472 vid
625 5419 824 5488 liimhi,
855 5417 1264 5475 commentariis
1285 5416 1351 5471 ad
1379 5431 1501 5488 eum
1535 5417 1734 5488 locum,
1762 5415 2093 5469 contendant

511 5499 687 5544 vatem
735 5486 818 5615 du?
849 5490 987 5546 valle
1034 5489 1196 5556 Sion,
1247 5497 1406 5559 atque
1454 5486 1790 5558 Jerosolyma
1841 5501 1960 5540 esse
2006 5487 2087 5541 lo-

511 5570 706 5614 eutum.
807 5577 895 5615 xu.

508 5570 706 5614 Cllllllll.
753 5570 895 5615 Μιιι.

582 5630 673 5685 45.
712 5629 827 5684 .larn
865 5630 992 5685 alibi
1023 5631 1206 5686 monui
1253 5631 1308 5686 in
1337 5638 1484 5688 textu
1508 5628 1693 5687 Grialii
1740 5631 1851 5686 lere
1878 5642 2089 5699 semper

505 5700 748 5756 idolatria
777 5701 937 5755 scribi
964 5716 1060 5770 pro
1085 5702 1404 5757 idololatria.
1448 5705 1619 5757 Attev.

579 5773 671 5844 47.
686 5770 1032 5844 ,Pruphctarit
1053 5782 1222 5844 autem
1243 5774 1392 5828 annis
1421 5775 1586 5844 ferme
1616 5788 1740 5829 ιιι.
1769 5773 1911 5840 Quot
1932 5771 2086 5826 annis

503 5843 699 5915 singuli
723 5841 999 5915 propheta:
1030 5843 1306 5915 vaticinati
1335 5841 1465 5911 sint,
1499 5845 1638 5899 haud
1679 5852 1980 5914 promptum
2005 5853 2086 5897 cst

503 5912 799 5987 explicare.
836 5912 894 5972 lu
935 5913 1155 5972 Eusebii
1181 5915 1472 5972 Chronico.
1529 5915 1629 5973 nisi
1657 5912 1804 5971 locus
1825 5912 1907 5971 est
1935 5915 2086 5972 vitia-

1871 6061 1905 6077 ςι-
1956 6070 1966 6075 -

1549 5274 1724 5344 potuit
1748 5289 1763 5339 ;
1815 5277 2080 5344 sententia
2117 5315 2121 5318 .

1985 6068 2158 6095 Ἀ⁶δκηι
2205 6087 2214 6093 ,

2197 4791 2325 4845 titur
2351 4791 2450 4848 sub
2472 4791 2649 4862 specie
2671 4799 2975 4847 sanctorum
3003 4791 3226 4861 mystice
3252 4790 3570 4845 Jerusalem.

2194 4932 2296 4992 lus,
2327 4926 2394 4981 ab
2428 4926 2576 4998 initio
2605 4925 2834 4981 vaticinii
2868 4926 3014 4979 Isaiae
3041 4939 3206 4998 usque
3233 4924 3296 4977 ad
3329 4923 3442 4998 ejus
3476 4923 3764 4998 interitum,

2190 4989 2400 5070 centum
2431 4997 2599 5070 ferme
2627 4998 2749 5070 armi
2773 4999 3090 5070 elabuntur,
3125 4989 3308 5065 Neque
3337 4989 3508 5047 minor
3551 5001 3631 5045 est
3660 4989 3765 5070 dil-

2191 5067 2401 5122 licultas
2432 5071 2482 5122 in
2512 5068 2765 5132 Jeretnia,
2795 5083 2951 5136 quem
2993 5067 3224 5122 Isidorus
3250 5081 3405 5118 artuss
3438 5079 3576 5117 [ιλιι
3609 5072 3662 5115 et
3683 5067 3746 5114 ιιι

2191 5140 2288 5192 bus
2319 5141 2590 5194 mensibus
2621 5143 2965 5208 propltetassc
2991 5139 3084 5201 ait,
3127 5147 3180 5191 et
3208 5138 3449 5204 suSpicur
3479 5137 3766 5188 veltrruen-

2192 5219 2270 5263 ler
2300 5209 2474 5282 locum
2507 5226 2626 5282 esse
2655 5221 2984 5277 corruptum.
3041 5210 3170 5262 Nam
3206 5208 3578 5282 Ilierouyn‘itts,
3620 5218 3770 5282 ctuti-

2191 5292 2357 5334 ment.
2388 5281 2453 5333 ad
2484 5295 2497 5333 ι
2531 5280 2649 5348 ejus
2686 5287 2959 5350 prOpheta-
2991 5294 3133 5347 cap.,
3183 5295 3291 5331 uno
3333 5289 3399 5350 et,
3422 5278 3766 5350 quadraginta
3823 5281 3826 5286 '

2193 5353 2348 5404 annis
2399 5349 2742 5406 vaticinatum
2790 5367 2910 5406 esse
2951 5351 3055 5416 uit,
3113 5362 3302 5418 pra-.tcr
3350 5349 3476 5402 illud
3532 5356 3764 5410 tempus,
3810 5379 3812 5382 μ

2191 5424 2406 5491 quando
2431 5423 2623 5476 ductus
2649 5434 2731 5475 est
2757 5424 2811 5475 itt
2855 5417 3143 5490 JEgyptttttt
3171 5436 3184 5484 ;
3225 5437 3287 5473 ex
3342 5417 3570 5491 Eusebii
3599 5418 3765 5469 Chro-

2193 5487 2332 5558 tiieo,
2375 5493 2442 5546 ab
2487 5493 2636 5545 initio
2675 5487 3257 5559 Jeremiaa'pmphctize
3299 5504 3467 5557 usque
3507 5487 3572 5539 ad
3611 5499 3767 5540 ever-

2189 5578 2303 5616 sam
2335 5562 2656 5626 Jerusalem,
2685 5564 3005 5630 c0Iliguntnr
3027 5579 3147 5615 aunt
3178 5575 3299 5615 xr.v.
3327 5561 3466 5614 Μιιι.

2262 5632 2349 5687 50.
2385 5633 2778 5697 Uintimrtiupem
2811 5634 2942 5685 vasis
2971 5633 3176 5698 prioris.
3223 5631 3631 5685 Diminutionem
3673 5641 3768 5696 pro

2190 5704 2606 5758 comminatione
2631 5703 2784 5766 dixit,
2814 5703 2963 5772 juxta
2999 5705 3127 5757 illud
3161 5702 3393 5757 Terentii
3425 5719 3438 5754 :
3469 5700 3768 5754 Diminuam

2190 5791 2281 5844 ego
2306 5782 2462 5844 caput
2499 5783 2647 5826 tuum
2675 5774 2848 5839 hodie,
2878 5776 2976 5828 nisi
2999 5776 3128 5828 abis.
3158 5773 3296 5827 Man.

2262 5843 2348 5900 55.
2384 5844 2492 5915 AL,
2514 5856 2690 5916 tynmn
2716 5848 2890 5902 mortis
2913 5859 2932 5901 .'
2954 5856 3008 5903 et
3037 5845 3335 5901 Antichristi
3356 5845 3597 5916 figurant.
3623 5843 3766 5908 Msa.

3662 6063 3672 6065 -
3695 6059 3722 6071 ε
