4100 6344
351 361 460 424 169

1280 361 1346 421 IN
1386 362 1513 420 LIB.
1555 356 1716 421 VET.
1757 363 1846 420 ET
1885 358 2038 419 NOV.
2080 356 2376 421 TESTAM.
2418 360 2781 423 PRUCEMIA.
2862 434 2871 440 λ

3526 368 3630 429 170

422 480 515 536 57.
547 478 691 535 Inter
722 479 837 536 haec
873 479 1099 551 mystica
1140 478 1355 550 subiicit
1394 480 1637 551 quaedam
1687 480 1933 548 moralia,
1963 484 2015 542 Α
2046 480 2244 547 tentiis,
2276 490 2332 537 et
2357 483 2634 551 operosior
2663 479 2958 538 intellectu.
2988 478 3092 539 Iste
3112 481 3179 538 ad
3209 497 3300 567 eas
3327 484 3498 561 tribus
3513 504 3634 557 QUAE

345 574 518 629 falsos
564 573 883 629 criminatur
922 572 1242 643 prophetas,
1293 581 1455 642 atque
1505 572 1935 643 speculatoribus

347 665 595 735 prmcipit
619 680 687 721 ne
714 665 975 721 reticeant
1001 665 1283 719 malitiam.
1315 665 1552 732 Quatuor
1578 665 1740 720 etiam
1772 665 1936 720 ultio-

344 772 482 814 num
528 771 717 828 poenas
771 758 1139 827 peccatoribus
1179 756 1455 827 praedicat,
1510 757 1821 827 animasque
1848 773 1936 812 re-

344 850 469 906 dire
494 849 558 904 ad
580 863 804 917 corpora
820 863 913 905 sua
931 848 1233 919 prophetat.
1258 848 1503 904 Ostendit
1524 864 1734 920 quoque
1758 866 1942 905 unum-

341 926 623 1013 quemque
649 941 809 1012 206
831 956 927 1011 pro
957 956 1017 997 se
1045 940 1305 996 rationem
1326 940 1554 996 Domino
1580 940 1934 1009 redditurum,

342 1046 447 1088 nec
478 1034 529 1087 in
570 1032 879 1104 progeniem
912 1047 1071 1102 posse
1098 1032 1237 1117 ultra
1270 1032 1492 1088 ditlundi
1523 1032 1695 1089 labem
1721 1035 1933 1104 paterni

340 1126 553 1184 delicti.

417 1215 509 1273 58.
542 1217 803 1288 Obiurgat
832 1218 973 1273 inter
1013 1216 1129 1273 haec
1167 1216 1267 1273 sub
1294 1216 1448 1273 Oolla
1485 1227 1539 1273 et
1578 1216 1780 1272 Oolliba
1820 1232 1936 1272 om-

340 1326 474 1368 nem
504 1310 887 1383 turpitudinem
918 1310 1176 1367 Samaria:
1215 1317 1270 1366 et
1293 1309 1626 1374 Jerusalem;
1679 1310 1934 1364 nativita-

339 1396 561 1475 temque
599 1404 787 1474 objicit
830 1403 1297 1461 contumeliosam.
1338 1403 1493 1473 Stepe
1520 1404 1680 1459 etiam
1728 1403 1793 1457 ad
1817 1417 1935 1473 pm-

338 1496 626 1552 nitentiam
657 1496 896 1566 captivos
922 1504 1175 1566 provocat
1212 1496 1457 1566 populos,
1485 1504 1539 1550 et
1561 1503 1681 1564 post
1711 1510 1923 1564 praeva-

336 1589 655 1646 ricationem
695 1590 945 1646 admonet
979 1590 1232 1661 populum
1265 1590 1440 1645 redire
1468 1604 1808 1645 conversum.
1838 1588 1936 1645 llic

337 1690 523 1736 autem
555 1682 727 1737 :etatis
753 1697 865 1738 sua:
892 1697 1033 1737 anno
1062 1679 1155 1746 55,
1194 1689 1249 1736 et
1287 1681 1607 1752 captivitatis
1646 1682 1831 1751 quinto
1878 1683 1931 1738 in

336 1772 597 1832 Chaldaaa
652 1777 904 1833 exsulans
960 1774 1346 1847 preplietavit:
1392 1775 1573 1842 ibique
1625 1775 1933 1833 vaticinium

335 1870 755 1925 consummavit.

961 1962 1038 2019 De
1066 1962 1299 2019 Danicle.

415 2055 505 2112 59.
541 2054 750 2121 Daniel,
780 2054 870 2124 qui
898 2054 1552 2126 interpretaturjudicium
1582 2054 1697 2125 Dei,
1738 2054 1933 2126 quique

337 2145 506 2201 etiam
535 2146 602 2202 de
624 2145 837 2201 Christo
858 2154 1172 2201 cunctorum
1196 2144 1525 2201 manifestior
1552 2145 1930 2216 prophetarum

334 2246 445 2293 est.
474 2237 712 2308 Denique
746 2239 851 2294 iste
888 2252 995 2293 non
1039 2236 1211 2293 solum
1257 2246 1543 2293 venturum
1593 2238 1930 2309 prmdicavit,

335 2339 403 2386 ut
430 2332 632 2399 caeteri,
660 2332 755 2388 sed
784 2332 943 2388 etiam
971 2342 1024 2388 et
1064 2340 1274 2403 tempus
1306 2332 1693 2389 incarnationis
1725 2344 1779 2391 et
1810 2351 1933 2406 pas-

341 2424 512 2479 sionis
543 2439 637 2496 per
667 2424 909 2481 ordinem
937 2439 1122 2496 regum
1153 2434 1209 2481 et
1238 2441 1524 2481 numerum
1556 2426 1798 2482 delinivit
1837 2442 1934 2482 an-

338 2533 557 2586 norum,
600 2521 671 2575 ita
701 2527 760 2575 ut
790 2519 969 2589 potius
1005 2534 1113 2575 nou
1151 2518 1395 2575 videatur
1436 2518 1675 2597 ‘l'uturum
1733 2520 1932 2588 praedi-

338 2624 493 2679 cere,
523 2612 617 2667 sed
648 2610 798 2681 quasi
820 2620 1089 2668 transacta
1111 2627 1350 2668 narrare.
1386 2611 1481 2667 Hic
1507 2621 1683 2667 autem
1707 2622 1935 2681 quatuor

340 2718 634 2775 regnorum
659 2706 834 2761 cernit
861 2703 1194 2776 frequentius
1225 2704 1483 2771 visiones,
1514 2719 1808 2775 eorumque
1831 2703 1936 2760 dif-

340 2795 599 2853 ferentias
627 2797 725 2854 sub
751 2797 978 2854 diversis
1006 2797 1324 2867 imaginibus
1353 2795 1678 2873 intromittit.
1865 2786 1875 2793 ’

412 2892 505 2948 60.
544 2893 617 2948 De
664 2892 995 2948 Antichristo
1040 2907 1253 2963 quoque
1283 2892 1518 2948 ostendit
1547 2893 1686 2962 quod
1715 2890 1830 2964 ipse
1866 2892 1935 2948 sit

340 2999 515 3042 cornu
549 2984 823 3055 pusillum,
852 2986 906 3039 id
936 2994 1040 3052 est,
1100 3000 1267 3055 parvo
1304 2995 1549 3056 tempore
1594 2995 1929 3057 regnaturus,

346 3094 396 3135 in
437 3088 523 3147 et,
570 3080 757 3143 decem
813 3078 1027 3149 regibus
1076 3079 1416 3149 subiugatis,
1457 3080 1603 3135 solus
1652 3080 1934 3150 postremis

339 3171 675 3240 temporibus
725 3179 1063 3242 regnaturus.
1092 3173 1132 3243 ζῖ
1174 3171 1250 3227 De
1285 3174 1745 3229 consummatione
1773 3172 1931 3229 Jeru-

1960 1871 2012 1934 B

2048 584 2307 629 vocantur
2357 573 2609 644 Ephraim
2666 585 2720 630 et
2748 575 3035 642 Samaria,
3082 576 3301 631 domum
3338 576 3534 649 Josepli
3579 589 3636 644 et

2044 666 2226 733 Israel,
2260 665 2516 737 loquitur,
2550 669 2642 723 sed
2672 685 2764 737 per
2810 669 3062 737 Ephraim
3119 670 3404 725 haereticos
3434 673 3633 741 arguit,

2042 761 2133 831 qui
2160 762 2476 816 recedentes
2506 762 2572 815 ab
2632 762 2883 818 Ecclesiae
2907 762 3129 831 unitate,
3177 763 3463 834 participes
3486 763 3632 822 facti

2041 861 2163 907 sunt
2194 851 2475 907 idolorum.
3022 854 3025 855 ⁷

2115 944 2202 999 65.
2241 944 2660 999 Per‘Samariam
2693 956 2868 1001 autem
2917 946 3225 1002 eorumdem
3257 947 3636 1004 haereticorum

2040 1036 2372 1092 demonstrat
2414 1038 2657 1107 ﬁguram,
2689 1040 2780 1107 qui
2830 1050 3224 1111 praceptorum
3253 1041 3348 1098 Dei
3371 1043 3629 1101 custodes

2038 1146 2159 1185 esse
2199 1131 2551 1195 mentiuntur,
2593 1141 2646 1185 et
2679 1132 2776 1186 sub
2808 1143 3075 1200 praetextu
3112 1135 3354 1191 veritatis
3399 1137 3626 1191 menda-

2041 1222 2183 1277 cium
2206 1224 2406 1279 colunt.
2435 1224 2532 1278 IIic
2564 1224 2912 1282 historialiter
2928 1225 3142 1283 Judazos
3176 1228 3231 1282 in
3257 1228 3475 1285 Christo
3507 1232 3634 1287 ulti-

2039 1329 2129 1368 mo
2154 1324 2394 1382 tempore
2411 1316 2713 1373 credituros
2742 1320 3130 1387 pronuntiavit.
3158 1321 3397 1378 Tertium
3420 1339 3635 1393 quoque

2041 1407 2456 1462 resurrectionis
2488 1404 2773 1464 dominica:
2824 1411 2965 1467 diem
2994 1412 3261 1481 praedixit.
3288 1412 3649 1486 Prophetavit

2038 1505 2219 1551 autem
2247 1496 2299 1552 in
2323 1496 2515 1553 diebus
2547 1500 2695 1555 Ozias
2736 1501 2880 1570 regis
2908 1501 3067 1572 Juda,
3090 1504 3205 1563 sive
3234 1505 3520 1565 Jeroboam
3546 1522 3634 1565 re-

2038 1587 2119 1659 gis
2150 1587 2333 1659 Israel,
2367 1590 2581 1662 quando
2608 1598 2663 1647 et
2690 1589 2876 1649 Isaias.
3520 1592 3527 1597 ’

2702 1706 2781 1761 De
2805 1704 2969 1762 Joele.

2111 1816 2201 1873 64.
2229 1818 2346 1877 Joel
2367 1820 2648 1890 propheta,
2678 1822 2772 1891 qui
2802 1821 3185 1892 interpretatur
3211 1822 3480 1895 incipiens.
3503 1824 3630 1894 Iste,

2036 1912 2104 1969 ad
2125 1912 2316 1970 Judam
2346 1923 2556 1970 tantum
2585 1925 2641 1971 et
2666 1914 2965 1972 Jerusalem
2992 1915 3305 1972 vaticinium
3329 1916 3626 1987 proferens,

2035 2006 2090 2062 in
2102 2006 2366 2077 principio
2380 2008 2463 2063 sui
2489 2006 2799 2076 voluminis,
2822 2016 2942 2077 post
2961 2008 3278 2078 voluptuosa
3297 2009 3622 2079 conviviagad

2034 2098 2237 2155 luctum
2265 2110 2527 2171 provocat
2566 2100 2890 2169 Jerusalem,
2919 2101 3300 2172 excidiumque
3324 2102 3456 2171 ejus
3499 2118 3630 2173 pro-

2033 2194 2269 2249 nuntiat.
2303 2194 2572 2250 Praedicat
2625 2210 2845 2266 quoque
2895 2196 3235 2253 vocationem
3284 2196 3548 2267 gentium,
3574 2206 3630 2253 et

2033 2298 2196 2357 super
2216 2296 2570 2357 congregatos
2582 2286 2869 2345 credentes
2890 2299 3339 2358 superventurum
3369 2289 3628 2359 Spiritum

2034 2384 2304 2433 sanctum.
2332 2375 2681 2448 Prophetavit
2708 2388 2892 2437 autem
2918 2380 3018 2437 sub
3046 2379 3300 2439 Joatham.
3320 2395 3449 2453 rege
3468 2381 3630 2450 Juda,

2034 2467 2249 2536 quando
2273 2475 2328 2524 et
2350 2466 2622 2526 Michaeas.

2678 2585 2758 2640 De
2807 2588 2981 2642 Amos.

2106 2696 2196 2755 65.
2225 2700 2411 2767 Amos,
2440 2699 2533 2771 qui
2576 2701 2955 2771 interpretatur
3001 2720 3146 2768 onus,
3206 2704 3518 2761 vaticinavit
3570 2706 3624 2762 in

2037 2792 2333 2851 Samariam
2382 2803 2439 2850 et
2473 2790 2790 2863 Jerusalem,
2822 2798 2925 2850 tria
2952 2804 3005 2852 et
3026 2805 3255 2866 quatuor
3275 2799 3477 2855 scelera
3509 2814 3628 2870 gen-

2035 2887 2166 2943 tium
2195 2887 2295 2944 sub
2338 2888 2500 2944 totius
2558 2885 2741 2943 mundi
2792 2886 2959 2959 ﬁgura
3013 2888 3346 2945 describens.
3386 2888 3624 2945 Primum

2034 2979 2215 3051 itaque
2242 2982 2440 3049 scelus,
2463 2980 2585 3051 quia
2612 2995 2799 3037 omnes
2821 2983 2875 3036 in
2920 2981 3090 3037 Adam
3125 2991 3498 3051 peccaverunt.
3529 2983 3628 3040 Sec

2037 3076 2301 3145 cundum,
2362 3075 2485 3144 quia
2533 3074 2749 3131 insitam
2808 3084 3012 3130 natura:
3052 3074 3223 3144 legem
3276 3074 3627 3131 immemores

2036 3151 2265 3223 rationis
2314 3168 2479 3240 208
2503 3184 2609 3223 non
2667 3166 3069 3223 intellexerunt.
3120 3166 3361 3223 Tertium
3414 3182 3626 3238 quoque

337 3262 515 3317 salem
565 3261 654 3318 vel
682 3262 867 3317 mundi
907 3262 1059 3333 plura
1097 3262 1302 3330 scribit,
1357 3263 1473 3318 sive
1514 3263 1581 3318 de
1611 3264 1698 3319 die
1723 3262 1932 3333 judicii,
1964 3255 2011 3320 C
2040 3277 2224 3319 eorum
2252 3265 2341 3333 qui
2371 3262 2511 3317 datze
2536 3261 2640 3333 legi
2663 3277 2769 3317 non
2819 3261 3156 3316 obedierunt.
3180 3260 3441 3329 Quartum
3474 3262 3625 3317 inex-

338 3362 394 3408 et
432 3366 601 3423 regno
627 3362 952 3410 sanctorum.
1006 3353 1066 3408 In
1092 3353 1197 3408 [ine
1239 3363 1419 3409 autem
1465 3352 1756 3409 voluminis
1802 3370 1930 3424 pro-

339 3445 540 3516 phetiaa
578 3462 689 3502 suae
720 3447 980 3501 Susanna:
1028 3444 1307 3501 historiam
1363 3452 1419 3501 et
1456 3444 1600 3502 Belis
1648 3444 1929 3503 draconis-

338 3552 446 3608 que
470 3538 679 3595 fabulas
707 3537 876 3609 ponit.

419 3631 510 3686 6i.
546 3632 642 3687 llic
671 3642 851 3688 autem
879 3633 1016 3689 liber
1045 3632 1186 3701 apud
1213 3631 1468 3687 Hebraeos
1496 3630 1774 3687 Hebraicis
1804 3629 1926 3700 qui-

341 3722 466 3778 dem
494 3724 709 3790 litteris,
742 3723 899 3795 207
932 3722 1027 3779 sed
1049 3722 1332 3779 Chaldaica
1359 3722 1536 3793 lingua
1564 3722 1799 3792 scriptus
1818 3728 1921 3776 est.

340 3814 689 3885 Prophetavit
722 3828 897 3871 autem
958 3815 1012 3870 in
1058 3815 1372 3886 Babylone,
1424 3814 1640 3886 quando
1684 3823 1738 3869 et
1786 3812 1925 3869 Eze-

338 3907 502 3965 chiel.

1010 4003 1089 4062 De
1116 4006 1263 4063 Osee.

411 4095 502 4152 6‘2.
531 4096 669 4153 Osee
690 4096 971 4167 propheta,
994 4097 1083 4168 qui
1115 4095 1429 4167 intelligitur
1455 4096 1679 4163 salvam,
1710 4092 1766 4150 in
1795 4093 1930 4149 duo-

338 4188 820 4262 decim'prophetis
853 4192 1079 4264 primus,
1107 4190 1424 4263 profundior
1468 4190 1690 4262 reliquis
1718 4190 1775 4246 in
1797 4204 1933 4246 sen-

413 4375 507 4430 57.
537 4376 649 4441 AL,
679 4377 1020 4430 comminatur
1045 4389 1145 4445 pro
1174 4374 1495 4429 criminatur.
1531 4374 1675 4445 Matt.

418 4445 513 4504 58.
545 4447 656 4513 AL,
688 4448 989 4501 vaticinium
1016 4444 1168 4500 suum
1194 4447 1582 4500 consummavit.
1608 4444 1750 4500 Man.

412 4517 506 4573 60.
540 4516 612 4572 Et
654 4516 793 4572 Belis
842 4518 1178 4587 draconisque
1236 4516 1439 4586 fabulas
1470 4517 1630 4587 ponit.
1673 4513 1923 4584 Plerique

338 4588 567 4646 Codices
613 4603 713 4658 pro
755 4588 950 4643 fabulis
991 4585 1220 4657 fabulam
1238 4585 1510 4657 legebant.
1560 4585 1923 4658 ﬂieronymus

338 4671 521 4717 tamen
553 4656 772 4728 prologo
800 4658 852 4712 in
885 4656 1185 4725 Danielem,
1234 4656 1373 4713 unde
1400 4659 1516 4713 hazc
1559 4656 1793 4712 Isidorus
1818 4666 1925 4728 est

341 4739 639 4797 mutuatus,
669 4727 931 4785 Sitsattnae
959 4730 1234 4783 historiam
1265 4738 1442 4798 negat,
1474 4729 1730 4798 hymnum
1759 4727 1921 4783 trium

338 4816 654 4873 puerorum,
680 4799 821 4873 Belis
845 4810 899 4854 et
919 4799 1169 4855 draconis
1194 4800 1399 4873 fabulas
1435 4802 1489 4856 in
1514 4799 1740 4873 Hebraeo
1779 4812 1920 4873 esse.

343 4868 546 4927 Eodem
568 4870 729 4926 modo
752 4870 986 4939 loquitur
1008 4871 1271 4940 prooemio
1299 4870 1806 4926 commentariorum
1848 4868 1916 4923 ad
1940 4918 1941 4921 η

339 4944 591 4999 eumdem
627 4942 966 5011 prophetam,
1016 4939 1191 5011 neque
1215 4941 1364 4998 vocis
1402 4941 1686 4996 insolentia
1719 4939 1919 4995 moveri

342 5014 463 5083 quis
493 5013 676 5078 debet,
708 5010 767 5066 ut
791 5011 976 5083 credat
1019 5010 1410 5083 Hieronymiet
1437 5012 1648 5083 Isidori
1676 5010 1918 5083 testimo-

338 5081 432 5137 nio
457 5083 692 5139 Danielis
720 5082 1025 5137 vaticinium
1057 5098 1120 5137 ea
1150 5081 1301 5151 parte
1327 5081 1451 5139 falsi
1483 5083 1746 5141 accusari.
1787 5082 1919 5136 Nam

339 5155 541 5220 fabula,
581 5168 702 5224 quas
727 5167 759 5207 a
781 5152 945 5207 fando
969 5153 1186 5221 dicitur,
1240 5161 1300 5208 ut
1324 5154 1401 5208 ait
1442 5152 1613 5207 Varro
1643 5169 1671 5207 v
1693 5153 1763 5208 de
1793 5152 1921 5207 Lin-

338 5240 443 5348 gua
481 5223 691 5309 Latina,
733 5232 816 5278 est
842 5238 933 5278 res
965 5225 1159 5306 passim
1186 5224 1419 5306 vulgata,
1464 5224 1578 5279 sive
1608 5237 1755 5289 vera,
1807 5223 1923 5279 sive

360 5298 475 5348 alsa
504 5305 592 5348 sit.
636 5295 820 5348 Itaque
848 5308 1048 5348 nassum
1078 5309 1142 5348 ea
1180 5310 1281 5348 vox
1310 5311 1365 5348 ιη
1405 5302 1689 5348 utramque
1714 5303 1918 5348 partem

360 5294 475 5350 alea
504 5297 592 5351 sit.
636 5295 820 5364 Itaque
848 5294 1048 5361 passim
1078 5309 1142 5349 ea
1180 5310 1281 5350 vox
1310 5296 1365 5350 in
1405 5302 1689 5364 utramque
1714 5303 1918 5362 partem

338 5366 613 5434 accipitur.
647 5366 927 5435 Origenes,
945 5365 1131 5421 homil.
1159 5364 1192 5435 5
1216 5366 1273 5421 ἱη
1288 5364 1518 5422 Genes.:
1553 5364 1654 5418 Hic
1674 5366 1789 5435 jam
1814 5365 1924 5434 (in-

339 5439 482 5507 quit)
509 5436 729 5507 refertur
753 5436 1094 5505 famosissima
1119 5434 1215 5507 illa
1244 5436 1420 5507 fabula
1438 5436 1591 5490 Loth.
1636 5434 1919 5503 Eusebius,

340 5505 403 5561 sit
439 5505 578 5563 Hist.
608 5507 941 5572 Ecclesiast.,
970 5521 1087 5575 cap.
1129 5505 1203 5561 εδ
1226 5505 1251 5561 ε’
1273 5508 1409 5562 Audi
1430 5507 1679 5577 fabulam,
1727 5515 1777 5559 et
1819 5522 1924 5562 non

340 5578 595 5647 fabulam,
642 5579 858 5650 sedfr-em
884 5588 1079 5648 gestam
1103 5578 1169 5650 tle
1190 5578 1394 5633 Joanne
1421 5577 1673 5650 apostolo.
1729 5577 1923 5650 Hiero-

338 5664 559 5720 nymus,
591 5649 657 5703 ad
693 5648 931 5728 I’hilipp.
967 5664 1045 5704 tt:
1086 5648 1323 5733 Longum
1351 5648 1463 5717 est,
1491 5650 1698 5719 inquit,
1739 5649 1784 5703 si
1821 5649 1924 5702 vel-

342 5736 440 5774 tent
461 5719 729 5777 Samsoms
757 5719 987 5789 fabulam
1008 5719 1075 5773 ad
1092 5717 1282 5776 Christi
1304 5722 1506 5776 trahere
1527 5727 1920 5775 sacramentum.

341 5790 485 5846 Mn.

413 5860 554 5920 Ibid.
583 5863 643 5920 In
670 5872 799 5919 nota
818 5860 1070 5918 Marianae
1096 5873 1215 5919 erat
1238 5872 1297 5918 ut
1323 5863 1392 5921 sit
1420 5862 1615 5935 Varro,
1637 5863 1781 5936 quod
1805 5878 1921 5920 mu-

624 5956 898 6018 ΡΑτιιοι..
944 5954 1300 6020 LXXXIII.

2035 3355 2233 3426 piabile
2260 3368 2449 3429 eorum
2489 3354 2582 3425 qui
2614 3352 2669 3407 in
2716 3353 2936 3408 Christo
2965 3368 3071 3408 non
3128 3351 3495 3421 crediderunt,
3528 3365 3627 3421 pro

2032 3448 2228 3520 quibus
2277 3446 2577 3504 sceleribus
2620 3447 2831 3501 intonat
2865 3446 3125 3503 Dominus
3179 3448 3380 3515 ignem,
3409 3448 3464 3504 id
3518 3453 3623 3515 est,

2028 3540 2355 3597 sententiam
2384 3537 2573 3595 aeterni
2596 3537 2783 3609 judicii
2814 3538 3107 3595 illaturum.

2101 3632 2189 3689 66.
2220 3631 2317 3687 Hic
2367 3642 2546 3687 autem
2597 3632 2884 3687 adventum
2933 3631 3137 3687 Christi
3198 3632 3300 3687 sub
3354 3631 3625 3691 dominica

2028 3740 2162 3782 voce
2184 3726 2254 3780 ita
2285 3724 2542 3796 praedicat
2572 3742 2586 3779 :
2619 3723 2735 3796 Ego
2755 3726 2970 3796 ﬁrmans
3017 3725 3322 3795 tonitruum,
3354 3735 3402 3781 et
3444 3728 3625 3781 creans

2031 3821 2287 3890 spiritum,
2311 3826 2361 3874 et
2389 3817 2701 3874 annuntians
2741 3818 2796 3871 in
2822 3816 3111 3872 hominibus
3163 3816 3443 3872 Christum.
3474 3818 3624 3872 Reli-

2032 3926 2137 3981 qua
2154 3918 2353 3976 autem,
2379 3924 2497 3981 qum
2526 3908 2593 3965 de
2622 3908 2839 3965 Amasia
2884 3916 2939 3964 et
2963 3907 3269 3979 Jerohoam,
3312 3909 3429 3966 sive
3458 3907 3621 3965 Israel

2033 4003 2302 4076 loquitur,
2334 4004 2663 4075 tropologice
2704 4003 2771 4077 ad
2810 4003 3093 4061 haereticos
3141 4012 3267 4059 sunt
3311 4003 3621 4060 referenda.

2036 4095 2383 4167 Prophetavit
2415 4103 2596 4151 autem
2624 4097 2725 4153 sub
2772 4109 2901 4166 rege
2943 4093 3092 4163 Ozia,
3126 4108 3192 4151 eo
3239 4101 3485 4166 tempore
3515 4107 3626 4164 quo

2035 4188 2171 4245 Osee
2195 4195 2252 4245 et
2272 4188 2455 4245 Isaias.

2034 4372 2143 4498 Ἀενὶ
2169 4371 2226 4427 in
2264 4378 2321 4425 ut
2360 4370 2433 4424 ait
2469 4366 2660 4438 Varro,
2690 4368 2812 4440 quia
2854 4368 2927 4425 ita
2978 4369 3047 4425 ab
3084 4382 3151 4424 eo
3176 4366 3434 4438 scriptum
3473 4376 3621 4438 puto.

2084 4457 2215 4497 κεν.

2084 4457 2215 4497 κεν.

1952 4483 2009 4547 D
2035 4483 2335 4579 "Egi-Al"
2366 4511 2578 4582 peritior
2606 4525 2707 4582 pro
2734 4511 3018 4581 operosior.
3049 4509 3195 4565 Msa.

2096 4585 2184 4640 63.
2217 4584 2327 4649 AL,
2364 4579 2540 4637 eorum
2565 4579 2662 4652 pro
2689 4579 3006 4638 earumdem.
3032 4609 3107 4623 —
3133 4581 3296 4649 lbid.,
3327 4579 3624 4652 Praecepto-

2024 4670 2157 4722 rum,
2187 4656 2684 4725 a|.,prteceptorum
2738 4653 2838 4707 Dei
2885 4655 3047 4724 legem
3074 4652 3356 4725 custodisse
3382 4671 3436 4707 se
3480 4671 3622 4725 men-

2023 4727 2240 4780 tiuntur.
2268 4723 2336 4777 In
2354 4723 2555 4779 Christo
2574 4724 2755 4779 ultimo
2803 4733 3026 4793 tenipore
3052 4724 3354 4778 credituros.
3402 4723 3623 4779 Archai-

2023 4811 2172 4851 smus
2198 4805 2301 4861 est,
2333 4809 2432 4863 pro
2478 4797 2533 4850 in
2560 4794 2844 4860 Christum,
2893 4805 2950 4849 ut
2995 4794 3210 4851 Aineid.
3257 4809 3320 4860 II,
3373 4793 3518 4849 Talis
3566 4797 3620 4849 in

2025 4868 2169 4937 hoste
2198 4868 2295 4937 fuit
2327 4865 2559 4922 Priamo.
2600 4865 2773 4922 Simili
2819 4867 3068 4921 libertate
3116 4865 3326 4920 dicendi
3371 4867 3621 4936 superius

2023 4936 2206 4999 dixit;
2236 4938 2652 5008 transmigratum
2698 4952 2797 5007 pro
2846 4937 3269 5008 transmigrasse,
3294 4937 3441 4990 inuisi
3490 4945 3619 5008 sunt

2024 5023 2123 5077 pro
2148 5005 2467 5079 inviderunt,
2486 5018 2544 5065 et
2580 5005 2962 5079 alia,'quorum
2988 5005 3128 5066 inire
3174 5007 3441 5067 rationem
3489 5005 3611 5061 Ion-

2023 5095 2148 5150 gum
2171 5090 2335 5135 esset.
2365 5078 2506 5150 Man.

2095 5151 2188 5206 65.
2221 5150 2333 5218 AL,
2356 5149 2620 5206 Samaria.
2665 5152 2811 5207 Msa.

2095 5221 2187 5277 66.
2210 5217 2324 5287 AL,
2354 5220 2583 5290 formans
2614 5236 2715 5291 pro
2762 5222 2995 5291 ﬁrmam.
3048 5219 3380 5275 Annuntians
3426 5218 3481 5272 in
3524 5217 3605 5273 Ito-

2026 5292 2247 5346 minibus
2276 5291 2562 5347 Christum.
2586 5292 2677 5348 Sic
2705 5301 2937 5360 quatuor
2962 5292 3189 5351 Codices
3218 5291 3609 5360 correctiores;

2025 5370 2135 5417 tres
2162 5362 2255 5417 alii
2282 5363 2530 5432 legebant
2556 5358 2875 5419 annuntians
2917 5366 2973 5418 in
3026 5360 3317 5415 hominibus
3340 5358 3605 5416 Christum

2024 5450 2199 5500 suum,
2223 5440 2285 5487 ut
2308 5433 2467 5489 estin
2498 5434 2615 5504 ipso
2659 5443 2913 5491 contextu
2951 5432 3298 5504 Septuaginta
3342 5432 3616 5504 interpre-

2027 5512 2187 5576 tumL
2196 5514 2251 5559 et
2275 5514 2333 5558 ut
2363 5501 2874 5576 legit—Augustinus,
2910 5519 3036 5558 xvttt
3065 5502 3132 5558 de
3159 5501 3318 5576 Civil.
3350 5503 3469 5571 Dei,
3491 5501 3614 5572 cap.

2024 5575 2115 5646 28.
2146 5574 2316 5646 fI‘otus
2359 5575 2513 5632 locus
2558 5573 2634 5632 ex'
2684 5579 2848 5632 Amos
2884 5589 2958 5639 tv,
3007 5576 3095 5641 15,
3144 5573 3461 5646 desumptus
3503 5581 3613 5642 est,

2026 5645 2117 5701 ubi
2143 5645 2367 5717 Vulgata
2396 5646 2575 5703 Editio
2606 5648 2763 5701 habet
2792 5663 2805 5700 :
2835 5646 2971 5717 Quia
2993 5660 3106 5700 ecce
3142 5645 3371 5717 formans
3394 5655 3612 5711 montes,

2024 5727 2071 5772 et
2099 5716 2277 5773 creans
2297 5729 2519 5785 uentum,
2546 5730 2592 5772 et
2611 5718 2922 5772 annuntians
2940 5716 3134 5773 homini
3163 5716 3420 5787 eloquium
3438 5730 3611 5787 suum,

2026 5788 2301 5855 nimirum,
2334 5798 2390 5844 ut
2429 5789 2587 5845 docet
2630 5788 3006 5859 Hieronymus,
3065 5800 3354 5845 comment.
3388 5786 3456 5859 ad
3485 5798 3611 5841 eum

2023 5860 2201 5917 locum
2251 5860 2344 5918 ubi
2389 5859 2508 5931 ejus
2543 5869 2599 5917 et
2644 5857 2845 5917 nostro
2876 5869 3118 5933 tempore
3170 5858 3382 5915 Hebraei
3429 5857 3618 5927 legunt
