  <div class='ocr_page' id='page_1' title='image "/cluster/home/n/w/nwhite01/storage/ocr_20150623/83/hvd.32044015469448/094.png"; bbox 0 0 4100 6344; ppageno 0'>
   <div class='ocr_carea' id='block_1_1' title="bbox 349 347 1956 426">
    <p class='ocr_par' dir='ltr' id='par_1_1' title="bbox 349 347 1956 426">
     <span class='ocr_line' id='line_1_1' title="bbox 349 347 1956 426; baseline -0.006 0"><span class='ocrx_word' id='word_1_1' title='bbox 349 368 434 426; x_wconf 75' lang='lat'><strong>175</strong></span> <span class='ocrx_word' id='word_1_2' title='bbox 1197 360 1264 423; x_wconf 83' lang='lat' dir='ltr'><strong>1N</strong></span> <span class='ocrx_word' id='word_1_3' title='bbox 1298 363 1427 422; x_wconf 83' lang='lat' dir='ltr'><strong>LIB.</strong></span> <span class='ocrx_word' id='word_1_4' title='bbox 1470 360 1628 418; x_wconf 73' lang='lat' dir='ltr'><strong>ver.</strong></span> <span class='ocrx_word' id='word_1_5' title='bbox 1671 347 1760 418; x_wconf 79' lang='lat' dir='ltr'><strong>ET</strong></span> <span class='ocrx_word' id='word_1_6' title='bbox 1798 350 1956 418; x_wconf 68' lang='lat' dir='ltr'><strong>nov.</strong></span> 
     </span>
    </p>
   </div>
   <div class='ocr_carea' id='block_1_2' title="bbox 2003 357 2697 418">
    <p class='ocr_par' dir='ltr' id='par_1_2' title="bbox 2003 357 2697 418">
     <span class='ocr_line' id='line_1_2' title="bbox 2003 357 2697 418; baseline 0.003 -3"><span class='ocrx_word' id='word_1_7' title='bbox 2003 359 2041 415; x_wconf 85' lang='grc' dir='ltr'>Τ</span> <span class='ocrx_word' id='word_1_8' title='bbox 2051 358 2298 417; x_wconf 81' lang='lat' dir='ltr'><strong>ESTAM.</strong></span> <span class='ocrx_word' id='word_1_9' title='bbox 2332 357 2668 418; x_wconf 71' lang='lat' dir='ltr'><strong>PRO(EM|A</strong></span> <span class='ocrx_word' id='word_1_10' title='bbox 2683 401 2697 417; x_wconf 93' lang='lat'><strong>.</strong></span> 
     </span>
    </p>
   </div>
   <div class='ocr_carea' id='block_1_3' title="bbox 3486 371 3594 429">
    <p class='ocr_par' dir='ltr' id='par_1_3' title="bbox 3486 371 3594 429">
     <span class='ocr_line' id='line_1_3' title="bbox 3486 371 3594 429; baseline 0.009 -2"><span class='ocrx_word' id='word_1_11' title='bbox 3486 371 3594 429; x_wconf 73' lang='grc'><strong>174</strong></span> 
     </span>
    </p>
   </div>
   <div class='ocr_carea' id='block_1_4' title="bbox 346 475 3592 556">
    <p class='ocr_par' dir='ltr' id='par_1_4' title="bbox 346 475 3592 556">
     <span class='ocr_line' id='line_1_4' title="bbox 346 475 3592 556; baseline -0.002 -12"><span class='ocrx_word' id='word_1_12' title='bbox 346 486 602 544; x_wconf 80' lang='lat' dir='ltr'><strong>catholicis</strong></span> <span class='ocrx_word' id='word_1_13' title='bbox 646 483 1029 552; x_wconf 73' lang='lat' dir='ltr'><strong>sacramentis,</strong></span> <span class='ocrx_word' id='word_1_14' title='bbox 1070 485 1229 556; x_wconf 72' lang='lat'><strong>211</strong></span> <span class='ocrx_word' id='word_1_15' title='bbox 1293 475 1532 537; x_wconf 63' lang='lat' dir='ltr'><strong>haeretici</strong></span> <span class='ocrx_word' id='word_1_16' title='bbox 1585 491 1901 552; x_wconf 87' lang='lat' dir='ltr'><strong>arguuntur.</strong></span> <span class='ocrx_word' id='word_1_17' title='bbox 1930 479 1981 540; x_wconf 77' lang='grc' dir='ltr'><strong>Α</strong></span> <span class='ocrx_word' id='word_1_18' title='bbox 2010 478 2265 535; x_wconf 85' lang='lat' dir='ltr'><strong>describit</strong></span> <span class='ocrx_word' id='word_1_19' title='bbox 2291 491 2344 535; x_wconf 89' lang='lat' dir='ltr'><strong>et</strong></span> <span class='ocrx_word' id='word_1_20' title='bbox 2389 488 2682 551; x_wconf 85' lang='lat' dir='ltr'><strong>pastorem,</strong></span> <span class='ocrx_word' id='word_1_21' title='bbox 2715 477 3135 550; x_wconf 84' lang='lat' dir='ltr'><strong>Antichristum,</strong></span> <span class='ocrx_word' id='word_1_22' title='bbox 3167 498 3302 554; x_wconf 91' lang='lat' dir='ltr'><strong>opus</strong></span> <span class='ocrx_word' id='word_1_23' title='bbox 3335 493 3386 540; x_wconf 88' lang='lat' dir='ltr'><strong>et</strong></span> <span class='ocrx_word' id='word_1_24' title='bbox 3413 482 3592 541; x_wconf 67' lang='lat' dir='ltr'><strong>inton-</strong></span> 
     </span>
    </p>
   </div>
   <div class='ocr_carea' id='block_1_5' title="bbox 348 573 1906 645">
    <p class='ocr_par' dir='ltr' id='par_1_5' title="bbox 348 573 1906 645">
     <span class='ocr_line' id='line_1_5' title="bbox 348 573 1906 645; baseline -0.004 -11"><span class='ocrx_word' id='word_1_25' title='bbox 348 580 424 636; x_wconf 90' lang='lat' dir='ltr'><strong>llic</strong></span> <span class='ocrx_word' id='word_1_26' title='bbox 447 581 660 634; x_wconf 90' lang='lat' dir='ltr'><strong>tertium</strong></span> <span class='ocrx_word' id='word_1_27' title='bbox 690 578 833 634; x_wconf 89' lang='lat' dir='ltr'><strong>diem</strong></span> <span class='ocrx_word' id='word_1_28' title='bbox 887 577 1297 634; x_wconf 80' lang='lat' dir='ltr'><strong>resurrectionis</strong></span> <span class='ocrx_word' id='word_1_29' title='bbox 1343 573 1545 630; x_wconf 78' lang='lat' dir='ltr'><strong>Christi</strong></span> <span class='ocrx_word' id='word_1_30' title='bbox 1602 577 1906 645; x_wconf 83' lang='lat' dir='ltr'><strong>praphetat,</strong></span> 
     </span>
    </p>
   </div>
   <div class='ocr_carea' id='block_1_6' title="bbox 346 665 1910 741">
    <p class='ocr_par' dir='ltr' id='par_1_6' title="bbox 346 665 1910 741">
     <span class='ocr_line' id='line_1_6' title="bbox 346 665 1910 741; baseline -0.002 -15"><span class='ocrx_word' id='word_1_31' title='bbox 346 665 486 741; x_wconf 65' lang='lat' dir='ltr'><strong>atque</strong></span> <span class='ocrx_word' id='word_1_32' title='bbox 510 672 561 725; x_wconf 90' lang='lat' dir='ltr'><strong>in</strong></span> <span class='ocrx_word' id='word_1_33' title='bbox 589 671 821 727; x_wconf 88' lang='lat' dir='ltr'><strong>adventu</strong></span> <span class='ocrx_word' id='word_1_34' title='bbox 850 670 1048 726; x_wconf 78' lang='lat' dir='ltr'><strong>Christi</strong></span> <span class='ocrx_word' id='word_1_35' title='bbox 1075 677 1247 725; x_wconf 90' lang='lat' dir='ltr'><strong>totum</strong></span> <span class='ocrx_word' id='word_1_36' title='bbox 1279 668 1466 725; x_wconf 86' lang='lat' dir='ltr'><strong>orbem</strong></span> <span class='ocrx_word' id='word_1_37' title='bbox 1518 669 1620 722; x_wconf 86' lang='lat' dir='ltr'><strong>sub</strong></span> <span class='ocrx_word' id='word_1_38' title='bbox 1645 681 1750 723; x_wconf 90' lang='lat' dir='ltr'><strong>uno</strong></span> <span class='ocrx_word' id='word_1_39' title='bbox 1778 668 1910 738; x_wconf 86' lang='lat' dir='ltr'><strong>jugo</strong></span> 
     </span>
    </p>
   </div>
   <div class='ocr_carea' id='block_1_7' title="bbox 347 762 1911 834">
    <p class='ocr_par' dir='ltr' id='par_1_7' title="bbox 347 762 1911 834">
     <span class='ocr_line' id='line_1_7' title="bbox 347 762 1911 834; baseline -0.001 -15"><span class='ocrx_word' id='word_1_40' title='bbox 347 765 555 821; x_wconf 88' lang='lat' dir='ltr'><strong>Domino</strong></span> <span class='ocrx_word' id='word_1_41' title='bbox 581 764 906 820; x_wconf 84' lang='lat' dir='ltr'><strong>serviturum</strong></span> <span class='ocrx_word' id='word_1_42' title='bbox 955 763 1257 818; x_wconf 81' lang='lat' dir='ltr'><strong>annuntiat.</strong></span> <span class='ocrx_word' id='word_1_43' title='bbox 1328 762 1680 834; x_wconf 82' lang='lat' dir='ltr'><strong>Prophetavit</strong></span> <span class='ocrx_word' id='word_1_44' title='bbox 1727 769 1911 819; x_wconf 86' lang='lat' dir='ltr'><strong>autem</strong></span> 
     </span>
    </p>
   </div>
   <div class='ocr_carea' id='block_1_8' title="bbox 347 853 1262 927">
    <p class='ocr_par' dir='ltr' id='par_1_8' title="bbox 347 853 1262 927">
     <span class='ocr_line' id='line_1_8' title="bbox 347 853 1262 927; baseline -0.007 -12"><span class='ocrx_word' id='word_1_45' title='bbox 347 857 432 914; x_wconf 82' lang='lat' dir='ltr'><strong>sub</strong></span> <span class='ocrx_word' id='word_1_46' title='bbox 458 858 626 924; x_wconf 82' lang='lat' dir='ltr'><strong>Josia,</strong></span> <span class='ocrx_word' id='word_1_47' title='bbox 650 855 869 927; x_wconf 81' lang='lat' dir='ltr'><strong>quando</strong></span> <span class='ocrx_word' id='word_1_48' title='bbox 905 863 960 911; x_wconf 89' lang='lat' dir='ltr'><strong>et</strong></span> <span class='ocrx_word' id='word_1_49' title='bbox 979 853 1262 911; x_wconf 84' lang='lat' dir='ltr'><strong>Jeremias.</strong></span> 
     </span>
    </p>
   </div>
   <div class='ocr_carea' id='block_1_9' title="bbox 956 969 1278 1044">
    <p class='ocr_par' dir='ltr' id='par_1_9' title="bbox 956 969 1278 1044">
     <span class='ocr_line' id='line_1_9' title="bbox 956 969 1278 1044; baseline 0.003 -20"><span class='ocrx_word' id='word_1_50' title='bbox 956 969 1034 1025; x_wconf 88' lang='lat' dir='ltr'><strong>De</strong></span> <span class='ocrx_word' id='word_1_51' title='bbox 1064 971 1278 1044; x_wconf 74' lang='lat' dir='ltr'><strong>Aggwo.</strong></span> 
     </span>
    </p>
   </div>
   <div class='ocr_carea' id='block_1_10' title="bbox 406 1080 1916 1156">
    <p class='ocr_par' dir='ltr' id='par_1_10' title="bbox 406 1080 1916 1156">
     <span class='ocr_line' id='line_1_10' title="bbox 406 1080 1916 1156; baseline -0.001 -18"><span class='ocrx_word' id='word_1_52' title='bbox 406 1085 496 1140; x_wconf 81' lang='lat'><strong>&#39;15.</strong></span> <span class='ocrx_word' id='word_1_53' title='bbox 531 1086 783 1156; x_wconf 66' lang='lat' dir='ltr'><strong>Aggmus,</strong></span> <span class='ocrx_word' id='word_1_54' title='bbox 818 1083 909 1153; x_wconf 85' lang='lat' dir='ltr'><strong>qui</strong></span> <span class='ocrx_word' id='word_1_55' title='bbox 930 1083 1315 1152; x_wconf 80' lang='lat' dir='ltr'><strong>interpretatur</strong></span> <span class='ocrx_word' id='word_1_56' title='bbox 1340 1080 1600 1136; x_wconf 82' lang='lat' dir='ltr'><strong>solemnis.</strong></span> <span class='ocrx_word' id='word_1_57' title='bbox 1628 1081 1724 1137; x_wconf 82' lang='lat' dir='ltr'><strong>Hic</strong></span> <span class='ocrx_word' id='word_1_58' title='bbox 1748 1083 1800 1137; x_wconf 91' lang='lat' dir='ltr'><strong>in</strong></span> <span class='ocrx_word' id='word_1_59' title='bbox 1825 1097 1916 1137; x_wconf 84' lang='lat' dir='ltr'><strong>va-</strong></span> 
     </span>
    </p>
   </div>
   <div class='ocr_carea' id='block_1_11' title="bbox 348 1176 1915 1246">
    <p class='ocr_par' dir='ltr' id='par_1_11' title="bbox 348 1176 1915 1246">
     <span class='ocr_line' id='line_1_11' title="bbox 348 1176 1915 1246; baseline -0.001 -15"><span class='ocrx_word' id='word_1_60' title='bbox 348 1177 506 1233; x_wconf 89' lang='lat' dir='ltr'><strong>ticinii</strong></span> <span class='ocrx_word' id='word_1_61' title='bbox 529 1178 613 1233; x_wconf 93' lang='lat' dir='ltr'><strong>sui</strong></span> <span class='ocrx_word' id='word_1_62' title='bbox 639 1185 786 1233; x_wconf 81' lang='lat' dir='ltr'><strong>textu</strong></span> <span class='ocrx_word' id='word_1_63' title='bbox 819 1177 1076 1245; x_wconf 87' lang='lat' dir='ltr'><strong>templum</strong></span> <span class='ocrx_word' id='word_1_64' title='bbox 1104 1176 1312 1230; x_wconf 88' lang='lat' dir='ltr'><strong>Domini</strong></span> <span class='ocrx_word' id='word_1_65' title='bbox 1342 1177 1748 1231; x_wconf 91' lang='lat' dir='ltr'><strong>restaurandum</strong></span> <span class='ocrx_word' id='word_1_66' title='bbox 1777 1190 1915 1246; x_wconf 72' lang='lat' dir='ltr'><strong>prte-</strong></span> 
     </span>
    </p>
   </div>
   <div class='ocr_carea' id='block_1_12' title="bbox 346 1267 1914 1338">
    <p class='ocr_par' dir='ltr' id='par_1_12' title="bbox 346 1267 1914 1338">
     <span class='ocr_line' id='line_1_12' title="bbox 346 1267 1914 1338; baseline -0.003 -13"><span class='ocrx_word' id='word_1_67' title='bbox 346 1270 515 1338; x_wconf 87' lang='lat' dir='ltr'><strong>cepit,</strong></span> <span class='ocrx_word' id='word_1_68' title='bbox 545 1269 927 1326; x_wconf 88' lang='lat' dir='ltr'><strong>contritionem</strong></span> <span class='ocrx_word' id='word_1_69' title='bbox 961 1267 1216 1334; x_wconf 84' lang='lat' dir='ltr'><strong>praedicat</strong></span> <span class='ocrx_word' id='word_1_70' title='bbox 1245 1269 1483 1338; x_wconf 87' lang='lat' dir='ltr'><strong>gentium</strong></span> <span class='ocrx_word' id='word_1_71' title='bbox 1511 1313 1526 1336; x_wconf 86' lang='lat'><strong>,</strong></span> <span class='ocrx_word' id='word_1_72' title='bbox 1559 1269 1642 1324; x_wconf 88' lang='lat' dir='ltr'><strong>vel</strong></span> <span class='ocrx_word' id='word_1_73' title='bbox 1674 1283 1914 1322; x_wconf 88' lang='lat' dir='ltr'><strong>commo-</strong></span> 
     </span>
    </p>
   </div>
   <div class='ocr_carea' id='block_1_13' title="bbox 348 1360 1918 1430">
    <p class='ocr_par' dir='ltr' id='par_1_13' title="bbox 348 1360 1918 1430">
     <span class='ocr_line' id='line_1_13' title="bbox 348 1360 1918 1430; baseline 0.001 -15"><span class='ocrx_word' id='word_1_74' title='bbox 348 1362 533 1417; x_wconf 88' lang='lat' dir='ltr'><strong>tionem</strong></span> <span class='ocrx_word' id='word_1_75' title='bbox 551 1361 714 1417; x_wconf 91' lang='lat' dir='ltr'><strong>totius</strong></span> <span class='ocrx_word' id='word_1_76' title='bbox 726 1361 909 1416; x_wconf 91' lang='lat' dir='ltr'><strong>mundi</strong></span> <span class='ocrx_word' id='word_1_77' title='bbox 936 1360 1199 1430; x_wconf 80' lang='lat' dir='ltr'><strong>praedicit,</strong></span> <span class='ocrx_word' id='word_1_78' title='bbox 1221 1375 1284 1414; x_wconf 91' lang='lat' dir='ltr'><strong>ac</strong></span> <span class='ocrx_word' id='word_1_79' title='bbox 1306 1361 1405 1415; x_wconf 88' lang='lat' dir='ltr'><strong>sub</strong></span> <span class='ocrx_word' id='word_1_80' title='bbox 1423 1360 1588 1430; x_wconf 83' lang='lat' dir='ltr'><strong>ﬁgura</strong></span> <span class='ocrx_word' id='word_1_81' title='bbox 1613 1360 1918 1416; x_wconf 85' lang='lat' dir='ltr'><strong>Zorobabel</strong></span> 
     </span>
    </p>
   </div>
   <div class='ocr_carea' id='block_1_14' title="bbox 348 1450 1918 1520">
    <p class='ocr_par' dir='ltr' id='par_1_14' title="bbox 348 1450 1918 1520">
     <span class='ocr_line' id='line_1_14' title="bbox 348 1450 1918 1520; baseline -0.001 -13"><span class='ocrx_word' id='word_1_82' title='bbox 348 1450 534 1507; x_wconf 85' lang='lat' dir='ltr'><strong>Christi</strong></span> <span class='ocrx_word' id='word_1_83' title='bbox 563 1450 883 1507; x_wconf 81' lang='lat' dir='ltr'><strong>vaticinatur</strong></span> <span class='ocrx_word' id='word_1_84' title='bbox 929 1451 1240 1505; x_wconf 85' lang='lat' dir='ltr'><strong>adventum.</strong></span> <span class='ocrx_word' id='word_1_85' title='bbox 1294 1450 1707 1520; x_wconf 87' lang='lat' dir='ltr'><strong>Septuagesimo</strong></span> <span class='ocrx_word' id='word_1_86' title='bbox 1740 1461 1918 1505; x_wconf 89' lang='lat' dir='ltr'><strong>autem</strong></span> 
     </span>
    </p>
   </div>
   <div class='ocr_carea' id='block_1_15' title="bbox 348 1541 1918 1613">
    <p class='ocr_par' dir='ltr' id='par_1_15' title="bbox 348 1541 1918 1613">
     <span class='ocr_line' id='line_1_15' title="bbox 348 1541 1918 1613; baseline 0.001 -17"><span class='ocrx_word' id='word_1_87' title='bbox 348 1557 477 1598; x_wconf 82' lang='lat' dir='ltr'><strong>anno</strong></span> <span class='ocrx_word' id='word_1_88' title='bbox 506 1543 834 1612; x_wconf 84' lang='lat' dir='ltr'><strong>captivitatis</strong></span> <span class='ocrx_word' id='word_1_89' title='bbox 857 1541 1042 1613; x_wconf 90' lang='lat' dir='ltr'><strong>populi</strong></span> <span class='ocrx_word' id='word_1_90' title='bbox 1076 1543 1435 1612; x_wconf 75' lang='lat' dir='ltr'><strong>prephetavit,</strong></span> <span class='ocrx_word' id='word_1_91' title='bbox 1473 1543 1684 1598; x_wconf 91' lang='lat' dir='ltr'><strong>duobus</strong></span> <span class='ocrx_word' id='word_1_92' title='bbox 1714 1553 1918 1598; x_wconf 90' lang='lat' dir='ltr'><strong>tantum</strong></span> 
     </span>
    </p>
   </div>
   <div class='ocr_carea' id='block_1_16' title="bbox 348 1633 1737 1706">
    <p class='ocr_par' dir='ltr' id='par_1_16' title="bbox 348 1633 1737 1706">
     <span class='ocr_line' id='line_1_16' title="bbox 348 1633 1737 1706; baseline 0.001 -15"><span class='ocrx_word' id='word_1_93' title='bbox 348 1634 616 1692; x_wconf 86' lang='lat' dir='ltr'><strong>mensibus</strong></span> <span class='ocrx_word' id='word_1_94' title='bbox 644 1633 962 1691; x_wconf 85' lang='lat' dir='ltr'><strong>Zachariam</strong></span> <span class='ocrx_word' id='word_1_95' title='bbox 995 1637 1249 1691; x_wconf 89' lang='lat' dir='ltr'><strong>vaticinio</strong></span> <span class='ocrx_word' id='word_1_96' title='bbox 1277 1651 1374 1690; x_wconf 90' lang='lat' dir='ltr'><strong>suo</strong></span> <span class='ocrx_word' id='word_1_97' title='bbox 1403 1636 1737 1706; x_wconf 71' lang='lat' dir='ltr'><strong>praecedens.</strong></span> 
     </span>
    </p>
   </div>
   <div class='ocr_carea' id='block_1_17' title="bbox 934 1749 1322 1807">
    <p class='ocr_par' dir='ltr' id='par_1_17' title="bbox 934 1749 1322 1807">
     <span class='ocr_line' id='line_1_17' title="bbox 934 1749 1322 1807; baseline 0.005 -3"><span class='ocrx_word' id='word_1_98' title='bbox 934 1749 1016 1804; x_wconf 85' lang='lat' dir='ltr'><strong>De</strong></span> <span class='ocrx_word' id='word_1_99' title='bbox 1040 1749 1322 1807; x_wconf 81' lang='lat' dir='ltr'><strong>Zacharia.</strong></span> 
     </span>
    </p>
   </div>
   <div class='ocr_carea' id='block_1_18' title="bbox 2014 573 2876 629">
    <p class='ocr_par' dir='ltr' id='par_1_18' title="bbox 2014 573 2876 629">
     <span class='ocr_line' id='line_1_18' title="bbox 2014 573 2876 629; baseline 0.001 -4"><span class='ocrx_word' id='word_1_100' title='bbox 2014 573 2212 628; x_wconf 89' lang='lat' dir='ltr'><strong>tionem</strong></span> <span class='ocrx_word' id='word_1_101' title='bbox 2241 573 2290 627; x_wconf 93' lang='lat' dir='ltr'><strong>in</strong></span> <span class='ocrx_word' id='word_1_102' title='bbox 2321 574 2540 628; x_wconf 86' lang='lat' dir='ltr'><strong>sinistro</strong></span> <span class='ocrx_word' id='word_1_103' title='bbox 2572 573 2876 629; x_wconf 88' lang='lat' dir='ltr'><strong>habentem.</strong></span> 
     </span>
    </p>
   </div>
   <div class='ocr_carea' id='block_1_19' title="bbox 2094 657 3682 736">
    <p class='ocr_par' dir='ltr' id='par_1_19' title="bbox 2094 657 3682 736">
     <span class='ocr_line' id='line_1_19' title="bbox 2094 657 3682 736; baseline 0.003 -18"><span class='ocrx_word' id='word_1_104' title='bbox 2094 663 2183 718; x_wconf 83' lang='lat'><strong>80.</strong></span> <span class='ocrx_word' id='word_1_105' title='bbox 2217 663 2421 733; x_wconf 84' lang='lat' dir='ltr'><strong>Equum</strong></span> <span class='ocrx_word' id='word_1_106' title='bbox 2453 679 2666 734; x_wconf 87' lang='lat' dir='ltr'><strong>quoque</strong></span> <span class='ocrx_word' id='word_1_107' title='bbox 2696 666 2744 717; x_wconf 90' lang='lat' dir='ltr'><strong>in</strong></span> <span class='ocrx_word' id='word_1_108' title='bbox 2779 665 2942 734; x_wconf 84' lang='lat' dir='ltr'><strong>ﬁgura</strong></span> <span class='ocrx_word' id='word_1_109' title='bbox 2980 657 3154 733; x_wconf 82' lang='lat' dir='ltr'><strong>plebis</strong></span> <span class='ocrx_word' id='word_1_110' title='bbox 3185 664 3556 722; x_wconf 70' lang='lat' dir='ltr'><strong>haereticorum</strong></span> <span class='ocrx_word' id='word_1_111' title='bbox 3578 710 3596 736; x_wconf 94' lang='lat'><strong>,</strong></span> <span class='ocrx_word' id='word_1_112' title='bbox 3679 727 3682 730; x_wconf 59' lang='grc'><strong><em>,</em></strong></span> 
     </span>
    </p>
   </div>
   <div class='ocr_carea' id='block_1_20' title="bbox 2016 752 3596 825">
    <p class='ocr_par' dir='ltr' id='par_1_20' title="bbox 2016 752 3596 825">
     <span class='ocr_line' id='line_1_20' title="bbox 2016 752 3596 825; baseline 0.004 -17"><span class='ocrx_word' id='word_1_113' title='bbox 2016 763 2070 808; x_wconf 90' lang='lat' dir='ltr'><strong>et</strong></span> <span class='ocrx_word' id='word_1_114' title='bbox 2101 769 2439 809; x_wconf 85' lang='lat' dir='ltr'><strong>ascensorem</strong></span> <span class='ocrx_word' id='word_1_115' title='bbox 2465 757 2584 825; x_wconf 87' lang='lat' dir='ltr'><strong>ejus</strong></span> <span class='ocrx_word' id='word_1_116' title='bbox 2605 755 2899 810; x_wconf 89' lang='lat' dir='ltr'><strong>diabolum.</strong></span> <span class='ocrx_word' id='word_1_117' title='bbox 2927 752 3187 810; x_wconf 73' lang='lat' dir='ltr'><strong>Przcdicat</strong></span> <span class='ocrx_word' id='word_1_118' title='bbox 3212 757 3371 811; x_wconf 88' lang='lat' dir='ltr'><strong>etiam</strong></span> <span class='ocrx_word' id='word_1_119' title='bbox 3396 756 3596 814; x_wconf 79' lang='lat' dir='ltr'><strong>fontem</strong></span> 
     </span>
    </p>
   </div>
   <div class='ocr_carea' id='block_1_21' title="bbox 2017 848 3600 921">
    <p class='ocr_par' dir='ltr' id='par_1_21' title="bbox 2017 848 3600 921">
     <span class='ocr_line' id='line_1_21' title="bbox 2017 848 3600 921; baseline 0.004 -19"><span class='ocrx_word' id='word_1_120' title='bbox 2017 848 2069 902; x_wconf 90' lang='lat' dir='ltr'><strong>in</strong></span> <span class='ocrx_word' id='word_1_121' title='bbox 2106 849 2266 903; x_wconf 87' lang='lat' dir='ltr'><strong>domo</strong></span> <span class='ocrx_word' id='word_1_122' title='bbox 2297 850 2407 903; x_wconf 89' lang='lat' dir='ltr'><strong>veri</strong></span> <span class='ocrx_word' id='word_1_123' title='bbox 2437 849 2631 918; x_wconf 84' lang='lat' dir='ltr'><strong>David,</strong></span> <span class='ocrx_word' id='word_1_124' title='bbox 2668 859 2939 919; x_wconf 83' lang='lat' dir='ltr'><strong>patentem</strong></span> <span class='ocrx_word' id='word_1_125' title='bbox 2983 852 3035 902; x_wconf 90' lang='lat' dir='ltr'><strong>in</strong></span> <span class='ocrx_word' id='word_1_126' title='bbox 3063 851 3276 905; x_wconf 71' lang='lat' dir='ltr'><strong>lasacro</strong></span> <span class='ocrx_word' id='word_1_127' title='bbox 3307 866 3600 921; x_wconf 85' lang='lat' dir='ltr'><strong>regenera-</strong></span> 
     </span>
    </p>
   </div>
   <div class='ocr_carea' id='block_1_22' title="bbox 2018 943 3600 1012">
    <p class='ocr_par' dir='ltr' id='par_1_22' title="bbox 2018 943 3600 1012">
     <span class='ocr_line' id='line_1_22' title="bbox 2018 943 3600 1012; baseline 0.003 -16"><span class='ocrx_word' id='word_1_128' title='bbox 2018 945 2199 999; x_wconf 89' lang='lat' dir='ltr'><strong>tionis.</strong></span> <span class='ocrx_word' id='word_1_129' title='bbox 2231 944 2345 996; x_wconf 84' lang='lat' dir='ltr'><strong>Alia</strong></span> <span class='ocrx_word' id='word_1_130' title='bbox 2381 960 2711 1012; x_wconf 74' lang='lat' dir='ltr'><strong>qmecunque</strong></span> <span class='ocrx_word' id='word_1_131' title='bbox 2741 943 2948 1009; x_wconf 83' lang='lat' dir='ltr'><strong>scribit,</strong></span> <span class='ocrx_word' id='word_1_132' title='bbox 2979 954 3070 998; x_wconf 85' lang='lat' dir='ltr'><strong>aut</strong></span> <span class='ocrx_word' id='word_1_133' title='bbox 3119 944 3187 997; x_wconf 90' lang='lat' dir='ltr'><strong>de</strong></span> <span class='ocrx_word' id='word_1_134' title='bbox 3231 944 3462 999; x_wconf 82' lang='lat' dir='ltr'><strong>adventu</strong></span> <span class='ocrx_word' id='word_1_135' title='bbox 3493 945 3600 1000; x_wconf 91' lang='lat' dir='ltr'><strong>Do-</strong></span> 
     </span>
    </p>
   </div>
   <div class='ocr_carea' id='block_1_23' title="bbox 2018 1035 3602 1104">
    <p class='ocr_par' dir='ltr' id='par_1_23' title="bbox 2018 1035 3602 1104">
     <span class='ocr_line' id='line_1_23' title="bbox 2018 1035 3602 1104; baseline 0 -14"><span class='ocrx_word' id='word_1_136' title='bbox 2018 1036 2169 1101; x_wconf 78' lang='lat' dir='ltr'><strong>mini,</strong></span> <span class='ocrx_word' id='word_1_137' title='bbox 2203 1044 2294 1088; x_wconf 89' lang='lat' dir='ltr'><strong>aut</strong></span> <span class='ocrx_word' id='word_1_138' title='bbox 2313 1035 2380 1089; x_wconf 91' lang='lat' dir='ltr'><strong>de</strong></span> <span class='ocrx_word' id='word_1_139' title='bbox 2403 1035 2522 1104; x_wconf 83' lang='lat' dir='ltr'><strong>ejus</strong></span> <span class='ocrx_word' id='word_1_140' title='bbox 2551 1035 2799 1102; x_wconf 83' lang='lat' dir='ltr'><strong>passione</strong></span> <span class='ocrx_word' id='word_1_141' title='bbox 2825 1044 2970 1098; x_wconf 78' lang='lat' dir='ltr'><strong>sunt,</strong></span> <span class='ocrx_word' id='word_1_142' title='bbox 3019 1045 3110 1088; x_wconf 87' lang='lat' dir='ltr'><strong>aut</strong></span> <span class='ocrx_word' id='word_1_143' title='bbox 3133 1035 3201 1091; x_wconf 88' lang='lat' dir='ltr'><strong>de</strong></span> <span class='ocrx_word' id='word_1_144' title='bbox 3231 1037 3414 1092; x_wconf 71' lang='lat' dir='ltr'><strong>smeuli</strong></span> <span class='ocrx_word' id='word_1_145' title='bbox 3447 1036 3554 1090; x_wconf 81' lang='lat' dir='ltr'><strong>ﬁne</strong></span> <span class='ocrx_word' id='word_1_146' title='bbox 3582 1071 3602 1100; x_wconf 93' lang='lat'><strong>,-</strong></span> 
     </span>
    </p>
   </div>
   <div class='ocr_carea' id='block_1_24' title="bbox 2017 1127 3606 1198">
    <p class='ocr_par' dir='ltr' id='par_1_24' title="bbox 2017 1127 3606 1198">
     <span class='ocr_line' id='line_1_24' title="bbox 2017 1127 3606 1198; baseline 0 -16"><span class='ocrx_word' id='word_1_147' title='bbox 2017 1129 2131 1183; x_wconf 89' lang='lat' dir='ltr'><strong>sivc</strong></span> <span class='ocrx_word' id='word_1_148' title='bbox 2169 1129 2388 1198; x_wconf 85' lang='lat' dir='ltr'><strong>judicio.</strong></span> <span class='ocrx_word' id='word_1_149' title='bbox 2426 1128 2776 1197; x_wconf 86' lang='lat' dir='ltr'><strong>Pr0phetavit</strong></span> <span class='ocrx_word' id='word_1_150' title='bbox 2803 1137 2983 1182; x_wconf 87' lang='lat' dir='ltr'><strong>autem</strong></span> <span class='ocrx_word' id='word_1_151' title='bbox 3013 1129 3248 1183; x_wconf 78' lang='lat' dir='ltr'><strong>secundo</strong></span> <span class='ocrx_word' id='word_1_152' title='bbox 3271 1142 3414 1182; x_wconf 72' lang='lat' dir='ltr'><strong>auito</strong></span> <span class='ocrx_word' id='word_1_153' title='bbox 3455 1127 3606 1182; x_wconf 85' lang='lat' dir='ltr'><strong>Darii</strong></span> 
     </span>
    </p>
   </div>
   <div class='ocr_carea' id='block_1_25' title="bbox 2021 1223 3606 1294">
    <p class='ocr_par' dir='ltr' id='par_1_25' title="bbox 2021 1223 3606 1294">
     <span class='ocr_line' id='line_1_25' title="bbox 2021 1223 3606 1294; baseline 0 -17"><span class='ocrx_word' id='word_1_154' title='bbox 2021 1223 2158 1291; x_wconf 81' lang='lat' dir='ltr'><strong>regis</strong></span> <span class='ocrx_word' id='word_1_155' title='bbox 2195 1223 2510 1288; x_wconf 85' lang='lat' dir='ltr'><strong>Medorum,</strong></span> <span class='ocrx_word' id='word_1_156' title='bbox 2556 1224 2750 1278; x_wconf 87' lang='lat' dir='ltr'><strong>iisdem</strong></span> <span class='ocrx_word' id='word_1_157' title='bbox 2793 1225 3120 1293; x_wconf 86' lang='lat' dir='ltr'><strong>temporibus</strong></span> <span class='ocrx_word' id='word_1_158' title='bbox 3146 1224 3342 1293; x_wconf 82' lang='lat' dir='ltr'><strong>quibus</strong></span> <span class='ocrx_word' id='word_1_159' title='bbox 3385 1231 3442 1279; x_wconf 91' lang='lat' dir='ltr'><strong>et</strong></span> <span class='ocrx_word' id='word_1_160' title='bbox 3483 1225 3606 1294; x_wconf 76' lang='lat' dir='ltr'><strong>Ag-</strong></span> 
     </span>
    </p>
   </div>
   <div class='ocr_carea' id='block_1_26' title="bbox 2019 1316 3604 1386">
    <p class='ocr_par' dir='ltr' id='par_1_26' title="bbox 2019 1316 3604 1386">
     <span class='ocr_line' id='line_1_26' title="bbox 2019 1316 3604 1386; baseline 0.003 -19"><span class='ocrx_word' id='word_1_161' title='bbox 2019 1329 2186 1382; x_wconf 83' lang='lat' dir='ltr'><strong>gaeus,</strong></span> <span class='ocrx_word' id='word_1_162' title='bbox 2221 1329 2361 1368; x_wconf 91' lang='lat' dir='ltr'><strong>anno</strong></span> <span class='ocrx_word' id='word_1_163' title='bbox 2391 1316 2789 1386; x_wconf 86' lang='lat' dir='ltr'><strong>septuagesimo</strong></span> <span class='ocrx_word' id='word_1_164' title='bbox 2817 1316 3164 1372; x_wconf 84' lang='lat' dir='ltr'><strong>desolationis</strong></span> <span class='ocrx_word' id='word_1_165' title='bbox 3199 1317 3380 1385; x_wconf 86' lang='lat' dir='ltr'><strong>templi</strong></span> <span class='ocrx_word' id='word_1_166' title='bbox 3417 1325 3475 1372; x_wconf 89' lang='lat' dir='ltr'><strong>et</strong></span> <span class='ocrx_word' id='word_1_167' title='bbox 3500 1331 3604 1372; x_wconf 89' lang='lat' dir='ltr'><strong>ca-</strong></span> 
     </span>
    </p>
   </div>
   <div class='ocr_carea' id='block_1_27' title="bbox 2021 1404 2514 1476">
    <p class='ocr_par' dir='ltr' id='par_1_27' title="bbox 2021 1404 2514 1476">
     <span class='ocr_line' id='line_1_27' title="bbox 2021 1404 2514 1476; baseline 0.006 -19"><span class='ocrx_word' id='word_1_168' title='bbox 2021 1404 2278 1473; x_wconf 88' lang='lat' dir='ltr'><strong>ptivitatis</strong></span> <span class='ocrx_word' id='word_1_169' title='bbox 2309 1406 2514 1476; x_wconf 89' lang='lat' dir='ltr'><strong>p0puli.</strong></span> 
     </span>
    </p>
   </div>
   <div class='ocr_carea' id='block_1_28' title="bbox 2604 1497 2998 1554">
    <p class='ocr_par' dir='ltr' id='par_1_28' title="bbox 2604 1497 2998 1554">
     <span class='ocr_line' id='line_1_28' title="bbox 2604 1497 2998 1554; baseline 0.003 -2"><span class='ocrx_word' id='word_1_170' title='bbox 2604 1497 2685 1554; x_wconf 88' lang='lat' dir='ltr'><strong>De</strong></span> <span class='ocrx_word' id='word_1_171' title='bbox 2714 1498 2998 1553; x_wconf 78' lang='lat' dir='ltr'><strong>Malae/tia.</strong></span> 
     </span>
    </p>
   </div>
   <div class='ocr_carea' id='block_1_29' title="bbox 2093 1590 3594 1662">
    <p class='ocr_par' dir='ltr' id='par_1_29' title="bbox 2093 1590 3594 1662">
     <span class='ocr_line' id='line_1_29' title="bbox 2093 1590 3594 1662; baseline -0.004 -15"><span class='ocrx_word' id='word_1_172' title='bbox 2093 1592 2184 1647; x_wconf 92' lang='lat' dir='ltr'><strong>8l.</strong></span> <span class='ocrx_word' id='word_1_173' title='bbox 2209 1591 2530 1657; x_wconf 82' lang='lat' dir='ltr'><strong>Malachias,</strong></span> <span class='ocrx_word' id='word_1_174' title='bbox 2582 1592 2670 1662; x_wconf 91' lang='lat' dir='ltr'><strong>qui</strong></span> <span class='ocrx_word' id='word_1_175' title='bbox 2701 1592 3085 1659; x_wconf 78' lang='lat' dir='ltr'><strong>interpretatur</strong></span> <span class='ocrx_word' id='word_1_176' title='bbox 3105 1592 3318 1661; x_wconf 79' lang='lat' dir='ltr'><strong>angelus</strong></span> <span class='ocrx_word' id='word_1_177' title='bbox 3345 1590 3594 1659; x_wconf 81' lang='lat' dir='ltr'><strong>Domini,</strong></span> 
     </span>
    </p>
   </div>
   <div class='ocr_carea' id='block_1_30' title="bbox 2027 1675 3608 1752">
    <p class='ocr_par' dir='ltr' id='par_1_30' title="bbox 2027 1675 3608 1752">
     <span class='ocr_line' id='line_1_30' title="bbox 2027 1675 3608 1752; baseline -0.002 -16"><span class='ocrx_word' id='word_1_178' title='bbox 2027 1683 2081 1736; x_wconf 93' lang='lat' dir='ltr'><strong>in</strong></span> <span class='ocrx_word' id='word_1_179' title='bbox 2115 1683 2377 1752; x_wconf 89' lang='lat' dir='ltr'><strong>principio</strong></span> <span class='ocrx_word' id='word_1_180' title='bbox 2424 1679 2660 1738; x_wconf 81' lang='lat' dir='ltr'><strong>vaticinii</strong></span> <span class='ocrx_word' id='word_1_181' title='bbox 2690 1683 2770 1737; x_wconf 89' lang='lat' dir='ltr'><strong>sui</strong></span> <span class='ocrx_word' id='word_1_182' title='bbox 2800 1677 3133 1736; x_wconf 87' lang='lat' dir='ltr'><strong>demonstrat</strong></span> <span class='ocrx_word' id='word_1_183' title='bbox 3161 1681 3342 1734; x_wconf 88' lang='lat' dir='ltr'><strong>odium</strong></span> <span class='ocrx_word' id='word_1_184' title='bbox 3391 1675 3608 1736; x_wconf 63' lang='lat' dir='ltr'><strong>Iudico-</strong></span> 
     </span>
    </p>
   </div>
   <div class='ocr_carea' id='block_1_31' title="bbox 2023 1761 3601 1846">
    <p class='ocr_par' dir='ltr' id='par_1_31' title="bbox 2023 1761 3601 1846">
     <span class='ocr_line' id='line_1_31' title="bbox 2023 1761 3601 1846; baseline -0.001 -16"><span class='ocrx_word' id='word_1_185' title='bbox 2023 1792 2142 1831; x_wconf 90' lang='lat' dir='ltr'><strong>rum</strong></span> <span class='ocrx_word' id='word_1_186' title='bbox 2170 1779 2219 1831; x_wconf 91' lang='lat' dir='ltr'><strong>in</strong></span> <span class='ocrx_word' id='word_1_187' title='bbox 2245 1773 2407 1844; x_wconf 85' lang='lat' dir='ltr'><strong>Esau,</strong></span> <span class='ocrx_word' id='word_1_188' title='bbox 2436 1787 2487 1832; x_wconf 88' lang='lat' dir='ltr'><strong>et</strong></span> <span class='ocrx_word' id='word_1_189' title='bbox 2509 1776 2852 1832; x_wconf 86' lang='lat' dir='ltr'><strong>dilectionem</strong></span> <span class='ocrx_word' id='word_1_190' title='bbox 2876 1772 3108 1846; x_wconf 72' lang='lat' dir='ltr'><strong>iunioris</strong></span> <span class='ocrx_word' id='word_1_191' title='bbox 3138 1761 3318 1845; x_wconf 81' lang='lat' dir='ltr'><strong>populi</strong></span> <span class='ocrx_word' id='word_1_192' title='bbox 3343 1775 3392 1829; x_wconf 91' lang='lat' dir='ltr'><strong>in</strong></span> <span class='ocrx_word' id='word_1_193' title='bbox 3417 1769 3601 1830; x_wconf 82' lang='lat' dir='ltr'><strong>Jacob.</strong></span> 
     </span>
    </p>
   </div>
   <div class='ocr_carea' id='block_1_32' title="bbox 411 1861 1937 1938">
    <p class='ocr_par' dir='ltr' id='par_1_32' title="bbox 411 1861 1920 1933">
     <span class='ocr_line' id='line_1_32' title="bbox 411 1861 1920 1933; baseline 0.001 -17"><span class='ocrx_word' id='word_1_194' title='bbox 411 1861 499 1918; x_wconf 81' lang='lat'><strong>76.</strong></span> <span class='ocrx_word' id='word_1_195' title='bbox 524 1861 820 1918; x_wconf 80' lang='lat' dir='ltr'><strong>Zacharias</strong></span> <span class='ocrx_word' id='word_1_196' title='bbox 843 1904 863 1928; x_wconf 89' lang='lat'><strong>,</strong></span> <span class='ocrx_word' id='word_1_197' title='bbox 905 1864 998 1933; x_wconf 88' lang='lat' dir='ltr'><strong>qui</strong></span> <span class='ocrx_word' id='word_1_198' title='bbox 1043 1866 1352 1920; x_wconf 86' lang='lat' dir='ltr'><strong>nominatur</strong></span> <span class='ocrx_word' id='word_1_199' title='bbox 1382 1866 1632 1920; x_wconf 77' lang='lat' dir='ltr'><strong>memoria</strong></span> <span class='ocrx_word' id='word_1_200' title='bbox 1673 1865 1920 1931; x_wconf 81' lang='lat' dir='ltr'><strong>Domini,</strong></span> 
     </span>
    </p>
   </div>
   <div class='ocr_carea' id='block_1_33' title="bbox 2042 1861 3603 1938">
    <p class='ocr_par' dir='ltr' id='par_1_33' title="bbox 2042 1863 3603 1938">
     <span class='ocr_line' id='line_1_33' title="bbox 2042 1863 3603 1938; baseline -0.001 -16"><span class='ocrx_word' id='word_1_201' title='bbox 2042 1869 2083 1924; x_wconf 73' lang='lat' dir='ltr'><strong>in</strong></span> <span class='ocrx_word' id='word_1_202' title='bbox 2129 1870 2476 1938; x_wconf 86' lang='lat' dir='ltr'><strong>sequentibus</strong></span> <span class='ocrx_word' id='word_1_203' title='bbox 2523 1879 2697 1923; x_wconf 89' lang='lat' dir='ltr'><strong>autem</strong></span> <span class='ocrx_word' id='word_1_204' title='bbox 2752 1877 2959 1922; x_wconf 87' lang='lat' dir='ltr'><strong>veteres</strong></span> <span class='ocrx_word' id='word_1_205' title='bbox 3003 1863 3310 1923; x_wconf 67' lang='lat' dir='ltr'><strong>Iudaeorum</strong></span> <span class='ocrx_word' id='word_1_206' title='bbox 3357 1865 3603 1922; x_wconf 87' lang='lat' dir='ltr'><strong>victimas</strong></span> 
     </span>
    </p>
   </div>
   <div class='ocr_carea' id='block_1_34' title="bbox 347 1955 1928 2026">
    <p class='ocr_par' dir='ltr' id='par_1_34' title="bbox 347 1955 1928 2026">
     <span class='ocr_line' id='line_1_34' title="bbox 347 1955 1928 2026; baseline 0.001 -16"><span class='ocrx_word' id='word_1_207' title='bbox 347 1964 621 2026; x_wconf 87' lang='lat' dir='ltr'><strong>postquam</strong></span> <span class='ocrx_word' id='word_1_208' title='bbox 648 1956 757 2025; x_wconf 89' lang='lat' dir='ltr'><strong>jam</strong></span> <span class='ocrx_word' id='word_1_209' title='bbox 809 1955 1016 2010; x_wconf 90' lang='lat' dir='ltr'><strong>Domini</strong></span> <span class='ocrx_word' id='word_1_210' title='bbox 1065 1958 1306 2026; x_wconf 85' lang='lat' dir='ltr'><strong>patribus</strong></span> <span class='ocrx_word' id='word_1_211' title='bbox 1360 1957 1739 2026; x_wconf 78' lang='lat' dir='ltr'><strong>prophetarit,</strong></span> <span class='ocrx_word' id='word_1_212' title='bbox 1795 1956 1928 2012; x_wconf 83' lang='lat' dir='ltr'><strong>vidit</strong></span> 
     </span>
    </p>
   </div>
   <div class='ocr_carea' id='block_1_35' title="bbox 347 2047 1929 2118">
    <p class='ocr_par' dir='ltr' id='par_1_35' title="bbox 347 2047 1929 2118">
     <span class='ocr_line' id='line_1_35' title="bbox 347 2047 1929 2118; baseline 0.003 -19"><span class='ocrx_word' id='word_1_213' title='bbox 347 2047 510 2100; x_wconf 89' lang='lat' dir='ltr'><strong>virum</strong></span> <span class='ocrx_word' id='word_1_214' title='bbox 539 2047 816 2102; x_wconf 85' lang='lat' dir='ltr'><strong>sedentem</strong></span> <span class='ocrx_word' id='word_1_215' title='bbox 859 2057 1018 2116; x_wconf 69' lang='lat' dir='ltr'><strong>seper</strong></span> <span class='ocrx_word' id='word_1_216' title='bbox 1048 2061 1243 2117; x_wconf 83' lang='lat' dir='ltr'><strong>equum</strong></span> <span class='ocrx_word' id='word_1_217' title='bbox 1275 2047 1474 2113; x_wconf 78' lang='lat' dir='ltr'><strong>rufum,</strong></span> <span class='ocrx_word' id='word_1_218' title='bbox 1530 2049 1583 2103; x_wconf 92' lang='lat' dir='ltr'><strong>in</strong></span> <span class='ocrx_word' id='word_1_219' title='bbox 1617 2050 1784 2118; x_wconf 89' lang='lat' dir='ltr'><strong>ﬁgura</strong></span> <span class='ocrx_word' id='word_1_220' title='bbox 1808 2063 1929 2103; x_wconf 89' lang='lat' dir='ltr'><strong>cor-</strong></span> 
     </span>
    </p>
   </div>
   <div class='ocr_carea' id='block_1_36' title="bbox 349 2137 1929 2211">
    <p class='ocr_par' dir='ltr' id='par_1_36' title="bbox 349 2137 1929 2211">
     <span class='ocr_line' id='line_1_36' title="bbox 349 2137 1929 2211; baseline 0.001 -17"><span class='ocrx_word' id='word_1_221' title='bbox 349 2140 490 2208; x_wconf 88' lang='lat' dir='ltr'><strong>poris</strong></span> <span class='ocrx_word' id='word_1_222' title='bbox 515 2137 976 2204; x_wconf 85' lang='lat' dir='ltr'><strong>Christi,roscum</strong></span> <span class='ocrx_word' id='word_1_223' title='bbox 1007 2141 1271 2210; x_wconf 73' lang='lat' dir='ltr'><strong>sanguine</strong></span> <span class='ocrx_word' id='word_1_224' title='bbox 1301 2141 1568 2210; x_wconf 85' lang='lat' dir='ltr'><strong>passionis</strong></span> <span class='ocrx_word' id='word_1_225' title='bbox 1593 2181 1608 2207; x_wconf 91' lang='lat'><strong>,</strong></span> <span class='ocrx_word' id='word_1_226' title='bbox 1638 2140 1754 2195; x_wconf 88' lang='lat' dir='ltr'><strong>sive</strong></span> <span class='ocrx_word' id='word_1_227' title='bbox 1781 2155 1929 2211; x_wconf 86' lang='lat' dir='ltr'><strong>myr-</strong></span> 
     </span>
    </p>
   </div>
   <div class='ocr_carea' id='block_1_37' title="bbox 348 2234 1933 2305">
    <p class='ocr_par' dir='ltr' id='par_1_37' title="bbox 348 2234 1933 2305">
     <span class='ocr_line' id='line_1_37' title="bbox 348 2234 1933 2305; baseline -0.001 -15"><span class='ocrx_word' id='word_1_228' title='bbox 348 2242 476 2302; x_wconf 70' lang='lat' dir='ltr'><strong>tem,</strong></span> <span class='ocrx_word' id='word_1_229' title='bbox 498 2236 740 2304; x_wconf 71' lang='lat' dir='ltr'><strong>gentium</strong></span> <span class='ocrx_word' id='word_1_230' title='bbox 764 2235 1018 2303; x_wconf 83' lang='lat' dir='ltr'><strong>populum</strong></span> <span class='ocrx_word' id='word_1_231' title='bbox 1041 2234 1418 2304; x_wconf 84' lang='lat' dir='ltr'><strong>signiﬁcantia;</strong></span> <span class='ocrx_word' id='word_1_232' title='bbox 1440 2236 1631 2305; x_wconf 80' lang='lat' dir='ltr'><strong>aspicit</strong></span> <span class='ocrx_word' id='word_1_233' title='bbox 1649 2244 1704 2290; x_wconf 90' lang='lat' dir='ltr'><strong>et</strong></span> <span class='ocrx_word' id='word_1_234' title='bbox 1729 2249 1933 2290; x_wconf 79' lang='lat' dir='ltr'><strong>cornua</strong></span> 
     </span>
    </p>
   </div>
   <div class='ocr_carea' id='block_1_38' title="bbox 346 2325 1932 2399">
    <p class='ocr_par' dir='ltr' id='par_1_38' title="bbox 346 2325 1932 2399">
     <span class='ocr_line' id='line_1_38' title="bbox 346 2325 1932 2399; baseline 0 -17"><span class='ocrx_word' id='word_1_235' title='bbox 346 2334 596 2398; x_wconf 84' lang='lat' dir='ltr'><strong>quatuor,</strong></span> <span class='ocrx_word' id='word_1_236' title='bbox 621 2326 742 2382; x_wconf 87' lang='lat' dir='ltr'><strong>sive</strong></span> <span class='ocrx_word' id='word_1_237' title='bbox 784 2325 966 2381; x_wconf 74' lang='lat' dir='ltr'><strong>fabros</strong></span> <span class='ocrx_word' id='word_1_238' title='bbox 993 2326 1050 2382; x_wconf 89' lang='lat' dir='ltr'><strong>in</strong></span> <span class='ocrx_word' id='word_1_239' title='bbox 1097 2327 1267 2397; x_wconf 72' lang='lat' dir='ltr'><strong>ﬁgura</strong></span> <span class='ocrx_word' id='word_1_240' title='bbox 1296 2329 1558 2399; x_wconf 78' lang='lat' dir='ltr'><strong>gentium,</strong></span> <span class='ocrx_word' id='word_1_241' title='bbox 1591 2343 1710 2398; x_wconf 64' lang='lat' dir='ltr'><strong>quae</strong></span> <span class='ocrx_word' id='word_1_242' title='bbox 1740 2328 1932 2383; x_wconf 75' lang='lat' dir='ltr'><strong>ludam</strong></span> 
     </span>
    </p>
   </div>
   <div class='ocr_carea' id='block_1_39' title="bbox 347 2421 1932 2490">
    <p class='ocr_par' dir='ltr' id='par_1_39' title="bbox 347 2421 1932 2490">
     <span class='ocr_line' id='line_1_39' title="bbox 347 2421 1932 2490; baseline -0.003 -12"><span class='ocrx_word' id='word_1_243' title='bbox 347 2430 400 2478; x_wconf 89' lang='lat' dir='ltr'><strong>et</strong></span> <span class='ocrx_word' id='word_1_244' title='bbox 423 2421 584 2478; x_wconf 87' lang='lat' dir='ltr'><strong>Israel</strong></span> <span class='ocrx_word' id='word_1_245' title='bbox 612 2422 1021 2490; x_wconf 75' lang='lat' dir='ltr'><strong>dispergontes,</strong></span> <span class='ocrx_word' id='word_1_246' title='bbox 1072 2422 1222 2490; x_wconf 73' lang='lat' dir='ltr'><strong>gravi</strong></span> <span class='ocrx_word' id='word_1_247' title='bbox 1257 2422 1498 2489; x_wconf 83' lang='lat' dir='ltr'><strong>pondere</strong></span> <span class='ocrx_word' id='word_1_248' title='bbox 1523 2421 1932 2489; x_wconf 80' lang='lat' dir='ltr'><strong>depresserunt.</strong></span> 
     </span>
    </p>
   </div>
   <div class='ocr_carea' id='block_1_40' title="bbox 415 2512 1938 2582">
    <p class='ocr_par' dir='ltr' id='par_1_40' title="bbox 415 2512 1938 2582">
     <span class='ocr_line' id='line_1_40' title="bbox 415 2512 1938 2582; baseline 0 -14"><span class='ocrx_word' id='word_1_249' title='bbox 415 2515 503 2568; x_wconf 87' lang='lat'><strong>77.</strong></span> <span class='ocrx_word' id='word_1_250' title='bbox 534 2514 778 2569; x_wconf 83' lang='lat' dir='ltr'><strong>lntuetur</strong></span> <span class='ocrx_word' id='word_1_251' title='bbox 823 2513 1072 2569; x_wconf 84' lang='lat' dir='ltr'><strong>similiter</strong></span> <span class='ocrx_word' id='word_1_252' title='bbox 1101 2523 1157 2568; x_wconf 85' lang='lat' dir='ltr'><strong>et</strong></span> <span class='ocrx_word' id='word_1_253' title='bbox 1185 2513 1370 2568; x_wconf 69' lang='lat' dir='ltr'><strong>Iesum</strong></span> <span class='ocrx_word' id='word_1_254' title='bbox 1396 2553 1415 2582; x_wconf 92' lang='lat'><strong>,</strong></span> <span class='ocrx_word' id='word_1_255' title='bbox 1456 2512 1706 2568; x_wconf 82' lang='lat' dir='ltr'><strong>sordibus</strong></span> <span class='ocrx_word' id='word_1_256' title='bbox 1757 2513 1938 2568; x_wconf 83' lang='lat' dir='ltr'><strong>carnis</strong></span> 
     </span>
    </p>
   </div>
   <div class='ocr_carea' id='block_1_41' title="bbox 349 2605 1937 2675">
    <p class='ocr_par' dir='ltr' id='par_1_41' title="bbox 349 2605 1937 2675">
     <span class='ocr_line' id='line_1_41' title="bbox 349 2605 1937 2675; baseline -0.004 -11"><span class='ocrx_word' id='word_1_257' title='bbox 349 2617 402 2664; x_wconf 86' lang='lat' dir='ltr'><strong>et</strong></span> <span class='ocrx_word' id='word_1_258' title='bbox 429 2607 756 2664; x_wconf 86' lang='lat' dir='ltr'><strong>mortalitate</strong></span> <span class='ocrx_word' id='word_1_259' title='bbox 785 2606 1060 2673; x_wconf 74' lang='lat' dir='ltr'><strong>vestitum,</strong></span> <span class='ocrx_word' id='word_1_260' title='bbox 1085 2605 1281 2675; x_wconf 85' lang='lat' dir='ltr'><strong>quibus</strong></span> <span class='ocrx_word' id='word_1_261' title='bbox 1311 2606 1523 2668; x_wconf 75' lang='lat' dir='ltr'><strong>ablatis,</strong></span> <span class='ocrx_word' id='word_1_262' title='bbox 1557 2605 1804 2659; x_wconf 87' lang='lat' dir='ltr'><strong>indutum</strong></span> <span class='ocrx_word' id='word_1_263' title='bbox 1835 2606 1937 2657; x_wconf 87' lang='lat' dir='ltr'><strong>im-</strong></span> 
     </span>
    </p>
   </div>
   <div class='ocr_carea' id='block_1_42' title="bbox 349 2695 1940 2768">
    <p class='ocr_par' dir='ltr' id='par_1_42' title="bbox 349 2695 1940 2768">
     <span class='ocr_line' id='line_1_42' title="bbox 349 2695 1940 2768; baseline -0.004 -12"><span class='ocrx_word' id='word_1_264' title='bbox 349 2701 680 2756; x_wconf 85' lang='lat' dir='ltr'><strong>ortalitate</strong></span> <span class='ocrx_word' id='word_1_265' title='bbox 717 2707 774 2754; x_wconf 89' lang='lat' dir='ltr'><strong>et</strong></span> <span class='ocrx_word' id='word_1_266' title='bbox 808 2699 977 2768; x_wconf 81' lang='lat' dir='ltr'><strong>gloria</strong></span> <span class='ocrx_word' id='word_1_267' title='bbox 1006 2737 1021 2752; x_wconf 94' lang='lat'><strong>.</strong></span> <span class='ocrx_word' id='word_1_268' title='bbox 1083 2697 1273 2754; x_wconf 83' lang='lat' dir='ltr'><strong>Cernit</strong></span> <span class='ocrx_word' id='word_1_269' title='bbox 1310 2707 1362 2753; x_wconf 90' lang='lat' dir='ltr'><strong>et</strong></span> <span class='ocrx_word' id='word_1_270' title='bbox 1411 2697 1682 2768; x_wconf 85' lang='lat' dir='ltr'><strong>lapidem,</strong></span> <span class='ocrx_word' id='word_1_271' title='bbox 1723 2695 1815 2767; x_wconf 87' lang='lat' dir='ltr'><strong>qui</strong></span> <span class='ocrx_word' id='word_1_272' title='bbox 1855 2704 1940 2750; x_wconf 88' lang='lat' dir='ltr'><strong>est</strong></span> 
     </span>
    </p>
   </div>
   <div class='ocr_carea' id='block_1_43' title="bbox 347 2789 1938 2860">
    <p class='ocr_par' dir='ltr' id='par_1_43' title="bbox 347 2789 1938 2860">
     <span class='ocr_line' id='line_1_43' title="bbox 347 2789 1938 2860; baseline -0.005 -11"><span class='ocrx_word' id='word_1_273' title='bbox 347 2794 618 2860; x_wconf 85' lang='lat' dir='ltr'><strong>Christus,</strong></span> <span class='ocrx_word' id='word_1_274' title='bbox 652 2799 860 2860; x_wconf 82' lang='lat' dir='ltr'><strong>septem</strong></span> <span class='ocrx_word' id='word_1_275' title='bbox 905 2792 1190 2846; x_wconf 76' lang='lat' dir='ltr'><strong>habentem</strong></span> <span class='ocrx_word' id='word_1_276' title='bbox 1223 2790 1441 2860; x_wconf 84' lang='lat' dir='ltr'><strong>oculos,</strong></span> <span class='ocrx_word' id='word_1_277' title='bbox 1473 2790 1526 2844; x_wconf 88' lang='lat' dir='ltr'><strong>id</strong></span> <span class='ocrx_word' id='word_1_278' title='bbox 1554 2799 1658 2856; x_wconf 85' lang='lat' dir='ltr'><strong>est,</strong></span> <span class='ocrx_word' id='word_1_279' title='bbox 1684 2789 1938 2857; x_wconf 72' lang='lat' dir='ltr'><strong>septifor-</strong></span> 
     </span>
    </p>
   </div>
   <div class='ocr_carea' id='block_1_44' title="bbox 351 2879 1940 2954">
    <p class='ocr_par' dir='ltr' id='par_1_44' title="bbox 351 2879 1940 2954">
     <span class='ocr_line' id='line_1_44' title="bbox 351 2879 1940 2954; baseline -0.004 -15"><span class='ocrx_word' id='word_1_280' title='bbox 351 2885 452 2940; x_wconf 86' lang='lat' dir='ltr'><strong>mis</strong></span> <span class='ocrx_word' id='word_1_281' title='bbox 483 2883 705 2954; x_wconf 81' lang='lat' dir='ltr'><strong>spiritus</strong></span> <span class='ocrx_word' id='word_1_282' title='bbox 730 2880 1142 2952; x_wconf 85' lang='lat' dir='ltr'><strong>plenitudinem.</strong></span> <span class='ocrx_word' id='word_1_283' title='bbox 1169 2882 1313 2937; x_wconf 80' lang='lat' dir='ltr'><strong>inter</strong></span> <span class='ocrx_word' id='word_1_284' title='bbox 1342 2881 1455 2934; x_wconf 68' lang='lat' dir='ltr'><strong>haec</strong></span> <span class='ocrx_word' id='word_1_285' title='bbox 1475 2879 1716 2935; x_wconf 86' lang='lat' dir='ltr'><strong>intuetur</strong></span> <span class='ocrx_word' id='word_1_286' title='bbox 1739 2890 1940 2934; x_wconf 86' lang='lat' dir='ltr'><strong>torrem</strong></span> 
     </span>
    </p>
   </div>
   <div class='ocr_carea' id='block_1_45' title="bbox 348 2972 1941 3044">
    <p class='ocr_par' dir='ltr' id='par_1_45' title="bbox 348 2972 1941 3044">
     <span class='ocr_line' id='line_1_45' title="bbox 348 2972 1941 3044; baseline -0.005 -10"><span class='ocrx_word' id='word_1_287' title='bbox 348 2987 406 3034; x_wconf 84' lang='lat' dir='ltr'><strong>et</strong></span> <span class='ocrx_word' id='word_1_288' title='bbox 433 2979 676 3034; x_wconf 87' lang='lat' dir='ltr'><strong>titionem</strong></span> <span class='ocrx_word' id='word_1_289' title='bbox 700 2980 1024 3034; x_wconf 77' lang='lat' dir='ltr'><strong>exstinctum</strong></span> <span class='ocrx_word' id='word_1_290' title='bbox 1047 3019 1062 3044; x_wconf 91' lang='lat'><strong>,</strong></span> <span class='ocrx_word' id='word_1_291' title='bbox 1117 2976 1170 3031; x_wconf 92' lang='lat' dir='ltr'><strong>id</strong></span> <span class='ocrx_word' id='word_1_292' title='bbox 1202 2985 1309 3041; x_wconf 85' lang='lat' dir='ltr'><strong>est,</strong></span> <span class='ocrx_word' id='word_1_293' title='bbox 1340 2975 1639 3032; x_wconf 87' lang='lat' dir='ltr'><strong>diabolum.</strong></span> <span class='ocrx_word' id='word_1_294' title='bbox 1664 2972 1941 3029; x_wconf 81' lang='lat' dir='ltr'><strong>Candela-</strong></span> 
     </span>
    </p>
   </div>
   <div class='ocr_carea' id='block_1_46' title="bbox 351 3066 1935 3140">
    <p class='ocr_par' dir='ltr' id='par_1_46' title="bbox 351 3066 1935 3140">
     <span class='ocr_line' id='line_1_46' title="bbox 351 3066 1935 3140; baseline -0.004 -16"><span class='ocrx_word' id='word_1_295' title='bbox 351 3069 507 3125; x_wconf 92' lang='lat' dir='ltr'><strong>brum</strong></span> <span class='ocrx_word' id='word_1_296' title='bbox 537 3070 682 3124; x_wconf 79' lang='lat' dir='ltr'><strong>videt</strong></span> <span class='ocrx_word' id='word_1_297' title='bbox 725 3068 779 3124; x_wconf 84' lang='lat' dir='ltr'><strong>in</strong></span> <span class='ocrx_word' id='word_1_298' title='bbox 828 3071 998 3140; x_wconf 88' lang='lat' dir='ltr'><strong>ﬁgura</strong></span> <span class='ocrx_word' id='word_1_299' title='bbox 1025 3068 1219 3122; x_wconf 89' lang='lat' dir='ltr'><strong>Christi</strong></span> <span class='ocrx_word' id='word_1_300' title='bbox 1247 3082 1369 3122; x_wconf 92' lang='lat' dir='ltr'><strong>cum</strong></span> <span class='ocrx_word' id='word_1_301' title='bbox 1418 3066 1654 3121; x_wconf 88' lang='lat' dir='ltr'><strong>lucernis</strong></span> <span class='ocrx_word' id='word_1_302' title='bbox 1695 3074 1935 3135; x_wconf 83' lang='lat' dir='ltr'><strong>septem,</strong></span> 
     </span>
    </p>
   </div>
   <div class='ocr_carea' id='block_1_47' title="bbox 349 3157 1941 3231">
    <p class='ocr_par' dir='ltr' id='par_1_47' title="bbox 349 3157 1941 3231">
     <span class='ocr_line' id='line_1_47' title="bbox 349 3157 1941 3231; baseline -0.004 -15"><span class='ocrx_word' id='word_1_303' title='bbox 349 3178 472 3231; x_wconf 70' lang='lat' dir='ltr'><strong>quae</strong></span> <span class='ocrx_word' id='word_1_304' title='bbox 495 3170 624 3217; x_wconf 86' lang='lat' dir='ltr'><strong>sunt</strong></span> <span class='ocrx_word' id='word_1_305' title='bbox 653 3161 940 3228; x_wconf 63' lang='lat' dir='ltr'><strong>Ecclesiae;</strong></span> <span class='ocrx_word' id='word_1_306' title='bbox 972 3175 1182 3216; x_wconf 80' lang='lat' dir='ltr'><strong>necnon</strong></span> <span class='ocrx_word' id='word_1_307' title='bbox 1211 3168 1268 3215; x_wconf 92' lang='lat' dir='ltr'><strong>et</strong></span> <span class='ocrx_word' id='word_1_308' title='bbox 1296 3160 1428 3214; x_wconf 81' lang='lat' dir='ltr'><strong>duas</strong></span> <span class='ocrx_word' id='word_1_309' title='bbox 1455 3159 1624 3213; x_wconf 80' lang='lat' dir='ltr'><strong>olivas</strong></span> <span class='ocrx_word' id='word_1_310' title='bbox 1651 3196 1668 3226; x_wconf 91' lang='lat'><strong>,</strong></span> <span class='ocrx_word' id='word_1_311' title='bbox 1721 3157 1788 3212; x_wconf 86' lang='lat' dir='ltr'><strong>ad</strong></span> <span class='ocrx_word' id='word_1_312' title='bbox 1811 3157 1941 3211; x_wconf 82' lang='lat' dir='ltr'><strong>dex-</strong></span> 
     </span>
    </p>
   </div>
   <div class='ocr_carea' id='block_1_48' title="bbox 353 3239 2012 3320">
    <p class='ocr_par' dir='ltr' id='par_1_48' title="bbox 353 3239 2012 3320">
     <span class='ocr_line' id='line_1_48' title="bbox 353 3239 2012 3320; baseline -0.003 -13"><span class='ocrx_word' id='word_1_313' title='bbox 353 3263 522 3307; x_wconf 88' lang='lat' dir='ltr'><strong>teram</strong></span> <span class='ocrx_word' id='word_1_314' title='bbox 569 3262 627 3309; x_wconf 89' lang='lat' dir='ltr'><strong>et</strong></span> <span class='ocrx_word' id='word_1_315' title='bbox 657 3253 724 3308; x_wconf 88' lang='lat' dir='ltr'><strong>ad</strong></span> <span class='ocrx_word' id='word_1_316' title='bbox 767 3253 1040 3308; x_wconf 86' lang='lat' dir='ltr'><strong>sinistram</strong></span> <span class='ocrx_word' id='word_1_317' title='bbox 1077 3251 1388 3308; x_wconf 84' lang='lat' dir='ltr'><strong>candelabri</strong></span> <span class='ocrx_word' id='word_1_318' title='bbox 1417 3254 1620 3320; x_wconf 88' lang='lat' dir='ltr'><strong>positas</strong></span> <span class='ocrx_word' id='word_1_319' title='bbox 1643 3283 1662 3316; x_wconf 83' lang='lat'><strong>,</strong></span> <span class='ocrx_word' id='word_1_320' title='bbox 1707 3249 1933 3304; x_wconf 91' lang='lat' dir='ltr'><strong>duorum</strong></span> <span class='ocrx_word' id='word_1_321' title='bbox 1965 3239 2012 3308; x_wconf 85' lang='lat' dir='ltr'><strong>C</strong></span> 
     </span>
    </p>
   </div>
   <div class='ocr_carea' id='block_1_49' title="bbox 351 3345 1461 3416">
    <p class='ocr_par' dir='ltr' id='par_1_49' title="bbox 351 3345 1461 3416">
     <span class='ocr_line' id='line_1_49' title="bbox 351 3345 1461 3416; baseline -0.002 -17"><span class='ocrx_word' id='word_1_322' title='bbox 351 3345 828 3401; x_wconf 85' lang='lat' dir='ltr'><strong>Testamentorum</strong></span> <span class='ocrx_word' id='word_1_323' title='bbox 865 3355 1044 3416; x_wconf 83' lang='lat' dir='ltr'><strong>typum</strong></span> <span class='ocrx_word' id='word_1_324' title='bbox 1076 3345 1461 3416; x_wconf 76' lang='lat' dir='ltr'><strong>signiﬁcantes.</strong></span> 
     </span>
    </p>
   </div>
   <div class='ocr_carea' id='block_1_50' title="bbox 425 3437 1940 3509">
    <p class='ocr_par' dir='ltr' id='par_1_50' title="bbox 425 3437 1940 3509">
     <span class='ocr_line' id='line_1_50' title="bbox 425 3437 1940 3509; baseline -0.001 -17"><span class='ocrx_word' id='word_1_325' title='bbox 425 3437 514 3495; x_wconf 74' lang='lat'><strong>78.</strong></span> <span class='ocrx_word' id='word_1_326' title='bbox 548 3441 790 3496; x_wconf 77' lang='lat' dir='ltr'><strong>Assumit</strong></span> <span class='ocrx_word' id='word_1_327' title='bbox 823 3455 1040 3509; x_wconf 85' lang='lat' dir='ltr'><strong>quoque</strong></span> <span class='ocrx_word' id='word_1_328' title='bbox 1081 3440 1224 3495; x_wconf 90' lang='lat' dir='ltr'><strong>idem</strong></span> <span class='ocrx_word' id='word_1_329' title='bbox 1256 3439 1388 3494; x_wconf 89' lang='lat' dir='ltr'><strong>duas</strong></span> <span class='ocrx_word' id='word_1_330' title='bbox 1431 3439 1606 3508; x_wconf 82' lang='lat' dir='ltr'><strong>virgas</strong></span> <span class='ocrx_word' id='word_1_331' title='bbox 1633 3437 1856 3492; x_wconf 71' lang='lat' dir='ltr'><strong>funiculi</strong></span> <span class='ocrx_word' id='word_1_332' title='bbox 1885 3447 1940 3493; x_wconf 90' lang='lat' dir='ltr'><strong>et</strong></span> 
     </span>
    </p>
   </div>
   <div class='ocr_carea' id='block_1_51' title="bbox 350 3532 1940 3606">
    <p class='ocr_par' dir='ltr' id='par_1_51' title="bbox 350 3532 1940 3606">
     <span class='ocr_line' id='line_1_51' title="bbox 350 3532 1940 3606; baseline -0.003 -14"><span class='ocrx_word' id='word_1_333' title='bbox 350 3536 569 3592; x_wconf 82' lang='lat' dir='ltr'><strong>decoris</strong></span> <span class='ocrx_word' id='word_1_334' title='bbox 601 3538 654 3590; x_wconf 93' lang='lat' dir='ltr'><strong>in</strong></span> <span class='ocrx_word' id='word_1_335' title='bbox 684 3545 810 3606; x_wconf 79' lang='lat' dir='ltr'><strong>typo</strong></span> <span class='ocrx_word' id='word_1_336' title='bbox 829 3534 1133 3589; x_wconf 56' lang='lat' dir='ltr'><strong>Iudaeorum</strong></span> <span class='ocrx_word' id='word_1_337' title='bbox 1157 3543 1210 3589; x_wconf 91' lang='lat' dir='ltr'><strong>et</strong></span> <span class='ocrx_word' id='word_1_338' title='bbox 1232 3535 1490 3604; x_wconf 84' lang='lat' dir='ltr'><strong>gentium.</strong></span> <span class='ocrx_word' id='word_1_339' title='bbox 1518 3532 1722 3602; x_wconf 77' lang='lat' dir='ltr'><strong>Aspicit</strong></span> <span class='ocrx_word' id='word_1_340' title='bbox 1745 3533 1940 3588; x_wconf 84' lang='lat' dir='ltr'><strong>deinde</strong></span> 
     </span>
    </p>
   </div>
   <div class='ocr_carea' id='block_1_52' title="bbox 349 3626 1940 3696">
    <p class='ocr_par' dir='ltr' id='par_1_52' title="bbox 349 3626 1940 3696">
     <span class='ocr_line' id='line_1_52' title="bbox 349 3626 1940 3696; baseline -0.003 -12"><span class='ocrx_word' id='word_1_341' title='bbox 349 3629 488 3685; x_wconf 85' lang='lat' dir='ltr'><strong>duas</strong></span> <span class='ocrx_word' id='word_1_342' title='bbox 509 3629 788 3693; x_wconf 86' lang='lat' dir='ltr'><strong>mulieres,</strong></span> <span class='ocrx_word' id='word_1_343' title='bbox 822 3631 876 3685; x_wconf 81' lang='lat' dir='ltr'><strong>id</strong></span> <span class='ocrx_word' id='word_1_344' title='bbox 906 3638 1022 3695; x_wconf 84' lang='lat' dir='ltr'><strong>est,</strong></span> <span class='ocrx_word' id='word_1_345' title='bbox 1051 3629 1426 3684; x_wconf 78' lang='lat' dir='ltr'><strong>b-.rreticorum</strong></span> <span class='ocrx_word' id='word_1_346' title='bbox 1460 3628 1662 3696; x_wconf 83' lang='lat' dir='ltr'><strong>plebes,</strong></span> <span class='ocrx_word' id='word_1_347' title='bbox 1706 3627 1820 3681; x_wconf 84' lang='lat' dir='ltr'><strong>sive</strong></span> <span class='ocrx_word' id='word_1_348' title='bbox 1842 3626 1940 3680; x_wconf 81' lang='lat' dir='ltr'><strong>Ju-</strong></span> 
     </span>
    </p>
   </div>
   <div class='ocr_carea' id='block_1_53' title="bbox 348 3719 1937 3788">
    <p class='ocr_par' dir='ltr' id='par_1_53' title="bbox 348 3719 1937 3788">
     <span class='ocr_line' id='line_1_53' title="bbox 348 3719 1937 3788; baseline -0.004 -11"><span class='ocrx_word' id='word_1_349' title='bbox 348 3724 621 3787; x_wconf 67' lang='lat' dir='ltr'><strong>dmorum,</strong></span> <span class='ocrx_word' id='word_1_350' title='bbox 653 3721 708 3776; x_wconf 87' lang='lat' dir='ltr'><strong>in</strong></span> <span class='ocrx_word' id='word_1_351' title='bbox 755 3722 855 3776; x_wconf 89' lang='lat' dir='ltr'><strong>alis</strong></span> <span class='ocrx_word' id='word_1_352' title='bbox 893 3722 1004 3775; x_wconf 78' lang='lat' dir='ltr'><strong>suis</strong></span> <span class='ocrx_word' id='word_1_353' title='bbox 1053 3720 1291 3774; x_wconf 76' lang='lat' dir='ltr'><strong>levantes</strong></span> <span class='ocrx_word' id='word_1_354' title='bbox 1337 3719 1689 3788; x_wconf 82' lang='lat' dir='ltr'><strong>amphoram,</strong></span> <span class='ocrx_word' id='word_1_355' title='bbox 1725 3719 1780 3771; x_wconf 88' lang='lat' dir='ltr'><strong>id</strong></span> <span class='ocrx_word' id='word_1_356' title='bbox 1814 3728 1896 3774; x_wconf 80' lang='lat' dir='ltr'><strong>est</strong></span> <span class='ocrx_word' id='word_1_357' title='bbox 1923 3759 1937 3783; x_wconf 94' lang='lat'><strong>,</strong></span> 
     </span>
    </p>
   </div>
   <div class='ocr_carea' id='block_1_54' title="bbox 357 3809 1943 3881">
    <p class='ocr_par' dir='ltr' id='par_1_54' title="bbox 357 3809 1943 3881">
     <span class='ocr_line' id='line_1_54' title="bbox 357 3809 1943 3881; baseline -0.004 -11"><span class='ocrx_word' id='word_1_358' title='bbox 357 3816 693 3871; x_wconf 87' lang='lat' dir='ltr'><strong>diabolicam</strong></span> <span class='ocrx_word' id='word_1_359' title='bbox 721 3813 1050 3881; x_wconf 82' lang='lat' dir='ltr'><strong>doctrinam,</strong></span> <span class='ocrx_word' id='word_1_360' title='bbox 1078 3827 1415 3880; x_wconf 86' lang='lat' dir='ltr'><strong>massamque</strong></span> <span class='ocrx_word' id='word_1_361' title='bbox 1439 3811 1659 3879; x_wconf 86' lang='lat' dir='ltr'><strong>plumbi,</strong></span> <span class='ocrx_word' id='word_1_362' title='bbox 1690 3809 1834 3877; x_wconf 89' lang='lat' dir='ltr'><strong>quod</strong></span> <span class='ocrx_word' id='word_1_363' title='bbox 1860 3818 1943 3863; x_wconf 89' lang='lat' dir='ltr'><strong>est</strong></span> 
     </span>
    </p>
   </div>
   <div class='ocr_carea' id='block_1_55' title="bbox 352 3902 1938 3981">
    <p class='ocr_par' dir='ltr' id='par_1_55' title="bbox 352 3902 1938 3981">
     <span class='ocr_line' id='line_1_55' title="bbox 352 3902 1938 3981; baseline -0.005 -17"><span class='ocrx_word' id='word_1_364' title='bbox 352 3913 520 3981; x_wconf 71' lang='lat'><strong>212</strong></span> <span class='ocrx_word' id='word_1_365' title='bbox 575 3908 780 3978; x_wconf 86' lang='lat' dir='ltr'><strong>pondus</strong></span> <span class='ocrx_word' id='word_1_366' title='bbox 829 3907 1029 3976; x_wconf 85' lang='lat' dir='ltr'><strong>peccati</strong></span> <span class='ocrx_word' id='word_1_367' title='bbox 1063 3905 1475 3976; x_wconf 85' lang='lat' dir='ltr'><strong>gravissimum,</strong></span> <span class='ocrx_word' id='word_1_368' title='bbox 1521 3902 1637 3958; x_wconf 88' lang='lat' dir='ltr'><strong>sive</strong></span> <span class='ocrx_word' id='word_1_369' title='bbox 1685 3902 1938 3956; x_wconf 88' lang='lat' dir='ltr'><strong>volumen</strong></span> 
     </span>
    </p>
   </div>
   <div class='ocr_carea' id='block_1_56' title="bbox 350 3995 1944 4072">
    <p class='ocr_par' dir='ltr' id='par_1_56' title="bbox 350 3995 1944 4072">
     <span class='ocr_line' id='line_1_56' title="bbox 350 3995 1944 4072; baseline -0.006 -15"><span class='ocrx_word' id='word_1_370' title='bbox 350 4003 583 4070; x_wconf 80' lang='lat' dir='ltr'><strong>volans,</strong></span> <span class='ocrx_word' id='word_1_371' title='bbox 614 4003 668 4056; x_wconf 90' lang='lat' dir='ltr'><strong>in</strong></span> <span class='ocrx_word' id='word_1_372' title='bbox 695 4015 804 4072; x_wconf 81' lang='lat' dir='ltr'><strong>quo</strong></span> <span class='ocrx_word' id='word_1_373' title='bbox 823 4007 1042 4070; x_wconf 80' lang='lat' dir='ltr'><strong>peccata</strong></span> <span class='ocrx_word' id='word_1_374' title='bbox 1073 3999 1350 4054; x_wconf 82' lang='lat' dir='ltr'><strong>hominum</strong></span> <span class='ocrx_word' id='word_1_375' title='bbox 1377 4005 1432 4053; x_wconf 87' lang='lat' dir='ltr'><strong>et</strong></span> <span class='ocrx_word' id='word_1_376' title='bbox 1456 3995 1720 4066; x_wconf 85' lang='lat' dir='ltr'><strong>supplicia</strong></span> <span class='ocrx_word' id='word_1_377' title='bbox 1742 3995 1944 4049; x_wconf 85' lang='lat' dir='ltr'><strong>descri-</strong></span> 
     </span>
    </p>
   </div>
   <div class='ocr_carea' id='block_1_57' title="bbox 352 4096 591 4152">
    <p class='ocr_par' dir='ltr' id='par_1_57' title="bbox 352 4096 591 4152">
     <span class='ocr_line' id='line_1_57' title="bbox 352 4096 591 4152; baseline -0.013 0"><span class='ocrx_word' id='word_1_378' title='bbox 352 4096 591 4152; x_wconf 68' lang='lat' dir='ltr'><strong>buntur.</strong></span> 
     </span>
    </p>
   </div>
   <div class='ocr_carea' id='block_1_58' title="bbox 428 4175 1946 4255">
    <p class='ocr_par' dir='ltr' id='par_1_58' title="bbox 428 4175 1946 4255">
     <span class='ocr_line' id='line_1_58' title="bbox 428 4175 1946 4255; baseline -0.009 -13"><span class='ocrx_word' id='word_1_379' title='bbox 428 4189 523 4242; x_wconf 79' lang='lat'><strong>79.</strong></span> <span class='ocrx_word' id='word_1_380' title='bbox 563 4187 717 4241; x_wconf 76' lang='lat' dir='ltr'><strong>\‘idet</strong></span> <span class='ocrx_word' id='word_1_381' title='bbox 742 4195 794 4240; x_wconf 91' lang='lat' dir='ltr'><strong>et</strong></span> <span class='ocrx_word' id='word_1_382' title='bbox 825 4184 1114 4255; x_wconf 83' lang='lat' dir='ltr'><strong>quadrigas</strong></span> <span class='ocrx_word' id='word_1_383' title='bbox 1137 4190 1389 4251; x_wconf 85' lang='lat' dir='ltr'><strong>quatuor,</strong></span> <span class='ocrx_word' id='word_1_384' title='bbox 1416 4195 1520 4234; x_wconf 91' lang='lat' dir='ltr'><strong>uno</strong></span> <span class='ocrx_word' id='word_1_385' title='bbox 1548 4175 1946 4249; x_wconf 81' lang='lat' dir='ltr'><strong>praedicationis</strong></span> 
     </span>
    </p>
   </div>
   <div class='ocr_carea' id='block_1_59' title="bbox 351 4272 1946 4352">
    <p class='ocr_par' dir='ltr' id='par_1_59' title="bbox 351 4272 1946 4352">
     <span class='ocr_line' id='line_1_59' title="bbox 351 4272 1946 4352; baseline -0.009 -13"><span class='ocrx_word' id='word_1_386' title='bbox 351 4281 688 4352; x_wconf 77' lang='lat' dir='ltr'><strong>evangelica:</strong></span> <span class='ocrx_word' id='word_1_387' title='bbox 713 4279 842 4351; x_wconf 82' lang='lat' dir='ltr'><strong>jugo</strong></span> <span class='ocrx_word' id='word_1_388' title='bbox 891 4285 1189 4332; x_wconf 86' lang='lat' dir='ltr'><strong>currentes.</strong></span> <span class='ocrx_word' id='word_1_389' title='bbox 1227 4272 1358 4329; x_wconf 86' lang='lat' dir='ltr'><strong>Post</strong></span> <span class='ocrx_word' id='word_1_390' title='bbox 1406 4274 1507 4327; x_wconf 89' lang='lat' dir='ltr'><strong>hoc</strong></span> <span class='ocrx_word' id='word_1_391' title='bbox 1549 4272 1740 4339; x_wconf 69' lang='lat' dir='ltr'><strong>aspicit</strong></span> <span class='ocrx_word' id='word_1_392' title='bbox 1779 4285 1946 4340; x_wconf 77' lang='lat' dir='ltr'><strong>equos</strong></span> 
     </span>
    </p>
   </div>
   <div class='ocr_carea' id='block_1_60' title="bbox 354 4361 1944 4440">
    <p class='ocr_par' dir='ltr' id='par_1_60' title="bbox 354 4361 1944 4440">
     <span class='ocr_line' id='line_1_60' title="bbox 354 4361 1944 4440; baseline -0.011 -8"><span class='ocrx_word' id='word_1_393' title='bbox 354 4377 564 4432; x_wconf 87' lang='lat' dir='ltr'><strong>missos</strong></span> <span class='ocrx_word' id='word_1_394' title='bbox 607 4373 675 4428; x_wconf 87' lang='lat' dir='ltr'><strong>ad</strong></span> <span class='ocrx_word' id='word_1_395' title='bbox 725 4371 1159 4440; x_wconf 68' lang='lat' dir='ltr'><strong>praedicationem</strong></span> <span class='ocrx_word' id='word_1_396' title='bbox 1198 4366 1382 4421; x_wconf 85' lang='lat' dir='ltr'><strong>mundi</strong></span> <span class='ocrx_word' id='word_1_397' title='bbox 1416 4382 1429 4417; x_wconf 89' lang='lat'>:</span> <span class='ocrx_word' id='word_1_398' title='bbox 1463 4365 1693 4434; x_wconf 91' lang='lat' dir='ltr'><strong>primum</strong></span> <span class='ocrx_word' id='word_1_399' title='bbox 1727 4361 1902 4416; x_wconf 84' lang='lat' dir='ltr'><strong>rufum</strong></span> <span class='ocrx_word' id='word_1_400' title='bbox 1929 4402 1944 4428; x_wconf 87' lang='lat'><strong>,</strong></span> 
     </span>
    </p>
   </div>
   <div class='ocr_carea' id='block_1_61' title="bbox 352 4458 1950 4542">
    <p class='ocr_par' dir='ltr' id='par_1_61' title="bbox 352 4458 1950 4542">
     <span class='ocr_line' id='line_1_61' title="bbox 352 4458 1950 4542; baseline -0.008 -17"><span class='ocrx_word' id='word_1_401' title='bbox 352 4472 615 4542; x_wconf 88' lang='lat' dir='ltr'><strong>passione</strong></span> <span class='ocrx_word' id='word_1_402' title='bbox 642 4467 905 4537; x_wconf 82' lang='lat' dir='ltr'><strong>martyrii.</strong></span> <span class='ocrx_word' id='word_1_403' title='bbox 939 4463 1248 4520; x_wconf 89' lang='lat' dir='ltr'><strong>Secundum</strong></span> <span class='ocrx_word' id='word_1_404' title='bbox 1283 4461 1490 4530; x_wconf 87' lang='lat' dir='ltr'><strong>nigrum</strong></span> <span class='ocrx_word' id='word_1_405' title='bbox 1510 4500 1524 4522; x_wconf 90' lang='lat'><strong>,</strong></span> <span class='ocrx_word' id='word_1_406' title='bbox 1553 4458 1801 4526; x_wconf 74' lang='lat' dir='ltr'><strong>squalore</strong></span> <span class='ocrx_word' id='word_1_407' title='bbox 1834 4473 1950 4526; x_wconf 85' lang='lat' dir='ltr'><strong>poe-</strong></span> 
     </span>
    </p>
   </div>
   <div class='ocr_carea' id='block_1_62' title="bbox 352 4552 1949 4626">
    <p class='ocr_par' dir='ltr' id='par_1_62' title="bbox 352 4552 1949 4626">
     <span class='ocr_line' id='line_1_62' title="bbox 352 4552 1949 4626; baseline -0.01 -5"><span class='ocrx_word' id='word_1_408' title='bbox 352 4565 625 4621; x_wconf 68' lang='lat' dir='ltr'><strong>nitentiae.</strong></span> <span class='ocrx_word' id='word_1_409' title='bbox 657 4563 895 4618; x_wconf 84' lang='lat' dir='ltr'><strong>Tertium</strong></span> <span class='ocrx_word' id='word_1_410' title='bbox 921 4560 1124 4626; x_wconf 87' lang='lat' dir='ltr'><strong>album,</strong></span> <span class='ocrx_word' id='word_1_411' title='bbox 1151 4555 1382 4613; x_wconf 87' lang='lat' dir='ltr'><strong>candore</strong></span> <span class='ocrx_word' id='word_1_412' title='bbox 1405 4552 1949 4620; x_wconf 81' lang='lat' dir='ltr'><strong>baptismatis.Quar-</strong></span> 
     </span>
    </p>
   </div>
   <div class='ocr_carea' id='block_1_63' title="bbox 2031 1956 3613 2029">
    <p class='ocr_par' dir='ltr' id='par_1_63' title="bbox 2031 1956 3613 2029">
     <span class='ocr_line' id='line_1_63' title="bbox 2031 1956 3613 2029; baseline -0.001 -15"><span class='ocrx_word' id='word_1_413' title='bbox 2031 1956 2310 2028; x_wconf 81' lang='lat' dir='ltr'><strong>reprobat.</strong></span> <span class='ocrx_word' id='word_1_414' title='bbox 2343 1960 2405 2012; x_wconf 82' lang='lat' dir='ltr'><strong>Et</strong></span> <span class='ocrx_word' id='word_1_415' title='bbox 2429 1957 2753 2013; x_wconf 88' lang='lat' dir='ltr'><strong>sacriﬁcium</strong></span> <span class='ocrx_word' id='word_1_416' title='bbox 2786 1958 3062 2012; x_wconf 81' lang='lat' dir='ltr'><strong>transferri</strong></span> <span class='ocrx_word' id='word_1_417' title='bbox 3084 1957 3149 2012; x_wconf 86' lang='lat' dir='ltr'><strong>ad</strong></span> <span class='ocrx_word' id='word_1_418' title='bbox 3175 1967 3366 2029; x_wconf 83' lang='lat' dir='ltr'><strong>gentes</strong></span> <span class='ocrx_word' id='word_1_419' title='bbox 3401 1974 3613 2013; x_wconf 63' lang='lat' dir='ltr'><strong>annuno</strong></span> 
     </span>
    </p>
   </div>
   <div class='ocr_carea' id='block_1_64' title="bbox 2033 2047 3620 2120">
    <p class='ocr_par' dir='ltr' id='par_1_64' title="bbox 2033 2047 3620 2120">
     <span class='ocr_line' id='line_1_64' title="bbox 2033 2047 3620 2120; baseline 0 -16"><span class='ocrx_word' id='word_1_420' title='bbox 2033 2052 2147 2104; x_wconf 89' lang='lat' dir='ltr'><strong>tiat.</strong></span> <span class='ocrx_word' id='word_1_421' title='bbox 2183 2047 2236 2104; x_wconf 90' lang='lat' dir='ltr'><strong>lu</strong></span> <span class='ocrx_word' id='word_1_422' title='bbox 2291 2049 2397 2106; x_wconf 90' lang='lat' dir='ltr'><strong>ﬁne</strong></span> <span class='ocrx_word' id='word_1_423' title='bbox 2441 2063 2567 2106; x_wconf 89' lang='lat' dir='ltr'><strong>vero</strong></span> <span class='ocrx_word' id='word_1_424' title='bbox 2614 2051 2902 2106; x_wconf 83' lang='lat' dir='ltr'><strong>adventum</strong></span> <span class='ocrx_word' id='word_1_425' title='bbox 2939 2049 3182 2116; x_wconf 89' lang='lat' dir='ltr'><strong>Domini,</strong></span> <span class='ocrx_word' id='word_1_426' title='bbox 3233 2050 3375 2105; x_wconf 88' lang='lat' dir='ltr'><strong>diem</strong></span> <span class='ocrx_word' id='word_1_427' title='bbox 3407 2063 3620 2120; x_wconf 90' lang='lat' dir='ltr'><strong>quoque</strong></span> 
     </span>
    </p>
   </div>
   <div class='ocr_carea' id='block_1_65' title="bbox 2029 2141 3618 2212">
    <p class='ocr_par' dir='ltr' id='par_1_65' title="bbox 2029 2141 3618 2212">
     <span class='ocr_line' id='line_1_65' title="bbox 2029 2141 3618 2212; baseline 0 -17"><span class='ocrx_word' id='word_1_428' title='bbox 2029 2141 2217 2211; x_wconf 70' lang='lat' dir='ltr'><strong>iudicii</strong></span> <span class='ocrx_word' id='word_1_429' title='bbox 2245 2145 2630 2212; x_wconf 76' lang='lat' dir='ltr'><strong>&#39;justorumque</strong></span> <span class='ocrx_word' id='word_1_430' title='bbox 2672 2143 2887 2211; x_wconf 80' lang='lat' dir='ltr'><strong>praemia</strong></span> <span class='ocrx_word' id='word_1_431' title='bbox 2916 2185 2929 2207; x_wconf 89' lang='lat'><strong>,</strong></span> <span class='ocrx_word' id='word_1_432' title='bbox 2985 2151 3038 2196; x_wconf 86' lang='lat' dir='ltr'><strong>et</strong></span> <span class='ocrx_word' id='word_1_433' title='bbox 3078 2142 3364 2211; x_wconf 78' lang='lat' dir='ltr'><strong>impiordm</strong></span> <span class='ocrx_word' id='word_1_434' title='bbox 3410 2157 3618 2210; x_wconf 76' lang='lat' dir='ltr'><strong>poenas.</strong></span> 
     </span>
    </p>
   </div>
   <div class='ocr_carea' id='block_1_66' title="bbox 2031 2235 3617 2305">
    <p class='ocr_par' dir='ltr' id='par_1_66' title="bbox 2031 2235 3617 2305">
     <span class='ocr_line' id='line_1_66' title="bbox 2031 2235 3617 2305; baseline -0.001 -15"><span class='ocrx_word' id='word_1_435' title='bbox 2031 2235 2293 2290; x_wconf 84' lang='lat' dir='ltr'><strong>Joannem</strong></span> <span class='ocrx_word' id='word_1_436' title='bbox 2338 2237 2500 2290; x_wconf 90' lang='lat' dir='ltr'><strong>etiam</strong></span> <span class='ocrx_word' id='word_1_437' title='bbox 2561 2238 2815 2304; x_wconf 77' lang='lat' dir='ltr'><strong>praedicat</strong></span> <span class='ocrx_word' id='word_1_438' title='bbox 2859 2242 2982 2290; x_wconf 91' lang='lat' dir='ltr'><strong>ante</strong></span> <span class='ocrx_word' id='word_1_439' title='bbox 3037 2236 3265 2305; x_wconf 91' lang='lat' dir='ltr'><strong>primum</strong></span> <span class='ocrx_word' id='word_1_440' title='bbox 3322 2235 3617 2289; x_wconf 89' lang='lat' dir='ltr'><strong>adventum</strong></span> 
     </span>
    </p>
   </div>
   <div class='ocr_carea' id='block_1_67' title="bbox 2039 2323 3618 2398">
    <p class='ocr_par' dir='ltr' id='par_1_67' title="bbox 2039 2323 3618 2398">
     <span class='ocr_line' id='line_1_67' title="bbox 2039 2323 3618 2398; baseline -0.001 -14"><span class='ocrx_word' id='word_1_441' title='bbox 2039 2328 2247 2385; x_wconf 89' lang='lat' dir='ltr'><strong>Domini</strong></span> <span class='ocrx_word' id='word_1_442' title='bbox 2283 2331 2531 2398; x_wconf 80' lang='lat' dir='ltr'><strong>missum,</strong></span> <span class='ocrx_word' id='word_1_443' title='bbox 2565 2341 2618 2384; x_wconf 89' lang='lat' dir='ltr'><strong>et</strong></span> <span class='ocrx_word' id='word_1_444' title='bbox 2653 2330 2819 2384; x_wconf 81' lang='lat' dir='ltr'><strong>Ellam</strong></span> <span class='ocrx_word' id='word_1_445' title='bbox 2852 2337 2975 2385; x_wconf 90' lang='lat' dir='ltr'><strong>ante</strong></span> <span class='ocrx_word' id='word_1_446' title='bbox 3006 2328 3298 2385; x_wconf 91' lang='lat' dir='ltr'><strong>secundum</strong></span> <span class='ocrx_word' id='word_1_447' title='bbox 3328 2323 3618 2383; x_wconf 85' lang='lat' dir='ltr'><strong>adventum</strong></span> 
     </span>
    </p>
   </div>
   <div class='ocr_carea' id='block_1_68' title="bbox 2036 2425 2837 2480">
    <p class='ocr_par' dir='ltr' id='par_1_68' title="bbox 2036 2425 2837 2480">
     <span class='ocr_line' id='line_1_68' title="bbox 2036 2425 2837 2480; baseline -0.004 0"><span class='ocrx_word' id='word_1_448' title='bbox 2036 2425 2316 2480; x_wconf 85' lang='lat' dir='ltr'><strong>annuntiat</strong></span> <span class='ocrx_word' id='word_1_449' title='bbox 2347 2438 2466 2480; x_wconf 86' lang='lat' dir='ltr'><strong>esse</strong></span> <span class='ocrx_word' id='word_1_450' title='bbox 2495 2425 2837 2479; x_wconf 85' lang='lat' dir='ltr'><strong>mittendum.</strong></span> 
     </span>
    </p>
   </div>
   <div class='ocr_carea' id='block_1_69' title="bbox 2108 2505 3626 2584">
    <p class='ocr_par' dir='ltr' id='par_1_69' title="bbox 2108 2505 3626 2584">
     <span class='ocr_line' id='line_1_69' title="bbox 2108 2505 3626 2584; baseline -0.001 -12"><span class='ocrx_word' id='word_1_451' title='bbox 2108 2516 2197 2572; x_wconf 67' lang='lat'><strong>82.</strong></span> <span class='ocrx_word' id='word_1_452' title='bbox 2262 2517 2408 2571; x_wconf 87' lang='lat' dir='ltr'><strong>Inter</strong></span> <span class='ocrx_word' id='word_1_453' title='bbox 2463 2511 2578 2570; x_wconf 65' lang='lat' dir='ltr'><strong>hinc</strong></span> <span class='ocrx_word' id='word_1_454' title='bbox 2628 2515 2886 2570; x_wconf 89' lang='lat' dir='ltr'><strong>nonnulla</strong></span> <span class='ocrx_word' id='word_1_455' title='bbox 2931 2515 3153 2570; x_wconf 88' lang='lat' dir='ltr'><strong>moralia</strong></span> <span class='ocrx_word' id='word_1_456' title='bbox 3213 2513 3266 2571; x_wconf 85' lang='lat' dir='ltr'><strong>et</strong></span> <span class='ocrx_word' id='word_1_457' title='bbox 3327 2505 3626 2584; x_wconf 74' lang='lat' dir='ltr'><strong>disciplinis</strong></span> 
     </span>
    </p>
   </div>
   <div class='ocr_carea' id='block_1_70' title="bbox 2037 2605 3620 2680">
    <p class='ocr_par' dir='ltr' id='par_1_70' title="bbox 2037 2605 3620 2680">
     <span class='ocr_line' id='line_1_70' title="bbox 2037 2605 3620 2680; baseline -0.004 -16"><span class='ocrx_word' id='word_1_458' title='bbox 2037 2609 2392 2678; x_wconf 86' lang='lat' dir='ltr'><strong>congruentia</strong></span> <span class='ocrx_word' id='word_1_459' title='bbox 2438 2609 2706 2676; x_wconf 82' lang='lat' dir='ltr'><strong>explicat,</strong></span> <span class='ocrx_word' id='word_1_460' title='bbox 2758 2609 2811 2663; x_wconf 93' lang='lat' dir='ltr'><strong>in</strong></span> <span class='ocrx_word' id='word_1_461' title='bbox 2843 2609 3036 2678; x_wconf 85' lang='lat' dir='ltr'><strong>quibus</strong></span> <span class='ocrx_word' id='word_1_462' title='bbox 3069 2609 3286 2678; x_wconf 86' lang='lat' dir='ltr'><strong>corripit</strong></span> <span class='ocrx_word' id='word_1_463' title='bbox 3318 2605 3569 2680; x_wconf 86' lang='lat' dir='ltr'><strong>populum</strong></span> <span class='ocrx_word' id='word_1_464' title='bbox 3602 2652 3620 2677; x_wconf 81' lang='lat'><strong>,</strong></span> 
     </span>
    </p>
   </div>
   <div class='ocr_carea' id='block_1_71' title="bbox 2040 2697 3626 2773">
    <p class='ocr_par' dir='ltr' id='par_1_71' title="bbox 2040 2697 3626 2773">
     <span class='ocr_line' id='line_1_71' title="bbox 2040 2697 3626 2773; baseline -0.001 -12"><span class='ocrx_word' id='word_1_465' title='bbox 2040 2705 2154 2762; x_wconf 81' lang='lat' dir='ltr'><strong>sive</strong></span> <span class='ocrx_word' id='word_1_466' title='bbox 2184 2697 2496 2761; x_wconf 84' lang='lat' dir='ltr'><strong>sacerdotes</strong></span> <span class='ocrx_word' id='word_1_467' title='bbox 2527 2702 2889 2773; x_wconf 86' lang='lat' dir='ltr'><strong>despicientes</strong></span> <span class='ocrx_word' id='word_1_468' title='bbox 2921 2719 3116 2757; x_wconf 90' lang='lat' dir='ltr'><strong>nomen</strong></span> <span class='ocrx_word' id='word_1_469' title='bbox 3157 2697 3363 2758; x_wconf 91' lang='lat' dir='ltr'><strong>Domini</strong></span> <span class='ocrx_word' id='word_1_470' title='bbox 3392 2745 3406 2768; x_wconf 92' lang='lat'><strong>,</strong></span> <span class='ocrx_word' id='word_1_471' title='bbox 3464 2713 3626 2773; x_wconf 89' lang='lat' dir='ltr'><strong>atque</strong></span> 
     </span>
    </p>
   </div>
   <div class='ocr_carea' id='block_1_72' title="bbox 2043 2789 3625 2868">
    <p class='ocr_par' dir='ltr' id='par_1_72' title="bbox 2043 2789 3625 2868">
     <span class='ocr_line' id='line_1_72' title="bbox 2043 2789 3625 2868; baseline -0.003 -15"><span class='ocrx_word' id='word_1_472' title='bbox 2043 2801 2161 2868; x_wconf 83' lang='lat' dir='ltr'><strong>ejus</strong></span> <span class='ocrx_word' id='word_1_473' title='bbox 2224 2805 2560 2853; x_wconf 86' lang='lat' dir='ltr'><strong>sacramenta</strong></span> <span class='ocrx_word' id='word_1_474' title='bbox 2598 2795 2816 2865; x_wconf 89' lang='lat' dir='ltr'><strong>pollutis</strong></span> <span class='ocrx_word' id='word_1_475' title='bbox 2847 2791 3213 2850; x_wconf 79' lang='lat' dir='ltr'><strong>oblatiOnihus</strong></span> <span class='ocrx_word' id='word_1_476' title='bbox 3254 2804 3308 2849; x_wconf 90' lang='lat' dir='ltr'><strong>et</strong></span> <span class='ocrx_word' id='word_1_477' title='bbox 3347 2789 3625 2849; x_wconf 83' lang='lat' dir='ltr'><strong>sacriﬁciis</strong></span> 
     </span>
    </p>
   </div>
   <div class='ocr_carea' id='block_1_73' title="bbox 2042 2885 3624 2964">
    <p class='ocr_par' dir='ltr' id='par_1_73' title="bbox 2042 2885 3624 2964">
     <span class='ocr_line' id='line_1_73' title="bbox 2042 2885 3624 2964; baseline -0.003 -19"><span class='ocrx_word' id='word_1_478' title='bbox 2042 2892 2201 2964; x_wconf 78' lang='lat'><strong>213</strong></span> <span class='ocrx_word' id='word_1_479' title='bbox 2233 2891 2516 2946; x_wconf 88' lang='lat' dir='ltr'><strong>violantes.</strong></span> <span class='ocrx_word' id='word_1_480' title='bbox 2549 2888 2856 2943; x_wconf 69' lang='lat' dir='ltr'><strong>Prmmonet</strong></span> <span class='ocrx_word' id='word_1_481' title='bbox 2899 2885 3060 2940; x_wconf 88' lang='lat' dir='ltr'><strong>etiam</strong></span> <span class='ocrx_word' id='word_1_482' title='bbox 3087 2887 3368 2954; x_wconf 85' lang='lat' dir='ltr'><strong>episcopos</strong></span> <span class='ocrx_word' id='word_1_483' title='bbox 3397 2885 3585 2940; x_wconf 88' lang='lat' dir='ltr'><strong>doctos</strong></span> <span class='ocrx_word' id='word_1_484' title='bbox 3606 2925 3624 2952; x_wconf 97' lang='lat'><strong>,</strong></span> 
     </span>
    </p>
   </div>
   <div class='ocr_carea' id='block_1_74' title="bbox 2042 2979 3630 3048">
    <p class='ocr_par' dir='ltr' id='par_1_74' title="bbox 2042 2979 3630 3048">
     <span class='ocr_line' id='line_1_74' title="bbox 2042 2979 3630 3048; baseline -0.004 -9"><span class='ocrx_word' id='word_1_485' title='bbox 2042 2995 2096 3039; x_wconf 92' lang='lat' dir='ltr'><strong>et</strong></span> <span class='ocrx_word' id='word_1_486' title='bbox 2122 2987 2237 3040; x_wconf 87' lang='lat' dir='ltr'><strong>sine</strong></span> <span class='ocrx_word' id='word_1_487' title='bbox 2270 2983 2483 3038; x_wconf 85' lang='lat' dir='ltr'><strong>macula</strong></span> <span class='ocrx_word' id='word_1_488' title='bbox 2507 2994 2629 3037; x_wconf 83' lang='lat' dir='ltr'><strong>esse</strong></span> <span class='ocrx_word' id='word_1_489' title='bbox 2657 2979 2880 3047; x_wconf 87' lang='lat' dir='ltr'><strong>debere,</strong></span> <span class='ocrx_word' id='word_1_490' title='bbox 2905 2988 2958 3036; x_wconf 90' lang='lat' dir='ltr'><strong>et</strong></span> <span class='ocrx_word' id='word_1_491' title='bbox 2988 2981 3119 3034; x_wconf 87' lang='lat' dir='ltr'><strong>citra</strong></span> <span class='ocrx_word' id='word_1_492' title='bbox 3148 2993 3494 3048; x_wconf 85' lang='lat' dir='ltr'><strong>personarum</strong></span> <span class='ocrx_word' id='word_1_493' title='bbox 3528 2994 3630 3033; x_wconf 87' lang='lat' dir='ltr'><strong>ac-</strong></span> 
     </span>
    </p>
   </div>
   <div class='ocr_carea' id='block_1_75' title="bbox 2041 3067 3629 3149">
    <p class='ocr_par' dir='ltr' id='par_1_75' title="bbox 2041 3067 3629 3149">
     <span class='ocr_line' id='line_1_75' title="bbox 2041 3067 3629 3149; baseline -0.006 -14"><span class='ocrx_word' id='word_1_494' title='bbox 2041 3080 2345 3149; x_wconf 86' lang='lat' dir='ltr'><strong>ceptionem</strong></span> <span class='ocrx_word' id='word_1_495' title='bbox 2396 3078 2625 3147; x_wconf 88' lang='lat' dir='ltr'><strong>populos</strong></span> <span class='ocrx_word' id='word_1_496' title='bbox 2675 3075 2961 3130; x_wconf 89' lang='lat' dir='ltr'><strong>veritatem</strong></span> <span class='ocrx_word' id='word_1_497' title='bbox 3002 3074 3306 3138; x_wconf 87' lang='lat' dir='ltr'><strong>instruere;</strong></span> <span class='ocrx_word' id='word_1_498' title='bbox 3347 3067 3629 3128; x_wconf 86' lang='lat' dir='ltr'><strong>discordes</strong></span> 
     </span>
    </p>
   </div>
   <div class='ocr_carea' id='block_1_76' title="bbox 2040 3161 3628 3243">
    <p class='ocr_par' dir='ltr' id='par_1_76' title="bbox 2040 3161 3628 3243">
     <span class='ocr_line' id='line_1_76' title="bbox 2040 3161 3628 3243; baseline -0.004 -20"><span class='ocrx_word' id='word_1_499' title='bbox 2040 3184 2254 3243; x_wconf 87' lang='lat' dir='ltr'><strong>quoque</strong></span> <span class='ocrx_word' id='word_1_500' title='bbox 2304 3168 2503 3239; x_wconf 88' lang='lat' dir='ltr'><strong>arguit,</strong></span> <span class='ocrx_word' id='word_1_501' title='bbox 2536 3167 2777 3224; x_wconf 80' lang='lat' dir='ltr'><strong>decimas</strong></span> <span class='ocrx_word' id='word_1_502' title='bbox 2827 3177 2881 3222; x_wconf 90' lang='lat' dir='ltr'><strong>et</strong></span> <span class='ocrx_word' id='word_1_503' title='bbox 2934 3163 3200 3235; x_wconf 86' lang='lat' dir='ltr'><strong>primitias</strong></span> <span class='ocrx_word' id='word_1_504' title='bbox 3238 3161 3541 3220; x_wconf 87' lang='lat' dir='ltr'><strong>reddendas</strong></span> <span class='ocrx_word' id='word_1_505' title='bbox 3573 3161 3628 3218; x_wconf 83' lang='lat' dir='ltr'><strong>in</strong></span> 
     </span>
    </p>
   </div>
   <div class='ocr_carea' id='block_1_77' title="bbox 2045 3255 3377 3335">
    <p class='ocr_par' dir='ltr' id='par_1_77' title="bbox 2045 3255 3377 3335">
     <span class='ocr_line' id='line_1_77' title="bbox 2045 3255 3377 3335; baseline -0.008 -16"><span class='ocrx_word' id='word_1_506' title='bbox 2045 3263 2488 3335; x_wconf 65' lang='lat' dir='ltr'><strong>praedicatoribus</strong></span> <span class='ocrx_word' id='word_1_507' title='bbox 2517 3276 2546 3315; x_wconf 92' lang='lat' dir='ltr'><strong>a</strong></span> <span class='ocrx_word' id='word_1_508' title='bbox 2591 3259 2803 3330; x_wconf 86' lang='lat' dir='ltr'><strong>populis</strong></span> <span class='ocrx_word' id='word_1_509' title='bbox 2836 3257 3090 3314; x_wconf 82' lang='lat' dir='ltr'><strong>Ecclesiae</strong></span> <span class='ocrx_word' id='word_1_510' title='bbox 3119 3255 3377 3326; x_wconf 56' lang='lat' dir='ltr'><strong>praecipit.</strong></span> 
     </span>
    </p>
   </div>
   <div class='ocr_carea' id='block_1_78' title="bbox 2111 3344 3624 3426">
    <p class='ocr_par' dir='ltr' id='par_1_78' title="bbox 2111 3344 3624 3426">
     <span class='ocr_line' id='line_1_78' title="bbox 2111 3344 3624 3426; baseline -0.005 -16"><span class='ocrx_word' id='word_1_511' title='bbox 2111 3355 2199 3410; x_wconf 80' lang='grc'><strong>85.</strong></span> <span class='ocrx_word' id='word_1_512' title='bbox 2230 3353 2486 3426; x_wconf 69' lang='lat' dir='ltr'><strong>Obiurgat</strong></span> <span class='ocrx_word' id='word_1_513' title='bbox 2512 3364 2566 3409; x_wconf 89' lang='lat' dir='ltr'><strong>et</strong></span> <span class='ocrx_word' id='word_1_514' title='bbox 2595 3367 2689 3409; x_wconf 89' lang='lat' dir='ltr'><strong>eos</strong></span> <span class='ocrx_word' id='word_1_515' title='bbox 2719 3353 2807 3422; x_wconf 91' lang='lat' dir='ltr'><strong>qui</strong></span> <span class='ocrx_word' id='word_1_516' title='bbox 2838 3352 3094 3422; x_wconf 82' lang='lat' dir='ltr'><strong>conjuges</strong></span> <span class='ocrx_word' id='word_1_517' title='bbox 3126 3364 3248 3404; x_wconf 87' lang='lat' dir='ltr'><strong>suas</strong></span> <span class='ocrx_word' id='word_1_518' title='bbox 3277 3344 3581 3420; x_wconf 85' lang='lat' dir='ltr'><strong>despiciunt</strong></span> <span class='ocrx_word' id='word_1_519' title='bbox 3608 3392 3624 3416; x_wconf 90' lang='lat'><strong>,</strong></span> 
     </span>
    </p>
   </div>
   <div class='ocr_carea' id='block_1_79' title="bbox 2041 3434 3620 3507">
    <p class='ocr_par' dir='ltr' id='par_1_79' title="bbox 2041 3434 3620 3507">
     <span class='ocr_line' id='line_1_79' title="bbox 2041 3434 3620 3507; baseline -0.009 -1"><span class='ocrx_word' id='word_1_520' title='bbox 2041 3460 2097 3506; x_wconf 90' lang='lat' dir='ltr'><strong>ct</strong></span> <span class='ocrx_word' id='word_1_521' title='bbox 2124 3451 2349 3504; x_wconf 87' lang='lat' dir='ltr'><strong>aliarum</strong></span> <span class='ocrx_word' id='word_1_522' title='bbox 2399 3461 2580 3500; x_wconf 90' lang='lat' dir='ltr'><strong>amore</strong></span> <span class='ocrx_word' id='word_1_523' title='bbox 2624 3454 2931 3499; x_wconf 73' lang='lat' dir='ltr'><strong>ﬂeetuntur.</strong></span> <span class='ocrx_word' id='word_1_524' title='bbox 2966 3442 3229 3496; x_wconf 70' lang='lat' dir='ltr'><strong>Similiter</strong></span> <span class='ocrx_word' id='word_1_525' title='bbox 3250 3449 3303 3495; x_wconf 86' lang='lat' dir='ltr'><strong>et</strong></span> <span class='ocrx_word' id='word_1_526' title='bbox 3336 3434 3456 3494; x_wconf 81' lang='lat' dir='ltr'><strong>illos</strong></span> <span class='ocrx_word' id='word_1_527' title='bbox 3486 3440 3620 3507; x_wconf 84' lang='lat' dir='ltr'><strong>qui,</strong></span> 
     </span>
    </p>
   </div>
   <div class='ocr_carea' id='block_1_80' title="bbox 2043 3531 3622 3600">
    <p class='ocr_par' dir='ltr' id='par_1_80' title="bbox 2043 3531 3622 3600">
     <span class='ocr_line' id='line_1_80' title="bbox 2043 3531 3622 3600; baseline -0.008 -2"><span class='ocrx_word' id='word_1_528' title='bbox 2043 3544 2313 3598; x_wconf 85' lang='lat' dir='ltr'><strong>miseriam</strong></span> <span class='ocrx_word' id='word_1_529' title='bbox 2343 3551 2494 3595; x_wconf 81' lang='lat' dir='ltr'><strong>Suam</strong></span> <span class='ocrx_word' id='word_1_530' title='bbox 2517 3539 2797 3600; x_wconf 85' lang='lat' dir='ltr'><strong>dolentes,</strong></span> <span class='ocrx_word' id='word_1_531' title='bbox 2840 3531 3148 3591; x_wconf 78' lang='lat' dir='ltr'><strong>felicitatem</strong></span> <span class='ocrx_word' id='word_1_532' title='bbox 3177 3532 3397 3588; x_wconf 85' lang='lat' dir='ltr'><strong>laudant</strong></span> <span class='ocrx_word' id='word_1_533' title='bbox 3434 3547 3622 3589; x_wconf 80' lang='lat' dir='ltr'><strong>eorum</strong></span> 
     </span>
    </p>
   </div>
   <div class='ocr_carea' id='block_1_81' title="bbox 2044 3619 3625 3705">
    <p class='ocr_par' dir='ltr' id='par_1_81' title="bbox 2044 3619 3625 3705">
     <span class='ocr_line' id='line_1_81' title="bbox 2044 3619 3625 3705; baseline -0.006 -17"><span class='ocrx_word' id='word_1_534' title='bbox 2044 3636 2134 3705; x_wconf 92' lang='lat' dir='ltr'><strong>qui</strong></span> <span class='ocrx_word' id='word_1_535' title='bbox 2169 3633 2325 3702; x_wconf 75' lang='lat' dir='ltr'><strong>huius</strong></span> <span class='ocrx_word' id='word_1_536' title='bbox 2358 3630 2549 3687; x_wconf 87' lang='lat' dir='ltr'><strong>mundi</strong></span> <span class='ocrx_word' id='word_1_537' title='bbox 2583 3630 2854 3698; x_wconf 58' lang='lat' dir='ltr'><strong>procpi-ris</strong></span> <span class='ocrx_word' id='word_1_538' title='bbox 2888 3643 2968 3696; x_wconf 76' lang='lat' dir='ltr'><strong>pet</strong></span> <span class='ocrx_word' id='word_1_539' title='bbox 2986 3627 3249 3680; x_wconf 80' lang='lat' dir='ltr'><strong>fruuntur.</strong></span> <span class='ocrx_word' id='word_1_540' title='bbox 3276 3619 3625 3694; x_wconf 79' lang='lat' dir='ltr'><strong>Prophetavit</strong></span> 
     </span>
    </p>
   </div>
   <div class='ocr_carea' id='block_1_82' title="bbox 2042 3715 3625 3789">
    <p class='ocr_par' dir='ltr' id='par_1_82' title="bbox 2042 3715 3625 3789">
     <span class='ocr_line' id='line_1_82' title="bbox 2042 3715 3625 3789; baseline -0.008 -9"><span class='ocrx_word' id='word_1_541' title='bbox 2042 3735 2220 3780; x_wconf 89' lang='lat' dir='ltr'><strong>autem</strong></span> <span class='ocrx_word' id='word_1_542' title='bbox 2254 3725 2579 3778; x_wconf 80' lang='lat' dir='ltr'><strong>novissimus</strong></span> <span class='ocrx_word' id='word_1_543' title='bbox 2614 3723 2668 3776; x_wconf 86' lang='lat' dir='ltr'><strong>in</strong></span> <span class='ocrx_word' id='word_1_544' title='bbox 2695 3717 2970 3789; x_wconf 81' lang='lat' dir='ltr'><strong>Babylone</strong></span> <span class='ocrx_word' id='word_1_545' title='bbox 2996 3757 3010 3783; x_wconf 94' lang='lat'><strong>,</strong></span> <span class='ocrx_word' id='word_1_546' title='bbox 3061 3715 3277 3788; x_wconf 81' lang='lat' dir='ltr'><strong>quando</strong></span> <span class='ocrx_word' id='word_1_547' title='bbox 3312 3719 3540 3786; x_wconf 69' lang='lat' dir='ltr'><strong>Aggaaos</strong></span> <span class='ocrx_word' id='word_1_548' title='bbox 3568 3721 3625 3768; x_wconf 86' lang='lat' dir='ltr'><strong>et</strong></span> 
     </span>
    </p>
   </div>
   <div class='ocr_carea' id='block_1_83' title="bbox 2043 3817 2353 3873">
    <p class='ocr_par' dir='ltr' id='par_1_83' title="bbox 2043 3817 2353 3873">
     <span class='ocr_line' id='line_1_83' title="bbox 2043 3817 2353 3873; baseline -0.013 0"><span class='ocrx_word' id='word_1_549' title='bbox 2043 3817 2353 3873; x_wconf 85' lang='lat' dir='ltr'><strong>Zacharias.</strong></span> 
     </span>
    </p>
   </div>
   <div class='ocr_carea' id='block_1_84' title="bbox 2694 3895 2992 3957">
    <p class='ocr_par' dir='ltr' id='par_1_84' title="bbox 2694 3895 2992 3957">
     <span class='ocr_line' id='line_1_84' title="bbox 2694 3895 2992 3957; baseline -0.003 0"><span class='ocrx_word' id='word_1_550' title='bbox 2694 3899 2770 3957; x_wconf 83' lang='lat' dir='ltr'><strong>De</strong></span> <span class='ocrx_word' id='word_1_551' title='bbox 2802 3895 2992 3956; x_wconf 80' lang='lat' dir='ltr'><strong>Esdra.</strong></span> 
     </span>
    </p>
   </div>
   <div class='ocr_carea' id='block_1_85' title="bbox 2120 3988 3633 4065">
    <p class='ocr_par' dir='ltr' id='par_1_85' title="bbox 2120 3988 3633 4065">
     <span class='ocr_line' id='line_1_85' title="bbox 2120 3988 3633 4065; baseline -0.005 -7"><span class='ocrx_word' id='word_1_552' title='bbox 2120 4003 2210 4058; x_wconf 71' lang='lat'><strong>84.</strong></span> <span class='ocrx_word' id='word_1_553' title='bbox 2245 3997 2444 4056; x_wconf 80' lang='lat' dir='ltr'><strong>Esdras</strong></span> <span class='ocrx_word' id='word_1_554' title='bbox 2491 3993 2678 4053; x_wconf 82' lang='lat' dir='ltr'><strong>scribit</strong></span> <span class='ocrx_word' id='word_1_555' title='bbox 2727 3995 3014 4065; x_wconf 89' lang='lat' dir='ltr'><strong>populum,</strong></span> <span class='ocrx_word' id='word_1_556' title='bbox 3063 3992 3277 4060; x_wconf 82' lang='lat' dir='ltr'><strong>expleto</strong></span> <span class='ocrx_word' id='word_1_557' title='bbox 3303 3988 3633 4062; x_wconf 83' lang='lat' dir='ltr'><strong>captivitatis</strong></span> 
     </span>
    </p>
   </div>
   <div class='ocr_carea' id='block_1_86' title="bbox 2049 4085 3636 4168">
    <p class='ocr_par' dir='ltr' id='par_1_86' title="bbox 2049 4085 3636 4168">
     <span class='ocr_line' id='line_1_86' title="bbox 2049 4085 3636 4168; baseline -0.011 -11"><span class='ocrx_word' id='word_1_558' title='bbox 2049 4111 2315 4168; x_wconf 87' lang='lat' dir='ltr'><strong>tempore,</strong></span> <span class='ocrx_word' id='word_1_559' title='bbox 2352 4095 2651 4163; x_wconf 80' lang='lat' dir='ltr'><strong>imperante</strong></span> <span class='ocrx_word' id='word_1_560' title='bbox 2699 4089 2839 4161; x_wconf 82' lang='lat' dir='ltr'><strong>Cyro</strong></span> <span class='ocrx_word' id='word_1_561' title='bbox 2872 4104 2997 4157; x_wconf 77' lang='lat' dir='ltr'><strong>rege</strong></span> <span class='ocrx_word' id='word_1_562' title='bbox 3027 4087 3310 4142; x_wconf 81' lang='lat' dir='ltr'><strong>Persarum</strong></span> <span class='ocrx_word' id='word_1_563' title='bbox 3335 4133 3348 4153; x_wconf 87' lang='lat'><strong>,</strong></span> <span class='ocrx_word' id='word_1_564' title='bbox 3395 4085 3446 4141; x_wconf 91' lang='lat' dir='ltr'><strong>in</strong></span> <span class='ocrx_word' id='word_1_565' title='bbox 3476 4085 3636 4141; x_wconf 83' lang='lat' dir='ltr'><strong>Jeru-</strong></span> 
     </span>
    </p>
   </div>
   <div class='ocr_carea' id='block_1_87' title="bbox 2051 4176 3633 4248">
    <p class='ocr_par' dir='ltr' id='par_1_87' title="bbox 2051 4176 3633 4248">
     <span class='ocr_line' id='line_1_87' title="bbox 2051 4176 3633 4248; baseline -0.011 0"><span class='ocrx_word' id='word_1_566' title='bbox 2051 4195 2218 4248; x_wconf 90' lang='lat' dir='ltr'><strong>salem</strong></span> <span class='ocrx_word' id='word_1_567' title='bbox 2273 4190 2438 4244; x_wconf 81' lang='lat' dir='ltr'><strong>fuisse</strong></span> <span class='ocrx_word' id='word_1_568' title='bbox 2475 4197 2753 4240; x_wconf 86' lang='lat' dir='ltr'><strong>reversum</strong></span> <span class='ocrx_word' id='word_1_569' title='bbox 2780 4200 2796 4248; x_wconf 87' lang='lat'><strong>;</strong></span> <span class='ocrx_word' id='word_1_570' title='bbox 2827 4195 2889 4235; x_wconf 90' lang='lat' dir='ltr'><strong>ac</strong></span> <span class='ocrx_word' id='word_1_571' title='bbox 2921 4181 3024 4234; x_wconf 85' lang='lat' dir='ltr'><strong>sub</strong></span> <span class='ocrx_word' id='word_1_572' title='bbox 3064 4178 3362 4234; x_wconf 78' lang='lat' dir='ltr'><strong>Zorobabcl</strong></span> <span class='ocrx_word' id='word_1_573' title='bbox 3411 4185 3464 4233; x_wconf 90' lang='lat' dir='ltr'><strong>et</strong></span> <span class='ocrx_word' id='word_1_574' title='bbox 3506 4176 3633 4232; x_wconf 80' lang='lat' dir='ltr'><strong>Jcsu</strong></span> 
     </span>
    </p>
   </div>
   <div class='ocr_carea' id='block_1_88' title="bbox 2052 4271 3632 4344">
    <p class='ocr_par' dir='ltr' id='par_1_88' title="bbox 2052 4271 3632 4344">
     <span class='ocr_line' id='line_1_88' title="bbox 2052 4271 3632 4344; baseline -0.011 -3"><span class='ocrx_word' id='word_1_575' title='bbox 2052 4285 2160 4341; x_wconf 89' lang='lat' dir='ltr'><strong>ﬁlio</strong></span> <span class='ocrx_word' id='word_1_576' title='bbox 2186 4279 2474 4344; x_wconf 75' lang='lat' dir='ltr'><strong>Josedecb,</strong></span> <span class='ocrx_word' id='word_1_577' title='bbox 2509 4276 2791 4331; x_wconf 89' lang='lat' dir='ltr'><strong>sacerdote</strong></span> <span class='ocrx_word' id='word_1_578' title='bbox 2820 4288 3034 4344; x_wconf 80' lang='lat' dir='ltr'><strong>magno,</strong></span> <span class='ocrx_word' id='word_1_579' title='bbox 3063 4273 3175 4326; x_wconf 84' lang='lat' dir='ltr'><strong>sive</strong></span> <span class='ocrx_word' id='word_1_580' title='bbox 3204 4271 3487 4336; x_wconf 72' lang='lat' dir='ltr'><strong>Nehe&#39;mia,</strong></span> <span class='ocrx_word' id='word_1_581' title='bbox 3513 4281 3632 4324; x_wconf 52' lang='lat' dir='ltr'><strong>mu.</strong></span> 
     </span>
    </p>
   </div>
   <div class='ocr_carea' id='block_1_89' title="bbox 2052 4359 3636 4435">
    <p class='ocr_par' dir='ltr' id='par_1_89' title="bbox 2052 4359 3636 4435">
     <span class='ocr_line' id='line_1_89' title="bbox 2052 4359 3636 4435; baseline -0.011 -3"><span class='ocrx_word' id='word_1_582' title='bbox 2052 4389 2140 4432; x_wconf 87' lang='lat' dir='ltr'><strong>ros</strong></span> <span class='ocrx_word' id='word_1_583' title='bbox 2163 4372 2460 4430; x_wconf 81' lang='lat' dir='ltr'><strong>Jerusalem</strong></span> <span class='ocrx_word' id='word_1_584' title='bbox 2494 4363 2860 4435; x_wconf 77' lang='lat' dir='ltr'><strong>templumque</strong></span> <span class='ocrx_word' id='word_1_585' title='bbox 2890 4372 2943 4420; x_wconf 92' lang='lat' dir='ltr'><strong>et</strong></span> <span class='ocrx_word' id='word_1_586' title='bbox 2967 4363 3136 4418; x_wconf 84' lang='lat' dir='ltr'><strong>altare</strong></span> <span class='ocrx_word' id='word_1_587' title='bbox 3163 4370 3479 4418; x_wconf 85' lang='lat' dir='ltr'><strong>renovatum</strong></span> <span class='ocrx_word' id='word_1_588' title='bbox 3499 4403 3512 4424; x_wconf 91' lang='lat'><strong>,</strong></span> <span class='ocrx_word' id='word_1_589' title='bbox 3542 4359 3636 4430; x_wconf 84' lang='lat' dir='ltr'><strong>jus</strong></span> 
     </span>
    </p>
   </div>
   <div class='ocr_carea' id='block_1_90' title="bbox 2053 4452 3630 4537">
    <p class='ocr_par' dir='ltr' id='par_1_90' title="bbox 2053 4452 3630 4537">
     <span class='ocr_line' id='line_1_90' title="bbox 2053 4452 3630 4537; baseline -0.011 -14"><span class='ocrx_word' id='word_1_590' title='bbox 2053 4480 2268 4537; x_wconf 84' lang='lat' dir='ltr'><strong>quoque</strong></span> <span class='ocrx_word' id='word_1_591' title='bbox 2290 4460 2629 4518; x_wconf 87' lang='lat' dir='ltr'><strong>sacerdotum</strong></span> <span class='ocrx_word' id='word_1_592' title='bbox 2663 4458 2971 4512; x_wconf 90' lang='lat' dir='ltr'><strong>restitutum</strong></span> <span class='ocrx_word' id='word_1_593' title='bbox 2995 4496 3007 4515; x_wconf 89' lang='lat'><strong>.</strong></span> <span class='ocrx_word' id='word_1_594' title='bbox 3035 4465 3087 4508; x_wconf 84' lang='lat' dir='ltr'><strong>et</strong></span> <span class='ocrx_word' id='word_1_595' title='bbox 3119 4463 3322 4508; x_wconf 72' lang='lat' dir='ltr'><strong>sancta:</strong></span> <span class='ocrx_word' id='word_1_596' title='bbox 3350 4452 3630 4521; x_wconf 76' lang='lat' dir='ltr'><strong>religionis</strong></span> 
     </span>
    </p>
   </div>
   <div class='ocr_carea' id='block_1_91' title="bbox 2016 4544 3644 4620">
    <p class='ocr_par' dir='ltr' id='par_1_91' title="bbox 2016 4544 3644 4620">
     <span class='ocr_line' id='line_1_91' title="bbox 2016 4544 3644 4620; baseline -0.01 -5"><span class='ocrx_word' id='word_1_597' title='bbox 2016 4561 2258 4616; x_wconf 85' lang='lat' dir='ltr'><strong>-cu|tum</strong></span> <span class='ocrx_word' id='word_1_598' title='bbox 2294 4597 2308 4620; x_wconf 94' lang='lat'><strong>,</strong></span> <span class='ocrx_word' id='word_1_599' title='bbox 2361 4553 2656 4619; x_wconf 81' lang='lat' dir='ltr'><strong>multisque</strong></span> <span class='ocrx_word' id='word_1_600' title='bbox 2706 4550 2896 4618; x_wconf 86' lang='lat' dir='ltr'><strong>opibus</strong></span> <span class='ocrx_word' id='word_1_601' title='bbox 2949 4547 3192 4616; x_wconf 79' lang='lat' dir='ltr'><strong>gentium</strong></span> <span class='ocrx_word' id='word_1_602' title='bbox 3231 4544 3644 4614; x_wconf 79' lang='lat' dir='ltr'><strong>princiqu</strong></span> 
     </span>
    </p>
   </div>
   <div class='ocr_carea' id='block_1_92' title="bbox 358 4643 3083 4720">
    <p class='ocr_par' dir='ltr' id='par_1_92' title="bbox 358 4643 3083 4720">
     <span class='ocr_line' id='line_1_92' title="bbox 358 4643 3083 4720; baseline -0.007 -10"><span class='ocrx_word' id='word_1_603' title='bbox 358 4666 477 4711; x_wconf 88' lang='lat' dir='ltr'><strong>tum</strong></span> <span class='ocrx_word' id='word_1_604' title='bbox 515 4655 722 4709; x_wconf 91' lang='lat' dir='ltr'><strong>varium</strong></span> <span class='ocrx_word' id='word_1_605' title='bbox 748 4696 766 4720; x_wconf 86' lang='lat'><strong>,</strong></span> <span class='ocrx_word' id='word_1_606' title='bbox 820 4653 1164 4720; x_wconf 80' lang='lat' dir='ltr'><strong>expositione</strong></span> <span class='ocrx_word' id='word_1_607' title='bbox 1191 4659 1246 4703; x_wconf 88' lang='lat' dir='ltr'><strong>et</strong></span> <span class='ocrx_word' id='word_1_608' title='bbox 1291 4647 1534 4701; x_wconf 87' lang='lat' dir='ltr'><strong>doctrina</strong></span> <span class='ocrx_word' id='word_1_609' title='bbox 1584 4645 1727 4699; x_wconf 88' lang='lat' dir='ltr'><strong>ﬁdei.</strong></span> <span class='ocrx_word' id='word_1_610' title='bbox 1767 4644 1948 4699; x_wconf 83' lang='lat' dir='ltr'><strong>Cernit</strong></span> <span class='ocrx_word' id='word_1_611' title='bbox 1977 4646 2032 4706; x_wconf 85' lang='lat' dir='ltr'><strong>D</strong></span> <span class='ocrx_word' id='word_1_612' title='bbox 2056 4651 2344 4706; x_wconf 69' lang='lat' dir='ltr'><strong>Persarum</strong></span> <span class='ocrx_word' id='word_1_613' title='bbox 2373 4643 2689 4700; x_wconf 76' lang='lat' dir='ltr'><strong>muneribus</strong></span> <span class='ocrx_word' id='word_1_614' title='bbox 2718 4645 3083 4710; x_wconf 74' lang='lat' dir='ltr'><strong>perorantum.</strong></span> 
     </span>
    </p>
   </div>
   <div class='ocr_carea' id='block_1_93' title="bbox 353 4742 1951 4822">
    <p class='ocr_par' dir='ltr' id='par_1_93' title="bbox 353 4742 1951 4822">
     <span class='ocr_line' id='line_1_93' title="bbox 353 4742 1951 4822; baseline -0.006 -15"><span class='ocrx_word' id='word_1_615' title='bbox 353 4765 582 4822; x_wconf 87' lang='lat' dir='ltr'><strong>quoque</strong></span> <span class='ocrx_word' id='word_1_616' title='bbox 611 4758 666 4805; x_wconf 88' lang='lat' dir='ltr'><strong>et</strong></span> <span class='ocrx_word' id='word_1_617' title='bbox 693 4749 866 4814; x_wconf 88' lang='lat' dir='ltr'><strong>tubas,</strong></span> <span class='ocrx_word' id='word_1_618' title='bbox 901 4758 1210 4804; x_wconf 84' lang='lat' dir='ltr'><strong>sanctorum</strong></span> <span class='ocrx_word' id='word_1_619' title='bbox 1238 4752 1509 4815; x_wconf 80' lang='lat' dir='ltr'><strong>gestantes</strong></span> <span class='ocrx_word' id='word_1_620' title='bbox 1558 4742 1777 4813; x_wconf 79' lang='lat' dir='ltr'><strong>figuram</strong></span> <span class='ocrx_word' id='word_1_621' title='bbox 1808 4785 1821 4808; x_wconf 85' lang='lat'><strong>,</strong></span> <span class='ocrx_word' id='word_1_622' title='bbox 1855 4756 1951 4811; x_wconf 77' lang='lat' dir='ltr'><strong>per</strong></span> 
     </span>
    </p>
   </div>
   <div class='ocr_carea' id='block_1_94' title="bbox 353 4835 1950 4912">
    <p class='ocr_par' dir='ltr' id='par_1_94' title="bbox 353 4835 1950 4912">
     <span class='ocr_line' id='line_1_94' title="bbox 353 4835 1950 4912; baseline -0.006 -14"><span class='ocrx_word' id='word_1_623' title='bbox 353 4857 500 4912; x_wconf 87' lang='lat' dir='ltr'><strong>quas</strong></span> <span class='ocrx_word' id='word_1_624' title='bbox 531 4842 786 4897; x_wconf 91' lang='lat' dir='ltr'><strong>Dominus</strong></span> <span class='ocrx_word' id='word_1_625' title='bbox 814 4840 1014 4894; x_wconf 90' lang='lat' dir='ltr'><strong>mundo</strong></span> <span class='ocrx_word' id='word_1_626' title='bbox 1044 4839 1208 4903; x_wconf 88' lang='lat' dir='ltr'><strong>canit,</strong></span> <span class='ocrx_word' id='word_1_627' title='bbox 1239 4847 1396 4906; x_wconf 86' lang='lat' dir='ltr'><strong>atque</strong></span> <span class='ocrx_word' id='word_1_628' title='bbox 1427 4835 1674 4904; x_wconf 84' lang='lat' dir='ltr'><strong>angulum</strong></span> <span class='ocrx_word' id='word_1_629' title='bbox 1696 4877 1712 4900; x_wconf 93' lang='lat'><strong>,</strong></span> <span class='ocrx_word' id='word_1_630' title='bbox 1762 4835 1813 4888; x_wconf 92' lang='lat' dir='ltr'><strong>in</strong></span> <span class='ocrx_word' id='word_1_631' title='bbox 1845 4851 1950 4903; x_wconf 85' lang='lat' dir='ltr'><strong>quo</strong></span> 
     </span>
    </p>
   </div>
   <div class='ocr_carea' id='block_1_95' title="bbox 353 4927 1947 5002">
    <p class='ocr_par' dir='ltr' id='par_1_95' title="bbox 353 4927 1947 5002">
     <span class='ocr_line' id='line_1_95' title="bbox 353 4927 1947 5002; baseline -0.008 -9"><span class='ocrx_word' id='word_1_632' title='bbox 353 4938 472 4993; x_wconf 90' lang='lat' dir='ltr'><strong>duo</strong></span> <span class='ocrx_word' id='word_1_633' title='bbox 497 4951 563 4991; x_wconf 81' lang='lat' dir='ltr'><strong>ex</strong></span> <span class='ocrx_word' id='word_1_634' title='bbox 594 4937 823 4990; x_wconf 89' lang='lat' dir='ltr'><strong>adverso</strong></span> <span class='ocrx_word' id='word_1_635' title='bbox 852 4933 1034 5002; x_wconf 81' lang='lat' dir='ltr'><strong>populi</strong></span> <span class='ocrx_word' id='word_1_636' title='bbox 1066 4931 1483 5001; x_wconf 71' lang='lat' dir='ltr'><strong>coniunguntur,</strong></span> <span class='ocrx_word' id='word_1_637' title='bbox 1519 4931 1634 4984; x_wconf 80' lang='lat' dir='ltr'><strong>sive</strong></span> <span class='ocrx_word' id='word_1_638' title='bbox 1668 4927 1947 4999; x_wconf 75' lang='lat' dir='ltr'><strong>paxillum,</strong></span> 
     </span>
    </p>
   </div>
   <div class='ocr_carea' id='block_1_96' title="bbox 359 5023 1949 5101">
    <p class='ocr_par' dir='ltr' id='par_1_96' title="bbox 359 5023 1949 5101">
     <span class='ocr_line' id='line_1_96' title="bbox 359 5023 1949 5101; baseline -0.004 -19"><span class='ocrx_word' id='word_1_639' title='bbox 359 5030 670 5101; x_wconf 69' lang='lat' dir='ltr'><strong>ﬁguraliter</strong></span> <span class='ocrx_word' id='word_1_640' title='bbox 691 5027 988 5094; x_wconf 87' lang='lat' dir='ltr'><strong>Christum,</strong></span> <span class='ocrx_word' id='word_1_641' title='bbox 1011 5025 1235 5080; x_wconf 76' lang='lat' dir='ltr'><strong>inﬁxum</strong></span> <span class='ocrx_word' id='word_1_642' title='bbox 1258 5024 1312 5079; x_wconf 82' lang='lat' dir='ltr'><strong>in</strong></span> <span class='ocrx_word' id='word_1_643' title='bbox 1333 5023 1588 5079; x_wconf 82' lang='lat' dir='ltr'><strong>cordibus</strong></span> <span class='ocrx_word' id='word_1_644' title='bbox 1612 5024 1949 5093; x_wconf 82' lang='lat' dir='ltr'><strong>populorum,</strong></span> 
     </span>
    </p>
   </div>
   <div class='ocr_carea' id='block_1_97' title="bbox 435 5160 1202 5231">
    <p class='ocr_par' dir='ltr' id='par_1_97' title="bbox 435 5160 1202 5231">
     <span class='ocr_line' id='line_1_97' title="bbox 435 5160 1202 5231; baseline -0.008 -10"><span class='ocrx_word' id='word_1_645' title='bbox 435 5166 530 5231; x_wconf 66' lang='lat'><strong>&#39;26.</strong></span> <span class='ocrx_word' id='word_1_646' title='bbox 559 5165 674 5226; x_wconf 71' lang='lat' dir='ltr'><strong>AL,</strong></span> <span class='ocrx_word' id='word_1_647' title='bbox 703 5166 756 5218; x_wconf 75' lang='lat' dir='ltr'><strong>in</strong></span> <span class='ocrx_word' id='word_1_648' title='bbox 785 5162 1035 5231; x_wconf 77' lang='lat' dir='ltr'><strong>putribus.</strong></span> <span class='ocrx_word' id='word_1_649' title='bbox 1059 5160 1202 5215; x_wconf 69' lang='lat' dir='ltr'><strong>Mn.</strong></span> 
     </span>
    </p>
   </div>
   <div class='ocr_carea' id='block_1_98' title="bbox 433 5223 1962 5318">
    <p class='ocr_par' dir='ltr' id='par_1_98' title="bbox 433 5223 1962 5318">
     <span class='ocr_line' id='line_1_98' title="bbox 433 5223 1962 5318; baseline -0.005 -30"><span class='ocrx_word' id='word_1_650' title='bbox 433 5224 545 5318; x_wconf 35' lang='lat'><strong>’57..</strong></span> <span class='ocrx_word' id='word_1_651' title='bbox 584 5223 728 5318; x_wconf 68' lang='lat' dir='ltr'><strong>inter</strong></span> <span class='ocrx_word' id='word_1_652' title='bbox 786 5223 976 5318; x_wconf 66' lang='lat' dir='ltr'><strong>torrem</strong></span> <span class='ocrx_word' id='word_1_653' title='bbox 1026 5241 1081 5288; x_wconf 89' lang='lat' dir='ltr'><strong>et</strong></span> <span class='ocrx_word' id='word_1_654' title='bbox 1131 5231 1362 5285; x_wconf 83' lang='lat' dir='ltr'><strong>titionem</strong></span> <span class='ocrx_word' id='word_1_655' title='bbox 1412 5228 1622 5285; x_wconf 86' lang='lat' dir='ltr'><strong>nullum</strong></span> <span class='ocrx_word' id='word_1_656' title='bbox 1661 5223 1962 5282; x_wconf 75' lang='lat' dir='ltr'><strong>discrimen</strong></span> 
     </span>
    </p>
   </div>
   <div class='ocr_carea' id='block_1_99' title="bbox 353 5308 1957 5527">
    <p class='ocr_par' dir='ltr' id='par_1_99' title="bbox 353 5308 1957 5527">
     <span class='ocr_line' id='line_1_99' title="bbox 353 5308 1700 5387; baseline -0.007 -25"><span class='ocrx_word' id='word_1_657' title='bbox 353 5308 600 5376; x_wconf 79' lang='lat' dir='ltr'><strong>reperiri</strong></span> <span class='ocrx_word' id='word_1_658' title='bbox 631 5317 782 5387; x_wconf 65' lang='lat' dir='ltr'><strong>Inito.</strong></span> <span class='ocrx_word' id='word_1_659' title='bbox 818 5308 992 5361; x_wconf 76' lang='lat' dir='ltr'><strong>Ansv.</strong></span> <span class='ocrx_word' id='word_1_660' title='bbox 1551 5371 1562 5381; x_wconf 33' lang='grc' dir='ltr'><strong>Ι</strong></span> <span class='ocrx_word' id='word_1_661' title='bbox 1689 5370 1700 5380; x_wconf 31' lang='grc' dir='ltr'><strong>θ</strong></span> 
     </span>
     <span class='ocr_line' id='line_1_100' title="bbox 435 5369 1957 5444; baseline -0.009 -11"><span class='ocrx_word' id='word_1_662' title='bbox 435 5377 533 5433; x_wconf 89' lang='lat'><strong>78.</strong></span> <span class='ocrx_word' id='word_1_663' title='bbox 569 5379 681 5440; x_wconf 81' lang='lat' dir='ltr'><strong>AL,</strong></span> <span class='ocrx_word' id='word_1_664' title='bbox 707 5375 1006 5443; x_wconf 76' lang='lat' dir='ltr'><strong>Diabolum,</strong></span> <span class='ocrx_word' id='word_1_665' title='bbox 1035 5385 1356 5444; x_wconf 66' lang='lat' dir='ltr'><strong>massamqnc</strong></span> <span class='ocrx_word' id='word_1_666' title='bbox 1377 5385 1479 5443; x_wconf 77' lang='lat' dir='ltr'><strong>pro</strong></span> <span class='ocrx_word' id='word_1_667' title='bbox 1508 5369 1818 5424; x_wconf 70' lang='lat' dir='ltr'><strong>diabolicam</strong></span> <span class='ocrx_word' id='word_1_668' title='bbox 1840 5369 1957 5422; x_wconf 76' lang='lat' dir='ltr'><strong>doc-</strong></span> 
     </span>
     <span class='ocr_line' id='line_1_101' title="bbox 354 5449 1957 5527; baseline -0.006 -22"><span class='ocrx_word' id='word_1_669' title='bbox 354 5451 605 5527; x_wconf 55' lang='lat' dir='ltr'><strong>trigstm,</strong></span> <span class='ocrx_word' id='word_1_670' title='bbox 628 5449 1141 5527; x_wconf 42' lang='lat' dir='ltr'><strong>maswntguezblsn.</strong></span> <span class='ocrx_word' id='word_1_671' title='bbox 1201 5518 1211 5527; x_wconf 42' lang='lat'><strong>.</strong></span> <span class='ocrx_word' id='word_1_672' title='bbox 1267 5517 1287 5527; x_wconf 79' lang='lat'>_</span> <span class='ocrx_word' id='word_1_673' title='bbox 1335 5517 1345 5527; x_wconf 77' lang='lat'>_</span> <span class='ocrx_word' id='word_1_674' title='bbox 1539 5515 1548 5524; x_wconf 83' lang='lat'>_</span> <span class='ocrx_word' id='word_1_675' title='bbox 1601 5513 1625 5527; x_wconf 37' lang='grc' dir='ltr'><strong><em>Α</em></strong></span> <span class='ocrx_word' id='word_1_676' title='bbox 1905 5526 1910 5527; x_wconf 11' lang='lat'><em>7</em></span> <span class='ocrx_word' id='word_1_677' title='bbox 1945 5510 1957 5527; x_wconf 55' lang='lat'>&#39;</span> 
     </span>
    </p>
   </div>
   <div class='ocr_carea' id='block_1_100' title="bbox 434 5510 1966 5601">
    <p class='ocr_par' dir='ltr' id='par_1_100' title="bbox 434 5510 1966 5601">
     <span class='ocr_line' id='line_1_102' title="bbox 434 5510 1966 5601; baseline -0.007 -24"><span class='ocrx_word' id='word_1_678' title='bbox 434 5510 632 5601; x_wconf 44' lang='lat' dir='ltr'><strong>791i“</strong></span> <span class='ocrx_word' id='word_1_679' title='bbox 654 5531 805 5575; x_wconf 66' lang='lat' dir='ltr'><strong>textu</strong></span> <span class='ocrx_word' id='word_1_680' title='bbox 828 5510 1014 5601; x_wconf 71' lang='lat' dir='ltr'><strong>Grialii</strong></span> <span class='ocrx_word' id='word_1_681' title='bbox 1055 5527 1170 5572; x_wconf 87' lang='lat' dir='ltr'><strong>erat</strong></span> <span class='ocrx_word' id='word_1_682' title='bbox 1194 5517 1378 5601; x_wconf 62' lang='lat' dir='ltr'><strong>inﬂatio</strong></span> <span class='ocrx_word' id='word_1_683' title='bbox 1406 5529 1504 5580; x_wconf 87' lang='lat' dir='ltr'><strong>pro</strong></span> <span class='ocrx_word' id='word_1_684' title='bbox 1532 5513 1750 5581; x_wconf 56' lang='lat' dir='ltr'><strong>inﬁxa&quot;:</strong></span> <span class='ocrx_word' id='word_1_685' title='bbox 1773 5555 1786 5580; x_wconf 84' lang='lat'><strong>,</strong></span> <span class='ocrx_word' id='word_1_686' title='bbox 1819 5510 1966 5582; x_wconf 76' lang='lat' dir='ltr'><strong>quod</strong></span> 
     </span>
    </p>
   </div>
   <div class='ocr_carea' id='block_1_101' title="bbox 362 5591 1880 5664">
    <p class='ocr_par' dir='ltr' id='par_1_101' title="bbox 362 5591 1880 5664">
     <span class='ocr_line' id='line_1_103' title="bbox 362 5591 1880 5664; baseline -0.007 -17"><span class='ocrx_word' id='word_1_687' title='bbox 362 5607 442 5647; x_wconf 65' lang='lat' dir='ltr'><strong>ex</strong></span> <span class='ocrx_word' id='word_1_688' title='bbox 484 5593 614 5646; x_wconf 84' lang='lat' dir='ltr'><strong>aliis</strong></span> <span class='ocrx_word' id='word_1_689' title='bbox 639 5603 696 5646; x_wconf 68' lang='lat' dir='ltr'><strong>et</strong></span> <span class='ocrx_word' id='word_1_690' title='bbox 724 5607 890 5646; x_wconf 79' lang='lat' dir='ltr'><strong>sensu</strong></span> <span class='ocrx_word' id='word_1_691' title='bbox 921 5592 1298 5664; x_wconf 62' lang='lat' dir='ltr'><strong>ipsocorrexi.</strong></span> <span class='ocrx_word' id='word_1_692' title='bbox 1328 5591 1522 5664; x_wconf 59' lang='grc' dir='ltr'><strong>Αιξιειτ.Δ</strong></span> <span class='ocrx_word' id='word_1_693' title='bbox 1871 5655 1880 5664; x_wconf 31' lang='grc' dir='ltr'>ι</span> 
     </span>
    </p>
   </div>
   <div class='ocr_carea' id='block_1_102' title="bbox 435 5657 1956 5746">
    <p class='ocr_par' dir='ltr' id='par_1_102' title="bbox 435 5657 1956 5746">
     <span class='ocr_line' id='line_1_104' title="bbox 435 5657 1956 5746; baseline -0.008 -28"><span class='ocrx_word' id='word_1_694' title='bbox 435 5664 548 5746; x_wconf 46' lang='grc'><strong>81..</strong></span> <span class='ocrx_word' id='word_1_695' title='bbox 569 5665 680 5732; x_wconf 85' lang='lat' dir='ltr'><strong>AL,</strong></span> <span class='ocrx_word' id='word_1_696' title='bbox 711 5663 934 5746; x_wconf 48' lang='lat' dir='ltr'><strong>finget-us</strong></span> <span class='ocrx_word' id='word_1_697' title='bbox 962 5657 1312 5715; x_wconf 78' lang='lat' dir='ltr'><strong>Dei.-Fine.</strong></span> <span class='ocrx_word' id='word_1_698' title='bbox 1346 5659 1454 5723; x_wconf 73' lang='lat' dir='ltr'><strong>AL,</strong></span> <span class='ocrx_word' id='word_1_699' title='bbox 1488 5659 1642 5725; x_wconf 74' lang='lat' dir='ltr'><strong>ﬁnem</strong></span> <span class='ocrx_word' id='word_1_700' title='bbox 1667 5657 1956 5710; x_wconf 64' lang='lat' dir='ltr'><strong>annuntiat.</strong></span> 
     </span>
    </p>
   </div>
   <div class='ocr_carea' id='block_1_103' title="bbox 353 5733 1956 5870">
    <p class='ocr_par' dir='ltr' id='par_1_103' title="bbox 353 5733 1956 5870">
     <span class='ocr_line' id='line_1_105' title="bbox 353 5733 983 5801; baseline -0.006 -10"><span class='ocrx_word' id='word_1_701' title='bbox 353 5733 490 5801; x_wconf 71' lang='lat' dir='ltr'><strong>AL,-</strong></span> <span class='ocrx_word' id='word_1_702' title='bbox 512 5735 806 5790; x_wconf 68' lang='lat' dir='ltr'><strong>demmtiu.</strong></span> <span class='ocrx_word' id='word_1_703' title='bbox 837 5734 983 5788; x_wconf 63' lang='lat' dir='ltr'><strong>Mm.</strong></span> 
     </span>
     <span class='ocr_line' id='line_1_106' title="bbox 437 5795 1956 5870; baseline -0.008 -10"><span class='ocrx_word' id='word_1_704' title='bbox 437 5806 540 5860; x_wconf 69' lang='lat'><strong>8’1.</strong></span> <span class='ocrx_word' id='word_1_705' title='bbox 570 5807 681 5870; x_wconf 80' lang='lat' dir='ltr'><strong>AL,</strong></span> <span class='ocrx_word' id='word_1_706' title='bbox 712 5808 889 5866; x_wconf 82' lang='lat' dir='ltr'><strong>bonos,</strong></span> <span class='ocrx_word' id='word_1_707' title='bbox 907 5814 952 5856; x_wconf 86' lang='lat' dir='ltr'><strong>et</strong></span> <span class='ocrx_word' id='word_1_708' title='bbox 969 5804 1076 5858; x_wconf 86' lang='lat' dir='ltr'><strong>sine</strong></span> <span class='ocrx_word' id='word_1_709' title='bbox 1101 5801 1313 5853; x_wconf 86' lang='lat' dir='ltr'><strong>crimine</strong></span> <span class='ocrx_word' id='word_1_710' title='bbox 1342 5816 1449 5854; x_wconf 76' lang='lat' dir='ltr'><strong>esse</strong></span> <span class='ocrx_word' id='word_1_711' title='bbox 1469 5801 1596 5852; x_wconf 76' lang='lat' dir='ltr'><strong>d.——</strong></span> <span class='ocrx_word' id='word_1_712' title='bbox 1628 5795 1956 5859; x_wconf 61' lang='lat' dir='ltr'><strong>Reddenda,</strong></span> 
     </span>
    </p>
   </div>
   <div class='ocr_carea' id='block_1_104' title="bbox 360 5870 1671 5948">
    <p class='ocr_par' dir='ltr' id='par_1_104' title="bbox 360 5870 1671 5948">
     <span class='ocr_line' id='line_1_107' title="bbox 360 5870 1671 5948; baseline -0.011 -13"><span class='ocrx_word' id='word_1_713' title='bbox 360 5888 482 5935; x_wconf 73' lang='lat' dir='ltr'><strong>etc.</strong></span> <span class='ocrx_word' id='word_1_714' title='bbox 514 5876 629 5948; x_wconf 81' lang='lat' dir='ltr'><strong>AL,</strong></span> <span class='ocrx_word' id='word_1_715' title='bbox 656 5874 924 5931; x_wconf 77' lang='lat' dir='ltr'><strong>reddenda</strong></span> <span class='ocrx_word' id='word_1_716' title='bbox 943 5890 976 5929; x_wconf 91' lang='lat' dir='ltr'><strong>a</strong></span> <span class='ocrx_word' id='word_1_717' title='bbox 1003 5871 1212 5943; x_wconf 73' lang='lat' dir='ltr'><strong>copulis</strong></span> <span class='ocrx_word' id='word_1_718' title='bbox 1241 5872 1494 5943; x_wconf 61' lang='lat' dir='ltr'><strong>praecipit.</strong></span> <span class='ocrx_word' id='word_1_719' title='bbox 1529 5870 1671 5925; x_wconf 64' lang='lat' dir='ltr'><strong>Man.</strong></span> 
     </span>
    </p>
   </div>
   <div class='ocr_carea' id='block_1_105' title="bbox 2629 4729 3069 4787">
    <p class='ocr_par' dir='ltr' id='par_1_105' title="bbox 2629 4729 3069 4787">
     <span class='ocr_line' id='line_1_108' title="bbox 2629 4729 3069 4787; baseline -0.007 0"><span class='ocrx_word' id='word_1_720' title='bbox 2629 4733 2704 4787; x_wconf 83' lang='lat' dir='ltr'><strong>Ue</strong></span> <span class='ocrx_word' id='word_1_721' title='bbox 2738 4729 2786 4786; x_wconf 86' lang='grc' dir='ltr'><em>Μ</em></span> <span class='ocrx_word' id='word_1_722' title='bbox 2794 4729 3069 4784; x_wconf 67' lang='lat' dir='ltr'><strong>admiraris.</strong></span> 
     </span>
    </p>
   </div>
   <div class='ocr_carea' id='block_1_106' title="bbox 2131 4817 3638 4892">
    <p class='ocr_par' dir='ltr' id='par_1_106' title="bbox 2131 4817 3638 4892">
     <span class='ocr_line' id='line_1_109' title="bbox 2131 4817 3638 4892; baseline -0.009 -6"><span class='ocrx_word' id='word_1_723' title='bbox 2131 4831 2221 4887; x_wconf 80' lang='grc'><strong>85.</strong></span> <span class='ocrx_word' id='word_1_724' title='bbox 2253 4829 2682 4885; x_wconf 69' lang='lat' dir='ltr'><strong>Macbabazorum</strong></span> <span class='ocrx_word' id='word_1_725' title='bbox 2732 4825 2894 4892; x_wconf 81' lang='lat' dir='ltr'><strong>libri,</strong></span> <span class='ocrx_word' id='word_1_726' title='bbox 2923 4824 3047 4878; x_wconf 88' lang='lat' dir='ltr'><strong>licet</strong></span> <span class='ocrx_word' id='word_1_727' title='bbox 3095 4835 3202 4875; x_wconf 89' lang='lat' dir='ltr'><strong>non</strong></span> <span class='ocrx_word' id='word_1_728' title='bbox 3252 4820 3553 4874; x_wconf 83' lang='lat' dir='ltr'><strong>habeantur</strong></span> <span class='ocrx_word' id='word_1_729' title='bbox 3583 4817 3638 4872; x_wconf 83' lang='lat' dir='ltr'><strong>in</strong></span> 
     </span>
    </p>
   </div>
   <div class='ocr_carea' id='block_1_107' title="bbox 2059 4909 3711 4983">
    <p class='ocr_par' dir='ltr' id='par_1_107' title="bbox 2059 4909 3711 4983">
     <span class='ocr_line' id='line_1_110' title="bbox 2059 4909 3711 4983; baseline -0.014 -1"><span class='ocrx_word' id='word_1_730' title='bbox 2059 4940 2262 4982; x_wconf 89' lang='lat' dir='ltr'><strong>canone</strong></span> <span class='ocrx_word' id='word_1_731' title='bbox 2306 4923 2651 4976; x_wconf 63' lang='lat' dir='ltr'><strong>Hebraeorum</strong></span> <span class='ocrx_word' id='word_1_732' title='bbox 2675 4960 2689 4983; x_wconf 89' lang='lat'><strong>,</strong></span> <span class='ocrx_word' id='word_1_733' title='bbox 2725 4928 2901 4970; x_wconf 76' lang='lat' dir='ltr'><strong>tamen</strong></span> <span class='ocrx_word' id='word_1_734' title='bbox 2934 4915 3002 4968; x_wconf 87' lang='lat' dir='ltr'><strong>ab</strong></span> <span class='ocrx_word' id='word_1_735' title='bbox 3052 4913 3289 4968; x_wconf 77' lang='lat' dir='ltr'><strong>Ecclesia</strong></span> <span class='ocrx_word' id='word_1_736' title='bbox 3339 4915 3478 4966; x_wconf 72' lang='lat' dir='ltr'><strong>inter</strong></span> <span class='ocrx_word' id='word_1_737' title='bbox 3505 4909 3644 4964; x_wconf 72' lang='lat' dir='ltr'><strong>divi-</strong></span> <span class='ocrx_word' id='word_1_738' title='bbox 3703 4950 3711 4959; x_wconf 95' lang='lat'><strong>.</strong></span> 
     </span>
    </p>
   </div>
   <div class='ocr_carea' id='block_1_108' title="bbox 2059 5003 3634 5076">
    <p class='ocr_par' dir='ltr' id='par_1_108' title="bbox 2059 5003 3634 5076">
     <span class='ocr_line' id='line_1_111' title="bbox 2059 5003 3634 5076; baseline -0.013 0"><span class='ocrx_word' id='word_1_739' title='bbox 2059 5031 2251 5076; x_wconf 85' lang='lat' dir='ltr'><strong>norum</strong></span> <span class='ocrx_word' id='word_1_740' title='bbox 2283 5015 2618 5070; x_wconf 88' lang='lat' dir='ltr'><strong>voluminum</strong></span> <span class='ocrx_word' id='word_1_741' title='bbox 2647 5021 3068 5066; x_wconf 68' lang='lat' dir='ltr'><strong>annuﬁlerautur</strong></span> <span class='ocrx_word' id='word_1_742' title='bbox 3103 5007 3374 5062; x_wconf 80' lang='lat' dir='ltr'><strong>historias.</strong></span> <span class='ocrx_word' id='word_1_743' title='bbox 3413 5003 3634 5058; x_wconf 62' lang='lat' dir='ltr'><strong>Praeno-</strong></span> 
     </span>
    </p>
   </div>
   <div class='ocr_carea' id='block_1_109' title="bbox 2133 5138 3641 5220">
    <p class='ocr_par' dir='ltr' id='par_1_109' title="bbox 2133 5138 3641 5220">
     <span class='ocr_line' id='line_1_112' title="bbox 2133 5138 3641 5220; baseline -0.012 -10"><span class='ocrx_word' id='word_1_744' title='bbox 2133 5156 2221 5210; x_wconf 76' lang='lat'><strong>83.</strong></span> <span class='ocrx_word' id='word_1_745' title='bbox 2241 5155 2376 5208; x_wconf 79' lang='lat' dir='ltr'><strong>Suus</strong></span> <span class='ocrx_word' id='word_1_746' title='bbox 2393 5152 2699 5220; x_wconf 71' lang='lat' dir='ltr'><strong>despiciunt,</strong></span> <span class='ocrx_word' id='word_1_747' title='bbox 2720 5155 2767 5201; x_wconf 77' lang='lat' dir='ltr'><strong>et</strong></span> <span class='ocrx_word' id='word_1_748' title='bbox 2785 5141 3004 5220; x_wconf 74' lang='lat' dir='ltr'><strong>aliarum</strong></span> <span class='ocrx_word' id='word_1_749' title='bbox 3027 5157 3203 5220; x_wconf 48' lang='lat' dir='ltr'><strong>amore</strong></span> <span class='ocrx_word' id='word_1_750' title='bbox 3217 5147 3509 5194; x_wconf 69' lang='lat' dir='ltr'><strong>nectuntur.</strong></span> <span class='ocrx_word' id='word_1_751' title='bbox 3529 5138 3641 5220; x_wconf 52' lang='lat' dir='ltr'><strong>D‘uo</strong></span> 
     </span>
    </p>
   </div>
   <div class='ocr_carea' id='block_1_110' title="bbox 2062 5207 3642 5293">
    <p class='ocr_par' dir='ltr' id='par_1_110' title="bbox 2062 5207 3642 5293">
     <span class='ocr_line' id='line_1_113' title="bbox 2062 5207 3642 5293; baseline -0.014 -11"><span class='ocrx_word' id='word_1_752' title='bbox 2062 5207 2403 5293; x_wconf 64' lang='lat' dir='ltr'><strong>Hispal&#39;eoscs</strong></span> <span class='ocrx_word' id='word_1_753' title='bbox 2437 5207 2552 5291; x_wconf 77' lang='lat' dir='ltr'><strong>post</strong></span> <span class='ocrx_word' id='word_1_754' title='bbox 2579 5207 2862 5273; x_wconf 75' lang='lat' dir='ltr'><strong>inccvcrbn</strong></span> <span class='ocrx_word' id='word_1_755' title='bbox 2890 5218 3089 5293; x_wconf 63' lang='lat' dir='ltr'><strong>addunt</strong></span> <span class='ocrx_word' id='word_1_756' title='bbox 3115 5233 3126 5266; x_wconf 91' lang='lat'>:</span> <span class='ocrx_word' id='word_1_757' title='bbox 3155 5209 3492 5293; x_wconf 74' lang='lat' dir='ltr'><strong>Himcaurem</strong></span> <span class='ocrx_word' id='word_1_758' title='bbox 3514 5207 3642 5293; x_wconf 54' lang='lat' dir='ltr'><strong>Ili!!!-</strong></span> 
     </span>
    </p>
   </div>
   <div class='ocr_carea' id='block_1_111' title="bbox 2063 5278 3644 5357">
    <p class='ocr_par' dir='ltr' id='par_1_111' title="bbox 2063 5278 3644 5357">
     <span class='ocr_line' id='line_1_114' title="bbox 2063 5278 3644 5357; baseline -0.014 -5"><span class='ocrx_word' id='word_1_759' title='bbox 2063 5278 2288 5352; x_wconf 10' lang='lat' dir='ltr'><strong>iarcl&#39;uam</strong></span> <span class='ocrx_word' id='word_1_760' title='bbox 2335 5278 2540 5347; x_wconf 71' lang='grc' dir='ltr'><strong>11ρὸτωὶ</strong></span> <span class='ocrx_word' id='word_1_761' title='bbox 2573 5293 2795 5344; x_wconf 74' lang='lat' dir='ltr'><strong>Esdrnm</strong></span> <span class='ocrx_word' id='word_1_762' title='bbox 2821 5288 3108 5357; x_wconf 73' lang='lat' dir='ltr'><strong>intelligunt</strong></span> <span class='ocrx_word' id='word_1_763' title='bbox 3137 5284 3472 5357; x_wconf 56' lang='lat' dir='ltr'><strong>sacerdment,</strong></span> <span class='ocrx_word' id='word_1_764' title='bbox 3504 5278 3644 5357; x_wconf 78' lang='lat' dir='ltr'><strong>Nam</strong></span> 
     </span>
    </p>
   </div>
   <div class='ocr_carea' id='block_1_112' title="bbox 2064 5353 3642 5434">
    <p class='ocr_par' dir='ltr' id='par_1_112' title="bbox 2064 5353 3642 5434">
     <span class='ocr_line' id='line_1_115' title="bbox 2064 5353 3642 5434; baseline -0.013 -9"><span class='ocrx_word' id='word_1_765' title='bbox 2064 5381 2111 5425; x_wconf 86' lang='lat' dir='ltr'><strong>et</strong></span> <span class='ocrx_word' id='word_1_766' title='bbox 2155 5367 2418 5434; x_wconf 82' lang='lat' dir='ltr'><strong>complura</strong></span> <span class='ocrx_word' id='word_1_767' title='bbox 2438 5381 2552 5434; x_wconf 76' lang='lat' dir='ltr'><strong>qua?</strong></span> <span class='ocrx_word' id='word_1_768' title='bbox 2597 5366 2650 5416; x_wconf 76' lang='lat' dir='ltr'><strong>in</strong></span> <span class='ocrx_word' id='word_1_769' title='bbox 2698 5362 2794 5434; x_wconf 70' lang='lat' dir='ltr'><strong>huc</strong></span> <span class='ocrx_word' id='word_1_770' title='bbox 2828 5353 3019 5434; x_wconf 57' lang='lat' dir='ltr'><strong>propli&#39;e</strong></span> <span class='ocrx_word' id='word_1_771' title='bbox 3046 5358 3097 5406; x_wconf 86' lang='lat' dir='ltr'><strong>ia</strong></span> <span class='ocrx_word' id='word_1_772' title='bbox 3126 5353 3414 5434; x_wconf 66' lang='lat' dir='ltr'><strong>scribuntur</strong></span> <span class='ocrx_word' id='word_1_773' title='bbox 3447 5353 3501 5404; x_wconf 79' lang='lat' dir='ltr'><strong>in</strong></span> <span class='ocrx_word' id='word_1_774' title='bbox 3531 5353 3642 5431; x_wconf 67' lang='lat' dir='ltr'><strong>ejus</strong></span> 
     </span>
    </p>
   </div>
   <div class='ocr_carea' id='block_1_113' title="bbox 2066 5417 3642 5498">
    <p class='ocr_par' dir='ltr' id='par_1_113' title="bbox 2066 5417 3642 5498">
     <span class='ocr_line' id='line_1_116' title="bbox 2066 5417 3642 5498; baseline -0.015 -2"><span class='ocrx_word' id='word_1_775' title='bbox 2350 5417 2699 5490; x_wconf 60' lang='lat' dir='ltr'><strong>coniinentur.</strong></span> <span class='ocrx_word' id='word_1_776' title='bbox 2721 5417 2848 5498; x_wconf 56' lang='lat' dir='ltr'><strong>Qum.</strong></span> <span class='ocrx_word' id='word_1_777' title='bbox 2881 5417 3038 5482; x_wconf 82' lang='lat' dir='ltr'><strong>verba</strong></span> <span class='ocrx_word' id='word_1_778' title='bbox 3075 5424 3280 5478; x_wconf 64' lang='grc' dir='ltr'><strong>(διηριςί</strong></span> <span class='ocrx_word' id='word_1_779' title='bbox 3308 5417 3642 5498; x_wconf 61' lang='lat' dir='ltr'><strong>Hieronymi,</strong></span> 
     </span>
    </p>
   </div>
   <div class='ocr_carea' id='block_1_114' title="bbox 2067 5491 3644 5619">
    <p class='ocr_par' dir='ltr' id='par_1_114' title="bbox 2067 5491 3644 5619">
     <span class='ocr_line' id='line_1_117' title="bbox 2067 5491 3644 5619; baseline -0.012 -54"><span class='ocrx_word' id='word_1_780' title='bbox 2306 5491 2384 5562; x_wconf 14' lang='lat' dir='ltr'><strong>fin</strong></span> <span class='ocrx_word' id='word_1_781' title='bbox 2420 5509 2559 5560; x_wconf 88' lang='lat' dir='ltr'><strong>hunc</strong></span> <span class='ocrx_word' id='word_1_782' title='bbox 2589 5491 2900 5575; x_wconf 64' lang='lat' dir='ltr'><strong>prophetam</strong></span> <span class='ocrx_word' id='word_1_783' title='bbox 2932 5540 2944 5560; x_wconf 89' lang='lat'><strong>,</strong></span> <span class='ocrx_word' id='word_1_784' title='bbox 2974 5507 3042 5578; x_wconf 42' lang='lat' dir='ltr'><strong>et.</strong></span> <span class='ocrx_word' id='word_1_785' title='bbox 3062 5496 3341 5619; x_wconf 60' lang='lat' dir='ltr'><strong>Augustini</strong></span> <span class='ocrx_word' id='word_1_786' title='bbox 3371 5501 3437 5548; x_wconf 78' lang='lat' dir='ltr'><strong>xx</strong></span> <span class='ocrx_word' id='word_1_787' title='bbox 3460 5491 3527 5548; x_wconf 84' lang='lat' dir='ltr'><strong>d&#39;e</strong></span> <span class='ocrx_word' id='word_1_788' title='bbox 3556 5491 3644 5547; x_wconf 89' lang='lat' dir='ltr'><strong>Ci-</strong></span> 
     </span>
     <span class='ocr_line' id='line_1_118' title="bbox 2068 5569 3640 5619; baseline -0.001 0"><span class='ocrx_word' id='word_1_789' title='bbox 2068 5585 2146 5619; x_wconf 68' lang='grc' dir='ltr'><strong>υδι</strong></span> <span class='ocrx_word' id='word_1_790' title='bbox 2252 5597 2277 5619; x_wconf 70' lang='grc' dir='ltr'><strong>ρ</strong></span> <span class='ocrx_word' id='word_1_791' title='bbox 2328 5579 2400 5619; x_wconf 55' lang='lat' dir='ltr'><strong>ss;-</strong></span> <span class='ocrx_word' id='word_1_792' title='bbox 2483 5579 2799 5619; x_wconf 72' lang='lat' dir='ltr'><strong>nimim-imm</strong></span> <span class='ocrx_word' id='word_1_793' title='bbox 2831 5569 3043 5619; x_wconf 80' lang='lat' dir='ltr'><strong>defendi</strong></span> <span class='ocrx_word' id='word_1_794' title='bbox 3076 5581 3139 5619; x_wconf 79' lang='lat' dir='ltr'><strong>no</strong></span> <span class='ocrx_word' id='word_1_795' title='bbox 3173 5577 3354 5619; x_wconf 71' lang='lat' dir='ltr'><strong>erant.</strong></span> <span class='ocrx_word' id='word_1_796' title='bbox 3387 5569 3640 5619; x_wconf 82' lang='lat' dir='ltr'><strong>tanuuam</strong></span> 
     </span>
    </p>
   </div>
   <div class='ocr_carea' id='block_1_115' title="bbox 2068 5567 3640 5648">
    <p class='ocr_par' dir='ltr' id='par_1_115' title="bbox 2068 5567 3640 5648">
     <span class='ocr_line' id='line_1_119' title="bbox 2068 5567 3640 5648; baseline -0.013 -10"><span class='ocrx_word' id='word_1_797' title='bbox 2068 5567 2168 5638; x_wconf 68' lang='lat' dir='ltr'><strong>im.</strong></span> <span class='ocrx_word' id='word_1_798' title='bbox 2196 5624 2210 5648; x_wconf 89' lang='lat'><strong>,</strong></span> <span class='ocrx_word' id='word_1_799' title='bbox 2252 5597 2300 5634; x_wconf 88' lang='lat' dir='ltr'><strong>c.</strong></span> <span class='ocrx_word' id='word_1_800' title='bbox 2328 5579 2434 5644; x_wconf 70' lang='lat'><strong>“25&#39;,</strong></span> <span class='ocrx_word' id='word_1_801' title='bbox 2482 5567 2799 5648; x_wconf 57' lang='lat' dir='ltr'><strong>auellit-itam</strong></span> <span class='ocrx_word' id='word_1_802' title='bbox 2831 5567 3354 5648; x_wconf 45' lang='lat' dir='ltr'><strong>defendi‘pdterant,</strong></span> <span class='ocrx_word' id='word_1_803' title='bbox 3387 5569 3640 5648; x_wconf 70' lang='lat' dir='ltr'><strong>tanquam</strong></span> 
     </span>
    </p>
   </div>
   <div class='ocr_carea' id='block_1_116' title="bbox 2068 5635 3644 5710">
    <p class='ocr_par' dir='ltr' id='par_1_116' title="bbox 2068 5635 3644 5710">
     <span class='ocr_line' id='line_1_120' title="bbox 2068 5635 3644 5710; baseline -0.013 -1"><span class='ocrx_word' id='word_1_804' title='bbox 2068 5635 2210 5709; x_wconf 74' lang='lat' dir='ltr'><strong>male</strong></span> <span class='ocrx_word' id='word_1_805' title='bbox 2246 5635 2432 5705; x_wconf 71' lang='lat' dir='ltr'><strong>assuta</strong></span> <span class='ocrx_word' id='word_1_806' title='bbox 2471 5653 2588 5703; x_wconf 91' lang='lat' dir='ltr'><strong>loco</strong></span> <span class='ocrx_word' id='word_1_807' title='bbox 2635 5645 2940 5705; x_wconf 76' lang='lat' dir='ltr'><strong>movimus,</strong></span> <span class='ocrx_word' id='word_1_808' title='bbox 2989 5638 3383 5710; x_wconf 83' lang='lat' dir='ltr'><strong>rejeciulusqne</strong></span> <span class='ocrx_word' id='word_1_809' title='bbox 3412 5637 3464 5691; x_wconf 91' lang='lat' dir='ltr'><strong>in</strong></span> <span class='ocrx_word' id='word_1_810' title='bbox 3506 5635 3644 5688; x_wconf 83' lang='lat' dir='ltr'><strong>hunc</strong></span> 
     </span>
    </p>
   </div>
   <div class='ocr_carea' id='block_1_117' title="bbox 2069 5721 2434 5781">
    <p class='ocr_par' dir='ltr' id='par_1_117' title="bbox 2069 5721 2434 5781">
     <span class='ocr_line' id='line_1_121' title="bbox 2069 5721 2434 5781; baseline -0.019 0"><span class='ocrx_word' id='word_1_811' title='bbox 2069 5726 2266 5781; x_wconf 86' lang='lat' dir='ltr'><strong>locum.</strong></span> <span class='ocrx_word' id='word_1_812' title='bbox 2294 5721 2434 5776; x_wconf 73' lang='lat' dir='ltr'><strong>Mm.</strong></span> 
     </span>
    </p>
   </div>
   <div class='ocr_carea' id='block_1_118' title="bbox 2138 5777 3128 5860">
    <p class='ocr_par' dir='ltr' id='par_1_118' title="bbox 2138 5777 3128 5860">
     <span class='ocr_line' id='line_1_122' title="bbox 2138 5777 3128 5860; baseline -0.016 -8"><span class='ocrx_word' id='word_1_813' title='bbox 2138 5777 2346 5852; x_wconf 48' lang='lat'><strong>85.1].</strong></span> <span class='ocrx_word' id='word_1_814' title='bbox 2375 5831 2389 5857; x_wconf 91' lang='lat'><strong>,</strong></span> <span class='ocrx_word' id='word_1_815' title='bbox 2419 5785 2651 5860; x_wconf 78' lang='lat' dir='ltr'><strong>scripsit,</strong></span> <span class='ocrx_word' id='word_1_816' title='bbox 2683 5777 2953 5856; x_wconf 71' lang='lat' dir='ltr'><strong>paputum.</strong></span> <span class='ocrx_word' id='word_1_817' title='bbox 2986 5777 3128 5839; x_wconf 65' lang='lat' dir='ltr'><strong>lla.</strong></span> 
     </span>
    </p>
   </div>
  </div>
