4100 6344
381 354 490 412 173

1450 342 1511 399 S.
1551 336 1793 399 lSlDOBl
1833 324 2277 393 HISPALENSIS
2320 322 2630 389 EPISCOPI

3560 331 3668 388 176

379 482 497 531 tant
526 475 702 525 autem
735 462 917 536 praelia
943 463 1084 519 inter
1108 460 1458 516 Hebraeorum
1489 455 1656 511 duces
1678 462 1975 525 gentesque
2004 455 2051 515 Α
2084 452 2237 523 plura
2272 460 2450 505 tamen
2476 464 2547 505 ex
2584 445 2841 503 Matthan
2865 451 3277 507 commemorat,
3330 457 3437 501 non
3460 452 3667 501 tantum

380 566 697 631 Persarum,
732 576 963 634 pugnam
986 572 1202 631 quoque
1230 555 1584 611 Sabbatornm
1607 591 1622 617 ,
1673 560 1727 605 et
1755 548 1969 604 nobiles

381 657 676 719 Macltabmi
733 652 1075 725 triumphos,
1128 650 1302 707 foedus
1345 662 1559 719 quoque
1610 644 1966 700 amicitiarum

382 768 502 810 cum
536 751 905 806 Romanorum
939 746 1186 809 ducibus,
1217 752 1444 811 actaque
1470 741 1823 811 legationum.

850 860 925 916 De
952 870 1170 931 quatuor
1190 856 1505 928 Evangeliis.

455 980 543 1035 86.
579 977 993 1048 Evangeliorum
1025 971 1335 1043 praedicatio
1360 1012 1376 1037 ,
1407 967 1651 1038 quamvis
1676 965 1955 1037 quadrifa-

394 1074 474 1129 ria
504 1072 594 1136 sit,
626 1085 728 1125 una
755 1078 838 1123 est
867 1078 1064 1131 tamen,
1093 1061 1259 1136 214
1285 1063 1405 1133 quia
1437 1076 1504 1117 ex
1537 1075 1644 1114 uno
1668 1058 1972 1127 eodemque

392 1182 490 1220 ore
536 1162 840 1219 Divinitatis
890 1158 1179 1229 processit.
1238 1155 1362 1209 Haec
1405 1162 1531 1208 sunt
1561 1152 1706 1208 enim
1739 1162 1974 1220 quatuor

384 1259 628 1324 ﬂumina,
661 1257 729 1311 de
758 1268 867 1309 uno
898 1251 1133 1323 paradisi
1168 1250 1315 1304 fonte
1338 1246 1607 1302 manantia
1634 1286 1649 1311 ,
1692 1260 1813 1314 qua:
1842 1258 1973 1313 qua-

383 1356 560 1425 drupli
609 1354 808 1409 unione
864 1352 1202 1414 decurrunt,
1249 1362 1313 1401 ac
1344 1362 1438 1416 per
1487 1352 1658 1400 totum
1711 1340 1972 1397 mundum

383 1448 624 1505 caelestis
649 1444 1053 1517 prmdicatiouis
1076 1442 1388 1497 ministrant
1417 1438 1621 1494 ﬂuenta
1643 1476 1660 1505 ,
1691 1434 1876 1507 gratia:
1908 1446 1972 1488 ac

382 1542 510 1599 ﬁdei
542 1541 779 1597 virorem
810 1534 1125 1594 infundunt.

452 1661 545 1718 87.
580 1658 707 1715 Haec
735 1666 821 1714 est
851 1656 944 1712 illa
968 1655 1024 1711 in
1056 1652 1323 1708 Zacharia
1350 1649 1609 1723 quadriga
1635 1644 1872 1709 Domini,
1916 1641 1974 1698 in

382 1771 487 1827 qua
515 1769 613 1824 per
642 1766 858 1810 omnem
884 1751 1072 1805 orbem
1115 1755 1338 1804 evectus
1378 1744 1486 1801 leni
1526 1742 1659 1814 jugo
1702 1740 1840 1796 colla
1870 1736 1975 1793 sibi

2071 559 2278 609 rerum,
2305 541 2400 597 sed
2426 550 2481 597 et
2504 540 2791 596 verborum
2816 537 3063 593 ordinem
3102 551 3347 592 servans.

2141 636 2229 690 90.
2264 632 2432 690 Lucas
2483 648 2609 689 vero
2658 631 2895 687 historia:
2926 628 3095 699 magis
3151 629 3395 684 ordinem
3444 636 3671 697 tenens,

2070 729 2338 800 copiosius
2372 728 2582 783 caneris
2608 736 2881 798 gestorum
2910 724 3105 780 Christi
3138 724 3363 780 virtutes
3407 722 3675 779 enuntiat.

2072 822 2155 877 Ad
2187 821 2423 876 ultimum
2472 818 3023 885 Joannes,naturalia
3070 816 3377 887 explicans,
3432 825 3682 871 transvo-

2073 915 2199 969 lavit
2245 916 2441 983 caelos,
2491 923 2541 969 et
2571 914 2819 984 angelos,
2868 911 3205 981 Verbumque
3232 910 3327 966 Dei
3358 911 3589 981 reperit,
3623 918 3678 965 et

2072 1008 2125 1063 in
2152 1006 2413 1077 principio
2442 1006 2604 1061 luisse
2635 1004 2990 1060 annuntiavit.

2147 1100 2239 1156 91.
2274 1101 2351 1155 Ex
2399 1100 2479 1154 his
2512 1100 2712 1170 primus
2766 1108 2822 1154 et
2869 1099 3087 1153 ultimus
3138 1112 3201 1152 ea
3248 1096 3678 1169 prmdicaverunt

2074 1209 2193 1266 qua:
2220 1208 2289 1249 ex
2336 1208 2430 1248 ore
2473 1192 2669 1247 Christi
2700 1192 3015 1257 audierunt,
3047 1191 3131 1246 vel
3159 1205 3276 1261 quae
3322 1188 3389 1243 ab
3420 1189 3510 1243 illo
3539 1187 3678 1241 facta

2074 1287 2155 1343 vel
2187 1295 2331 1358 gesta
2364 1283 2661 1339 audierunt.
2711 1282 2919 1353 Reliqui
2970 1280 3132 1337 medii
3182 1282 3288 1337 duo
3319 1295 3380 1335 ca
3443 1287 3679 1334 tanturn—

2075 1380 2235 1436 modo
2265 1394 2382 1449 quae
2406 1378 2473 1432 ab
2505 1377 2760 1447 apostolis
2786 1383 3177 1445 cognoverunt:
3208 1388 3434 1445 quorum
3464 1372 3679 1442 quidem

2075 1473 2352 1529 Mattltmus
2404 1470 2751 1541 Evangeliqu
2816 1470 2870 1523 in
2920 1469 3106 1525 Iudaea
3167 1469 3372 1539 primus
3427 1465 3678 1535 scripsit,

2075 1565 2268 1623 deinde
2294 1563 2502 1620 Marcus
2532 1565 2583 1617 in
2611 1562 2776 1628 Italia,
2811 1561 2999 1617 tertius
3029 1562 3199 1616 Lucas
3222 1562 3277 1616 in
3298 1558 3521 1626 Achaia,
3555 1556 3682 1627 ulti-

2076 1677 2196 1717 mus
2244 1660 2478 1716 Joannes
2509 1658 2561 1712 in
2592 1657 2736 1711 Asia.
2774 1656 2854 1710 Ex
2905 1657 3095 1725 quibus
3123 1655 3270 1710 solus
3299 1664 3503 1709 tantum
3550 1650 3683 1705 Μει-

2079 1759 2250 1814 thaeus
2282 1752 2678 1826 praedicationis
2700 1767 2811 1807 sum
2841 1750 3115 1806 historiam
3140 1749 3400 1806 Hebraico
3428 1742 3685 1817 perstrin-

382 1858 704 1906 cunctarum
732 1844 973 1916 gentium
1005 1842 1240 1912 subiicit.
1275 1841 1339 1895 Hi
1366 1846 1494 1896 sunt
1523 1838 1713 1901 etiam,
1746 1843 1803 1890 et
1829 1847 1969 1904 quos

2091 1855 2157 1910 tit
2185 1852 2344 1925 stylo.
2376 1848 2586 1919 Reliqui
2616 1862 2743 1903 vero
2770 1845 2941 1902 Graeci
2969 1844 3235 1903 sermonis
3260 1842 3476 1913 eloquio
3500 1836 3684 1897 edide-

385 1945 487 2001 sub
515 1950 747 2014 quatuor
774 1939 1087 1995 animalium
1120 1937 1303 2007 specie
1334 1934 1472 1989 visio
1506 1929 1844 2001 pr0phetalis
1872 1928 1972 1984 de-

385 2037 627 2105 scripsit,
659 2036 715 2091 id
744 2044 851 2105 est,
884 2032 1139 2098 hominis,
1173 2029 1367 2094 leonis,
1399 2026 1554 2083 bovis
1584 2035 1639 2081 et
1660 2023 1875 2095 aquilae.

457 2129 547 2185 88.
580 2127 823 2197 Namque
851 2127 1089 2196 primus,
1116 2122 1322 2177 scilicet
1350 2118 1656 2184 Matthreus,
1689 2129 1745 2171 ut
1781 2116 1972 2179 homo,

387 2222 634 2280 ordinem
687 2222 938 2276 humana:
987 2214 1287 2273 nativitatis
1343 2212 1612 2284 designat.
1663 2208 1975 2273 Secundus,

387 2315 598 2374 scilicet
624 2313 866 2380 Marcus,
915 2309 983 2364 ad
1014 2310 1187 2363 instar
1219 2306 1479 2377 rugientis
1508 2303 1681 2360 leonis
1706 2300 1889 2357 statim
1922 2301 1976 2355 in

389 2408 655 2477 principio
682 2405 766 2460 sui
796 2402 992 2458 divinae
1018 2399 1303 2470 potestatis
1336 2396 1713 2454 fortitudinem
1743 2396 1978 2450 intonat.

391 2498 608 2555 Tertius
631 2539 649 2566 ,
693 2496 907 2551 scilicet
932 2492 1105 2547 Lucas
1134 2532 1151 2561 ,
1197 2490 1475 2549 victimam
1508 2487 1810 2566 sacerdotis
1842 2498 1983 2554 prae-

392 2590 637 2656 mittens,
670 2588 823 2660 quasi
853 2587 1005 2643 vituli
1034 2595 1262 2642 mortem
1290 2585 1549 2639 insinuat.
1584 2582 1845 2651 Quartus,
1873 2579 1982 2635 sci-

396 2682 524 2739 licet
550 2682 823 2748 Joannes,
871 2694 1023 2736 more
1051 2679 1247 2750 aquilae
1283 2685 1569 2747 aspectans
1599 2675 1799 2731 caelum
1820 2714 1836 2741 ,
1869 2682 1981 2728 ter-

395 2790 515 2832 ram
545 2773 732 2830 avidus
762 2773 1093 2839 transvolat,
1134 2783 1292 2843 atque
1329 2772 1665 2827 nativitatem
1705 2770 1853 2825 verbi
1894 2782 1986 2823 oc-

2077 1956 2225 2005 1⁸0111..

2606 2032 2683 2087 De
2714 2028 2959 2103 Epistolis
2987 2028 3169 2084 Pauli.

2150 2132 2241 2185 92.
2256 2129 2452 2185 Paulus
2464 2126 2740 2197 apostolus
2751 2123 3151 2193 quatuordecim
3171 2119 3425 2193 Epistolis
3438 2116 3691 2189 pradica-

2080 2225 2244 2281 tionis
2256 2238 2366 2278 suae
2384 2217 2700 2291 perstrinxit
2718 2217 2937 2287 stylum.
2953 2214 3028 2270 Ex
3041 2213 3231 2284 quibus
3251 2213 3457 2284 aliquas
3469 2219 3688 2281 propter

2084 2330 2268 2392 typum
2304 2313 2632 2387 septiformis
2654 2310 2912 2366 Ecclesiae
2934 2319 3139 2380 septem
3165 2307 3382 2378 scripsit
3403 2304 3685 2373 Ecclesiis,

2082 2426 2407 2470 conservans
2431 2408 2607 2480 potius
2637 2420 2737 2461 nec
2765 2403 3033 2461 excedens
3058 2416 3339 2457 numerum
3366 2396 3691 2457 sacramenti

2083 2518 2301 2580 propter
2320 2501 2687 2573 septiformem
2709 2499 2879 2555 sancti
2902 2495 3138 2567 Spiritus
3163 2492 3479 2551 efﬁcaciam.
3510 2489 3692 2561 Scrip-

2085 2600 2156 2656 sit
2202 2606 2380 2653 autem
2414 2593 2479 2649 ad
2528 2593 2827 2657 Romanos,
2859 2588 2928 2643 ad
2975 2585 3404 2647 Corinthios,ad
3453 2582 3689 2655 Galatas,

2087 2694 2155 2751 ad
2202 2688 2482 2763 Ephesios,
2522 2686 2590 2742 ad
2645 2684 3050 2754 Philippenses,
3084 2679 3151 2735 ad
3196 2679 3581 2741 Colossenses,
3624 2672 3693 2728 ad

2087 2782 2628 2846 Thessalonicenses,
2658 2775 2724 2832 ad
2771 2773 3058 2838 Hebraeos,
3093 2770 3327 2841 reliquas
3371 2783 3501 2825 vero
3548 2773 3696 2838 post-

400 2870 547 2925 culta
573 2866 821 2938 mysterii
842 2866 1196 2936 intelligentia
1224 2874 1503 2935 penetrat;
1536 2864 1631 2919 sed
1674 2878 1741 2919 ex
1772 2862 1855 2916 his
1886 2861 1986 2915 tria
2090 2876 2308 2934 modum
2338 2870 2699 2943 singularibus
2728 2864 3160 2935 edidiipersonis
3182 2906 3197 2932 ,
3220 2871 3281 2917 υι
3307 2876 3494 2917 rursus
3517 2860 3691 2930 ipsum

397 2961 489 3018 illa
517 2960 790 3027 animalia,
825 2975 945 3031 (ιιιω
974 2960 1026 3014 in
1053 2968 1201 3015 terra
1223 2959 1567 3027 gradiuntur,
1599 2956 1869 3012 “malem
1905 2956 1987 3009 νί·
2090 2968 2239 3026 illum
2284 2962 2647 3037 septenarium
2694 2972 2976 3017 numerum
3005 2956 3073 3012 ad
3100 2963 3491 3011 sacramentum
3521 2951 3696 3006 unita-

400 3063 513 3109 tam
537 3061 849 3123 sequentes,
878 3068 940 3109 ea
986 3051 1359 3107 tantummodo
1407 3049 1675 3122 persecuti
1699 3058 1825 3104 sunt
1870 3064 1990 3119 quae
2031 3092 2040 3107 .
2093 3063 2162 3118 ιίε
2187 3064 2547 3117 converteret,

400 3145 568 3202 homo
591 3145 841 3201 Christus
884 3144 937 3200 in
982 3146 1146 3201 terris
1191 3145 1560 3213 temporaliter
1602 3144 1787 3211 gessit.
1817 3140 1991 3209 Quar—
2164 3153 2254 3211 93,
2287 3151 2614 3219 Argumenta
2636 3153 2816 3201 autem
2844 3142 3155 3201 earumdem
3186 3140 3547 3211 Epistolarum
3578 3137 3693 3192 hac

400 3250 514 3294 tum
539 3246 719 3294 autem
746 3237 946 3293 animal
977 3234 1449 3305 contemplationis
1477 3234 1595 3290 acie
1624 3233 1874 3289 cmlestia
1906 3232 1991 3287 in-
2021 3229 2068 3292 C
2097 3254 2248 3304 sum:
2283 3240 2545 3313 imprimis
2572 3238 2827 3294 Romana:
2858 3236 3029 3305 plebis
3058 3236 3219 3291 [idem
3250 3232 3559 3297 collaudat;
3587 3231 3693 3287 Co-

405 3333 569 3403 ⁸Ρίοίι
589 3376 605 3403 9
642 3341 697 3387 εί
718 3346 886 3403 Pauca
914 3345 1140 3401 οΡθΐιιω
1161 3371 1175 3396 ν
1221 3330 1452 3400 Plurima
1473 3328 1779 3385 diVinimiS
1813 3341 1995 3383 ⁸³01⁵³·
2098 3336 2325 3395 rinthios
2347 3333 2558 3405 gemina
2584 3329 2825 3386 doctrina
2850 3329 3015 3401 216
3032 3328 3289 3397 castigat,
3313 3325 3453 3396 apud
3477 3324 3693 3380 Galatas

403 3434 585 3480 menta
616 3423 863 3495 digessit.

476 3518 563 3573 89.
583 3535 628 3574 ›-ι
646 3517 929 3572 Matthaeus
953 3514 1135 3586 itaque
1156 3514 1210 3570 in
1238 3512 1505 3584 principio
1529 3512 1767 3584 regalem
1786 3512 1993 3571 Christi

406 3627 642 3681 sequens
683 3612 986 3681 prosapiam
1015 3655 1030 3678 ,
1083 3618 1139 3666 et
1177 3610 1464 3674 moralem,
1497 3615 1678 3664 tamen
1732 3607 1990 3678 deinceps

405 3704 588 3773 potius
617 3702 956 3772 disciplinam
988 3711 1229 3765 secutus,
1264 3713 1433 3769 pauca
1462 3699 1737 3771 signorum
1760 3708 1815 3755 et
1841 3700 1991 3770 plura

404 3796 619 3853 vivendi
650 3806 919 3867 prtecepta
946 3794 1268 3864 composuit.
1303 3791 1436 3849 Item
1480 3793 1692 3849 Marcus
1713 3792 1997 3849 abbrevia-

408 3903 492 3948 tor
526 3888 802 3958 Matthaei,
847 3903 911 3943 ea
950 3901 1070 3958 quae
1123 3886 1176 3939 in
1227 3884 1420 3939 itinere
1463 3884 1531 3939 ad
1579 3886 1844 3940 rationem
1868 3885 1998 3942 vitae

411 3984 664 4056 regendae
687 3981 917 4037 docebat
947 3980 1136 4035 Petrus
1159 4019 1177 4045 ,
1218 3978 1398 4033 veloci
1420 3979 1564 4049 stylo
1592 3979 1850 4048 retexuit,
1880 3995 2001 4051 gra-
2034 3998 2045 4009 ·

412 4078 570 4135 diens
598 4077 799 4149 pariter
831 4073 993 4146 215
1024 4071 1165 4127 inter
1203 4070 1405 4127 Lucam
1443 4080 1608 4141 atque
1649 4070 1958 4129 Matthaeum
1984 4114 2000 4142 ,

476 4216 569 4274 86.
602 4216 712 4281 AL,
747 4211 1143 4283 Quadrifartam
1169 4209 1346 4264 sit.—
1382 4206 1645 4263 Virorem.
1669 4207 1781 4277 AL,
1809 4226 1998 4273 rorem;

406 4288 516 4360 AL,
545 4288 789 4360 uigorem.
822 4285 964 4360 Matt:

482 4351 623 4413 Ibid".
658 4356 915 4426 Nonnulli
946 4351 1091 4426 Editi
1123 4352 1339 4406 titulum
1374 4353 1708 4426 prtemittunt
1738 4372 1752 4409 :
1785 4354 1997 4426 Prtefa-

411 4431 574 4483 tiones
595 4429 847 4482 librorum
866 4423 1000 4479 Novi
1013 4422 1349 4500 Testamenti.
1376 4423 1846 4500 Comparationem
1865 4422 1987 4500 qua-

412 4509 536 4554 tuor
575 4500 857 4553 ﬂuminum
911 4494 1142 4565 paradisi
1189 4493 1435 4548 adhibuit
1488 4494 1744 4563 Isidorus,
1794 4493 1899 4555 lib:
1941 4515 1997 4555 vr

409 4571 642 4641 Etymol.
670 4610 688 4636 ,
732 4584 856 4637 .cap.
886 4566 955 4623 16
988 4583 1001 4619 :
1033 4565 1058 4620 1
1069 4575 1179 4641 nter
1205 4575 1401 4641 cetera
1414 4574 1583 4619 autem
1614 4569 1834 4623 concilia
1863 4587 1995 4637 qua-

2099 3448 2197 3505 per
2224 3429 2448 3502 gratiam
2478 3426 2604 3482 ﬁdei
2632 3423 2875 3481 excludit
2901 3434 3067 3492 opera
3097 3420 3257 3491 legis,
3290 3418 3555 3489 Ephesios
3585 3430 3696 3472 ma-

2094 3524 2313 3597 gniﬁcat
2360 3521 2415 3577 in
2448 3520 2583 3587 ﬁde,
2614 3532 2772 3589 quam
2804 3521 3155 3584 acceperunt;
3206 3511 3385 3567 laudat
3414 3508 3696 3565 Colossen-

2097 3631 2186 3673 ses
2215 3630 2311 3685 pro
2357 3628 2423 3669 eo
2470 3609 2614 3682 quod
2663 3609 2716 3664 in
2765 3606 2870 3663 ﬁde
2899 3606 3281 3677 perstiterunt;
3326 3602 3696 3671 Philippenses

2104 3707 2451 3780 Evangelium
2473 3703 2771 3760 custodisse
2795 3701 3125 3772 gratulatur;
3151 3696 3657 3754 Thessalonicenses
3676 3734 3693 3762 ,

2101 3804 2159 3860 in
2209 3802 2383 3874 prima
2415 3797 2687 3869 Epistola,
2740 3795 2844 3850 ﬁde
2872 3795 3111 3849 crevisse
3139 3800 3193 3847 et
3220 3790 3501 3862 operibus,
3534 3788 3586 3842 in
3615 3801 3701 3842 se-

2104 3896 2279 3953 cunda
2299 3939 2314 3965 ,
2349 3892 2747 3964 persecutiones
2779 3888 3037 3943 tolerasse
3083 3886 3288 3940 tortiter
3315 3882 3590 3954 gloriatur.

2180 3990 2270 4045 94.
2299 3987 2515 4042 Instruit
2539 3998 2749 4056 quoque
2768 3997 2859 4052 per
2874 3980 3214 4036 Timotheum
3236 3985 3291 4034 et
3314 3978 3490 4033 Titum
3513 3976 3699 4032 Eccle-

2110 4085 2233 4140 sias.
2264 4081 2634 4138 Philemonem
2658 4078 2725 4133 de
2748 4075 3036 4132 emendato
3061 4089 3220 4132 servo
3245 4072 3500 4129 Onesimo
3524 4078 3697 4142 rogat.

2104 4222 2352 4292 gulorum
2383 4219 2522 4292 ratio
2570 4217 2916 4283 redderetur,
2948 4231 3056 4273 non
3084 4213 3440 4287 judicavimus
3471 4214 3583 4270 fore
3608 4227 3701 4268 ne-

2105 4289 2425 4350 cessarium.
2458 4289 2602 4344 MAR.

2180 4364 2319 4419 Ibid.
2350 4362 2597 4417 Mendum
2643 4360 2866 4430 irrepsit
2906 4360 2958 4415 in
3000 4368 3229 4429 utroque
3256 4372 3376 4414 meo
3402 4355 3699 4427 exemplari

2103 4435 2368 4492 Editionis
2397 4433 2683 4487 Grialianm
2713 4447 2889 4486 verum
2917 4446 3014 4500 pro
3042 4447 3233 4484 rerum.
3266 4433 3439 4484 Anev.
3670 4480 3677 4485 _

2171 4506 2262 4560 9L
2298 4504 2499 4574 Reliqui
2546 4520 2660 4557 vero
2690 4503 2856 4557 Graeci
2902 4504 3151 4556 sermonis
3181 4503 3377 4571 eloquio
3408 4501 3695 4574 ediderunt.

2066 4591 2076 4599 '
2101 4579 2226 4633 Haec
2254 4570 2435 4633 multo
2453 4575 2785 4630 commodior
2812 4574 2998 4640 opinio
3028 4581 3141 4638 est,
3184 4589 3369 4627 omnes
3398 4570 3701 4640 evangelis-

409 4637 660 4719 tuor-esse
679 4641 869 4719 scimus
902 4637 1213 4719 venerabiles
1236 4637 1481 4719 synodos.
1511 4653 1626 4719 qua:
1654 4648 1811 4719 toturn
1843 4645 1989 4709 prin-
2019 4655 2073 4716 D
2098 4661 2179 4706 ias
2199 4693 2215 4719 ,
2251 4660 2445 4719 praeter
2472 4647 2805 4719 Matthaeum,
2824 4637 3028 4719 _Grr_ece
3053 4637 3361 4719 scripsisse,
3389 4637 3562 4719 quam
3581 4654 3699 4719 qua:

408 4712 643 4780 cipaliter
671 4711 827 4783 ﬁdem
855 4710 1262 4783 comrrlec‘tuntiur
1280 4709 1727 4783 ,_quas_i_quatuor
1749 4711 1991 4783 Evange-

410 4779 518 4848 lia,
548 4784 625 4838 vel
653 4779 866 4836 totidem
904 4780 1132 4849 paradisi
1175 4780 1413 4849 ﬂumina.
1451 4779 1582 4835 Vide
1605 4783 1783 4843 etiam
1821 4779 1993 4839 Sedu-

412 4854 567 4920 lium,
599 4853 694 4908 lib.
723 4868 802 4918 ιιι,
831 4867 974 4907 vers.
1002 4851 1126 4907 175.
1155 4850 1260 4906 Pro
1294 4851 1512 4905 virorem
1540 4852 1733 4909 melius
1763 4853 1998 4911 fortasse

410 4935 500 4997 est,
523 4925 966 4997 uigorent._Attev.
1076 4992 1088 4997 _
1189 4936 1201 4997 _‘

484 4991 716 5062 87.Ἀι.,
753 4994 987 5067 Subegt’t,
1009 4992 1095 5067 vel
1118 4991 1411 5065 subjugauit
1440 5008 1538 5064 pro
1557 4995 1801 5067 subiicit,
1830 5005 1885 5053 et
1905 4997 1994 5053 de-

411 5070 585 5125 scribit
612 5082 709 5137 pro
730 5066 1014 5137 descripsit.
1048 5065 1191 5137 Mart.

481 5140 572 5198 88.
604 5135 713 5204 AL,
755 5136 983 5191 Vitulum
1005 5149 1103 5204 pro
1125 5135 1273 5189 uituli
1302 5146 1535 5190 mortem.
1564 5137 1705 5193 Man.

486 5211 627 5267 Ibid.
657 5209 887 5279 Insignia
910 5207 1356 5279 evangelistarum
1396 5209 1588 5263 eodem
1634 5208 1797 5265 modo
1823 5209 1991 5266 relata

416 5292 542 5338 sunt
572 5284 629 5351 in,
654 5276 965 5351 Allegoriis,
993 5276 1186 5351 n.'l39_
1209 5287 1263 5332 et
1292 5292 1445 5351 seqq.
1475 5282 1645 5334 Ansv.

487 5352 575 5407 89.
611 5348 890 5406 Matt/zicus
916 5352 1108 5420 itaque.
1142 5348 1459 5421 Haecverba
1482 5392 1499 5417 ,
1528 5365 1698 5421 usque
1724 5351 1790 5406 ad
1819 5352 1947 5406 illud
1974 5370 1988 5407 :

418 5424 484 5477 Et
511 5425 565 5476 in
602 5423 855 5493 principio
886 5423 1042 5492 fuisse
1071 5420 1395 5475 annuntiavit
1418 5461 1432 5485 ,
1477 5422 1530 5475 in
1552 5420 1763 5477 dnobus
1798 5423 1990 5491 Hispa-

413 5493 651 5550 lensibus
680 5501 883 5547 tantum
927 5501 1120 5559 erant,
1164 5503 1217 5547 et
1244 5502 1508 5561 suspecta:
1536 5494 1657 5548 ﬁdei
1708 5508 1830 5549 esse
1874 5495 1986 5548 visa

2097 4714 2268 4790 nuper
2314 4718 2533 4788 prodiit,
2564 4716 2798 4790 Marcum
2823 4716 3010 4790 Latine
3051 4715 3362 4785 scripsisse,
3394 4714 3542 4770 nullo
3569 4714 3699 4768 satis

2096 4787 2294 4848 idoneo
2317 4787 2641 4859 argumento
2671 4788 2911 4843 fundata.
2954 4787 3092 4841 Man.

2168 4862 2313 4918 Ibid.
2370 4854 2605 4917 Hareum
2648 4860 2840 4915 Latine
2884 4859 3165 4927 scripsisse
3196 4866 3379 4911 tenent
3418 4854 3698 4927 nonnulli,

2097 4934 2190 5004 qui
2222 4941 2411 5010 putant
2448 4933 2836 5010 autographum
2892 4924 3168 5010 Evangelii
3198 4929 3365 5010 sancti
3401 4924 3564 5010 Marci
3591 4940 3700 5010 ἐξ·

2100 4996 2308 5061 servari
2358 4996 2619 5058 Venetiis.
2657 4996 2853 5057 Verum
2901 4996 3169 5055 somnium
3216 5007 3299 5054 est
3347 4997 3602 5069 quidquid
3632 4996 3701 5051 de

2100 5075 2435 5145 autographo
2460 5074 2563 5129 hoc
2588 5074 2785 5129 dicitur
2802 5113 2817 5139 ,
2842 5072 2911 5145 de
2930 5086 3035 5145 quo
3064 5069 3233 5125 videri
3254 5067 3439 5145 potest
3455 5067 3701 5145 _P.Bla_n-

2099 5138 2733 5217 chiniviEvangeliarium
2766 5138 3097 5217 quadruplex
3119 5185 3132 5208 ,
3167 5149 3223 5196 et
3246 5140 3520 5217 ΔΖ-ιιιῐιὶιιιῆειδ
3581 5138 3704 5217 [lis-

2095 5220 2231 5273 toria
2278 5208 2541 5272 litteraria
2584 5208 2945 5281 ltaliaeftom.
2976 5208 3054 5281 Ἰ,
3090 5228 3210 5284 pag.
3240 5211 3309 5267 14
3333 5222 3387 5267 et
3434 5226 3549 5284 seq.
3582 5208 3700 5284 Non

2094 5290 2268 5344 solum
2301 5288 2571 5358 Marcum,
2602 5287 2699 5343 sed
2729 5288 2862 5343 alios
2891 5281 3103 5355 quoque
3132 5281 3486 5358 evangelistas
3510 5281 3701 5338 Latine

2094 5360 2383 5429 scripsisse
2412 5354 2582 5431 magis
2611 5358 2841 5414 absurda
2868 5354 3180 5431 opiniqest.
3214 5354 3387 5431 Ansv.

2164 5426 2255 5487 99..
2286 5432 2367 5486 Ad
2393 5426 2895 5493 Thessalonicenses,
2916 5429 2983 5481 ad
3014 5427 3280 5482 Hebraeos.
3311 5426 3566 5482 Hebraeos
3594 5438 3701 5478 non

2092 5505 2244 5573 ponit
2287 5504 2340 5557 in
2390 5516 2615 5573 numero
2641 5500 3002 5573 Ecclesiarum
3020 5540 3036 5566 ,
3068 5498 3319 5573 quoniam
3347 5497 3413 5552 ad
3438 5511 3532 5553 eos
3561 5495 3701 5573 scri-

414 5575 561 5627 sunt,
586 5563 843 5641 quocirca
870 5564 1026 5641 obelo
1059 5572 1199 5641 sunt
1217 5564 1495 5641 iugulata,
1531 5565 1983 5641 quemadmodum

2091 5563 2202 5641 hit,
2234 5582 2293 5629 ut
2320 5574 2478 5641 paulo
2506 5572 2733 5627 interius
2775 5572 2882 5634 ait,
2908 5570 2995 5638 qui
3022 5563 3056 5624 a
3084 5563 3186 5641 iide
3212 5577 3572 5626 recesserunt.
3602 5565 3704 5620 Re-

417 5646 560 5691 totus
582 5635 675 5713 ille
707 5634 854 5713 locus
884 5633 1232 5713 deEpis‘tolis
1264 5634 1406 5713 beati
1439 5636 1581 5689 Petri
1600 5676 1634 5713 ,_
1661 5637 1746 5689 cui
1776 5636 1986 5690 initium
2090 5633 2280 5713 ιξᾳιὶαε.

414 5718 537 5762 est:
572 5704 640 5760 In
683 5705 849 5773 prima
877 5712 1046 5757 autem
1074 5703 1333 5773 Epistola,
1364 5720 1532 5774 usque
1571 5706 1636 5759 ad
1662 5713 1988 5761 extremum.

419 5777 683 5832 Praeterea
714 5774 971 5830 nonnulla
1008 5774 1112 5828 alia
1151 5776 1314 5830 verba
1358 5785 1471 5831 toto
1501 5791 1666 5845 Opere
1708 5776 1865 5832 obelo
1893 5791 1995 5831 no-

421 5859 528 5906 tata
556 5855 703 5917 sunt,
735 5847 804 5903 de
831 5844 1027 5919 quibus
1048 5854 1106 5902 ut
1130 5846 1348 5917 propria
1374 5844 1576 5903 mentio
1607 5846 1778 5917 liere't,
1811 5849 1994 5905 ctsin-

2363 5644 2399 5698 Ι.
2421 5687 2436 5712 ,
2466 5644 2692 5712 reliquas
2719 5657 2836 5699 vero
2861 5651 3098 5712 quatuor.
3128 5640 3269 5695 Mart.

2166 5714 2255 5769 95.
2286 5714 2372 5768 AL
2400 5757 2416 5779 ,
2446 5713 2708 5770 Steterunt

2142 5710 2255 5769 ⁷95.
2286 5714 2372 5768 AL
2400 5710 2708 5779 ,Stetérunt
2753 5710 3259 5784 pro'perstt'terunt,
3307 5720 3366 5771 et
3409 5710 3703 5785 gratulatur

2097 5800 2195 5858 pro
2223 5786 2501 5857 gloriatur.
2534 5785 2681 5843 Mart.
2970 5800 2971 5803 η
