4100 6344
423 333 527 399 179
1427 334 1487 397 8ο
1530 332 1783 391 181οΟΒΙ
1824 334 2002 393 HISPI

2105 332 2269 390 ZNSIS
2308 333 2615 395 EPISCOPI
3590 338 3695 396 180

417 452 696 523 Conspicit
721 459 985 523 praterea
1010 459 1069 509 et
1090 448 1409 519 Antichristi
1438 450 1687 522 ﬁguram,
1720 450 2006 507 habentem
2029 452 2086 517 Α
2113 451 2316 521 luptate
2340 451 2537 508 munda
2571 459 2940 509 servaverunt.
2976 450 3295 523 Exsequitur
3321 450 3519 511 deinde
3562 453 3703 513 inte-

416 547 593 623 capita
622 547 776 621 regni
802 553 1011 619 septem
1030 585 1049 617 ,
1077 554 1132 601 et
1156 559 1359 609 cornua
1384 544 1703 616 potestatis,
1734 554 1790 602 et
1818 560 2009 603 nume-
2112 545 2272 600 ritum
2303 544 2602 601 meretricis
2628 544 2967 614 Babylonia,
2992 553 3047 601 et
3073 546 3282 613 nuptias
3316 546 3479 615 Agni,
3500 545 3705 606 adven-

418 654 536 703 rum
568 638 814 701 nominis.
2029 635 2045 648 '
2114 645 2223 693 tum
2240 635 2456 705 judicii,
2480 636 2857 706 interitumque
2877 635 3189 695 Antichristi
3209 677 3225 701 ,
3248 636 3701 706 etsempiternam

498 728 621 789 109,
649 730 841 791 Narrat
871 730 1010 795 inter
1038 728 1152 786 haec
1176 737 1232 785 et
1252 727 1519 789 canticum
1548 727 1877 789 Testamonti
1905 745 2006 789 ιω-
2116 727 2441 795 punitionem
2472 725 2689 781 diaboli.
2730 727 2810 781 Ad
2850 726 3095 782 ultimum
3126 735 3389 782 memorat
3427 742 3702 786 resurrec-

420 838 579 889 vum,
612 825 1022 894 speculaturque
1051 823 1270 893 angelos
1314 831 1589 894 gestantes
1617 834 1861 896 pateras,
1889 841 2007 883 ω·
2115 820 2311 876 tionem
2364 830 2731 885 ωοΐιυοτυιην
2771 820 3004 890 ccliquo
3051 821 3375 885 ηονίῑιίεωο
3405 827 3460 875 εἴ
3512 826 3700 888 iam.

419 913 603 984 nitque
656 916 902 989 similiter
950 915 1223 979 interitum
1270 915 1487 981 bestiae,
1514 927 1570 973 et
1622 917 2004 973 beatitudinem
2112 913 2638 984 descriptionemque
2665 913 2997 979 Jerusalem,
3033 911 3229 973 ﬂumen
3258 913 3421 979 etiam
3451 912 3703 983 baptismi

415 1016 603 1077 eorum
630 1007 725 1083 qui
754 1006 994 1079 corporis
1020 1006 1102 1067 sui
1126 1006 1444 1067 vestimenta
1470 1008 1675 1079 absque
1702 1008 1885 1065 carnis
1911 1023 2006 1063 vo-

490 1141 613 1214 t_09.
647 1140 758 1214 9].,
799 1139 1036 1214 phialas;
1075 1140 1189 1205 alii,
1211 1142 1448 1214 (illlam:
1474 1157 1573 1213 pro
1602 1152 1828 1214 pateras.
1859 1144 2001 1201 Man.

487 1210 628 1266 Ibid.
659 1211 905 1271 Nonnulli
935 1212 1078 1272 Editi
1121 1213 1351 1271 addunt:
1384 1210 1565 1270 Iesum
1602 1210 1893 1284 Christum,
1918 1215 2001 1269 cui

2116 1006 2370 1061 mundum
2390 1046 2407 1077 ,
2425 1006 2732 1077 lignumque
2752 1008 2876 1062 vitae
2898 1005 3182 1069 Dominum
3204 1004 3385 1063 Jesum
3407 1003 3699 1062 Christum.

2114 1153 2188 1197 est
2232 1142 2415 1210 honor,
2458 1144 2623 1215 gloria
2649 1153 2697 1198 et
2734 1145 3019 1216 imperium,
3042 1144 3100 1197 in
3142 1143 3334 1199 arcula
3374 1143 3696 1199 seculorum.

2115 1218 2302 1273 Amen.
2333 1216 2463 1289 Quae
2511 1216 2672 1274 verba
2701 1218 2755 1275 in
2796 1215 3107 1275 melioribus
3132 1216 3347 1274 desunt.
3377 1216 3552 1275 Auv.

417 1359 3697 1421 Ἥ

1327 1529 2007 1651 εΔΝατι
2085 1528 2791 1648 ISIDOBI

1695 1739 2111 1803 HISPALENSIS
2145 1739 2433 1792 EPISCOPI

1051 1904 1651 2049 LIBER
1731 1902 3054 2053 NUMERORUM

1369 2174 1479 2227 QUI
1526 2174 1588 2218 IN
1631 2172 1890 2217 BANCTIS
1940 2170 2311 2221 SCRIPTUIIS
2357 2171 2760 2219 OCCURRUNT.

833 2332 1001 2405 no
1018 2329 1249 2387 CAPUT
1280 2327 1565 2386 putnuu.

936 2423 1077 2491 Quid
1112 2424 1177 2477 sit
1208 2438 1472 2478 numerus.

483 2516 537 2572 1.
568 2514 691 2595 Non
710 2522 797 2581 est
814 2514 1142 2587 superﬂuum
1166 2528 1509 2589 numerorum
1530 2528 1723 2587 causas,
1743 2515 2002 2587 in_Scrip-

411 2609 547 2687 turis
566 2594 767 2681 sanctis
794 2594 1091 2685 attendere.
1123 2608 1330 2691 Habent
1349 2610 1492 2664 enim
1514 2610 1805 2691 quamdam
1827 2609 2002 2691 scien-

408 2704 499 2762 tia;
556 2704 881 2773 doctrinam,
949 2688 1284 2775 plurimaque
1354 2703 1581 2776 mystica
1640 2688 1997 2773 sacramenta.

411 2794 645 2855 Proinde
668 2797 877 2867 regulas
897 2796 1251 2867 quorumdam
1272 2810 1617 2852 numerorum
1631 2838 1649 2865 ,
1672 2803 1731 2851 ut
1752 2795 1998 2861 voluisti,

405 2889 611 2959 placuit
640 2888 872 2945 breviter
906 2889 1175 2944 intimare.

476 2980 532 3037 2.
567 2980 625 3037 In
656 2982 917 3052 principio
945 2992 1120 3036 autem
1143 3021 1158 3047 ,
1186 2980 1316 3050 quid
1354 2980 1424 3033 sit
1458 2993 1715 3036 numerus
1741 2978 2003 3035 deﬁnien-

411 3075 537 3129 dum
581 3084 685 3130 est.
713 3074 978 3129 Numerus
1021 3082 1107 3128 est
1152 3074 1495 3142 congregatio
1539 3072 1786 3140 unitatis,
1819 3073 1906 3127 vel
1935 3073 2003 3127 ab

407 3181 518 3222 uno
538 3166 887 3233 progrediens
924 3163 1208 3220 multitudo
1223 3207 1238 3233 ,
1270 3164 1423 3231 cujus
1445 3164 1659 3233 quidem
1682 3163 2003 3219 universitas

406 3256 615 3319 infinita
646 3262 761 3321 est,
795 3270 895 3311 nec
924 3255 1026 3314 ulla
1055 3263 1235 3323 potest
1262 3253 1607 3309 multitudine
1644 3256 1943 3309 terminari.

482 3350 537 3407 3.
576 3348 683 3407 Par
710 3362 963 3407 numerus
990 3355 1073 3405 εει
1100 3346 1191 3416 qui
1219 3346 1272 3403 in
1312 3345 1520 3401 duabus
1545 3347 1713 3416 tequis
1762 3348 2004 3415 partibus

410 3439 579 3499 dividi
620 3448 828 3511 potest;
855 3441 1023 3507 impar
1052 3453 1214 3505 vero,
1248 3438 1337 3507 qui
1384 3438 1549 3493 dividi
1593 3440 1758 3510 requis
1799 3440 2004 3495 duabus

414 3533 653 3603 partibus
686 3535 901 3602 nequit,
934 3546 1041 3587 uno
1064 3531 1241 3587 medio
1270 3530 1355 3586 vel
1390 3530 1705 3594 deﬁciente,
1738 3530 1823 3586 vel
1847 3547 2006 3599 supe-

410 3634 585 3687 rante.
619 3624 822 3683 Pariter
856 3639 951 3693 par
975 3639 1231 3681 numerus
1257 3633 1341 3680 est
1369 3626 1459 3696 qui
1488 3624 1781 3681 secundum
1818 3640 2003 3694 parum

2028 2335 2080 2397 Β
2106 2342 2257 2396 ram,
2287 2336 2341 2385 et
2393 2327 2850 2386 incrementorum
2892 2343 3140 2399 causam,
3168 2338 3474 2404 statumque
3508 2332 3699 2393 decre-

2105 2433 2428 2480 mentorum.
2446 2423 2578 2479 Nam
2601 2426 2838 2481 omnium
2855 2425 3183 2485 incrementa
3198 2426 3267 2481 ab
3280 2426 3399 2496 ipso
3415 2428 3697 2501 incipiunt,

2104 2535 2400 2592 rursusque
2428 2536 2599 2592 usque
2640 2520 2708 2577 ad
2740 2520 2858 2591 ejus
2886 2521 3148 2581 unitatem
3178 2522 3517 2592 perveniunt.

2177 2610 2229 2675 5.
2261 2614 2394 2669 Nam
2430 2623 2486 2671 et
2512 2623 2635 2684 post
2658 2613 2877 2682 decem,
2904 2615 3007 2670 nisi
3032 2616 3101 2677 ab
3128 2631 3237 2673 uno
3262 2631 3448 2679 rursus
3474 2616 3701 2689 incipia—

2106 2713 2215 2773 tur,
2264 2720 2601 2777 nequaquam
2654 2706 2909 2777 deinceps
2958 2721 3303 2775 numerorum
3368 2709 3698 2769 incrementa

2105 2808 2453 2868 consurgunt.
2484 2796 2627 2855 idem
2657 2798 2821 2867 etiam
2850 2798 3164 2855 insecabilis
3184 2808 3269 2856 est
3285 2840 3302 2867 ,
3330 2815 3431 2858 nec
3451 2815 3545 2871 per
3566 2800 3699 2860 ullas

2106 2900 2287 2959 partes
2315 2889 2481 2944 dividi
2515 2896 2732 2962 potest,
2760 2892 2884 2960 quia
2934 2892 3131 2963 ubique
3174 2907 3298 2963 pars
3342 2902 3457 2964 est,
3502 2893 3700 2964 ubique

2105 2992 2251 3039 totus
2281 2988 2392 3048 est,
2424 2984 2491 3037 ad
2531 2983 2686 3052 cujus
2716 2984 3019 3054 exemplum
3051 3000 3186 3045 unus
3215 2996 3297 3042 est
3345 2985 3517 3055 Deus,
3560 2999 3699 3043 unus

2106 3093 2191 3142 est
2220 3082 2485 3138 mediator
2527 3081 2623 3138 Dei
2666 3087 2721 3135 et
2750 3080 3027 3138 hominum
3054 3082 3225 3139 Homo
3254 3081 3494 3139 Christus
3519 3083 3699 3143 Jestts.

2107 3176 2408 3231 Paraclitus
2436 3189 2648 3245 quoque
2674 3174 2903 3244 Spiritus
2934 3191 3100 3245 unus;
3146 3191 3251 3235 una
3294 3186 3377 3233 est
3403 3176 3570 3232 Mater
3599 3176 3701 3243 Ec-

2106 3268 2303 3331 clesia,
2353 3266 2692 3323 fecunditatis
2746 3268 3086 3323 successibus
3127 3267 3377 3340 copiosa,
3424 3283 3523 3341 pro
3549 3268 3700 3339 cujus

2108 3346 2325 3418 unitatis
2374 3360 2601 3416 formula
2648 3361 2966 3418 insinuanda
2999 3362 3220 3434 angelus
3262 3361 3353 3418 ille
3380 3362 3520 3432 apud
3568 3362 3699 3418 Eze-

2108 3451 2337 3507 chielem
2381 3451 2549 3508 limen
2606 3460 2776 3527 porta
2822 3452 3119 3510 Jerusalem
3166 3452 3372 3509 calamo
3422 3467 3530 3508 uno
3574 3468 3700 3509 me-

2110 3543 2259 3598 titur.

2181 3635 2234 3690 6.
2263 3635 2369 3692 Sed
2408 3645 2463 3692 et
2486 3650 2608 3693 arca
2639 3638 2752 3695 Noe
2778 3637 3010 3711 desuper
3035 3636 3255 3694 collecta
3280 3635 3335 3692 in
3359 3650 3525 3692 unum
3556 3634 3702 3693 cubi-

412 3733 698 3783 nnmerum
722 3719 920 3787 pariter
939 3716 1213 3784 dividitur,
1238 3732 1517 3788 quousque
1537 3718 1603 3773 ad
1626 3716 2003 3772 indivisibilem
2027 3729 2081 3797 α
2112 3739 2220 3785 mm
2254 3740 2597 3797 coal-cram”
2646 3730 2701 3786 in
2743 3731 2911 3788 [alere
2958 3746 3170 3801 quoque
3214 3743 3351 3785 πολ,
3398 3729 3460 3784 m
3506 3728 3703 3797 οειίυηι

412 3811 689 3880 perveniat
719 3808 972 3865 unitatem
994 3848 1008 3870 ,
1041 3817 1099 3863 ut
1129 3817 1250 3879 puta
1272 3854 1288 3878 ,
1318 3810 1586 3881 sexaginta
1629 3821 1868 3880 quatuor.
1903 3809 2007 3864 Ha-

410 3896 506 3964 bei
544 3904 688 3960 enim
719 3904 875 3973 εει
905 3901 1250 3958 medietatem
1278 3902 1487 3971 triginta
1527 3903 1666 3966 duo;
1710 3902 1799 3956 hic
1826 3913 2001 3958 autem

411 3995 651 4061 sedecim,
687 3993 906 4049 sedecim
932 4007 1059 4051 vero
1087 4001 1201 4048 octo
1218 4034 1232 4057 ,
1260 3996 1556 4048 octonarius
1594 4008 1721 4048 vero
1749 4005 2004 4063 quatuor,

408 4084 769 4154 quaternarii“
797 4082 898 4140 duo
923 4122 938 4149 ,
970 4083 1198 4141 binarius
1242 4098 1433 4151 unum,
1466 4084 1560 4153 qui
1605 4083 1894 4154 singularis
1922 4086 2006 4139 in-

413 4172 704 4247 divisibilis
730 4182 835 4237 est.
1251 4228 1274 4253 ,

1046 4264 1275 4323 CAPUT
1304 4266 1372 4322 ll.

1051 4359 1131 4415 De
1155 4361 1373 4417 unitate.

484 4451 541 4512 ι.
575 4449 763 4511 Πιίιαο
788 4462 872 4511 est
894 4465 1014 4520 pars
1052 4452 1271 4510 minima
1303 4467 1673 4524 numerorum,
1692 4469 1814 4527 qum
1835 4458 2007 4514 secari

412 4556 521 4607 non
569 4553 765 4615 potest.
796 4545 944 4603 idem
991 4558 1169 4601 autem
1215 4562 1351 4603 unus
1392 4563 1577 4605 semen
1622 4566 2003 4623 numerorum,

414 4648 522 4691 non
552 4651 825 4695 numerus.
860 4640 938 4695 Ex
967 4640 1082 4708 ipso
1107 4641 1250 4695 enim
1281 4642 1465 4698 cancri
1496 4654 1746 4715 manant,
1769 4646 1854 4702 vel
1879 4663 2006 4719 pro-

2111 3838 2299 3880 unum.
2331 3822 2508 3879 Unum
2538 3833 2621 3877 est
2641 3823 2803 3878 etiam
2834 3826 2889 3878 in
2929 3822 3167 3879 Ecclesia
3193 3822 3541 3890 baptismum;
3571 3819 3701 3875 ﬁdes

2110 3916 2299 3971 eadem
2325 3930 2426 3970 una
2456 3924 2559 3971 est.
2587 3916 2814 3971 Mundus
2852 3914 3104 3983 idemque
3134 3926 3288 3968 unus.
3318 3910 3460 3968 Solis
3500 3912 3661 3968 etiam
3682 3953 3698 3980 ,

2111 4022 2272 4077 quem
2318 4008 2621 4077 cernimus,
2655 4009 2837 4064 lumen
2882 4023 3067 4063 unum.
3098 4007 3265 4075 Quam
3316 4006 3571 4062 unitatem
3601 4004 3704 4060 rite

2111 4102 2382 4171 sapientes
2440 4102 2595 4173 hujus
2642 4103 2825 4157 mundi
2870 4101 3211 4157 concordiam
3237 4143 3252 4169 ,
3282 4101 3365 4155 vel
3402 4101 3655 4171 pietatem
3681 4140 3699 4166 ,

2110 4194 2507 4265 amicitiamque
2553 4194 2834 4261 dixerunt,
2871 4195 3013 4265 quod
3062 4194 3134 4250 ita
3188 4200 3453 4261 nectatur,
3487 4200 3545 4248 ut
3591 4206 3713 4251 non

2110 4293 2325 4341 secetur
2353 4286 2407 4339 in
2426 4282 2636 4356 partes.

2183 4380 2236 4434 7.
2275 4380 2457 4449 Itaque
2501 4380 2623 4448 quia
2671 4377 2985 4434 divisionem
3034 4376 3115 4432 sui
3146 4376 3321 4431 unitas
3377 4390 3481 4431 non
3523 4376 3700 4446 capit,

2113 4469 2308 4525 deinde
2337 4485 2458 4524 cum
2492 4484 2657 4524 unum
2702 4468 2898 4524 factum
2930 4468 2983 4523 in
3031 4482 3355 4538 quocunque
3383 4466 3701 4532 deﬂuxerit,

2111 4565 2238 4620 licet
2267 4565 2385 4635 ejus
2431 4566 2570 4620 linea
2620 4564 2959 4630 insecabilis,
3009 4577 3072 4618 ac
3114 4563 3230 4618 sine
3276 4576 3378 4617 una
3410 4561 3703 4616 latitudinis

2111 4660 2504 4729 signiﬁcatione
2547 4659 2827 4725 habeatur,
2860 4667 3035 4712 tamen
3085 4655 3385 4726 conjunctis
3438 4654 3701 4710 binarium

410 4739 695 4799 creantur;
740 4732 1099 4804 eumdemque
1124 4735 1300 4790 solum
1344 4749 1466 4792 esse
1502 4737 1761 4811 (constat)
1792 4757 2006 4797 mensu-
2032 4738 2088 4799 D
2113 4751 2322 4806 reddet.

488 4870 544 4925 1.
573 4864 706 4939 Quae
743 4869 809 4923 ad
846 4868 985 4924 hunc
1005 4869 1198 4925 librum
1232 4870 1702 4939 praefationis'loco
1733 4875 2005 4932 illustran-

412 4940 540 4996 dum
570 4938 746 4994 l‘ncere
775 4941 1005 4995 maxime
1028 4938 1265 5009 possent,
1290 4959 1352 4997 ea
1384 4945 1565 4998 omnia
1592 4946 1780 5000 sedulo
1800 4962 1829 5000 a
1848 4952 2004 5005 nobis

414 5013 471 5071 in
504 5010 835 5091 Isidorianis,
867 5027 985 5081 cap.
1143 5016 1387 5091 erqposita
1423 5028 1567 5085 sunt,
1594 5017 1681 5071 ubi
1716 5018 1877 5091 etiam
1909 5037 2004 5074 au-

416 5096 595 5144 ctores
622 5082 923 5159 indicuntur
944 5085 1034 5159 qui
1060 5088 1128 5141 tle
1152 5085 1437 5155 allegorica
1462 5082 1562 5159 seu
1582 5090 1801 5159 mystica
1827 5107 2008 5149 nume-

416 5171 598 5209 rorum
662 5153 1101 5227 interpretatione
1164 5153 1345 5225 agn—nt,
1391 5158 1586 5227 quique
1632 5153 1754 5214 cum
1802 5161 2005 5216 Isidoro

418 5226 701 5302 nostro_ab
731 5226 805 5302 iis
832 5228 1027 5302 quibus
1054 5226 1104 5279 Μ
1146 5236 1312 5281 οιιιιιη
1350 5226 1547 5302 inerit,
1573 5230 1807 5285 conferri
1851 5242 2003 5302 pote-

416 5308 559 5350 runt.
592 5296 747 5367 Quod
795 5298 869 5350 ait
910 5298 1168 5362 l~idorus,
1192 5308 1248 5350 ut
1278 5300 1499 5360 voluisti,
1536 5300 1731 5355 indicat
1770 5296 1905 5367 onus
1931 5305 1998 5357 ad

414 5370 646 5436 aliquem
690 5365 857 5439 fuisse
897 5369 1195 5434 directum;
1236 5370 1330 5423 sed
1356 5372 1598 5439 quisnam
1632 5374 1675 5426 is
1702 5365 1881 5437 fuerit,
1916 5374 2001 5427 in-

413 5448 619 5494 certum
651 5438 872 5493 omnino
898 5449 1004 5493 est.
1036 5441 1166 5495 Cum
1194 5442 1327 5515 liber
1356 5438 1498 5515 nunc
1529 5443 1757 5515 primum
1787 5445 1999 5515 edatur,

415 5519 469 5563 ct
498 5524 572 5584 ex_
595 5524 700 5561 uno
730 5519 935 5584 tantum
966 5526 1069 5568 ms.
1095 5513 1390 5580 exemplari
1422 5514 1741 5568 Tauriuensi
1768 5514 2004 5584 descrip-

418 5589 502 5636 tus
531 5579 622 5643 sit,
655 5594 826 5647 neque
850 5580 991 5637 enim
1027 5586 1171 5640 aliud
1197 5585 1476 5650 exemplar
1504 5584 1629 5638 alibi
1660 5596 1872 5640 exstare
1902 5579 1999 5639 no-

417 5650 495 5715 vi,
540 5649 716 5709 nullas
759 5655 933 5708 varias
980 5656 1241 5712 lectiones
1296 5649 1494 5710 aliene
1545 5656 1688 5722 licet,
1718 5673 1780 5712 ac
1824 5658 1997 5712 solum

416 5722 703 5798 nonnullas
746 5725 1083 5798 conjecturas
1112 5731 1166 5781 in
1212 5730 1345 5781 locis
1384 5726 1787 5785 obscurioribus
1827 5744 1998 5798 appo-

415 5808 563 5872 nam_.
594 5794 681 5872 In__
703 5798 884 5851 multis
914 5797 1046 5872 locis
1083 5813 1253 5872 sacrm
1280 5798 1574 5872 Scriptura:
1601 5794 1999 5872 nunteros'myo
2050 5813 2059 5823 '

416 5864 584 5924 sterio
613 5866 793 5940 aliquo
821 5869 1058 5939 gaudere
1102 5870 1263 5930 tradit
1288 5864 1449 5929 etiam
1476 5870 1731 5941 Isidorus,
1764 5864 2000 5945 Etymol.

2108 4883 2202 4937 lib.
2237 4899 2318 4950 ill,
2371 4898 2491 4951 cap.
2524 4884 2577 4939 4.
2621 4882 2849 4939 Sanctus
2898 4882 3245 4951 Augustinus,
3289 4887 3481 4949 quaest.
3513 4878 3614 4935 152
3646 4880 3703 4937 in

2108 4953 2331 5018 θροεῖς..
2366 4956 2455 5008 lib.
2492 4971 2507 5009 ι
2535 4973 2546 5007 :
2578 4951 2642 5006 Iu
2676 4955 2921 5019 numeris,
2953 4970 3078 5021 quos
3104 4953 3155 5005 in
3184 4951 3465 5013 Scripturis
3492 4968 3599 5004 esse
3622 4969 3705 5007 sa-

2109 5028 2421 5080 cratissimos
2447 5033 2495 5079 et
2520 5029 2875 5095 mysteriorum
2920 5025 3259 5088 plenissimos,
3290 5038 3355 5095 em
3376 5021 3698 5091 quibusdam,

2108 5112 2231 5166 quos
2264 5100 2384 5151 inde
2413 5114 2557 5151 nosse
2575 5093 2856 5166 potuimus,
2889 5097 3186 5165 dignissime
3212 5093 3483 5166 credimus.

2181 5116 2231 5151 οε
2264 5116 2384 5151 tuae
2413 5116 2557 5151 ηοεεθ
2614 5116 2856 5161 οιιιιηικε,
2889 5116 3186 5165 atgmssmtc
3212 5116 3343 5148 creat

2181 5171 2231 5225 5.
2268 5167 2398 5233 Par,
2430 5179 2535 5222 etc.
2573 5116 2875 5239 Etymotog.
2902 5169 2994 5239 lib.
3027 5183 3105 5239 ιιι,
3134 5181 3255 5235 cap.

2182 5240 2237 5293 ιί.
2274 5240 2463 5296 Addidi
2508 5235 2724 5301 constat,
2754 5235 2891 5309 quod
2941 5238 2990 5291 in
3043 5238 3229 5291 Isidori
3263 5235 3515 5305 operibus
3562 5235 3704 5291 solet

2110 5309 2320 5373 abesse,
2356 5321 2413 5379 ut
2437 5326 2580 5375 sazpe
2607 5310 2979 5363 animadverti.

2182 5382 2236 5435 5.
2268 5376 2497 5435 Sanctus
2526 5381 2790 5447 Leander,
2825 5379 3016 5435 Isidori
3053 5376 3238 5442 frater,
3266 5378 3319 5430 in
3374 5377 3593 5435 ltomilia
3633 5377 3703 5432 de

2105 5454 2459 5507 conversione
2500 5452 2635 5507 Gntlt
2664 5468 2792 5504 trum
2821 5448 2871 5504 in
2902 5450 3050 5503 Actis
3082 5448 3296 5504 concilii
3328 5448 3569 5506 Toletani
3599 5464 3654 5501 Ill
3682 5465 3695 5500 :

2113 5521 2255 5578 Unus
2304 5536 2374 5576 est
2420 5524 2555 5575 enim
2587 5520 2818 5575 Christus
2865 5520 3135 5591 Dominus,
3167 5524 3314 5591 cujus
3344 5530 3415 5575 est
3468 5538 3571 5577 una
3613 5535 3702 5585 per

2108 5603 2267 5647 totum
2315 5596 2566 5647 mundum
2614 5591 2867 5659 Ecclesia,
2912 5602 3020 5649 etc.
3071 5590 3148 5647 De
3179 5593 3331 5661 cujus
3379 5591 3701 5657 fecunditate

2110 5668 2273 5723 multa
2306 5666 2375 5719 ibi
2408 5665 2672 5719 Leander.

2179 5740 2232 5792 ϐ.
2270 5739 2456 5791 Posset
2500 5737 2601 5805 legi
2647 5751 2869 5806 unum...
2904 5734 3204 5806 baptismus.
3234 5736 3340 5792 Sed
3370 5735 3700 5806 nihilmuto.

2178 5810 2234 5864 7.
2266 5807 2441 5863 Malim
2471 5807 2579 5862 sine
2605 5805 2787 5866 alia...
2818 5804 3113 5880 conjunctio
3152 5808 3407 5865 biuarium
3436 5804 3627 5873 reddit.
