4100 6344
416 359 512 419 I8!

910 472 1073 546 κη
1108 446 1385 524 CAPUT
1426 463 1533 522 ιιι.

952 562 1029 618 De
1048 560 1246 617 binario
1274 573 1503 615 numera.

484 658 541 716 8.
568 654 817 711 Binarius
860 667 1120 710 numerus
1168 651 1336 722 prima
1374 661 1719 705 numerorum
1751 659 2005 716 procrea-

411 752 517 819 tio,
541 750 818 822 primaque
857 755 943 803 est
969 745 1135 801 forma
1157 788 1173 813 ,
1207 741 1490 814 parilitatis
1528 736 1863 809 corporatio,
1892 752 2009 794 mo-

412 854 607 913 tusque
645 840 803 911 primi
848 884 864 910 ,
888 838 1175 907 sociusque
1214 833 1599 906 praecedentis,
1628 839 1683 887 et
1720 828 1903 895 frater,
1927 837 2010 886 est

408 938 575 994 etiam
609 933 913 990 medietatis
955 943 1146 998 capax.
1180 926 1312 984 Nam
1344 927 1483 981 bona
1513 923 1758 996 malaque
1789 922 2009 993 partici-

376 1048 377 1051 η
412 1035 506 1098 pat
530 1025 757 1097 quadam
784 1021 1056 1079 discordia
1076 1061 1093 1089 ,
1117 1035 1222 1092 qua
1243 1018 1341 1076 sibi
1362 1018 1589 1074 invicem
1615 1015 2004 1081 adversantur;

411 1127 602 1188 utpote
627 1131 745 1187 que
771 1117 947 1187 prima
983 1114 1179 1186 poterit
1207 1112 1277 1169 ab
1318 1110 1627 1168 adhaerente
1651 1108 1920 1180 separari,
1950 1116 2011 1165 ut

411 1211 538 1265 bina
578 1210 669 1265 illa
710 1218 766 1265 et
807 1208 1003 1264 munda
1032 1222 1155 1278 qua:
1186 1205 1486 1277 figuraliter
1515 1206 1926 1261 introducantur
1954 1203 2011 1258 in

412 1315 628 1367 arcam,
659 1314 780 1370 quae
822 1300 1069 1370 quidem,
1102 1297 1228 1354 dum
1276 1311 1339 1354 ex
1374 1294 1642 1368 parilitate
1684 1294 2006 1361 consistant,

412 1395 472 1450 in
500 1408 561 1449 se
590 1401 768 1450 tamen
796 1392 1022 1465 mystice
1050 1391 1303 1447 videntur
1321 1402 1443 1446 esse
1471 1389 1661 1445 divisa.

483 1486 539 1541 9.
572 1486 652 1542 Ad
684 1487 786 1541 hoc
810 1499 979 1555 genus
1011 1484 1281 1553 pertinent
1325 1490 1383 1538 et
1422 1482 1499 1538 illi
1524 1482 1631 1537 duo
1652 1482 1707 1538 in
1732 1493 1892 1553 agro,
1921 1484 2013 1554 qui

411 1577 645 1633 invicem
675 1579 1073 1642 discernuntur,
1096 1575 1219 1647 quia
1238 1615 1255 1641 ,
1287 1573 1605 1631 adveniente
1630 1574 1815 1630 stecuii
1845 1574 2010 1629 tribu-

412 1671 648 1740 latione,
676 1686 740 1727 es
772 1670 904 1741 ipsis
930 1671 1147 1741 quidam
1186 1670 1459 1740 pertinent
1498 1669 1552 1723 in
1585 1668 1744 1724 fidem
1764 1710 1780 1735 ,
1814 1678 1868 1723 et
1896 1684 2015 1725 rur-

410 1776 534 1819 sum
577 1773 858 1829 vocantur,
904 1763 1120 1834 quidam
1165 1775 1299 1819 vero
1345 1760 1733 1817 tentationibus
1779 1761 2008 1827 cedunt,

974 354 1177 415 LIBER
1216 347 1653 411 NUMERORUM
1690 346 1811 419 QUI
1849 342 1920 404 IN
1959 340 2249 404 SANCTIS
2282 340 2689 402 SCRIPTURIS
2726 341 3165 401 OCCUltRUNT.

3598 344 3699 402 182

2029 458 2232 523 Adam
2280 473 2407 515 vere
2450 468 2664 516 constet
2689 473 2756 516 ex
2785 456 2989 530 tribus,
3044 462 3337 519 secundum
3368 461 3572 536 aliquid
3623 474 3705 520 ta-

2090 568 2233 635 rmen
2261 567 2400 609 unus
2426 564 2534 620 est,
2562 554 2688 625 quia
2716 561 2825 610 tres
2854 570 3017 609 unum
3047 562 3210 622 sunt;
3242 570 3407 610 unum
3440 551 3625 627 utique
3648 556 3701 611 in

2114 647 2416 713 Divinitate,
2466 656 2576 704 tres
2617 648 2671 703 in
2693 662 3045 718 personarum
3088 650 3473 715 distinctione;
3503 651 3558 706 in
3605 666 3706 707 na-

2112 746 2231 794 tura
2262 754 2448 804 unum,
2481 747 2593 795 tres
2621 738 2676 795 in
2704 738 3083 810 appellatione.

2184 828 2270 887 id.
2316 832 2443 889 iure
2471 846 2601 905 ergo
2628 832 2716 890 hic
2743 848 2999 891 numerus
3030 832 3312 892 Trinitatis
3359 834 3594 906 speciem
3627 838 3705 891 si-

2112 926 2358 1000 gniticet;
2390 927 2583 984 eodem
2618 942 2849 1000 namque
2878 944 3105 988 numero
3136 930 3189 985 in
3226 939 3338 986 toto
3367 928 3498 986 orbe
3524 944 3709 985 sacro-

2112 1026 2295 1074 sancta
2324 1019 2561 1075 Trinitas
2590 1027 2751 1092 atque
2804 1018 3063 1077 Divinitas
3115 1019 3462 1092 praedicatur,
3492 1018 3710 1076 eodem-

2113 1126 2217 1182 que
2243 1126 2469 1169 numero
2499 1114 2755 1187 trisagion
2783 1116 3015 1191 hymnus
3046 1116 3114 1172 ah
3140 1117 3345 1188 angelis
3375 1112 3427 1172 in
3457 1117 3694 1174 ctelesti-

2113 1202 2214 1259 bus
2262 1204 2492 1259 canitur.
2545 1204 2682 1261 Area
2731 1209 2891 1263 etiam
2944 1206 3133 1264 diluvii
3185 1208 3527 1265 tricamerata
3580 1225 3710 1263 con-

2113 1297 2355 1365 struitur,
2390 1312 2458 1354 ex
2492 1297 2665 1355 tribus
2696 1296 2816 1354 filiis
2845 1298 2957 1357 Noe
2986 1308 3193 1357 cuncta:
3222 1312 3411 1374 gentes
3452 1313 3567 1373 post
3619 1302 3702 1357 di-

2113 1389 2318 1444 luvium
2350 1401 2693 1463 reparantur.
2724 1386 2818 1447 ilic
2845 1391 3003 1447 etiam
3038 1409 3290 1450 numerus
3317 1391 3498 1451 decies
3569 1396 3709 1448 mul-

2115 1482 2388 1553 tiplicatus
2415 1485 2754 1541 altitudinem
2806 1498 2945 1542 arcte
2989 1487 3210 1561 mystica
3244 1480 3454 1543 ratiorie
3482 1487 3707 1544 conclu-

2119 1574 2219 1642 dit,
2272 1577 2478 1631 centies
2504 1585 2847 1647 eomputatus
2880 1575 3119 1649 ejusdem
3159 1576 3546 1649 longitudinem
3587 1580 3709 1637 effi-

2116 1669 2227 1735 cit;
2261 1669 2416 1739 cujus
2448 1670 2663 1742 quidem
2698 1672 2905 1728 numeri
2924 1663 3171 1743 exempla
3201 1676 3251 1728 in
3284 1676 3450 1731 sacris
3474 1676 3706 1744 eloquiis

2115 1764 2332 1831 ecpiosa
2363 1774 2507 1817 sunt.

411 1864 575 1924 atque
602 1856 773 1911 relicti
804 1856 855 1909 in
885 1856 1149 1925 profunda
1180 1854 1446 1909 laxantur.
1491 1852 1758 1909 Praeterea
1790 1866 2012 1910 concor-
2046 1864 2093 1928 Β
2192 1852 2280 1909 15.
2319 1852 2453 1909 Tres
2479 1868 2713 1925 namque
2744 1855 2966 1937 angelos
2998 1852 3269 1912 Abraham
3316 1853 3415 1913 θυι)
3437 1853 3715 1916 Trinitatis

408 1946 549 2003 dant
572 1957 629 2004 et
656 1948 711 2003 in
745 1948 939 2005 bonam
970 1955 1178 2017 partem
1225 1955 1485 2017 utraque,
1512 1947 1660 2017 juxta
1701 1948 1844 2017 quod
1889 1957 2016 2003 sunt

408 2041 523 2097 duo
548 2040 895 2096 Testamenta
924 2040 1059 2111 legis
1088 2049 1142 2095 et
1170 2038 1617 2109 Evangeliorum;
1659 2048 1782 2094 sunt
1814 2049 1867 2093 et
1896 2038 2018 2094 dum

414 2132 611 2188 tabula:
632 2133 853 2202 lapidem
871 2176 885 2201 ,
914 2134 1176 2203 inquibus
1197 2140 1479 2203 praecepta
1494 2132 1628 2203 legis
1648 2133 1845 2203 scripta
1868 2141 2014 2196 sunt,

411 2223 747 2294 talidemque
779 2225 917 2279 tubas
944 2233 1209 2294 argenteae
1268 2224 1404 2296 legis
1434 2231 1491 2281 ct
1528 2223 1715 2295 gratiae
1744 2233 1893 2278 erant
1915 2267 1930 2291 ,
1960 2228 2015 2278 in

410 2315 613 2385 quibus
640 2326 818 2386 patres
847 2316 915 2371 ad
944 2315 1307 2387 promovenda
1343 2325 1513 2370 castra
1550 2316 1834 2372 canebant.

489 2407 580 2463 10.
610 2407 727 2463 Duo
753 2409 913 2464 etiam
936 2408 1220 2478 Seraphim
1246 2407 1576 2474 scribuntur,
1606 2406 1696 2479 qui
1720 2417 1844 2464 ante
1866 2407 2018 2463 thro-

415 2515 548 2559 num
590 2500 872 2565 sedentes,
912 2500 1110 2570 jugiter
1140 2500 1397 2571 hymnum
1440 2499 1792 2555 decantantes
1833 2514 2015 2556 erum-

416 2600 579 2662 punt;
608 2591 730 2655 dua
768 2592 932 2648 etiam
979 2592 1137 2648 olim
1176 2606 1207 2646 a
1258 2592 1451 2649 dextra
1487 2592 1727 2661 laevaque
1754 2591 2019 2663 lampadis

419 2684 476 2742 in
520 2685 779 2742 Zacharia
809 2687 1078 2757 leguntur.
1108 2685 1245 2742 Sunt
1267 2694 1324 2742 et
1355 2686 1464 2742 duo
1494 2686 1656 2742 ubera
1698 2685 2016 2741 Testamen-

416 2787 596 2837 torum
644 2794 886 2849 sponsas,
916 2779 969 2835 id
1006 2787 1123 2847 est,
1155 2779 1412 2837 Ecclesiae
1460 2780 1515 2835 in
1566 2777 1800 2836 Canticis
1847 2780 2017 2835 cauti-

419 2889 642 2939 corum;
668 2873 738 2929 ibi
781 2874 942 2929 etiam
968 2882 1024 2929 et
1070 2872 1177 2928 duo
1223 2870 1434 2927 hinnnii
1479 2871 1693 2943 gemelli
1724 2882 2019 2941 pascuntur

418 2965 566 3023 inter
595 2965 702 3021 lilia
727 2949 861 3035 agri.

493 3057 582 3113 il.
611 3057 668 3115 in
711 3056 1033 3128 Apocalypsi
1073 3070 1288 3126 quoque
1330 3057 1440 3111 duo
1484 3063 1649 3112 testes
1692 3056 2018 3127 prophetare

412 3149 696 3220 iubentur,
727 3159 781 3205 et
807 3151 862 3205 in
884 3150 1116 3207 Ieremia
1145 3151 1253 3205 duo
1281 3150 1353 3207 tio
1382 3150 1702 3219 cogitatione
1731 3151 1904 3222 gentis
1932 3166 2017 3207 as-

2121 1946 2351 2017 imagine
2404 1946 2571 2014 vidit;
2604 1957 2712 2003 tres
2762 1946 2908 2003 Isaac
2942 1958 3133 2018 puteos
3165 1946 3378 2019 effodit;
3416 1961 3524 2007 tres
3550 1948 3717 2007 Jacob

2121 2035 2297 2107 virgas
2325 2035 2376 2091 in
2408 2051 2577 2108 aquas
2608 2039 2676 2091 oh
2726 2044 3003 2108 aspectum
3049 2054 3300 2109 pecorum
3345 2036 3531 2108 misit;
3576 2042 3715 2096 trina

2119 2130 2236 2185 dies
2267 2129 2457 2184 inuam
2489 2131 2540 2185 in
2571 2130 2735 2185 corde
2760 2131 2863 2185 ceti
2896 2132 3160 2201 gesmvit;
3194 2132 3365 2188 tribus
3392 2130 3582 2187 diebus
3619 2148 3715 2207 per

2120 2223 2494 2288 paenitentiam
2529 2222 2880 2301 Ninivitarum
2922 2223 3149 2294 populus
3182 2223 3271 2279 Del
3314 2225 3447 2279 iram
3500 2224 3715 2297 mitiga-

2119 2314 2214 2370 vit.
2251 2314 2305 2368 in
2339 2313 2631 2383 Evangelia
2662 2323 2842 2369 autem
2884 2314 3054 2370 tribus
3105 2316 3276 2372 servis
3305 2324 3576 2387 sumptum
3606 2317 3713 2372 Do-

2122 2408 2298 2462 minus
2330 2407 2584 2463 credidit.
2641 2408 2828 2463 Lazari
2880 2423 3094 2479 quoque
3142 2416 3371 2463 mortem
3420 2409 3563 2464 idem
3598 2417 3720 2477 post

2122 2500 2357 2554 triduum
2385 2498 2678 2568 superavit.
2710 2496 3020 2555 Dilectionis
3048 2494 3371 2555 fermentum
3398 2502 3707 2572 evangelica

2060 2648 2073 2665 ,
2122 2592 2319 2648 mulier
2349 2595 2402 2647 in
2432 2594 2565 2648 satis
2593 2593 2764 2649 tribus
2790 2593 3094 2649 abscondit.

2194 2680 2283 2737 ili.
2311 2682 2669 2751 TertioDaus,
2694 2680 2910 2739 utcalix
2941 2682 3492 2753 passionistransiret,
3511 2682 3708 2741 oravit.

2119 2773 2306 2830 Tertio
2333 2775 2523 2831 Petrus
2563 2774 2837 2831 Christum
2885 2778 3119 2846 negavit.
3160 2778 3346 2836 Tertio
3368 2778 3510 2843 idem
3541 2779 3716 2835 confl-

2122 2866 2286 2921 tendo
2298 2868 2513 2922 amavit.
2531 2867 2727 2923 Tribus
2750 2868 2937 2925 diebus
2956 2866 3221 2928 Dominus
3242 2881 3426 2929 noster
3444 2870 3717 2943 Redemp-

2124 2969 2210 3017 tor
2240 2958 2295 3013 in
2348 2960 2602 3029 sepulcro
2632 2958 2854 3031 quievit.
2888 2956 3075 3018 Tertio
3125 2962 3287 3036 224
3315 2976 3374 3020 se
3402 2958 3680 3035 discipulis
3700 3003 3721 3032 ,

2120 3060 2244 3104 eum
2270 3064 2299 3104 a
2329 3051 2556 3106 mortuis
2574 3052 2984 3122 resurrexisset,
3001 3048 3258 3110 OSteudlt.
3284 3048 3343 3109 in
3367 3053 3537 3111 tribus
3556 3054 3720 3111 etiam

2124 3145 2227 3198 tria
2254 3152 2381 3201 sunt
2406 3158 2528 3216 quae
2554 3145 2900 3202 commendat
2929 3144 3240 3217 Apostolus,
3282 3149 3337 3203 in
3368 3144 3564 3219 quibus
3602 3161 3724 3203 om.

416 3249 725 3299 sumuntur.
757 3241 811 3297 in
838 3241 1129 3313 Evangelia
1175 3255 1387 3311 quoque
1427 3240 1542 3295 bini
1567 3240 1636 3296 de
1673 3242 2015 3312 septuaginta
2045 3253 2092 3317 ρ
2122 3236 2206 3289 nis
2238 3237 2515 3306 prophetia
2546 3246 2780 3306 constat,
2824 3237 2980 3306 fides,
3028 3252 3151 3309 spes
3196 3245 3250 3295 et
3283 3239 3538 3296 charitas.
3584 3235 3722 3297 Tres

417 3331 697 3402 discipulis
718 3342 847 3389 ante
869 3334 1059 3391 faciem
1081 3332 1280 3387 Christi
1305 3333 1615 3399 mittuntur,
1640 3341 1697 3388 et
1713 3333 1819 3391 duo
1843 3335 2016 3402 pisces

421 3423 479 3480 in
510 3440 692 3480 eremo
723 3426 919 3495 populo
962 3424 1291 3480 dividuntur.
1330 3426 1445 3480 Duo
1487 3432 1698 3480 suntet
1739 3424 2016 3481 claritatis

420 3526 718 3586 praecepta,
750 3518 942 3588 quibus
985 3517 1069 3573 lox
1116 3525 1224 3574 tota
1269 3517 1496 3586 pendet,
1528 3526 1687 3587 atque
1716 3519 2012 3586 prophetae.

422 3608 579 3665 ilnde
609 3608 749 3665 idem
785 3625 1040 3667 numerus
1084 3610 1315 3667 societas
1357 3621 1475 3677 est,
1506 3624 1612 3680 quo
1658 3610 1868 3665 vinculo
1898 3609 2015 3664 ani-

422 3720 529 3769 mae
553 3712 967 3770 connectuntur,
997 3712 1054 3761 et
1090 3703 1236 3773 quod
1284 3703 1463 3761 minus
1503 3717 1665 3774 quam
1710 3706 1855 3758 inter
1880 3702 2018 3758 duos

419 3794 658 3855 citat-itas
687 3811 793 3855 non
826 3796 1073 3853 habetur.
1108 3795 1255 3853 idem
1298 3809 1515 3867 quoque
1558 3810 1813 3851 numerus
1856 3797 2017 3851 etiam

417 3887 637 3957 justiti»
655 3929 672 3955 ,
694 3903 801 3957 quo
820 3889 988 3958 etquis
1014 3888 1245 3958 gaudeat
1285 3886 1485 3958 pariter
1510 3887 1839 3958 ponderatis.

499 3978 583 4033 l2.
616 3978 879 4039 Praeterea
904 3980 1011 4037 duo
1040 3990 1163 4037 sunt
1190 3989 1245 4036 et
1274 3994 1394 4049 quo
1415 3979 1689 4035 hominem
1712 3980 1779 4035 ad
1809 3979 2020 4035 beatam

422 4072 591 4131 vitam
608 4074 770 4144 223
798 4074 1122 4143 perducunt,
1137 4072 1293 4141 (ideo,
1311 4074 1538 4140 scilicet,
1553 4083 1717 4143 atque
1729 4089 1896 4144 opus;
1924 4075 2018 4130 sed

423 4162 562 4219 fides
593 4174 803 4224 constat
832 4181 896 4223 ex
921 4166 1221 4231 divinitate,
1246 4180 1384 4235 Opus
1404 4177 1584 4223 autem
1611 4167 1667 4221 in
1695 4166 2021 4223 rectitudine

425 4256 583 4321 vitat;
614 4258 744 4327 quin
771 4260 933 4313 etiam
971 4270 1026 4316 et
1055 4260 1175 4315 dua
1200 4260 1322 4317 vitae
1346 4261 1500 4321 nobis
1524 4260 1576 4314 in
1611 4260 1852 4317 Ecclesia
1880 4275 2020 4330 prae-

424 4346 690 4412 dicantur,
716 4363 820 4403 una
852 4352 1163 4419 temporalis
1182 4391 1198 4417 ,
1222 4352 1277 4407 in
1301 4366 1405 4423 qua
1426 4366 1493 4407 es
1518 4352 1623 4407 fide
1642 4353 1868 4408 vivimus
1884 4391 1901 4417 ,
1917 4352 2020 4408 alia

423 4448 663 4505 aeterna,
703 4440 759 4495 in
807 4456 909 4510 qua
955 4441 1122 4501 Deum
1168 4443 1325 4513 plena
1375 4443 1617 4499 veritatis
1668 4444 2023 4515 intelligentia

425 4530 931 4600 contemplabimur.

1041 4622 1267 4679 CAPUT
1308 4623 1395 4679 iV.

927 4713 1006 4773 De
1034 4717 1262 4771 ternario
1287 4730 1524 4770 numera.

503 4805 592 4861 15.
646 4804 922 4861 Ternarius
968 4807 1214 4877 princeps
1262 4816 1348 4862 est
1401 4807 1685 4877 imperium
1734 4823 2024 4874 numerus,

430 4899 809 4969 perfectusque
850 4915 1077 4966 census;
1128 4916 1252 4959 nam
1286 4902 1387 4957 iste
1437 4900 1582 4970 prior
1629 4902 1866 4969 initium,
1916 4918 2028 4961 me-

428 4990 685 5060 diumque
732 4989 1002 5057 finemque
1052 4991 1313 5058 sortitur,
1371 4999 1427 5045 et
1476 5001 1666 5045 centro
1722 4993 2028 5049 medietatis

428 5083 864 5153 principiumque
894 5083 1163 5154 ﬁnemque
1211 5084 1405 5154 aequali
1430 5084 1551 5158 jure
1591 5087 1886 5156 componit,
1936 5088 2028 5156 qui

505 5226 555 5279 8.
591 5223 751 5277 Multa
800 5225 902 5279 huc
942 5238 1009 5278 ex
1042 5222 1325 5293 Allegoriis
1372 5220 1586 5282 lsidori.
1639 5221 1865 5292 aliisque
1910 5222 2028 5293 eius

430 5293 683 5363 operibus
733 5294 943 5348 biblicis
993 5292 1181 5348 afi‘erri
1207 5301 1460 5362 possent;
1500 5293 1594 5347 sed
1643 5293 1777 5359 nihil
1815 5303 1899 5349 est
1928 5292 2027 5349 ue-

430 5381 583 5421 cesse
613 5366 809 5432 passim
833 5366 883 5417 in
911 5364 991 5423 his
1014 5365 1314 5433 immorari,
1340 5379 1463 5419 cum
1497 5373 1709 5420 constet
1729 5380 1850 5419 eum
1884 5380 2026 5433 saepe

428 5451 524 5491 sua
557 5450 614 5489 re
622 5448 821 5491 uetere.

506 5505 595 5579 19.
628 5504 832 5579 iiclege
874 5504 1167 5572 Prommia,
1200 5504 1379 5579 n._42.

508 5577 593 5631 i3.
631 5575 889 5641 Quia’tres
919 5593 1074 5631 unum
1103 5587 1241 5632 sunt.
1272 5575 1453 5648 indis.
1487 5586 1606 5635 erat
1637 5579 1725 5648 qui
1756 5587 1881 5644 tres,
1914 5587 2019 5634 etc.

431 5648 680 5718 lnnu_itur
708 5649 1071 5704 testimonium
1105 5647 1277 5703 sancti
1329 5646 1552 5718 Joannis
1587 5646 1687 5716 Ep.
1722 5664 1762 5715 ι,
1807 5665 1930 5718 cap.
1963 5666 2018 5716 v,

432 5718 508 5790 1:
541 5714 667 5779 Tres
712 5729 847 5781 sunt,
881 5720 970 5789 qui
998 5719 1345 5781 testimonium
1373 5720 1495 5774 dant
1537 5717 1589 5773 in
1631 5714 1777 5782 cwlo.
1813 5714 2017 5790 PATER,

438 5786 687 5857 Venena,
723 5806 787 5843 ετ
817 5786 1060 5855 Seianus
1081 5805 1331 5857 sanctus,
1360 5798 1405 5853 et
1445 5790 1497 5845 hi
1543 5800 1643 5846 tres
1687 5808 1847 5846 unum
1876 5786 2015 5854 sunt,

434 5854 590 5918 Quod
612 5858 978 5918 authenticum
1001 5875 1122 5917 esse
1143 5875 1210 5919 ex
1235 5854 1337 5917 hoc
1356 5877 1565 5935 quoque
1595 5862 1714 5918 loco
1738 5860 2013 5934 probatur.

2123 3335 2251 3381 sunt
2270 3328 2563 3399 evangelici
2587 3329 2818 3395 fructus,
2835 3332 3064 3402 primus,
3084 3334 3175 3404 qui
3199 3338 3255 3389 et
3279 3340 3563 3399 centenus,
3580 3346 3720 3389 mar-

2124 3430 2332 3492 tyrum;
2379 3423 2672 3490 secundus,
2704 3426 3106 3495 sexagenarius,
3142 3427 3447 3499 virginum;
3499 3428 3714 3495 tertius,

2124 3514 2469 3584 tricenarius,
2498 3516 2929 3589 coniugatorum.

2195 3607 2283 3661 l'l.
2325 3606 2451 3661 Tria
2497 3618 2622 3663 sunt
2652 3609 2817 3665 etiam
2868 3619 2926 3665 et
2955 3622 3075 3682 quae
3119 3606 3324 3682 [Fat-te,
3371 3625 3436 3667 ea
3474 3610 3617 3684 quae]
3663 3608 3719 3667 in

2124 3702 2291 3757 Deum
2321 3714 2427 3756 non
2457 3702 2677 3767 cadunt,
2710 3718 2984 3768 mensura,
3015 3704 3170 3761 locus
3199 3713 3256 3760 et
3296 3713 3530 3775 tempus.
3578 3702 3717 3762 Tres

2124 3800 2251 3850 sunt
2274 3794 2483 3862 species
2521 3794 2737 3862 animm,
2764 3793 2879 3851 sive
2909 3804 3110 3864 motus,
3161 3796 3452 3868 cupiditas,
3485 3796 3585 3863 ira,
3629 3799 3717 3854 vel

2122 3887 2288 3941 ratio.
2321 3884 2505 3941 Sacra;
2532 3885 2664 3956 legis
2691 3885 2868 3958 lingua
2901 3886 3096 3959 triplex
3125 3898 3239 3957 eat,
3271 3886 3517 3957 Hebraea,
3556 3886 3715 3945 Grae-

2123 3990 2210 4045 ca,
2233 3987 2290 4034 et
2316 3977 2525 4033 Latina.
2556 3975 2772 4049 Triplex
2798 3986 2880 4035 est
2906 3980 3067 4036 etiam
3098 3978 3470 4052 intelligentiae
3496 3996 3716 4049 sensus,

2126 4068 2438 4135 historicus,
2470 4069 2692 4125 moralis
2714 4079 2770 4125 et
2806 4073 3084 4142 mysticus.
3119 4071 3271 4129 Unde
3300 4080 3356 4127 et
3408 4072 3715 4143 philosophi

2126 4163 2310 4219 mundi
2342 4172 2452 4219 tres
2480 4162 2761 4233 sapientiae
2790 4170 2971 4233 partes
3019 4178 3140 4221 esse
3168 4164 3419 4222 dixerunt
3460 4180 3475 4221 :
3531 4166 3716 4238 physi-

2123 4272 2263 4324 cam,
2293 4271 2412 4327 quae
2442 4257 2737 4324 naturalis;
2772 4256 3020 4328 logicam,
3053 4273 3173 4331 quae
3219 4259 3537 4326 rationalis;
3570 4257 3715 4316 ethi—

2124 4363 2264 4415 cam,
2295 4362 2416 4420 quae
2443 4349 2688 4404 moralis.

2200 4440 2290 4497 l8.
2334 4441 2460 4495 Tria
2491 4448 2619 4497 sunt
2644 4448 2703 4497 et
2746 4441 2889 4512 apud
2919 4438 3158 4498 musicos
3188 4455 3386 4514 genera
3416 4451 3670 4498 sonorum
3696 4483 3713 4509 ,

2126 4548 2251 4601 vox,
2282 4533 2441 4588 ﬂatus
2463 4542 2519 4590 et
2570 4534 2751 4603 pulsus
2776 4550 2791 4589 :
2821 4549 2924 4590 vox
2967 4534 3022 4591 in
3055 4533 3318 4603 faucibus,
3366 4534 3523 4590 flatus
3552 4534 3609 4589 in
3646 4532 3719 4588 ti-

2049 4646 2104 4709 ι)
2127 4628 2248 4694 hiis,
2282 4626 2465 4695 pulsus
2508 4639 2635 4681 vero
2665 4626 2718 4680 in
2762 4624 3005 4682 citharis.
3033 4624 3205 4683 Porro
3248 4640 3447 4698 genera
3477 4622 3719 4681 rationa-

2134 4722 2320 4777 bilium
2368 4729 2734 4776 creaturarum
2766 4719 2867 4775 tria
2914 4726 3078 4790 sunt,
3108 4719 3421 4790 angelorum
3452 4718 3505 4773 in
3554 4716 3715 4783 caelo,

2137 4813 2413 4867 hominum
2468 4811 2523 4865 in
2575 4820 2739 4876 terra,
2792 4810 3078 4879 spirituum
3130 4811 3546 4866 immundorum.
3593 4809 3721 4863 Tria

2135 4912 2259 4958 sunt
2288 4903 2429 4957 inter
2457 4902 2573 4957 hac
2600 4910 2844 4970 tempora
2882 4903 3090 4971 mundi,
3123 4910 3249 4965 ante
3275 4905 3471 4974 legem,
3495 4902 3549 4956 in
3572 4896 3717 4970 iege,

2136 4994 2238 5049 sub
2266 4995 2460 5065 gratia.
2494 4992 2630 5061 Tres
2659 5008 2873 5067 quoque
2922 5004 3105 5068 partes
3133 4994 3396 5061 habentur
3426 5002 3482 5057 et
3529 4989 3678 5046 orbis
3704 5034 3720 5057 ,

2137 5086 2287 5154 Asia,
2318 5094 2374 5143 et
2404 5086 2640 5157 Europa,
2670 5089 2755 5145 vel
2782 5089 2972 5161 Libya.
2995 5090 3190 5148 Ternis
3210 5104 3422 5161 quoque
3448 5086 3722 5142 mensibus

2133 5219 2335 5301 Yerum
2363 5220 2431 5301 de
2461 5237 2527 5277 eo
2555 5223 2986 5301 sa_tis_supct_'que
3008 5225 3352 5301 interpretes,
3380 5218 3578 5301 aliique
3617 5224 3723 5281 viri

2132 5292 2303 5357 docti,
2330 5294 2419 5364 qui
2452 5292 2812 5364 peculiaribus
2842 5292 3313 5364 dissertationibus
3339 5292 3718 5364 auctoritatem

2131 5378 2323 5418 eorum
2349 5362 2655 5425 verborum
2706 5382 2773 5422 ex
2797 5366 3183 5435 antiquissimis
3222 5362 3505 5420 (indicibus
3552 5367 3719 5423 susti-

2132 5444 2385 5501 nuerunt,
2417 5444 2476 5490 ut
2503 5435 2708 5492 Natalis
2735 5434 3061 5502 Alexander,
3102 5434 3397 5502 Calmetus,
3425 5443 3532 5490 etc.

2203 5504 2296 5563 18.
2339 5506 2617 5569 Librarius
2664 5508 2893 5564 fortasse
2933 5507 3117 5563 omisit
3155 5506 3209 5561 in
3246 5521 3369 5563 aere
3396 5517 3517 5575 post
3563 5509 3719 5575 auirio

2128 5577 2699 5659 tuumjmmitndorum.
2732 5581 2962 5659 Sanctus
2995 5576 3377 5659 Hieronymus,
3412 5580 3462 5632 in
3509 5579 3710 5659 iEphes.

2126 5665 2198 5718 νι,
2234 5648 2300 5705 12
2330 5666 2343 5703 :
2382 5648 2507 5703 Haec
2529 5650 2756 5704 omnium
2782 5650 3046 5704 doctorum
3070 5648 3249 5716 opinio
3265 5660 3362 5716 est,
3391 5649 3527 5719 quod
3553 5665 3716 5708 aer...

2124 5722 2307 5789 plenus
2332 5721 2399 5775 sit
2429 5721 2701 5776 contrariis
2733 5719 3090 5788 potestatibus.
3119 5719 3196 5775 Ita
3228 5721 3317 5775 alii
3344 5727 3559 5775 veteres
3590 5734 3720 5789 pas-

2119 5792 2244 5850 sim.
2275 5790 2675 5873 Quodhdicitur
2718 5792 2797 5847 est
2843 5789 3034 5861 Libya,
3086 5790 3386 5848 lsidoriano
3434 5803 3589 5844 more
3638 5789 3721 5844 uel

2122 5880 2218 5932 pro
2248 5877 2295 5919 et
2328 5871 2557 5932 ponitur.
