4100 6344
353 2041 366 2084 ,Ι
427 2002 583 2070 gulos
627 2002 810 2056 mundi
857 2001 958 2056 fusi
982 2011 1126 2056 sunt.
1170 2002 1483 2072 Quanquam
1529 2011 1584 2056 et
1632 2010 1860 2087 quatuor
1895 2011 2021 2054 sunt

369 2105 382 2200 l

431 299 533 362 ηδ

1475 302 1534 357 S.
1581 297 1826 354 lSlDOlil
1866 294 2308 354 HISPALENSIS
2360 294 2664 354 EPISCOPI

3595 304 3696 362 18‘

420 420 548 476 anni
580 427 821 490 tempora
849 421 1276 492 distinguuntur,
1301 427 1355 478 et
1379 434 1560 476 coram
1591 417 1762 482 tribus
1789 415 2012 474 testibus
2037 431 2090 490 Α
2118 412 2289 468 titudo
2319 421 2375 468 et
2397 412 2747 480 temperantia
2776 430 2790 478 ;
2827 413 3152 485 totidemque
3179 429 3210 471 e
3235 416 3507 472 contrario
3541 419 3693 490 vitia,

425 514 567 571 actio
593 522 784 570 cuncta
813 514 1014 571 finitur.

1067 605 1293 661 CAPUT
1336 604 1396 657 V.

887 698 964 751 De
988 697 1310 768 quaternario
1342 711 1570 751 numero.

502 791 587 846 19.
630 790 766 860 Quid
799 799 1021 861 quatuor
1051 792 1248 856 dicam,
1280 792 1330 845 in
1363 805 1469 860 quo
1499 803 1724 844 numero
1771 787 2012 844 solidita-

426 887 495 942 tis
517 894 663 942 certa
695 886 952 957 perfectio
1005 888 1131 941 est?
1160 885 1292 939 Nam
1322 898 1391 940 ex
1418 883 1748 954 longitudine
1767 925 1783 951 ,
1807 892 1860 938 et
1894 881 2013 936 lati-

429 979 634 1042 tudine.
666 989 720 1033 et
751 977 1110 1048 profunditate
1157 978 1503 1048 componitur
1535 977 1715 1043 decas,
1753 991 1870 1047 qua:
1901 977 2012 1046 ple-

427 1087 555 1126 num
583 1071 775 1136 efficit;
807 1071 993 1126 decem
1025 1071 1170 1125 enim
1195 1085 1263 1125 ex
1293 1079 1525 1140 quatuor
1553 1071 1791 1126 numeris
1817 1068 2012 1139 grada-

431 1163 525 1218 tim
575 1163 916 1233 surgentibus
942 1162 1260 1234 integratur.
1294 1162 1466 1218 Uuum
1499 1163 1662 1229 enim,
1706 1169 1760 1217 et
1803 1162 1927 1224 duo,
1960 1169 2014 1215 et

428 1258 552 1324 tria,
574 1265 628 1312 et
653 1265 877 1326 quatuor
893 1255 1084 1312 decem
1114 1257 1334 1311 faciunt.
1356 1255 1616 1312 Similiter
1638 1265 1690 1312 et
1713 1265 1925 1310 centum
1945 1270 2013 1310 ex

430 1353 594 1423 225
619 1349 818 1405 decade
843 1350 1190 1420 quaternario
1221 1350 1546 1416 cumulatus,
1577 1349 1628 1404 id
1655 1357 1760 1414 est,
1790 1349 1974 1404 decem
1998 1391 2011 1415 ,

429 1452 487 1498 et
500 1443 711 1514 viginti,
731 1450 786 1498 et
803 1443 1040 1511 triginta,
1063 1453 1112 1496 et
1129 1443 1501 1514 quadraginta,
1527 1442 1612 1512 qui
1631 1451 1754 1497 sunt
1775 1451 2010 1497 centum.

426 1536 559 1590 item
591 1550 653 1590 ac
685 1537 927 1607 quatuor;
949 1537 1157 1592 numeri
1186 1537 1332 1591 mille
1359 1536 1586 1592 reddunt
1615 1553 1628 1600 ;
1669 1535 1719 1589 id
1743 1545 1825 1590 est
1847 1550 1897 1599 c,
1925 1550 2012 1601 cc,

405 1641 544 1694 τεο,
575 1645 724 1686 cccc.
759 1629 847 1684 Sic
873 1631 1060 1685 decem
1084 1630 1274 1696 millia,
1300 1641 1600 1700 czeteraqtte
1625 1629 1814 1684 eodem
1839 1629 2014 1684 incre-

427 1734 611 1780 mento
636 1723 994 1794 complentur.

2115 507 2406 576 cupiditas,
2440 517 2634 573 metus,
2669 505 2822 562 dolor
2844 517 2898 563 et
2921 508 3194 578 gaudium.

2183 602 2274 658 24.
2317 603 2614 659 Mortalium
2655 618 2866 673 quoque
2910 618 3091 659 rerum
3117 613 3344 674 quatuor
3376 604 3496 658 vitae
3541 615 3686 673 sunt,

2114 692 2344 758 initium,
2394 703 2757 765 augmentum,
2807 703 2973 748 status
3019 703 3073 750 et
3119 694 3426 750 declinatio.
3459 696 3697 762 Quatuor

2114 785 2274 839 etiam
2302 800 2496 856 genera
2543 785 2849 840 animalium
2883 787 2938 840 in
2967 787 3167 842 mundo
3199 787 3481 855 habentur,
3517 788 3566 842 id
3591 799 3695 855 est,

2115 879 2373 944 caelestia,
2407 881 2718 950 pennigera,
2751 880 3024 950 aquatilia.
3051 882 3165 937 sive
3193 881 3486 938 terrestria.
3519 882 3614 937 lris
3637 893 3699 938 et

2114 973 2231 1043 ipse
2260 973 2498 1030 cmlestis
2526 975 2916 1044 quadricoloris
2944 975 3232 1046 splendore
3256 977 3510 1030 variatur.
3557 976 3696 1043 Qua-

2115 1075 2235 1124 tuor
2265 1083 2474 1139 quoque
2504 1069 2888 1140 quadrantibus
2938 1069 3076 1125 ratio
3124 1070 3353 1128 bissexti
3399 1069 3694 1141 colligitur.

2742 1161 2968 1217 CAPUT
3010 1161 3098 1218 Vl.

2502 1258 2663 1329 226
2695 1255 2770 1310 De
2796 1257 3030 1326 quinario
3054 1273 3287 1312 numero.

2187 1347 2283 1405 25.
2339 1348 2590 1420 Sequitur
2643 1351 2920 1418 Quinarius
2944 1366 3220 1415 numerus,
3273 1351 3386 1422 qui,
3433 1353 3548 1407 sive
3576 1367 3696 1420 cum

2117 1440 2237 1495 aliis
2290 1442 2606 1512 imparibus,
2638 1445 2754 1499 sive
2805 1459 2926 1499 cum
2958 1459 3057 1499 suo
3096 1459 3293 1515 genere
3343 1446 3596 1508 sociatur,
3645 1459 3705 1502 se

2117 1549 2335 1604 semper
2365 1536 2620 1591 ostendit.
2654 1537 2784 1592 Nam
2817 1539 3049 1608 quinque
3072 1553 3168 1608 per
3195 1539 3482 1610 quinquies
3505 1539 3706 1597 faciunt

2115 1629 2299 1699 viginti
2351 1631 2603 1700 quinque,
2654 1640 2710 1685 et
2755 1632 3039 1701 quinquies
3084 1632 3219 1686 terni
3276 1632 3600 1702 quindecim,
3652 1640 3707 1688 et

2116 1721 2399 1791 quinquies
2429 1730 2632 1791 septem
2669 1723 2880 1793 triginta
2907 1725 3174 1794 quinque;
3206 1735 3260 1780 et
3288 1724 3570 1796 quinquies
3611 1741 3706 1780 no-

498 1817 589 1872 20.
613 1816 880 1871 Numerus
907 1827 1081 1872 autem
1115 1815 1215 1871 iste
1238 1815 1530 1886 quadratus
1551 1815 2010 1886 evaugelistarum
2046 1819 2094 1880 B
2120 1826 2240 1866 vem
2288 1811 2642 1883 quadraginta
2698 1814 2952 1884 quinque.
2988 1815 3086 1870 llic
3144 1826 3401 1886 praeterea
3454 1804 3708 1875 numerus

427 1918 658 1980 quatuor
688 1909 998 1978 deputatur,
1029 1909 1119 1979 qui
1153 1910 1205 1963 in
1235 1918 1463 1978 quatuor
1490 1918 1688 1979 partes,
1724 1910 1805 1961 vel
1834 1908 1887 1962 in
1921 1923 2019 1960 an-

433 2094 955 2168 ψη
993 2110 1112 2164 quas
1160 2105 1327 2150 totum
1377 2095 1563 2150 orbem
1620 2094 2016 2150 circumﬂuunt.

427 2191 568 2242 Area
621 2203 832 2258 quoque
863 2187 974 2243 Noe
1003 2190 1280 2257 quadratis
1312 2190 1473 2260 lignis
1524 2191 1875 2244 construitur.
1907 2190 2009 2244 'l‘e-

427 2278 686 2334 Stamenti
709 2280 941 2349 deriique
977 2294 1102 2338 arca
1133 2289 1361 2350 quatuor
1391 2281 1568 2336 aureis
1598 2280 1815 2335 circulis
1859 2279 2019 2335 vehe-

425 2369 606 2424 batur.

496 2459 587 2515 2|.
632 2459 808 2516 Vestis
862 2462 1023 2517 etiam
1051 2462 1405 2519 sacerdotalis
1432 2463 1485 2518 in
1517 2463 1635 2534 lege
1664 2472 1891 2534 quatuor
1919 2479 2014 2518 co-

359 2601 364 2610 .
424 2553 653 2621 foribus,
702 2555 756 2609 id
806 2565 909 2623 est,
961 2557 1194 2627 ltyacintl
1256 2600 1272 2624 ,
1307 2557 1492 2628 bysso,
1531 2572 1716 2623 cocco,
1753 2571 2016 2628 purpura-

423 2661 529 2715 que
553 2663 800 2735 ex/auro
829 2651 1155 2706 contexitur.
1173 2572 1484 2735 ἔπιθι-οδ
1535 2662 1587 2707 et
1613 2662 1845 2722 quatuor
1875 2651 2016 2722 venti

1216 2650 1256 2704 P

361 4017 366 4046 l

367 2909 386 3092 ἱ

358 3983 365 4027 ,Ι
415 3945 538 4000 caeli
567 3945 791 4015 frontes,
821 3947 1033 4024 Oriens,
1068 3947 1832 4027 OccidehnsLseptentrigLsiv

423 2661 529 2715 que
553 2663 800 2722 ex’auro
829 2651 1155 2706 contexitur.
1173 2651 1484 2722 Lllrteterea
1535 2662 1587 2707 et
1613 2662 1845 2722 quatuor
1875 2651 2016 2722 venti

425 2741 678 2816 terrain
725 2742 1016 2799 Ezechiele
1061 2744 1321 2814 aspirant,
1371 2754 1430 2799 ut
1474 2745 1526 2800 in
1557 2746 1778 2816 figuram
1824 2746 2016 2800 futurae

424 2830 835 2891 resurre‘ctionis
881 2837 1031 2892 arida
1084 2852 1209 2892 ossa
1256 2830 1626 2986 consurgany;
1681 2840 2014 2910 totidemque

424 2927 571 2982 venti
597 2927 744 2986 cteli.
778 2929 830 2982 id
858 2939 960 2986 est;
988 2930 1245 2986 angelicae
1276 2939 1542 2986 potestate
1579 2973 1594 2986 .
1629 2932 1770 2986 apud
1821 2933 2014 2986 Danie-

422 2927 571 3002 veAnti
597 2927 744 2995 cteli,
778 2929 830 2982 id
858 2939 960 2998 est,
988 2930 1245 3000 angelicae
1276 2927 1594 3001 potestates,
1629 2932 1770 3002 apud
1821 2933 2016 2988 Danie-

1557 3007 1572 3014 η.

390 2999 891 3091 "manus,
944 3008 1157 3076 irruunt
1208 3022 1262 3078 in
1294 3036 1442 3076 mare
1473 3007 1630 3090 hujus
1671 3021 1851 3076 saeculi
1902 3037 2016 3076 ma-

424 3036 533 3074 rem
606 3036 891 3091 ugnantes,
944 3036 1157 3076 rrruunt
1208 3038 1262 3078 in
1294 3036 1442 3076 mare
1473 3036 1630 3090 nutus
1671 3036 1851 3076 secuti
1902 3037 2014 3076 ma-

418 3036 778 3202 gnumﬁldem
807 3126 1022 3183 quoque
1044 3111 1231 3168 Daniel
1262 3122 1492 3181 quatuor
1517 3127 1682 3183 regna
1706 3113 1890 3169 mundi
1913 3115 2014 3170 sub

413 3203 646 3260 diversis
676 3207 860 3275 figuris
886 3208 1127 3276 exponit.

486 3297 578 3353 22.
611 3299 870 3356 Similiter
895 3300 1187 3354 Zacharias
1215 3308 1447 3371 quatuor
1475 3315 1676 3358 cornua
1726 3316 2010 3374 regnorum

417 3392 748 3460 totidemque
825 3392 1002 3447 fabros
1055 3391 1315 3448 describit
1347 3433 1362 3460 ,
1415 3402 1470 3450 et
1518 3402 1747 3465 quatuor
1797 3397 2014 3466 quadri-

416 3501 509 3555 gas
561 3485 882 3554 Evangelii,
953 3485 1145 3542 missas
1204 3487 1258 3542 in
1313 3495 1542 3563 ΜΡ
1571 3487 1846 3563 ρει-ἀει)θὲ
1907 3505 2008 3547 cce-

415 3577 469 3631 ti.
524 3577 655 3632 ltem
708 3578 847 3645 apud
891 3577 1150 3633 Joannem
1200 3590 1434 3650 quatuor
1509 3580 1760 3636 animalia
1828 3583 2010 3638 vultus

415 3668 515 3724 sibi
546 3667 844 3723 differentis
872 3669 1272 3738 describuntur,
1307 3671 1396 3741 qui
1427 3671 1480 3727 in
1516 3675 1663 3729 senis
1693 3673 1793 3728 alis
1824 3689 2009 3730 nume-

417 3775 537 3815 rum
565 3760 752 3831 viginti
784 3771 1012 3833 quatuor
1043 3765 1321 3820 seniorum
1353 3764 1614 3821 efficiunt.
1660 3765 1716 3820 ln
1748 3768 2008 3822 creaturis

416 3863 598 3911 autem
630 3870 811 3910 rerum
864 3865 1094 3925 quatuor
1148 3866 1277 3912 sunt
1322 3867 1480 3914 terra:
1531 3870 1730 3928 partes,
1781 3873 2010 3930 quatuor

1921 3955 2008 4010 le-

365 4039 379 4108 ίικ
411 4039 601 4112 ridies.

439 4113 530 4122 N—A—
543 4119 591 4125 “—

383 4137 388 4150 ‘
486 4131 578 4186 25.
621 4133 861 4199 Quatuor
890 4135 1054 4190 etiam
1103 4136 1286 4191 mundi
1318 4137 1614 4206 elementi
1616 4137 1905 4206 habentur,
1941 4153 2008 4195 ex

1295 4200 1614 4219 *μ’

417 4225 613 4295 quibus
664 4228 916 4283 universa
971 4229 1294 4296 subsistunt,
1345 4230 1508 4302 ignis,
1578 4245 1691 4297 aer,
1749 4247 1905 4302 aqua,
1956 4242 2010 4288 et

421 4327 588 4374 terra.
620 4321 808 4375 Annus
839 4336 1053 4391 quoque
1100 4331 1330 4392 quatuor
1362 4323 1692 4413 temporibus
1733 4324 1965 4380 volvitur
1988 4366 2004 4393 ,

421 4412 648 4478 aestatis,
681 4415 945 4480 autumni,
979 4415 1170 4470 hiemis
1202 4423 1362 4485 atque
1393 4412 1561 4471 iris.
1614 4416 1730 4486 Ipsa
1777 4417 2007 4488 denique

419 4502 652 4558 hominis
681 4514 872 4559 natura
896 4521 963 4561 ex
983 4517 1214 4575 quatuor
1236 4516 1320 4562 est
1340 4510 1653 4577 elementi;
1648 4521 1922 4577 concreta,
1941 4526 2007 4566 ex

1311 4573 1653 4595 ..ι’-’⁵

2127 1907 2228 1975 legi
2253 1916 2334 1961 est
2365 1907 2690 1972 attributus;
2728 1908 2810 1962 lex
2851 1908 2994 1963 enim
3025 1909 3262 1980 quinque
3286 1909 3439 1964 libris
3471 1911 3708 1981 comple-

2123 2002 2283 2056 ctitur
2328 1999 2512 2072 [Forte
2539 2001 3060 2074 comprehenditur].
3089 2002 3239 2058 Unde
3274 2003 3435 2058 etiam
3481 2015 3533 2057 et
3561 2006 3706 2074 Apo-

2121 2095 2318 2148 stolum
2355 2095 2405 2146 in
2437 2093 2672 2150 Ecclesia
2703 2094 2937 2163 quinque
2977 2094 3139 2150 verba
3182 2095 3325 2164 loqui
3353 2096 3604 2153 delectat.

2191 2185 2284 2242 26.
2326 2184 2434 2241 Sed
2489 2195 2542 2240 et
2592 2186 2824 2257 quinque
2875 2188 3070 2243 cubitis
3127 2189 3296 2244 altare
3348 2190 3398 2244 iu
3453 2191 3569 2262 lege
3603 2207 3703 2261 per

2125 2278 2391 2347 quadrum
2448 2281 2818 2344 construitur;
2873 2276 3206 2350 totidemque
3257 2282 3416 2337 urbes
3464 2283 3516 2337 in
3574 2283 3706 2341 Isaia

2127 2369 2432 2426 Chananma
2456 2371 2632 2440 lingua
2666 2372 2975 2442 loquuntur.
3020 2371 3158 2427 Sunt
3201 2382 3253 2428 et
3279 2375 3514 2444 quinque
3545 2376 3706 2445 virgi~

2122 2483 2218 2524 nes
2247 2468 2538 2538 prudentes
2571 2469 2622 2522 in
2677 2467 2988 2537 Evangelio,
3040 2477 3166 2524 sunt
3205 2477 3260 2524 et
3306 2469 3425 2524 alia:
3471 2471 3708 2541 quinque

2121 2560 2301 2616 fatuae.
2363 2559 2534 2615 Panes
2574 2575 2786 2630 quoque
2830 2560 2986 2615 divisi
3036 2560 3234 2630 populo
3263 2562 3514 2631 quinque.
3561 2562 3706 2618 Mnas

2122 2663 2382 2725 praeterea
2432 2655 2669 2724 quinque
2718 2662 2772 2706 et
2803 2654 3000 2707 talenta
3050 2653 3304 2723 quinque.
3337 2654 3467 2708 item
3515 2669 3705 2710 secun-

2119 2748 2246 2803 dum
2298 2748 2484 2804 mundi
2538 2745 2904 2817 philosophos
2939 2761 3088 2801 zonas
3121 2756 3276 2800 terra:
3327 2747 3600 2816 quinque,
3651 2755 3706 2803 et

2117 2839 2258 2908 apud
2289 2839 2514 2894 Latinos
2545 2837 2758 2892 vocales
2791 2837 2986 2894 littera:
3019 2838 3276 2909 quinque.

2189 2933 2282 2987 27.
2326 2933 2530 2989 Sensus
2561 2949 2775 3004 quoque
2812 2933 3056 3000 corporis
3087 2933 3345 3003 quinque,
3411 2935 3578 2999 visus,
3609 2951 3703 2989 au-

2118 3033 2284 3099 ditus,
2314 3032 2590 3098 odoratus,
2624 3040 2808 3102 gustus
2842 3040 2895 3084 et
2926 3037 3134 3094 tactus;
3185 3029 3513 3099 totidemque
3557 3029 3704 3083 habi-

2119 3133 2352 3180 tatorum
2389 3124 2571 3178 mundi
2601 3137 2820 3194 genera,
2855 3123 2906 3177 id
2937 3129 3040 3188 est,
3092 3120 3162 3176 ho
3186 3122 3355 3187 rines,
3399 3121 3702 3191 quadrupe-

2038 3200 2086 3264 C
2118 3219 2237 3284 des,
2268 3219 2349 3273 vel
2381 3226 2672 3288 reptantes,
2705 3224 2972 3282 natantes,
3005 3216 3118 3271 sive
3139 3216 3399 3270 volantes.
3434 3214 3701 3273 Praeterea

2119 3321 2172 3367 et
2199 3310 2565 3381 quinquennio
2599 3309 2824 3364 lustrum
2857 3307 3074 3374 finitur,
3106 3306 3365 3378 olympias
3395 3306 3700 3376 quinquen-

2117 3402 2208 3458 nio
2238 3402 2581 3458 terminatur.

2710 3491 2936 3550 CAPUT
2977 3491 3086 3547 Vl].

2617 3587 2696 3643 De
2722 3589 2925 3643 senario
2973 3602 3201 3643 numero.

2186 3683 2274 3739 28.
2332 3683 2578 3738 Senarius
2617 3696 2874 3737 numerus
2931 3681 3137 3750 primus
3195 3686 3248 3735 et
3287 3679 3593 3750 perfectus,
3645 3693 3701 3738 et

2117 3775 2361 3847 partibus
2389 3776 2504 3831 suis
2534 3774 2738 3844 primus
2772 3773 3042 3843 impletur.
3067 3772 3197 3826 Nam
3230 3781 3438 3827 sextam
3461 3772 3539 3827 sui
3564 3774 3701 3828 intra

2113 3869 2379 3935 continet,
2413 3867 2555 3939 quod
2593 3882 2758 3932 unus;
2793 3867 3004 3922 tertiam
3027 3907 3041 3931 ,
3097 3867 3254 3937 227
3283 3866 3423 3936 quod
3467 3867 3602 3931 duo;
3646 3873 3701 3922 et

2114 3960 2422 4026 dimidium,
2469 3959 2612 4031 quod
2658 3968 2801 4026 tres;
2835 3958 2950 4013 haec
2993 3958 3136 4014 enim
3190 3973 3396 4012 summa
3429 3959 3482 4012 in
3535 3972 3700 4015 unum

2114 4053 2296 4120 ducta,
2343 4053 2395 4108 id
2435 4062 2539 4122 est,
2589 4067 2776 4120 unum,
2809 4061 2864 4108 et
2913 4051 3040 4120 duo,
3078 4062 3132 4106 et
3179 4053 3279 4106 tria
3327 4065 3421 4106 sex
3469 4051 3695 4105 faciunt.

2111 4144 2297 4201 Nullus
2319 4155 2495 4201 autem
2523 4154 2647 4201 ante
2677 4144 2949 4200 senarium
2979 4144 3248 4198 invenitur
3280 4144 3368 4213 qui
3394 4144 3507 4198 suis
3534 4143 3698 4212 parti-

2113 4239 2233 4304 hus,
2276 4237 2400 4291 dum
2430 4237 2707 4306 dividitur,
2733 4236 3042 4306 impleatur,
3069 4236 3221 4304 cujus
3253 4233 3511 4304 perfectio
3537 4234 3697 4290 etiam

2111 4333 2228 4401 ipso
2257 4346 2421 4401 opere
2451 4331 2636 4385 mundi
2660 4330 2933 4385 clarescit.

2180 4423 2270 4479 29.
2303 4421 2406 4477 Sex
2429 4422 2570 4478 enim
2588 4421 2775 4476 diebus
2797 4420 3015 4490 perfecit
3034 4420 3173 4474 Deus
3194 4435 3355 4489 opera
3381 4435 3495 4476 sua.
3526 4422 3702 4476 Primo

2114 4515 2203 4569 die
2253 4512 2491 4568 condidit
2538 4511 2746 4575 lucem,
2789 4510 3023 4566 secundo
3065 4510 3492 4577 firmamentum,
3539 4512 3696 4565 tertio

419 4597 596 4652 calido
622 4607 676 4653 et
723 4598 932 4668 frigido,
962 4598 1182 4655 humido
1211 4611 1372 4671 atque
1419 4603 1581 4659 sicco.
1608 4601 1847 4658 Virtutes
1869 4619 2004 4672 quo-
2033 4584 2086 4647 D
2113 4607 2346 4676 speciem
2391 4605 2554 4658 maris
2585 4613 2638 4658 et
2667 4612 2820 4657 terra:
2841 4647 2856 4671 ,
2880 4613 3068 4671 quarto
3091 4603 3264 4658 sidera
3286 4644 3300 4668 ,
3322 4605 3505 4672 quinto
3525 4612 3577 4657 et
3595 4603 3702 4672 pis-

420 4705 525 4756 que
538 4692 702 4747 animi
726 4693 1301 4772 quatuoriscribuntur,
1319 4695 1552 4764 justitia,
1570 4684 1875 4764 ρῑῖἱῗῖᾗῖἷίἶ,
1901 4697 2009 4752 for-

494 4877 680 4949 19.7ln
731 4877 830 4932 Ms.
881 4877 1054 4949 magis
1081 4877 1365 4934 videbatur
1409 4878 1635 4945 plenam,
1688 4895 1849 4947 quam
1897 4881 2007 4949 ple-

419 4967 564 5004 num.
607 4948 863 5004 Fortasse
892 4948 1125 5006 lsidorus
1149 4951 1366 5016 scripsit
1393 4950 1600 5016 plenam
1623 4948 2002 5019 perfectionem,

416 5031 473 5077 et
527 5021 686 5087 paulo
733 5029 858 5074 ante
903 5021 1258 5090 profunditate
1303 5029 1350 5074 et
1399 5021 1731 5075 sublimitate.
1789 5021 2003 5075 Denarii

417 5092 803 5161 perfectionem
853 5092 1158 5161 saepissime
1214 5100 1434 5146 sanctus
1480 5092 1809 5160 Augustinus
1858 5107 2006 5146 corn-

419 5163 659 5230 mendat,
690 5177 850 5233 quem
884 5164 937 5217 in
979 5162 1080 5217 hac
1122 5178 1473 5217 numerorum
1527 5162 1754 5232 mystica
1785 5164 2005 5232 exposi-

416 5233 565 5289 tione
594 5234 830 5288 lsidorus
861 5234 1091 5288 libenter
1117 5233 1382 5303 sequitur.

487 5304 578 5357 22.
620 5303 676 5357 ln
706 5305 806 5359 Ms.
837 5314 951 5358 erat
969 5304 1288 5371 diﬁ'erentt'a’.
1337 5305 1589 5359 Fortasse
1611 5303 1844 5359 lsidorus
1865 5308 2004 5359 scri-

420 5375 526 5456 psit
552 5375 694 5427 vultu
725 5375 820 5428 sibi
849 5375 1160 5442 differentia.
1209 5376 1285 5430 De
1316 5391 1373 5430 re
1397 5376 1511 5444 ipsa
1549 5375 1669 5430 vide
1701 5376 2004 5447 Apocalyp-

415 5461 518 5506 sm,
551 5459 669 5503 cap.
704 5461 774 5497 Iv.

485 5515 576 5568 24.
622 5515 894 5581 Fortasse,
920 5517 1270 5586 quadricolori
1300 5519 1589 5585 splendore.
1628 5517 1753 5580 Irin,
1787 5520 1899 5572 sive
1925 5535 2003 5572 ar-

415 5601 536 5639 cum
570 5587 844 5642 caelestem
873 5592 1115 5644 colorum
1143 5588 1399 5643 familiam
1425 5605 1637 5643 omnem
1669 5603 1877 5655 parere,
1924 5593 2003 5643 ni-

410 5671 511 5726 gro
536 5657 764 5725 alboque
792 5660 1060 5714 coloribus
1112 5660 1373 5724 exceptis,
1409 5660 1624 5714 tradunt
1659 5661 1690 5712 ii
1732 5662 1820 5729 qui
1855 5663 2000 5730 phae-

415 5730 633 5800 nomeui
671 5730 828 5798 hujus
860 5742 1103 5785 naturam
1137 5743 1385 5786 accurate
1426 5743 1846 5797 expresserunt;
1895 5749 1994 5800 qua

413 5798 483 5851 de
509 5813 587 5866 re,
621 5811 814 5870 praeter
845 5801 1092 5870 physices
1112 5811 1166 5857 et
1188 5802 1390 5871 optices
1410 5805 1726 5873 scriptores,
1756 5798 1998 5859 nonnulli

2115 4713 2240 4764 ces,
2267 4707 2321 4752 et
2351 4697 2617 4760 volatilia,
2650 4703 2810 4749 sexto
2841 4693 3112 4749 hominem
3133 4735 3146 4758 ,
3186 4703 3347 4763 atque
3385 4695 3699 4750 animantia.

2115 4880 2409 4948 peculiares
2440 4887 2696 4933 tractatus
2721 4886 2954 4934 exstant.
2991 4878 3225 4933 lsidorus
3256 4878 3486 4931 fortasse
3529 4879 3704 4934 innuit

2115 4961 2342 5019 quatuor
2373 4965 2492 5005 esse
2536 4951 2833 5019 praecipuos
2861 4951 3096 5016 colores,
3129 4950 3215 5017 qui
3249 4951 3300 5003 in
3350 4949 3486 5002 iride
3527 4965 3704 5018 appa-

2111 5032 2248 5080 rent.
2284 5022 2372 5090 qui
2404 5033 2578 5075 tamen
2607 5023 2745 5073 inter
2775 5035 2833 5073 se
2867 5023 3159 5074 varientur.

2184 5092 2276 5145 25.
2321 5093 2390 5144 De
2422 5093 2668 5160 quinario
2700 5107 2923 5144 numero
2950 5100 3166 5145 sanctus
3193 5091 3520 5159 Augustinus
3544 5106 3704 5144 enar-

2113 5172 2214 5215 rat.
2249 5165 2299 5215 in
2333 5164 2525 5231 psalm.
2571 5164 2769 5224 ch'vu,
2802 5179 2854 5214 η.
2888 5163 2977 5227 10,
3010 5171 3063 5214 et
3108 5162 3252 5215 alibi.
3287 5162 3437 5225 Quod
3473 5163 3702 5229 Aposto-

2114 5233 2222 5288 lum
2251 5236 2299 5286 in
2327 5234 2557 5288 ecclesia
2587 5234 2822 5302 quinque
2853 5234 3014 5287 verba
3051 5231 3200 5300 loqui
3229 5231 3478 5296 delectet,
3516 5233 3701 5287 nescio

2118 5320 2249 5359 sane
2281 5321 2386 5370 quo
2420 5305 2702 5372 pertineat.

2189 5377 2276 5428 28.
2325 5371 2458 5428 Infra
2508 5377 2690 5436 etiam,
2723 5388 2868 5426 uttm.
2900 5371 2971 5425 48
3017 5388 3030 5426 :
3068 5373 3374 5426 Uctonarius
3421 5375 3616 5440 primus
3656 5381 3706 5427 et

2113 5449 2369 5513 perfectus
2394 5456 2485 5500 est.
2521 5447 2631 5498 Non
2661 5446 2797 5496 male
2831 5445 2931 5496 hoc
2963 5445 3082 5496 loco
3109 5454 3290 5497 esset:
3327 5445 3576 5497 Senarius
3608 5461 3708 5496 nu-

2113 5535 2279 5570 merus
2322 5518 2515 5585 primus
2545 5527 2618 5570 est
2645 5517 2921 5582 perfectus.
2954 5514 3242 5568 Prmstaret
3272 5514 3432 5568 etiam
3479 5516 3658 5582 legere
3689 5531 3702 5568 :

2114 5587 2248 5641 Nam
2276 5598 2469 5641 sextam
2495 5590 2573 5640 sui
2601 5595 2794 5656 partem
2825 5586 2962 5647 intra
2985 5602 3036 5637 se
3064 5587 3308 5638 continet.

2179 5660 2266 5710 29.
2304 5659 2377 5710 De
2407 5673 2498 5711 sex
2549 5654 2793 5713 aetatibus
2837 5657 3017 5715 mundi
3044 5656 3169 5709 alibi
3203 5657 3363 5710 etiam
3401 5655 3631 5710 lsidorus
3654 5654 3708 5710 in

2111 5729 2484 5798 Etyrnologiis,
2511 5730 2562 5781 in
2593 5730 2853 5783 Chronico
2875 5772 2890 5794 ,
2918 5739 3023 5782 etc.
3058 5727 3162 5781 Sed
3193 5726 3276 5780 hic
3299 5729 3446 5782 locus
3479 5725 3712 5784 fortasse

2103 5801 2310 5871 integer
2331 5815 2436 5856 non
2467 5809 2550 5855 est
2585 5840 2600 5867 ,
2631 5801 2760 5865 satis
2789 5813 2968 5858 tamen
2989 5799 3320 5870 intelligitur.
