  <div class='ocr_page' id='page_1' title='image "/cluster/home/n/w/nwhite01/storage/ocr_20150623/83/hvd.32044015469448/101.png"; bbox 0 0 4100 6344; ppageno 0'>
   <div class='ocr_carea' id='block_1_1' title="bbox 234 4766 325 4823">
    <p class='ocr_par' dir='ltr' id='par_1_1' title="bbox 234 4766 325 4823">
     <span class='ocr_line' id='line_1_1' title="bbox 234 4766 325 4823; baseline 0 -23"><span class='ocrx_word' id='word_1_1' title='bbox 234 4766 325 4823; x_wconf 57' lang='grc' dir='ltr'><strong>κγ’</strong></span> 
     </span>
    </p>
   </div>
   <div class='ocr_carea' id='block_1_2' title="bbox 288 4826 299 4863">
    <p class='ocr_par' dir='ltr' id='par_1_2' title="bbox 288 4826 299 4863">
     <span class='ocr_line' id='line_1_2' title="bbox 288 4826 299 4863; baseline 0 0"><span class='ocrx_word' id='word_1_2' title='bbox 288 4826 299 4863; x_wconf 74' lang='lat' dir='ltr'><strong>i</strong></span> 
     </span>
    </p>
   </div>
   <div class='ocr_carea' id='block_1_3' title="bbox 394 2050 412 2151">
    <p class='ocr_par' dir='ltr' id='par_1_3' title="bbox 394 2050 412 2151">
     <span class='ocr_line' id='line_1_3' title="bbox 394 2050 412 2151; baseline 0 -6"><span class='ocrx_word' id='word_1_3' title='bbox 394 2050 412 2139; x_wconf 58' lang='grc' dir='ltr'><strong>ἓ</strong></span> 
     </span>
    </p>
   </div>
   <div class='ocr_carea' id='block_1_4' title="bbox 463 2271 845 2347">
    <p class='ocr_par' dir='ltr' id='par_1_4' title="bbox 463 2271 845 2347">
     <span class='ocr_line' id='line_1_4' title="bbox 463 2271 845 2347; baseline 0.008 -23"><span class='ocrx_word' id='word_1_4' title='bbox 463 2271 477 2281; x_wconf 80' lang='grc'><em>’</em></span> <span class='ocrx_word' id='word_1_5' title='bbox 519 2272 779 2347; x_wconf 72' lang='lat' dir='ltr'><strong>prOphela</strong></span> <span class='ocrx_word' id='word_1_6' title='bbox 834 2292 845 2327; x_wconf 86' lang='lat'><strong>:</strong></span> 
     </span>
    </p>
   </div>
   <div class='ocr_carea' id='block_1_5' title="bbox 550 302 651 359">
    <p class='ocr_par' dir='ltr' id='par_1_5' title="bbox 550 302 651 359">
     <span class='ocr_line' id='line_1_5' title="bbox 550 302 651 359; baseline 0 0"><span class='ocrx_word' id='word_1_7' title='bbox 550 302 651 359; x_wconf 73' lang='grc'><strong>187</strong></span> 
     </span>
    </p>
   </div>
   <div class='ocr_carea' id='block_1_6' title="bbox 1594 297 2758 363">
    <p class='ocr_par' dir='ltr' id='par_1_6' title="bbox 1594 297 2758 363">
     <span class='ocr_line' id='line_1_6' title="bbox 1594 297 2758 363; baseline 0.003 -6"><span class='ocrx_word' id='word_1_8' title='bbox 1594 300 1651 357; x_wconf 82' lang='grc'><strong>8.</strong></span> <span class='ocrx_word' id='word_1_9' title='bbox 1694 297 1939 358; x_wconf 82' lang='lat' dir='ltr'><strong>ISIDORI</strong></span> <span class='ocrx_word' id='word_1_10' title='bbox 1980 298 2417 360; x_wconf 80' lang='lat' dir='ltr'><strong>HISPALENSIS</strong></span> <span class='ocrx_word' id='word_1_11' title='bbox 2454 300 2758 363; x_wconf 76' lang='lat' dir='ltr'><strong>EPISCOPI</strong></span> 
     </span>
    </p>
   </div>
   <div class='ocr_carea' id='block_1_7' title="bbox 542 417 3838 509">
    <p class='ocr_par' dir='ltr' id='par_1_7' title="bbox 542 417 3838 509">
     <span class='ocr_line' id='line_1_7' title="bbox 542 417 3838 509; baseline 0.006 -31"><span class='ocrx_word' id='word_1_12' title='bbox 542 436 662 478; x_wconf 87' lang='lat' dir='ltr'><strong>cum</strong></span> <span class='ocrx_word' id='word_1_13' title='bbox 690 429 895 492; x_wconf 88' lang='lat' dir='ltr'><strong>septem</strong></span> <span class='ocrx_word' id='word_1_14' title='bbox 925 418 1201 486; x_wconf 86' lang='lat' dir='ltr'><strong>discipulis</strong></span> <span class='ocrx_word' id='word_1_15' title='bbox 1228 418 1542 475; x_wconf 82' lang='lat' dir='ltr'><strong>convivasse</strong></span> <span class='ocrx_word' id='word_1_16' title='bbox 1569 418 1910 474; x_wconf 75' lang='lat' dir='ltr'><strong>describitur.</strong></span> <span class='ocrx_word' id='word_1_17' title='bbox 1942 420 2126 475; x_wconf 86' lang='lat' dir='ltr'><strong>Tertio</strong></span> <span class='ocrx_word' id='word_1_18' title='bbox 2154 420 2205 482; x_wconf 81' lang='grc' dir='ltr'><strong>Α</strong></span> <span class='ocrx_word' id='word_1_19' title='bbox 2230 417 2327 484; x_wconf 87' lang='lat' dir='ltr'><strong>vit,</strong></span> <span class='ocrx_word' id='word_1_20' title='bbox 2343 425 2396 474; x_wconf 91' lang='lat' dir='ltr'><strong>et</strong></span> <span class='ocrx_word' id='word_1_21' title='bbox 2411 427 2618 489; x_wconf 85' lang='lat' dir='ltr'><strong>septem</strong></span> <span class='ocrx_word' id='word_1_22' title='bbox 2635 418 2811 492; x_wconf 77' lang='lat' dir='ltr'><strong>angeli</strong></span> <span class='ocrx_word' id='word_1_23' title='bbox 2834 420 2990 499; x_wconf 70' lang='lat'><strong>231</strong></span> <span class='ocrx_word' id='word_1_24' title='bbox 3025 425 3170 483; x_wconf 87' lang='lat' dir='ltr'><strong>tubis</strong></span> <span class='ocrx_word' id='word_1_25' title='bbox 3189 440 3412 503; x_wconf 84' lang='lat' dir='ltr'><strong>canunt,</strong></span> <span class='ocrx_word' id='word_1_26' title='bbox 3428 440 3483 490; x_wconf 90' lang='lat' dir='ltr'><strong>et</strong></span> <span class='ocrx_word' id='word_1_27' title='bbox 3513 446 3723 509; x_wconf 88' lang='lat' dir='ltr'><strong>septem</strong></span> <span class='ocrx_word' id='word_1_28' title='bbox 3748 457 3838 499; x_wconf 86' lang='lat' dir='ltr'><strong>ac-</strong></span> 
     </span>
    </p>
   </div>
   <div class='ocr_carea' id='block_1_8' title="bbox 543 512 2133 586">
    <p class='ocr_par' dir='ltr' id='par_1_8' title="bbox 543 512 2133 586">
     <span class='ocr_line' id='line_1_8' title="bbox 543 512 2133 586; baseline -0.001 -16"><span class='ocrx_word' id='word_1_29' title='bbox 543 515 702 586; x_wconf 85' lang='lat' dir='ltr'><strong>igitur</strong></span> <span class='ocrx_word' id='word_1_30' title='bbox 747 528 947 583; x_wconf 89' lang='lat' dir='ltr'><strong>genere</strong></span> <span class='ocrx_word' id='word_1_31' title='bbox 990 512 1297 583; x_wconf 80' lang='lat' dir='ltr'><strong>septenario</strong></span> <span class='ocrx_word' id='word_1_32' title='bbox 1347 526 1571 567; x_wconf 90' lang='lat' dir='ltr'><strong>numero</strong></span> <span class='ocrx_word' id='word_1_33' title='bbox 1626 521 1827 568; x_wconf 75' lang='lat' dir='ltr'><strong>sancta:</strong></span> <span class='ocrx_word' id='word_1_34' title='bbox 1878 513 2133 569; x_wconf 73' lang='lat' dir='ltr'><strong>Ecclesiae</strong></span> 
     </span>
    </p>
   </div>
   <div class='ocr_carea' id='block_1_9' title="bbox 543 601 2133 676">
    <p class='ocr_par' dir='ltr' id='par_1_9' title="bbox 543 601 2133 676">
     <span class='ocr_line' id='line_1_9' title="bbox 543 601 2133 676; baseline 0.002 -17"><span class='ocrx_word' id='word_1_35' title='bbox 543 603 864 660; x_wconf 75' lang='lat' dir='ltr'><strong>universitas</strong></span> <span class='ocrx_word' id='word_1_36' title='bbox 922 603 1199 673; x_wconf 80' lang='lat' dir='ltr'><strong>ﬁguratur,</strong></span> <span class='ocrx_word' id='word_1_37' title='bbox 1244 601 1370 657; x_wconf 91' lang='lat' dir='ltr'><strong>dum</strong></span> <span class='ocrx_word' id='word_1_38' title='bbox 1425 618 1519 671; x_wconf 89' lang='lat' dir='ltr'><strong>per</strong></span> <span class='ocrx_word' id='word_1_39' title='bbox 1568 603 1803 674; x_wconf 85' lang='lat' dir='ltr'><strong>speciem</strong></span> <span class='ocrx_word' id='word_1_40' title='bbox 1849 604 1917 659; x_wconf 91' lang='lat' dir='ltr'><strong>ad</strong></span> <span class='ocrx_word' id='word_1_41' title='bbox 1967 621 2133 676; x_wconf 89' lang='lat' dir='ltr'><strong>genus</strong></span> 
     </span>
    </p>
   </div>
   <div class='ocr_carea' id='block_1_10' title="bbox 542 699 820 773">
    <p class='ocr_par' dir='ltr' id='par_1_10' title="bbox 542 699 820 773">
     <span class='ocr_line' id='line_1_10' title="bbox 542 699 820 773; baseline 0 -22"><span class='ocrx_word' id='word_1_42' title='bbox 542 699 820 773; x_wconf 80' lang='lat' dir='ltr'><strong>transitur.</strong></span> 
     </span>
    </p>
   </div>
   <div class='ocr_carea' id='block_1_11' title="bbox 611 790 2132 867">
    <p class='ocr_par' dir='ltr' id='par_1_11' title="bbox 611 790 2132 867">
     <span class='ocr_line' id='line_1_11' title="bbox 611 790 2132 867; baseline 0.005 -24"><span class='ocrx_word' id='word_1_43' title='bbox 611 790 702 845; x_wconf 79' lang='grc'><strong>58.</strong></span> <span class='ocrx_word' id='word_1_44' title='bbox 736 791 889 849; x_wconf 80' lang='lat' dir='ltr'><strong>[inde</strong></span> <span class='ocrx_word' id='word_1_45' title='bbox 915 798 973 847; x_wconf 88' lang='lat' dir='ltr'><strong>et</strong></span> <span class='ocrx_word' id='word_1_46' title='bbox 998 790 1233 846; x_wconf 79' lang='lat' dir='ltr'><strong>Joannes</strong></span> <span class='ocrx_word' id='word_1_47' title='bbox 1261 790 1315 845; x_wconf 90' lang='lat' dir='ltr'><strong>In</strong></span> <span class='ocrx_word' id='word_1_48' title='bbox 1345 791 1665 867; x_wconf 81' lang='lat' dir='ltr'><strong>Apocalypsi</strong></span> <span class='ocrx_word' id='word_1_49' title='bbox 1696 802 1902 866; x_wconf 91' lang='lat' dir='ltr'><strong>septem</strong></span> <span class='ocrx_word' id='word_1_50' title='bbox 1946 794 2132 851; x_wconf 86' lang='lat' dir='ltr'><strong>scribit</strong></span> 
     </span>
    </p>
   </div>
   <div class='ocr_carea' id='block_1_12' title="bbox 539 870 2130 955">
    <p class='ocr_par' dir='ltr' id='par_1_12' title="bbox 539 870 2130 955">
     <span class='ocr_line' id='line_1_12' title="bbox 539 870 2130 955; baseline 0.002 -17"><span class='ocrx_word' id='word_1_51' title='bbox 539 883 820 951; x_wconf 82' lang='lat' dir='ltr'><strong>Ecclesiis,</strong></span> <span class='ocrx_word' id='word_1_52' title='bbox 850 882 976 937; x_wconf 91' lang='lat' dir='ltr'><strong>dum</strong></span> <span class='ocrx_word' id='word_1_53' title='bbox 1010 891 1217 954; x_wconf 83' lang='lat' dir='ltr'><strong>septem</strong></span> <span class='ocrx_word' id='word_1_54' title='bbox 1238 883 1348 937; x_wconf 86' lang='lat' dir='ltr'><strong>sint</strong></span> <span class='ocrx_word' id='word_1_55' title='bbox 1377 884 1509 938; x_wconf 65' lang='lat' dir='ltr'><strong>solae</strong></span> <span class='ocrx_word' id='word_1_56' title='bbox 1535 870 1656 955; x_wconf 70' lang='lat' dir='ltr'><strong>qua:</strong></span> <span class='ocrx_word' id='word_1_57' title='bbox 1685 884 1995 955; x_wconf 85' lang='lat' dir='ltr'><strong>specialiter</strong></span> <span class='ocrx_word' id='word_1_58' title='bbox 2037 872 2130 942; x_wconf 90' lang='lat' dir='ltr'><strong>no-</strong></span> 
     </span>
    </p>
   </div>
   <div class='ocr_carea' id='block_1_13' title="bbox 452 960 2130 1061">
    <p class='ocr_par' dir='ltr' id='par_1_13' title="bbox 452 960 2130 1059">
     <span class='ocr_line' id='line_1_13' title="bbox 452 960 2130 1059; baseline 0.005 -32"><span class='ocrx_word' id='word_1_59' title='bbox 452 960 463 1049; x_wconf 57' lang='grc' dir='ltr'>ξ</span> <span class='ocrx_word' id='word_1_60' title='bbox 541 964 833 1056; x_wconf 84' lang='lat' dir='ltr'><strong>minantur,</strong></span> <span class='ocrx_word' id='word_1_61' title='bbox 859 975 951 1030; x_wconf 88' lang='lat' dir='ltr'><strong>sed</strong></span> <span class='ocrx_word' id='word_1_62' title='bbox 974 960 1087 1045; x_wconf 69' lang='lat' dir='ltr'><strong>una</strong></span> <span class='ocrx_word' id='word_1_63' title='bbox 1108 975 1384 1051; x_wconf 84' lang='lat' dir='ltr'><strong>Ecclesia,</strong></span> <span class='ocrx_word' id='word_1_64' title='bbox 1417 992 1537 1047; x_wconf 87' lang='lat' dir='ltr'><strong>quae</strong></span> <span class='ocrx_word' id='word_1_65' title='bbox 1581 979 1908 1059; x_wconf 75' lang='lat' dir='ltr'><strong>septiformis</strong></span> <span class='ocrx_word' id='word_1_66' title='bbox 1960 977 2130 1050; x_wconf 85' lang='lat' dir='ltr'><strong>gratia</strong></span> 
     </span>
    </p>
   </div>
   <div class='ocr_carea' id='block_1_14' title="bbox 460 1064 2127 1142">
    <p class='ocr_par' dir='ltr' id='par_1_14' title="bbox 460 1064 2127 1142">
     <span class='ocr_line' id='line_1_14' title="bbox 460 1064 2127 1142; baseline 0.002 -19"><span class='ocrx_word' id='word_1_67' title='bbox 460 1066 463 1077; x_wconf 52' lang='lat'>‘</span> <span class='ocrx_word' id='word_1_68' title='bbox 540 1068 771 1137; x_wconf 85' lang='lat' dir='ltr'><strong>Spiritus</strong></span> <span class='ocrx_word' id='word_1_69' title='bbox 801 1064 1105 1137; x_wconf 79' lang='lat' dir='ltr'><strong>perfectein</strong></span> <span class='ocrx_word' id='word_1_70' title='bbox 1134 1075 1247 1141; x_wconf 87' lang='lat' dir='ltr'><strong>toto</strong></span> <span class='ocrx_word' id='word_1_71' title='bbox 1270 1068 1473 1141; x_wconf 87' lang='lat' dir='ltr'><strong>mundo</strong></span> <span class='ocrx_word' id='word_1_72' title='bbox 1492 1069 1839 1137; x_wconf 74' lang='lat' dir='ltr'><strong>diﬁunditur;</strong></span> <span class='ocrx_word' id='word_1_73' title='bbox 1872 1066 2127 1142; x_wconf 88' lang='lat' dir='ltr'><strong>scriptum</strong></span> 
     </span>
    </p>
   </div>
   <div class='ocr_carea' id='block_1_15' title="bbox 539 1146 2129 1236">
    <p class='ocr_par' dir='ltr' id='par_1_15' title="bbox 539 1146 2129 1236">
     <span class='ocr_line' id='line_1_15' title="bbox 539 1146 2129 1236; baseline 0.001 -19"><span class='ocrx_word' id='word_1_74' title='bbox 539 1152 622 1217; x_wconf 85' lang='lat' dir='ltr'><strong>est</strong></span> <span class='ocrx_word' id='word_1_75' title='bbox 649 1161 790 1217; x_wconf 89' lang='lat' dir='ltr'><strong>enim</strong></span> <span class='ocrx_word' id='word_1_76' title='bbox 820 1177 832 1215; x_wconf 90' lang='lat'><strong>:</strong></span> <span class='ocrx_word' id='word_1_77' title='bbox 867 1157 984 1217; x_wconf 80' lang='lat' dir='ltr'><strong>Una</strong></span> <span class='ocrx_word' id='word_1_78' title='bbox 1011 1170 1085 1215; x_wconf 81' lang='lat' dir='ltr'><strong>est</strong></span> <span class='ocrx_word' id='word_1_79' title='bbox 1112 1146 1351 1216; x_wconf 65' lang='lat' dir='ltr'><strong>columba</strong></span> <span class='ocrx_word' id='word_1_80' title='bbox 1397 1179 1528 1230; x_wconf 78' lang='lat' dir='ltr'><strong>mea,</strong></span> <span class='ocrx_word' id='word_1_81' title='bbox 1585 1180 1687 1217; x_wconf 80' lang='lat' dir='ltr'><strong>una</strong></span> <span class='ocrx_word' id='word_1_82' title='bbox 1747 1168 1972 1236; x_wconf 81' lang='lat' dir='ltr'><strong>perfecta</strong></span> <span class='ocrx_word' id='word_1_83' title='bbox 2014 1182 2129 1220; x_wconf 81' lang='lat' dir='ltr'><strong>mea</strong></span> 
     </span>
    </p>
   </div>
   <div class='ocr_carea' id='block_1_16' title="bbox 535 1252 2131 1328">
    <p class='ocr_par' dir='ltr' id='par_1_16' title="bbox 535 1252 2131 1328">
     <span class='ocr_line' id='line_1_16' title="bbox 535 1252 2131 1328; baseline 0.004 -21"><span class='ocrx_word' id='word_1_84' title='bbox 535 1252 757 1325; x_wconf 80' lang='lat' dir='ltr'><strong>(Cantia.</strong></span> <span class='ocrx_word' id='word_1_85' title='bbox 808 1268 890 1319; x_wconf 81' lang='lat' dir='ltr'><strong>vr,</strong></span> <span class='ocrx_word' id='word_1_86' title='bbox 944 1252 1040 1325; x_wconf 84' lang='lat'><strong>8);</strong></span> <span class='ocrx_word' id='word_1_87' title='bbox 1101 1253 1188 1309; x_wconf 87' lang='lat' dir='ltr'><strong>bis</strong></span> <span class='ocrx_word' id='word_1_88' title='bbox 1243 1256 1387 1311; x_wconf 92' lang='lat' dir='ltr'><strong>enim</strong></span> <span class='ocrx_word' id='word_1_89' title='bbox 1436 1257 1597 1312; x_wconf 87' lang='lat' dir='ltr'><strong>tantis</strong></span> <span class='ocrx_word' id='word_1_90' title='bbox 1649 1258 2131 1328; x_wconf 87' lang='lat' dir='ltr'><strong>signiﬁcationibus</strong></span> 
     </span>
    </p>
   </div>
   <div class='ocr_carea' id='block_1_17' title="bbox 531 1344 2121 1418">
    <p class='ocr_par' dir='ltr' id='par_1_17' title="bbox 531 1344 2121 1418">
     <span class='ocr_line' id='line_1_17' title="bbox 531 1344 2121 1418; baseline 0.004 -19"><span class='ocrx_word' id='word_1_91' title='bbox 531 1359 789 1400; x_wconf 87' lang='lat' dir='ltr'><strong>numerus</strong></span> <span class='ocrx_word' id='word_1_92' title='bbox 812 1344 913 1402; x_wconf 86' lang='lat' dir='ltr'><strong>iste</strong></span> <span class='ocrx_word' id='word_1_93' title='bbox 930 1344 982 1401; x_wconf 90' lang='lat' dir='ltr'><strong>in</strong></span> <span class='ocrx_word' id='word_1_94' title='bbox 1008 1344 1300 1414; x_wconf 83' lang='lat' dir='ltr'><strong>Scripturis</strong></span> <span class='ocrx_word' id='word_1_95' title='bbox 1321 1346 1645 1403; x_wconf 82' lang='lat' dir='ltr'><strong>eminentior</strong></span> <span class='ocrx_word' id='word_1_96' title='bbox 1655 1357 1740 1405; x_wconf 89' lang='lat' dir='ltr'><strong>est</strong></span> <span class='ocrx_word' id='word_1_97' title='bbox 1762 1364 1871 1415; x_wconf 68' lang='lat' dir='ltr'><strong>pra:</strong></span> <span class='ocrx_word' id='word_1_98' title='bbox 1890 1351 2121 1418; x_wconf 65' lang='lat' dir='ltr'><strong>caeteris,</strong></span> 
     </span>
    </p>
   </div>
   <div class='ocr_carea' id='block_1_18' title="bbox 532 1437 2118 1511">
    <p class='ocr_par' dir='ltr' id='par_1_18' title="bbox 532 1437 2118 1511">
     <span class='ocr_line' id='line_1_18' title="bbox 532 1437 2118 1511; baseline 0.004 -20"><span class='ocrx_word' id='word_1_99' title='bbox 532 1446 716 1507; x_wconf 88' lang='lat' dir='ltr'><strong>utpote</strong></span> <span class='ocrx_word' id='word_1_100' title='bbox 745 1454 903 1508; x_wconf 84' lang='lat' dir='ltr'><strong>quem</strong></span> <span class='ocrx_word' id='word_1_101' title='bbox 933 1437 1193 1501; x_wconf 85' lang='lat' dir='ltr'><strong>Dominus</strong></span> <span class='ocrx_word' id='word_1_102' title='bbox 1218 1440 1272 1497; x_wconf 93' lang='lat' dir='ltr'><strong>in</strong></span> <span class='ocrx_word' id='word_1_103' title='bbox 1296 1441 1536 1510; x_wconf 80' lang='lat' dir='ltr'><strong>requiem</strong></span> <span class='ocrx_word' id='word_1_104' title='bbox 1560 1456 1716 1497; x_wconf 87' lang='lat' dir='ltr'><strong>suam</strong></span> <span class='ocrx_word' id='word_1_105' title='bbox 1737 1442 2118 1511; x_wconf 85' lang='lat' dir='ltr'><strong>sanctiﬁcavit,</strong></span> 
     </span>
    </p>
   </div>
   <div class='ocr_carea' id='block_1_19' title="bbox 528 1531 2123 1607">
    <p class='ocr_par' dir='ltr' id='par_1_19' title="bbox 528 1531 2123 1607">
     <span class='ocr_line' id='line_1_19' title="bbox 528 1531 2123 1607; baseline 0.005 -22"><span class='ocrx_word' id='word_1_106' title='bbox 528 1540 583 1592; x_wconf 81' lang='lat' dir='ltr'><strong>et</strong></span> <span class='ocrx_word' id='word_1_107' title='bbox 613 1532 664 1584; x_wconf 92' lang='lat' dir='ltr'><strong>in</strong></span> <span class='ocrx_word' id='word_1_108' title='bbox 697 1546 805 1602; x_wconf 90' lang='lat' dir='ltr'><strong>quo</strong></span> <span class='ocrx_word' id='word_1_109' title='bbox 837 1531 1029 1589; x_wconf 75' lang='lat' dir='ltr'><strong>futurae</strong></span> <span class='ocrx_word' id='word_1_110' title='bbox 1071 1534 1484 1597; x_wconf 78' lang='lat' dir='ltr'><strong>resurrectionis</strong></span> <span class='ocrx_word' id='word_1_111' title='bbox 1527 1536 1767 1606; x_wconf 79' lang='lat' dir='ltr'><strong>requiem</strong></span> <span class='ocrx_word' id='word_1_112' title='bbox 1794 1538 2123 1607; x_wconf 81' lang='lat' dir='ltr'><strong>repromisit.</strong></span> 
     </span>
    </p>
   </div>
   <div class='ocr_carea' id='block_1_20' title="bbox 602 1622 2123 1707">
    <p class='ocr_par' dir='ltr' id='par_1_20' title="bbox 602 1622 2123 1707">
     <span class='ocr_line' id='line_1_20' title="bbox 602 1622 2123 1707; baseline -0.006 -11"><span class='ocrx_word' id='word_1_113' title='bbox 602 1623 768 1696; x_wconf 74' lang='grc'><strong>230</strong></span> <span class='ocrx_word' id='word_1_114' title='bbox 795 1623 886 1683; x_wconf 75' lang='lat'><strong>59-</strong></span> <span class='ocrx_word' id='word_1_115' title='bbox 917 1622 1311 1705; x_wconf 63' lang='lat' dir='ltr'><strong>Convenisnter</strong></span> <span class='ocrx_word' id='word_1_116' title='bbox 1354 1628 1532 1698; x_wconf 82' lang='lat' dir='ltr'><strong>itaque</strong></span> <span class='ocrx_word' id='word_1_117' title='bbox 1560 1629 1870 1707; x_wconf 83' lang='lat' dir='ltr'><strong>septenario</strong></span> <span class='ocrx_word' id='word_1_118' title='bbox 1898 1646 2123 1687; x_wconf 89' lang='lat' dir='ltr'><strong>numero</strong></span> 
     </span>
    </p>
   </div>
   <div class='ocr_carea' id='block_1_21' title="bbox 527 1706 2123 1787">
    <p class='ocr_par' dir='ltr' id='par_1_21' title="bbox 527 1706 2123 1787">
     <span class='ocr_line' id='line_1_21' title="bbox 527 1706 2123 1787; baseline 0.008 -19"><span class='ocrx_word' id='word_1_119' title='bbox 527 1714 864 1783; x_wconf 84' lang='lat' dir='ltr'><strong>signiﬁcatur</strong></span> <span class='ocrx_word' id='word_1_120' title='bbox 899 1716 1135 1787; x_wconf 85' lang='lat' dir='ltr'><strong>Spiritus</strong></span> <span class='ocrx_word' id='word_1_121' title='bbox 1164 1706 1415 1786; x_wconf 54' lang='lat' dir='ltr'><strong>sanctus}</strong></span> <span class='ocrx_word' id='word_1_122' title='bbox 1447 1708 1588 1777; x_wconf 83' lang='lat' dir='ltr'><strong>unde</strong></span> <span class='ocrx_word' id='word_1_123' title='bbox 1612 1706 1670 1777; x_wconf 80' lang='lat' dir='ltr'><strong>et</strong></span> <span class='ocrx_word' id='word_1_124' title='bbox 1689 1725 2042 1781; x_wconf 86' lang='lat' dir='ltr'><strong>sanctiﬁcatio</strong></span> <span class='ocrx_word' id='word_1_125' title='bbox 2072 1727 2123 1781; x_wconf 89' lang='lat' dir='ltr'><strong>in</strong></span> 
     </span>
    </p>
   </div>
   <div class='ocr_carea' id='block_1_22' title="bbox 2238 512 3839 607">
    <p class='ocr_par' dir='ltr' id='par_1_22' title="bbox 2238 512 3839 607">
     <span class='ocr_line' id='line_1_22' title="bbox 2238 512 3839 607; baseline 0.017 -42"><span class='ocrx_word' id='word_1_126' title='bbox 2238 512 2439 581; x_wconf 89' lang='lat' dir='ltr'><strong>cipiunt</strong></span> <span class='ocrx_word' id='word_1_127' title='bbox 2459 522 2775 582; x_wconf 87' lang='lat' dir='ltr'><strong>potestatem</strong></span> <span class='ocrx_word' id='word_1_128' title='bbox 2790 527 2996 587; x_wconf 87' lang='lat' dir='ltr'><strong>septem</strong></span> <span class='ocrx_word' id='word_1_129' title='bbox 3012 520 3308 593; x_wconf 88' lang='lat' dir='ltr'><strong>plagarum.</strong></span> <span class='ocrx_word' id='word_1_130' title='bbox 3334 525 3549 597; x_wconf 89' lang='lat' dir='ltr'><strong>Septem</strong></span> <span class='ocrx_word' id='word_1_131' title='bbox 3556 518 3680 601; x_wconf 88' lang='lat' dir='ltr'><strong>piici</strong></span> <span class='ocrx_word' id='word_1_132' title='bbox 3707 551 3839 607; x_wconf 85' lang='lat' dir='ltr'><strong>quo-</strong></span> 
     </span>
    </p>
   </div>
   <div class='ocr_carea' id='block_1_23' title="bbox 2235 608 3837 692">
    <p class='ocr_par' dir='ltr' id='par_1_23' title="bbox 2235 608 3837 692">
     <span class='ocr_line' id='line_1_23' title="bbox 2235 608 3837 692; baseline 0.017 -34"><span class='ocrx_word' id='word_1_133' title='bbox 2235 620 2341 676; x_wconf 88' lang='lat' dir='ltr'><strong>que</strong></span> <span class='ocrx_word' id='word_1_134' title='bbox 2355 622 2508 664; x_wconf 91' lang='lat' dir='ltr'><strong>muro</strong></span> <span class='ocrx_word' id='word_1_135' title='bbox 2522 608 2817 665; x_wconf 76' lang='lat' dir='ltr'><strong>Jerusalem</strong></span> <span class='ocrx_word' id='word_1_136' title='bbox 2832 613 3069 670; x_wconf 75' lang='lat' dir='ltr'><strong>cmiestis</strong></span> <span class='ocrx_word' id='word_1_137' title='bbox 3085 614 3356 688; x_wconf 81' lang='lat' dir='ltr'><strong>fundatur,</strong></span> <span class='ocrx_word' id='word_1_138' title='bbox 3370 631 3425 675; x_wconf 91' lang='lat' dir='ltr'><strong>et</strong></span> <span class='ocrx_word' id='word_1_139' title='bbox 3438 633 3642 692; x_wconf 89' lang='lat' dir='ltr'><strong>septem</strong></span> <span class='ocrx_word' id='word_1_140' title='bbox 3664 628 3837 685; x_wconf 83' lang='lat' dir='ltr'><strong>ievitae</strong></span> 
     </span>
    </p>
   </div>
   <div class='ocr_carea' id='block_1_24' title="bbox 2236 700 3837 791">
    <p class='ocr_par' dir='ltr' id='par_1_24' title="bbox 2236 700 3837 791">
     <span class='ocr_line' id='line_1_24' title="bbox 2236 700 3837 791; baseline 0.014 -37"><span class='ocrx_word' id='word_1_141' title='bbox 2236 700 2304 755; x_wconf 83' lang='lat' dir='ltr'><strong>ab</strong></span> <span class='ocrx_word' id='word_1_142' title='bbox 2319 700 2576 770; x_wconf 78' lang='lat' dir='ltr'><strong>apostolis</strong></span> <span class='ocrx_word' id='word_1_143' title='bbox 2594 701 3001 773; x_wconf 84' lang='lat' dir='ltr'><strong>eiiguntur.Hic</strong></span> <span class='ocrx_word' id='word_1_144' title='bbox 3032 722 3287 766; x_wconf 90' lang='lat' dir='ltr'><strong>numerus</strong></span> <span class='ocrx_word' id='word_1_145' title='bbox 3322 714 3706 785; x_wconf 86' lang='lat' dir='ltr'><strong>multiplicatus</strong></span> <span class='ocrx_word' id='word_1_146' title='bbox 3741 736 3837 791; x_wconf 90' lang='lat' dir='ltr'><strong>per</strong></span> 
     </span>
    </p>
   </div>
   <div class='ocr_carea' id='block_1_25' title="bbox 2190 793 3834 879">
    <p class='ocr_par' dir='ltr' id='par_1_25' title="bbox 2190 793 3834 879">
     <span class='ocr_line' id='line_1_25' title="bbox 2190 793 3834 879; baseline 0.013 -35"><span class='ocrx_word' id='word_1_147' title='bbox 2190 868 2199 873; x_wconf 16' lang='grc' dir='ltr'><strong><em>ἢ</em></strong></span> <span class='ocrx_word' id='word_1_148' title='bbox 2235 799 2480 862; x_wconf 88' lang='lat' dir='ltr'><strong>septena,</strong></span> <span class='ocrx_word' id='word_1_149' title='bbox 2511 793 2579 849; x_wconf 91' lang='lat' dir='ltr'><strong>de</strong></span> <span class='ocrx_word' id='word_1_150' title='bbox 2594 807 2701 849; x_wconf 91' lang='lat' dir='ltr'><strong>uno</strong></span> <span class='ocrx_word' id='word_1_151' title='bbox 2725 808 2940 867; x_wconf 85' lang='lat' dir='ltr'><strong>quoque</strong></span> <span class='ocrx_word' id='word_1_152' title='bbox 2970 804 3054 853; x_wconf 82' lang='lat' dir='ltr'><strong>ter</strong></span> <span class='ocrx_word' id='word_1_153' title='bbox 3075 801 3334 870; x_wconf 81' lang='lat' dir='ltr'><strong>mysterio</strong></span> <span class='ocrx_word' id='word_1_154' title='bbox 3361 802 3582 861; x_wconf 88' lang='lat' dir='ltr'><strong>unitatis</strong></span> <span class='ocrx_word' id='word_1_155' title='bbox 3605 806 3834 879; x_wconf 71' lang='lat' dir='ltr'><strong>adiectio</strong></span> 
     </span>
    </p>
   </div>
   <div class='ocr_carea' id='block_1_26' title="bbox 2234 887 3830 966">
    <p class='ocr_par' dir='ltr' id='par_1_26' title="bbox 2234 887 3830 966">
     <span class='ocr_line' id='line_1_26' title="bbox 2234 887 3830 966; baseline 0.012 -27"><span class='ocrx_word' id='word_1_156' title='bbox 2234 887 2749 958; x_wconf 89' lang='lat' dir='ltr'><strong>quinquagenarium</strong></span> <span class='ocrx_word' id='word_1_157' title='bbox 2778 890 2967 957; x_wconf 81' lang='lat' dir='ltr'><strong>efﬁcit,</strong></span> <span class='ocrx_word' id='word_1_158' title='bbox 2992 891 3045 946; x_wconf 91' lang='lat' dir='ltr'><strong>in</strong></span> <span class='ocrx_word' id='word_1_159' title='bbox 3062 908 3167 963; x_wconf 92' lang='lat' dir='ltr'><strong>quo</strong></span> <span class='ocrx_word' id='word_1_160' title='bbox 3188 894 3279 949; x_wconf 91' lang='lat' dir='ltr'><strong>die</strong></span> <span class='ocrx_word' id='word_1_161' title='bbox 3302 907 3423 966; x_wconf 87' lang='lat' dir='ltr'><strong>post</strong></span> <span class='ocrx_word' id='word_1_162' title='bbox 3444 898 3830 957; x_wconf 84' lang='lat' dir='ltr'><strong>Ascensionem</strong></span> 
     </span>
    </p>
   </div>
   <div class='ocr_carea' id='block_1_27' title="bbox 2236 974 3832 1058">
    <p class='ocr_par' dir='ltr' id='par_1_27' title="bbox 2236 974 3832 1058">
     <span class='ocr_line' id='line_1_27' title="bbox 2236 974 3832 1058; baseline 0.011 -27"><span class='ocrx_word' id='word_1_163' title='bbox 2236 974 2446 1035; x_wconf 88' lang='lat' dir='ltr'><strong>Domini</strong></span> <span class='ocrx_word' id='word_1_164' title='bbox 2477 979 2817 1047; x_wconf 78' lang='lat' dir='ltr'><strong>promissusa</strong></span> <span class='ocrx_word' id='word_1_165' title='bbox 2846 981 3005 1039; x_wconf 80' lang='lat' dir='ltr'><strong>Patre</strong></span> <span class='ocrx_word' id='word_1_166' title='bbox 3018 982 3258 1052; x_wconf 82' lang='lat' dir='ltr'><strong>Spiritus</strong></span> <span class='ocrx_word' id='word_1_167' title='bbox 3286 996 3509 1043; x_wconf 77' lang='lat' dir='ltr'><strong>sanatus</strong></span> <span class='ocrx_word' id='word_1_168' title='bbox 3530 1003 3692 1058; x_wconf 82' lang='lat' dir='ltr'><strong>super</strong></span> <span class='ocrx_word' id='word_1_169' title='bbox 3714 1006 3832 1048; x_wconf 87' lang='lat' dir='ltr'><strong>cre-</strong></span> 
     </span>
    </p>
   </div>
   <div class='ocr_carea' id='block_1_28' title="bbox 2231 1068 3830 1153">
    <p class='ocr_par' dir='ltr' id='par_1_28' title="bbox 2231 1068 3830 1153">
     <span class='ocr_line' id='line_1_28' title="bbox 2231 1068 3830 1153; baseline 0.01 -29"><span class='ocrx_word' id='word_1_170' title='bbox 2231 1068 2424 1127; x_wconf 83' lang='lat' dir='ltr'><strong>dentes</strong></span> <span class='ocrx_word' id='word_1_171' title='bbox 2445 1069 2749 1135; x_wconf 80' lang='lat' dir='ltr'><strong>descendit.</strong></span> <span class='ocrx_word' id='word_1_172' title='bbox 2774 1073 2906 1131; x_wconf 82' lang='lat' dir='ltr'><strong>ltem</strong></span> <span class='ocrx_word' id='word_1_173' title='bbox 2932 1090 3027 1145; x_wconf 83' lang='lat' dir='ltr'><strong>per</strong></span> <span class='ocrx_word' id='word_1_174' title='bbox 3046 1090 3312 1134; x_wconf 87' lang='lat' dir='ltr'><strong>annorum</strong></span> <span class='ocrx_word' id='word_1_175' title='bbox 3339 1081 3608 1137; x_wconf 84' lang='lat' dir='ltr'><strong>curricula</strong></span> <span class='ocrx_word' id='word_1_176' title='bbox 3628 1085 3830 1153; x_wconf 85' lang='lat' dir='ltr'><strong>septies</strong></span> 
     </span>
    </p>
   </div>
   <div class='ocr_carea' id='block_1_29' title="bbox 2233 1158 3831 1245">
    <p class='ocr_par' dir='ltr' id='par_1_29' title="bbox 2233 1158 3831 1245">
     <span class='ocr_line' id='line_1_29' title="bbox 2233 1158 3831 1245; baseline 0.011 -31"><span class='ocrx_word' id='word_1_177' title='bbox 2233 1158 2289 1223; x_wconf 85' lang='lat' dir='ltr'><strong>in</strong></span> <span class='ocrx_word' id='word_1_178' title='bbox 2318 1175 2441 1217; x_wconf 87' lang='lat' dir='ltr'><strong>sese</strong></span> <span class='ocrx_word' id='word_1_179' title='bbox 2471 1164 2882 1234; x_wconf 84' lang='lat' dir='ltr'><strong>multiplicatus,</strong></span> <span class='ocrx_word' id='word_1_180' title='bbox 2911 1166 3121 1237; x_wconf 78' lang='lat' dir='ltr'><strong>adjecta</strong></span> <span class='ocrx_word' id='word_1_181' title='bbox 3151 1170 3384 1231; x_wconf 79' lang='lat' dir='ltr'><strong>monade</strong></span> <span class='ocrx_word' id='word_1_182' title='bbox 3412 1185 3547 1239; x_wconf 87' lang='lat' dir='ltr'><strong>una,</strong></span> <span class='ocrx_word' id='word_1_183' title='bbox 3576 1173 3643 1230; x_wconf 86' lang='lat' dir='ltr'><strong>ad</strong></span> <span class='ocrx_word' id='word_1_184' title='bbox 3672 1176 3831 1245; x_wconf 87' lang='lat' dir='ltr'><strong>quin-</strong></span> 
     </span>
    </p>
   </div>
   <div class='ocr_carea' id='block_1_30' title="bbox 2230 1261 3829 1341">
    <p class='ocr_par' dir='ltr' id='par_1_30' title="bbox 2230 1261 3829 1341">
     <span class='ocr_line' id='line_1_30' title="bbox 2230 1261 3829 1341; baseline 0.009 -27"><span class='ocrx_word' id='word_1_185' title='bbox 2230 1261 2616 1330; x_wconf 88' lang='lat' dir='ltr'><strong>quagenarium</strong></span> <span class='ocrx_word' id='word_1_186' title='bbox 2643 1264 2911 1333; x_wconf 87' lang='lat' dir='ltr'><strong>pervenit,</strong></span> <span class='ocrx_word' id='word_1_187' title='bbox 2930 1279 2994 1327; x_wconf 86' lang='lat' dir='ltr'><strong>ac</strong></span> <span class='ocrx_word' id='word_1_188' title='bbox 3016 1275 3330 1337; x_wconf 84' lang='lat' dir='ltr'><strong>perpetuam</strong></span> <span class='ocrx_word' id='word_1_189' title='bbox 3355 1269 3600 1339; x_wconf 84' lang='lat' dir='ltr'><strong>requiem</strong></span> <span class='ocrx_word' id='word_1_190' title='bbox 3623 1269 3829 1341; x_wconf 66' lang='lat' dir='ltr'><strong>iubiiai</strong></span> 
     </span>
    </p>
   </div>
   <div class='ocr_carea' id='block_1_31' title="bbox 2231 1351 3829 1431">
    <p class='ocr_par' dir='ltr' id='par_1_31' title="bbox 2231 1351 3829 1431">
     <span class='ocr_line' id='line_1_31' title="bbox 2231 1351 3829 1431; baseline 0.01 -28"><span class='ocrx_word' id='word_1_191' title='bbox 2231 1351 2497 1419; x_wconf 85' lang='lat' dir='ltr'><strong>ostendit;</strong></span> <span class='ocrx_word' id='word_1_192' title='bbox 2526 1367 2832 1425; x_wconf 80' lang='lat' dir='ltr'><strong>quanquam</strong></span> <span class='ocrx_word' id='word_1_193' title='bbox 2857 1355 2930 1415; x_wconf 85' lang='lat' dir='ltr'><strong>sit</strong></span> <span class='ocrx_word' id='word_1_194' title='bbox 2951 1366 3004 1415; x_wconf 88' lang='lat' dir='ltr'><strong>et</strong></span> <span class='ocrx_word' id='word_1_195' title='bbox 3030 1356 3088 1415; x_wconf 88' lang='lat' dir='ltr'><strong>in</strong></span> <span class='ocrx_word' id='word_1_196' title='bbox 3124 1371 3191 1417; x_wconf 87' lang='lat' dir='ltr'><strong>eo</strong></span> <span class='ocrx_word' id='word_1_197' title='bbox 3238 1358 3440 1431; x_wconf 81' lang='lat' dir='ltr'><strong>aliquid</strong></span> <span class='ocrx_word' id='word_1_198' title='bbox 3478 1361 3829 1431; x_wconf 83' lang='lat' dir='ltr'><strong>contrarium,</strong></span> 
     </span>
    </p>
   </div>
   <div class='ocr_carea' id='block_1_32' title="bbox 2231 1442 3833 1521">
    <p class='ocr_par' dir='ltr' id='par_1_32' title="bbox 2231 1442 3833 1521">
     <span class='ocr_line' id='line_1_32' title="bbox 2231 1442 3833 1521; baseline 0.01 -26"><span class='ocrx_word' id='word_1_199' title='bbox 2231 1450 2287 1496; x_wconf 91' lang='lat' dir='ltr'><strong>ut</strong></span> <span class='ocrx_word' id='word_1_200' title='bbox 2319 1442 2544 1513; x_wconf 83' lang='lat' dir='ltr'><strong>legimus</strong></span> <span class='ocrx_word' id='word_1_201' title='bbox 2583 1445 2812 1505; x_wconf 77' lang='lat' dir='ltr'><strong>bestiam</strong></span> <span class='ocrx_word' id='word_1_202' title='bbox 2840 1458 3049 1519; x_wconf 79' lang='lat' dir='ltr'><strong>septem</strong></span> <span class='ocrx_word' id='word_1_203' title='bbox 3094 1451 3268 1521; x_wconf 84' lang='lat' dir='ltr'><strong>capita</strong></span> <span class='ocrx_word' id='word_1_204' title='bbox 3325 1452 3638 1509; x_wconf 81' lang='lat' dir='ltr'><strong>habentem.</strong></span> <span class='ocrx_word' id='word_1_205' title='bbox 3692 1455 3833 1511; x_wconf 83' lang='lat' dir='ltr'><strong>Sunt</strong></span> 
     </span>
    </p>
   </div>
   <div class='ocr_carea' id='block_1_33' title="bbox 2231 1536 3831 1615">
    <p class='ocr_par' dir='ltr' id='par_1_33' title="bbox 2231 1536 3831 1615">
     <span class='ocr_line' id='line_1_33' title="bbox 2231 1536 3831 1615; baseline 0.009 -28"><span class='ocrx_word' id='word_1_206' title='bbox 2231 1543 2285 1587; x_wconf 92' lang='lat' dir='ltr'><strong>et</strong></span> <span class='ocrx_word' id='word_1_207' title='bbox 2310 1543 2515 1603; x_wconf 89' lang='lat' dir='ltr'><strong>septem</strong></span> <span class='ocrx_word' id='word_1_208' title='bbox 2542 1536 2846 1593; x_wconf 64' lang='lat' dir='ltr'><strong>daemonum</strong></span> <span class='ocrx_word' id='word_1_209' title='bbox 2874 1540 3187 1610; x_wconf 80' lang='lat' dir='ltr'><strong>principalia</strong></span> <span class='ocrx_word' id='word_1_210' title='bbox 3219 1542 3369 1599; x_wconf 87' lang='lat' dir='ltr'><strong>vitia.</strong></span> <span class='ocrx_word' id='word_1_211' title='bbox 3395 1542 3608 1600; x_wconf 85' lang='lat' dir='ltr'><strong>Inﬁnita</strong></span> <span class='ocrx_word' id='word_1_212' title='bbox 3629 1546 3831 1615; x_wconf 85' lang='lat' dir='ltr'><strong>quippe</strong></span> 
     </span>
    </p>
   </div>
   <div class='ocr_carea' id='block_1_34' title="bbox 2231 1630 3468 1704">
    <p class='ocr_par' dir='ltr' id='par_1_34' title="bbox 2231 1630 3468 1704">
     <span class='ocr_line' id='line_1_34' title="bbox 2231 1630 3468 1704; baseline 0.008 -23"><span class='ocrx_word' id='word_1_213' title='bbox 2231 1630 2478 1699; x_wconf 81' lang='lat' dir='ltr'><strong>exempla</strong></span> <span class='ocrx_word' id='word_1_214' title='bbox 2514 1630 2671 1701; x_wconf 85' lang='lat' dir='ltr'><strong>hujus</strong></span> <span class='ocrx_word' id='word_1_215' title='bbox 2700 1634 2907 1688; x_wconf 90' lang='lat' dir='ltr'><strong>numeri</strong></span> <span class='ocrx_word' id='word_1_216' title='bbox 2938 1634 2990 1688; x_wconf 92' lang='lat' dir='ltr'><strong>in</strong></span> <span class='ocrx_word' id='word_1_217' title='bbox 3024 1634 3195 1690; x_wconf 90' lang='lat' dir='ltr'><strong>sacris</strong></span> <span class='ocrx_word' id='word_1_218' title='bbox 3217 1634 3468 1704; x_wconf 90' lang='lat' dir='ltr'><strong>eloquiis.</strong></span> 
     </span>
    </p>
   </div>
   <div class='ocr_carea' id='block_1_35' title="bbox 2303 1719 3827 1800">
    <p class='ocr_par' dir='ltr' id='par_1_35' title="bbox 2303 1719 3827 1800">
     <span class='ocr_line' id='line_1_35' title="bbox 2303 1719 3827 1800; baseline 0.007 -26"><span class='ocrx_word' id='word_1_219' title='bbox 2303 1719 2395 1776; x_wconf 74' lang='grc'><strong>44.</strong></span> <span class='ocrx_word' id='word_1_220' title='bbox 2438 1721 2545 1777; x_wconf 89' lang='lat' dir='ltr'><strong>Sed</strong></span> <span class='ocrx_word' id='word_1_221' title='bbox 2580 1724 2775 1779; x_wconf 86' lang='lat' dir='ltr'><strong>iterum</strong></span> <span class='ocrx_word' id='word_1_222' title='bbox 2822 1735 3164 1781; x_wconf 88' lang='lat' dir='ltr'><strong>transeamus</strong></span> <span class='ocrx_word' id='word_1_223' title='bbox 3192 1727 3260 1781; x_wconf 91' lang='lat' dir='ltr'><strong>ad</strong></span> <span class='ocrx_word' id='word_1_224' title='bbox 3308 1728 3444 1795; x_wconf 90' lang='lat' dir='ltr'><strong>alia,</strong></span> <span class='ocrx_word' id='word_1_225' title='bbox 3477 1742 3599 1800; x_wconf 63' lang='lat' dir='ltr'><strong>quae</strong></span> <span class='ocrx_word' id='word_1_226' title='bbox 3638 1743 3827 1785; x_wconf 90' lang='lat' dir='ltr'><strong>nume-</strong></span> 
     </span>
    </p>
   </div>
   <div class='ocr_carea' id='block_1_36' title="bbox 525 1795 3823 1891">
    <p class='ocr_par' dir='ltr' id='par_1_36' title="bbox 525 1795 3823 1891">
     <span class='ocr_line' id='line_1_36' title="bbox 525 1795 3823 1891; baseline 0.006 -29"><span class='ocrx_word' id='word_1_227' title='bbox 525 1805 643 1876; x_wconf 79' lang='lat' dir='ltr'><strong>lege</strong></span> <span class='ocrx_word' id='word_1_228' title='bbox 656 1802 721 1861; x_wconf 88' lang='lat' dir='ltr'><strong>ad</strong></span> <span class='ocrx_word' id='word_1_229' title='bbox 740 1795 879 1865; x_wconf 85' lang='lat' dir='ltr'><strong>diem</strong></span> <span class='ocrx_word' id='word_1_230' title='bbox 894 1802 1180 1878; x_wconf 83' lang='lat' dir='ltr'><strong>septimum</strong></span> <span class='ocrx_word' id='word_1_231' title='bbox 1200 1813 1590 1881; x_wconf 82' lang='lat' dir='ltr'><strong>pertinet.Nam</strong></span> <span class='ocrx_word' id='word_1_232' title='bbox 1604 1815 1805 1877; x_wconf 88' lang='lat' dir='ltr'><strong>nullum</strong></span> <span class='ocrx_word' id='word_1_233' title='bbox 1822 1816 1962 1873; x_wconf 89' lang='lat' dir='ltr'><strong>diem</strong></span> <span class='ocrx_word' id='word_1_234' title='bbox 1985 1818 2123 1877; x_wconf 87' lang='lat' dir='ltr'><strong>Deus</strong></span> <span class='ocrx_word' id='word_1_235' title='bbox 2153 1824 2201 1887; x_wconf 64' lang='grc' dir='ltr'><strong>ι</strong></span> <span class='ocrx_word' id='word_1_236' title='bbox 2231 1832 2347 1871; x_wconf 92' lang='lat' dir='ltr'><strong>rum</strong></span> <span class='ocrx_word' id='word_1_237' title='bbox 2398 1818 2692 1888; x_wconf 85' lang='lat' dir='ltr'><strong>assignant.</strong></span> <span class='ocrx_word' id='word_1_238' title='bbox 2737 1818 2954 1889; x_wconf 90' lang='lat' dir='ltr'><strong>Septem</strong></span> <span class='ocrx_word' id='word_1_239' title='bbox 2994 1820 3134 1891; x_wconf 89' lang='lat' dir='ltr'><strong>apud</strong></span> <span class='ocrx_word' id='word_1_240' title='bbox 3162 1831 3372 1877; x_wconf 77' lang='lat' dir='ltr'><strong>veteres</strong></span> <span class='ocrx_word' id='word_1_241' title='bbox 3394 1795 3823 1885; x_wconf 74' lang='lat' dir='ltr'><strong>annumerantur</strong></span> 
     </span>
    </p>
   </div>
   <div class='ocr_carea' id='block_1_37' title="bbox 523 1899 2116 1984">
    <p class='ocr_par' dir='ltr' id='par_1_37' title="bbox 523 1899 2116 1984">
     <span class='ocr_line' id='line_1_37' title="bbox 523 1899 2116 1984; baseline 0.013 -33"><span class='ocrx_word' id='word_1_242' title='bbox 523 1899 882 1961; x_wconf 82' lang='lat' dir='ltr'><strong>sanctiﬁcavit</strong></span> <span class='ocrx_word' id='word_1_243' title='bbox 902 1903 1084 1972; x_wconf 83' lang='lat' dir='ltr'><strong>aperis</strong></span> <span class='ocrx_word' id='word_1_244' title='bbox 1109 1905 1212 1973; x_wconf 84' lang='lat' dir='ltr'><strong>sui,</strong></span> <span class='ocrx_word' id='word_1_245' title='bbox 1246 1905 1342 1969; x_wconf 81' lang='lat' dir='ltr'><strong>sed</strong></span> <span class='ocrx_word' id='word_1_246' title='bbox 1373 1907 1731 1967; x_wconf 84' lang='lat' dir='ltr'><strong>sanctiﬁcavit</strong></span> <span class='ocrx_word' id='word_1_247' title='bbox 1760 1919 1961 1968; x_wconf 87' lang='lat' dir='ltr'><strong>tantum</strong></span> <span class='ocrx_word' id='word_1_248' title='bbox 1992 1930 2116 1984; x_wconf 90' lang='lat' dir='ltr'><strong>sep-</strong></span> 
     </span>
    </p>
   </div>
   <div class='ocr_carea' id='block_1_38' title="bbox 524 1989 2120 2076">
    <p class='ocr_par' dir='ltr' id='par_1_38' title="bbox 524 1989 2120 2076">
     <span class='ocr_line' id='line_1_38' title="bbox 524 1989 2120 2076; baseline 0.012 -33"><span class='ocrx_word' id='word_1_249' title='bbox 524 1989 730 2057; x_wconf 84' lang='lat' dir='ltr'><strong>timum,</strong></span> <span class='ocrx_word' id='word_1_250' title='bbox 759 1991 811 2046; x_wconf 92' lang='lat' dir='ltr'><strong>in</strong></span> <span class='ocrx_word' id='word_1_251' title='bbox 843 2007 948 2062; x_wconf 85' lang='lat' dir='ltr'><strong>quo</strong></span> <span class='ocrx_word' id='word_1_252' title='bbox 978 1994 1241 2065; x_wconf 81' lang='lat' dir='ltr'><strong>requievit</strong></span> <span class='ocrx_word' id='word_1_253' title='bbox 1268 1996 1338 2051; x_wconf 88' lang='lat' dir='ltr'><strong>ab</strong></span> <span class='ocrx_word' id='word_1_254' title='bbox 1366 1998 1621 2067; x_wconf 79' lang='lat' dir='ltr'><strong>operibus</strong></span> <span class='ocrx_word' id='word_1_255' title='bbox 1664 2002 1796 2061; x_wconf 84' lang='lat' dir='ltr'><strong>suis.</strong></span> <span class='ocrx_word' id='word_1_256' title='bbox 1829 2002 1957 2059; x_wconf 76' lang='lat' dir='ltr'><strong>Jure</strong></span> <span class='ocrx_word' id='word_1_257' title='bbox 1988 2021 2120 2076; x_wconf 91' lang='lat' dir='ltr'><strong>ergo</strong></span> 
     </span>
    </p>
   </div>
   <div class='ocr_carea' id='block_1_39' title="bbox 522 2086 2121 2167">
    <p class='ocr_par' dir='ltr' id='par_1_39' title="bbox 522 2086 2121 2167">
     <span class='ocr_line' id='line_1_39' title="bbox 522 2086 2121 2167; baseline 0.008 -27"><span class='ocrx_word' id='word_1_258' title='bbox 522 2086 850 2157; x_wconf 68' lang='lat' dir='ltr'><strong>septiformis</strong></span> <span class='ocrx_word' id='word_1_259' title='bbox 878 2089 1109 2167; x_wconf 77' lang='lat' dir='ltr'><strong>Spiritus</strong></span> <span class='ocrx_word' id='word_1_260' title='bbox 1137 2089 1419 2165; x_wconf 81' lang='lat' dir='ltr'><strong>imaginem</strong></span> <span class='ocrx_word' id='word_1_261' title='bbox 1442 2102 1643 2165; x_wconf 77' lang='lat' dir='ltr'><strong>portat,</strong></span> <span class='ocrx_word' id='word_1_262' title='bbox 1670 2096 1763 2167; x_wconf 83' lang='lat' dir='ltr'><strong>qui</strong></span> <span class='ocrx_word' id='word_1_263' title='bbox 1807 2113 1899 2165; x_wconf 88' lang='lat' dir='ltr'><strong>per</strong></span> <span class='ocrx_word' id='word_1_264' title='bbox 1928 2098 2121 2155; x_wconf 85' lang='lat' dir='ltr'><strong>divini-</strong></span> 
     </span>
    </p>
   </div>
   <div class='ocr_carea' id='block_1_40' title="bbox 521 2180 2120 2255">
    <p class='ocr_par' dir='ltr' id='par_1_40' title="bbox 521 2180 2120 2255">
     <span class='ocr_line' id='line_1_40' title="bbox 521 2180 2120 2255; baseline 0.011 -21"><span class='ocrx_word' id='word_1_265' title='bbox 521 2180 643 2255; x_wconf 83' lang='lat' dir='ltr'><strong>tatis</strong></span> <span class='ocrx_word' id='word_1_266' title='bbox 675 2181 1063 2253; x_wconf 77' lang='lat' dir='ltr'><strong>plenitudinem</strong></span> <span class='ocrx_word' id='word_1_267' title='bbox 1094 2184 1147 2241; x_wconf 89' lang='lat' dir='ltr'><strong>in</strong></span> <span class='ocrx_word' id='word_1_268' title='bbox 1177 2183 1393 2243; x_wconf 85' lang='lat' dir='ltr'><strong>Christo</strong></span> <span class='ocrx_word' id='word_1_269' title='bbox 1418 2185 1701 2255; x_wconf 71' lang='lat' dir='ltr'><strong>inhabitat,</strong></span> <span class='ocrx_word' id='word_1_270' title='bbox 1727 2186 1861 2246; x_wconf 82' lang='lat' dir='ltr'><strong>Isaia</strong></span> <span class='ocrx_word' id='word_1_271' title='bbox 1891 2202 2120 2251; x_wconf 80' lang='lat' dir='ltr'><strong>testante</strong></span> 
     </span>
    </p>
   </div>
   <div class='ocr_carea' id='block_1_41' title="bbox 907 2274 2116 2351">
    <p class='ocr_par' dir='ltr' id='par_1_41' title="bbox 907 2274 2116 2351">
     <span class='ocr_line' id='line_1_41' title="bbox 907 2274 2116 2351; baseline 0.01 -23"><span class='ocrx_word' id='word_1_272' title='bbox 907 2274 974 2333; x_wconf 83' lang='lat' dir='ltr'><strong>Et</strong></span> <span class='ocrx_word' id='word_1_273' title='bbox 1020 2276 1318 2347; x_wconf 73' lang='lat' dir='ltr'><strong>requiescet,</strong></span> <span class='ocrx_word' id='word_1_274' title='bbox 1365 2278 1555 2348; x_wconf 85' lang='lat' dir='ltr'><strong>inquit,</strong></span> <span class='ocrx_word' id='word_1_275' title='bbox 1611 2277 1843 2349; x_wconf 73' lang='lat' dir='ltr'><strong>Spiritus</strong></span> <span class='ocrx_word' id='word_1_276' title='bbox 1883 2280 2116 2351; x_wconf 78' lang='lat' dir='ltr'><strong>Domini,</strong></span> 
     </span>
    </p>
   </div>
   <div class='ocr_carea' id='block_1_42' title="bbox 520 2365 2121 2443">
    <p class='ocr_par' dir='ltr' id='par_1_42' title="bbox 520 2365 2121 2443">
     <span class='ocr_line' id='line_1_42' title="bbox 520 2365 2121 2443; baseline 0.012 -26"><span class='ocrx_word' id='word_1_277' title='bbox 520 2365 749 2438; x_wconf 65' lang='lat' dir='ltr'><strong>Spiritus</strong></span> <span class='ocrx_word' id='word_1_278' title='bbox 790 2369 1059 2439; x_wconf 70' lang='lat' dir='ltr'><strong>sapientia:</strong></span> <span class='ocrx_word' id='word_1_279' title='bbox 1107 2378 1155 2431; x_wconf 77' lang='lat' dir='ltr'><strong>et</strong></span> <span class='ocrx_word' id='word_1_280' title='bbox 1202 2369 1515 2438; x_wconf 71' lang='lat' dir='ltr'><strong>intellectus,</strong></span> <span class='ocrx_word' id='word_1_281' title='bbox 1551 2370 1781 2443; x_wconf 76' lang='lat' dir='ltr'><strong>Spiritus</strong></span> <span class='ocrx_word' id='word_1_282' title='bbox 1832 2377 2033 2433; x_wconf 81' lang='lat' dir='ltr'><strong>consilii</strong></span> <span class='ocrx_word' id='word_1_283' title='bbox 2071 2386 2121 2437; x_wconf 82' lang='lat' dir='ltr'><strong>st</strong></span> 
     </span>
    </p>
   </div>
   <div class='ocr_carea' id='block_1_43' title="bbox 517 2460 2117 2541">
    <p class='ocr_par' dir='ltr' id='par_1_43' title="bbox 517 2460 2117 2541">
     <span class='ocr_line' id='line_1_43' title="bbox 517 2460 2117 2541; baseline 0.009 -27"><span class='ocrx_word' id='word_1_284' title='bbox 517 2460 857 2537; x_wconf 72' lang='lat' dir='ltr'><strong>fortitudinis,</strong></span> <span class='ocrx_word' id='word_1_285' title='bbox 879 2462 1106 2531; x_wconf 77' lang='lat' dir='ltr'><strong>Spiritus</strong></span> <span class='ocrx_word' id='word_1_286' title='bbox 1128 2464 1354 2529; x_wconf 64' lang='lat' dir='ltr'><strong>scientia:</strong></span> <span class='ocrx_word' id='word_1_287' title='bbox 1374 2476 1421 2521; x_wconf 80' lang='lat' dir='ltr'><strong>et</strong></span> <span class='ocrx_word' id='word_1_288' title='bbox 1442 2466 1669 2536; x_wconf 72' lang='lat' dir='ltr'><strong>pietatis,</strong></span> <span class='ocrx_word' id='word_1_289' title='bbox 1696 2476 1742 2523; x_wconf 87' lang='lat' dir='ltr'><strong>et</strong></span> <span class='ocrx_word' id='word_1_290' title='bbox 1764 2469 1976 2541; x_wconf 77' lang='lat' dir='ltr'><strong>replebit</strong></span> <span class='ocrx_word' id='word_1_291' title='bbox 2000 2486 2117 2529; x_wconf 82' lang='lat' dir='ltr'><strong>eum</strong></span> 
     </span>
    </p>
   </div>
   <div class='ocr_carea' id='block_1_44' title="bbox 520 2553 1609 2629">
    <p class='ocr_par' dir='ltr' id='par_1_44' title="bbox 520 2553 1609 2629">
     <span class='ocr_line' id='line_1_44' title="bbox 520 2553 1609 2629; baseline 0.006 -22"><span class='ocrx_word' id='word_1_292' title='bbox 520 2553 749 2622; x_wconf 73' lang='lat' dir='ltr'><strong>Spiritus</strong></span> <span class='ocrx_word' id='word_1_293' title='bbox 775 2555 972 2625; x_wconf 79' lang='lat' dir='ltr'><strong>timoris</strong></span> <span class='ocrx_word' id='word_1_294' title='bbox 1018 2555 1227 2625; x_wconf 73' lang='lat' dir='ltr'><strong>Domini</strong></span> <span class='ocrx_word' id='word_1_295' title='bbox 1256 2554 1392 2617; x_wconf 74' lang='grc' dir='ltr'><strong>(ιω,</strong></span> <span class='ocrx_word' id='word_1_296' title='bbox 1426 2573 1503 2626; x_wconf 76' lang='grc' dir='ltr'><strong>ιι,</strong></span> <span class='ocrx_word' id='word_1_297' title='bbox 1533 2558 1609 2629; x_wconf 73' lang='lat'><strong>2).</strong></span> 
     </span>
    </p>
   </div>
   <div class='ocr_carea' id='block_1_45' title="bbox 590 2643 2113 2723">
    <p class='ocr_par' dir='ltr' id='par_1_45' title="bbox 590 2643 2113 2723">
     <span class='ocr_line' id='line_1_45' title="bbox 590 2643 2113 2723; baseline 0.008 -25"><span class='ocrx_word' id='word_1_298' title='bbox 590 2643 681 2699; x_wconf 73' lang='grc'><strong>40.</strong></span> <span class='ocrx_word' id='word_1_299' title='bbox 711 2645 861 2703; x_wconf 88' lang='lat' dir='ltr'><strong>Unde</strong></span> <span class='ocrx_word' id='word_1_300' title='bbox 891 2646 1250 2717; x_wconf 83' lang='lat' dir='ltr'><strong>thacltarias</strong></span> <span class='ocrx_word' id='word_1_301' title='bbox 1278 2648 1379 2711; x_wconf 78' lang='lat' dir='ltr'><strong>sub</strong></span> <span class='ocrx_word' id='word_1_302' title='bbox 1401 2648 1633 2723; x_wconf 83' lang='lat' dir='ltr'><strong>imagine</strong></span> <span class='ocrx_word' id='word_1_303' title='bbox 1654 2649 1858 2707; x_wconf 79' lang='lat' dir='ltr'><strong>Christi</strong></span> <span class='ocrx_word' id='word_1_304' title='bbox 1882 2651 2113 2722; x_wconf 78' lang='lat' dir='ltr'><strong>lapidem</strong></span> 
     </span>
    </p>
   </div>
   <div class='ocr_carea' id='block_1_46' title="bbox 516 2738 2116 2816">
    <p class='ocr_par' dir='ltr' id='par_1_46' title="bbox 516 2738 2116 2816">
     <span class='ocr_line' id='line_1_46' title="bbox 516 2738 2116 2816; baseline 0.006 -22"><span class='ocrx_word' id='word_1_305' title='bbox 516 2738 801 2807; x_wconf 72' lang='lat' dir='ltr'><strong>habentem</strong></span> <span class='ocrx_word' id='word_1_306' title='bbox 832 2741 1014 2805; x_wconf 77' lang='lat' dir='ltr'><strong>oculos</strong></span> <span class='ocrx_word' id='word_1_307' title='bbox 1036 2751 1244 2815; x_wconf 85' lang='lat' dir='ltr'><strong>septem</strong></span> <span class='ocrx_word' id='word_1_308' title='bbox 1287 2743 1493 2801; x_wconf 85' lang='lat' dir='ltr'><strong>scribit.</strong></span> <span class='ocrx_word' id='word_1_309' title='bbox 1546 2743 1716 2813; x_wconf 80' lang='lat' dir='ltr'><strong>Hujus</strong></span> <span class='ocrx_word' id='word_1_310' title='bbox 1746 2759 1876 2816; x_wconf 87' lang='lat' dir='ltr'><strong>ergo</strong></span> <span class='ocrx_word' id='word_1_311' title='bbox 1903 2744 2116 2804; x_wconf 90' lang='lat' dir='ltr'><strong>numeri</strong></span> 
     </span>
    </p>
   </div>
   <div class='ocr_carea' id='block_1_47' title="bbox 516 2832 2111 2910">
    <p class='ocr_par' dir='ltr' id='par_1_47' title="bbox 516 2832 2111 2910">
     <span class='ocr_line' id='line_1_47' title="bbox 516 2832 2111 2910; baseline 0.007 -24"><span class='ocrx_word' id='word_1_312' title='bbox 516 2833 761 2901; x_wconf 75' lang='lat' dir='ltr'><strong>exempla</strong></span> <span class='ocrx_word' id='word_1_313' title='bbox 790 2832 846 2903; x_wconf 83' lang='lat' dir='ltr'><strong>in</strong></span> <span class='ocrx_word' id='word_1_314' title='bbox 875 2834 1077 2901; x_wconf 79' lang='lat' dir='ltr'><strong>divinis</strong></span> <span class='ocrx_word' id='word_1_315' title='bbox 1108 2837 1476 2901; x_wconf 76' lang='lat' dir='ltr'><strong>voluminibus</strong></span> <span class='ocrx_word' id='word_1_316' title='bbox 1500 2838 1718 2907; x_wconf 79' lang='lat' dir='ltr'><strong>copiosa</strong></span> <span class='ocrx_word' id='word_1_317' title='bbox 1749 2848 1894 2895; x_wconf 86' lang='lat' dir='ltr'><strong>sunt.</strong></span> <span class='ocrx_word' id='word_1_318' title='bbox 1930 2838 2111 2910; x_wconf 82' lang='lat' dir='ltr'><strong>Septi-</strong></span> 
     </span>
    </p>
   </div>
   <div class='ocr_carea' id='block_1_48' title="bbox 516 2925 2111 3001">
    <p class='ocr_par' dir='ltr' id='par_1_48' title="bbox 516 2925 2111 3001">
     <span class='ocr_line' id='line_1_48' title="bbox 516 2925 2111 3001; baseline 0.007 -22"><span class='ocrx_word' id='word_1_319' title='bbox 516 2939 634 2979; x_wconf 88' lang='lat' dir='ltr'><strong>mus</strong></span> <span class='ocrx_word' id='word_1_320' title='bbox 660 2926 799 2979; x_wconf 88' lang='lat' dir='ltr'><strong>enint</strong></span> <span class='ocrx_word' id='word_1_321' title='bbox 830 2925 898 2981; x_wconf 86' lang='lat' dir='ltr'><strong>ab</strong></span> <span class='ocrx_word' id='word_1_322' title='bbox 927 2926 1097 2995; x_wconf 75' lang='lat' dir='ltr'><strong>Adam</strong></span> <span class='ocrx_word' id='word_1_323' title='bbox 1130 2930 1449 2993; x_wconf 74' lang='lat' dir='ltr'><strong>transfertur</strong></span> <span class='ocrx_word' id='word_1_324' title='bbox 1474 2930 1679 2991; x_wconf 77' lang='lat' dir='ltr'><strong>Enoch.</strong></span> <span class='ocrx_word' id='word_1_325' title='bbox 1728 2931 1796 2993; x_wconf 79' lang='grc' dir='ltr'><strong>Ει</strong></span> <span class='ocrx_word' id='word_1_326' title='bbox 1844 2932 2111 3001; x_wconf 80' lang='lat' dir='ltr'><strong>septimus</strong></span> 
     </span>
    </p>
   </div>
   <div class='ocr_carea' id='block_1_49' title="bbox 513 3022 2109 3099">
    <p class='ocr_par' dir='ltr' id='par_1_49' title="bbox 513 3022 2109 3099">
     <span class='ocr_line' id='line_1_49' title="bbox 513 3022 2109 3099; baseline 0.007 -27"><span class='ocrx_word' id='word_1_327' title='bbox 513 3028 849 3089; x_wconf 84' lang='lat' dir='ltr'><strong>computatur</strong></span> <span class='ocrx_word' id='word_1_328' title='bbox 874 3022 1128 3094; x_wconf 88' lang='lat' dir='ltr'><strong>Lamech,</strong></span> <span class='ocrx_word' id='word_1_329' title='bbox 1150 3027 1238 3096; x_wconf 93' lang='lat' dir='ltr'><strong>qui</strong></span> <span class='ocrx_word' id='word_1_330' title='bbox 1264 3034 1471 3099; x_wconf 89' lang='lat' dir='ltr'><strong>septem</strong></span> <span class='ocrx_word' id='word_1_331' title='bbox 1502 3026 1765 3084; x_wconf 86' lang='lat' dir='ltr'><strong>vindictas</strong></span> <span class='ocrx_word' id='word_1_332' title='bbox 1780 3028 1943 3091; x_wconf 89' lang='lat' dir='ltr'><strong>solvit</strong></span> <span class='ocrx_word' id='word_1_333' title='bbox 1957 3029 2109 3085; x_wconf 88' lang='lat' dir='ltr'><strong>Cain.</strong></span> 
     </span>
    </p>
   </div>
   <div class='ocr_carea' id='block_1_50' title="bbox 512 3106 2110 3194">
    <p class='ocr_par' dir='ltr' id='par_1_50' title="bbox 512 3106 2110 3194">
     <span class='ocr_line' id='line_1_50' title="bbox 512 3106 2110 3194; baseline 0.009 -27"><span class='ocrx_word' id='word_1_334' title='bbox 512 3106 756 3182; x_wconf 86' lang='lat' dir='ltr'><strong>Septimo</strong></span> <span class='ocrx_word' id='word_1_335' title='bbox 776 3114 862 3170; x_wconf 91' lang='lat' dir='ltr'><strong>die</strong></span> <span class='ocrx_word' id='word_1_336' title='bbox 880 3114 1228 3188; x_wconf 83' lang='lat' dir='ltr'><strong>ingressionis</strong></span> <span class='ocrx_word' id='word_1_337' title='bbox 1252 3118 1363 3176; x_wconf 84' lang='lat' dir='ltr'><strong>Noe</strong></span> <span class='ocrx_word' id='word_1_338' title='bbox 1385 3120 1645 3181; x_wconf 85' lang='lat' dir='ltr'><strong>diluvium</strong></span> <span class='ocrx_word' id='word_1_339' title='bbox 1670 3118 1856 3189; x_wconf 79' lang='lat' dir='ltr'><strong>iuit,et</strong></span> <span class='ocrx_word' id='word_1_340' title='bbox 1879 3123 2110 3194; x_wconf 90' lang='lat' dir='ltr'><strong>septimo</strong></span> 
     </span>
    </p>
   </div>
   <div class='ocr_carea' id='block_1_51' title="bbox 2223 1910 3821 1985">
    <p class='ocr_par' dir='ltr' id='par_1_51' title="bbox 2223 1910 3821 1985">
     <span class='ocr_line' id='line_1_51' title="bbox 2223 1910 3821 1985; baseline 0.002 -19"><span class='ocrx_word' id='word_1_341' title='bbox 2223 1925 2419 1981; x_wconf 86' lang='lat' dir='ltr'><strong>genera</strong></span> <span class='ocrx_word' id='word_1_342' title='bbox 2485 1910 2876 1983; x_wconf 54' lang='lat' dir='ltr'><strong>philosophia,</strong></span> <span class='ocrx_word' id='word_1_343' title='bbox 2936 1914 3109 1985; x_wconf 85' lang='lat' dir='ltr'><strong>prima</strong></span> <span class='ocrx_word' id='word_1_344' title='bbox 3158 1914 3526 1983; x_wconf 83' lang='lat' dir='ltr'><strong>arithmetica,</strong></span> <span class='ocrx_word' id='word_1_345' title='bbox 3578 1916 3821 1977; x_wconf 83' lang='lat' dir='ltr'><strong>secunda</strong></span> 
     </span>
    </p>
   </div>
   <div class='ocr_carea' id='block_1_52' title="bbox 2222 2002 3822 2079">
    <p class='ocr_par' dir='ltr' id='par_1_52' title="bbox 2222 2002 3822 2079">
     <span class='ocr_line' id='line_1_52' title="bbox 2222 2002 3822 2079; baseline 0.005 -24"><span class='ocrx_word' id='word_1_346' title='bbox 2222 2002 2540 2070; x_wconf 78' lang='lat' dir='ltr'><strong>geometria,</strong></span> <span class='ocrx_word' id='word_1_347' title='bbox 2570 2003 2724 2060; x_wconf 88' lang='lat' dir='ltr'><strong>tertia</strong></span> <span class='ocrx_word' id='word_1_348' title='bbox 2760 2004 2985 2072; x_wconf 87' lang='lat' dir='ltr'><strong>musica,</strong></span> <span class='ocrx_word' id='word_1_349' title='bbox 3013 2012 3204 2074; x_wconf 88' lang='lat' dir='ltr'><strong>quarta</strong></span> <span class='ocrx_word' id='word_1_350' title='bbox 3237 2005 3600 2079; x_wconf 71' lang='lat' dir='ltr'><strong>astronomia,</strong></span> <span class='ocrx_word' id='word_1_351' title='bbox 3637 2008 3822 2079; x_wconf 89' lang='lat' dir='ltr'><strong>quinta</strong></span> 
     </span>
    </p>
   </div>
   <div class='ocr_carea' id='block_1_53' title="bbox 2222 2092 3827 2167">
    <p class='ocr_par' dir='ltr' id='par_1_53' title="bbox 2222 2092 3827 2167">
     <span class='ocr_line' id='line_1_53' title="bbox 2222 2092 3827 2167; baseline 0.008 -23"><span class='ocrx_word' id='word_1_352' title='bbox 2222 2092 2533 2162; x_wconf 81' lang='lat' dir='ltr'><strong>astrologia,</strong></span> <span class='ocrx_word' id='word_1_353' title='bbox 2560 2102 2714 2149; x_wconf 82' lang='lat' dir='ltr'><strong>sexta</strong></span> <span class='ocrx_word' id='word_1_354' title='bbox 2742 2093 3076 2163; x_wconf 88' lang='lat' dir='ltr'><strong>mechanica,</strong></span> <span class='ocrx_word' id='word_1_355' title='bbox 3110 2096 3335 2167; x_wconf 87' lang='lat' dir='ltr'><strong>septima</strong></span> <span class='ocrx_word' id='word_1_356' title='bbox 3366 2097 3652 2165; x_wconf 73' lang='lat' dir='ltr'><strong>medicina.</strong></span> <span class='ocrx_word' id='word_1_357' title='bbox 3678 2099 3827 2157; x_wconf 77' lang='lat' dir='ltr'><strong>Iden</strong></span> 
     </span>
    </p>
   </div>
   <div class='ocr_carea' id='block_1_54' title="bbox 2222 2187 3823 2262">
    <p class='ocr_par' dir='ltr' id='par_1_54' title="bbox 2222 2187 3823 2262">
     <span class='ocr_line' id='line_1_54' title="bbox 2222 2187 3823 2262; baseline 0.008 -27"><span class='ocrx_word' id='word_1_358' title='bbox 2222 2197 2436 2254; x_wconf 85' lang='lat' dir='ltr'><strong>quoque</strong></span> <span class='ocrx_word' id='word_1_359' title='bbox 2464 2188 2801 2254; x_wconf 89' lang='lat' dir='ltr'><strong>septenarius</strong></span> <span class='ocrx_word' id='word_1_360' title='bbox 2835 2203 3090 2245; x_wconf 89' lang='lat' dir='ltr'><strong>numerus</strong></span> <span class='ocrx_word' id='word_1_361' title='bbox 3117 2187 3343 2245; x_wconf 81' lang='lat' dir='ltr'><strong>formam</strong></span> <span class='ocrx_word' id='word_1_362' title='bbox 3371 2189 3511 2257; x_wconf 62' lang='lat' dir='ltr'><strong>lunae</strong></span> <span class='ocrx_word' id='word_1_363' title='bbox 3539 2192 3823 2262; x_wconf 90' lang='lat' dir='ltr'><strong>complec-</strong></span> 
     </span>
    </p>
   </div>
   <div class='ocr_carea' id='block_1_55' title="bbox 2223 2274 3823 2359">
    <p class='ocr_par' dir='ltr' id='par_1_55' title="bbox 2223 2274 3823 2359">
     <span class='ocr_line' id='line_1_55' title="bbox 2223 2274 3823 2359; baseline 0.008 -30"><span class='ocrx_word' id='word_1_364' title='bbox 2223 2274 2385 2343; x_wconf 87' lang='lat' dir='ltr'><strong>titur;</strong></span> <span class='ocrx_word' id='word_1_365' title='bbox 2421 2284 2499 2331; x_wconf 91' lang='lat' dir='ltr'><strong>tot</strong></span> <span class='ocrx_word' id='word_1_366' title='bbox 2536 2278 2676 2341; x_wconf 89' lang='lat' dir='ltr'><strong>enim</strong></span> <span class='ocrx_word' id='word_1_367' title='bbox 2725 2278 2885 2334; x_wconf 87' lang='lat' dir='ltr'><strong>habet</strong></span> <span class='ocrx_word' id='word_1_368' title='bbox 2922 2278 3048 2335; x_wconf 90' lang='lat' dir='ltr'><strong>luna</strong></span> <span class='ocrx_word' id='word_1_369' title='bbox 3079 2280 3316 2351; x_wconf 87' lang='lat' dir='ltr'><strong>ﬁguras:</strong></span> <span class='ocrx_word' id='word_1_370' title='bbox 3365 2283 3540 2359; x_wconf 87' lang='lat' dir='ltr'><strong>prima</strong></span> <span class='ocrx_word' id='word_1_371' title='bbox 3583 2297 3823 2359; x_wconf 84' lang='lat' dir='ltr'><strong>namque</strong></span> 
     </span>
    </p>
   </div>
   <div class='ocr_carea' id='block_1_56' title="bbox 2219 2365 3823 2455">
    <p class='ocr_par' dir='ltr' id='par_1_56' title="bbox 2219 2365 3823 2455">
     <span class='ocr_line' id='line_1_56' title="bbox 2219 2365 3823 2455; baseline 0.008 -36"><span class='ocrx_word' id='word_1_372' title='bbox 2219 2365 2456 2421; x_wconf 91' lang='lat' dir='ltr'><strong>bicornis</strong></span> <span class='ocrx_word' id='word_1_373' title='bbox 2484 2377 2567 2423; x_wconf 85' lang='lat' dir='ltr'><strong>est</strong></span> <span class='ocrx_word' id='word_1_374' title='bbox 2589 2410 2604 2435; x_wconf 91' lang='lat'><strong>,</strong></span> <span class='ocrx_word' id='word_1_375' title='bbox 2630 2377 2687 2424; x_wconf 91' lang='lat' dir='ltr'><strong>et</strong></span> <span class='ocrx_word' id='word_1_376' title='bbox 2714 2371 2949 2426; x_wconf 89' lang='lat' dir='ltr'><strong>secunda</strong></span> <span class='ocrx_word' id='word_1_377' title='bbox 2989 2373 3214 2442; x_wconf 89' lang='lat' dir='ltr'><strong>sectilis,</strong></span> <span class='ocrx_word' id='word_1_378' title='bbox 3244 2388 3365 2449; x_wconf 70' lang='lat' dir='ltr'><strong>quae</strong></span> <span class='ocrx_word' id='word_1_379' title='bbox 3409 2374 3703 2441; x_wconf 90' lang='lat' dir='ltr'><strong>medilunia</strong></span> <span class='ocrx_word' id='word_1_380' title='bbox 3726 2392 3823 2455; x_wconf 87' lang='lat' dir='ltr'><strong>ap-</strong></span> 
     </span>
    </p>
   </div>
   <div class='ocr_carea' id='block_1_57' title="bbox 2221 2459 3818 2543">
    <p class='ocr_par' dir='ltr' id='par_1_57' title="bbox 2221 2459 3818 2543">
     <span class='ocr_line' id='line_1_57' title="bbox 2221 2459 3818 2543; baseline 0.007 -30"><span class='ocrx_word' id='word_1_381' title='bbox 2221 2459 2470 2528; x_wconf 87' lang='lat' dir='ltr'><strong>pellatur,</strong></span> <span class='ocrx_word' id='word_1_382' title='bbox 2506 2462 2661 2529; x_wconf 75' lang='lat' dir='ltr'><strong>tertia</strong></span> <span class='ocrx_word' id='word_1_383' title='bbox 2692 2461 2933 2531; x_wconf 89' lang='lat' dir='ltr'><strong>dimidia,</strong></span> <span class='ocrx_word' id='word_1_384' title='bbox 2963 2474 3154 2536; x_wconf 86' lang='lat' dir='ltr'><strong>quarta</strong></span> <span class='ocrx_word' id='word_1_385' title='bbox 3186 2465 3367 2541; x_wconf 87' lang='lat' dir='ltr'><strong>plena,</strong></span> <span class='ocrx_word' id='word_1_386' title='bbox 3399 2467 3606 2543; x_wconf 75' lang='lat' dir='ltr'><strong>quinta,</strong></span> <span class='ocrx_word' id='word_1_387' title='bbox 3635 2467 3689 2524; x_wconf 87' lang='lat' dir='ltr'><strong>id</strong></span> <span class='ocrx_word' id='word_1_388' title='bbox 3710 2480 3818 2539; x_wconf 70' lang='grc' dir='ltr'><strong>εει,</strong></span> 
     </span>
    </p>
   </div>
   <div class='ocr_carea' id='block_1_58' title="bbox 2220 2548 3818 2631">
    <p class='ocr_par' dir='ltr' id='par_1_58' title="bbox 2220 2548 3818 2631">
     <span class='ocr_line' id='line_1_58' title="bbox 2220 2548 3818 2631; baseline 0.009 -28"><span class='ocrx_word' id='word_1_389' title='bbox 2220 2548 2437 2604; x_wconf 88' lang='lat' dir='ltr'><strong>dimidia</strong></span> <span class='ocrx_word' id='word_1_390' title='bbox 2466 2566 2534 2606; x_wconf 80' lang='lat' dir='ltr'><strong>ex</strong></span> <span class='ocrx_word' id='word_1_391' title='bbox 2567 2552 2771 2624; x_wconf 84' lang='lat' dir='ltr'><strong>majore</strong></span> <span class='ocrx_word' id='word_1_392' title='bbox 2790 2596 2804 2620; x_wconf 93' lang='lat'><strong>,</strong></span> <span class='ocrx_word' id='word_1_393' title='bbox 2829 2565 2979 2609; x_wconf 81' lang='lat' dir='ltr'><strong>sexta</strong></span> <span class='ocrx_word' id='word_1_394' title='bbox 3011 2555 3063 2610; x_wconf 89' lang='lat' dir='ltr'><strong>id</strong></span> <span class='ocrx_word' id='word_1_395' title='bbox 3088 2564 3171 2612; x_wconf 90' lang='lat' dir='ltr'><strong>est</strong></span> <span class='ocrx_word' id='word_1_396' title='bbox 3192 2557 3422 2629; x_wconf 86' lang='lat' dir='ltr'><strong>sectilis,</strong></span> <span class='ocrx_word' id='word_1_397' title='bbox 3451 2558 3680 2629; x_wconf 83' lang='lat' dir='ltr'><strong>septima</strong></span> <span class='ocrx_word' id='word_1_398' title='bbox 3705 2562 3818 2631; x_wconf 80' lang='lat' dir='ltr'><strong>vix,</strong></span> 
     </span>
    </p>
   </div>
   <div class='ocr_carea' id='block_1_59' title="bbox 2218 2639 3811 2720">
    <p class='ocr_par' dir='ltr' id='par_1_59' title="bbox 2218 2639 3811 2720">
     <span class='ocr_line' id='line_1_59' title="bbox 2218 2639 3811 2720; baseline 0.008 -26"><span class='ocrx_word' id='word_1_399' title='bbox 2218 2639 2361 2708; x_wconf 90' lang='lat' dir='ltr'><strong>quod</strong></span> <span class='ocrx_word' id='word_1_400' title='bbox 2386 2649 2440 2695; x_wconf 92' lang='lat' dir='ltr'><strong>et</strong></span> <span class='ocrx_word' id='word_1_401' title='bbox 2472 2643 2640 2710; x_wconf 90' lang='lat' dir='ltr'><strong>prima</strong></span> <span class='ocrx_word' id='word_1_402' title='bbox 2659 2683 2674 2708; x_wconf 94' lang='lat'><strong>,</strong></span> <span class='ocrx_word' id='word_1_403' title='bbox 2704 2641 2962 2699; x_wconf 87' lang='lat' dir='ltr'><strong>bicornis.</strong></span> <span class='ocrx_word' id='word_1_404' title='bbox 2986 2643 3121 2700; x_wconf 86' lang='lat' dir='ltr'><strong>Nam</strong></span> <span class='ocrx_word' id='word_1_405' title='bbox 3152 2655 3260 2702; x_wconf 88' lang='lat' dir='ltr'><strong>tres</strong></span> <span class='ocrx_word' id='word_1_406' title='bbox 3296 2646 3495 2707; x_wconf 79' lang='lat' dir='ltr'><strong>formas</strong></span> <span class='ocrx_word' id='word_1_407' title='bbox 3526 2649 3811 2720; x_wconf 72' lang='lat' dir='ltr'><strong>praedictas</strong></span> 
     </span>
    </p>
   </div>
   <div class='ocr_carea' id='block_1_60' title="bbox 2218 2736 3821 2808">
    <p class='ocr_par' dir='ltr' id='par_1_60' title="bbox 2218 2736 3821 2808">
     <span class='ocr_line' id='line_1_60' title="bbox 2218 2736 3821 2808; baseline 0.004 -17"><span class='ocrx_word' id='word_1_408' title='bbox 2218 2736 2407 2791; x_wconf 88' lang='lat' dir='ltr'><strong>eadem</strong></span> <span class='ocrx_word' id='word_1_409' title='bbox 2442 2738 2605 2806; x_wconf 88' lang='lat' dir='ltr'><strong>ﬁgura</strong></span> <span class='ocrx_word' id='word_1_410' title='bbox 2636 2738 2898 2793; x_wconf 89' lang='lat' dir='ltr'><strong>deﬁniens</strong></span> <span class='ocrx_word' id='word_1_411' title='bbox 2927 2741 3143 2808; x_wconf 88' lang='lat' dir='ltr'><strong>repetit.</strong></span> <span class='ocrx_word' id='word_1_412' title='bbox 3170 2739 3266 2797; x_wconf 87' lang='lat' dir='ltr'><strong>Hic</strong></span> <span class='ocrx_word' id='word_1_413' title='bbox 3282 2740 3445 2797; x_wconf 90' lang='lat' dir='ltr'><strong>etiam</strong></span> <span class='ocrx_word' id='word_1_414' title='bbox 3478 2757 3733 2799; x_wconf 87' lang='lat' dir='ltr'><strong>numerus</strong></span> <span class='ocrx_word' id='word_1_415' title='bbox 3763 2752 3821 2798; x_wconf 86' lang='lat' dir='ltr'><strong>et</strong></span> 
     </span>
    </p>
   </div>
   <div class='ocr_carea' id='block_1_61' title="bbox 2219 2829 3817 2907">
    <p class='ocr_par' dir='ltr' id='par_1_61' title="bbox 2219 2829 3817 2907">
     <span class='ocr_line' id='line_1_61' title="bbox 2219 2829 3817 2907; baseline 0.005 -24"><span class='ocrx_word' id='word_1_416' title='bbox 2219 2829 2437 2885; x_wconf 88' lang='lat' dir='ltr'><strong>nomina</strong></span> <span class='ocrx_word' id='word_1_417' title='bbox 2460 2830 2599 2885; x_wconf 66' lang='lat' dir='ltr'><strong>luna:</strong></span> <span class='ocrx_word' id='word_1_418' title='bbox 2614 2830 2906 2901; x_wconf 84' lang='lat' dir='ltr'><strong>signiﬁcat.</strong></span> <span class='ocrx_word' id='word_1_419' title='bbox 2930 2830 3061 2886; x_wconf 87' lang='lat' dir='ltr'><strong>Nam</strong></span> <span class='ocrx_word' id='word_1_420' title='bbox 3086 2832 3410 2900; x_wconf 88' lang='lat' dir='ltr'><strong>unnm,duo,</strong></span> <span class='ocrx_word' id='word_1_421' title='bbox 3430 2834 3817 2907; x_wconf 85' lang='lat' dir='ltr'><strong>tria,quatuor,</strong></span> 
     </span>
    </p>
   </div>
   <div class='ocr_carea' id='block_1_62' title="bbox 2218 2921 3669 2996">
    <p class='ocr_par' dir='ltr' id='par_1_62' title="bbox 2218 2921 3669 2996">
     <span class='ocr_line' id='line_1_62' title="bbox 2218 2921 3669 2996; baseline 0.001 -18"><span class='ocrx_word' id='word_1_422' title='bbox 2218 2921 2479 2993; x_wconf 72' lang='lat' dir='ltr'><strong>quinque,</strong></span> <span class='ocrx_word' id='word_1_423' title='bbox 2510 2933 2565 2978; x_wconf 92' lang='lat' dir='ltr'><strong>et</strong></span> <span class='ocrx_word' id='word_1_424' title='bbox 2603 2937 2723 2989; x_wconf 81' lang='lat' dir='ltr'><strong>sex,</strong></span> <span class='ocrx_word' id='word_1_425' title='bbox 2752 2933 2805 2977; x_wconf 89' lang='lat' dir='ltr'><strong>et</strong></span> <span class='ocrx_word' id='word_1_426' title='bbox 2836 2932 3042 2996; x_wconf 89' lang='lat' dir='ltr'><strong>septem</strong></span> <span class='ocrx_word' id='word_1_427' title='bbox 3076 2924 3263 2995; x_wconf 86' lang='lat' dir='ltr'><strong>viginti</strong></span> <span class='ocrx_word' id='word_1_428' title='bbox 3299 2932 3423 2981; x_wconf 89' lang='lat' dir='ltr'><strong>octo</strong></span> <span class='ocrx_word' id='word_1_429' title='bbox 3447 2925 3669 2982; x_wconf 84' lang='lat' dir='ltr'><strong>faciunt.</strong></span> 
     </span>
    </p>
   </div>
   <div class='ocr_carea' id='block_1_63' title="bbox 2288 3002 3818 3099">
    <p class='ocr_par' dir='ltr' id='par_1_63' title="bbox 2288 3002 3818 3099">
     <span class='ocr_line' id='line_1_63' title="bbox 2288 3002 3818 3099; baseline 0.005 -27"><span class='ocrx_word' id='word_1_430' title='bbox 2288 3017 2380 3073; x_wconf 74' lang='grc'><strong>45.</strong></span> <span class='ocrx_word' id='word_1_431' title='bbox 2422 3017 2551 3074; x_wconf 91' lang='lat' dir='ltr'><strong>Item</strong></span> <span class='ocrx_word' id='word_1_432' title='bbox 2600 3028 2676 3073; x_wconf 91' lang='lat' dir='ltr'><strong>tot</strong></span> <span class='ocrx_word' id='word_1_433' title='bbox 2718 3027 2845 3073; x_wconf 89' lang='lat' dir='ltr'><strong>sunt</strong></span> <span class='ocrx_word' id='word_1_434' title='bbox 2883 3020 3096 3087; x_wconf 87' lang='lat' dir='ltr'><strong>circuli,</strong></span> <span class='ocrx_word' id='word_1_435' title='bbox 3136 3002 3213 3077; x_wconf 88' lang='lat' dir='ltr'><strong>tot</strong></span> <span class='ocrx_word' id='word_1_436' title='bbox 3263 3020 3494 3093; x_wconf 60' lang='lat' dir='ltr'><strong>planetae</strong></span> <span class='ocrx_word' id='word_1_437' title='bbox 3533 3022 3681 3099; x_wconf 58' lang='lat' dir='ltr'><strong>caeli,</strong></span> <span class='ocrx_word' id='word_1_438' title='bbox 3738 3032 3818 3085; x_wconf 88' lang='lat' dir='ltr'><strong>tot</strong></span> 
     </span>
    </p>
   </div>
   <div class='ocr_carea' id='block_1_64' title="bbox 2216 3108 3813 3181">
    <p class='ocr_par' dir='ltr' id='par_1_64' title="bbox 2216 3108 3813 3181">
     <span class='ocr_line' id='line_1_64' title="bbox 2216 3108 3813 3181; baseline 0.005 -17"><span class='ocrx_word' id='word_1_439' title='bbox 2216 3108 2335 3165; x_wconf 90' lang='lat' dir='ltr'><strong>dies</strong></span> <span class='ocrx_word' id='word_1_440' title='bbox 2360 3109 2566 3174; x_wconf 88' lang='lat' dir='ltr'><strong>mundi,</strong></span> <span class='ocrx_word' id='word_1_441' title='bbox 2600 3118 2782 3181; x_wconf 90' lang='lat' dir='ltr'><strong>totque</strong></span> <span class='ocrx_word' id='word_1_442' title='bbox 2812 3112 3201 3169; x_wconf 84' lang='lat' dir='ltr'><strong>transfusiones</strong></span> <span class='ocrx_word' id='word_1_443' title='bbox 3230 3115 3648 3174; x_wconf 89' lang='lat' dir='ltr'><strong>elementorum.</strong></span> <span class='ocrx_word' id='word_1_444' title='bbox 3681 3116 3813 3173; x_wconf 82' lang='lat' dir='ltr'><strong>Nam</strong></span> 
     </span>
    </p>
   </div>
   <div class='ocr_carea' id='block_1_65' title="bbox 518 3204 2112 3287">
    <p class='ocr_par' dir='ltr' id='par_1_65' title="bbox 518 3209 2112 3287">
     <span class='ocr_line' id='line_1_65' title="bbox 518 3209 2112 3287; baseline 0.009 -29"><span class='ocrx_word' id='word_1_445' title='bbox 518 3220 705 3261; x_wconf 87' lang='lat' dir='ltr'><strong>mense</strong></span> <span class='ocrx_word' id='word_1_446' title='bbox 736 3209 980 3266; x_wconf 89' lang='lat' dir='ltr'><strong>residens</strong></span> <span class='ocrx_word' id='word_1_447' title='bbox 1024 3226 1148 3265; x_wconf 90' lang='lat' dir='ltr'><strong>area</strong></span> <span class='ocrx_word' id='word_1_448' title='bbox 1191 3212 1417 3285; x_wconf 82' lang='lat' dir='ltr'><strong>quievit.</strong></span> <span class='ocrx_word' id='word_1_449' title='bbox 1462 3212 1694 3287; x_wconf 87' lang='lat' dir='ltr'><strong>Septena</strong></span> <span class='ocrx_word' id='word_1_450' title='bbox 1743 3229 1956 3287; x_wconf 87' lang='lat' dir='ltr'><strong>quoque</strong></span> <span class='ocrx_word' id='word_1_451' title='bbox 1997 3215 2112 3275; x_wconf 85' lang='lat' dir='ltr'><strong>ani-</strong></span> 
     </span>
    </p>
   </div>
   <div class='ocr_carea' id='block_1_66' title="bbox 2219 3204 3815 3287">
    <p class='ocr_par' dir='ltr' id='par_1_66' title="bbox 2221 3204 3815 3279">
     <span class='ocr_line' id='line_1_66' title="bbox 2221 3204 3815 3279; baseline 0.005 -20"><span class='ocrx_word' id='word_1_452' title='bbox 2221 3217 2289 3259; x_wconf 81' lang='lat' dir='ltr'><strong>ex</strong></span> <span class='ocrx_word' id='word_1_453' title='bbox 2317 3204 2441 3273; x_wconf 90' lang='lat' dir='ltr'><strong>igne</strong></span> <span class='ocrx_word' id='word_1_454' title='bbox 2468 3218 2581 3270; x_wconf 89' lang='lat' dir='ltr'><strong>aer,</strong></span> <span class='ocrx_word' id='word_1_455' title='bbox 2614 3218 2679 3259; x_wconf 81' lang='lat' dir='ltr'><strong>ex</strong></span> <span class='ocrx_word' id='word_1_456' title='bbox 2706 3219 2833 3261; x_wconf 90' lang='lat' dir='ltr'><strong>aere</strong></span> <span class='ocrx_word' id='word_1_457' title='bbox 2872 3221 3030 3276; x_wconf 88' lang='lat' dir='ltr'><strong>aqua,</strong></span> <span class='ocrx_word' id='word_1_458' title='bbox 3066 3221 3133 3262; x_wconf 80' lang='lat' dir='ltr'><strong>ex</strong></span> <span class='ocrx_word' id='word_1_459' title='bbox 3166 3223 3306 3279; x_wconf 87' lang='lat' dir='ltr'><strong>aqua</strong></span> <span class='ocrx_word' id='word_1_460' title='bbox 3338 3216 3501 3275; x_wconf 89' lang='lat' dir='ltr'><strong>terra,</strong></span> <span class='ocrx_word' id='word_1_461' title='bbox 3534 3210 3589 3264; x_wconf 90' lang='lat' dir='ltr'><strong>id</strong></span> <span class='ocrx_word' id='word_1_462' title='bbox 3614 3221 3696 3265; x_wconf 90' lang='lat' dir='ltr'><strong>est</strong></span> <span class='ocrx_word' id='word_1_463' title='bbox 3723 3226 3815 3267; x_wconf 91' lang='lat' dir='ltr'><strong>as-</strong></span> 
     </span>
    </p>
   </div>
   <div class='ocr_carea' id='block_1_67' title="bbox 517 3300 2108 3377">
    <p class='ocr_par' dir='ltr' id='par_1_67' title="bbox 517 3300 2108 3377">
     <span class='ocr_line' id='line_1_67' title="bbox 517 3300 2108 3377; baseline 0.009 -24"><span class='ocrx_word' id='word_1_464' title='bbox 517 3301 673 3355; x_wconf 90' lang='lat' dir='ltr'><strong>malia</strong></span> <span class='ocrx_word' id='word_1_465' title='bbox 707 3300 1031 3367; x_wconf 86' lang='lat' dir='ltr'><strong>introierunt</strong></span> <span class='ocrx_word' id='word_1_466' title='bbox 1055 3305 1106 3359; x_wconf 93' lang='lat' dir='ltr'><strong>in</strong></span> <span class='ocrx_word' id='word_1_467' title='bbox 1131 3319 1309 3360; x_wconf 89' lang='lat' dir='ltr'><strong>arcam</strong></span> <span class='ocrx_word' id='word_1_468' title='bbox 1335 3324 1349 3373; x_wconf 89' lang='lat'><strong>;</strong></span> <span class='ocrx_word' id='word_1_469' title='bbox 1380 3316 1433 3363; x_wconf 90' lang='lat' dir='ltr'><strong>et</strong></span> <span class='ocrx_word' id='word_1_470' title='bbox 1456 3318 1661 3377; x_wconf 89' lang='lat' dir='ltr'><strong>septem</strong></span> <span class='ocrx_word' id='word_1_471' title='bbox 1698 3306 1887 3364; x_wconf 90' lang='lat' dir='ltr'><strong>diebus</strong></span> <span class='ocrx_word' id='word_1_472' title='bbox 1915 3310 1969 3364; x_wconf 91' lang='lat' dir='ltr'><strong>in</strong></span> <span class='ocrx_word' id='word_1_473' title='bbox 2014 3325 2108 3367; x_wconf 88' lang='lat' dir='ltr'><strong>ve-</strong></span> 
     </span>
    </p>
   </div>
   <div class='ocr_carea' id='block_1_68' title="bbox 511 3394 2111 3469">
    <p class='ocr_par' dir='ltr' id='par_1_68' title="bbox 511 3394 2111 3469">
     <span class='ocr_line' id='line_1_68' title="bbox 511 3394 2111 3469; baseline 0.008 -24"><span class='ocrx_word' id='word_1_474' title='bbox 511 3395 609 3446; x_wconf 90' lang='lat' dir='ltr'><strong>teri</strong></span> <span class='ocrx_word' id='word_1_475' title='bbox 640 3394 755 3465; x_wconf 80' lang='lat' dir='ltr'><strong>iege</strong></span> <span class='ocrx_word' id='word_1_476' title='bbox 800 3396 1061 3452; x_wconf 86' lang='lat' dir='ltr'><strong>celebrari</strong></span> <span class='ocrx_word' id='word_1_477' title='bbox 1107 3398 1417 3469; x_wconf 70' lang='lat' dir='ltr'><strong>praecipitur</strong></span> <span class='ocrx_word' id='word_1_478' title='bbox 1457 3398 2111 3469; x_wconf 76' lang='lat' dir='ltr'><strong>pasclta..Candelabrum</strong></span> 
     </span>
    </p>
   </div>
   <div class='ocr_carea' id='block_1_69' title="bbox 517 3488 2113 3561">
    <p class='ocr_par' dir='ltr' id='par_1_69' title="bbox 517 3488 2113 3561">
     <span class='ocr_line' id='line_1_69' title="bbox 517 3488 2113 3561; baseline 0.008 -25"><span class='ocrx_word' id='word_1_479' title='bbox 517 3492 701 3539; x_wconf 91' lang='lat' dir='ltr'><strong>autem</strong></span> <span class='ocrx_word' id='word_1_480' title='bbox 735 3496 941 3558; x_wconf 78' lang='lat' dir='ltr'><strong>septem</strong></span> <span class='ocrx_word' id='word_1_481' title='bbox 988 3503 1262 3544; x_wconf 90' lang='lat' dir='ltr'><strong>ramorum</strong></span> <span class='ocrx_word' id='word_1_482' title='bbox 1318 3488 1373 3545; x_wconf 92' lang='lat' dir='ltr'><strong>in</strong></span> <span class='ocrx_word' id='word_1_483' title='bbox 1420 3490 1767 3561; x_wconf 85' lang='lat' dir='ltr'><strong>tabernaculo</strong></span> <span class='ocrx_word' id='word_1_484' title='bbox 1819 3492 2113 3549; x_wconf 89' lang='lat' dir='ltr'><strong>testimonii</strong></span> 
     </span>
    </p>
   </div>
   <div class='ocr_carea' id='block_1_70' title="bbox 517 3578 1362 3656">
    <p class='ocr_par' dir='ltr' id='par_1_70' title="bbox 517 3578 1362 3656">
     <span class='ocr_line' id='line_1_70' title="bbox 517 3578 1362 3656; baseline 0.011 -23"><span class='ocrx_word' id='word_1_485' title='bbox 517 3578 729 3653; x_wconf 78' lang='lat' dir='ltr'><strong>Moyses</strong></span> <span class='ocrx_word' id='word_1_486' title='bbox 761 3585 1035 3656; x_wconf 84' lang='lat' dir='ltr'><strong>Icgislator</strong></span> <span class='ocrx_word' id='word_1_487' title='bbox 1062 3588 1362 3642; x_wconf 91' lang='lat' dir='ltr'><strong>constituit.</strong></span> 
     </span>
    </p>
   </div>
   <div class='ocr_carea' id='block_1_71' title="bbox 584 3671 2107 3750">
    <p class='ocr_par' dir='ltr' id='par_1_71' title="bbox 584 3671 2107 3750">
     <span class='ocr_line' id='line_1_71' title="bbox 584 3671 2107 3750; baseline 0.007 -25"><span class='ocrx_word' id='word_1_488' title='bbox 584 3671 672 3725; x_wconf 71' lang='grc'><strong>41.</strong></span> <span class='ocrx_word' id='word_1_489' title='bbox 700 3672 835 3727; x_wconf 88' lang='lat' dir='ltr'><strong>Arca</strong></span> <span class='ocrx_word' id='word_1_490' title='bbox 858 3691 1068 3747; x_wconf 86' lang='lat' dir='ltr'><strong>quoque</strong></span> <span class='ocrx_word' id='word_1_491' title='bbox 1081 3674 1798 3749; x_wconf 87' lang='lat' dir='ltr'><strong>Testamenticlaugentibus</strong></span> <span class='ocrx_word' id='word_1_492' title='bbox 1823 3678 1962 3735; x_wconf 90' lang='lat' dir='ltr'><strong>tubis</strong></span> <span class='ocrx_word' id='word_1_493' title='bbox 1986 3695 2107 3750; x_wconf 89' lang='lat' dir='ltr'><strong>sep-</strong></span> 
     </span>
    </p>
   </div>
   <div class='ocr_carea' id='block_1_72' title="bbox 512 3764 2108 3845">
    <p class='ocr_par' dir='ltr' id='par_1_72' title="bbox 512 3764 2108 3845">
     <span class='ocr_line' id='line_1_72' title="bbox 512 3764 2108 3845; baseline 0.006 -27"><span class='ocrx_word' id='word_1_494' title='bbox 512 3764 609 3819; x_wconf 89' lang='lat' dir='ltr'><strong>ties</strong></span> <span class='ocrx_word' id='word_1_495' title='bbox 660 3765 984 3823; x_wconf 75' lang='lat' dir='ltr'><strong>circumacta</strong></span> <span class='ocrx_word' id='word_1_496' title='bbox 1048 3769 1267 3825; x_wconf 86' lang='lat' dir='ltr'><strong>Jericho</strong></span> <span class='ocrx_word' id='word_1_497' title='bbox 1317 3787 1502 3826; x_wconf 90' lang='lat' dir='ltr'><strong>muros</strong></span> <span class='ocrx_word' id='word_1_498' title='bbox 1546 3772 1828 3845; x_wconf 85' lang='lat' dir='ltr'><strong>subvertit.</strong></span> <span class='ocrx_word' id='word_1_499' title='bbox 1881 3772 2108 3828; x_wconf 73' lang='lat' dir='ltr'><strong>Elismus</strong></span> 
     </span>
    </p>
   </div>
   <div class='ocr_carea' id='block_1_73' title="bbox 510 3858 2106 3935">
    <p class='ocr_par' dir='ltr' id='par_1_73' title="bbox 510 3858 2106 3935">
     <span class='ocr_line' id='line_1_73' title="bbox 510 3858 2106 3935; baseline 0.006 -25"><span class='ocrx_word' id='word_1_500' title='bbox 510 3869 740 3928; x_wconf 88' lang='lat' dir='ltr'><strong>namque</strong></span> <span class='ocrx_word' id='word_1_501' title='bbox 766 3858 967 3927; x_wconf 86' lang='lat' dir='ltr'><strong>septies</strong></span> <span class='ocrx_word' id='word_1_502' title='bbox 1022 3875 1181 3929; x_wconf 87' lang='lat' dir='ltr'><strong>super</strong></span> <span class='ocrx_word' id='word_1_503' title='bbox 1230 3871 1499 3919; x_wconf 92' lang='lat' dir='ltr'><strong>mortuum</strong></span> <span class='ocrx_word' id='word_1_504' title='bbox 1556 3879 1779 3935; x_wconf 89' lang='lat' dir='ltr'><strong>puerum</strong></span> <span class='ocrx_word' id='word_1_505' title='bbox 1830 3864 2106 3920; x_wconf 75' lang='lat' dir='ltr'><strong>excitavit.</strong></span> 
     </span>
    </p>
   </div>
   <div class='ocr_carea' id='block_1_74' title="bbox 509 3948 2107 4027">
    <p class='ocr_par' dir='ltr' id='par_1_74' title="bbox 509 3948 2107 4027">
     <span class='ocr_line' id='line_1_74' title="bbox 509 3948 2107 4027; baseline 0.005 -23"><span class='ocrx_word' id='word_1_506' title='bbox 509 3948 725 4017; x_wconf 83' lang='lat' dir='ltr'><strong>Septem</strong></span> <span class='ocrx_word' id='word_1_507' title='bbox 753 3966 965 4020; x_wconf 87' lang='lat' dir='ltr'><strong>quoque</strong></span> <span class='ocrx_word' id='word_1_508' title='bbox 993 3952 1249 4009; x_wconf 91' lang='lat' dir='ltr'><strong>mulieres</strong></span> <span class='ocrx_word' id='word_1_509' title='bbox 1282 3955 1331 4007; x_wconf 90' lang='lat' dir='ltr'><strong>in</strong></span> <span class='ocrx_word' id='word_1_510' title='bbox 1366 3954 1501 4009; x_wconf 90' lang='lat' dir='ltr'><strong>Isaia</strong></span> <span class='ocrx_word' id='word_1_511' title='bbox 1525 3954 1697 4009; x_wconf 88' lang='lat' dir='ltr'><strong>virum</strong></span> <span class='ocrx_word' id='word_1_512' title='bbox 1724 3972 1887 4010; x_wconf 89' lang='lat' dir='ltr'><strong>unum</strong></span> <span class='ocrx_word' id='word_1_513' title='bbox 1910 3972 2107 4027; x_wconf 90' lang='lat' dir='ltr'><strong>appre-</strong></span> 
     </span>
    </p>
   </div>
   <div class='ocr_carea' id='block_1_75' title="bbox 507 4040 2099 4117">
    <p class='ocr_par' dir='ltr' id='par_1_75' title="bbox 507 4040 2099 4117">
     <span class='ocr_line' id='line_1_75' title="bbox 507 4040 2099 4117; baseline 0.006 -22"><span class='ocrx_word' id='word_1_514' title='bbox 507 4040 837 4107; x_wconf 89' lang='lat' dir='ltr'><strong>henderunt;</strong></span> <span class='ocrx_word' id='word_1_515' title='bbox 874 4042 1204 4114; x_wconf 86' lang='lat' dir='ltr'><strong>totidemque</strong></span> <span class='ocrx_word' id='word_1_516' title='bbox 1241 4043 1434 4100; x_wconf 79' lang='lat' dir='ltr'><strong>fratres</strong></span> <span class='ocrx_word' id='word_1_517' title='bbox 1461 4046 1598 4117; x_wconf 92' lang='lat' dir='ltr'><strong>apud</strong></span> <span class='ocrx_word' id='word_1_518' title='bbox 1632 4045 1961 4103; x_wconf 69' lang='lat' dir='ltr'><strong>Sadducmos</strong></span> <span class='ocrx_word' id='word_1_519' title='bbox 1986 4065 2099 4103; x_wconf 91' lang='lat' dir='ltr'><strong>mu-</strong></span> 
     </span>
    </p>
   </div>
   <div class='ocr_carea' id='block_1_76' title="bbox 507 4131 2106 4211">
    <p class='ocr_par' dir='ltr' id='par_1_76' title="bbox 507 4131 2106 4211">
     <span class='ocr_line' id='line_1_76' title="bbox 507 4131 2106 4211; baseline 0.005 -23"><span class='ocrx_word' id='word_1_520' title='bbox 507 4131 622 4189; x_wconf 87' lang='lat' dir='ltr'><strong>lieri</strong></span> <span class='ocrx_word' id='word_1_521' title='bbox 648 4134 874 4201; x_wconf 84' lang='lat' dir='ltr'><strong>nubunt,</strong></span> <span class='ocrx_word' id='word_1_522' title='bbox 895 4136 1109 4191; x_wconf 86' lang='lat' dir='ltr'><strong>sibimet</strong></span> <span class='ocrx_word' id='word_1_523' title='bbox 1134 4136 1738 4207; x_wconf 88' lang='lat' dir='ltr'><strong>succedentes.Septem</strong></span> <span class='ocrx_word' id='word_1_524' title='bbox 1763 4140 1924 4194; x_wconf 87' lang='lat' dir='ltr'><strong>etiam</strong></span> <span class='ocrx_word' id='word_1_525' title='bbox 1942 4156 2106 4211; x_wconf 89' lang='lat' dir='ltr'><strong>panes</strong></span> 
     </span>
    </p>
   </div>
   <div class='ocr_carea' id='block_1_77' title="bbox 509 4227 2103 4305">
    <p class='ocr_par' dir='ltr' id='par_1_77' title="bbox 509 4227 2103 4305">
     <span class='ocr_line' id='line_1_77' title="bbox 509 4227 2103 4305; baseline 0.007 -26"><span class='ocrx_word' id='word_1_526' title='bbox 509 4228 706 4295; x_wconf 85' lang='lat' dir='ltr'><strong>pepulo</strong></span> <span class='ocrx_word' id='word_1_527' title='bbox 754 4229 805 4281; x_wconf 92' lang='lat' dir='ltr'><strong>in</strong></span> <span class='ocrx_word' id='word_1_528' title='bbox 851 4227 1145 4297; x_wconf 88' lang='lat' dir='ltr'><strong>Evangelio</strong></span> <span class='ocrx_word' id='word_1_529' title='bbox 1190 4229 1522 4297; x_wconf 90' lang='lat' dir='ltr'><strong>dividuntur,</strong></span> <span class='ocrx_word' id='word_1_530' title='bbox 1557 4240 1610 4286; x_wconf 88' lang='lat' dir='ltr'><strong>et</strong></span> <span class='ocrx_word' id='word_1_531' title='bbox 1656 4242 1861 4301; x_wconf 89' lang='lat' dir='ltr'><strong>septem</strong></span> <span class='ocrx_word' id='word_1_532' title='bbox 1907 4243 2103 4305; x_wconf 74' lang='lat' dir='ltr'><strong>sporta:</strong></span> 
     </span>
    </p>
   </div>
   <div class='ocr_carea' id='block_1_78' title="bbox 507 4318 904 4385">
    <p class='ocr_par' dir='ltr' id='par_1_78' title="bbox 507 4318 904 4385">
     <span class='ocr_line' id='line_1_78' title="bbox 507 4318 904 4385; baseline -0.003 -14"><span class='ocrx_word' id='word_1_533' title='bbox 507 4318 904 4385; x_wconf 80' lang='lat' dir='ltr'><strong>snperiuerunt.</strong></span> 
     </span>
    </p>
   </div>
   <div class='ocr_carea' id='block_1_79' title="bbox 576 4410 2104 4485">
    <p class='ocr_par' dir='ltr' id='par_1_79' title="bbox 576 4410 2104 4485">
     <span class='ocr_line' id='line_1_79' title="bbox 576 4410 2104 4485; baseline 0.005 -19"><span class='ocrx_word' id='word_1_534' title='bbox 576 4410 667 4466; x_wconf 57' lang='grc' dir='ltr'><strong>ιθ.</strong></span> <span class='ocrx_word' id='word_1_535' title='bbox 691 4410 906 4479; x_wconf 85' lang='lat' dir='ltr'><strong>Septem</strong></span> <span class='ocrx_word' id='word_1_536' title='bbox 938 4412 1097 4466; x_wconf 90' lang='lat' dir='ltr'><strong>etiam</strong></span> <span class='ocrx_word' id='word_1_537' title='bbox 1141 4412 1402 4469; x_wconf 87' lang='lat' dir='ltr'><strong>Ecelesiis</strong></span> <span class='ocrx_word' id='word_1_538' title='bbox 1430 4416 1706 4485; x_wconf 87' lang='lat' dir='ltr'><strong>apostolus</strong></span> <span class='ocrx_word' id='word_1_539' title='bbox 1738 4416 1935 4473; x_wconf 84' lang='lat' dir='ltr'><strong>Paulus</strong></span> <span class='ocrx_word' id='word_1_540' title='bbox 1965 4420 2104 4474; x_wconf 83' lang='lat' dir='ltr'><strong>scri-</strong></span> 
     </span>
    </p>
   </div>
   <div class='ocr_carea' id='block_1_80' title="bbox 506 4504 2099 4580">
    <p class='ocr_par' dir='ltr' id='par_1_80' title="bbox 506 4504 2099 4580">
     <span class='ocr_line' id='line_1_80' title="bbox 506 4504 2099 4580; baseline 0.005 -21"><span class='ocrx_word' id='word_1_541' title='bbox 506 4504 604 4570; x_wconf 88' lang='lat' dir='ltr'><strong>bit,</strong></span> <span class='ocrx_word' id='word_1_542' title='bbox 640 4505 689 4558; x_wconf 90' lang='lat' dir='ltr'><strong>id</strong></span> <span class='ocrx_word' id='word_1_543' title='bbox 722 4514 822 4571; x_wconf 89' lang='lat' dir='ltr'><strong>est,</strong></span> <span class='ocrx_word' id='word_1_544' title='bbox 859 4506 1132 4575; x_wconf 74' lang='lat' dir='ltr'><strong>Romanis,</strong></span> <span class='ocrx_word' id='word_1_545' title='bbox 1184 4506 1503 4575; x_wconf 89' lang='lat' dir='ltr'><strong>Corinthiis,</strong></span> <span class='ocrx_word' id='word_1_546' title='bbox 1555 4508 1781 4577; x_wconf 78' lang='lat' dir='ltr'><strong>Calatis,</strong></span> <span class='ocrx_word' id='word_1_547' title='bbox 1831 4512 2099 4580; x_wconf 86' lang='lat' dir='ltr'><strong>Ephesiis,</strong></span> 
     </span>
    </p>
   </div>
   <div class='ocr_carea' id='block_1_81' title="bbox 454 4781 2104 4865">
    <p class='ocr_par' dir='ltr' id='par_1_81' title="bbox 454 4781 2104 4865">
     <span class='ocr_line' id='line_1_81' title="bbox 454 4781 2104 4865; baseline 0.006 -29"><span class='ocrx_word' id='word_1_548' title='bbox 454 4792 455 4797; x_wconf 82' lang='lat'>‘</span> <span class='ocrx_word' id='word_1_549' title='bbox 504 4781 976 4852; x_wconf 84' lang='lat' dir='ltr'><strong>candelabrorum,</strong></span> <span class='ocrx_word' id='word_1_550' title='bbox 1029 4785 1078 4840; x_wconf 90' lang='lat' dir='ltr'><strong>id</strong></span> <span class='ocrx_word' id='word_1_551' title='bbox 1135 4795 1243 4853; x_wconf 86' lang='lat' dir='ltr'><strong>est,</strong></span> <span class='ocrx_word' id='word_1_552' title='bbox 1292 4785 1660 4843; x_wconf 78' lang='lat' dir='ltr'><strong>Ecclesiaram</strong></span> <span class='ocrx_word' id='word_1_553' title='bbox 1712 4788 2104 4865; x_wconf 85' lang='lat' dir='ltr'><strong>Ephesiorum,</strong></span> 
     </span>
    </p>
   </div>
   <div class='ocr_carea' id='block_1_82' title="bbox 450 4868 3811 4953">
    <p class='ocr_par' dir='ltr' id='par_1_82' title="bbox 450 4868 3811 4953">
     <span class='ocr_line' id='line_1_82' title="bbox 450 4868 3811 4953; baseline -0.001 -21"><span class='ocrx_word' id='word_1_554' title='bbox 505 4868 1344 4948; x_wconf 77' lang='lat' dir='ltr'><strong>Smyrnensium,Pergamornm</strong></span> <span class='ocrx_word' id='word_1_555' title='bbox 1396 4878 1805 4951; x_wconf 76' lang='lat' dir='ltr'><strong>Thyatirarum,</strong></span> <span class='ocrx_word' id='word_1_556' title='bbox 1832 4882 2104 4951; x_wconf 89' lang='lat' dir='ltr'><strong>Sardium,</strong></span> <span class='ocrx_word' id='word_1_557' title='bbox 2208 4882 2387 4952; x_wconf 76' lang='lat' dir='ltr'><strong>jecur,</strong></span> <span class='ocrx_word' id='word_1_558' title='bbox 2438 4889 2496 4937; x_wconf 89' lang='lat' dir='ltr'><strong>et</strong></span> <span class='ocrx_word' id='word_1_559' title='bbox 2522 4879 2660 4953; x_wconf 86' lang='lat' dir='ltr'><strong>duos</strong></span> <span class='ocrx_word' id='word_1_560' title='bbox 2700 4892 2879 4943; x_wconf 84' lang='lat' dir='ltr'><strong>renes.</strong></span> <span class='ocrx_word' id='word_1_561' title='bbox 2948 4878 3079 4943; x_wconf 84' lang='lat' dir='ltr'><strong>Item</strong></span> <span class='ocrx_word' id='word_1_562' title='bbox 3111 4887 3318 4949; x_wconf 73' lang='lat' dir='ltr'><strong>septem</strong></span> <span class='ocrx_word' id='word_1_563' title='bbox 3358 4876 3603 4945; x_wconf 72' lang='lat' dir='ltr'><strong>corporis</strong></span> <span class='ocrx_word' id='word_1_564' title='bbox 3632 4885 3811 4945; x_wconf 88' lang='lat' dir='ltr'><strong>partes</strong></span> 
     </span>
    </p>
   </div>
   <div class='ocr_carea' id='block_1_83' title="bbox 460 4964 1548 5039">
    <p class='ocr_par' dir='ltr' id='par_1_83' title="bbox 460 4964 1548 5039">
     <span class='ocr_line' id='line_1_83' title="bbox 460 4964 1548 5039; baseline 0.01 -21"><span class='ocrx_word' id='word_1_565' title='bbox 514 4964 1028 5039; x_wconf 86' lang='lat' dir='ltr'><strong>Philadelphiornm,</strong></span> <span class='ocrx_word' id='word_1_566' title='bbox 1052 4979 1106 5026; x_wconf 86' lang='lat' dir='ltr'><strong>et</strong></span> <span class='ocrx_word' id='word_1_567' title='bbox 1144 4971 1548 5029; x_wconf 83' lang='lat' dir='ltr'><strong>Landiciorum.</strong></span> 
     </span>
    </p>
   </div>
   <div class='ocr_carea' id='block_1_84' title="bbox 578 5060 2107 5134">
    <p class='ocr_par' dir='ltr' id='par_1_84' title="bbox 578 5060 2107 5134">
     <span class='ocr_line' id='line_1_84' title="bbox 578 5060 2107 5134; baseline 0.006 -19"><span class='ocrx_word' id='word_1_568' title='bbox 578 5062 670 5116; x_wconf 66' lang='lat'><strong>42.</strong></span> <span class='ocrx_word' id='word_1_569' title='bbox 695 5061 826 5117; x_wconf 86' lang='lat' dir='ltr'><strong>item</strong></span> <span class='ocrx_word' id='word_1_570' title='bbox 851 5060 989 5131; x_wconf 89' lang='lat' dir='ltr'><strong>apud</strong></span> <span class='ocrx_word' id='word_1_571' title='bbox 1012 5061 1261 5117; x_wconf 85' lang='lat' dir='ltr'><strong>eumdem</strong></span> <span class='ocrx_word' id='word_1_572' title='bbox 1284 5074 1491 5134; x_wconf 87' lang='lat' dir='ltr'><strong>septem</strong></span> <span class='ocrx_word' id='word_1_573' title='bbox 1507 5066 1561 5120; x_wconf 92' lang='lat' dir='ltr'><strong>in</strong></span> <span class='ocrx_word' id='word_1_574' title='bbox 1585 5065 1804 5121; x_wconf 79' lang='lat' dir='ltr'><strong>dextera</strong></span> <span class='ocrx_word' id='word_1_575' title='bbox 1830 5068 1919 5122; x_wconf 89' lang='lat' dir='ltr'><strong>Dei</strong></span> <span class='ocrx_word' id='word_1_576' title='bbox 1936 5067 2107 5124; x_wconf 61' lang='lat' dir='ltr'><strong>stella</strong></span> 
     </span>
    </p>
   </div>
   <div class='ocr_carea' id='block_1_85' title="bbox 504 5156 2106 5232">
    <p class='ocr_par' dir='ltr' id='par_1_85' title="bbox 504 5156 2106 5232">
     <span class='ocr_line' id='line_1_85' title="bbox 504 5156 2106 5232; baseline 0.004 -20"><span class='ocrx_word' id='word_1_577' title='bbox 504 5158 776 5231; x_wconf 82' lang='lat' dir='ltr'><strong>leguntur,</strong></span> <span class='ocrx_word' id='word_1_578' title='bbox 791 5166 843 5213; x_wconf 93' lang='lat' dir='ltr'><strong>et</strong></span> <span class='ocrx_word' id='word_1_579' title='bbox 859 5166 1062 5226; x_wconf 90' lang='lat' dir='ltr'><strong>septem</strong></span> <span class='ocrx_word' id='word_1_580' title='bbox 1080 5156 1352 5227; x_wconf 86' lang='lat' dir='ltr'><strong>signacula</strong></span> <span class='ocrx_word' id='word_1_581' title='bbox 1370 5158 1489 5227; x_wconf 80' lang='lat' dir='ltr'><strong>libri</strong></span> <span class='ocrx_word' id='word_1_582' title='bbox 1502 5159 1685 5232; x_wconf 85' lang='lat' dir='ltr'><strong>Agnus</strong></span> <span class='ocrx_word' id='word_1_583' title='bbox 1702 5160 1913 5218; x_wconf 88' lang='lat' dir='ltr'><strong>occisus</strong></span> <span class='ocrx_word' id='word_1_584' title='bbox 1932 5163 2106 5218; x_wconf 88' lang='lat' dir='ltr'><strong>resol-</strong></span> 
     </span>
    </p>
   </div>
   <div class='ocr_carea' id='block_1_86' title="bbox 577 5317 2091 5392">
    <p class='ocr_par' dir='ltr' id='par_1_86' title="bbox 577 5317 2091 5392">
     <span class='ocr_line' id='line_1_86' title="bbox 577 5317 2091 5392; baseline 0.005 -22"><span class='ocrx_word' id='word_1_585' title='bbox 577 5317 664 5374; x_wconf 73' lang='lat'><strong>39.</strong></span> <span class='ocrx_word' id='word_1_586' title='bbox 709 5321 764 5376; x_wconf 90' lang='lat' dir='ltr'><strong>In</strong></span> <span class='ocrx_word' id='word_1_587' title='bbox 792 5318 1017 5390; x_wconf 78' lang='lat' dir='ltr'><strong>Vulgata</strong></span> <span class='ocrx_word' id='word_1_588' title='bbox 1050 5335 1063 5373; x_wconf 89' lang='lat'><strong>:</strong></span> <span class='ocrx_word' id='word_1_589' title='bbox 1095 5317 1162 5385; x_wconf 79' lang='lat' dir='ltr'><strong>Et</strong></span> <span class='ocrx_word' id='word_1_590' title='bbox 1182 5319 1459 5392; x_wconf 78' lang='lat' dir='ltr'><strong>requiescet</strong></span> <span class='ocrx_word' id='word_1_591' title='bbox 1499 5336 1654 5391; x_wconf 84' lang='lat' dir='ltr'><strong>super</strong></span> <span class='ocrx_word' id='word_1_592' title='bbox 1673 5336 1791 5376; x_wconf 83' lang='lat' dir='ltr'><strong>eum</strong></span> <span class='ocrx_word' id='word_1_593' title='bbox 1837 5320 2091 5391; x_wconf 78' lang='lat' dir='ltr'><strong>Spiritus,</strong></span> 
     </span>
    </p>
   </div>
   <div class='ocr_carea' id='block_1_87' title="bbox 507 5396 612 5442">
    <p class='ocr_par' dir='ltr' id='par_1_87' title="bbox 507 5396 612 5442">
     <span class='ocr_line' id='line_1_87' title="bbox 507 5396 612 5442; baseline 0 -1"><span class='ocrx_word' id='word_1_594' title='bbox 507 5396 612 5442; x_wconf 90' lang='lat' dir='ltr'><strong>etc.</strong></span> 
     </span>
    </p>
   </div>
   <div class='ocr_carea' id='block_1_88' title="bbox 578 5460 2094 5531">
    <p class='ocr_par' dir='ltr' id='par_1_88' title="bbox 578 5460 2094 5531">
     <span class='ocr_line' id='line_1_88' title="bbox 578 5460 2094 5531; baseline 0.002 -18"><span class='ocrx_word' id='word_1_595' title='bbox 578 5460 670 5531; x_wconf 67' lang='grc'><strong>41.</strong></span> <span class='ocrx_word' id='word_1_596' title='bbox 712 5462 860 5527; x_wconf 86' lang='lat' dir='ltr'><strong>Quod</strong></span> <span class='ocrx_word' id='word_1_597' title='bbox 891 5463 957 5519; x_wconf 92' lang='lat' dir='ltr'><strong>de</strong></span> <span class='ocrx_word' id='word_1_598' title='bbox 992 5462 1186 5531; x_wconf 67' lang='lat' dir='ltr'><strong>Eiisato</strong></span> <span class='ocrx_word' id='word_1_599' title='bbox 1216 5463 1441 5529; x_wconf 88' lang='lat' dir='ltr'><strong>dicitur,</strong></span> <span class='ocrx_word' id='word_1_600' title='bbox 1470 5464 1822 5531; x_wconf 84' lang='lat' dir='ltr'><strong>depravatum</strong></span> <span class='ocrx_word' id='word_1_601' title='bbox 1856 5461 2094 5517; x_wconf 86' lang='lat' dir='ltr'><strong>videtur.</strong></span> 
     </span>
    </p>
   </div>
   <div class='ocr_carea' id='block_1_89' title="bbox 510 5528 2099 5606">
    <p class='ocr_par' dir='ltr' id='par_1_89' title="bbox 510 5528 2099 5606">
     <span class='ocr_line' id='line_1_89' title="bbox 510 5528 2099 5606; baseline 0.003 -23"><span class='ocrx_word' id='word_1_602' title='bbox 510 5528 629 5584; x_wconf 88' lang='lat' dir='ltr'><strong>Lib.</strong></span> <span class='ocrx_word' id='word_1_603' title='bbox 662 5530 725 5595; x_wconf 83' lang='lat' dir='ltr'><strong>IV</strong></span> <span class='ocrx_word' id='word_1_604' title='bbox 746 5532 918 5605; x_wconf 75' lang='lat' dir='ltr'><strong>&#39;Reg.,</strong></span> <span class='ocrx_word' id='word_1_605' title='bbox 947 5528 1066 5606; x_wconf 82' lang='lat' dir='ltr'><strong>cap.</strong></span> <span class='ocrx_word' id='word_1_606' title='bbox 1109 5551 1183 5601; x_wconf 87' lang='lat' dir='ltr'><strong>tv,</strong></span> <span class='ocrx_word' id='word_1_607' title='bbox 1228 5534 1298 5592; x_wconf 76' lang='grc'><strong>55</strong></span> <span class='ocrx_word' id='word_1_608' title='bbox 1323 5545 1378 5593; x_wconf 90' lang='lat' dir='ltr'><strong>et</strong></span> <span class='ocrx_word' id='word_1_609' title='bbox 1396 5528 1576 5606; x_wconf 42' lang='lat' dir='ltr'><strong>seqq.)</strong></span> <span class='ocrx_word' id='word_1_610' title='bbox 1602 5550 1724 5590; x_wconf 91' lang='lat' dir='ltr'><strong>cum</strong></span> <span class='ocrx_word' id='word_1_611' title='bbox 1765 5533 1993 5587; x_wconf 74' lang='lat' dir='ltr'><strong>Eiismus</strong></span> <span class='ocrx_word' id='word_1_612' title='bbox 2019 5534 2099 5588; x_wconf 87' lang='lat' dir='ltr'><strong>bis</strong></span> 
     </span>
    </p>
   </div>
   <div class='ocr_carea' id='block_1_90' title="bbox 508 5605 2101 5676">
    <p class='ocr_par' dir='ltr' id='par_1_90' title="bbox 508 5605 2101 5676">
     <span class='ocr_line' id='line_1_90' title="bbox 508 5605 2101 5676; baseline 0.001 -21"><span class='ocrx_word' id='word_1_613' title='bbox 508 5611 598 5655; x_wconf 86' lang='lat' dir='ltr'><strong>aut</strong></span> <span class='ocrx_word' id='word_1_614' title='bbox 630 5613 709 5658; x_wconf 89' lang='lat' dir='ltr'><strong>ter</strong></span> <span class='ocrx_word' id='word_1_615' title='bbox 749 5620 909 5674; x_wconf 89' lang='lat' dir='ltr'><strong>super</strong></span> <span class='ocrx_word' id='word_1_616' title='bbox 935 5623 1155 5676; x_wconf 83' lang='lat' dir='ltr'><strong>puerum</strong></span> <span class='ocrx_word' id='word_1_617' title='bbox 1183 5618 1448 5663; x_wconf 90' lang='lat' dir='ltr'><strong>mortuum</strong></span> <span class='ocrx_word' id='word_1_618' title='bbox 1476 5605 1827 5667; x_wconf 78' lang='lat' dir='ltr'><strong>incubuisset,</strong></span> <span class='ocrx_word' id='word_1_619' title='bbox 1861 5605 2101 5676; x_wconf 81' lang='lat' dir='ltr'><strong>oscitavit</strong></span> 
     </span>
    </p>
   </div>
   <div class='ocr_carea' id='block_1_91' title="bbox 512 5675 2061 5747">
    <p class='ocr_par' dir='ltr' id='par_1_91' title="bbox 512 5675 2061 5747">
     <span class='ocr_line' id='line_1_91' title="bbox 512 5675 2061 5747; baseline 0 -18"><span class='ocrx_word' id='word_1_620' title='bbox 512 5689 643 5747; x_wconf 64' lang='lat' dir='ltr'><strong>puer:</strong></span> <span class='ocrx_word' id='word_1_621' title='bbox 660 5678 867 5747; x_wconf 61' lang='lat' dir='ltr'><strong>septies,</strong></span> <span class='ocrx_word' id='word_1_622' title='bbox 923 5675 1068 5747; x_wconf 86' lang='lat' dir='ltr'><strong>quod</strong></span> <span class='ocrx_word' id='word_1_623' title='bbox 1094 5678 1321 5735; x_wconf 83' lang='lat' dir='ltr'><strong>fortasse</strong></span> <span class='ocrx_word' id='word_1_624' title='bbox 1348 5679 1573 5733; x_wconf 82' lang='lat' dir='ltr'><strong>iunucre</strong></span> <span class='ocrx_word' id='word_1_625' title='bbox 1610 5677 1774 5747; x_wconf 78' lang='lat' dir='ltr'><strong>voiuit</strong></span> <span class='ocrx_word' id='word_1_626' title='bbox 1802 5675 2061 5731; x_wconf 84' lang='lat' dir='ltr'><strong>Isidorus.</strong></span> 
     </span>
    </p>
   </div>
   <div class='ocr_carea' id='block_1_92' title="bbox 579 5742 2098 5819">
    <p class='ocr_par' dir='ltr' id='par_1_92' title="bbox 579 5742 2098 5819">
     <span class='ocr_line' id='line_1_92' title="bbox 579 5742 2098 5819; baseline 0.003 -22"><span class='ocrx_word' id='word_1_627' title='bbox 579 5743 666 5819; x_wconf 45' lang='lat' dir='ltr'><strong>t5.</strong></span> <span class='ocrx_word' id='word_1_628' title='bbox 720 5742 1036 5817; x_wconf 49' lang='lat' dir='ltr'><strong>Per&#39;sepicm</strong></span> <span class='ocrx_word' id='word_1_629' title='bbox 1066 5750 1129 5815; x_wconf 80' lang='lat' dir='ltr'><strong>de</strong></span> <span class='ocrx_word' id='word_1_630' title='bbox 1153 5766 1253 5805; x_wconf 87' lang='lat' dir='ltr'><strong>uno</strong></span> <span class='ocrx_word' id='word_1_631' title='bbox 1280 5765 1481 5819; x_wconf 79' lang='lat' dir='ltr'><strong>quoque</strong></span> <span class='ocrx_word' id='word_1_632' title='bbox 1500 5788 1514 5811; x_wconf 91' lang='lat'><strong>,</strong></span> <span class='ocrx_word' id='word_1_633' title='bbox 1539 5758 1659 5819; x_wconf 45' lang='lat' dir='ltr'><strong>etc;</strong></span> <span class='ocrx_word' id='word_1_634' title='bbox 1676 5746 1925 5803; x_wconf 78' lang='lat' dir='ltr'><strong>Mcndum</strong></span> <span class='ocrx_word' id='word_1_635' title='bbox 1949 5758 2098 5801; x_wconf 87' lang='lat' dir='ltr'><strong>certe</strong></span> 
     </span>
    </p>
   </div>
   <div class='ocr_carea' id='block_1_93' title="bbox 510 5808 2100 5889">
    <p class='ocr_par' dir='ltr' id='par_1_93' title="bbox 510 5808 2100 5889">
     <span class='ocr_line' id='line_1_93' title="bbox 510 5808 2100 5889; baseline 0 -18"><span class='ocrx_word' id='word_1_636' title='bbox 510 5816 716 5887; x_wconf 85' lang='lat' dir='ltr'><strong>subest,</strong></span> <span class='ocrx_word' id='word_1_637' title='bbox 763 5808 909 5888; x_wconf 83' lang='lat' dir='ltr'><strong>quod</strong></span> <span class='ocrx_word' id='word_1_638' title='bbox 936 5820 1007 5877; x_wconf 81' lang='lat' dir='ltr'><strong>ita</strong></span> <span class='ocrx_word' id='word_1_639' title='bbox 1033 5808 1309 5877; x_wconf 78' lang='lat' dir='ltr'><strong>emendari</strong></span> <span class='ocrx_word' id='word_1_640' title='bbox 1347 5808 1524 5889; x_wconf 78' lang='lat' dir='ltr'><strong>potest</strong></span> <span class='ocrx_word' id='word_1_641' title='bbox 1569 5834 1585 5873; x_wconf 86' lang='lat'><strong>:</strong></span> <span class='ocrx_word' id='word_1_642' title='bbox 1619 5808 1723 5872; x_wconf 83' lang='lat' dir='ltr'><strong>Per</strong></span> <span class='ocrx_word' id='word_1_643' title='bbox 1752 5828 1967 5888; x_wconf 79' lang='lat' dir='ltr'><strong>septem,</strong></span> <span class='ocrx_word' id='word_1_644' title='bbox 1999 5833 2100 5871; x_wconf 83' lang='lat' dir='ltr'><strong>uno</strong></span> 
     </span>
    </p>
   </div>
   <div class='ocr_carea' id='block_1_94' title="bbox 2218 3293 3811 3375">
    <p class='ocr_par' dir='ltr' id='par_1_94' title="bbox 2218 3293 3811 3375">
     <span class='ocr_line' id='line_1_94' title="bbox 2218 3293 3811 3375; baseline 0.005 -26"><span class='ocrx_word' id='word_1_645' title='bbox 2218 3293 2424 3363; x_wconf 90' lang='lat' dir='ltr'><strong>censio,</strong></span> <span class='ocrx_word' id='word_1_646' title='bbox 2450 3309 2518 3351; x_wconf 81' lang='lat' dir='ltr'><strong>ex</strong></span> <span class='ocrx_word' id='word_1_647' title='bbox 2555 3304 2700 3351; x_wconf 91' lang='lat' dir='ltr'><strong>terra</strong></span> <span class='ocrx_word' id='word_1_648' title='bbox 2730 3311 2890 3369; x_wconf 88' lang='lat' dir='ltr'><strong>aqua,</strong></span> <span class='ocrx_word' id='word_1_649' title='bbox 2924 3313 2988 3352; x_wconf 87' lang='lat' dir='ltr'><strong>ex</strong></span> <span class='ocrx_word' id='word_1_650' title='bbox 3016 3312 3153 3368; x_wconf 89' lang='lat' dir='ltr'><strong>aqua</strong></span> <span class='ocrx_word' id='word_1_651' title='bbox 3179 3313 3293 3367; x_wconf 89' lang='lat' dir='ltr'><strong>aer,</strong></span> <span class='ocrx_word' id='word_1_652' title='bbox 3324 3310 3378 3356; x_wconf 93' lang='lat' dir='ltr'><strong>et</strong></span> <span class='ocrx_word' id='word_1_653' title='bbox 3403 3315 3470 3356; x_wconf 78' lang='lat' dir='ltr'><strong>ex</strong></span> <span class='ocrx_word' id='word_1_654' title='bbox 3500 3316 3625 3359; x_wconf 88' lang='lat' dir='ltr'><strong>aere</strong></span> <span class='ocrx_word' id='word_1_655' title='bbox 3652 3302 3811 3375; x_wconf 89' lang='lat' dir='ltr'><strong>ignis.</strong></span> 
     </span>
    </p>
   </div>
   <div class='ocr_carea' id='block_1_95' title="bbox 2219 3386 3817 3465">
    <p class='ocr_par' dir='ltr' id='par_1_95' title="bbox 2219 3386 3817 3465">
     <span class='ocr_line' id='line_1_95' title="bbox 2219 3386 3817 3465; baseline 0.005 -22"><span class='ocrx_word' id='word_1_656' title='bbox 2219 3386 2394 3443; x_wconf 89' lang='lat' dir='ltr'><strong>Porro</strong></span> <span class='ocrx_word' id='word_1_657' title='bbox 2425 3390 2726 3459; x_wconf 85' lang='lat' dir='ltr'><strong>septimana</strong></span> <span class='ocrx_word' id='word_1_658' title='bbox 2759 3399 2946 3461; x_wconf 91' lang='lat' dir='ltr'><strong>partus</strong></span> <span class='ocrx_word' id='word_1_659' title='bbox 2971 3390 3245 3447; x_wconf 91' lang='lat' dir='ltr'><strong>hominem</strong></span> <span class='ocrx_word' id='word_1_660' title='bbox 3276 3392 3579 3450; x_wconf 90' lang='lat' dir='ltr'><strong>absolutum</strong></span> <span class='ocrx_word' id='word_1_661' title='bbox 3609 3396 3817 3465; x_wconf 83' lang='lat' dir='ltr'><strong>periec-</strong></span> 
     </span>
    </p>
   </div>
   <div class='ocr_carea' id='block_1_96' title="bbox 2218 3481 3814 3559">
    <p class='ocr_par' dir='ltr' id='par_1_96' title="bbox 2218 3481 3814 3559">
     <span class='ocr_line' id='line_1_96' title="bbox 2218 3481 3814 3559; baseline 0.005 -24"><span class='ocrx_word' id='word_1_662' title='bbox 2218 3488 2440 3550; x_wconf 88' lang='lat' dir='ltr'><strong>tutnque</strong></span> <span class='ocrx_word' id='word_1_663' title='bbox 2463 3481 2762 3537; x_wconf 90' lang='lat' dir='ltr'><strong>dimittunt.</strong></span> <span class='ocrx_word' id='word_1_664' title='bbox 2792 3481 3034 3553; x_wconf 89' lang='lat' dir='ltr'><strong>Septima</strong></span> <span class='ocrx_word' id='word_1_665' title='bbox 3070 3498 3286 3556; x_wconf 92' lang='lat' dir='ltr'><strong>quoque</strong></span> <span class='ocrx_word' id='word_1_666' title='bbox 3321 3485 3407 3540; x_wconf 90' lang='lat' dir='ltr'><strong>die</strong></span> <span class='ocrx_word' id='word_1_667' title='bbox 3423 3485 3561 3559; x_wconf 30' lang='lat' dir='ltr'><strong>Aegri</strong></span> <span class='ocrx_word' id='word_1_668' title='bbox 3592 3487 3814 3557; x_wconf 54' lang='lat' dir='ltr'><strong>pericli-</strong></span> 
     </span>
    </p>
   </div>
   <div class='ocr_carea' id='block_1_97' title="bbox 2217 3571 3813 3649">
    <p class='ocr_par' dir='ltr' id='par_1_97' title="bbox 2217 3571 3813 3649">
     <span class='ocr_line' id='line_1_97' title="bbox 2217 3571 3813 3649; baseline 0.004 -22"><span class='ocrx_word' id='word_1_669' title='bbox 2217 3581 2415 3628; x_wconf 88' lang='lat' dir='ltr'><strong>tantur.</strong></span> <span class='ocrx_word' id='word_1_670' title='bbox 2470 3571 2697 3631; x_wconf 84' lang='lat' dir='ltr'><strong>Voeales</strong></span> <span class='ocrx_word' id='word_1_671' title='bbox 2723 3590 2938 3646; x_wconf 91' lang='lat' dir='ltr'><strong>quoque</strong></span> <span class='ocrx_word' id='word_1_672' title='bbox 2981 3574 3187 3633; x_wconf 67' lang='lat' dir='ltr'><strong>Grmcae</strong></span> <span class='ocrx_word' id='word_1_673' title='bbox 3230 3578 3425 3634; x_wconf 65' lang='lat' dir='ltr'><strong>littera:</strong></span> <span class='ocrx_word' id='word_1_674' title='bbox 3459 3587 3664 3649; x_wconf 90' lang='lat' dir='ltr'><strong>septem</strong></span> <span class='ocrx_word' id='word_1_675' title='bbox 3714 3580 3813 3634; x_wconf 85' lang='lat' dir='ltr'><strong>ha-</strong></span> 
     </span>
    </p>
   </div>
   <div class='ocr_carea' id='block_1_98' title="bbox 2213 3666 2432 3721">
    <p class='ocr_par' dir='ltr' id='par_1_98' title="bbox 2213 3666 2432 3721">
     <span class='ocr_line' id='line_1_98' title="bbox 2213 3666 2432 3721; baseline -0.009 0"><span class='ocrx_word' id='word_1_676' title='bbox 2213 3666 2432 3721; x_wconf 86' lang='lat' dir='ltr'><strong>bentur.</strong></span> 
     </span>
    </p>
   </div>
   <div class='ocr_carea' id='block_1_99' title="bbox 2286 3756 3813 3830">
    <p class='ocr_par' dir='ltr' id='par_1_99' title="bbox 2286 3756 3813 3830">
     <span class='ocr_line' id='line_1_99' title="bbox 2286 3756 3813 3830; baseline 0.003 -19"><span class='ocrx_word' id='word_1_677' title='bbox 2286 3756 2378 3812; x_wconf 68' lang='grc'><strong>46.</strong></span> <span class='ocrx_word' id='word_1_678' title='bbox 2407 3756 2529 3827; x_wconf 89' lang='lat' dir='ltr'><strong>Ipse</strong></span> <span class='ocrx_word' id='word_1_679' title='bbox 2556 3767 2734 3813; x_wconf 89' lang='lat' dir='ltr'><strong>autem</strong></span> <span class='ocrx_word' id='word_1_680' title='bbox 2769 3757 2930 3815; x_wconf 92' lang='lat' dir='ltr'><strong>homo</strong></span> <span class='ocrx_word' id='word_1_681' title='bbox 2955 3768 3163 3830; x_wconf 90' lang='lat' dir='ltr'><strong>septem</strong></span> <span class='ocrx_word' id='word_1_682' title='bbox 3196 3767 3407 3817; x_wconf 89' lang='lat' dir='ltr'><strong>meatus</strong></span> <span class='ocrx_word' id='word_1_683' title='bbox 3438 3759 3602 3818; x_wconf 89' lang='lat' dir='ltr'><strong>habet</strong></span> <span class='ocrx_word' id='word_1_684' title='bbox 3637 3762 3689 3817; x_wconf 91' lang='lat' dir='ltr'><strong>in</strong></span> <span class='ocrx_word' id='word_1_685' title='bbox 3719 3775 3813 3816; x_wconf 84' lang='lat' dir='ltr'><strong>ca-</strong></span> 
     </span>
    </p>
   </div>
   <div class='ocr_carea' id='block_1_100' title="bbox 2215 3851 3816 3927">
    <p class='ocr_par' dir='ltr' id='par_1_100' title="bbox 2215 3851 3816 3927">
     <span class='ocr_line' id='line_1_100' title="bbox 2215 3851 3816 3927; baseline 0.004 -21"><span class='ocrx_word' id='word_1_686' title='bbox 2215 3852 2327 3922; x_wconf 89' lang='lat' dir='ltr'><strong>pite</strong></span> <span class='ocrx_word' id='word_1_687' title='bbox 2355 3851 2603 3908; x_wconf 84' lang='lat' dir='ltr'><strong>sensibus</strong></span> <span class='ocrx_word' id='word_1_688' title='bbox 2632 3863 2982 3927; x_wconf 70' lang='lat' dir='ltr'><strong>praeparatos,</strong></span> <span class='ocrx_word' id='word_1_689' title='bbox 3014 3854 3151 3910; x_wconf 89' lang='lat' dir='ltr'><strong>duos</strong></span> <span class='ocrx_word' id='word_1_690' title='bbox 3174 3855 3393 3923; x_wconf 89' lang='lat' dir='ltr'><strong>oculos,</strong></span> <span class='ocrx_word' id='word_1_691' title='bbox 3424 3870 3706 3926; x_wconf 87' lang='lat' dir='ltr'><strong>auresque,</strong></span> <span class='ocrx_word' id='word_1_692' title='bbox 3758 3864 3816 3912; x_wconf 88' lang='lat' dir='ltr'><strong>et</strong></span> 
     </span>
    </p>
   </div>
   <div class='ocr_carea' id='block_1_101' title="bbox 2212 3944 3815 4019">
    <p class='ocr_par' dir='ltr' id='par_1_101' title="bbox 2212 3944 3815 4019">
     <span class='ocr_line' id='line_1_101' title="bbox 2212 3944 3815 4019; baseline 0.003 -20"><span class='ocrx_word' id='word_1_693' title='bbox 2212 3958 2374 3999; x_wconf 89' lang='lat' dir='ltr'><strong>nares</strong></span> <span class='ocrx_word' id='word_1_694' title='bbox 2415 3944 2661 4012; x_wconf 89' lang='lat' dir='ltr'><strong>totidem,</strong></span> <span class='ocrx_word' id='word_1_695' title='bbox 2694 3953 2749 4000; x_wconf 90' lang='lat' dir='ltr'><strong>et</strong></span> <span class='ocrx_word' id='word_1_696' title='bbox 2777 3959 2839 4000; x_wconf 86' lang='lat' dir='ltr'><strong>os</strong></span> <span class='ocrx_word' id='word_1_697' title='bbox 2867 3961 3049 4000; x_wconf 92' lang='lat' dir='ltr'><strong>unum.</strong></span> <span class='ocrx_word' id='word_1_698' title='bbox 3088 3946 3332 4002; x_wconf 73' lang='lat' dir='ltr'><strong>I’arvulis</strong></span> <span class='ocrx_word' id='word_1_699' title='bbox 3380 3948 3545 4003; x_wconf 91' lang='lat' dir='ltr'><strong>etiam</strong></span> <span class='ocrx_word' id='word_1_700' title='bbox 3582 3948 3815 4019; x_wconf 82' lang='lat' dir='ltr'><strong>septimo</strong></span> 
     </span>
    </p>
   </div>
   <div class='ocr_carea' id='block_1_102' title="bbox 2213 4037 3813 4113">
    <p class='ocr_par' dir='ltr' id='par_1_102' title="bbox 2213 4037 3813 4113">
     <span class='ocr_line' id='line_1_102' title="bbox 2213 4037 3813 4113; baseline 0.001 -22"><span class='ocrx_word' id='word_1_701' title='bbox 2213 4053 2398 4093; x_wconf 89' lang='lat' dir='ltr'><strong>mense</strong></span> <span class='ocrx_word' id='word_1_702' title='bbox 2428 4037 2617 4093; x_wconf 90' lang='lat' dir='ltr'><strong>dentes</strong></span> <span class='ocrx_word' id='word_1_703' title='bbox 2664 4048 2980 4109; x_wconf 90' lang='lat' dir='ltr'><strong>emergunt,</strong></span> <span class='ocrx_word' id='word_1_704' title='bbox 3035 4040 3268 4113; x_wconf 85' lang='lat' dir='ltr'><strong>septimo</strong></span> <span class='ocrx_word' id='word_1_705' title='bbox 3323 4054 3467 4095; x_wconf 88' lang='lat' dir='ltr'><strong>anno</strong></span> <span class='ocrx_word' id='word_1_706' title='bbox 3515 4048 3813 4095; x_wconf 91' lang='lat' dir='ltr'><strong>mutantur.</strong></span> 
     </span>
    </p>
   </div>
   <div class='ocr_carea' id='block_1_103' title="bbox 2210 4131 3815 4204">
    <p class='ocr_par' dir='ltr' id='par_1_103' title="bbox 2210 4131 3815 4204">
     <span class='ocr_line' id='line_1_103' title="bbox 2210 4131 3815 4204; baseline 0.002 -17"><span class='ocrx_word' id='word_1_707' title='bbox 2210 4132 2343 4187; x_wconf 90' lang='lat' dir='ltr'><strong>Item</strong></span> <span class='ocrx_word' id='word_1_708' title='bbox 2367 4131 2601 4187; x_wconf 89' lang='lat' dir='ltr'><strong>secunda</strong></span> <span class='ocrx_word' id='word_1_709' title='bbox 2621 4131 2980 4197; x_wconf 89' lang='lat' dir='ltr'><strong>hebdomada,</strong></span> <span class='ocrx_word' id='word_1_710' title='bbox 3015 4133 3067 4188; x_wconf 93' lang='lat' dir='ltr'><strong>id</strong></span> <span class='ocrx_word' id='word_1_711' title='bbox 3092 4141 3195 4201; x_wconf 88' lang='lat' dir='ltr'><strong>est,</strong></span> <span class='ocrx_word' id='word_1_712' title='bbox 3220 4144 3411 4204; x_wconf 89' lang='lat' dir='ltr'><strong>quarto</strong></span> <span class='ocrx_word' id='word_1_713' title='bbox 3440 4133 3653 4190; x_wconf 91' lang='lat' dir='ltr'><strong>decimo</strong></span> <span class='ocrx_word' id='word_1_714' title='bbox 3671 4148 3815 4190; x_wconf 90' lang='lat' dir='ltr'><strong>anno</strong></span> 
     </span>
    </p>
   </div>
   <div class='ocr_carea' id='block_1_104' title="bbox 2211 4224 3810 4297">
    <p class='ocr_par' dir='ltr' id='par_1_104' title="bbox 2211 4224 3810 4297">
     <span class='ocr_line' id='line_1_104' title="bbox 2211 4224 3810 4297; baseline 0.001 -18"><span class='ocrx_word' id='word_1_715' title='bbox 2211 4224 2388 4280; x_wconf 82' lang='lat' dir='ltr'><strong>infans</strong></span> <span class='ocrx_word' id='word_1_716' title='bbox 2433 4225 2716 4295; x_wconf 88' lang='lat' dir='ltr'><strong>pubescit,</strong></span> <span class='ocrx_word' id='word_1_717' title='bbox 2753 4235 2806 4279; x_wconf 92' lang='lat' dir='ltr'><strong>et</strong></span> <span class='ocrx_word' id='word_1_718' title='bbox 2844 4226 3254 4295; x_wconf 82' lang='lat' dir='ltr'><strong>possibilitatem</strong></span> <span class='ocrx_word' id='word_1_719' title='bbox 3293 4227 3542 4297; x_wconf 79' lang='lat' dir='ltr'><strong>gignendi</strong></span> <span class='ocrx_word' id='word_1_720' title='bbox 3593 4227 3810 4296; x_wconf 91' lang='lat' dir='ltr'><strong>accipit.</strong></span> 
     </span>
    </p>
   </div>
   <div class='ocr_carea' id='block_1_105' title="bbox 2208 4318 3806 4399">
    <p class='ocr_par' dir='ltr' id='par_1_105' title="bbox 2208 4318 3806 4399">
     <span class='ocr_line' id='line_1_105' title="bbox 2208 4318 3806 4399; baseline 0 -26"><span class='ocrx_word' id='word_1_721' title='bbox 2208 4318 2390 4373; x_wconf 86' lang='lat' dir='ltr'><strong>Tertia</strong></span> <span class='ocrx_word' id='word_1_722' title='bbox 2422 4333 2548 4374; x_wconf 86' lang='lat' dir='ltr'><strong>vero</strong></span> <span class='ocrx_word' id='word_1_723' title='bbox 2578 4319 2886 4387; x_wconf 72' lang='lat' dir='ltr'><strong>lanuginem</strong></span> <span class='ocrx_word' id='word_1_724' title='bbox 2902 4320 3064 4399; x_wconf 76' lang='lat'><strong>232</strong></span> <span class='ocrx_word' id='word_1_725' title='bbox 3092 4328 3146 4375; x_wconf 89' lang='lat' dir='ltr'><strong>et</strong></span> <span class='ocrx_word' id='word_1_726' title='bbox 3167 4321 3355 4374; x_wconf 84' lang='lat' dir='ltr'><strong>ﬂorem</strong></span> <span class='ocrx_word' id='word_1_727' title='bbox 3387 4333 3644 4388; x_wconf 88' lang='lat' dir='ltr'><strong>genarum</strong></span> <span class='ocrx_word' id='word_1_728' title='bbox 3680 4336 3806 4389; x_wconf 86' lang='lat' dir='ltr'><strong>pro-</strong></span> 
     </span>
    </p>
   </div>
   <div class='ocr_carea' id='block_1_106' title="bbox 2208 4411 3814 4495">
    <p class='ocr_par' dir='ltr' id='par_1_106' title="bbox 2208 4411 3814 4495">
     <span class='ocr_line' id='line_1_106' title="bbox 2208 4411 3814 4495; baseline 0 -28"><span class='ocrx_word' id='word_1_729' title='bbox 2208 4411 2375 4467; x_wconf 89' lang='lat' dir='ltr'><strong>ducit.</strong></span> <span class='ocrx_word' id='word_1_730' title='bbox 2402 4413 2600 4479; x_wconf 85' lang='lat' dir='ltr'><strong>Quarta</strong></span> <span class='ocrx_word' id='word_1_731' title='bbox 2627 4413 2959 4469; x_wconf 88' lang='lat' dir='ltr'><strong>incrementa</strong></span> <span class='ocrx_word' id='word_1_732' title='bbox 2987 4423 3209 4469; x_wconf 87' lang='lat' dir='ltr'><strong>staturae</strong></span> <span class='ocrx_word' id='word_1_733' title='bbox 3238 4413 3593 4479; x_wconf 90' lang='lat' dir='ltr'><strong>deﬁniuntur;</strong></span> <span class='ocrx_word' id='word_1_734' title='bbox 3626 4414 3814 4495; x_wconf 86' lang='lat' dir='ltr'><strong>quinta</strong></span> 
     </span>
    </p>
   </div>
   <div class='ocr_carea' id='block_1_107' title="bbox 2202 4505 3812 4576">
    <p class='ocr_par' dir='ltr' id='par_1_107' title="bbox 2202 4505 3812 4576">
     <span class='ocr_line' id='line_1_107' title="bbox 2202 4505 3812 4576; baseline -0.001 -14"><span class='ocrx_word' id='word_1_735' title='bbox 2202 4507 2455 4576; x_wconf 85' lang='lat' dir='ltr'><strong>juvenilis</strong></span> <span class='ocrx_word' id='word_1_736' title='bbox 2480 4509 2655 4564; x_wconf 66' lang='lat' dir='ltr'><strong>aetatis</strong></span> <span class='ocrx_word' id='word_1_737' title='bbox 2702 4509 2859 4575; x_wconf 90' lang='lat' dir='ltr'><strong>plena</strong></span> <span class='ocrx_word' id='word_1_738' title='bbox 2889 4505 3148 4575; x_wconf 85' lang='lat' dir='ltr'><strong>perfectio</strong></span> <span class='ocrx_word' id='word_1_739' title='bbox 3176 4508 3331 4563; x_wconf 89' lang='lat' dir='ltr'><strong>datur</strong></span> <span class='ocrx_word' id='word_1_740' title='bbox 3356 4526 3371 4574; x_wconf 87' lang='lat'><strong><em>;</em></strong></span> <span class='ocrx_word' id='word_1_741' title='bbox 3398 4515 3548 4563; x_wconf 83' lang='lat' dir='ltr'><strong>sexta</strong></span> <span class='ocrx_word' id='word_1_742' title='bbox 3578 4506 3812 4562; x_wconf 82' lang='lat' dir='ltr'><strong>deﬁuxio</strong></span> 
     </span>
    </p>
   </div>
   <div class='ocr_carea' id='block_1_108' title="bbox 440 4593 3173 4684">
    <p class='ocr_par' dir='ltr' id='par_1_108' title="bbox 440 4593 3173 4684">
     <span class='ocr_line' id='line_1_108' title="bbox 440 4593 3173 4684; baseline 0.003 -36"><span class='ocrx_word' id='word_1_743' title='bbox 440 4620 451 4681; x_wconf 39' lang='grc' dir='ltr'>ξ</span> <span class='ocrx_word' id='word_1_744' title='bbox 505 4593 789 4667; x_wconf 88' lang='lat' dir='ltr'><strong>Philippis,</strong></span> <span class='ocrx_word' id='word_1_745' title='bbox 847 4598 1103 4684; x_wconf 51' lang='lat' dir='ltr'><strong>Colossis,</strong></span> <span class='ocrx_word' id='word_1_746' title='bbox 1158 4600 1580 4671; x_wconf 70' lang='lat' dir='ltr'><strong>Thessalonicis,</strong></span> <span class='ocrx_word' id='word_1_747' title='bbox 1640 4602 1708 4675; x_wconf 77' lang='lat' dir='ltr'><strong>Et</strong></span> <span class='ocrx_word' id='word_1_748' title='bbox 1754 4603 1988 4662; x_wconf 80' lang='lat' dir='ltr'><strong>Joannes</strong></span> <span class='ocrx_word' id='word_1_749' title='bbox 2042 4605 2097 4661; x_wconf 89' lang='lat' dir='ltr'><strong>in</strong></span> <span class='ocrx_word' id='word_1_750' title='bbox 2128 4612 2330 4679; x_wconf 63' lang='lat' dir='ltr'><strong>best,</strong></span> <span class='ocrx_word' id='word_1_751' title='bbox 2362 4602 2593 4673; x_wconf 85' lang='lat' dir='ltr'><strong>septima</strong></span> <span class='ocrx_word' id='word_1_752' title='bbox 2622 4603 2916 4663; x_wconf 77' lang='lat' dir='ltr'><strong>senectutis</strong></span> <span class='ocrx_word' id='word_1_753' title='bbox 2941 4602 3173 4665; x_wconf 82' lang='lat' dir='ltr'><strong>initium.</strong></span> 
     </span>
    </p>
   </div>
   <div class='ocr_carea' id='block_1_109' title="bbox 446 4690 2105 4768">
    <p class='ocr_par' dir='ltr' id='par_1_109' title="bbox 446 4690 2105 4768">
     <span class='ocr_line' id='line_1_109' title="bbox 446 4690 2105 4768; baseline 0.006 -25"><span class='ocrx_word' id='word_1_754' title='bbox 446 4690 451 4697; x_wconf 86' lang='grc'><strong>’</strong></span> <span class='ocrx_word' id='word_1_755' title='bbox 506 4690 828 4762; x_wconf 79' lang='lat' dir='ltr'><strong>Apocalypsi</strong></span> <span class='ocrx_word' id='word_1_756' title='bbox 858 4692 989 4753; x_wconf 84' lang='lat' dir='ltr'><strong>vidit</strong></span> <span class='ocrx_word' id='word_1_757' title='bbox 1010 4702 1241 4753; x_wconf 87' lang='lat' dir='ltr'><strong>stantem</strong></span> <span class='ocrx_word' id='word_1_758' title='bbox 1270 4694 1545 4751; x_wconf 84' lang='lat' dir='ltr'><strong>Christum</strong></span> <span class='ocrx_word' id='word_1_759' title='bbox 1590 4695 1642 4753; x_wconf 91' lang='lat' dir='ltr'><strong>in</strong></span> <span class='ocrx_word' id='word_1_760' title='bbox 1675 4697 1853 4752; x_wconf 83' lang='lat' dir='ltr'><strong>medio</strong></span> <span class='ocrx_word' id='word_1_761' title='bbox 1894 4707 2105 4768; x_wconf 89' lang='lat' dir='ltr'><strong>septem</strong></span> 
     </span>
    </p>
   </div>
   <div class='ocr_carea' id='block_1_110' title="bbox 2290 4689 3811 4761">
    <p class='ocr_par' dir='ltr' id='par_1_110' title="bbox 2290 4689 3811 4761">
     <span class='ocr_line' id='line_1_110' title="bbox 2290 4689 3811 4761; baseline -0.001 -16"><span class='ocrx_word' id='word_1_762' title='bbox 2290 4691 2383 4748; x_wconf 74' lang='grc'><strong>47.</strong></span> <span class='ocrx_word' id='word_1_763' title='bbox 2428 4694 2559 4747; x_wconf 89' lang='lat' dir='ltr'><strong>Item</strong></span> <span class='ocrx_word' id='word_1_764' title='bbox 2590 4701 2798 4761; x_wconf 88' lang='lat' dir='ltr'><strong>septem</strong></span> <span class='ocrx_word' id='word_1_765' title='bbox 2826 4703 3046 4746; x_wconf 83' lang='lat' dir='ltr'><strong>naturas</strong></span> <span class='ocrx_word' id='word_1_766' title='bbox 3081 4691 3357 4746; x_wconf 83' lang='lat' dir='ltr'><strong>abstrusas</strong></span> <span class='ocrx_word' id='word_1_767' title='bbox 3385 4689 3627 4745; x_wconf 72' lang='lat' dir='ltr'><strong>met-bra</strong></span> <span class='ocrx_word' id='word_1_768' title='bbox 3661 4704 3811 4744; x_wconf 77' lang='lat' dir='ltr'><strong>mor-</strong></span> 
     </span>
    </p>
   </div>
   <div class='ocr_carea' id='block_1_111' title="bbox 2215 4781 3808 4865">
    <p class='ocr_par' dir='ltr' id='par_1_111' title="bbox 2215 4781 3808 4865">
     <span class='ocr_line' id='line_1_111' title="bbox 2215 4781 3808 4865; baseline -0.004 -25"><span class='ocrx_word' id='word_1_769' title='bbox 2215 4786 2427 4865; x_wconf 76' lang='lat' dir='ltr'><strong>talium,</strong></span> <span class='ocrx_word' id='word_1_770' title='bbox 2478 4785 2529 4838; x_wconf 89' lang='lat' dir='ltr'><strong>id</strong></span> <span class='ocrx_word' id='word_1_771' title='bbox 2560 4794 2664 4853; x_wconf 87' lang='lat' dir='ltr'><strong>est,</strong></span> <span class='ocrx_word' id='word_1_772' title='bbox 2723 4783 2980 4859; x_wconf 87' lang='lat' dir='ltr'><strong>linguam,</strong></span> <span class='ocrx_word' id='word_1_773' title='bbox 3037 4798 3149 4857; x_wconf 79' lang='lat' dir='ltr'><strong>cor,</strong></span> <span class='ocrx_word' id='word_1_774' title='bbox 3191 4783 3531 4857; x_wconf 75' lang='lat' dir='ltr'><strong>pulmonem,</strong></span> <span class='ocrx_word' id='word_1_775' title='bbox 3589 4781 3808 4847; x_wconf 81' lang='lat' dir='ltr'><strong>lienem,</strong></span> 
     </span>
    </p>
   </div>
   <div class='ocr_carea' id='block_1_112' title="bbox 2214 4971 3801 5051">
    <p class='ocr_par' dir='ltr' id='par_1_112' title="bbox 2214 4971 3801 5051">
     <span class='ocr_line' id='line_1_112' title="bbox 2214 4971 3801 5051; baseline -0.005 -21"><span class='ocrx_word' id='word_1_776' title='bbox 2214 4974 2487 5030; x_wconf 90' lang='lat' dir='ltr'><strong>hominem</strong></span> <span class='ocrx_word' id='word_1_777' title='bbox 2518 4974 2828 5051; x_wconf 68' lang='lat' dir='ltr'><strong>perﬁciunt,</strong></span> <span class='ocrx_word' id='word_1_778' title='bbox 2868 4973 2923 5028; x_wconf 86' lang='lat' dir='ltr'><strong>id</strong></span> <span class='ocrx_word' id='word_1_779' title='bbox 2957 4981 3064 5040; x_wconf 85' lang='lat' dir='ltr'><strong>est,</strong></span> <span class='ocrx_word' id='word_1_780' title='bbox 3116 4981 3297 5042; x_wconf 79' lang='lat' dir='ltr'><strong>caput,</strong></span> <span class='ocrx_word' id='word_1_781' title='bbox 3323 4971 3545 5035; x_wconf 74' lang='lat' dir='ltr'><strong>callum,</strong></span> <span class='ocrx_word' id='word_1_782' title='bbox 3586 4978 3801 5039; x_wconf 86' lang='lat' dir='ltr'><strong>pectus,</strong></span> 
     </span>
    </p>
   </div>
   <div class='ocr_carea' id='block_1_113' title="bbox 2213 5064 3808 5149">
    <p class='ocr_par' dir='ltr' id='par_1_113' title="bbox 2213 5064 3808 5149">
     <span class='ocr_line' id='line_1_113' title="bbox 2213 5064 3808 5149; baseline -0.003 -28"><span class='ocrx_word' id='word_1_783' title='bbox 2213 5077 2421 5133; x_wconf 86' lang='lat' dir='ltr'><strong>venter,</strong></span> <span class='ocrx_word' id='word_1_784' title='bbox 2455 5068 2573 5122; x_wconf 81' lang='lat' dir='ltr'><strong>duae</strong></span> <span class='ocrx_word' id='word_1_785' title='bbox 2601 5081 2812 5149; x_wconf 76' lang='lat' dir='ltr'><strong>manus,</strong></span> <span class='ocrx_word' id='word_1_786' title='bbox 2847 5066 3068 5135; x_wconf 87' lang='lat' dir='ltr'><strong>totidem</strong></span> <span class='ocrx_word' id='word_1_787' title='bbox 3096 5066 3280 5136; x_wconf 88' lang='lat' dir='ltr'><strong>pedes,</strong></span> <span class='ocrx_word' id='word_1_788' title='bbox 3307 5074 3362 5121; x_wconf 88' lang='lat' dir='ltr'><strong>et</strong></span> <span class='ocrx_word' id='word_1_789' title='bbox 3383 5065 3435 5118; x_wconf 92' lang='lat' dir='ltr'><strong>in</strong></span> <span class='ocrx_word' id='word_1_790' title='bbox 3458 5064 3665 5119; x_wconf 85' lang='lat' dir='ltr'><strong>vertice</strong></span> <span class='ocrx_word' id='word_1_791' title='bbox 3690 5064 3808 5116; x_wconf 78' lang='lat' dir='ltr'><strong>axis</strong></span> 
     </span>
    </p>
   </div>
   <div class='ocr_carea' id='block_1_114' title="bbox 2213 5160 2472 5217">
    <p class='ocr_par' dir='ltr' id='par_1_114' title="bbox 2213 5160 2472 5217">
     <span class='ocr_line' id='line_1_114' title="bbox 2213 5160 2472 5217; baseline -0.015 0"><span class='ocrx_word' id='word_1_792' title='bbox 2213 5160 2472 5217; x_wconf 64' lang='lat' dir='ltr'><strong>caelestis.</strong></span> 
     </span>
    </p>
   </div>
   <div class='ocr_carea' id='block_1_115' title="bbox 2199 5309 3806 5390">
    <p class='ocr_par' dir='ltr' id='par_1_115' title="bbox 2199 5309 3806 5390">
     <span class='ocr_line' id='line_1_115' title="bbox 2199 5309 3806 5390; baseline -0.008 -17"><span class='ocrx_word' id='word_1_793' title='bbox 2199 5335 2398 5389; x_wconf 85' lang='lat' dir='ltr'><strong>quoque</strong></span> <span class='ocrx_word' id='word_1_794' title='bbox 2422 5325 2631 5390; x_wconf 77' lang='lat' dir='ltr'><strong>prOpter</strong></span> <span class='ocrx_word' id='word_1_795' title='bbox 2650 5312 2949 5383; x_wconf 80' lang='lat' dir='ltr'><strong>mysterium</strong></span> <span class='ocrx_word' id='word_1_796' title='bbox 2976 5311 3192 5365; x_wconf 82' lang='lat' dir='ltr'><strong>unitatis</strong></span> <span class='ocrx_word' id='word_1_797' title='bbox 3219 5311 3445 5390; x_wconf 71' lang='lat' dir='ltr'><strong>adjecto,</strong></span> <span class='ocrx_word' id='word_1_798' title='bbox 3480 5309 3806 5379; x_wconf 77' lang='lat' dir='ltr'><strong>quinquage-</strong></span> 
     </span>
    </p>
   </div>
   <div class='ocr_carea' id='block_1_116' title="bbox 2201 5380 3801 5459">
    <p class='ocr_par' dir='ltr' id='par_1_116' title="bbox 2201 5380 3801 5459">
     <span class='ocr_line' id='line_1_116' title="bbox 2201 5380 3801 5459; baseline -0.011 -12"><span class='ocrx_word' id='word_1_799' title='bbox 2201 5380 2632 5459; x_wconf 55' lang='lat' dir='ltr'><strong>nari&#39;unt&#39;efiicit.</strong></span> <span class='ocrx_word' id='word_1_800' title='bbox 2681 5380 2795 5451; x_wconf 49' lang='lat' dir='ltr'><strong>A&#39;ut</strong></span> <span class='ocrx_word' id='word_1_801' title='bbox 2833 5400 2923 5455; x_wconf 85' lang='lat' dir='ltr'><strong>per</strong></span> <span class='ocrx_word' id='word_1_802' title='bbox 2958 5394 3153 5452; x_wconf 74' lang='lat' dir='ltr'><strong>septem</strong></span> <span class='ocrx_word' id='word_1_803' title='bbox 3189 5380 3410 5443; x_wconf 80' lang='lat' dir='ltr'><strong>nwuade</strong></span> <span class='ocrx_word' id='word_1_804' title='bbox 3436 5396 3541 5441; x_wconf 71' lang='lat' dir='ltr'><strong>una</strong></span> <span class='ocrx_word' id='word_1_805' title='bbox 3566 5391 3801 5448; x_wconf 73' lang='lat' dir='ltr'><strong>propter,</strong></span> 
     </span>
    </p>
   </div>
   <div class='ocr_carea' id='block_1_117' title="bbox 2203 5471 3654 5598">
    <p class='ocr_par' dir='ltr' id='par_1_117' title="bbox 2203 5471 3654 5598">
     <span class='ocr_line' id='line_1_117' title="bbox 2203 5471 3654 5598; baseline -0.003 -13"><span class='ocrx_word' id='word_1_806' title='bbox 2203 5471 2366 5591; x_wconf 60' lang='lat' dir='ltr'><strong>emta.</strong></span> <span class='ocrx_word' id='word_1_807' title='bbox 2408 5528 2793 5598; x_wconf 84' lang='lat' dir='ltr'><strong>Corrigendum</strong></span> <span class='ocrx_word' id='word_1_808' title='bbox 2823 5534 2949 5596; x_wconf 84' lang='lat' dir='ltr'><strong>puto</strong></span> <span class='ocrx_word' id='word_1_809' title='bbox 2980 5525 3195 5598; x_wconf 74' lang='lat' dir='ltr'><strong>septima</strong></span> <span class='ocrx_word' id='word_1_810' title='bbox 3225 5525 3323 5587; x_wconf 85' lang='lat' dir='ltr'><strong>bis,</strong></span> <span class='ocrx_word' id='word_1_811' title='bbox 3353 5521 3654 5598; x_wconf 49' lang='lat' dir='ltr'><strong>quamele-</strong></span> 
     </span>
    </p>
   </div>
   <div class='ocr_carea' id='block_1_118' title="bbox 2275 5592 3807 5671">
    <p class='ocr_par' dir='ltr' id='par_1_118' title="bbox 2275 5592 3807 5671">
     <span class='ocr_line' id='line_1_118' title="bbox 2275 5592 3807 5671; baseline -0.007 -13"><span class='ocrx_word' id='word_1_812' title='bbox 2275 5604 2367 5658; x_wconf 70' lang='grc'><strong>45.</strong></span> <span class='ocrx_word' id='word_1_813' title='bbox 2411 5592 2713 5671; x_wconf 62' lang='grc' dir='ltr'><strong>δοριὶιῖιαιια</strong></span> <span class='ocrx_word' id='word_1_814' title='bbox 2738 5592 2918 5667; x_wconf 68' lang='lat' dir='ltr'><strong>partas</strong></span> <span class='ocrx_word' id='word_1_815' title='bbox 2939 5638 2955 5662; x_wconf 91' lang='lat'><strong>,</strong></span> <span class='ocrx_word' id='word_1_816' title='bbox 2987 5607 3093 5655; x_wconf 86' lang='lat' dir='ltr'><strong>etc.</strong></span> <span class='ocrx_word' id='word_1_817' title='bbox 3124 5592 3423 5651; x_wconf 85' lang='lat' dir='ltr'><strong>Obscurum</strong></span> <span class='ocrx_word' id='word_1_818' title='bbox 3484 5593 3534 5649; x_wconf 90' lang='lat' dir='ltr'><strong>id</strong></span> <span class='ocrx_word' id='word_1_819' title='bbox 3575 5600 3629 5647; x_wconf 88' lang='lat' dir='ltr'><strong>et</strong></span> <span class='ocrx_word' id='word_1_820' title='bbox 3667 5592 3807 5649; x_wconf 81' lang='lat' dir='ltr'><strong>forte</strong></span> 
     </span>
    </p>
   </div>
   <div class='ocr_carea' id='block_1_119' title="bbox 2209 5675 2552 5730">
    <p class='ocr_par' dir='ltr' id='par_1_119' title="bbox 2209 5675 2552 5730">
     <span class='ocr_line' id='line_1_119' title="bbox 2209 5675 2552 5730; baseline -0.017 -1"><span class='ocrx_word' id='word_1_821' title='bbox 2209 5675 2552 5730; x_wconf 84' lang='lat' dir='ltr'><strong>mendosum.</strong></span> 
     </span>
    </p>
   </div>
   <div class='ocr_carea' id='block_1_120' title="bbox 2281 5739 3444 5809">
    <p class='ocr_par' dir='ltr' id='par_1_120' title="bbox 2281 5739 3444 5809">
     <span class='ocr_line' id='line_1_120' title="bbox 2281 5739 3444 5809; baseline -0.008 -10"><span class='ocrx_word' id='word_1_822' title='bbox 2281 5746 2370 5805; x_wconf 60' lang='grc'><strong>46.</strong></span> <span class='ocrx_word' id='word_1_823' title='bbox 2414 5742 2603 5809; x_wconf 72' lang='lat' dir='ltr'><strong>Melius</strong></span> <span class='ocrx_word' id='word_1_824' title='bbox 2628 5740 2906 5803; x_wconf 83' lang='lat' dir='ltr'><strong>videretur</strong></span> <span class='ocrx_word' id='word_1_825' title='bbox 2932 5750 3075 5796; x_wconf 74' lang='lat' dir='ltr'><strong>sexta</strong></span> <span class='ocrx_word' id='word_1_826' title='bbox 3098 5739 3321 5808; x_wconf 60' lang='lat' dir='ltr'><strong>deﬁnio</strong></span> <span class='ocrx_word' id='word_1_827' title='bbox 3348 5746 3444 5795; x_wconf 77' lang='lat' dir='ltr'><strong>est.</strong></span> 
     </span>
    </p>
   </div>
  </div>
