4100 6344
266 340 373 408 189

753 556 828 614 De
853 558 1116 613 octonario
1144 567 1377 609 numero.

340 678 432 737 b8.
475 675 786 732 Octonarius
818 675 1019 744 primus
1061 678 1117 726 et
1147 665 1416 739 perfectus
1444 669 1557 729 est;
1611 672 1734 714 nam
1790 672 1857 713 ex

266 775 447 847 primo
478 781 650 835 motu,
686 768 737 823 id
767 776 869 834 est,
894 782 963 820 ex
991 762 1202 820 duobus
1226 776 1321 835 per
1342 759 1476 813 duos
1503 761 1733 835 quatuor
1762 766 1856 821 ge-

269 860 538 933 nerat,et
562 863 645 917 bis
685 860 813 915 facit
854 857 1151 915 ocdoadum
1187 853 1500 926 perfectum.
1550 847 1647 903 llic
1675 855 1855 901 autem

268 971 534 1015 numerus
564 962 782 1010 sanctus
809 959 914 1017 est,
941 958 995 1004 et
1033 950 1086 1003 in
1127 947 1293 1018 ﬁgura
1327 958 1470 999 verae
1494 938 1859 996 circumcisio-

269 1053 359 1107 nis
384 1049 677 1118 ascriptus.
722 1046 861 1114 Quin
892 1043 1053 1099 etiam
1077 1048 1131 1097 et
1156 1035 1461 1109 septenario
1488 1046 1717 1089 numero
1745 1031 1855 1101 pri-

272 1156 395 1197 mus
430 1148 537 1203 est,
569 1148 625 1194 et
649 1153 716 1193 ex
744 1147 951 1207 septem
989 1141 1093 1197 est,
1116 1129 1256 1185 sicut
1279 1129 1331 1183 in
1375 1123 1644 1200 principio
1693 1122 1854 1186 idem,

270 1240 362 1313 qui
403 1238 499 1293 fuit
557 1245 777 1294 octavus
827 1234 878 1290 in
921 1230 1195 1287 creatione
1240 1223 1464 1290 mundi,
1497 1229 1553 1279 et
1602 1217 1861 1293 perfectio

272 1331 502 1388 unitatis
517 1338 620 1387 est.

344 1445 439 1515 49.
480 1443 587 1502 Sed
614 1443 755 1499 sicut
782 1439 837 1496 in
882 1435 1191 1509 septenario
1235 1446 1461 1491 numero
1490 1442 1728 1501 praesens
1758 1426 1864 1485 vita

270 1540 531 1609 volvitur,
562 1546 617 1593 et
641 1536 974 1606 designatur,
1003 1534 1073 1589 ita
1101 1546 1195 1601 per
1218 1527 1555 1586 octonarium
1578 1538 1700 1594 spes
1718 1530 1867 1579 teter-

270 1650 356 1703 με
386 1628 803 1689 resurrectionis
829 1624 1152 1683 ostenditur.
1186 1622 1295 1678 Hoc
1324 1621 1466 1677 enim
1491 1617 1579 1673 die
1609 1615 1865 1671 Dominus

266 1742 300 1797 ιι
328 1723 560 1791 mortuis
597 1720 928 1787 resurrexit,
960 1717 1050 1789 qui
1092 1714 1299 1772 scilicet
1324 1729 1354 1768 a
1382 1709 1632 1784 passione
1657 1706 1865 1773 Domini

854 331 1054 390 LIBER
1093 322 1531 386 NUMERORUM
1570 319 1689 391 QUI
1723 317 1794 377 IN
1832 314 2121 375 SANCTIS
2157 308 2569 372 SCRIPTUBIS
2609 303 3060 364 OCCURRUNT.

878 444 1108 503 CAPUT
1147 442 1238 499 ix.
1876 436 1935 498 Α

3450 302 3556 364 ίθῡ

2572 419 2798 476 CAPUT
2836 417 2905 473 Χ.

2427 515 2509 571 De
2537 514 2811 569 novenario
2838 527 3072 569 numero.

2036 616 2126 671 52.
2171 611 2499 669 Nouenarius
2542 607 2840 665 secundum
2879 621 2940 663 se
2986 603 3258 676 perfectus
3298 613 3561 661 numerus

1963 719 2067 779 est,
2096 719 2151 766 et
2179 708 2308 764 inde
2338 707 2508 777 magis
2539 702 2813 774 perfectus
2843 700 3063 769 dicitur,
3094 697 3349 770 quoniam
3371 711 3439 753 ex
3461 696 3560 757 tri-

1965 803 2063 859 bus
2094 799 2350 873 perfectis
2380 813 2473 869 per
2499 796 2727 854 formam
2760 794 2882 866 ejus
2908 793 3294 863 multiplicatus
3316 790 3557 860 comple-

1969 904 2071 949 tur.
2118 895 2188 950 At
2234 905 2365 947 vero
2408 889 2705 947 secundum
2728 887 2867 944 alios
2897 885 3244 957 imperfectus
3272 892 3389 949 est;
3435 895 3557 940 nam

1967 1000 2027 1045 ιιι
2057 989 2214 1058 primi
2246 1000 2437 1043 versus
2467 984 2627 1042 linem
2658 990 2859 1050 teneat,
2887 995 2996 1038 uno
3025 989 3205 1037 tamen
3233 991 3451 1049 semper
3480 976 3563 1032 in-

1965 1082 2121 1151 digus
2150 1087 2263 1146 est,
2291 1077 2385 1149 qui
2413 1078 2457 1132 si
2489 1076 2776 1147 adjiciatur
2801 1074 2869 1131 ad
2897 1087 3088 1131 novem
3116 1115 3131 1139 ,
3158 1081 3357 1126 certam
3384 1069 3562 1139 perfe-

1964 1175 2163 1230 ctionis
2212 1181 2375 1242 atque
2414 1168 2739 1241 integritatis
2770 1166 3009 1237 regulam
3064 1165 3339 1232 complet,
3373 1163 3424 1217 in
3455 1175 3565 1230 quo

1968 1267 2261 1324 novenario
2309 1279 2536 1325 numero
2587 1262 2661 1318 illi
2714 1261 3069 1330 accipiuntur,
3123 1259 3212 1328 qui
3262 1254 3563 1323 imperfecti

1967 1371 2112 1427 sunt,
2140 1370 2193 1416 et
2218 1358 2286 1414 ad
2316 1362 2502 1414 decem
2534 1363 2802 1426 praecepta
2849 1352 2981 1424 legis
3007 1362 3340 1420 nequaquam
3371 1359 3564 1416 perve-

1968 1455 2142 1511 niunt.

2041 1548 2131 1603 53.
2177 1546 2255 1601 Es
2297 1544 2400 1599 hoc
2449 1557 2678 1599 numero
2726 1546 2854 1595 sunt
2899 1536 2974 1593 illi
3021 1549 3213 1593 novem
3261 1531 3459 1602 leprosi
3511 1532 3566 1586 in

1972 1637 2287 1708 Evangelia,
2316 1635 2407 1706 qui
2433 1634 2504 1695 ab
2533 1632 2756 1689 unitatis
2780 1629 3057 1687 consortio
3083 1626 3303 1692 seclusi,
3337 1622 3566 1681 munda-

1975 1731 2080 1787 tori
2108 1745 2209 1786 suo
2240 1744 2335 1799 per
2363 1726 2673 1798 superbiam
2704 1724 2908 1793 gratias
2946 1734 3053 1777 non
3083 1724 3327 1789 egerunt.
3362 1714 3438 1771 Ex
3469 1725 3567 1769 eo-

262 1824 617 1889 ‘mmpttutur
665 1812 888 1878 tertius;
919 1811 975 1867 in
1009 1809 1198 1865 ordine
1229 1805 1523 1899 creationis
1554 1801 1764 1871 mundi:
1808 1808 1865 1899 υξ
1896 1834 1944 1899 Β
1972 1824 2097 1880 dem
2140 1835 2367 1879 numero
2396 1817 2734 1888 accipiuntur
2764 1831 2794 1870 ιι
2833 1810 3154 1884 quibusdam
3193 1816 3248 1863 et
3287 1805 3363 1867 illi
3398 1819 3569 1860 noua-

272 1909 589 1983 przedictum
618 1915 703 1962 est
721 1947 735 1972 ,
764 1912 887 1978 post
921 1901 1211 1974 septimum
1238 1896 1503 1968 reperitur
1532 1904 1754 1953 octavus
1796 1892 1863 1948 ad

271 2000 750 2062 demonstrandam
777 1999 962 2069 utique
991 1997 1184 2054 futura:
1238 1994 1652 2052 resurrectionis
1692 1992 1865 2048 beati-

1967 1914 2113 1984 ginta
2165 1926 2356 1970 novem
2385 1949 2401 1977 ,
2459 1908 2548 1977 qui
2606 1921 2715 1962 non
2757 1904 3000 1973 indigent
3045 1899 3394 1972 pmnitentia,
3442 1894 3571 1949 dum

1966 2004 2200 2065 inaniter
2229 2000 2549 2071 semetipsos
2576 1997 2910 2068 iustificam;
2954 1992 3200 2064 quamvis
3241 1989 3295 2047 in
3337 1987 3417 2043 eis
3447 1985 3568 2056 qui-

272 2097 557 2162 tudinem;
587 2091 730 2164 quod
760 2105 868 2147 non
896 2089 1169 2151 immerito
1194 2088 1473 2157 Scriptura
1503 2085 1583 2141 sic
1627 2086 1735 2139 ait:
1784 2083 1867 2138 Da

1980 2100 2092 2159 dam
2123 2098 2378 2157 cmlestes
2411 2097 2611 2165 figuras
2657 2091 2979 2160 intelligant.
3029 2087 3297 2153 Prmterea
3344 2079 3528 2155 [Forte
3552 2118 3569 2146 ,

200 2276 201 2279 η
274 2199 478 2261 limem
519 2195 742 2260 septem.
784 2200 877 2243 ﬂ“
921 2201 1024 2243 ηοη
1050 2193 1097 2240 ει
1134 2192 1282 2251 θετον
1312 2184 1436 2279 qui?
1474 2183 1684 2279 ίῼηοταε
1744 2177 1868 2279 ηξίά
1971 2188 2292 2264 Propterea]
2341 2187 2556 2247 llebrmi
2608 2200 2801 2243 novem
2844 2183 3015 2239 libros
3056 2192 3178 2239 esse
3229 2173 3574 2245 propheticos

274 2280 397 2337 mali
439 2283 674 2352 futurum
716 2279 781 2335 sit
822 2292 976 2350 super
1016 2287 1242 2342 terram;
1284 2274 1439 2348 quasi
1486 2272 1725 2329 diceret:
1777 2268 1868 2325 Sic

1980 2282 2195 2347 dicunt,
2225 2290 2282 2339 et
2328 2278 2492 2352 33h
2536 2277 2766 2349 gentiles
2805 2288 2996 2335 novent
3035 2284 3216 2331 musas
3261 2268 3568 2331 tinxerunt,

276 2374 518 2444 dispensa
539 2370 761 2435 sollicite
790 2368 1119 2439 temporalia,
1150 2376 1204 2421 ut
1234 2366 1440 2421 studeas
1468 2365 1697 2437 cogitare
1723 2371 1870 2418 teter-

268 2482 343 2535 ιια
367 2483 386 2519 ;
416 2479 622 2525 necesse
666 2471 739 2519 est
784 2476 1008 2532 namque
1050 2469 1104 2514 ut
1148 2458 1269 2519 bene
1306 2457 1505 2528 agendo
1535 2455 1866 2527 pi'wcogitcs,

271 2558 398 2631 quia
420 2559 487 2610 de
518 2556 709 2627 futuris
727 2554 921 2627 judicii
950 2552 1100 2609 malis
1128 2550 1253 2623 quid
1284 2550 1453 2605 denuo
1482 2548 1573 2603 tibi
1601 2549 1867 2617 incurrat,

272 2651 501 2715 incertus
530 2665 583 2711 es
613 2646 814 2725 (Eccle.
841 2661 922 2713 st,
946 2644 1029 2714 2).
1058 2643 1320 2713 Convenit
1364 2642 1596 2713 denique
1617 2655 1873 2705 numerus

272 2743 381 2817 iste
411 2753 468 2799 et
490 2740 740 2810 Domino,
764 2748 819 2803 et
835 2741 951 2817 ejus
981 2739 1214 2810 corpori,
1246 2737 1398 2808 quasi
1429 2735 1542 2809 uni,
1567 2744 1622 2793 et
1641 2747 1869 2805 septem.

345 2858 441 2923 50.
486 2855 617 2917 lude
643 2863 725 2915 est
744 2896 758 2921 ,
802 2853 948 2924 quod
977 2863 1099 2911 octo
1129 2851 1335 2909 animaa-
1354 2864 1475 2907 cunt
1511 2846 1622 2905 Noe
1652 2846 1873 2903 introis-

274 2962 406 3010 runt
428 2952 486 3011 in
508 2964 713 3011 arcam.
740 2949 843 3007 Sed
864 2948 917 3007 in
936 2948 1042 3008 illis
1062 2958 1267 3012 septem
1285 2942 1612 3013 septiformis
1634 2941 1871 2996 Ecclesia

274 3044 612 3114 designatur,
642 3042 694 3096 in
715 3048 905 3099 octavo
920 3037 1035 3094 Noe
1055 3037 1215 3108 333
1228 3035 1496 3100 Christus,
1512 3032 1602 3103 qui
1620 3040 1875 3099 estcaput

278 3139 562 3202 Ecclesiae,
592 3135 869 3202 ﬁguratur.
902 3131 980 3186 Ad
1011 3129 1113 3184 hoc
1134 3130 1294 3184 etiam
1341 3126 1577 3198 pertinet
1630 3124 1773 3195 quod
1821 3123 1873 3178 in

1968 2373 2167 2445 quibus
2194 2374 2430 2443 perlecta
2471 2370 2699 2433 solstitia
2730 2365 2981 2429 consistit
3010 2358 3456 2425 nimiulationutn.

2590 2479 2820 2537 CAPUT
2861 2479 2953 2534 XI.

2473 2596 2552 2649 De
2580 2594 2792 2649 denario
2820 2606 3052 2647 numero.

2049 2694 2139 2752 54.
2182 2692 2438 2747 Denarius
2472 2702 2603 2745 vero
2644 2691 2783 2743 ultra
2833 2700 3026 2742 omnes
3056 2682 3334 2738 habendus
3365 2687 3446 2735 est
3479 2693 3577 2732 nu-

1978 2802 2181 2854 merus,
2211 2786 2333 2857 quia
2364 2796 2557 2838 omnes
2591 2794 2847 2836 numeros
2876 2778 3109 2832 diversae
3132 2775 3344 2828 virtutis
3366 2785 3429 2825 ac
3453 2784 3577 2845 per-

1977 2880 2227 2935 feCtionis
2273 2879 2408 2930 intra
2459 2889 2519 2928 se
2564 2872 2834 2938 continet;
2886 2870 2975 2938 qui
3023 2867 3146 2921 licet
3187 2862 3342 2935 primi
3387 2839 3607 2925 versus.

1980 2972 2102 3027 finis
2150 2971 2259 3036 sit,
2307 2965 2561 3023 secundae
2610 2962 2861 3020 monadis
2889 2956 3123 3029 complet
3151 2955 3446 3025 auspicium
3475 2994 3489 3018 ,
3522 2960 3581 3005 et

1979 3063 2265 3119 formulam
2300 3060 2521 3115 unitatis
2548 3052 2847 3126 adimplet;
2895 3053 2949 3109 in
2983 3066 3091 3123 quo
3134 3059 3313 3104 tantus
3345 3048 3402 3100 lit
3430 3059 3580 3099 com-

1985 3156 2249 3230 plesionis
2279 3153 2579 3217 terminus,
2634 3158 2691 3205 ut
2738 3148 2877 3204 ultra
2930 3158 3185 3200 numerus
3245 3152 3579 3210 nequaquam

278 3230 509 3324 Wa?”
557 3226 774 3299 ἐδίψη
820 3232 1009 3324 Ῠῖρίεηξ
1035 3231 1298 3292 putore"
1328 3227 1387 3275 οι
1422 3228 1643 3324 cui"?
1692 3216 1878 3324 mide
1906 3219 1954 3281 θ
1986 3216 2283 3324 procedat,
2319 3246 2414 3303 sed
2445 3216 2625 3302 denuo
2664 3244 2732 3298 ad
2772 3242 3032 3296 unitatem
3072 3242 3354 3297 recurrat,
3400 3226 3584 3299 sicque

274 3321 534 3387 Christus
555 3332 676 3381 cum
710 3315 1013 3385 septiformi
1041 3326 1271 3381 corpore
1324 3325 1446 3369 suo.
1503 3309 1559 3367 ln
1584 3308 1881 3378 Evangelio

278 3427 500 3484 quoque
544 3410 613 3466 de
640 3410 745 3469 hoc
773 3422 1000 3465 numero
1038 3406 1257 3474 legitur,
1286 3404 1428 3473 quod
1460 3412 1582 3473 post
1607 3402 1728 3458 dies
1759 3411 1882 3457 octo

280 3520 467 3571 coram
511 3502 681 3565 tribus
727 3499 1002 3570 discipulis
1028 3497 1143 3557 suis
1171 3497 1334 3557 iacies
1367 3495 1578 3553 Domini
1607 3496 1661 3552 in
1700 3506 1884 3553 monte

284 3597 521 3665 refulsit.

363 3713 425 3767 5|
444 3748 460 3766 .
507 3709 653 3765 idem
693 3706 854 3763 etiam
886 3706 1132 3763 Salvator
1160 3712 1282 3774 post
1309 3712 1432 3759 octo
1462 3703 1576 3759 dies
1607 3717 1883 3759 resurrec-

289 3806 457 3861 tionis
488 3803 719 3874 Didymo
748 3815 809 3857 se
841 3814 949 3855 non
988 3798 1226 3854 credenti
1265 3795 1645 3853 manifestavit.
1677 3797 1732 3851 lu
1766 3810 1886 3851 sese

292 3896 596 3966 triplicatus
640 3894 742 3948 iste
789 3905 1047 3947 numerus
1081 3899 1301 3960 propter
1338 3889 1657 3945 Trinitatem
1700 3890 1885 3959 viginti

287 3996 526 4059 quatuor
574 3987 820 4041 saniores
863 3982 1030 4038 efficit
1071 3981 1163 4053 qui
1207 3996 1439 4037 coronas
1487 3995 1613 4037 suas
1659 3981 1888 4037 efferunt

286 4095 475 4138 coram
508 4079 684 4148 Agna.
736 4079 804 4132 At
828 4086 1016 4132 contra
1057 4082 1280 4130 octavus
1310 4074 1563 4129 scribitur
1591 4074 1647 4129 in
1678 4073 1889 4144 Apoca-

290 4174 433 4247 iypsi
462 4170 755 4237 diabolus,
789 4171 879 4239 qui
907 4170 1049 4224 inter
1087 4179 1294 4237 septem
1340 4182 1493 4237 reges
1522 4167 1886 4223 Romanorum

289 4282 325 4324 ι
349 4269 559 4325 Joanne
593 4268 740 4321 visus
765 4274 887 4332 est,
919 4263 1072 4335 quasi
1115 4265 1323 4320 occisus
1347 4307 1362 4331 ,
1403 4274 1626 4319 octavus
1666 4266 1848 4334 utique
1871 4307 1888 4335 ,

288 4364 388 4419 aed
428 4364 486 4418 in
532 4361 859 4433 proditione.
910 4359 1153 4430 Denique
1173 4368 1226 4414 et
1258 4367 1382 4415 octo
1410 4360 1721 4429 principalia
1761 4360 1889 4415 vitia

293 4454 699 4517 describuntur,
733 4468 801 4507 ex
828 4452 1021 4523 quibus
1053 4451 1338 4506 multitudo
1367 4453 1607 4505 omnium
1639 4452 1885 4507 vitiorum

292 4548 564 4614 exoritur,
592 4545 646 4601 id
675 4555 779 4609 est,
811 4545 1030 4608 invidis,
1056 4544 1349 4609 iracundia,
1376 4544 1612 4610 tristitia,
1642 4545 1886 4611 avaritia,

292 4638 582 4710 ingluvies,
612 4638 840 4705 luxuria,
875 4639 1051 4693 inanis
1077 4639 1273 4709 gloria,
1305 4636 1581 4709 superbia.

346 4842 458 4923 ηις.
484 4840 741 4923 (ἷιιιτιορνο
767 4848 946 4923 octaua
970 4839 1122 4923 multi
1146 4837 1504 4922 inscribautur
1527 4840 1747 4923 psalmi,
1767 4850 1887 4898 nata

294 4911 426 4995 piae
456 4911 673 4969 occasio
690 4924 783 4995 est
813 4912 1095 4995 indagandi
1116 4914 1379 4995 _my_sticas
1412 4913 1887 4995 interpretationes

296 4980 459 5067 [initis
490 4985 726 5067 numeri,
775 4999 914 5067 quis.
956 4982 1072 5038 fere
1116 4980 1776 5067 Isidoruscomplectitur
1818 5000 1885 5041 es

298 5056 641 5133 émurosiax
692 5056 1097 5133 Augustinn__et
1139 5056 1281 5133 aliis.
1321 5054 1449 5109 \ide
1480 5055 1883 5115 Onomasticum

294 5126 450 5180 Burii
482 5136 542 5181 et
571 5126 967 5183 Hierolexicnm
995 5127 1175 5180 Murri.

375 5197 465 5252 53.
511 5198 767 5266 Quaedam
800 5198 885 5252 liic
916 5198 1077 5253 verba
1105 5196 1329 5261 mutari,
1364 5204 1420 5251 ut
1448 5210 1664 5252 sensum
1691 5197 1885 5254 redde-

293 5284 458 5332 rem;
496 5285 621 5323 nam
653 5271 704 5325 in
737 5270 837 5326 Ms.
870 5278 987 5325 erat
1031 5271 1194 5339 nurgis
1228 5268 1472 5337 perfectio
1520 5269 1774 5325 dicitur...
1814 5287 1893 5326 se-

294 5340 531 5394 cundum
555 5342 686 5397 alias
719 5381 756 5396 ..
784 5356 905 5395 nam
932 5340 1054 5393 dum
1083 5340 1235 5408 primi
1269 5356 1443 5395 versus
1482 5348 1715 5395 teneat...
1759 5341 1898 5398 indi,

290 5428 397 5484 gas
423 5423 524 5484 est,
548 5414 699 5479 quasi
726 5413 820 5484 adj
842 5414 1006 5465 cietur
1035 5415 1103 5464 ad
1133 5427 1317 5465 novam
1347 5422 1555 5484 certam.

364 5482 464 5565 _53.
508 5482 874 5565 Alio-goriade
906 5498 1130 5565 numero
1174 5498 1365 5564 novem
1403 5482 1754 5565 leprosorum
1796 5498 1893 5541 ex-

295 5554 535 5621 plicatur
567 5553 726 5609 latius
755 5570 781 5607 a
815 5564 1000 5609 sancto
1033 5556 1328 5621 Augustino
1354 5595 1369 5617 ,
1402 5553 1494 5607 lib.
1530 5570 1563 5608 ιι
1593 5554 1893 5622 Ουωειὶοιι.

294 5625 534 5693 Evang.,
565 5636 760 5695 quasi.
783 5624 848 5682 41
879 5666 895 5692 ,
926 5643 982 5687 ιι.
1014 5623 1067 5682 4.
1120 5626 1225 5681 Pro
1264 5626 1491 5695 quamvis
1519 5627 1575 5680 in
1608 5631 1681 5681 eis
1711 5627 1763 5681 in
1795 5626 1893 5683 Ms.

290 5706 419 5753 erat
445 5713 603 5768 quam
631 5700 682 5751 in
709 5713 816 5759 eos.

376 5769 467 5851 5i.
513 5770 777 5851 subst-itm
811 5770 961 5839 primi
987 5785 1165 5850 versus
1188 5784 1283 5851 pro
1312 5770 1505 5851 primus
1534 5770 1893 5851 versus,_quod

294 5851 424 5896 erat
451 5844 500 5896 in
532 5842 636 5899 bis.
672 5839 873 5896 Versus
920 5842 1121 5911 primus
1170 5850 1253 5902 est
1291 5842 1453 5896 veluti
1497 5842 1666 5912 prima
1709 5842 1889 5897 decas.

1984 3350 2244 3419 deinceps
2294 3363 2389 3417 pro
2439 3344 2644 3400 infinita
2692 3352 3042 3395 numerorum
3094 3328 3439 3389 multitudine
3491 3327 3585 3381 lia-

1983 3444 2195 3500 beatur.

2057 3555 2147 3613 55.
2180 3555 2279 3609 Est
2300 3561 2479 3608 autem
2502 3550 2555 3605 in
2581 3546 2872 3618 Scripturis
2892 3542 3092 3601 sanctis
3120 3540 3419 3611 legitimus,
3441 3536 3583 3589 sicut

1986 3657 2041 3705 et
2071 3648 2375 3717 septimus,
2428 3656 2568 3698 nunc
2614 3640 3001 3712 perfectionem
3045 3632 3394 3705 significans,
3447 3641 3589 3683 nunc

1986 3749 2173 3811 aperte
2200 3749 2368 3795 totum
2396 3737 2800 3803 demonstrans,
2833 3734 2969 3787 sicut
3000 3727 3209 3795 Daniel,
3237 3725 3330 3795 qui
3367 3734 3584 3783 omnem

1995 3818 2317 3901 Ecclesium,
2369 3832 2480 3886 sive
2509 3828 2823 3899 angelorum
2868 3820 3268 3879 multitudinem
3323 3811 3585 3869 infinitam

1990 3925 2211 3982 denario
2239 3936 2466 3980 numero
2493 3918 2808 3989 complexus
2839 3923 2921 3970 est
2948 3956 2960 3983 ,
2995 3912 3181 3967 dicens
3221 3926 3235 3962 :
3272 3906 3440 3961 Mittin
3472 3902 3588 3955 mit-

1988 4020 2118 4089 lium
2165 4015 2527 4072 ministrabant
2575 4014 2620 4068 ei
2666 4011 2857 4083 (Dan.,
2884 4024 2981 4075 vti,
3012 4006 3124 4076 10).
3178 4001 3328 4056 Unde
3354 4010 3406 4054 ct
3449 3996 3589 4068 psal-

1992 4127 2151 4173 mus:
2201 4106 2397 4164 Currus
2423 4149 2439 4175 ,
2468 4106 2638 4179 inquit
2664 4147 2679 4173 ,
2729 4102 2823 4158 Dei
2849 4102 3021 4155 decem
3062 4096 3287 4163 millibus
3319 4090 3590 4167 multiplex

1991 4203 2158 4258 millia
2187 4202 2467 4258 laetantium
2490 4198 2607 4273 (Ps.
2643 4212 2807 4267 Lxxu,
2841 4192 2954 4262 l8).

2065 4294 2154 4350 56.
2198 4295 2438 4365 Denique
2466 4291 2553 4347 hic
2586 4304 2841 4345 numerus
2870 4285 3118 4357 Decalogi
3150 4284 3249 4355 lcgi
3282 4278 3590 4334 ascribitnr.

1992 4386 2187 4457 Decem
2235 4387 2381 4441 enim
2426 4384 2708 4445 notissima
2758 4389 3021 4452 praecepta
3074 4376 3226 4448 legis.
3283 4374 3363 4428 Ab
3421 4369 3590 4426 Adam

1996 4483 2279 4552 progenies
2305 4496 2473 4551 usque
2496 4480 2560 4533 ad
2589 4477 2701 4532 Noe
2722 4476 2947 4535 denario
2972 4486 3196 4529 numero
3229 4468 3548 4525 terminatur
3572 4484 3589 4534 ;

1915 4603 1973 4669 D
1997 4578 2049 4632 in
2081 4575 2235 4647 cujus
2265 4575 2474 4635 numeri
2506 4575 2675 4646 figura
2708 4583 2761 4627 et
2789 4570 2957 4627 David
3003 4568 3265 4641 propheta
3298 4565 3349 4621 in
3382 4562 3594 4618 Psalte-

2000 4670 2081 4724 rio
2110 4670 2299 4724 decem
2330 4666 2653 4723 chordarum
2682 4664 2938 4727 cantavit,
2968 4662 3020 4716 in
3046 4662 3202 4732 cujus
3223 4667 3407 4728 typum
3440 4653 3595 4709 Salo~

1998 4844 2197 4913 Scripsi
2228 4848 2386 4902 etiam
2418 4844 2656 4899 secunda:
2684 4843 2916 4897 monadis
2946 4856 3041 4908 pro
3071 4837 3283 4913 secundi
3314 4835 3551 4913 monadis
3574 4877 3590 4900 ,

1996 4907 2136 4986 quod
2163 4960 2178 4982 ,
2208 4921 2420 4987 Opinor,
2448 4915 2649 4969 librarii
2688 4930 2843 4969 error
2872 4921 2975 4987 est.
3019 4911 3183 4987 Quod.
3211 4918 3391 4987 autem
3424 4907 3589 4960 deua-

1995 4982 2107 5043 rius
2131 4982 2380 5044 secundas
2410 4989 2655 5042 monadis
2684 4985 2981 5052 auspicium
3010 4982 3245 5051 complet
3269 5019 3285 5043 ,
3318 4982 3586 5052 denotat,

1994 5073 2049 5113 ut
2081 5062 2331 5127 arbitror,
2361 5059 2637 5114 denarium
2669 5050 2943 5124 complere
2973 5050 3442 5112 unamdecadem,
3465 5060 3585 5126 qua

1993 5140 2079 5213 est
2126 5119 2596 5186 unitas'decadum
2627 5170 2641 5195 ,
2693 5119 2830 5211 sicut
2882 5128 3087 5198 primus
3132 5134 3385 5181 numerus
3414 5159 3426 5179 ,
3472 5119 3589 5171 sive

1995 5204 2144 5267 origo
2175 5217 2519 5257 numerorum
2550 5212 2633 5256 est
2663 5201 2838 5254 unitas
2870 5209 3236 5253 numerorum.

2069 5258 2161 5328 ὃὸ.
2203 5274 2475 5329 Librarius
2501 5312 2515 5337 ,
2548 5281 2606 5326 ut
2652 5287 2746 5341 par
2788 5280 2871 5326 est
2913 5269 3134 5325 credere
3160 5305 3174 5327 ,
3211 5260 3393 5341 omisit
3428 5258 3589 5314 verba

2000 5344 2236 5401 Danielis
2282 5361 2402 5415 qua:
2454 5353 2750 5415 sequuntur
2791 5359 2805 5415 ξ

1998 5417 2219 5469 millium
2269 5404 2627 5472 ministrabant
2671 5416 2738 5470 ei.
2790 5412 2922 5469 Nam
2959 5411 3012 5464 in
3051 5410 3153 5460 hoc
3192 5404 3360 5459 decies
3404 5404 3593 5459 Isidori

1997 5488 2138 5543 ratio
2169 5499 2432 5543 versatur.

2072 5561 2161 5615 56.
2203 5560 2455 5627 Quaedam
2489 5559 2574 5615 hic
2604 5556 2801 5613 mutavi
2831 5595 2869 5627 ,Α
2891 5565 2947 5627 ιιι
2983 5550 3339 5627 commodum
3374 5565 3593 5627 sensum

1997 5620 2302 5685 redderem.
2352 5629 2533 5686 Codex
2583 5644 2689 5684 ms.
2734 5628 2810 5684 sic
2857 5624 3137 5679 habebat:
3178 5620 3427 5695 Decalagi
3471 5622 3595 5695 legis

2004 5704 2297 5758 ascribitur.
2332 5700 2587 5757 Decem...
2618 5700 2692 5753 Ab
2721 5699 2886 5754 Attum
2914 5713 3007 5766 pro
3037 5712 3216 5766 genere
3245 5705 3317 5751 est
3348 5711 3505 5765 usque
3527 5694 3597 5747 ad

2004 5772 2121 5830 Nae
2145 5775 2389 5830 denarius
2414 5786 2653 5829 numerus
2677 5769 3004 5826 terminatur.
3040 5767 3174 5822 Vide
3204 5784 3257 5822 ιι.
3290 5768 3377 5821 toi.

2854 5341 2920 5395 Et
2952 5341 3115 5393 decies
3154 5330 3342 5386 millies
3381 5342 3594 5387 centena
3686 5398 3693 5401 _
