4100 6344
545 327 643 383 1⁸91

1614 318 1671 373 S.
1713 313 1966 373 ISIDORI
2007 312 2455 373 IIISPALENSIS
2493 315 2797 375 EPISCOPI

3736 323 3836 381 192

547 456 672 497 mon
704 454 795 497 rex
828 438 1015 495 decem
1044 437 1368 494 candelabra
1401 435 1454 490 in
1509 434 1672 489 domo
1703 432 1800 488 Dei
1829 431 2017 487 dextra
2049 430 2142 485 ιτε-
2165 431 2220 493 Α
2246 429 2415 485 sionis
2446 433 2755 502 superbiam
2789 433 2865 488 ﬁt.
2898 433 3034 490 Nam
3078 442 3135 491 et
3180 435 3300 491 vela
3346 435 3557 492 ciliciua
3584 479 3598 504 ,
3643 440 3835 509 quibus

549 548 723 605 vaque
753 534 1052 589 constituit.

629 629 723 684 57.
770 628 1011 698 Denique
1034 628 1086 681 in
1118 626 1375 681 Zacharia
1398 622 1584 678 decem
1609 629 1733 675 sunt
1754 620 2018 685 homines,
2043 616 2146 673 sub

547 720 729 791 specie
757 721 997 776 onmium
1028 721 1264 791 gentium
1311 717 1575 772 ﬁmbriam
1621 715 1822 771 Christi
1874 723 2139 770 tenentes.

550 816 748 872 Decem
776 824 905 871 sunt
929 824 984 871 et
1015 816 1067 869 in
1101 810 1390 881 Evangelio
1420 810 1659 881 virgines
1682 851 1698 876 ,
1728 824 1847 879 quae
1884 808 1936 862 in
1968 806 2145 863 sensi-

547 907 649 963 bus
680 908 859 963 carnis
888 916 943 962 et
970 906 1189 976 spiritus
1214 944 1230 970 ,
1259 903 1507 973 quinario
1554 916 1782 957 numero
1829 900 2098 969 geminato
2123 942 2139 967 ,

553 1002 712 1074 235
744 1000 1134 1070 intelliguntur.
1166 997 1361 1053 Decem
1390 992 1552 1051 etiam
1586 993 1783 1065 Ieprosi
1816 993 2143 1048 mundantur

550 1108 581 1149 a
614 1093 861 1157 Domino,
896 1106 1087 1147 novem
1118 1106 1184 1145 ex
1211 1090 1291 1147 eis
1319 1090 1387 1145 ab
1414 1090 1621 1145 unitate
1645 1089 1889 1143 seclusis.
1944 1086 2139 1141 Decem

552 1195 679 1241 sunt
708 1197 964 1255 prarterea
999 1184 1181 1250 urbes,
1216 1198 1350 1254 quas
1380 1183 1425 1237 si
1456 1183 1594 1238 bene
1624 1182 1849 1249 rexeris,
1881 1180 2061 1236 cordis
2085 1186 2141 1235 et

548 1277 790 1348 corporis
807 1290 997 1332 sensus
1021 1277 1293 1347 duplicato
1313 1290 1537 1330 numero
1551 1274 1782 1343 accipies
1804 1274 1856 1327 in
1879 1272 2139 1328 futurum.

619 1374 708 1429 58.
752 1374 821 1427 At
844 1380 1033 1426 contra
1066 1370 1117 1425 in
1152 1369 1337 1425 Exodo
1366 1368 1554 1425 decem
1584 1367 1755 1437 plagis
1777 1378 2033 1435 percussa
2056 1372 2142 1421 est

550 1466 839 1538 Egyptus,
872 1472 927 1521 et
957 1465 1008 1519 iu
1040 1462 1364 1535 Apocalypsi
1394 1462 1579 1517 decem
1612 1476 1813 1517 cornua
1842 1459 2141 1529 procedunt

547 1572 615 1612 ex
644 1558 808 1619 mari,
840 1564 895 1609 et
922 1554 1113 1610 decem
1143 1553 1260 1607 dies
1300 1567 1675 1623 pressurarum
1713 1551 1968 1606 Ecclesia:
2006 1548 2141 1605 scri-

549 1649 770 1719 buntur,
796 1649 848 1703 in
876 1648 1068 1717 quibus
1090 1656 1260 1702 status
1285 1646 1445 1717 hujus
1470 1648 1615 1714 vitae,
1643 1654 1698 1702 ει
1722 1656 1931 1715 tempus
1952 1653 2137 1700 osten-

547 1740 711 1795 ditur.
765 1739 919 1809 Apud
954 1739 1301 1796 Salomonem
1329 1748 1509 1793 autem
1540 1737 1727 1793 decem
1754 1736 2028 1792 mensibus
2057 1736 2139 1791 in-

2251 524 2657 581 tabernaculum
2696 528 2995 598 tegebatur,
3022 530 3268 586 undecim
3317 532 3431 586 ﬁeri
3468 532 3746 604 ju'beutur,
3780 547 3837 595 ut

2250 628 2306 674 et
2330 634 2429 688 per
2454 635 2739 677 numerum
2773 632 3050 691 peccatum
3075 665 3090 690 .
3123 633 3176 679 et
3204 639 3299 694 per
3327 624 3557 681 cilicium
3596 631 3837 697 punctio-

2248 726 2345 767 nes
2385 721 2547 783 atque
2588 713 2823 769 lamenta
2873 724 3220 784 peccatorum
3268 717 3719 787 signiﬁcarentur.
3780 719 3834 778 In

2247 806 2470 863 Daniele
2499 821 2713 878 quoque
2747 808 3085 863 undecimum
3120 808 3307 865 bestia:
3332 824 3500 865 cornu
3524 826 3647 866 esse
3676 812 3835 870 doce-

2248 911 2353 966 tur,
2382 900 2451 955 ad
2478 901 2959 957 demonSIrandum
3004 902 3152 957 illum
3204 912 3482 958 auctorem
3526 912 3833 974 transgres-

2247 995 2417 1049 sionis
2441 994 2713 1050 diabolum
2741 1037 2756 1061 ,
2789 1007 2841 1051 et
2868 996 3033 1051 ﬁlium
3062 996 3178 1067 ejus
3220 996 3607 1055 Antichristum
3633 1040 3647 1066 ,
3681 999 3835 1071 cujus

2243 1087 2394 1157 regni
2428 1086 2599 1142 virtus
2630 1088 2681 1141 in
2714 1089 2917 1156 peccati
2948 1089 3188 1159 potentia
3220 1089 3505 1145 exaltatur.

2318 1178 2407 1233 63.
2452 1180 2583 1235 Nam
2614 1191 2670 1236 et
2697 1180 2911 1251 Petrus,
2943 1182 3167 1239 cadente
3188 1182 3348 1248 Iuda,
3375 1199 3439 1240 ne
3462 1184 3515 1241 in
3539 1183 3833 1240 undenario

2245 1286 2471 1326 numero
2506 1272 2870 1340 apostolorum
2920 1289 3126 1327 summa
3171 1285 3547 1343 permaneret,
3581 1276 3833 1332 duodeci-

2243 1378 2388 1417 mum
2415 1364 2695 1419 Matthiam
2718 1374 2863 1420 sorte
2890 1367 3123 1421 electum
3156 1368 3462 1436 constituit,
3493 1378 3736 1426 metuens
3763 1384 3832 1427 ne

2246 1454 2300 1510 In
2348 1472 2573 1511 numero
2606 1460 3049 1527 transgressionis
3088 1461 3410 1515 consisteret
3450 1475 3657 1516 summa
3704 1476 3834 1532 apo-

2244 1550 2447 1605 stolicae
2477 1552 2757 1614 veritatis.
2817 1554 2940 1609 licet
2990 1564 3042 1607 et
3088 1554 3173 1610 hic
3221 1570 3477 1610 numerus
3525 1557 3577 1610 in
3624 1557 3832 1613 ratione

2246 1650 2547 1710 temporum
2587 1643 2885 1713 reperiatur
2924 1647 3208 1715 ascriptus.
3262 1647 3559 1703 L‘ndeeimo
3588 1663 3821 1717 namque

2245 1734 2515 1791 Kalendas
2562 1736 2763 1807 Aprilis
2809 1738 2980 1793 lactus
3024 1740 3187 1795 fuisse
3218 1740 3416 1811 legitur
3437 1743 3687 1796 mundus.
3723 1740 3834 1796 Uu-

548 1831 668 1886 l'ans
694 1830 1009 1901 coagulatur
1031 1829 1085 1883 in
1114 1830 1394 1900 sanguine.
1450 1829 1587 1885 Sunt
1628 1836 1683 1883 et
1720 1828 1823 1883 alia
1864 1835 2138 1884 sexcenta.
2171 1821 2222 1883 Β
2247 1824 2419 1881 decim
2471 1828 2633 1882 etiam
2688 1829 3037 1899 perhibentur
3074 1832 3279 1887 dierum
3322 1844 3525 1903 epacta:
3552 1877 3567 1902 ,
3599 1848 3716 1903 qua:
3738 1848 3837 1903 per

547 1920 654 1979 Sed
688 1922 946 1977 hactenus
968 1923 1035 1977 de
1066 1922 1287 1977 denario
1311 1919 1514 1975 dixisse
1543 1919 1795 1975 sufﬁciat.

620 2015 709 2071 59.
753 2014 877 2071 Haec
902 2023 985 2070 est
1016 2015 1175 2085 primi
1198 2028 1387 2071 versus
1412 2029 1761 2069 numerorum
1788 2014 1990 2085 regula,
2026 2013 2141 2070 hac

550 2118 911 2177 sacramenta,
930 2125 1139 2181 genera
1170 2118 1225 2165 et
1274 2109 1484 2179 species
1513 2107 1833 2165 diﬁ‘erentice
1860 2107 2141 2178 perfectio-

550 2202 655 2257 nis.
703 2201 904 2258 Omnes
932 2210 1113 2257 autem
1145 2201 1303 2271 primi
1347 2214 1539 2256 versus
1582 2214 1835 2256 numeros
1874 2198 2143 2269 recapitu-

546 2293 722 2351 Iautes
768 2294 869 2350 sub
916 2293 1017 2349 hac
1062 2294 1290 2349 veritate
1338 2301 1655 2350 tractemus.
1700 2292 1846 2349 Unus
1883 2306 2142 2349 numerus

549 2400 657 2442 non
685 2395 788 2455 est,
820 2384 915 2441 sed
942 2384 1095 2456 origo
1125 2401 1477 2443 numerorum
1505 2387 1743 2443 omnium
1764 2394 1871 2443 est.
1898 2385 2142 2442 Binarius

549 2481 721 2551 prima
761 2494 886 2549 pars
929 2490 1012 2536 est
1036 2520 1052 2546 ,
1084 2482 1342 2535 ternarias
1372 2482 1564 2537 ordine
1590 2491 1644 2537 et
1676 2482 1873 2537 virtute
1912 2482 2138 2550 primus.

554 2573 927 2638 Quaternarius
969 2571 1181 2629 duobus
1210 2573 1432 2643 paribus
1462 2583 1693 2628 constat.
1728 2574 2011 2638 Quiuarius
2038 2573 2142 2630 sibi

548 2664 738 2736 genius
768 2672 869 2720 est.
905 2664 1154 2722 Senarius
1185 2666 1239 2721 in
1286 2681 1450 2735 opere
1487 2667 1671 2722 mundi
1724 2666 1989 2737 perlectus
2018 2677 2140 2735 est,

545 2756 691 2814 etab
722 2757 1020 2827 imparibus
1048 2772 1142 2828 par
1164 2765 1269 2814 est.
1296 2758 1632 2829 Septenarius
1663 2759 1933 2831 legitimus
1957 2769 2061 2825 est,
2089 2768 2146 2816 et

545 2851 815 2907 interdum
849 2865 948 2920 pro
977 2859 1088 2908 toto
1110 2864 1215 2908 est.

590 2935 706 2999 '60.
751 2942 1062 2999 Octonarius
1108 2958 1138 2997 a
1179 2942 1396 3015 paribus
1443 2958 1540 3014 par
1585 2955 1690 3000 est.
1741 2943 2069 2999 Novenarius
2112 2959 2143 3000 a

546 3036 802 3105 perlectis
834 3037 1131 3108 imparibus
1181 3038 1356 3107 impar
1411 3047 1514 3094 est.
1569 3039 1827 3093 Denarius
1876 3038 2143 3108 perfectus

548 3142 710 3201 atque
755 3131 931 3187 ﬁnalis
972 3141 1077 3187 est.
1118 3130 1356 3187 Termini
1401 3140 1581 3188 autem
1636 3148 1981 3189 numerorum
2007 3174 2023 3199 ,
2055 3131 2139 3187 vel

2246 1917 2487 1980 singulos
2517 1934 2687 1975 annos
2717 1922 2781 1975 ad
2815 1938 3030 1977 cursum
3064 1923 3206 1978 luna:
3244 1923 3586 1994 adjiciuntur.

2834 2016 3063 2071 CAPUT
3102 2017 3241 2073 XIII.

2697 2106 2774 2161 De
2801 2107 3122 2163 duodenario
3154 2125 3384 2165 numero.

2320 2196 2409 2251 64.
2451 2196 2813 2253 Duodenarius
2845 2215 3100 2255 numerus
3132 2202 3274 2257 inter
3302 2204 3440 2259 alios
3476 2219 3729 2262 numeros
3760 2207 3839 2263 le-

2246 2288 2467 2359 gitimus
2508 2305 2577 2345 ex
2627 2290 2879 2361 legitimis
2920 2294 3161 2348 numeris
3201 2303 3306 2349 est.
3340 2292 3632 2364 Propterea
3662 2307 3841 2367 septe-

2247 2382 2386 2437 uarii
2434 2391 2613 2453 partes
2663 2384 2831 2438 altera
2882 2399 2978 2453 pro
3025 2385 3192 2441 altera
3244 2386 3647 2457 multiplicatur.
3707 2388 3840 2444 Nam

2246 2482 2444 2545 quater
2473 2475 2633 2541 terni,
2668 2474 2750 2529 vel
2787 2485 2867 2530 ter
2891 2476 3136 2546 quaterni
3164 2477 3413 2534 eumdem
3445 2494 3727 2535 numerum
3762 2480 3843 2535 fa-

2246 2570 2419 2635 ciunt,
2454 2568 2543 2624 hic
2570 2578 2746 2625 autem
2782 2570 3024 2639 partibus
3054 2571 3167 2627 suis
3191 2573 3347 2627 simul
3376 2573 3568 2629 ductus
3599 2589 3704 2631 non
3729 2585 3841 2631 tam

2248 2672 2680 2729 consummatur,
2711 2663 2804 2719 sed
2834 2664 3135 2723 exceditur.
3182 2665 3515 2738 Ampliorem
3547 2670 3746 2740 quippe
3770 2671 3843 2729 de

2247 2770 2307 2812 se
2337 2758 2509 2827 ipsum
2536 2757 2695 2828 237
2727 2773 3009 2813 numerum
3062 2759 3274 2826 reddit;
3324 2776 3446 2816 nam
3504 2772 3679 2831 partes
3724 2762 3846 2833 ejus

2249 2864 2420 2919 usque
2450 2849 2517 2903 ad
2548 2850 2797 2905 sedecim
2822 2852 3163 2921 perveniunt.
3194 2853 3369 2910 Habet
3396 2856 3543 2911 enim
3567 2855 3662 2912 has
3683 2859 3845 2928 quin-

2247 2956 2373 3011 que,
2391 2939 2787 3009 duodecimam,
2804 2942 2945 3013 quod
2967 2952 3053 2999 est
3083 2960 3271 3013 unum,
3292 2955 3523 3015 sextam,
3548 2948 3689 3017 quod
3707 2948 3840 3018 duo,

2248 3042 2495 3104 quartam
2525 3075 2539 3097 ,
2571 3034 2714 3104 quod
2740 3044 2848 3091 tres
2870 3075 2887 3104 ,
2920 3036 3132 3092 tertiam
3159 3079 3174 3105 ,
3211 3039 3351 3108 quod
3388 3050 3638 3111 quatuor,
3678 3041 3844 3097 dimi-

2248 3127 2422 3193 diam,
2454 3127 2595 3197 quod
2623 3142 2739 3183 sex.

547 3223 749 3281 limites
780 3225 870 3280 isti
901 3234 1067 3281 sunt:
1112 3240 1249 3281 unus
1273 3266 1288 3291 ,
1340 3226 1523 3281 decem
1552 3266 1565 3289 ,
1598 3234 1814 3281 centum
1861 3235 1919 3281 et
1974 3225 2142 3280 mille.
2172 3214 2221 3279 (Ξ
2324 3217 2413 3272 65.
2457 3217 2641 3289 Itaque
2688 3234 2875 3286 unum.
2918 3229 2975 3277 et
3001 3221 3130 3289 dua.
3166 3232 3219 3279 et
3251 3223 3371 3289 tria,
3408 3232 3463 3279 et
3508 3233 3757 3293 quatuor,
3787 3233 3847 3282 et

547 3316 838 3387 Hucusque
884 3318 950 3373 ad
993 3319 1233 3388 regulam
1266 3319 1421 3387 primi
1456 3334 1645 3375 versus
1674 3318 2001 3387 disputatum
2032 3326 2134 3373 est.

546 3408 700 3468 Nunc
717 3410 786 3467 de
802 3411 1039 3468 secunda
1058 3410 1263 3483 [Forte,
1291 3426 1430 3466 nunc
1447 3412 1513 3466 de
1538 3412 1797 3482 secundo]
1822 3421 2137 3470 tractemus.

1150 3501 1377 3557 CAPUT
1420 3502 1531 3557 XII.

1036 3596 1112 3651 De
1140 3596 1425 3650 undenario
1452 3613 1678 3651 numero.

621 3691 712 3749 61.
776 3689 1109 3746 Undenarius
1158 3702 1417 3745 numerus
1465 3690 1633 3759 prima
1686 3690 1905 3745 secundi
1954 3705 2141 3746 versus

548 3796 739 3840 monas
768 3792 890 3848 est,
923 3782 1014 3851 qui
1046 3781 1340 3851 imparibus
1386 3783 1496 3837 suis
1540 3797 1645 3836 non
1679 3782 1842 3837 habet
1870 3784 2098 3851 amplius
2121 3822 2138 3849 ,

551 3876 657 3932 nisi
686 3874 855 3929 solam
881 3874 1245 3940 undecimam,
1278 3876 1418 3943 quod
1452 3884 1553 3941 est,
1590 3877 1729 3931 sicut
1751 3876 2026 3945 quinarius
2056 3890 2141 3930 so-

546 3966 653 4021 Iam
682 3967 943 4037 quintam,
976 3974 1031 4020 et
1054 3965 1323 4020 ternarius
1350 3966 1519 4021 solam
1544 3968 1780 4021 tertiam.
1814 3968 1869 4021 In
1901 3967 2143 4037 Scriptu-

551 4059 627 4114 ris
657 4068 835 4114 autem
866 4059 1165 4114 undenario
1210 4072 1436 4115 numero
1478 4060 1837 4129 transgressio
1888 4061 2145 4130 praecepti

549 4151 921 4223 signiﬁcatur,
955 4152 1070 4207 sive
1095 4152 1381 4207 diminutio
1411 4152 1733 4207 sanctitatis.
1776 4151 1930 4207 Unde
1961 4162 2016 4207 et
2044 4169 2148 4207 un-

550 4244 793 4299 decimus
816 4244 1059 4314 psalmus
1080 4244 1160 4298 sic
1182 4243 1422 4311 inchoat,
1447 4244 1633 4299 dicens
1657 4261 1670 4296 :
1705 4243 1921 4300 Salvum
1936 4261 2013 4299 me
2036 4248 2143 4315 fac,

549 4337 770 4393 Domine
790 4377 805 4402 ,
834 4337 1080 4407 quoniam
1127 4336 1313 4405 defecit
1358 4345 1587 4390 sanctus.
1632 4336 1796 4408 236
1823 4336 1971 4391 Sicut
2000 4338 2145 4395 enim

552 4447 651 4502 per
683 4430 959 4487 denarium
978 4431 1234 4486 scribitur
1267 4430 1527 4499 perfectio
1557 4430 1921 4499 beatitudinis,
1959 4431 2029 4486 ita
2051 4447 2147 4503 per

550 4524 903 4581 undenarium
938 4522 1296 4595 transgressio
1330 4524 1480 4594 legis.

2246 3325 2366 3378 sex,
2399 3311 2450 3365 in
2480 3324 2742 3365 summam
2773 3311 2954 3379 ducta,
2993 3314 3227 3370 sedecim
3267 3325 3409 3370 sunt.
3443 3315 3560 3371 Tali
3589 3331 3718 3388 ergo
3755 3332 3847 3373 ra.-

2249 3403 2395 3458 tioue
2427 3406 2704 3473 plusquam
2737 3405 3006 3474 perfectus
3034 3406 3279 3464 habetur.
3308 3409 3405 3463 Hic
3433 3418 3611 3464 autem
3638 3408 3848 3467 duode-

2244 3496 2428 3551 narius
2457 3512 2733 3564 numerus,
2768 3507 2827 3553 ut
2850 3498 3216 3569 praediximus,
3261 3502 3311 3556 in
3339 3501 3628 3570 Seripturis
3657 3502 3845 3572 legiti-
3870 3510 3873 3513 ’

2245 3602 2383 3652 mus,
2408 3589 2523 3644 sive
2550 3603 2671 3643 cum
2699 3605 2796 3657 pro
2824 3599 2938 3647 toto
2968 3594 3203 3659 ponitur,
3237 3594 3351 3650 sive
3386 3608 3508 3649 cum
3534 3594 3587 3651 in
3616 3610 3677 3650 se
3702 3596 3846 3652 mul-

2244 3681 2555 3751 tiplicatur:
2592 3698 2689 3753 pro
2736 3692 2849 3741 toto
2894 3686 3128 3753 ponitur,
3182 3696 3238 3742 ut
3293 3703 3367 3742 xu
3414 3688 3615 3755 throni,
3658 3698 3711 3745 et
3763 3705 3841 3746 xtl

2248 3777 2438 3840 tribus,
2468 3777 2595 3832 dum
2629 3794 2723 3848 per
2752 3795 2825 3833 xu
2858 3780 3079 3836 thronos
3103 3796 3290 3838 omnes
3314 3781 3636 3853 iudicantes,
3668 3790 3722 3838 et
3748 3798 3848 3853 per

2249 3868 2528 3926 duodecim
2553 3871 2722 3927 tribus
2749 3887 2936 3929 omnes
2964 3882 3153 3945 gentes
3182 3875 3572 3945 signiﬁcantur.

2323 3963 2412 4018 ou.
2457 3963 2561 4019 Pro
2588 3978 2647 4019 se
2675 3964 2791 4034 ipso
2816 3975 3015 4031 autem,
3049 3965 3187 4021 sicut
3225 3966 3509 4022 duodecim
3562 3980 3657 4037 per
3708 3966 3847 4023 duo-

2248 4058 2423 4114 decim
2474 4066 2693 4115 centum
2741 4059 3095 4128 quadraginta
3138 4068 3366 4128 quatuor
3418 4058 3679 4128 efﬁciunt,
3738 4074 3851 4131 quo

2249 4170 2475 4211 numero
2494 4156 2674 4211 omnis
2702 4154 2939 4211 Ecclesia
2971 4156 3307 4227 designatur.
3359 4157 3501 4213 Idem
3531 4165 3709 4213 autem
3739 4157 3851 4215 fre-

2250 4250 2500 4319 quentior
2542 4250 2627 4305 est
2673 4249 2728 4303 in
2775 4249 3093 4319 Scripturis,
3124 4259 3179 4305 et
3208 4250 3347 4306 inter
3376 4266 3563 4307 omnes
3593 4266 3850 4308 numeros

2253 4341 2482 4397 habetur
2513 4340 2775 4413 insignior
2797 4353 3015 4412 pr0pter
3035 4358 3301 4399 summam
3331 4344 3757 4414 patriarcharum
3790 4353 3851 4401 et

2254 4438 2643 4507 apostolorum.

2326 4528 2416 4583 67.
2460 4528 2830 4583 Duodenarius
2878 4537 2961 4584 est
3001 4542 3256 4587 numerus
3284 4530 3672 4600 apostolorum,
3705 4530 3851 4586 idem

622 4617 712 4671 62.
754 4618 888 4673 Hinc
917 4628 997 4673 est
1029 4618 1173 4689 quod
1216 4617 1384 4671 Adam
1419 4616 1707 4687 progenies
1750 4630 1845 4685 per
1882 4614 2013 4670 Cain
2059 4630 2151 4671 us-
2174 4610 2226 4672 D
2253 4621 2413 4677 etiam
2442 4630 2498 4677 et
2527 4621 2979 4691 patriarcharum;
3013 4630 3136 4676 sunt
3161 4621 3304 4677 enim
3334 4630 3388 4677 et
3420 4621 3638 4676 totidem
3671 4622 3852 4677 mino-

552 4726 657 4781 que
682 4709 748 4765 ad
779 4710 1038 4766 diluvium
1070 4711 1369 4766 undenario
1412 4726 1637 4766 numero
1679 4710 2023 4777 terminatur,
2078 4711 2146 4766 ad

552 4802 964 4871 signiﬁcandum
995 4803 1205 4859 scilicet
1227 4812 1528 4873 peccatum,
1556 4802 1694 4872 quod
1721 4816 1815 4871 per
1847 4810 2148 4873 transgres-

623 4916 710 4973 57.
758 4920 815 4975 In
843 4922 943 4977 Ms.
973 4929 1084 4975 erat
1113 4919 1327 4989 accipiet
1360 4932 1456 4988 pro
1483 4918 1720 4989 accipies.

624 4991 716 5049 58.
744 4992 797 5048 In
827 4993 951 5058 Ms.,
982 4992 1067 5046 hic
1095 5000 1149 5046 et
1175 4987 1323 5057 alibi,
1352 4987 1407 5045 in
1438 4987 1783 5062 Apocalypsin
1808 5002 1904 5058 pro
1927 4988 1979 5041 in
2006 4988 2147 5059 Apo-

501 5153 515 5209 ξ
551 5064 876 5193 εαὲιὲῗιίεὶὺί
905 5134 1083 5216 genius
1108 5143 1201 5189 est.
1230 5133 1288 5189 Id
1315 5141 1419 5200 est,
1448 5141 1505 5188 ut
1534 5140 1682 5201 puto,
1712 5130 1853 5199 quod
1885 5147 2030 5186 num.
2053 5132 2146 5199 25,

553 5227 605 5265 se
627 5226 825 5281 semper
852 5208 1093 5261 ostendit.

753 5281 937 5344 Forte,
978 5277 1066 5346 qui
1101 5278 1156 5330 in
1196 5276 1424 5345 partibus
1463 5276 1636 5331 suis...
1678 5275 1817 5346 quod
1845 5284 1918 5331 est
1946 5291 2106 5330 unum
2130 5315 2149 5344 ,

554 5362 768 5475 “md.
811 5421 868 5475 In
900 5422 1001 5478 Ms.
1031 5420 1276 5475 monades
1303 5435 1399 5489 pro
1426 5438 1624 5475 manas.

816 5493 894 5546 Ex
933 5502 1120 5548 sancto
1160 5488 1459 5563 Augustino
1499 5507 1661 5547 serm.
1712 5489 1774 5543 51
1801 5530 1814 5557 ,
1840 5504 1961 5559 cap.
2001 5488 2071 5543 25
2101 5499 2155 5545 ει

554 5563 721 5691 ἪΞ.
763 5633 1055 5705 Progenies
1100 5637 1168 5692 ab
1216 5636 1383 5692 Adam
1425 5649 1593 5703 usque
1631 5634 1697 5688 ad
1745 5633 1856 5688 Νοθ
1899 5633 2153 5688 “imm”

555 5708 747 5764 decem
778 5720 964 5775 supra,
998 5723 1146 5761 num.
1180 5708 1267 5761 56.
1307 5708 1404 5761 Hic
1444 5709 1692 5761 dicuntur
1735 5704 1980 5769 undecim
2030 5720 2153 5771 pro-

556 5783 741 5849 genies
772 5791 941 5847 usque
971 5778 1209 5849 adﬁlilios
1237 5778 1367 5833 Noe.
1409 5777 1687 5833 Rationem
1719 5776 1951 5845 explicat
1987 5776 2153 5830 Isido-

556 5848 647 5906 rus
671 5892 687 5919 ,
719 5865 839 5921 cap.
870 5849 903 5905 6
934 5850 989 5907 in
1022 5848 1253 5906 Genesin
1277 5891 1293 5916 ,
1329 5865 1384 5904 n.
1415 5849 1507 5906 ‘29.
1555 5848 1788 5920 Reposui
1827 5849 2156 5903 undecimum

2256 4731 2344 4771 res
2369 4714 2664 4786 prophetae.
2700 4714 2927 4784 Lapides
2951 4715 3109 4768 etiam
3144 4713 3450 4777 duodecim,
3494 4726 3629 4782 quos
3669 4727 3855 4770 sacer-

2253 4808 2410 4865 dotes
2451 4808 2736 4877 gestabant
2776 4808 2827 4861 in
2876 4816 3110 4875 pectore.
3152 4803 3443 4860 Duodecim
3486 4814 3741 4872 praeterea
3793 4805 3851 4860 in

2256 4921 2427 4975 bestia:
2451 4936 2611 4974 cornu
2640 4934 2736 4989 pro
2761 4920 2994 4973 undecim
3018 4918 3187 4971 bestia:
3213 4932 3392 4989 cornu.
3421 4914 3611 4989 Posset
3637 4929 3856 4989 quoque

2256 4992 2361 5061 legi
2390 4992 2628 5047 undecim
2644 4985 2827 5044 'bcstia:
2850 5005 3060 5061 cornua.
3095 4989 3198 5061 Sed
3235 5002 3316 5061 ex
3343 4985 3564 5061 Daniel.
3596 5000 3667 5040 vn
3694 5028 3707 5050 ,
3736 4986 3808 5042 ΞΟ
3832 5027 3854 5056 ,

2258 5058 2663 5134 praeferendum
2700 5062 2911 5115 videtur
2948 5060 3183 5134 undecim
3226 5058 3398 5111 bestia:
3422 5072 3600 5109 cornu.

2331 5136 2417 5191 65.
2462 5133 2709 5189 Nonnulli
2741 5142 2978 5187 veterum
3011 5130 3269 5185 mundum
3300 5138 3554 5182 autumno
3574 5128 3851 5186 conditum

2259 5216 2641 5270 asseruerunt;
2670 5205 2761 5257 sed
2788 5204 3023 5271 plerique
3047 5202 3231 5255 Patres
3252 5214 3416 5254 verno
3439 5208 3678 5271 tempore
3699 5216 3855 5254 crea-

2262 5288 2373 5333 tum
2400 5279 2653 5333 mundum
2687 5270 2891 5339 tenent,
2920 5273 3152 5343 Cyrillus
3187 5270 3719 5343 Ilierosolymitanus,
3752 5274 3857 5343 Ba-

2260 5351 2433 5415 silius,
2460 5348 2845 5411 Nazianzenus,
2874 5341 3211 5415 Ambrosius,
3230 5341 3611 5415 Theodoretus
3650 5350 3703 5396 et
3734 5342 3852 5415 alii.

2260 5411 2458 5477 Confer
2486 5418 2770 5474 concilium
2816 5418 2966 5482 jussu
3010 5414 3243 5468 Victoris
3287 5427 3504 5482 pap:u_a
3552 5411 3859 5482 Theophila

2259 5492 2624 5547 Alexandrino
2677 5480 3002 5543 celebratum
3059 5485 3112 5539 in
3161 5485 3393 5553 append.
3445 5480 3518 5549 8,
3564 5491 3694 5536 tom.
3742 5480 3857 5549 Ill,

2258 5564 2647 5711 llius.
2676 5640 2792 5711 erat
2833 5627 3238 5711 nuncquaterni.
3272 5639 3366 5694 pro
3414 5638 3520 5711 quo
3564 5625 3682 5711 le'go
3712 5640 3860 5711 Διυιγνι

2257 5716 2428 5770 quater
2480 5704 2631 5758 terni.
2679 5702 2782 5755 Pro
2809 5696 3059 5755 exciditur
3090 5697 3241 5769 posui
3280 5697 3560 5751 acceditur.
3603 5696 3860 5752 Fortasse

2258 5776 2539 5847 legendum
2569 5772 2723 5828 simul
2748 5773 2933 5839 ductis,
2962 5781 3017 5828 et
3045 5786 3149 5826 non
3179 5776 3379 5823 tantum
3406 5775 3814 5823 consummatur.
