4100 6344
292 343 398 406 I93

853 344 1054 405 LIBER
1092 340 1529 403 NUMERORUM
1571 340 1691 414 QUI
1732 338 1797 401 IN
1835 334 2124 402 SANCTIS
2169 336 2580 403 SCRIPTURIS
2618 341 3061 403 OCCURRUNT.

3480 343 3584 406 t9!

285 470 408 540 lege
436 459 717 539 3p0§lttIIt‘I
738 465 910 523 fontes
939 468 1203 539 leguntur,
1222 467 1374 538 juxta
1398 483 1530 538 quos
1553 466 1885 538 septuaginta
1912 472 1969 532 Α
1992 465 2074 521 Ab
2100 464 2369 521 Abraham
2400 479 2631 535 namque
2661 479 2832 535 usque
2875 464 2943 521 ad
2985 462 3148 520 David
3179 464 3582 534 quatuordeeim

282 575 579 621 creverunt
604 565 829 635 palmae;
880 564 1164 621 duodecim
1222 581 1451 635 namque
1495 565 1656 621 Israel
1713 564 1886 622 tribus

280 669 569 713 vocantur.
622 658 911 713 Duodecim
963 658 1124 713 etiam
1173 658 1544 728 exploratores
1590 659 1656 713 ad
1687 666 1883 713 terram

278 761 524 807 sanctam
560 750 865 817 mittuntur,
895 751 1088 823 quibus
1118 751 1304 807 botrus
1344 750 1396 807 in
1428 752 1572 823 ligno
1614 752 1715 809 sub
1762 760 1887 822 typo

278 842 486 897 Christi
521 842 778 897 defertur.

352 934 452 990 68.
504 936 742 1006 Denique
764 944 818 992 et
852 946 1067 1006 pr0pter
1090 938 1403 994 aeternitatis
1430 940 1794 999 testimonium
1818 938 1888 995 de

281 1024 542 1081 Jordanis
599 1042 757 1081 autne
810 1028 1015 1097 lapides
1068 1030 1349 1084 duodecim
1398 1030 1735 1098 auferuntur,
1796 1032 1888 1102 qui

287 1129 569 1187 ponuntur
594 1120 647 1174 in
678 1119 796 1177 loco
825 1121 912 1177 ubi
942 1124 1182 1177 secundo
1210 1124 1561 1179 circumcisus
1591 1133 1677 1180 est
1702 1124 1887 1180 Israel.

276 1210 454 1268 Porro
487 1212 632 1267 Elias
674 1229 738 1295 ert
779 1213 1884 1295 duodecimlapidib‘usﬁdiﬁcavitaltare,

278 1314 335 1358 et
377 1306 519 1375 apud
552 1294 865 1365 Matthfeum
892 1323 969 1363 xu
1002 1304 1297 1379 fragmenta
1325 1293 1680 1379 c0phinor'u'm
1704 1324 1888 1380 super-

1989 558 2359 628 generationes
2388 566 2833 614 annumerantur.
2875 557 3010 613 Item
3059 572 3090 611 a
3133 556 3299 613 David
3328 571 3494 628 usque
3515 559 3583 615 ad

1993 652 2516 724 transmigrationem
2550 654 2772 710 totidem
2801 653 3177 726 generationes
3210 656 3581 725 reperiuntur;

1990 743 2155 816 239
2202 758 2493 815 rursusque
2550 759 2718 816 usque
2768 744 2836 801 ad
2886 743 3165 802 Christum
3207 746 3581 818 generationes

1993 837 2398 907 quatuordecim
2420 847 2814 909 computantur.

2063 928 2152 986 74.
2196 929 2251 985 In
2306 930 2421 1002 lege
2466 947 2679 1002 quoque
2731 942 2921 1004 quarto
2972 932 3184 989 decimo
3238 932 3326 989 die
3378 935 3584 992 mensis

1993 1023 2152 1093 primi
2191 1024 2388 1092 pascha
2427 1024 2688 1079 celebrari
2710 1024 2928 1095 jubetur
2955 1026 3025 1081 de
3056 1041 3218 1083 carne
3248 1028 3367 1099 agni
3397 1028 3588 1083 imma-

1990 1113 2173 1170 culati.
2229 1112 2285 1168 In
2330 1115 2612 1170 Ezechiele
2640 1126 2817 1171 autem
2853 1116 3255 1186 quatuordecim
3284 1120 3589 1175 extenditur

1991 1206 2184 1265 cubitis
2224 1207 2442 1278 crepido
2494 1208 2732 1264 caelestis
2772 1194 2957 1265 altaris
3005 1208 3218 1282 (Ezech.
3273 1226 3427 1279 mn,
3472 1214 3586 1285 17).

1992 1301 2407 1370 Quatuordecim
2440 1313 2701 1372 praeterea
2752 1303 2907 1359 annis
2934 1305 3158 1359 servivit
3185 1303 3353 1360 Jacob
3380 1306 3585 1362 Laban.

278 1394 502 1450 fuerunt
534 1396 588 1451 in
618 1396 928 1455 solitudine.
974 1376 1186 1477 Item-Jb
1212 1376 1536 1475 Apocalypsi
1576 1403 1645 1457 de
1668 1376 1890 1483 singulis
1926 1376 1940 1467 Ι
1992 1396 2405 1462 Quatuordecim
2425 1396 2549 1451 anni
2571 1395 2787 1452 fuerunt
2815 1397 3070 1452 ubertatis
3097 1395 3298 1471 [Forte,
3332 1398 3589 1455 sterilita-

279 1486 714 1563 patriarcharum
741 1490 986 1547 tribubus
1027 1492 1309 1567 duodecim
1334 1492 1501 1549 millia
1531 1495 1813 1566 signantur
1834 1495 1887 1550 in
1927 1492 1933 1553 ἐ

278 1577 577 1637 frontibus.
622 1581 796 1653 Super
835 1592 1007 1665 caput
1036 1586 1419 1665 quoqueAgni
1446 1600 1645 1642 corona
1677 1586 1890 1643 duode-
1924 1606 1933 1665 ς

1897 1714 1963 1943 l.

281 1670 393 1724 cim
423 1669 705 1728 stellarum
745 1662 1074 1744 resplendet,
1100 1664 1889 1751 etgfundamenta'etiamleru-

280 1761 562 1847 salenti'ex
604 1763 888 1822 duodecim
920 1769 1170 1839 pretiosis
1203 1769 1470 1847 lapidibus
1513 1756 1747 1839 sun‘t,Let
1775 1772 1889 1840 ipsa

280 1846 477 1911 civitas
513 1872 591 1912 xu
635 1859 824 1915 stadiis
868 1870 952 1917 est
992 1863 1226 1934 undique
1254 1846 1491 1931 versum,
1525 1874 1589 1921 et
1626 1848 1885 1936 ejusdem

278 1948 520 2005 civitatis
549 1967 621 2007 xu
651 1963 927 2023 portarum
956 1955 1229 2025 ingressus
1259 1957 1503 2013 habetur.

309 2055 317 2061 ·
358 2042 452 2099 69.
500 2045 597 2100 llic
619 2046 980 2103 duodenarius
1002 2064 1259 2105 numerus
1288 2038 1463 2106 sexies
1500 2051 1886 2123 multiplicatus

281 2138 411 2195 facit
450 2143 789 2213 septuaginta
830 2144 967 2201 duos
1014 2146 1329 2215 discipulos,
1364 2146 1454 2217 qui
1487 2149 1637 2203 missi
1662 2158 1788 2204 sunt
1816 2150 1885 2205 ad

281 2233 683 2301 prazdicandum
744 2249 837 2304 per
895 2245 1062 2292 totum
1122 2238 1378 2294 tnundum
1435 2238 1491 2294 in
1547 2225 1883 2309 septuaginta

282 2324 489 2380 duabus
536 2326 731 2398 linguis
781 2328 1036 2385 divisum.
1084 2330 1212 2386 Item
1242 2331 1624 2401 multiplicatus
1680 2334 1732 2387 in
1763 2348 1885 2388 sese

280 2419 449 2475 efﬁcit
467 2430 684 2478 centum
716 2423 1069 2495 quadraginta
1110 2434 1359 2495 quatuor,
1389 2426 1479 2496 qui
1508 2434 1591 2481 cst
1632 2440 1882 2482 mensura

280 2524 559 2567 murorum
591 2512 910 2569 Jerusalem.
1490 2578 1491 2581 η

350 2604 520 2675 233
540 2604 630 2659 70.
645 2604 790 2661 Idem
814 2608 931 2675 ipse
952 2621 1163 2678 quoque
1186 2607 1573 2678 multiplicatus
1605 2608 1729 2664 facit
1751 2624 1884 2665 cen-

280 2703 402 2751 tum.
426 2695 783 2768 quadraginta
828 2708 1057 2767 quatuor
1088 2699 1253 2754 millia
1293 2699 1646 2769 signatorum,
1691 2700 1744 2755 id
1775 2710 1878 2767 est,

280 2787 689 2845 universitatem
718 2801 1048 2847 sanctorum.
1083 2791 1347 2849 Praeterea
1379 2804 1433 2849 et
1460 2794 1513 2848 in
1547 2795 1879 2865 temporibus

280 2891 333 2936 et
352 2881 405 2936 in
427 2881 673 2952 partibus
690 2883 876 2952 mandi
899 2886 1153 2941 convenit
1178 2900 1434 2942 numerus
1450 2887 1571 2943 iste.
1588 2888 1877 2947 Duodecim

280 2974 422 3027 enim
452 2974 732 3031 mensibus
770 2976 947 3047 explet
972 2978 1053 3032 sol
1084 2978 1186 3034 iste
1210 2978 1439 3036 visibilis
1467 2995 1664 3037 annum
1700 2998 1713 3035 :
1746 2981 1876 3037 duo-

278 3062 454 3119 decim
500 3064 663 3121 etiam
708 3066 879 3124 ﬂabra
900 3078 1203 3144 murum
1230 3070 1543 3128 universum
1594 3084 1881 3144 peragrant

279 3157 563 3212 mundum.
585 3156 879 3215 Duodecim
901 3160 1062 3217 etiam
1078 3162 1244 3235 hora;
1254 3171 1381 3219 sunt
1400 3162 1526 3229 diei,
1553 3164 1879 3235 totidemque

278 3246 425 3304 horae
447 3262 579 3307 sunt
605 3250 797 3309 noctis.

875 3344 1101 3402 CAPUT
1142 3346 1283 3403 XIV.

660 3437 737 3494 De
764 3439 977 3495 denario
1016 3440 1238 3496 ternario
1278 3456 1508 3496 numero.

444 3037 711 3053 —~’

905 3139 1205 3154 ν

346 3548 440 3604 7i.
482 3549 745 3607 Denarius
774 3554 1029 3609 ternarias
1046 3546 1302 3610 numerus
1332 3562 1551 3626 propter
1579 3555 1681 3611 tria
1707 3565 1762 3611 et
1787 3555 1882 3612 de-

278 3648 394 3696 eer’n
447 3642 695 3712 designat
749 3644 943 3715 legem,
999 3654 1054 3701 et
1101 3646 1489 3717 legislaturem,
1532 3648 1878 3718 Decalogum,

280 3731 551 3797 videlicet,
577 3742 632 3788 et
656 3733 992 3791 Trinitatem.
1022 3735 1404 3806 Competenter
1424 3746 1605 3793 autem
1649 3738 1738 3793 hic
1778 3754 1881 3794 nu-

224 3821 229 3824 ’
280 3844 461 3885 merus
491 3831 737 3900 apostolo
772 3831 939 3887 Paulo
964 3834 1269 3900 ascribitur,
1317 3834 1406 3903 qui
1453 3833 1694 3903 ejusdem
1736 3841 1881 3891 tenet

285 3922 497 3976 numeri
530 3922 705 3977 locum
736 3923 789 3977 in
818 3923 1008 3979 ordine
1039 3923 1427 3995 apostolorum.

349 4012 444 4068 72η.
486 4012 619 4070 Nam
669 4014 808 4072 idem
863 4027 988 4074 ante
1036 4018 1172 4089 legis
1198 4018 1406 4089 doctor,
1459 4027 1645 4089 postea
1684 4019 1882 4076 divinat

284 4102 563 4164 Trinitatis
591 4107 644 4163 in
666 4112 917 4180 gentibus
938 4113 1142 4167 exstitit
1162 4115 1504 4185 evangelicus
1537 4114 1880 4185 prmdicator,

286 4202 433 4269 quasi
463 4200 650 4258 decem
683 4216 738 4261 et
768 4208 867 4261 tria
899 4216 1110 4262 tenens.
1163 4207 1314 4263 Unde
1338 4218 1393 4263 et
1434 4209 1547 4279 ipse
1578 4208 1880 4279 Benjamin,

286 4299 349 4355 de
385 4300 543 4370 cujus
571 4304 737 4371 stirpe
786 4303 983 4359 Paulus
1021 4314 1103 4360 est
1127 4315 1300 4371 ortus,
1334 4307 1386 4360 in
1418 4308 1559 4361 tribu
1592 4306 1749 4362 tertia
1781 4306 1883 4362 de-

286 4395 417 4450 cinta
450 4404 812 4463 computatur,
842 4396 1093 4465 Ephraim
1125 4408 1179 4452 et
1216 4397 1463 4453 Manasse
1512 4398 1881 4455 annumeratis

293 4501 385 4556 pro
411 4487 615 4559 Joseplt
640 4488 695 4544 in
727 4489 915 4545 ordine
943 4490 1392 4560 patriarcharum.

894 4601 1122 4658 CAPUT
1162 4604 1279 4659 XV.

598 4693 675 4750 De
711 4696 919 4750 denario
958 4698 1287 4765 quater-nario
1327 4713 1555 4753 numero.

352 4783 442 4839 73.
491 4785 740 4841 Denarius
756 4788 1115 4854 quaternarius
1140 4802 1413 4857 numerus,
1439 4789 1558 4858 quia
1582 4803 1650 4844 ex
1674 4788 1883 4846 duobus

288 4881 601 4952 septenariis
657 4890 890 4947 constat,
939 4883 1194 4952 gemitum
1254 4882 1408 4937 nobis
1457 4882 1713 4949 insinuat,
1765 4884 1881 4940 sive

290 4972 423 5029 hunc
475 4974 849 5043 temporalem,
890 4989 1051 5044 quem
1079 4984 1291 5030 veteres
1329 4976 1380 5029 in
1425 4975 1536 5029 otio
1585 4976 1883 5047 ﬁguraliter

290 5070 595 5134 utebantur,
643 5068 764 5124 sive
808 5068 957 5124 illum
1011 5079 1293 5139 aeternum,
1328 5070 1383 5125 in
1411 5086 1519 5140 quo
1545 5086 1575 5125 a
1607 5072 1882 5128 laboribus

288 5162 396 5216 suis
446 5174 638 5217 omnes
688 5162 856 5217 sancti
908 5170 1225 5231 exspectant
1280 5162 1545 5233 requiem.
1589 5164 1881 5235 Reperitur

287 5266 461 5312 autem
479 5254 629 5327 juxta
648 5254 1003 5327 Evangelium
1020 5255 1073 5313 in
1089 5257 1531 5327 generationibus
1549 5266 1878 5329 temporum.

349 5438 439 5493 70.
486 5437 780 5512 Duodecim
806 5437 954 5495 hora:
980 5440 1089 5496 diei
1119 5441 1172 5495 in
1213 5440 1506 5512 Evangelia
1551 5456 1883 5498 commemo-

288 5519 492 5564 rantur.
523 5509 880 5584 Nox_quoque
910 5520 1140 5584 quatuor
1168 5509 1387 5584 vigiliis'
1404 5514 1708 5581 constabat,
1741 5530 1875 5569 una-

286 5594 506 5649 quaeque
532 5580 711 5650 vigilia
746 5582 913 5637 tribus
943 5582 1112 5639 horis.
1158 5580 1450 5655 Inaequales
1492 5594 1670 5640 autem
1696 5580 1875 5641 erant

286 5652 380 5705 diei
413 5653 703 5710 noctisque
728 5653 875 5708 hora:
906 5669 1003 5710 pro
1041 5668 1343 5710 temporum
1375 5657 1654 5710 varietate.

368 5668 380 5705 I
413 5668 703 5712 noctisque
728 5668 875 5708 norat
906 5669 1003 5712 ι)ῐο
1041 5668 1343 5712 temporum
1375 5668 1654 5712 varietate.

348 5667 380 5705 ει
413 5667 703 5721 noctisque
728 5667 875 5708 nera:
906 5669 1003 5720 pro
1041 5668 1343 5725 temporum
1375 5667 1654 5712 varietate.

348 5721 440 5778 73.
486 5722 976 5796 Quemrutebautur.
1006 5724 1300 5782 lsidoriana
1330 5726 1542 5796 phrasis
1569 5738 1671 5791 est,
1724 5735 1782 5781 ut
1802 5743 1871 5784 ex

284 5790 407 5868 ejus
424 5795 728 5868 praesertim
751 5809 881 5868 mss.
910 5797 1163 5866 operibus
1182 5790 1583 5867 sarpe'constat.
1637 5799 1742 5855 Sed
1770 5814 1873 5868 pro

284 5866 524 5934 gemitum
570 5864 716 5929 aliud
762 5864 972 5924 videtur
1007 5864 1397 5940 reponendum,
1448 5870 1590 5928 quod
1628 5864 1869 5942 requiem

1884 2575 1945 2728 7

1995 1490 2063 1545 tis
2085 1499 2140 1546 et
2171 1489 2453 1563 ubertatis]
2485 1491 2538 1545 in
2567 1490 2800 1562 Egypto
2827 1491 2928 1546 sub
2948 1490 3175 1561 .losepb.
3650 1506 3653 1563 χ

2068 1584 2159 1641 75.
2207 1584 2401 1639 Paulus
2427 1598 2642 1655 quoque
2671 1584 2946 1654 apostolus
2980 1592 3098 1653 post
3127 1598 3296 1639 annos
3332 1593 3590 1654 quatuor—
3645 1592 3648 1607 λ

1993 1675 2166 1731 decim
2215 1675 2283 1729 ad
2326 1673 2797 1745 evangelizandum
2846 1673 3090 1729 ascendit
3142 1673 3196 1728 in
3248 1672 3585 1741 Jerusalem,

1994 1768 2243 1823 Barnaba
2272 1782 2456 1823 secum
2501 1777 2555 1823 et
2583 1767 2707 1822 Tito
2732 1767 3045 1835 assumptis.
3089 1765 3231 1821 ldem
3263 1766 3589 1837 quatuorde-
3658 1790 3663 1823 ι.

1992 1862 2099 1918 cim
2127 1862 2382 1932 Epistolis
2412 1860 2807 1933 praedicationis
2838 1876 2954 1917 suae
2976 1875 3279 1917 sermonem
3308 1860 3590 1916 conclusit.

1992 1955 2162 2011 Porro
2179 1954 2281 2011 Job
2300 1970 2397 2024 pro
2420 1954 2722 2010 tolerantiae
2752 1952 2961 2009 meritis
2988 1951 3393 2023 quatuordecim
3424 1949 3592 2005 millia

1988 2047 2174 2102 ovium
2210 2048 2259 2101 in
2292 2046 2399 2109 fine
2424 2044 2648 2116 recepit.
2682 2044 2822 2099 Puer
2852 2057 3065 2113 quoque
3095 2043 3147 2098 in
3176 2040 3592 2097 adolescentiam

1987 2151 2110 2211 post
2135 2156 2334 2196 annum
2358 2151 2607 2211 quartum
2630 2140 2897 2197 decimum
2918 2139 3131 2210 transit,
3158 2148 3316 2211 atque
3338 2137 3589 2212 gignendi

1985 2234 2239 2290 virtutem
2262 2247 2407 2290 anno
2431 2240 2625 2304 quarto
2652 2231 2865 2288 decimo
2892 2232 3079 2287 sumit.

2577 2345 2807 2402 CAPUT
2846 2345 2993 2402 XVI.

2432 2436 2509 2493 De
2545 2439 2893 2509 quindenart'o
2931 2453 3165 2494 numero.

2057 2550 2147 2605 76.
2193 2552 2585 2620 Quindettarius
2615 2567 2872 2608 numerus
2906 2552 3057 2623 juxta
3102 2551 3431 2608 decisionem
3462 2566 3588 2608 sua-

1990 2655 2109 2696 vem
2138 2643 2433 2711 rationum,
2462 2644 2586 2713 quia
2625 2660 2689 2699 ex
2737 2645 2909 2699 tribus
2940 2642 3177 2712 partibus
3206 2650 3433 2709 constat,
3489 2643 3590 2698 im-

1986 2734 2257 2804 perfectus
2310 2745 2412 2790 est.
2465 2736 2636 2791 liabet
2685 2737 2830 2792 enim
2862 2736 3113 2807 primam,
3147 2745 3201 2791 et
3251 2736 3487 2804 tertiam,
3536 2745 3591 2791 et

1984 2829 2224 2898 quintam
2275 2830 2669 2886 tantummodo.
2727 2829 2835 2885 Sed
2890 2829 3061 2901 prima
3111 2829 3231 2900 ejus
3281 2845 3443 2885 unum
3483 2838 3587 2897 est,

1984 2924 2169 2993 quinta
2203 2924 2321 2992 ejus
2373 2923 2475 2979 tria
2507 2935 2651 2990 sunt,
2689 2924 2843 2978 tertia
2876 2938 3003 2978 vero
3049 2923 3303 2994 quinque,
3347 2924 3437 2990 qui
3472 2922 3591 2977 efﬁ-

1983 3015 2136 3070 ciunt
2169 3032 2388 3071 novem.
2441 3016 2538 3072 Hic
2564 3026 2742 3072 autem
2789 3016 3017 3088 mystice
3054 3016 3109 3070 in
3139 3015 3348 3071 duabus
3375 3014 3590 3071 decisus

1985 3111 2224 3180 partibus
2249 3120 2304 3167 et
2333 3126 2572 3182 praesens
2627 3123 2838 3182 tempus
2885 3110 3174 3182 signiﬁcat,
3220 3118 3277 3166 et
3326 3117 3588 3165 :eternum

1985 3201 2342 3258 demonstrat.

1909 3278 1957 3343 C
2058 3296 2147 3349 77.
2189 3294 2414 3351 Constat
2461 3295 2607 3351 enim
2664 3311 2730 3353 ex
2763 3306 2968 3367 septem
3002 3306 3057 3352 et
3085 3305 3229 3362 octo,
3260 3296 3354 3367 qui
3391 3296 3590 3352 faciunt

1992 3389 2322 3458 quindecim,
2356 3389 2452 3444 sed
2479 3398 2537 3444 et
2567 3398 2774 3460 septem
2806 3390 2924 3461 ejus
2953 3390 3018 3445 ad
3045 3399 3343 3461 temporum
3371 3406 3588 3446 cursum

1987 3480 2281 3551 pertineut,
2309 3481 2454 3552 quod
2482 3483 2691 3538 duobus
2720 3487 2957 3552 septenis
2987 3482 3276 3553 peragitur,
3310 3492 3433 3539 octo
3462 3498 3590 3539 vero

1990 3573 2058 3628 ad
2092 3575 2249 3628 ﬁdem
2280 3574 2529 3641 rationis,
2576 3575 2666 3630 tibi
2715 3575 2770 3629 in
2818 3586 3018 3631 acterna
3070 3591 3201 3645 pace
3244 3576 3584 3647 gaudebitur.

1988 3666 2190 3722 Octavo
2220 3669 2359 3723 enim
2384 3668 2493 3737 die,
2525 3670 2616 3739 qui
2642 3679 2724 3725 est
2754 3680 2875 3739 post
2904 3668 3199 3726 Sabbatum
3229 3671 3453 3740 primus,
3482 3672 3587 3726 Dm-

1988 3760 2169 3815 minus
2211 3761 2526 3827 resurrexit,
2562 3760 2717 3831 cujus
2766 3763 2950 3832 ﬁgura:
3003 3762 3263 3832 mysterio
3310 3763 3587 3819 aeternitas

1987 3852 2181 3907 futuras
2211 3855 2631 3910 resurrectionis
2673 3853 3067 3909 manifestatur.
3098 3854 3371 3925 Siquidem
3420 3867 3473 3911 et
3502 3871 3587 3912 se-

1986 3953 2133 4015 ptem
2162 3944 2281 4017 ejus
2305 3961 2402 4015 pro
2425 3945 2646 4002 Sabbati
2671 3947 2819 4002 cultu
2841 3946 3244 4002 Testamentum
3269 3946 3434 4002 Vetus
3457 3947 3588 4003 insi-

1987 4046 2176 4091 nuant.
2228 4036 2365 4093 Octo
2416 4054 2549 4095 vero
2600 4040 2718 4109 ejus
2762 4038 3085 4095 dominicam
3135 4040 3586 4096 resurrectionem

1986 4127 2199 4185 Novum
2231 4130 2635 4187 Testamentum
2660 4131 3059 4188 demonstrant.

2061 4224 2153 4279 78.
2196 4222 2364 4279 Recte
2392 4240 2521 4295 ergo
2553 4224 2641 4279 hic
2670 4238 2925 4279 numerus
2975 4223 3289 4280 societatem
3321 4222 3588 4295 signiﬁcat

1989 4318 2484 4375 Testamentorum.
2506 4318 2639 4374 Hinc
2662 4318 2899 4389 estquod
2923 4318 3198 4387 apostolus
3220 4317 3585 4390 Paulusquin-

1988 4414 2163 4469 decim
2188 4414 2376 4469 diebus
2404 4411 2456 4468 in
2479 4412 2827 4485 Jerosolymis
2851 4428 2971 4468 cum
2990 4412 3153 4484 240
3168 4411 3330 4469 Petro
3350 4428 3411 4469 se
3436 4427 3587 4469 com-

1988 4521 2231 4562 morasse
2256 4516 2501 4575 ιεειίιιυτ,
2538 4517 2594 4562 ut
2619 4523 2740 4562 cum
2771 4522 2837 4563 80
2866 4515 3156 4578 utrumque
3181 4507 3585 4563 Testamentum

1988 4602 2280 4665 conferret,
2310 4609 2364 4656 et
2389 4601 2749 4670 septenarium
2783 4607 3001 4670 propter
3040 4608 3250 4669 tempus
3291 4599 3413 4653 vita:
3442 4613 3585 4669 prat-

1914 4679 1970 4738 Ῑ)
1995 4696 2188 4763 sentis,
2233 4706 2284 4751 et
2326 4696 2661 4750 octonarium
2712 4702 2929 4764 propter
2955 4682 3146 4748 futurae
3173 4692 3587 4749 resurrectionis

1990 4802 2247 4849 maternam
2280 4792 2691 4857 beatitudinem,
2723 4799 2786 4846 ut
2804 4790 3257 4846 animadverteret
3276 4789 3507 4859 qualiter
3530 4795 3587 4844 et

1993 4884 2310 4953 temporalia
2358 4892 2701 4955 temperaret,
2756 4892 2812 4939 et
2858 4890 3062 4939 aeterna
3113 4881 3385 4939 inbianter
3422 4893 3586 4951 appe-

1989 4986 2147 5034 teret.

2059 5072 2150 5129 79.
2192 5072 2288 5128 Hic
2317 5081 2493 5129 autem
2524 5072 2910 5143 quindenarius
2935 5085 3191 5128 numerus
3230 5069 3455 5141 mystice
3482 5065 3584 5121 do-

1992 5165 2189 5221 minico
2219 5168 2503 5223 ascribitur
2530 5167 2752 5238 templo.
2781 5167 3098 5235 Quindecim
3127 5163 3323 5235 gradus
3354 5167 3504 5216 erant
3527 5159 3581 5214 in

1989 5261 2220 5315 circuitu
2272 5261 2502 5332 templi,
2555 5261 2606 5316 itt
2664 5260 2861 5331 quibus
2904 5259 3216 5316 sacerdotes
3268 5261 3325 5309 et
3379 5251 3583 5309 Levita

1987 5439 2239 5525 denotet;
2299 5441 2524 5497 fortasse
2562 5443 2842 5513 geminum,
2887 5446 2943 5495 ut
2971 5433 3319 5493 subaudiatur
3346 5443 3583 5507 septena-

1984 5528 2119 5566 rrum
2130 5554 2142 5569 ο

2065 5584 2154 5638 76.
2200 5585 2379 5650 Forte,
2411 5601 2622 5638 auarum
2653 5600 2749 5650 pro
2777 5598 3004 5638 suavem.

2061 5657 2150 5711 77.
2196 5658 2248 5711 In
2278 5658 2401 5723 Ms.,
2428 5664 2619 5725 septem
2646 5672 2759 5710 vero
2788 5655 2856 5708 ad
2889 5654 3073 5725 ﬁdem:
3103 5652 3374 5719 Fortasse,
3408 5650 3581 5725 danti:

1985 5729 2157 5781 nicum
2198 5720 2635 5792 resurrécttonem,
2682 5738 2727 5779 et
2778 5720 2983 5786 Nov—um
3033 5723 3431 5788 Testamentum,
3494 5720 3581 5774 vel

1986 5802 2164 5867 potius
2203 5816 2295 5870 pro
2326 5799 2580 5853 dominica
2618 5801 2986 5857 resurrectione
3029 5795 3237 5853 Novum
3282 5792 3325 5848 Τ
3326 5804 3578 5850 attamen-

1979 5880 2112 5929 mm.

2762 6022 2823 6041 ..τ
