4100 6344
479 245 581 303 195

1519 243 1577 301 S.
1620 237 1870 299 ISIDORI
1913 230 2355 294 IIISPALENSIS
2395 227 2700 290 EPISCOPI

3664 230 3769 289 I96

475 363 775 422 secundum
803 363 1050 425 ordinem
1078 364 1396 422 meritorum
1439 361 1703 426 astabant,
1735 359 1803 415 ad
1846 370 2077 429 quorum
2104 358 2155 419 Α
2182 352 2320 407 ratio
2349 350 2558 421 adjecta
2583 392 2600 417 ,
2632 358 2713 404 ter
2740 348 2856 404 seni
2881 346 3069 403 decem
3124 350 3181 401 et
3222 351 3347 401 octo
3392 345 3650 414 efﬁciunt,
3713 357 3771 407 et

475 458 638 516 etiam
668 460 970 529 exemplum
995 457 1301 529 quindecim
1341 454 1603 528 graduum
1635 450 1844 509 cantica
1878 450 2075 506 decan-

479 557 611 612 tavit
658 555 945 625 pmpheta,
999 570 1095 624 per
1144 568 1278 624 quos
1316 567 1345 606 a
1394 549 1620 607 terrenis
1667 548 1919 620 paulatim
1957 561 2078 603 cre-

476 646 679 704 scendo
707 664 876 718 usque
898 648 963 702 ad
990 647 1246 716 templum
1279 644 1578 700 Jerusalem
1610 658 1841 712 superne
1870 638 2073 713 [Forte,

478 738 748 812 superna]
780 739 1172 795 conscenditur.
1205 738 1518 807 Quanquam
1571 734 1615 789 si
1650 749 1744 803 per
1797 730 2075 786 denarium

479 831 580 886 iste
629 845 885 886 numerus
932 836 1270 899 computatus
1308 838 1615 896 consurgat,
1667 813 1880 880 cetitum
1923 823 2079 893 quin-

479 924 737 995 quaginta
778 924 1034 994 psalmos,
1087 937 1222 991 quos
1272 921 1467 977 cecinit
1517 918 1801 990 Pr0pheta,
1855 917 2077 971 demon-

478 1028 638 1073 Strat.

552 1109 642 1164 80.
684 1109 845 1166 Certe
873 1108 917 1164 si
951 1109 1202 1177 paulatim
1242 1110 1311 1163 ab
1361 1124 1469 1162 uno
1516 1122 1685 1174 usque
1716 1105 1782 1161 ad
1810 1119 1870 1159 se
1902 1104 2075 1173 ipsum

483 1220 576 1274 per
622 1206 953 1263 incrementa
995 1213 1305 1274 consurgat,
1336 1218 1435 1258 cxx
1470 1200 1655 1258 ﬁdeles
1685 1200 1947 1270 designat,
1981 1215 2074 1253 su-

482 1310 577 1364 per
605 1309 739 1365 quos
766 1294 970 1349 infusus
996 1304 1079 1351 est
1108 1295 1337 1365 Spiritus
1365 1302 1604 1357 sanctus,
1638 1291 1727 1361 qui
1753 1299 1808 1345 et
1846 1305 1941 1360 per
1986 1306 2075 1343 se-

482 1386 781 1457 ptenarium
843 1402 1123 1442 numerum
1191 1385 1519 1456 septiformis
1582 1384 1801 1455 spiritus
1849 1382 2075 1453 gratiam

480 1492 830 1549 acceperunt,
856 1490 913 1537 et
935 1496 1029 1551 per
1050 1482 1384 1536 octonarium
1413 1493 1691 1535 numerum
1719 1484 1936 1532 aeterna:
1962 1474 2076 1547 spei

480 1574 707 1644 gloriam
742 1573 940 1627 mundo
973 1572 1419 1642 praedicaverunt.

555 1664 645 1720 8t.
691 1666 820 1719 Sunt
848 1664 1007 1720 etiam
1048 1666 1303 1735 pleraque
1330 1666 1383 1720 in
1415 1661 1706 1733 Scripturis
1734 1660 1941 1716 numeri
1974 1658 2077 1715 ltu-

2178 445 2398 516 explent
2428 444 2669 500 mulieris
2700 441 2943 514 ejusdem
2975 439 3208 512 typicum
3240 451 3660 497 sacramentum.

2769 532 2992 589 CAPUT
3030 530 3175 587 XIX.

2607 630 2683 685 De
2712 628 3083 684 undevicesimo
3106 644 3336 684 numero.

2251 724 2340 779 87.
2386 716 2805 779 Undeeicesimus
2837 737 3093 777 numerus
3122 719 3322 776 lunaris
3350 719 3489 793 cycli
3520 721 3772 780 enuclea-

2180 819 2285 874 tius
2338 818 2597 873 rationem
2650 816 3005 886 perstringit;
3062 816 3293 887 denique
3342 817 3393 871 in
3444 817 3560 889 ejus
3608 832 3771 875 cursu

2180 909 2462 981 paschales
2490 920 2697 980 quartae
2723 910 2946 963 decima:
2976 908 3115 962 luna:
3148 910 3200 962 in
3233 907 3470 964 omnium
3503 924 3771 967 annorum

2179 1002 2509 1060 revolutione
2554 1002 2671 1058 sine
2711 1004 2812 1057 ulla
2842 1002 3191 1072 ambiguitate
3221 1013 3551 1073 repetuntur,
3587 1017 3774 1059 recur-

2179 1110 2331 1156 rente
2356 1113 2571 1169 semper
2600 1098 2651 1151 in
2684 1112 2803 1151 sese
2834 1096 3077 1164 ejusdem
3114 1095 3301 1151 decem
3331 1096 3606 1151 novenalis
3633 1096 3773 1167 cycli

2180 1208 2361 1259 cursu,
2394 1194 2480 1263 qui
2509 1190 2635 1246 dum
2667 1204 2832 1260 usque
2860 1187 2925 1243 ad
2960 1189 3119 1244 ﬁnem
3164 1190 3419 1244 circuitus
3446 1189 3527 1254 sui
3568 1188 3772 1263 peragi-

2181 1294 2288 1351 tur,
2312 1261 2497 1338 rursus
2528 1280 2730 1337 eisdem
2760 1279 2915 1337 lineis
2939 1320 2955 1346 ,
3002 1280 3197 1351 quibus
3227 1296 3256 1334 a
3286 1280 3549 1353 principio
3582 1261 3771 1353 erepit,

2179 1375 2489 1433 revolvitur.

2684 1464 2845 1537 242
2872 1461 3101 1521 CAPUT
3143 1458 3263 1520 xx.

2779 1556 2875 1612 De‘
2896 1559 3168 1613 vicenario.

2254 1652 2342 1709 88.
2393 1650 2674 1707 Vicesimus
2717 1665 2931 1721 quoque
2980 1665 3264 1719 numerus,
3307 1650 3528 1708 secundi
3584 1666 3771 1711 versus

478 1757 566 1827 jus
612 1758 879 1827 exempla.
925 1759 1119 1825 Quinta
1163 1758 1371 1813 decima
1408 1757 1548 1812 enim
1596 1756 1682 1812 die
1708 1754 2069 1811 soletnnitates

2184 1745 2345 1800 ﬁnem
2378 1744 2611 1832 faciens,
2655 1743 2896 1814 partibus
2924 1744 3036 1797 suis
3068 1746 3349 1814 plusquam
3380 1744 3647 1815 perfectus
3675 1745 3771 1801 ba-

482 1852 749 1921 incipiunt
782 1853 1012 1920 Domini,
1044 1862 1099 1908 et
1127 1858 1307 1920 quinta
1337 1852 1543 1908 decima
1584 1852 1669 1906 die
1700 1850 1897 1905 mensis
1927 1848 2077 1903 festi-

482 1941 620 2000 vitas
645 1944 1132 2000 Tabernaculorum
1174 1955 1280 2011 est,
1329 1943 1386 1998 in
1425 1959 1524 2015 qua
1573 1943 1667 1997 filii
1701 1942 1860 1997 Israel
1888 1954 2074 2011 azyma

491 2035 724 2103 primum
765 2036 1115 2093 comederunt
1138 2037 1191 2091 in
1219 2052 1423 2101 eremo,
1454 2038 1792 2104 tixeruntque
1819 2034 2070 2089 tentoria.

484 2128 760 2197 Siquidem
819 2140 874 2185 et
932 2129 1194 2184 Ezechias
1247 2129 1484 2183 moriens
1535 2125 1837 2197 quindecim
1904 2137 2075 2178 annos

479 2230 839 2276 commeatum
870 2224 992 2276 vitae
1020 2222 1242 2291 recepit.
1274 2221 1513 2276 Altitudo
1556 2220 1717 2274 etiam
1759 2218 1941 2272 diluvii
1972 2232 2073 2271 ex-

484 2328 738 2369 crescens
767 2315 985 2370 totidem
1013 2312 1209 2369 cubitis
1261 2314 1522 2368 montium
1568 2317 1689 2382 juga
1739 2311 2069 2366 conscendit.

484 2402 880 2461 lucrementum
899 2415 1076 2460 autem
1095 2405 1277 2474 quinta
1299 2405 1504 2459 decima
1529 2402 1649 2457 luna
1674 2410 1853 2469 tenet;
1885 2401 2072 2471 quinto

478 2495 690 2555 decimo
721 2512 863 2555 anno
885 2498 1104 2554 indictio
1124 2498 1317 2553 solaris
1344 2495 1548 2551 ﬁnitur.

1049 2588 1274 2647 CAPUT
1314 2588 1477 2645 XVII.

852 2703 932 2760 De
972 2704 1187 2760 denario
1224 2704 1428 2759 senario
1468 2719 1705 2758 numero.

547 2796 638 2855 εἳ.
681 2797 935 2853 Denarius
960 2799 1193 2854 senarius
1216 2808 1427 2854 constat
1466 2814 1532 2853 ex
1563 2796 1770 2851 duobus
1795 2784 2068 2865 perfectis,

481 2892 573 2965 qui
606 2903 783 2948 tamen
815 2894 896 2949 bis
918 2886 1159 2966 partibus
1187 2897 1515 2948 continetur.
1566 2890 1731 2944 llabet
1771 2889 1912 2944 enim
1942 2902 2069 2943 sex-

477 2994 585 3040 tam
608 2986 896 3054 decimam,
928 2987 1067 3057 quod
1101 2997 1181 3042 est
1210 2986 1370 3059 2&1
1397 3002 1594 3050 unum;
1630 2993 1894 3049 octavam,
1925 2982 2069 3052 quod

475 3075 612 3143 duo;
637 3088 906 3146 quartam,
936 3078 1078 3148 quod
1110 3088 1380 3149 quatuor;
1403 3075 1679 3132 dimidiam
1698 3118 1713 3144 ,
1738 3074 1883 3148 quod
1907 3083 2064 3141 octo;

474 3169 562 3240 qui
600 3168 803 3227 faciunt
831 3172 1086 3226 sedecim.

542 3256 634 3313 85.
674 3260 773 3316 llic
806 3270 982 3316 tamen
1018 3278 1111 3333 per
1139 3259 1453 3334 mySterium
1501 3260 1777 3333 prophetis
1822 3260 2065 3317 creditur

470 3352 795 3422 assignatus.
832 3352 1029 3409 Eorum
1058 3356 1202 3410 enim
1253 3354 1375 3409 libri
1417 3353 1650 3409 sedecim
1682 3369 1801 3408 esse
1834 3354 2066 3424 proban-

473 3451 580 3513 tur,
608 3445 661 3499 id
684 3454 786 3513 est,
821 3446 1002 3515 Isaias,
1033 3445 1325 3516 Jeremias,
1360 3446 1632 3514 Ezechiel,
1667 3445 1871 3513 Daniel,
1906 3447 2065 3516 Osee,

470 3536 617 3606 Joel,
654 3538 816 3595 Amos
837 3583 852 3609 ,
885 3539 1115 3607 Abdias,
1143 3540 1306 3596 Jonas
1328 3581 1343 3607 ,
1375 3540 1626 3595 Michatas
1649 3582 1665 3608 ,
1696 3536 1903 3595 Nahum
1925 3585 1939 3609 ,
1971 3543 2066 3596 lla-

471 3634 663 3703 bacuc,
698 3632 1021 3700 Malachias,
1052 3633 1387 3705 Suphonias,
1417 3634 1646 3705 Aggaaus
1677 3646 1728 3691 et
1756 3633 2063 3700 Zacharias,

469 3741 697 3795 quorum
742 3725 965 3797 ﬁguram
1016 3725 1251 3782 sedecim
1300 3726 1459 3781 bases
1506 3724 1614 3782 illae
1663 3726 1944 3797 gestabant
1974 3741 2065 3782 ar-

469 3829 699 3891 genteae,
723 3821 777 3874 in
809 3820 1001 3891 quibus
1022 3820 1507 3878 deauratzetabula:
1534 3822 1953 3879 stabantcontra
1983 3839 2066 3879 oc-

475 3913 802 3969 cidentalem
837 3913 1066 3984 plagam.

545 4002 636 4059 84.
678 4004 838 4059 Bases
882 4004 1097 4075 quidem
1147 4005 1437 4077 prophetas
1488 4006 1857 4079 intelligimus,
1904 4025 2066 4080 super

473 4110 699 4167 quorum
728 4095 1225 4164 splendidissimum
1249 4095 1488 4152 vaticinii
1508 4098 1914 4156 fundamentum
1938 4114 2066 4157 con-

473 4187 616 4244 sistit
644 4186 978 4260 amplissima
1009 4187 1256 4243 doctrina
1286 4188 1678 4260 apostolorum.

1046 4299 1274 4357 CAPUT
1314 4300 1502 4360 XVIII.

862 4398 940 4455 De
968 4400 1374 4457 duodevicesimo
1413 4419 1650 4460 numero.

2181 1844 2356 1899 betur.
2393 1839 2489 1894 Hic
2520 1848 2697 1895 autem
2727 1855 2795 1895 ex
2822 1838 3021 1907 duplici
3068 1838 3325 1910 decalogo
3355 1848 3607 1896 constans
3628 1882 3646 1909 ,
3676 1840 3772 1897 de-

2180 1936 2355 2005 signat
2391 1934 2661 2005 gcminam
2711 1933 2845 2004 legis
2884 1932 3202 2000 scientiam,
3252 1935 3407 2005 quasi
3443 1945 3687 2003 apertum
3715 1942 3772 1992 et

2179 2026 2550 2081 absconditum
2574 2068 2589 2094 ,
2623 2025 2850 2094 simplex
2882 2037 2936 2081 et
2963 2028 3271 2097 mysticum.
3320 2026 3560 2084 Pertinet
3590 2039 3774 2087 autem

2178 2122 2245 2176 ad
2274 2121 2608 2176 tabernaculi
2639 2118 2892 2174 dominici
2937 2131 3356 2177 sacramentum.

2248 2213 2338 2270 89.
2382 2214 2460 2269 Ibi
2492 2229 2722 2284 namque
2765 2216 2831 2272 ad
2876 2218 3166 2271 australem
3207 2225 3262 2272 et
3290 2215 3771 2287 septentrionalem

2177 2309 2386 2381 plagam
2427 2310 2508 2366 bis
2538 2311 2691 2365 dena:
2731 2310 2928 2365 tabula:
2968 2325 3130 2379 super
3153 2309 3312 2366 bases
3338 2309 3551 2366 Stabant
3578 2324 3770 2381 argen-

2177 2416 2322 2471 teas;
2367 2415 2420 2460 et
2467 2405 2522 2460 in
2563 2405 2764 2473 templo
2789 2445 2804 2468 ,
2846 2404 2988 2475 quod
3034 2404 3291 2460 Salomon
3320 2403 3638 2472 aediﬁcavit,
3666 2403 3768 2460 alae

2174 2502 2405 2555 duorum
2454 2498 2718 2555 cherubin
2769 2515 2837 2553 xx
2889 2498 3191 2555 cubitorum
3232 2514 3482 2556 mensura
3502 2498 3768 2555 diffunde-

2174 2592 2389 2647 bantur.
2442 2590 2608 2646 Datur
2656 2589 2818 2645 etiam
2860 2599 2917 2645 et
2959 2589 3045 2645 hic
3092 2606 3350 2646 numerus
3379 2590 3539 2647 Israel
3607 2599 3768 2661 atque

2174 2682 2335 2749 Levi;
2369 2684 2552 2753 viginti
2604 2684 2745 2738 enim
2787 2696 3052 2736 annorum
3081 2684 3147 2736 ad
3177 2682 3362 2753 prtelia
3390 2682 3680 2754 eliguntur,
3711 2689 3768 2739 et

2178 2791 2249 2829 xx
2269 2788 2533 2830 annorum
2561 2772 2910 2829 tabernaculo
2943 2772 3219 2829 deservire
3236 2772 3583 2830 mandantur.

2764 2884 2994 2943 CAPUT
3033 2885 3179 2944 XXI.

2561 2996 2642 3052 De
2665 2999 2907 3053 vicesima
2931 3008 3117 3069 quam
3142 3012 3372 3057 me.

2241 3091 2334 3148 90.
2381 3090 2623 3147 Vicetini
2668 3093 2841 3163 quarti
2886 3105 3097 3149 minuta
3151 3095 3319 3151 multa
3368 3095 3427 3152 in
3471 3096 3761 3167 semetipsa

2170 3188 2569 3255 Scripturarum
2597 3191 2839 3243 continet
2868 3196 3235 3256 sacramenta;
3270 3189 3414 3246 unde
3433 3199 3489 3247 et
3517 3199 3761 3247 sacratus

2171 3280 2578 3335 commendatur
2626 3280 2712 3334 hic
2744 3294 3021 3335 numerus.
3072 3279 3273 3353 Viginti
3330 3284 3476 3340 enim
3534 3294 3762 3355 quatuor

2169 3380 2296 3427 sunt
2320 3372 2440 3426 libri
2471 3373 2607 3444 legis
2621 3380 2674 3427 et
2700 3373 3105 3443 prophetarum.
3132 3378 3319 3431 Patres
3341 3390 3556 3448 quoque
3574 3376 3761 3447 viginti

2168 3475 2223 3521 et
2268 3474 2498 3536 quatuor
2538 3475 2685 3521 sunt.
2730 3455 3028 3523 Duodecim
3054 3469 3284 3538 apostoli
3309 3513 3324 3540 ,
3356 3479 3410 3525 et
3438 3470 3759 3541 patriarchae

2170 3558 2412 3613 totidem.
2456 3556 2657 3627 Viginti
2703 3568 2932 3628 quatuor
2967 3561 3130 3615 etiam
3176 3561 3381 3618 classes
3417 3564 3759 3620 sacerdotem

2167 3650 2388 3706 fuerunt
2411 3651 2481 3704 ab
2516 3651 2667 3705 initio
2696 3650 2832 3722 legis
2861 3652 2915 3707 in
2948 3653 3144 3723 populo
3171 3653 3502 3724 Judaorum,
3534 3671 3655 3728 quae
3681 3659 3762 3711 vi-

2168 3749 2348 3805 cissim
2383 3749 2437 3802 in
2468 3748 2665 3819 templo
2689 3748 2893 3805 hostias
2918 3751 3291 3807 immolabant.

2238 3841 2328 3895 9|.
2387 3840 2620 3910 Singula:
2666 3842 2868 3897 classes
2910 3843 3152 3913 singulos
3197 3842 3479 3913 pontiﬁces
3522 3857 3765 3901 sturnos

2168 3931 2459 3999 habebant,
2491 3947 2718 4003 quorum
2747 3932 3052 3989 nominibus
3072 3935 3275 3991 classes
3296 3937 3759 4008 nuncupabantur.

2168 4025 2322 4094 Apud
2348 4024 2608 4080 Joannem
2637 4039 2853 4096 quoque
2891 4025 3078 4081 sedilia
3123 4028 3312 4099 viginti
3352 4037 3579 4099 quatuor
3610 4038 3759 4100 sunt,

2166 4126 2224 4173 et
2246 4118 2429 4188 viginti
2452 4128 2679 4188 quatuor
2703 4119 2943 4177 seniores
2966 4130 3208 4177 tenentes
3232 4120 3471 4177 citharas
3521 4130 3578 4177 et
3604 4122 3763 4192 phia-

2168 4212 2267 4278 las,
2298 4221 2352 4267 et
2377 4212 2661 4268 adorantes
2693 4215 2901 4283 Agnum
2921 4252 2939 4280 ,
2960 4228 3154 4284 nempe
3178 4222 3236 4270 et
3263 4220 3490 4284 quatuor
3510 4212 3765 4269 animth

2168 4318 2297 4357 xxtv
2327 4303 2445 4359 alas
2464 4303 2753 4360 habebant.
2788 4304 2907 4374 Ipse
2933 4314 3112 4361 autem
3137 4307 3320 4376 viginti
3340 4314 3568 4377 quatuor
3585 4306 3765 4361 senio-

2168 4408 2288 4447 rum
2330 4410 2602 4463 numerus,
2635 4397 2679 4451 si
2720 4396 2789 4452 ab
2818 4411 2925 4452 uno
2946 4397 3211 4468 incipiens
3238 4396 3490 4468 paulatim
3516 4397 3767 4454 addendo

544 4489 631 4548 85.
666 4490 1118 4548 υηοάευίεεείιηιιε
1140 4508 1170 4547 a
1193 4495 1405 4551 senario
1428 4510 1524 4565 per
1548 4495 1828 4554 denarium
1856 4499 2060 4574 [parm
2095 4531 2147 4591 Β
2171 4500 2340 4556 usque
2359 4484 2424 4540 ad
2457 4487 2767 4543 vicesimum
2794 4499 3044 4559 quartum
3075 4491 3377 4559 pervenias,
3404 4491 3626 4545 trecenti
3646 4488 3761 4546 elﬁ-

472 4598 571 4654 per
621 4582 936 4657 ternarium]
989 4583 1356 4655 adimpletur,
1416 4589 1509 4659 qui
1557 4604 1653 4645 sex
1706 4600 1890 4647 aetates
1940 4605 2063 4648 sunt

474 4677 683 4743 mundi,
708 4676 861 4747 cujus
883 4679 1096 4734 senaria
1125 4678 1294 4735 series
1323 4680 1590 4750 tripertita
1616 4681 1825 4737 ratione
1857 4693 2063 4755 tempo-

473 4779 593 4821 rum
633 4767 996 4840 distribuitur,
1038 4769 1091 4826 id
1122 4779 1226 4838 est,
1259 4780 1388 4847 ante
1415 4771 1612 4843 legem,
1645 4773 1744 4829 sub
1788 4774 1928 4847 lege,
1962 4777 2063 4832 sub

471 4857 642 4928 gratia
665 4898 683 4924 ,
711 4859 766 4915 in
797 4875 902 4930 qua
944 4862 1098 4917 tertia
1127 4845 1429 4919 ostenditur
1457 4845 1864 4922 sacramentum
1895 4867 2019 4924 ﬁdei
2043 4910 2060 4936 ,

473 4949 613 5021 quod
643 4950 711 5006 ad
738 4952 969 5008 salutem
982 4953 1283 5009 animarum
1300 4956 1640 5029 suscipimus.
1658 4958 1829 5028 Hujus
1850 4962 2060 5017 numeri

473 5046 788 5117 mysterium
817 5050 1125 5119 evangelica
1154 5049 1349 5106 mulier
1390 5052 1479 5108 illa
1504 5093 1523 5122 ,
1572 5061 1756 5124 typum
1804 5054 2063 5111 Ecclesia:

470 5148 684 5206 gerens,
707 5138 996 5211 expressit,
1022 5154 1139 5210 qua:
1165 5154 1195 5195 a
1224 5140 1453 5199 Domino
1480 5133 1613 5215 post
1645 5155 1768 5201 octo
1794 5155 1849 5201 et
1874 5146 2063 5204 decem

473 5241 642 5285 annos
671 5240 849 5287 erecta
878 5240 1039 5303 atque
1069 5244 1256 5289 sanata
1288 5246 1394 5292 θδι.

549 5317 640 5374 86.
680 5320 1006 5395 Redemptor
1033 5325 1178 5383 enim
1209 5336 1392 5384 noster
1419 5337 1571 5385 sexta
1597 5338 1757 5386 aetate
1783 5331 2064 5389 descendit

475 5409 541 5465 ad
574 5410 799 5469 salutem
826 5426 1087 5487 nostram,
1116 5420 1271 5491 cujus
1300 5421 1499 5477 senarii
1527 5424 1733 5478 numeri
1758 5423 1941 5480 formis
1969 5426 2058 5483 illa

545 5570 637 5626 8t.
679 5572 779 5629 Ms.
819 5575 997 5635 Codex
1027 5581 1106 5635 sie
1134 5580 1366 5637 habebat
1396 5599 1413 5635 :
1444 5580 1515 5636 In
1547 5583 1854 5639 elementum
1892 5594 2066 5642 autem

474 5643 653 5711 quinta
698 5647 898 5703 decima
938 5652 1061 5706 tanta
1092 5658 1263 5722 terra,
1294 5655 1473 5724 quinte
1497 5654 1696 5711 decimo
1723 5671 1862 5711 anno
1882 5658 2071 5714 inditio

484 5715 667 5770 solaris
694 5717 893 5776 ﬁnitur.

548 5785 638 5841 82.
680 5785 895 5846 Sextum
916 5793 1188 5852 decimam.
1219 5796 1463 5868 Intelligo
1486 5809 1701 5867 partem.
1730 5800 1856 5856 Mox
1884 5799 2073 5871 legen-

2170 4579 2401 4649 ciuntur,
2438 4599 2529 4652 per
2560 4596 2693 4651 quos
2720 4583 2993 4651 longitudo
3022 4598 3182 4650 arcae,
3209 4584 3257 4638 id
3281 4590 3383 4649 est,
3405 4582 3540 4639 ﬁdes
3570 4583 3757 4638 Eccle-

2173 4680 2267 4731 siae
2295 4676 2642 4748 signiﬁcatur,
2674 4678 2724 4731 in
2752 4692 2854 4747 qua
2882 4676 3088 4733 inﬁnita
3125 4686 3436 4734 sanctorum
3481 4675 3763 4732 multitudo

2172 4769 2411 4824 omnium
2440 4771 2764 4825 continetur.

2244 4864 2335 4920 92.
2366 4863 2630 4919 Praeterea
2655 4881 2720 4919 ex
2741 4864 2946 4921 duobus
2975 4862 3237 4921 duodenis
3263 4862 3499 4918 numeris
3524 4859 3766 4917 vicesimi

2171 4959 2347 5028 quarti
2388 4958 2597 5013 numeri
2629 4957 2789 5031 243
2820 4974 3025 5014 summa
3057 4956 3378 5026 completur,
3402 4972 3500 5027 per
3527 4973 3661 5027 quos
3690 4957 3766 5012 si-

2169 5051 2457 5123 gniﬁcatur
2479 5050 2717 5107 Ecclesia
2748 5059 2804 5107 et
2834 5068 2899 5107 ex
2922 5050 3331 5106 circumcisitne
3357 5064 3409 5106 et
3430 5064 3494 5104 ex
3517 5048 3775 5119 gentibus

2168 5157 2511 5217 congregata.
2557 5146 2740 5217 Itaque
2759 5146 2885 5202 etsi
2935 5154 3153 5200 octavus
3185 5161 3438 5219 numerus
3488 5142 3767 5213 tripliciter

2170 5248 2546 5311 computatur,
2594 5240 2649 5294 in
2679 5255 2785 5310 quo
2814 5253 2954 5294 vera:
3002 5248 3055 5294 et
3095 5249 3296 5293 sanctae
3343 5238 3766 5294 circumcisionis

2171 5332 2445 5404 ﬁguraest,
2476 5332 2789 5389 vicesimum
2819 5342 3069 5403 quartum
3096 5346 3379 5389 numerum
3405 5332 3551 5396 facit,
3582 5331 3635 5385 in
3658 5345 3766 5400 quo

2170 5424 2469 5497 ﬁguraliter
2495 5425 2809 5492 edocenter,
2825 5424 3256 5493 ittamputatione
3275 5423 3529 5481 vitiorum
3546 5422 3777 5480 credere

2170 5589 2297 5644 dum
2334 5589 2545 5644 videtur
2568 5590 2657 5658 qui
2680 5588 2878 5657 faciam
2901 5587 3211 5657 quindecim.

2243 5660 2333 5713 87.
2374 5659 2433 5713 In
2464 5660 2561 5715 Ms.
2582 5656 2708 5715 erat
2735 5662 2871 5729 εειεῆ
2897 5656 3081 5715 ξὺπᾶ
3118 5670 3310 5726 eam;
3336 5656 3521 5715 delevit
3549 5658 3765 5728 circa“,

2173 5731 2317 5800 quod
2346 5732 2557 5788 tuidetur
2586 5732 2787 5803 glessa.
