4100 6344
255 338 359 398 Iil'l

820 332 1027 393 LIBER
1065 328 1509 391 NUMERORUII
1547 326 1667 399 QUI
1708 326 1777 387 IN
1814 323 2106 385 SANC'I‘IS
2142 320 2556 381 SGRIPTURIS
2593 318 3039 378 OCCURRIJN'I‘.

3456 320 3558 377 198

256 467 356 508 nos
384 450 582 506 debere
607 447 661 504 in
693 447 936 515 Patrem,
967 456 1024 503 et
1053 446 1268 514 Filium,
1300 454 1356 501 et
1396 445 1657 514 Spiritum
1703 456 1858 498 sanc-
1883 441 1937 502 Δ
1965 439 2349 512 praetendimus
2378 453 2621 507 regnum.
2672 434 2805 492 Nam
2840 435 2989 501 illud,
3037 436 3179 505 quod
3212 436 3563 509 quadraginta

259 556 398 601 tum.
910 578 952 605 κ..

330 637 422 692 93.
446 635 593 691 Idem
613 634 776 690 etiam
797 646 1052 689 numerus
1063 630 1397 703 septuaginta
1419 629 1555 686 duos
1571 627 1865 700 discipulos

260 727 521 791 ostendit,
558 742 691 796 quos
715 726 973 782 Dominus
998 724 1155 780 binos
1181 734 1304 779 ante
1333 723 1518 778 faciem
1548 737 1700 779 suam
1730 736 1867 790 prte-

260 819 429 884 misit,
464 820 699 875 ternario
730 832 956 874 numero
996 816 1050 871 in
1097 832 1156 873 se
1202 815 1573 884 multiplicato.
1626 812 1868 883 Denique

262 916 346 965 ter
375 910 539 966 vicies
562 909 807 981 quaterni
837 908 1170 980 septuaginta
1200 907 1307 963 duo
1333 905 1551 961 faciunt.
1580 904 1712 959 Nam
1739 914 1794 958 et
1821 903 1868 958 si

264 1006 441 1060 sexies
467 1015 713 1073 quartum
743 1018 1027 1059 numerum
1057 1010 1337 1072 snpputes,
1366 1010 1423 1057 et
1451 1008 1683 1072 quatuor
1714 1014 1866 1068 prat-

265 1096 407 1152 ferre
437 1097 701 1152 elementa
742 1095 947 1162 mundi,
979 1096 1031 1150 in
1061 1094 1250 1163 quibus
1281 1102 1475 1150 cuncta
1518 1092 1867 1157 subsistunt,

269 1197 325 1242 et
354 1188 440 1256 qui
473 1198 599 1243 sunt
625 1187 678 1242 in
702 1187 953 1257 operibus
974 1187 1155 1243 mundi
1187 1185 1369 1258 hujus,
1402 1186 1457 1243 in
1485 1201 1591 1257 quo
1612 1184 1728 1257 ipsa
1751 1184 1869 1243 ele-

280 1293 459 1337 menta
488 1280 808 1340 subsistunt.

850 1371 1079 1430 CAPUT
1131 1371 1298 1428 XXII.

753 1463 832 1519 De
862 1464 1135 1520 tricenario
1158 1480 1389 1519 numero.

350 1557 441 1613 9i.
485 1555 820 1610 Tricenarius
872 1570 1130 1611 numerus
1173 1570 1240 1610 ex
1287 1553 1511 1611 denario
1559 1551 1878 1609 triformiter

279 1651 454 1719 posito
479 1659 900 1705 consummatur.
954 1646 1125 1704 Habet
1164 1649 1304 1705 enim
1336 1648 1612 1705 denarium
1644 1658 1724 1703 ter
1756 1662 1879 1717 pro-

283 1754 396 1808 pter
449 1741 684 1808 Patrem,
739 1750 795 1796 et
840 1741 1054 1807 Filium,
1104 1749 1160 1797 et
1206 1740 1465 1812 Spiritum
1511 1750 1781 1819 sanctum,
1823 1749 1881 1795 et

1968 533 2159 588 diebus
2192 532 2450 587 Dominus
2483 542 2717 588 tentatur
2747 534 2799 587 in
2833 546 3035 600 eremo,
3063 533 3114 587 id
3146 532 3404 599 declarat,
3437 535 3562 603 quia

1968 629 2202 699 quandiu
2230 627 2281 681 in
2306 627 2406 683 hoc
2429 642 2654 698 corpore
2681 642 2887 694 sumus,
2916 625 3236 681 tentationes
3268 638 3563 694 portamus.

1971 721 2207 775 ’l'entatio
2238 731 2310 774 est
2340 712 2474 774 enim
2496 763 2512 788 ,
2546 728 2602 775 ut
2628 723 2701 775 ait
2730 718 2831 776 Job
2851 762 2865 785 ,
2904 721 3008 774 vita
3037 721 3261 775 humana
3288 737 3440 789 super
3467 726 3571 774 ter-

1970 832 2080 869 ram
2108 814 2252 888 (Job.
2281 830 2376 880 VII,
2406 814 2484 884 1).

2044 909 2131 965 99.
2178 910 2313 963 llinc
2356 915 2439 962 est
2490 905 2631 976 qu'od
2685 905 2934 960 Ezechiel
2983 904 3335 975 quadraginta
3379 904 3569 959 diebus

1974 1001 2101 1057 solis
2156 1009 2371 1071 peccata
2423 996 2626 1052 Iudaea:
2660 998 3039 1066 pronuntiavit,
3091 997 3214 1066 quia
3259 1004 3465 1050 tantum
3516 996 3569 1051 in

1974 1092 2077 1149 hoc
2109 1091 2312 1147 mundo
2342 1092 2545 1145 licitum
2577 1098 2658 1145 est
2688 1088 3021 1144 remissionis
3051 1089 3279 1144 fructum
3314 1087 3573 1159 coiisequi

1974 1185 2364 1258 paenitentiam.
2401 1183 2454 1238 ln
2481 1182 2659 1237 futuro
2684 1190 2861 1237 autem
2886 1180 3016 1237 nihil
3041 1191 3257 1251 prmstat
3279 1182 3571 1251 confessio,
3616 1196 3630 1255 ,μ

1976 1278 2071 1335 sed
2100 1276 2212 1333 sola
2245 1286 2547 1332 sanctorum
2582 1285 2635 1330 ct
2667 1276 2873 1343 piorum
2920 1275 3094 1331 futura
3143 1286 3225 1331 est
3265 1275 3570 1332 retributio.
3616 1262 3627 1288 ί

2551 1365 2779 1420 CAPUT
2820 1364 3011 1419 XXIV.

2301 1455 2382 1510 De
2408 1456 2805 1526 quadragesimo
2831 1464 2977 1509 sexto
3019 1460 3253 1509 numero.

2052 1548 2214 1623 255
2253 1550 2378 1605 ίθθ·
2425 1549 2813 1621 Quadraginta,
2872 1548 3098 1615 scilicet,
3131 1557 3187 1604 et
3212 1563 3305 1603 sea:
3328 1562 3581 1606 numero-
3610 1576 3613 1577 ν

1982 1656 2100 1701 rum
2152 1643 2289 1699 ratio
2334 1644 2389 1698 in
2421 1640 2716 1712 Evangelia
2763 1655 2861 1713 pro
2890 1641 3091 1712 templo
3118 1640 3444 1708 addicatur;
3490 1643 3581 1713 qui

1984 1735 2220 1792 refertur
2241 1735 2306 1789 ad
2332 1733 2588 1791 fabricam
2611 1735 2871 1790 dominici
2894 1727 3156 1803 corporis,
3185 1741 3404 1805 propter
3423 1749 3583 1804 quam

280 1840 501 1899 propter
527 1830 713 1886 decem
745 1838 1009 1900 praecepta
1040 1829 1195 1900 legis,
1229 1844 1348 1899 quae
1374 1829 1531 1884 nobis
1556 1832 1700 1885 dono
1727 1830 1875 1900 ejus-
1908 1835 1958 1899 Β
1986 1827 2169 1898 templi
2195 1827 2402 1882 mentio
2425 1825 2563 1881 facta
2591 1837 2702 1892 est;
2728 1826 2780 1880 in
2808 1824 2965 1896 cujus
2995 1826 3221 1897 ﬁguram
3254 1826 3511 1897 templum
3552 1841 3586 1884 a

285 1920 406 1976 deni
439 1920 716 1977 Trinitatis
729 1920 795 1975 ad
813 1922 1280 1978 conservationem
1309 1923 1430 1977 vitae
1454 1937 1709 1979 concessa
1730 1935 1876 1983 sunt.

281 2016 416 2071 Iiinc
443 2027 527 2071 est
556 2015 697 2085 quod
726 2031 867 2071 arcae
906 2016 1134 2072 altitudo
1186 2018 1400 2089 triginta
1424 2016 1616 2073 cubitis
1638 2016 1879 2089 erigitur,

280 2110 403 2178 quia
438 2107 677 2164 Ecclesia
700 2108 950 2179 Decalogi
982 2109 1232 2165 mandato
1262 2110 1366 2166 ﬁde
1409 2109 1686 2165 Trinitatis
1717 2111 1883 2180 perﬁ—

285 2203 442 2269 citur,
473 2200 627 2270 cujus
656 2200 899 2271 exempla
931 2201 983 2257 in
1026 2200 1319 2272 Scripturis
1362 2202 1483 2257 talia
1517 2205 1881 2273 reperiuntur.

354 2289 442 2347 95.
491 2290 545 2346 In
571 2291 828 2348 Zacharia
858 2293 1003 2350 enim
1033 2293 1295 2351 Dominus
1340 2296 1557 2368 triginta
1597 2309 1887 2367 argenteos

286 2387 517 2455 pretium
539 2402 649 2441 sua:
676 2390 862 2443 mortis
894 2388 1128 2458 accepit,
1147 2398 1201 2444 et
1226 2390 1277 2444 in
1301 2390 1592 2464 Evangelio
1613 2389 1886 2448 Christum

287 2477 453 2534 Judas
508 2476 726 2532 totidem
780 2479 1054 2549 argenteis
1101 2481 1449 2536 venundavit.
1500 2482 1619 2553 Ipse
1676 2498 1890 2552 quoque

291 2568 552 2623 Dominus
568 2578 621 2622 et
643 2567 889 2623 Salvator
911 2578 1094 2625 noster
1114 2570 1305 2639 eadem
1329 2580 1486 2627 aztate
1515 2571 1569 2626 in
1600 2572 1889 2631 .lordanem

292 2656 587 2722 descendit,
632 2668 688 2713 et
714 2659 914 2717 mundo
947 2659 1296 2732 Evangelium
1339 2662 1675 2733 praedicavit.
1707 2665 1893 2736 Siqui-

291 2752 414 2809 dem
448 2762 503 2810 et
535 2753 835 2809 tricesimus
849 2755 1470 2827 fructusconjugatornm
1495 2760 1652 2815 datur
1677 2768 1894 2831 propter

293 2845 469 2902 carnis
500 2844 830 2914 conﬂictum,
863 2863 931 2903 ne
961 2844 1185 2903 libidine
1211 2860 1559 2919 superentur.

1983 1921 2181 1977 ludatis
2210 1920 2547 1976 destructum
2572 1919 2753 1974 triduo
2787 1919 3080 1974 citatorum
3113 1932 3173 1976 se
3200 1931 3323 1975 esse
3350 1919 3582 1979 dicebat.

1985 2017 2255 2072 Numerus
2293 2016 2436 2071 enim
2467 2016 2585 2086 ipse
2629 2015 2876 2071 senarius
2923 2014 3311 2083 multiplicatus
3358 2028 3590 2085 concep-

1987 2119 2099 2164 tum
2139 2107 2374 2179 Virginis
2406 2116 2462 2163 et
2490 2115 2704 2179 partum
2737 2107 2995 2163 ostendit.
3030 2107 3290 2163 Dixerunt
3318 2108 3461 2162 enim
3488 2108 3537 2162 ei
3571 2123 3585 2160 ε

1991 2202 2349 2274 Quadraginta
2392 2213 2439 2257 et
2495 2218 2586 2259 sea:
2640 2203 2793 2259 annis
2850 2202 3166 2274 azdiﬁcatum
3220 2212 3294 2258 est
3342 2202 3589 2275 templum

1990 2295 2171 2369 (Joan.
2201 2311 2262 2363 tl,
2292 2296 2408 2366 20).

2067 2390 2197 2445 IOI.
2224 2388 2557 2459 Quadragies
2604 2387 2784 2444 sexies
2821 2386 2940 2444 'seni
2972 2386 3103 2442 ﬁunt
3125 2384 3341 2442 ducenti
3369 2394 3590 2458 septua-

1991 2483 2134 2552 ginta
2161 2496 2277 2547 sex,
2308 2481 2400 2551 qui
2431 2494 2688 2536 numerus
2715 2478 2927 2536 dierum
2968 2478 3206 2549 complet
3232 2485 3355 2534 octo
3377 2491 3593 2534 menses

1992 2572 2196 2649 [Forte,
2230 2587 2421 2627 novem
2454 2568 2725 2644 menses],
2758 2576 2812 2627 et
2845 2586 2939 2627 sex
2991 2570 3107 2627 dies
3131 2612 3147 2637 ,
3196 2570 3389 2642 quibus
3443 2569 3596 2626 femi-

1997 2682 2182 2720 narum
2240 2663 2535 2734 perfectum
2581 2670 2797 2734 tempus
2827 2663 3068 2736 pariendi
3100 2665 3453 2734 comperitur,
3488 2677 3596 2719 non

1995 2762 2119 2828 quia
2172 2763 2358 2827 partus
2382 2755 2541 2826 hujus
2572 2755 2783 2811 numeri
2824 2755 3058 2810 termino
3102 2755 3457 2824 compleatur,
3500 2750 3596 2810 sed

1997 2855 2120 2924 quia
2155 2853 2207 2907 in
2239 2851 2593 2921 conceptione
2628 2850 2885 2906 dominici
2907 2850 3153 2918 corporis
3186 2864 3355 2920 usque
3378 2849 3442 2902 ad
3476 2863 3597 2919 par-

363 2940 455 2996 96.
500 2942 710 2997 Menses
738 2958 949 3013 quoque
973 2942 1191 2999 tricenis
1223 2944 1410 3003 diebus
1438 2945 1765 3014 consistunt;
1798 2947 1898 3003 hoc
2000 2954 2111 3000 tum
2142 2942 2281 2999 idem
2308 2955 2569 2999 numerus
2600 2942 2895 2998 invenitur.
2926 2942 3128 2998 Octavo
3155 2943 3297 2997 enim
3328 2940 3597 2997 Kalendas

295 3052 475 3105 neque
494 3035 716 3091 totidem
746 3033 910 3107 244
937 3036 1221 3091 momentis
1249 3036 1627 3106 conﬁciuntur,
1657 3048 1817 3110 atque
1842 3039 1898 3094 in

298 3128 538 3182 omnium
582 3143 758 3182 rerum
813 3138 1269 3198 personarumque
1332 3129 1651 3200 repetitione
1702 3130 1899 3189 tricen-

298 3220 443 3274 nalis
471 3233 731 3274 annorum
761 3218 994 3288 objectio
1021 3218 1183 3274 ﬁnem
1219 3216 1388 3288 ponit.

860 3305 1088 3364 CAPUT
1126 3304 1318 3365 XXIII.

694 3398 772 3453 De
806 3399 1223 3472 quadragenario
1263 3418 1497 3456 numero.

371 3490 461 3550 97.
508 3493 1245 3574 Quadragenariuspumerus
1277 3495 1662 3566 plenitudinem
1694 3496 1893 3557 indicat

299 3594 625 3659 temporum,
658 3597 909 3658 tanquam
939 3603 1005 3644 eo
1029 3589 1228 3644 saecula
1248 3599 1711 3660 consummantur,
1742 3593 1896 3665 cujus

304 3681 511 3737 numeri
545 3692 669 3752 typo
694 3688 746 3736 et
765 3681 875 3749 lex,
896 3691 949 3738 et
971 3680 1267 3753 prophetae,
1301 3692 1353 3738 et
1380 3684 1662 3755 Evangelia
1717 3704 1898 3745 mons-

307 3774 538 3837 trantur;
573 3771 929 3843 quadragenis
945 3771 1087 3828 enim
1105 3773 1294 3829 diebus
1327 3774 1561 3846 Moyses,
1583 3789 1637 3833 et
1658 3777 1828 3848 Elias,
1845 3792 1900 3838 et

308 3865 563 3921 Dominus
592 3864 976 3937 jejunaverunt
998 3909 1014 3936 ,
1047 3864 1351 3936 praebentes
1377 3869 1531 3924 nobis
1554 3871 1901 3941 signiﬁcatio-

306 3974 451 4026 nem,
476 3970 531 4014 ut
552 3956 784 4030 quandiu
811 3956 866 4012 in
890 3956 993 4013 hoc
1032 3958 1232 4013 saeculo
1262 3960 1624 4030 consistimus,
1649 3979 1677 4017 a
1694 3967 1899 4022 cunctis

308 4049 581 4104 illecebris
645 4049 943 4105 carnalium
998 4049 1250 4123 vitiorum
1319 4055 1682 4126 nosmetipsos
1736 4059 1901 4116 absti-

308 4152 839 4212 neamus,manentes
860 4144 960 4199 sub
982 4145 1389 4202 conservatione
1401 4147 1650 4222 Decalogi
1669 4166 1903 4222 priecep-

313 4236 523 4302 torum,
569 4235 660 4305 qui
705 4250 802 4305 per
846 4235 1007 4292 ﬁdem
1036 4238 1090 4292 in
1124 4246 1352 4308 quatuor
1378 4241 1561 4296 mundi
1592 4252 1772 4312 partes
1802 4246 1904 4301 dif-

311 4328 570 4393 funditur,
617 4338 673 4382 ut
717 4329 899 4386 decies
948 4340 1137 4401 quater
1184 4333 1342 4389 ducta
1388 4335 1733 4408 quadraginta
1789 4339 1905 4398 dies

313 4419 661 4489 impleantur.

383 4512 475 4568 98.
520 4511 632 4569 Hoc
672 4513 1113 4583 signiﬁcaverunt
1154 4519 1510 4591 quadraginta
1535 4525 1654 4581 dies
1682 4527 1904 4595 diluvii,

2003 3036 2203 3107 Aprilis
2236 3036 2560 3107 praedicatur
2597 3049 2721 3092 esse
2748 3043 3061 3106 conceptus,
3108 3042 3165 3092 et
3186 3043 3378 3092 octavo
3401 3033 3597 3093 Kalen-

2001 3130 2097 3185 das
2125 3126 2367 3185 Januarii
2396 3139 2552 3184 natus
2588 3142 2708 3185 esse
2750 3128 3028 3198 probatur.

1918 3209 1969 3274 C
2072 3220 2196 3279 102.
2239 3222 2320 3275 Ab
2366 3220 2459 3276 illo
2511 3236 2638 3291 ergo
2690 3220 2780 3276 die
2823 3236 2995 3291 usque
3049 3222 3115 3276 ad
3172 3221 3333 3279 istum
3380 3220 3603 3278 ducenti

1998 3318 2337 3386 septuaginta
2366 3322 2422 3370 et
2452 3328 2548 3370 sex
2585 3312 2706 3370 dies
2737 3314 3108 3383 inveniuntur,
3157 3316 3349 3386 quibus
3377 3330 3601 3385 compu-

1998 3409 2124 3464 tatis
2177 3418 2272 3477 per
2321 3408 2593 3464 senarium
2673 3420 2959 3464 numerum
3033 3410 3354 3481 quadragies
3420 3411 3602 3467 sexies

1997 3502 2341 3573 adimpletur.
2373 3502 2492 3571 Quo
2512 3510 2740 3557 numero
2764 3510 2820 3556 et
2840 3500 3125 3557 aediﬁcatio
3147 3503 3353 3572 templi,
3386 3509 3441 3558 et
3474 3517 3599 3571 per-

2002 3596 2168 3651 fectio
2195 3596 2440 3665 corporis
2466 3595 2795 3661 declaratur,
2819 3594 2889 3650 de
2908 3606 3017 3664 quo
3039 3595 3347 3664 specialiter
3369 3594 3601 3665 dixerat,

2002 3689 2071 3744 Et
2096 3691 2150 3743 in
2178 3689 2352 3744 triduo
2378 3688 2635 3743 suscitabo
2660 3687 2796 3743 illud
2813 3687 2994 3761 (lacn.
3032 3702 3090 3753 ιι,
3123 3688 3245 3758 20).
3274 3689 3386 3743 Hoc
3416 3697 3595 3743 autem

2003 3782 2217 3838 dicebat
2240 3782 2308 3836 de
2339 3782 2543 3852 templo
2564 3782 2807 3850 corporis
2830 3781 2935 3847 sui,
2958 3779 3126 3850 quod,
3147 3781 3336 3835 mortis
3355 3781 3604 3851 passione

2002 3874 2234 3939 devicta,
2269 3880 2391 3944 post
2413 3872 2645 3927 triduum
2678 3871 3050 3927 suseitaretur.
3085 3870 3232 3928 Sicut
3260 3886 3354 3941 per
3375 3870 3607 3942 quadra-

2003 3969 2281 4039 genarium
2332 3966 2588 4035 temporis
2632 3964 2788 4035 hujus
2841 3964 3015 4036 labor,
3071 3964 3158 4021 vel
3208 3965 3491 4032 terminus,
3530 3964 3604 4022 ita

2005 4076 2102 4131 per
2131 4059 2652 4131 quinquagenarium
2683 4066 2885 4114 aeterna
2935 4059 3026 4115 illa
3071 4057 3348 4115 beatitudo
3398 4057 3605 4129 signifi-

2006 4162 2183 4211 catur.

2078 4247 2202 4304 105.
2244 4245 2509 4301 Denarius
2537 4249 2681 4301 enim
2740 4244 2952 4300 additus
3002 4244 3070 4300 ad
3118 4243 3607 4315 quadragenarium

2008 4339 2377 4397 laborantibus
2421 4340 2473 4393 in
2529 4337 2633 4394 hoc
2688 4337 2892 4393 saeculo
2950 4335 3200 4391 ﬁdelibus
3256 4350 3464 4392 merces
3518 4336 3608 4393 illa

2009 4431 2357 4505 persolvitur,
2407 4444 2566 4501 quam
2618 4436 2944 4497 acceperunt
2996 4426 3158 4497 primi
3216 4435 3275 4485 et
3328 4426 3608 4483 novissimi

2011 4536 2300 4598 operantes
2324 4524 2375 4579 in
2427 4523 2604 4589 vinea,
2631 4522 2816 4592 sicque
2855 4522 3345 4593 quinquagenarius
3394 4522 3449 4575 in
3514 4520 3605 4575 illa

316 4606 581 4673 procellas
610 4607 840 4674 scilicet,
880 4617 935 4663 et
965 4610 1207 4665 turbines
1232 4612 1414 4667 saeculi
1446 4613 1628 4685 hujus,
1660 4634 1779 4687 quae
1808 4634 1902 4690 pa-
1931 4613 1986 4675 D
2015 4617 2198 4689 requie
2222 4632 2284 4671 ac
2312 4615 2494 4671 laetitia
2525 4617 2877 4684 sempiterna.
2912 4614 3047 4669 Hinc
3071 4622 3173 4681 est,
3205 4614 3347 4683 quod
3390 4614 3441 4668 in
3492 4612 3612 4686 iege

314 4694 447 4749 titur
474 4694 738 4752 Ecclesia.
772 4698 884 4754 Hoc
914 4698 1072 4755 etiam
1104 4708 1160 4757 et
1182 4702 1527 4774 quadraginta
1556 4710 1679 4763 anni
1709 4713 1760 4767 in
1785 4726 1906 4769 ere-

317 4802 429 4854 mo,
483 4788 677 4858 quibus
722 4789 1054 4862 signiﬁcatur
1102 4793 1427 4871 laboriosum
1473 4814 1573 4856 nos
1615 4802 1671 4858 in
1712 4808 1911 4864 saeculo

318 4879 515 4936 habere
544 4898 793 4949 cursum,
832 4884 960 4940 dum
1000 4886 1070 4941 ad
1097 4887 1420 4956 promissum
1459 4892 1698 4951 calcatis
1721 4901 1910 4967 patria!

390 5042 480 5101 93.
523 5045 810 5129 snpputes,
833 5056 883 5129 et
908 5057 1153 5129 quatuor,
1179 5057 1285 5129 etc_.
1315 5048 1433 5106 Non
1456 5052 1587 5109 satis
1613 5058 1910 5129 percipitur

324 5132 534 5178 sensus,
568 5118 622 5171 e't
653 5118 872 5187 aliquid,
906 5128 963 5172 ut
986 5121 1197 5187 opinor,
1231 5119 1404 5176 deest.

312 5204 321 5213 δ
394 5188 483 5261 D5.
527 5188 763 5261 Isidorus
796 5189 1023 5244 fortasse
1054 5192 1289 5261 scripsit,
1320 5196 1666 5251 venumdedit.

394 5258 484 5313 96.
526 5258 848 5333 nomentum
893 5274 1003 5333 pro;
1030 5258 1221 5333 exiguo
1262 5266 1519 5331 temporis
1546 5270 1719 5333 Spatio
1743 5273 1911 5328 sumi-

324 5338 442 5395 tur;
483 5330 577 5384 sed
612 5330 751 5399 quod
778 5331 926 5385 horae
953 5331 1318 5411 dividerentur
1358 5330 1409 5388 in
1458 5330 1670 5411 triginta
1703 5352 1912 5411 partes,

324 5416 442 5469 qua:
470 5411 731 5481 rnamenta
769 5404 1328 5481 vocarentur,_nesci_o
1382 5420 1451 5481 an
1483 5404 1608 5473 alibi
1653 5404 1914 5481 scriptum

326 5472 644 5552 reperiatur.
687 5472 840 5552 Quod
885 5473 1181 5528 tricennalis
1211 5474 1424 5552 objectio
1455 5472 1715 5535 annorum
1753 5472 1910 5540 finem

329 5544 379 5614 in
406 5559 583 5598 rerum
618 5544 937 5612 repetitione
966 5557 1147 5614 ponat,
1171 5544 1486 5614 exprimitur
1507 5552 1665 5605 etiam
1700 5555 1752 5608 in
1784 5570 1915 5611 con-

329 5612 449 5693 cilio
504 5613 811 5693 I_Ii_spalensi
861 5632 937 5693 ,ιιι
968 5612 1072 5693 cui
1123 5612 1363 5693 sanctus
1392 5620 1623 5675 lsidorus
1683 5627 1910 5693 prmfuit,

330 5699 380 5741 c.
406 5685 461 5753 2,
487 5685 573 5740 ubi
608 5698 896 5757 usurpatur
922 5687 1027 5741 hoc
1048 5690 1224 5757 ipsum
1255 5689 1474 5744 verbum
1500 5685 1794 5749 tricemialis
1824 5685 1915 5751 ob;

323 5756 496 5887 Isaia,
524 5766 584 5814 ut
608 5756 779 5814 videri
822 5766 1000 5829 potest
1026 5756 1083 5814 in
1106 5758 1340 5831 append.
1369 5758 1404 5814 4
1428 5761 1497 5817 ad
1529 5771 1658 5821 tom.
1696 5766 1759 5836 ll,
1791 5783 1912 5839 pag.

2016 4709 2461 4781 quinquagesimo
2491 4719 2631 4761 anno
2672 4704 2879 4775 jubiiaei
2936 4706 3150 4776 requies
3191 4706 3485 4776 colebatur,
3542 4704 3609 4759 ad

2018 4802 2432 4874 signiﬁcandum
2459 4801 2582 4872 quia
2606 4810 2725 4872 post
2750 4800 2989 4857 laborem
3023 4800 3183 4872 hujus
3207 4799 3392 4857 mundi
3423 4812 3611 4870 perve-

2017 4902 2163 4959 nitur
2184 4896 2253 4952 ad
2281 4895 2445 4951 futuri
2465 4894 2706 4965 requiem
2733 4892 2939 4949 saculi.

2090 5060 2201 5134 97._
2220 5050 2983 5134 Expos_itio__mystica_numer.i
3014 5052 3420 5134 quadragenarii
3451 5053 3608 5134 bis_et

2023 5129 2287 5187 similibus
2304 5122 2610 5183 rationibus
2633 5123 2773 5190 apud
2803 5122 3170 5178 sanctissimos
3195 5122 3379 5178 Patres
3409 5124 3604 5189 passim

2017 5200 2279 5263 occurrit,
2320 5197 2457 5268 quod
2503 5197 2590 5268 hic
2622 5209 2879 5268 numerus
2905 5194 3252 5263 quadraginta
3289 5196 3492 5268 dierum
3521 5197 3607 5264 je-

2010 5273 2165 5341 junio
2222 5265 2616 5341 quodammodo
2667 5281 2697 5320 a
2754 5265 2979 5341 Christo
3024 5279 3370 5320 consecratus
3424 5266 3604 5321 fuerit.

2018 5338 2140 5409 Legi
2170 5338 2366 5412 poterit
2401 5358 2412 5391 :
2455 5338 2716 5412 Tanquam
2741 5354 2797 5391 eo
2823 5338 3011 5412 sicfuit;
3042 5345 3474 5412 consununentur.

2093 5407 2185 5471 98:
2227 5412 2294 5468 Et
2332 5410 2673 5479 quadraginta
2709 5407 2853 5463 anni.
2885 5407 3120 5479 Scilicet,
3150 5408 3606 5479 significaverunt.

2020 5487 2076 5540 1n
2110 5486 2208 5540 Ms.
2242 5476 2355 5537 erat
2383 5492 2430 5535 et
2451 5476 2793 5550 quadraginta
2832 5494 3014 5550 amtor.
3054 5476 3220 5531 Verba
3247 5477 3365 5533 Jobi
3400 5481 3450 5535 in
3484 5480 3611 5536 Vul-

2019 5567 2138 5627 gata
2170 5564 2295 5610 sunt
2326 5572 2354 5627 :7
2374 5548 2564 5627 Militia
2590 5548 2669 5606 esi
2686 5552 2796 5627 vita
2815 5548 3038 5600 hominis
3057 5564 3211 5618 super
3239 5560 3444 5606 terram.

2093 5628 2183 5682 99.
2228 5628 2283 5680 In
2312 5626 2411 5679 Ms.
2444 5624 2540 5677 soli
2575 5639 2671 5690 pro
2699 5620 2841 5673 solis.

2093 5700 2218 5753 illi).
2253 5697 2414 5751 Forte
2453 5688 2759 5761 legendum,
2801 5688 2975 5761 triduo
3002 5689 3391 5750 suscitaturum.

2096 5768 2220 5822 102.
2258 5767 2321 5821 In
2359 5758 2577 5834 Vulga'ta
2606 5772 2789 5817 nostra
2819 5776 2835 5815 :
2868 5758 2936 5813 Et
2960 5760 3013 5814 in
3040 5762 3201 5818 tribus
3244 5765 3421 5819 diebus
3447 5762 3611 5818 rusei.

2018 5840 2139 5897 tabo
2162 5838 2317 5895 illud.
