  <div class='ocr_page' id='page_1' title='image "/cluster/home/n/w/nwhite01/storage/ocr_20150623/83/hvd.32044015469448/107.png"; bbox 0 0 4100 6344; ppageno 0'>
   <div class='ocr_carea' id='block_1_1' title="bbox 476 325 581 383">
    <p class='ocr_par' dir='ltr' id='par_1_1' title="bbox 476 325 581 383">
     <span class='ocr_line' id='line_1_1' title="bbox 476 325 581 383; baseline 0 0"><span class='ocrx_word' id='word_1_1' title='bbox 476 325 581 383; x_wconf 83' lang='lat' dir='ltr'><strong>I99</strong></span> 
     </span>
    </p>
   </div>
   <div class='ocr_carea' id='block_1_2' title="bbox 1043 428 1527 491">
    <p class='ocr_par' dir='ltr' id='par_1_2' title="bbox 1043 428 1527 491">
     <span class='ocr_line' id='line_1_2' title="bbox 1043 428 1527 491; baseline -0.006 -1"><span class='ocrx_word' id='word_1_2' title='bbox 1043 434 1272 491; x_wconf 78' lang='lat' dir='ltr'><strong>CAPUT</strong></span> <span class='ocrx_word' id='word_1_3' title='bbox 1320 432 1483 490; x_wconf 87' lang='lat' dir='ltr'><strong>XXV.</strong></span> <span class='ocrx_word' id='word_1_4' title='bbox 1524 428 1527 431; x_wconf 43' lang='grc'><em>“</em></span> 
     </span>
    </p>
   </div>
   <div class='ocr_carea' id='block_1_3' title="bbox 853 550 1673 623">
    <p class='ocr_par' dir='ltr' id='par_1_3' title="bbox 853 550 1673 623">
     <span class='ocr_line' id='line_1_3' title="bbox 853 550 1673 623; baseline -0.001 -17"><span class='ocrx_word' id='word_1_5' title='bbox 853 550 932 606; x_wconf 89' lang='lat' dir='ltr'><strong>De</strong></span> <span class='ocrx_word' id='word_1_6' title='bbox 959 551 1397 623; x_wconf 87' lang='lat' dir='ltr'><strong>quinquagenaria</strong></span> <span class='ocrx_word' id='word_1_7' title='bbox 1444 566 1673 605; x_wconf 88' lang='lat' dir='ltr'><strong>numero.</strong></span> 
     </span>
    </p>
   </div>
   <div class='ocr_carea' id='block_1_4' title="bbox 545 665 2065 745">
    <p class='ocr_par' dir='ltr' id='par_1_4' title="bbox 545 665 2065 745">
     <span class='ocr_line' id='line_1_4' title="bbox 545 665 2065 745; baseline -0.009 -14"><span class='ocrx_word' id='word_1_8' title='bbox 545 670 706 745; x_wconf 61' lang='lat'><strong>246</strong></span> <span class='ocrx_word' id='word_1_9' title='bbox 746 670 869 726; x_wconf 70' lang='grc'><strong>104.</strong></span> <span class='ocrx_word' id='word_1_10' title='bbox 914 668 1010 724; x_wconf 88' lang='lat' dir='ltr'><strong>Hic</strong></span> <span class='ocrx_word' id='word_1_11' title='bbox 1038 677 1217 724; x_wconf 88' lang='lat' dir='ltr'><strong>autem</strong></span> <span class='ocrx_word' id='word_1_12' title='bbox 1272 682 1527 723; x_wconf 89' lang='lat' dir='ltr'><strong>numerus</strong></span> <span class='ocrx_word' id='word_1_13' title='bbox 1553 667 1606 722; x_wconf 90' lang='lat' dir='ltr'><strong>iu</strong></span> <span class='ocrx_word' id='word_1_14' title='bbox 1652 665 1851 721; x_wconf 79' lang='lat' dir='ltr'><strong>sanctis</strong></span> <span class='ocrx_word' id='word_1_15' title='bbox 1878 665 2065 736; x_wconf 88' lang='lat' dir='ltr'><strong>Scrip-</strong></span> 
     </span>
    </p>
   </div>
   <div class='ocr_carea' id='block_1_5' title="bbox 472 758 2067 833">
    <p class='ocr_par' dir='ltr' id='par_1_5' title="bbox 472 758 2067 833">
     <span class='ocr_line' id='line_1_5' title="bbox 472 758 2067 833; baseline -0.006 -11"><span class='ocrx_word' id='word_1_16' title='bbox 472 768 608 822; x_wconf 87' lang='lat' dir='ltr'><strong>turis</strong></span> <span class='ocrx_word' id='word_1_17' title='bbox 648 772 887 818; x_wconf 88' lang='lat' dir='ltr'><strong>sacratus</strong></span> <span class='ocrx_word' id='word_1_18' title='bbox 909 768 993 817; x_wconf 88' lang='lat' dir='ltr'><strong>est</strong></span> <span class='ocrx_word' id='word_1_19' title='bbox 1023 769 1243 833; x_wconf 92' lang='lat' dir='ltr'><strong>propter</strong></span> <span class='ocrx_word' id='word_1_20' title='bbox 1292 758 1550 829; x_wconf 75' lang='lat' dir='ltr'><strong>Spiritum</strong></span> <span class='ocrx_word' id='word_1_21' title='bbox 1599 770 1866 815; x_wconf 91' lang='lat' dir='ltr'><strong>sanctum.</strong></span> <span class='ocrx_word' id='word_1_22' title='bbox 1898 759 2067 825; x_wconf 84' lang='lat' dir='ltr'><strong>Quin-</strong></span> 
     </span>
    </p>
   </div>
   <div class='ocr_carea' id='block_1_6' title="bbox 473 850 2067 927">
    <p class='ocr_par' dir='ltr' id='par_1_6' title="bbox 473 850 2067 927">
     <span class='ocr_line' id='line_1_6' title="bbox 473 850 2067 927; baseline -0.003 -18"><span class='ocrx_word' id='word_1_23' title='bbox 473 857 781 927; x_wconf 85' lang='lat' dir='ltr'><strong>quagcsimo</strong></span> <span class='ocrx_word' id='word_1_24' title='bbox 821 855 967 910; x_wconf 91' lang='lat' dir='ltr'><strong>enim</strong></span> <span class='ocrx_word' id='word_1_25' title='bbox 1014 852 1103 908; x_wconf 90' lang='lat' dir='ltr'><strong>die</strong></span> <span class='ocrx_word' id='word_1_26' title='bbox 1160 851 1485 923; x_wconf 80' lang='lat' dir='ltr'><strong>egressionis</strong></span> <span class='ocrx_word' id='word_1_27' title='bbox 1527 851 1687 906; x_wconf 88' lang='lat' dir='ltr'><strong>Israel</strong></span> <span class='ocrx_word' id='word_1_28' title='bbox 1737 866 1802 906; x_wconf 87' lang='lat' dir='ltr'><strong>ex</strong></span> <span class='ocrx_word' id='word_1_29' title='bbox 1832 850 2067 922; x_wconf 67' lang='lat' dir='ltr'><strong>Egypto</strong></span> 
     </span>
    </p>
   </div>
   <div class='ocr_carea' id='block_1_7' title="bbox 473 947 2071 1018">
    <p class='ocr_par' dir='ltr' id='par_1_7' title="bbox 473 947 2071 1018">
     <span class='ocr_line' id='line_1_7' title="bbox 473 947 2071 1018; baseline -0.003 -9"><span class='ocrx_word' id='word_1_30' title='bbox 473 954 612 1009; x_wconf 70' lang='lat' dir='ltr'><strong>datu</strong></span> <span class='ocrx_word' id='word_1_31' title='bbox 668 961 793 1007; x_wconf 88' lang='lat' dir='ltr'><strong>sunt</strong></span> <span class='ocrx_word' id='word_1_32' title='bbox 848 950 1039 1007; x_wconf 72' lang='lat' dir='ltr'><strong>tabula:</strong></span> <span class='ocrx_word' id='word_1_33' title='bbox 1094 948 1225 1018; x_wconf 91' lang='lat' dir='ltr'><strong>legis</strong></span> <span class='ocrx_word' id='word_1_34' title='bbox 1282 950 1333 1004; x_wconf 91' lang='lat' dir='ltr'><strong>in</strong></span> <span class='ocrx_word' id='word_1_35' title='bbox 1366 948 1565 1003; x_wconf 85' lang='lat' dir='ltr'><strong>vertice</strong></span> <span class='ocrx_word' id='word_1_36' title='bbox 1598 947 1797 1003; x_wconf 91' lang='lat' dir='ltr'><strong>montis</strong></span> <span class='ocrx_word' id='word_1_37' title='bbox 1837 948 1985 1013; x_wconf 86' lang='lat' dir='ltr'><strong>Sina,</strong></span> <span class='ocrx_word' id='word_1_38' title='bbox 2017 958 2071 1005; x_wconf 87' lang='lat' dir='ltr'><strong>et</strong></span> 
     </span>
    </p>
   </div>
   <div class='ocr_carea' id='block_1_8' title="bbox 475 1040 2069 1120">
    <p class='ocr_par' dir='ltr' id='par_1_8' title="bbox 475 1040 2069 1120">
     <span class='ocr_line' id='line_1_8' title="bbox 475 1040 2069 1120; baseline -0.004 -17"><span class='ocrx_word' id='word_1_39' title='bbox 475 1058 596 1120; x_wconf 82' lang='lat' dir='ltr'><strong>post</strong></span> <span class='ocrx_word' id='word_1_40' title='bbox 626 1048 926 1118; x_wconf 63' lang='lat' dir='ltr'><strong>passionem</strong></span> <span class='ocrx_word' id='word_1_41' title='bbox 957 1044 1155 1100; x_wconf 87' lang='lat' dir='ltr'><strong>Christi</strong></span> <span class='ocrx_word' id='word_1_42' title='bbox 1185 1042 1631 1115; x_wconf 89' lang='lat' dir='ltr'><strong>quinquagesimo</strong></span> <span class='ocrx_word' id='word_1_43' title='bbox 1660 1040 1749 1097; x_wconf 92' lang='lat' dir='ltr'><strong>die</strong></span> <span class='ocrx_word' id='word_1_44' title='bbox 1789 1042 2069 1097; x_wconf 88' lang='lat' dir='ltr'><strong>descendit</strong></span> 
     </span>
    </p>
   </div>
   <div class='ocr_carea' id='block_1_9' title="bbox 474 1136 2071 1216">
    <p class='ocr_par' dir='ltr' id='par_1_9' title="bbox 474 1136 2071 1216">
     <span class='ocr_line' id='line_1_9' title="bbox 474 1136 2071 1216; baseline -0.006 -16"><span class='ocrx_word' id='word_1_45' title='bbox 474 1161 636 1216; x_wconf 86' lang='lat' dir='ltr'><strong>super</strong></span> <span class='ocrx_word' id='word_1_46' title='bbox 664 1161 767 1199; x_wconf 85' lang='lat' dir='ltr'><strong>cxx</strong></span> <span class='ocrx_word' id='word_1_47' title='bbox 800 1142 984 1198; x_wconf 89' lang='lat' dir='ltr'><strong>ﬁdeles</strong></span> <span class='ocrx_word' id='word_1_48' title='bbox 1014 1139 1245 1211; x_wconf 87' lang='lat' dir='ltr'><strong>Spiritus</strong></span> <span class='ocrx_word' id='word_1_49' title='bbox 1274 1144 1525 1203; x_wconf 90' lang='lat' dir='ltr'><strong>sanctus;</strong></span> <span class='ocrx_word' id='word_1_50' title='bbox 1555 1137 1782 1205; x_wconf 83' lang='lat' dir='ltr'><strong>ideoque</strong></span> <span class='ocrx_word' id='word_1_51' title='bbox 1809 1145 1864 1192; x_wconf 90' lang='lat' dir='ltr'><strong>et</strong></span> <span class='ocrx_word' id='word_1_52' title='bbox 1916 1136 2071 1207; x_wconf 90' lang='lat' dir='ltr'><strong>quin-</strong></span> 
     </span>
    </p>
   </div>
   <div class='ocr_carea' id='block_1_10' title="bbox 476 1226 2069 1307">
    <p class='ocr_par' dir='ltr' id='par_1_10' title="bbox 476 1226 2069 1307">
     <span class='ocr_line' id='line_1_10' title="bbox 476 1226 2069 1307; baseline -0.007 -15"><span class='ocrx_word' id='word_1_53' title='bbox 476 1236 815 1307; x_wconf 85' lang='lat' dir='ltr'><strong>quagesimus</strong></span> <span class='ocrx_word' id='word_1_54' title='bbox 897 1232 1133 1303; x_wconf 86' lang='lat' dir='ltr'><strong>psalmus</strong></span> <span class='ocrx_word' id='word_1_55' title='bbox 1204 1227 1547 1299; x_wconf 72' lang='lat' dir='ltr'><strong>indulgentia:</strong></span> <span class='ocrx_word' id='word_1_56' title='bbox 1618 1235 1675 1283; x_wconf 88' lang='lat' dir='ltr'><strong>et</strong></span> <span class='ocrx_word' id='word_1_57' title='bbox 1739 1226 2069 1283; x_wconf 85' lang='lat' dir='ltr'><strong>remissionis</strong></span> 
     </span>
    </p>
   </div>
   <div class='ocr_carea' id='block_1_11' title="bbox 474 1340 578 1388">
    <p class='ocr_par' dir='ltr' id='par_1_11' title="bbox 474 1340 578 1388">
     <span class='ocr_line' id='line_1_11' title="bbox 474 1340 578 1388; baseline -0.01 0"><span class='ocrx_word' id='word_1_58' title='bbox 474 1340 578 1388; x_wconf 88' lang='lat' dir='ltr'><strong>est.</strong></span> 
     </span>
    </p>
   </div>
   <div class='ocr_carea' id='block_1_12' title="bbox 551 1429 2067 1506">
    <p class='ocr_par' dir='ltr' id='par_1_12' title="bbox 551 1429 2067 1506">
     <span class='ocr_line' id='line_1_12' title="bbox 551 1429 2067 1506; baseline -0.009 -9"><span class='ocrx_word' id='word_1_59' title='bbox 551 1440 672 1497; x_wconf 79' lang='grc'><strong>105.</strong></span> <span class='ocrx_word' id='word_1_60' title='bbox 717 1440 872 1498; x_wconf 88' lang='lat' dir='ltr'><strong>Unde</strong></span> <span class='ocrx_word' id='word_1_61' title='bbox 917 1447 972 1496; x_wconf 91' lang='lat' dir='ltr'><strong>et</strong></span> <span class='ocrx_word' id='word_1_62' title='bbox 1017 1440 1069 1495; x_wconf 89' lang='lat' dir='ltr'><strong>in</strong></span> <span class='ocrx_word' id='word_1_63' title='bbox 1124 1433 1414 1506; x_wconf 88' lang='lat' dir='ltr'><strong>Evangelia</strong></span> <span class='ocrx_word' id='word_1_64' title='bbox 1462 1432 1847 1503; x_wconf 81' lang='lat' dir='ltr'><strong>quinquaginta</strong></span> <span class='ocrx_word' id='word_1_65' title='bbox 1905 1429 2067 1486; x_wconf 91' lang='lat' dir='ltr'><strong>etiam</strong></span> 
     </span>
    </p>
   </div>
   <div class='ocr_carea' id='block_1_13' title="bbox 474 1521 2072 1595">
    <p class='ocr_par' dir='ltr' id='par_1_13' title="bbox 474 1521 2072 1595">
     <span class='ocr_line' id='line_1_13' title="bbox 474 1521 2072 1595; baseline -0.011 -1"><span class='ocrx_word' id='word_1_66' title='bbox 474 1536 681 1594; x_wconf 75' lang='lat' dir='ltr'><strong>denarii</strong></span> <span class='ocrx_word' id='word_1_67' title='bbox 711 1534 1041 1591; x_wconf 84' lang='lat' dir='ltr'><strong>debitoribus</strong></span> <span class='ocrx_word' id='word_1_68' title='bbox 1074 1530 1409 1587; x_wconf 78' lang='lat' dir='ltr'><strong>relaxantur.</strong></span> <span class='ocrx_word' id='word_1_69' title='bbox 1437 1526 1568 1582; x_wconf 82' lang='lat' dir='ltr'><strong>Nam</strong></span> <span class='ocrx_word' id='word_1_70' title='bbox 1614 1525 1755 1595; x_wconf 91' lang='lat' dir='ltr'><strong>quod</strong></span> <span class='ocrx_word' id='word_1_71' title='bbox 1788 1524 1841 1580; x_wconf 92' lang='lat' dir='ltr'><strong>in</strong></span> <span class='ocrx_word' id='word_1_72' title='bbox 1870 1521 2072 1578; x_wconf 84' lang='lat' dir='ltr'><strong>diluvia</strong></span> 
     </span>
    </p>
   </div>
   <div class='ocr_carea' id='block_1_14' title="bbox 475 1612 2074 1702">
    <p class='ocr_par' dir='ltr' id='par_1_14' title="bbox 475 1612 2074 1702">
     <span class='ocr_line' id='line_1_14' title="bbox 475 1612 2074 1702; baseline -0.013 -16"><span class='ocrx_word' id='word_1_73' title='bbox 475 1628 860 1702; x_wconf 86' lang='lat' dir='ltr'><strong>quinquaginta</strong></span> <span class='ocrx_word' id='word_1_74' title='bbox 896 1624 1089 1681; x_wconf 88' lang='lat' dir='ltr'><strong>cubitis</strong></span> <span class='ocrx_word' id='word_1_75' title='bbox 1118 1636 1257 1677; x_wconf 71' lang='lat' dir='ltr'><strong>arcte</strong></span> <span class='ocrx_word' id='word_1_76' title='bbox 1306 1618 1532 1675; x_wconf 88' lang='lat' dir='ltr'><strong>altitudo</strong></span> <span class='ocrx_word' id='word_1_77' title='bbox 1566 1616 1758 1672; x_wconf 83' lang='lat' dir='ltr'><strong>diﬁ‘usa</strong></span> <span class='ocrx_word' id='word_1_78' title='bbox 1796 1622 1898 1680; x_wconf 87' lang='lat' dir='ltr'><strong>est,</strong></span> <span class='ocrx_word' id='word_1_79' title='bbox 1928 1612 2074 1683; x_wconf 88' lang='lat' dir='ltr'><strong>ejus-</strong></span> 
     </span>
    </p>
   </div>
   <div class='ocr_carea' id='block_1_15' title="bbox 476 1708 2070 1789">
    <p class='ocr_par' dir='ltr' id='par_1_15' title="bbox 476 1708 2070 1789">
     <span class='ocr_line' id='line_1_15' title="bbox 476 1708 2070 1789; baseline -0.011 -9"><span class='ocrx_word' id='word_1_80' title='bbox 476 1724 600 1780; x_wconf 90' lang='lat' dir='ltr'><strong>dem</strong></span> <span class='ocrx_word' id='word_1_81' title='bbox 646 1722 816 1777; x_wconf 87' lang='lat' dir='ltr'><strong>sancti</strong></span> <span class='ocrx_word' id='word_1_82' title='bbox 869 1718 1100 1789; x_wconf 88' lang='lat' dir='ltr'><strong>Spiritus</strong></span> <span class='ocrx_word' id='word_1_83' title='bbox 1155 1716 1433 1771; x_wconf 87' lang='lat' dir='ltr'><strong>dilatatam</strong></span> <span class='ocrx_word' id='word_1_84' title='bbox 1480 1713 1533 1767; x_wconf 92' lang='lat' dir='ltr'><strong>in</strong></span> <span class='ocrx_word' id='word_1_85' title='bbox 1595 1709 1794 1765; x_wconf 90' lang='lat' dir='ltr'><strong>munda</strong></span> <span class='ocrx_word' id='word_1_86' title='bbox 1841 1708 2070 1779; x_wconf 85' lang='lat' dir='ltr'><strong>gratiam</strong></span> 
     </span>
    </p>
   </div>
   <div class='ocr_carea' id='block_1_16' title="bbox 1054 308 3215 393">
    <p class='ocr_par' dir='ltr' id='par_1_16' title="bbox 1054 308 3215 393">
     <span class='ocr_line' id='line_1_16' title="bbox 1054 308 3215 393; baseline -0.001 -17"><span class='ocrx_word' id='word_1_87' title='bbox 1054 314 1261 376; x_wconf 81' lang='lat' dir='ltr'><strong>LIBER</strong></span> <span class='ocrx_word' id='word_1_88' title='bbox 1297 311 1737 375; x_wconf 74' lang='lat' dir='ltr'><strong>NUMEBORUM</strong></span> <span class='ocrx_word' id='word_1_89' title='bbox 1773 308 1892 384; x_wconf 83' lang='lat' dir='ltr'><strong>QUI</strong></span> <span class='ocrx_word' id='word_1_90' title='bbox 1928 312 1996 372; x_wconf 83' lang='lat' dir='ltr'><strong>IN</strong></span> <span class='ocrx_word' id='word_1_91' title='bbox 2032 312 2321 393; x_wconf 80' lang='lat' dir='ltr'><strong>SANGTIS</strong></span> <span class='ocrx_word' id='word_1_92' title='bbox 2360 314 2762 378; x_wconf 81' lang='lat' dir='ltr'><strong>SCRIPTURIS</strong></span> <span class='ocrx_word' id='word_1_93' title='bbox 2798 313 3215 376; x_wconf 79' lang='lat' dir='ltr'><strong>OCCURRUNT</strong></span> 
     </span>
    </p>
   </div>
   <div class='ocr_carea' id='block_1_17' title="bbox 2089 440 2143 499">
    <p class='ocr_par' dir='ltr' id='par_1_17' title="bbox 2089 440 2143 499">
     <span class='ocr_line' id='line_1_17' title="bbox 2089 440 2143 499; baseline 0 -2"><span class='ocrx_word' id='word_1_94' title='bbox 2089 440 2143 499; x_wconf 75' lang='grc' dir='ltr'><strong>Δ</strong></span> 
     </span>
    </p>
   </div>
   <div class='ocr_carea' id='block_1_18' title="bbox 3652 317 3758 378">
    <p class='ocr_par' dir='ltr' id='par_1_18' title="bbox 3652 317 3758 378">
     <span class='ocr_line' id='line_1_18' title="bbox 3652 317 3758 378; baseline 0.038 -4"><span class='ocrx_word' id='word_1_95' title='bbox 3652 317 3758 378; x_wconf 68' lang='lat'><strong>200</strong></span> 
     </span>
    </p>
   </div>
   <div class='ocr_carea' id='block_1_19' title="bbox 2721 433 3204 492">
    <p class='ocr_par' dir='ltr' id='par_1_19' title="bbox 2721 433 3204 492">
     <span class='ocr_line' id='line_1_19' title="bbox 2721 433 3204 492; baseline -0.002 -2"><span class='ocrx_word' id='word_1_96' title='bbox 2721 433 2949 492; x_wconf 83' lang='lat' dir='ltr'><strong>CAPUT</strong></span> <span class='ocrx_word' id='word_1_97' title='bbox 2992 435 3204 491; x_wconf 81' lang='lat' dir='ltr'><strong>XXVII.</strong></span> 
     </span>
    </p>
   </div>
   <div class='ocr_carea' id='block_1_20' title="bbox 2567 524 3367 581">
    <p class='ocr_par' dir='ltr' id='par_1_20' title="bbox 2567 524 3367 581">
     <span class='ocr_line' id='line_1_20' title="bbox 2567 524 3367 581; baseline 0.001 -2"><span class='ocrx_word' id='word_1_98' title='bbox 2567 524 2719 580; x_wconf 80' lang='lat' dir='ltr'><strong>Ratio</strong></span> <span class='ocrx_word' id='word_1_99' title='bbox 2756 525 2821 579; x_wconf 87' lang='lat' dir='ltr'><strong>de</strong></span> <span class='ocrx_word' id='word_1_100' title='bbox 2846 535 3021 579; x_wconf 90' lang='lat' dir='ltr'><strong>sancta</strong></span> <span class='ocrx_word' id='word_1_101' title='bbox 3045 525 3367 581; x_wconf 74' lang='lat' dir='ltr'><strong>Pentecoste.</strong></span> 
     </span>
    </p>
   </div>
   <div class='ocr_carea' id='block_1_21' title="bbox 2244 620 3759 699">
    <p class='ocr_par' dir='ltr' id='par_1_21' title="bbox 2244 620 3759 699">
     <span class='ocr_line' id='line_1_21' title="bbox 2244 620 3759 699; baseline 0.007 -24"><span class='ocrx_word' id='word_1_102' title='bbox 2244 620 2371 677; x_wconf 90' lang='grc'><strong>108.</strong></span> <span class='ocrx_word' id='word_1_103' title='bbox 2413 622 2879 693; x_wconf 83' lang='lat' dir='ltr'><strong>Quadragenarius</strong></span> <span class='ocrx_word' id='word_1_104' title='bbox 2907 640 3158 681; x_wconf 90' lang='lat' dir='ltr'><strong>numerus</strong></span> <span class='ocrx_word' id='word_1_105' title='bbox 3185 640 3255 683; x_wconf 92' lang='lat' dir='ltr'><strong>ex</strong></span> <span class='ocrx_word' id='word_1_106' title='bbox 3298 642 3357 681; x_wconf 91' lang='lat' dir='ltr'><strong>se</strong></span> <span class='ocrx_word' id='word_1_107' title='bbox 3404 626 3565 683; x_wconf 88' lang='lat' dir='ltr'><strong>etiam</strong></span> <span class='ocrx_word' id='word_1_108' title='bbox 3607 630 3759 699; x_wconf 91' lang='lat' dir='ltr'><strong>quin-</strong></span> 
     </span>
    </p>
   </div>
   <div class='ocr_carea' id='block_1_22' title="bbox 2169 714 3761 790">
    <p class='ocr_par' dir='ltr' id='par_1_22' title="bbox 2169 714 3761 790">
     <span class='ocr_line' id='line_1_22' title="bbox 2169 714 3761 790; baseline 0.005 -22"><span class='ocrx_word' id='word_1_109' title='bbox 2169 714 2553 784; x_wconf 88' lang='lat' dir='ltr'><strong>quagenarium</strong></span> <span class='ocrx_word' id='word_1_110' title='bbox 2582 715 2772 787; x_wconf 82' lang='lat' dir='ltr'><strong>gignit,</strong></span> <span class='ocrx_word' id='word_1_111' title='bbox 2799 716 2992 773; x_wconf 88' lang='lat' dir='ltr'><strong>additis</strong></span> <span class='ocrx_word' id='word_1_112' title='bbox 3018 719 3281 788; x_wconf 88' lang='lat' dir='ltr'><strong>partibus,</strong></span> <span class='ocrx_word' id='word_1_113' title='bbox 3307 733 3403 789; x_wconf 89' lang='lat' dir='ltr'><strong>per</strong></span> <span class='ocrx_word' id='word_1_114' title='bbox 3424 733 3558 790; x_wconf 87' lang='lat' dir='ltr'><strong>quas</strong></span> <span class='ocrx_word' id='word_1_115' title='bbox 3583 732 3761 790; x_wconf 84' lang='lat' dir='ltr'><strong>partes</strong></span> 
     </span>
    </p>
   </div>
   <div class='ocr_carea' id='block_1_23' title="bbox 2170 808 3760 883">
    <p class='ocr_par' dir='ltr' id='par_1_23' title="bbox 2170 808 3760 883">
     <span class='ocr_line' id='line_1_23' title="bbox 2170 808 3760 883; baseline 0.003 -20"><span class='ocrx_word' id='word_1_116' title='bbox 2170 808 2552 881; x_wconf 87' lang='lat' dir='ltr'><strong>quinquaginta</strong></span> <span class='ocrx_word' id='word_1_117' title='bbox 2582 811 2885 867; x_wconf 80' lang='lat' dir='ltr'><strong>efﬁciuntur</strong></span> <span class='ocrx_word' id='word_1_118' title='bbox 2913 810 3017 877; x_wconf 87' lang='lat' dir='ltr'><strong>ita;</strong></span> <span class='ocrx_word' id='word_1_119' title='bbox 3050 811 3193 867; x_wconf 88' lang='lat' dir='ltr'><strong>assei</strong></span> <span class='ocrx_word' id='word_1_120' title='bbox 3246 811 3618 883; x_wconf 88' lang='lat' dir='ltr'><strong>quadraginta.</strong></span> <span class='ocrx_word' id='word_1_121' title='bbox 3674 813 3760 867; x_wconf 88' lang='lat' dir='ltr'><strong>Bis</strong></span> 
     </span>
    </p>
   </div>
   <div class='ocr_carea' id='block_1_24' title="bbox 2170 899 3763 975">
    <p class='ocr_par' dir='ltr' id='par_1_24' title="bbox 2170 899 3763 975">
     <span class='ocr_line' id='line_1_24' title="bbox 2170 899 3763 975; baseline 0.003 -20"><span class='ocrx_word' id='word_1_122' title='bbox 2170 899 2294 957; x_wconf 90' lang='lat' dir='ltr'><strong>deni</strong></span> <span class='ocrx_word' id='word_1_123' title='bbox 2324 902 2691 975; x_wconf 88' lang='lat' dir='ltr'><strong>quadraginta.</strong></span> <span class='ocrx_word' id='word_1_124' title='bbox 2743 904 2999 972; x_wconf 83' lang='lat' dir='ltr'><strong>Quaterni</strong></span> <span class='ocrx_word' id='word_1_125' title='bbox 3048 903 3421 974; x_wconf 89' lang='lat' dir='ltr'><strong>quadraginta.</strong></span> <span class='ocrx_word' id='word_1_126' title='bbox 3471 905 3763 975; x_wconf 85' lang='lat' dir='ltr'><strong>Quinquies</strong></span> 
     </span>
    </p>
   </div>
   <div class='ocr_carea' id='block_1_25' title="bbox 2172 996 3763 1068">
    <p class='ocr_par' dir='ltr' id='par_1_25' title="bbox 2172 996 3763 1068">
     <span class='ocr_line' id='line_1_25' title="bbox 2172 996 3763 1068; baseline 0.001 -18"><span class='ocrx_word' id='word_1_127' title='bbox 2172 996 2354 1051; x_wconf 91' lang='lat' dir='ltr'><strong>octoni</strong></span> <span class='ocrx_word' id='word_1_128' title='bbox 2380 997 2749 1067; x_wconf 87' lang='lat' dir='ltr'><strong>quadraginta.</strong></span> <span class='ocrx_word' id='word_1_129' title='bbox 2776 997 2957 1053; x_wconf 90' lang='lat' dir='ltr'><strong>Octies</strong></span> <span class='ocrx_word' id='word_1_130' title='bbox 2985 996 3131 1068; x_wconf 88' lang='lat' dir='ltr'><strong>quini</strong></span> <span class='ocrx_word' id='word_1_131' title='bbox 3174 997 3545 1068; x_wconf 88' lang='lat' dir='ltr'><strong>quadraginta.</strong></span> <span class='ocrx_word' id='word_1_132' title='bbox 3574 997 3763 1053; x_wconf 86' lang='lat' dir='ltr'><strong>Decies</strong></span> 
     </span>
    </p>
   </div>
   <div class='ocr_carea' id='block_1_26' title="bbox 2171 1089 3766 1162">
    <p class='ocr_par' dir='ltr' id='par_1_26' title="bbox 2171 1089 3766 1162">
     <span class='ocr_line' id='line_1_26' title="bbox 2171 1089 3766 1162; baseline 0.001 -18"><span class='ocrx_word' id='word_1_133' title='bbox 2171 1089 2419 1160; x_wconf 88' lang='lat' dir='ltr'><strong>quaterni</strong></span> <span class='ocrx_word' id='word_1_134' title='bbox 2467 1090 2842 1161; x_wconf 87' lang='lat' dir='ltr'><strong>quadraginta.</strong></span> <span class='ocrx_word' id='word_1_135' title='bbox 2901 1090 3080 1146; x_wconf 80' lang='lat' dir='ltr'><strong>Vicies</strong></span> <span class='ocrx_word' id='word_1_136' title='bbox 3134 1090 3244 1145; x_wconf 88' lang='lat' dir='ltr'><strong>bini</strong></span> <span class='ocrx_word' id='word_1_137' title='bbox 3296 1091 3668 1162; x_wconf 84' lang='lat' dir='ltr'><strong>quadraginta,</strong></span> <span class='ocrx_word' id='word_1_138' title='bbox 3710 1098 3766 1147; x_wconf 92' lang='lat' dir='ltr'><strong>et</strong></span> 
     </span>
    </p>
   </div>
   <div class='ocr_carea' id='block_1_27' title="bbox 2171 1179 3234 1257">
    <p class='ocr_par' dir='ltr' id='par_1_27' title="bbox 2171 1179 3234 1257">
     <span class='ocr_line' id='line_1_27' title="bbox 2171 1179 3234 1257; baseline 0 -16"><span class='ocrx_word' id='word_1_139' title='bbox 2171 1185 2367 1241; x_wconf 85' lang='lat' dir='ltr'><strong>additis</strong></span> <span class='ocrx_word' id='word_1_140' title='bbox 2405 1201 2460 1255; x_wconf 91' lang='lat' dir='ltr'><strong>x,</strong></span> <span class='ocrx_word' id='word_1_141' title='bbox 2492 1179 2800 1241; x_wconf 80' lang='lat' dir='ltr'><strong>efﬁciutitur</strong></span> <span class='ocrx_word' id='word_1_142' title='bbox 2830 1186 3234 1257; x_wconf 86' lang='lat' dir='ltr'><strong>quinquaginta.</strong></span> 
     </span>
    </p>
   </div>
   <div class='ocr_carea' id='block_1_28' title="bbox 2245 1279 3769 1350">
    <p class='ocr_par' dir='ltr' id='par_1_28' title="bbox 2245 1279 3769 1350">
     <span class='ocr_line' id='line_1_28' title="bbox 2245 1279 3769 1350; baseline 0 -15"><span class='ocrx_word' id='word_1_143' title='bbox 2245 1280 2372 1335; x_wconf 88' lang='grc'><strong>109.</strong></span> <span class='ocrx_word' id='word_1_144' title='bbox 2415 1280 2521 1336; x_wconf 90' lang='lat' dir='ltr'><strong>Per</strong></span> <span class='ocrx_word' id='word_1_145' title='bbox 2551 1280 2649 1335; x_wconf 88' lang='lat' dir='ltr'><strong>hos</strong></span> <span class='ocrx_word' id='word_1_146' title='bbox 2680 1296 2934 1336; x_wconf 89' lang='lat' dir='ltr'><strong>numeros</strong></span> <span class='ocrx_word' id='word_1_147' title='bbox 2965 1281 3300 1350; x_wconf 90' lang='lat' dir='ltr'><strong>signiﬁcatur</strong></span> <span class='ocrx_word' id='word_1_148' title='bbox 3330 1281 3381 1335; x_wconf 93' lang='lat' dir='ltr'><strong>in</strong></span> <span class='ocrx_word' id='word_1_149' title='bbox 3405 1279 3769 1350; x_wconf 83' lang='lat' dir='ltr'><strong>quadragena-</strong></span> 
     </span>
    </p>
   </div>
   <div class='ocr_carea' id='block_1_29' title="bbox 2172 1369 3768 1443">
    <p class='ocr_par' dir='ltr' id='par_1_29' title="bbox 2172 1369 3768 1443">
     <span class='ocr_line' id='line_1_29' title="bbox 2172 1369 3768 1443; baseline -0.003 -15"><span class='ocrx_word' id='word_1_150' title='bbox 2172 1374 2259 1428; x_wconf 88' lang='lat' dir='ltr'><strong>rio</strong></span> <span class='ocrx_word' id='word_1_151' title='bbox 2287 1388 2512 1428; x_wconf 90' lang='lat' dir='ltr'><strong>numera</strong></span> <span class='ocrx_word' id='word_1_152' title='bbox 2534 1388 2773 1443; x_wconf 67' lang='lat' dir='ltr'><strong>praesens</strong></span> <span class='ocrx_word' id='word_1_153' title='bbox 2797 1374 2929 1440; x_wconf 89' lang='lat' dir='ltr'><strong>vita,</strong></span> <span class='ocrx_word' id='word_1_154' title='bbox 2955 1371 3008 1427; x_wconf 91' lang='lat' dir='ltr'><strong>in</strong></span> <span class='ocrx_word' id='word_1_155' title='bbox 3032 1372 3487 1443; x_wconf 89' lang='lat' dir='ltr'><strong>quinquagenaria</strong></span> <span class='ocrx_word' id='word_1_156' title='bbox 3514 1385 3645 1427; x_wconf 89' lang='lat' dir='ltr'><strong>vero</strong></span> <span class='ocrx_word' id='word_1_157' title='bbox 3683 1369 3768 1425; x_wconf 81' lang='lat' dir='ltr'><strong>fu-</strong></span> 
     </span>
    </p>
   </div>
   <div class='ocr_carea' id='block_1_30' title="bbox 2173 1461 3768 1538">
    <p class='ocr_par' dir='ltr' id='par_1_30' title="bbox 2173 1461 3768 1538">
     <span class='ocr_line' id='line_1_30' title="bbox 2173 1461 3768 1538; baseline -0.003 -17"><span class='ocrx_word' id='word_1_158' title='bbox 2173 1475 2313 1535; x_wconf 83' lang='lat' dir='ltr'><strong>tura,</strong></span> <span class='ocrx_word' id='word_1_159' title='bbox 2337 1468 2427 1538; x_wconf 90' lang='lat' dir='ltr'><strong>qui</strong></span> <span class='ocrx_word' id='word_1_160' title='bbox 2458 1480 2714 1522; x_wconf 89' lang='lat' dir='ltr'><strong>numerus</strong></span> <span class='ocrx_word' id='word_1_161' title='bbox 2766 1465 3257 1535; x_wconf 83' lang='lat' dir='ltr'><strong>quinquagenarius</strong></span> <span class='ocrx_word' id='word_1_162' title='bbox 3306 1464 3604 1533; x_wconf 89' lang='lat' dir='ltr'><strong>triplicatus</strong></span> <span class='ocrx_word' id='word_1_163' title='bbox 3642 1461 3768 1517; x_wconf 77' lang='lat' dir='ltr'><strong>facit</strong></span> 
     </span>
    </p>
   </div>
   <div class='ocr_carea' id='block_1_31' title="bbox 2173 1554 3765 1628">
    <p class='ocr_par' dir='ltr' id='par_1_31' title="bbox 2173 1554 3765 1628">
     <span class='ocr_line' id='line_1_31' title="bbox 2173 1554 3765 1628; baseline -0.004 -14"><span class='ocrx_word' id='word_1_164' title='bbox 2173 1559 2321 1615; x_wconf 88' lang='lat' dir='ltr'><strong>illum</strong></span> <span class='ocrx_word' id='word_1_165' title='bbox 2366 1574 2646 1614; x_wconf 89' lang='lat' dir='ltr'><strong>numerum</strong></span> <span class='ocrx_word' id='word_1_166' title='bbox 2677 1557 3058 1628; x_wconf 80' lang='lat' dir='ltr'><strong>perfectorum,</strong></span> <span class='ocrx_word' id='word_1_167' title='bbox 3113 1557 3202 1626; x_wconf 92' lang='lat' dir='ltr'><strong>qui</strong></span> <span class='ocrx_word' id='word_1_168' title='bbox 3246 1557 3313 1610; x_wconf 90' lang='lat' dir='ltr'><strong>ad</strong></span> <span class='ocrx_word' id='word_1_169' title='bbox 3342 1569 3458 1612; x_wconf 88' lang='lat' dir='ltr'><strong>eam</strong></span> <span class='ocrx_word' id='word_1_170' title='bbox 3492 1555 3543 1609; x_wconf 91' lang='lat' dir='ltr'><strong>in</strong></span> <span class='ocrx_word' id='word_1_171' title='bbox 3602 1554 3765 1609; x_wconf 87' lang='lat' dir='ltr'><strong>vitam</strong></span> 
     </span>
    </p>
   </div>
   <div class='ocr_carea' id='block_1_32' title="bbox 2173 1645 3769 1722">
    <p class='ocr_par' dir='ltr' id='par_1_32' title="bbox 2173 1645 3769 1722">
     <span class='ocr_line' id='line_1_32' title="bbox 2173 1645 3769 1722; baseline -0.006 -12"><span class='ocrx_word' id='word_1_172' title='bbox 2173 1662 2435 1709; x_wconf 67' lang='lat' dir='ltr'><strong>aeternam</strong></span> <span class='ocrx_word' id='word_1_173' title='bbox 2467 1651 2829 1722; x_wconf 67' lang='lat' dir='ltr'><strong>prmdestinati</strong></span> <span class='ocrx_word' id='word_1_174' title='bbox 2871 1660 3017 1706; x_wconf 90' lang='lat' dir='ltr'><strong>sunt.</strong></span> <span class='ocrx_word' id='word_1_175' title='bbox 3055 1648 3161 1705; x_wconf 87' lang='lat' dir='ltr'><strong>Ter</strong></span> <span class='ocrx_word' id='word_1_176' title='bbox 3206 1649 3348 1704; x_wconf 90' lang='lat' dir='ltr'><strong>enim</strong></span> <span class='ocrx_word' id='word_1_177' title='bbox 3405 1648 3592 1703; x_wconf 88' lang='lat' dir='ltr'><strong>ductus</strong></span> <span class='ocrx_word' id='word_1_178' title='bbox 3644 1645 3769 1701; x_wconf 74' lang='lat' dir='ltr'><strong>facit</strong></span> 
     </span>
    </p>
   </div>
   <div class='ocr_carea' id='block_1_33' title="bbox 2175 1739 3770 1811">
    <p class='ocr_par' dir='ltr' id='par_1_33' title="bbox 2175 1739 3770 1811">
     <span class='ocr_line' id='line_1_33' title="bbox 2175 1739 3770 1811; baseline -0.007 -8"><span class='ocrx_word' id='word_1_179' title='bbox 2175 1761 2261 1811; x_wconf 86' lang='lat' dir='ltr'><strong>CL,</strong></span> <span class='ocrx_word' id='word_1_180' title='bbox 2292 1743 2491 1799; x_wconf 85' lang='lat' dir='ltr'><strong>additis</strong></span> <span class='ocrx_word' id='word_1_181' title='bbox 2510 1744 2673 1800; x_wconf 89' lang='lat' dir='ltr'><strong>etiam</strong></span> <span class='ocrx_word' id='word_1_182' title='bbox 2706 1742 2896 1799; x_wconf 85' lang='lat' dir='ltr'><strong>tribus.</strong></span> <span class='ocrx_word' id='word_1_183' title='bbox 2926 1742 3029 1811; x_wconf 90' lang='lat' dir='ltr'><strong>Ipsi</strong></span> <span class='ocrx_word' id='word_1_184' title='bbox 3072 1739 3360 1796; x_wconf 88' lang='lat' dir='ltr'><strong>ostendunt</strong></span> <span class='ocrx_word' id='word_1_185' title='bbox 3384 1739 3529 1793; x_wconf 88' lang='lat' dir='ltr'><strong>illam</strong></span> <span class='ocrx_word' id='word_1_186' title='bbox 3555 1747 3770 1793; x_wconf 84' lang='lat' dir='ltr'><strong>senten-</strong></span> 
     </span>
    </p>
   </div>
   <div class='ocr_carea' id='block_1_34' title="bbox 482 1798 3769 1909">
    <p class='ocr_par' dir='ltr' id='par_1_34' title="bbox 482 1798 3769 1909">
     <span class='ocr_line' id='line_1_34' title="bbox 482 1798 3769 1909; baseline -0.008 1"><span class='ocrx_word' id='word_1_187' title='bbox 482 1812 831 1909; x_wconf 42' lang='lat' dir='ltr'><strong>designabail</strong></span> <span class='ocrx_word' id='word_1_188' title='bbox 854 1810 991 1865; x_wconf 48' lang='lat' dir='ltr'><strong>Sicut</strong></span> <span class='ocrx_word' id='word_1_189' title='bbox 1016 1806 1147 1909; x_wconf 44' lang='lat' dir='ltr'><strong>di?“</strong></span> <span class='ocrx_word' id='word_1_190' title='bbox 1175 1804 1462 1909; x_wconf 62' lang='grc' dir='ltr'><strong>ΑΡ2⁵¹Ρῖ¹¹⁸</strong></span> <span class='ocrx_word' id='word_1_191' title='bbox 1494 1819 1508 1857; x_wconf 63' lang='grc'>³</span> <span class='ocrx_word' id='word_1_192' title='bbox 1535 1800 1716 1909; x_wconf 38' lang='lat' dir='ltr'><strong>cmi.“</strong></span> <span class='ocrx_word' id='word_1_193' title='bbox 1748 1798 1848 1854; x_wconf 60' lang='lat' dir='ltr'><strong>Dei</strong></span> <span class='ocrx_word' id='word_1_194' title='bbox 1877 1798 2069 1909; x_wconf 52' lang='grc' dir='ltr'><strong>’ξω</strong></span> <span class='ocrx_word' id='word_1_195' title='bbox 2098 1828 2146 1889; x_wconf 90' lang='grc' dir='ltr'><strong>Β</strong></span> <span class='ocrx_word' id='word_1_196' title='bbox 2176 1798 2633 1909; x_wconf 49' lang='lat' dir='ltr'><strong>{iamEvangeliL</strong></span> <span class='ocrx_word' id='word_1_197' title='bbox 2664 1798 2723 1892; x_wconf 89' lang='lat' dir='ltr'><strong>in</strong></span> <span class='ocrx_word' id='word_1_198' title='bbox 2764 1850 2867 1905; x_wconf 88' lang='lat' dir='ltr'><strong>qua</strong></span> <span class='ocrx_word' id='word_1_199' title='bbox 2899 1798 3027 1890; x_wconf 54' lang='lat' dir='ltr'><strong>cum</strong></span> <span class='ocrx_word' id='word_1_200' title='bbox 3055 1833 3231 1903; x_wconf 89' lang='lat' dir='ltr'><strong>pisces</strong></span> <span class='ocrx_word' id='word_1_201' title='bbox 3280 1832 3347 1886; x_wconf 90' lang='lat' dir='ltr'><strong>ad</strong></span> <span class='ocrx_word' id='word_1_202' title='bbox 3386 1830 3534 1885; x_wconf 87' lang='lat' dir='ltr'><strong>littus</strong></span> <span class='ocrx_word' id='word_1_203' title='bbox 3588 1828 3769 1885; x_wconf 89' lang='lat' dir='ltr'><strong>educti</strong></span> 
     </span>
    </p>
   </div>
   <div class='ocr_carea' id='block_1_35' title="bbox 478 1894 2070 1973">
    <p class='ocr_par' dir='ltr' id='par_1_35' title="bbox 478 1894 2070 1973">
     <span class='ocr_line' id='line_1_35' title="bbox 478 1894 2070 1973; baseline -0.007 -13"><span class='ocrx_word' id='word_1_204' title='bbox 478 1915 554 1963; x_wconf 84' lang='lat' dir='ltr'><strong>est</strong></span> <span class='ocrx_word' id='word_1_205' title='bbox 584 1907 637 1959; x_wconf 92' lang='lat' dir='ltr'><strong>in</strong></span> <span class='ocrx_word' id='word_1_206' title='bbox 666 1905 905 1958; x_wconf 78' lang='lat' dir='ltr'><strong>cordibus</strong></span> <span class='ocrx_word' id='word_1_207' title='bbox 934 1902 1118 1957; x_wconf 88' lang='lat' dir='ltr'><strong>nostris</strong></span> <span class='ocrx_word' id='word_1_208' title='bbox 1143 1917 1232 1973; x_wconf 86' lang='lat' dir='ltr'><strong>per</strong></span> <span class='ocrx_word' id='word_1_209' title='bbox 1254 1898 1505 1970; x_wconf 81' lang='lat' dir='ltr'><strong>Spiritum</strong></span> <span class='ocrx_word' id='word_1_210' title='bbox 1529 1904 1783 1963; x_wconf 90' lang='lat' dir='ltr'><strong>sanctum,</strong></span> <span class='ocrx_word' id='word_1_211' title='bbox 1811 1894 1899 1964; x_wconf 87' lang='lat' dir='ltr'><strong>qui</strong></span> <span class='ocrx_word' id='word_1_212' title='bbox 1919 1895 2070 1949; x_wconf 84' lang='lat' dir='ltr'><strong>datus</strong></span> 
     </span>
    </p>
   </div>
   <div class='ocr_carea' id='block_1_36' title="bbox 478 1993 1121 2067">
    <p class='ocr_par' dir='ltr' id='par_1_36' title="bbox 478 1993 1121 2067">
     <span class='ocr_line' id='line_1_36' title="bbox 478 1993 1121 2067; baseline -0.009 -14"><span class='ocrx_word' id='word_1_213' title='bbox 478 2008 553 2055; x_wconf 82' lang='lat' dir='ltr'><strong>est</strong></span> <span class='ocrx_word' id='word_1_214' title='bbox 578 1996 719 2052; x_wconf 86' lang='lat' dir='ltr'><strong>nobis</strong></span> <span class='ocrx_word' id='word_1_215' title='bbox 743 1996 919 2067; x_wconf 85' lang='lat' dir='ltr'><strong>(Rom.</strong></span> <span class='ocrx_word' id='word_1_216' title='bbox 952 2010 1008 2064; x_wconf 79' lang='grc' dir='ltr'><strong>ν,</strong></span> <span class='ocrx_word' id='word_1_217' title='bbox 1042 1993 1121 2065; x_wconf 84' lang='grc'><strong>5).</strong></span> 
     </span>
    </p>
   </div>
   <div class='ocr_carea' id='block_1_37' title="bbox 1042 2110 1498 2172">
    <p class='ocr_par' dir='ltr' id='par_1_37' title="bbox 1042 2110 1498 2172">
     <span class='ocr_line' id='line_1_37' title="bbox 1042 2110 1498 2172; baseline -0.015 0"><span class='ocrx_word' id='word_1_218' title='bbox 1042 2112 1269 2172; x_wconf 84' lang='lat' dir='ltr'><strong>CAPUT</strong></span> <span class='ocrx_word' id='word_1_219' title='bbox 1307 2110 1498 2167; x_wconf 82' lang='lat' dir='ltr'><strong>XXVI.</strong></span> 
     </span>
    </p>
   </div>
   <div class='ocr_carea' id='block_1_38' title="bbox 927 2228 1630 2301">
    <p class='ocr_par' dir='ltr' id='par_1_38' title="bbox 927 2228 1630 2301">
     <span class='ocr_line' id='line_1_38' title="bbox 927 2228 1630 2301; baseline -0.009 -17"><span class='ocrx_word' id='word_1_220' title='bbox 927 2229 1009 2286; x_wconf 86' lang='lat' dir='ltr'><strong>De</strong></span> <span class='ocrx_word' id='word_1_221' title='bbox 1034 2228 1372 2301; x_wconf 76' lang='lat' dir='ltr'><strong>sexagenario</strong></span> <span class='ocrx_word' id='word_1_222' title='bbox 1399 2239 1630 2281; x_wconf 89' lang='lat' dir='ltr'><strong>numero.</strong></span> 
     </span>
    </p>
   </div>
   <div class='ocr_carea' id='block_1_39' title="bbox 558 2336 2081 2416">
    <p class='ocr_par' dir='ltr' id='par_1_39' title="bbox 558 2336 2081 2416">
     <span class='ocr_line' id='line_1_39' title="bbox 558 2336 2081 2416; baseline -0.012 -15"><span class='ocrx_word' id='word_1_223' title='bbox 558 2346 678 2403; x_wconf 75' lang='grc'><strong>100.</strong></span> <span class='ocrx_word' id='word_1_224' title='bbox 717 2343 1097 2416; x_wconf 72' lang='lat' dir='ltr'><strong>Sexagenarius</strong></span> <span class='ocrx_word' id='word_1_225' title='bbox 1120 2354 1403 2407; x_wconf 90' lang='lat' dir='ltr'><strong>numerus,</strong></span> <span class='ocrx_word' id='word_1_226' title='bbox 1455 2336 1609 2406; x_wconf 78' lang='lat' dir='ltr'><strong>cuius</strong></span> <span class='ocrx_word' id='word_1_227' title='bbox 1647 2346 1854 2389; x_wconf 89' lang='lat' dir='ltr'><strong>summa</strong></span> <span class='ocrx_word' id='word_1_228' title='bbox 1897 2346 1926 2385; x_wconf 91' lang='lat' dir='ltr'><strong>a</strong></span> <span class='ocrx_word' id='word_1_229' title='bbox 1959 2343 2081 2399; x_wconf 88' lang='lat' dir='ltr'><strong>per-</strong></span> 
     </span>
    </p>
   </div>
   <div class='ocr_carea' id='block_1_40' title="bbox 483 2423 2082 2513">
    <p class='ocr_par' dir='ltr' id='par_1_40' title="bbox 483 2423 2082 2513">
     <span class='ocr_line' id='line_1_40' title="bbox 483 2423 2082 2513; baseline -0.012 -18"><span class='ocrx_word' id='word_1_230' title='bbox 483 2440 626 2497; x_wconf 77' lang='lat' dir='ltr'><strong>fecta</strong></span> <span class='ocrx_word' id='word_1_231' title='bbox 677 2437 893 2495; x_wconf 90' lang='lat' dir='ltr'><strong>senario</strong></span> <span class='ocrx_word' id='word_1_232' title='bbox 949 2451 1045 2507; x_wconf 91' lang='lat' dir='ltr'><strong>per</strong></span> <span class='ocrx_word' id='word_1_233' title='bbox 1096 2433 1395 2513; x_wconf 80' lang='lat' dir='ltr'><strong>denarium</strong></span> <span class='ocrx_word' id='word_1_234' title='bbox 1425 2425 1771 2499; x_wconf 76' lang='lat' dir='ltr'><strong>adiinpletur,</strong></span> <span class='ocrx_word' id='word_1_235' title='bbox 1816 2423 2082 2496; x_wconf 89' lang='lat' dir='ltr'><strong>signiﬁcat</strong></span> 
     </span>
    </p>
   </div>
   <div class='ocr_carea' id='block_1_41' title="bbox 481 2521 2079 2601">
    <p class='ocr_par' dir='ltr' id='par_1_41' title="bbox 481 2521 2079 2601">
     <span class='ocr_line' id='line_1_41' title="bbox 481 2521 2079 2601; baseline -0.011 -12"><span class='ocrx_word' id='word_1_236' title='bbox 481 2549 671 2589; x_wconf 84' lang='lat' dir='ltr'><strong>omnes</strong></span> <span class='ocrx_word' id='word_1_237' title='bbox 700 2540 935 2598; x_wconf 88' lang='lat' dir='ltr'><strong>sanctos,</strong></span> <span class='ocrx_word' id='word_1_238' title='bbox 965 2528 1056 2601; x_wconf 90' lang='lat' dir='ltr'><strong>qui</strong></span> <span class='ocrx_word' id='word_1_239' title='bbox 1088 2543 1182 2599; x_wconf 87' lang='lat' dir='ltr'><strong>per</strong></span> <span class='ocrx_word' id='word_1_240' title='bbox 1237 2525 1669 2583; x_wconf 83' lang='lat' dir='ltr'><strong>observationem</strong></span> <span class='ocrx_word' id='word_1_241' title='bbox 1703 2521 1890 2578; x_wconf 89' lang='lat' dir='ltr'><strong>decem</strong></span> <span class='ocrx_word' id='word_1_242' title='bbox 1921 2533 2079 2575; x_wconf 89' lang='lat' dir='ltr'><strong>man-</strong></span> 
     </span>
    </p>
   </div>
   <div class='ocr_carea' id='block_1_42' title="bbox 489 2610 2082 2695">
    <p class='ocr_par' dir='ltr' id='par_1_42' title="bbox 489 2610 2082 2695">
     <span class='ocr_line' id='line_1_42' title="bbox 489 2610 2082 2695; baseline -0.011 -14"><span class='ocrx_word' id='word_1_243' title='bbox 489 2627 737 2682; x_wconf 89' lang='lat' dir='ltr'><strong>datorum</strong></span> <span class='ocrx_word' id='word_1_244' title='bbox 795 2623 1195 2695; x_wconf 86' lang='lat' dir='ltr'><strong>perl&#39;ectianem‘</strong></span> <span class='ocrx_word' id='word_1_245' title='bbox 1232 2616 1530 2676; x_wconf 89' lang='lat' dir='ltr'><strong>sanctitatis</strong></span> <span class='ocrx_word' id='word_1_246' title='bbox 1596 2614 1886 2684; x_wconf 90' lang='lat' dir='ltr'><strong>accipiunt.</strong></span> <span class='ocrx_word' id='word_1_247' title='bbox 1953 2610 2082 2665; x_wconf 70' lang='lat' dir='ltr'><strong>Haec</strong></span> 
     </span>
    </p>
   </div>
   <div class='ocr_carea' id='block_1_43' title="bbox 486 2701 2083 2777">
    <p class='ocr_par' dir='ltr' id='par_1_43' title="bbox 486 2701 2083 2777">
     <span class='ocr_line' id='line_1_43' title="bbox 486 2701 2083 2777; baseline -0.013 0"><span class='ocrx_word' id='word_1_248' title='bbox 486 2721 740 2777; x_wconf 86' lang='lat' dir='ltr'><strong>Salomon</strong></span> <span class='ocrx_word' id='word_1_249' title='bbox 769 2717 835 2772; x_wconf 89' lang='lat' dir='ltr'><strong>de</strong></span> <span class='ocrx_word' id='word_1_250' title='bbox 866 2716 1081 2772; x_wconf 88' lang='lat' dir='ltr'><strong>Christo</strong></span> <span class='ocrx_word' id='word_1_251' title='bbox 1122 2715 1175 2769; x_wconf 90' lang='lat' dir='ltr'><strong>in</strong></span> <span class='ocrx_word' id='word_1_252' title='bbox 1226 2710 1460 2768; x_wconf 90' lang='lat' dir='ltr'><strong>Canticis</strong></span> <span class='ocrx_word' id='word_1_253' title='bbox 1502 2708 1833 2765; x_wconf 87' lang='lat' dir='ltr'><strong>canticorum</strong></span> <span class='ocrx_word' id='word_1_254' title='bbox 1872 2701 2083 2773; x_wconf 90' lang='lat' dir='ltr'><strong>eloqui-</strong></span> 
     </span>
    </p>
   </div>
   <div class='ocr_carea' id='block_1_44' title="bbox 484 2794 2079 2881">
    <p class='ocr_par' dir='ltr' id='par_1_44' title="bbox 484 2794 2079 2881">
     <span class='ocr_line' id='line_1_44' title="bbox 484 2794 2079 2881; baseline -0.011 -16"><span class='ocrx_word' id='word_1_255' title='bbox 484 2820 616 2865; x_wconf 86' lang='lat' dir='ltr'><strong>tur:</strong></span> <span class='ocrx_word' id='word_1_256' title='bbox 650 2803 954 2881; x_wconf 72' lang='lat' dir='ltr'><strong>Sex‘aginta,</strong></span> <span class='ocrx_word' id='word_1_257' title='bbox 1013 2806 1183 2877; x_wconf 90' lang='lat' dir='ltr'><strong>inquit</strong></span> <span class='ocrx_word' id='word_1_258' title='bbox 1238 2805 1347 2870; x_wconf 90' lang='lat' dir='ltr'><strong>ille,</strong></span> <span class='ocrx_word' id='word_1_259' title='bbox 1401 2804 1595 2875; x_wconf 72' lang='lat' dir='ltr'><strong>regina:</strong></span> <span class='ocrx_word' id='word_1_260' title='bbox 1644 2801 1816 2873; x_wconf 85' lang='lat' dir='ltr'><strong>(Cant.</strong></span> <span class='ocrx_word' id='word_1_261' title='bbox 1871 2814 1951 2862; x_wconf 78' lang='lat' dir='ltr'><strong>v1,</strong></span> <span class='ocrx_word' id='word_1_262' title='bbox 2001 2794 2079 2867; x_wconf 86' lang='lat'><strong>7),</strong></span> 
     </span>
    </p>
   </div>
   <div class='ocr_carea' id='block_1_45' title="bbox 485 2890 2085 2963">
    <p class='ocr_par' dir='ltr' id='par_1_45' title="bbox 485 2890 2085 2963">
     <span class='ocr_line' id='line_1_45' title="bbox 485 2890 2085 2963; baseline -0.009 -4"><span class='ocrx_word' id='word_1_263' title='bbox 485 2910 794 2960; x_wconf 88' lang='lat' dir='ltr'><strong>sanctorum</strong></span> <span class='ocrx_word' id='word_1_264' title='bbox 817 2899 1026 2956; x_wconf 88' lang='lat' dir='ltr'><strong>scilicet</strong></span> <span class='ocrx_word' id='word_1_265' title='bbox 1048 2898 1264 2963; x_wconf 63' lang='lat' dir='ltr'><strong>animae,</strong></span> <span class='ocrx_word' id='word_1_266' title='bbox 1290 2896 1413 2952; x_wconf 89' lang='lat' dir='ltr'><strong>ﬁdei</strong></span> <span class='ocrx_word' id='word_1_267' title='bbox 1434 2895 1653 2951; x_wconf 88' lang='lat' dir='ltr'><strong>vinculo</strong></span> <span class='ocrx_word' id='word_1_268' title='bbox 1682 2890 1879 2949; x_wconf 88' lang='lat' dir='ltr'><strong>Christi</strong></span> <span class='ocrx_word' id='word_1_269' title='bbox 1899 2902 2085 2945; x_wconf 88' lang='lat' dir='ltr'><strong>amore</strong></span> 
     </span>
    </p>
   </div>
   <div class='ocr_carea' id='block_1_46' title="bbox 483 2980 2082 3064">
    <p class='ocr_par' dir='ltr' id='par_1_46' title="bbox 483 2980 2082 3064">
     <span class='ocr_line' id='line_1_46' title="bbox 483 2980 2082 3064; baseline -0.01 -12"><span class='ocrx_word' id='word_1_270' title='bbox 483 3010 764 3059; x_wconf 64' lang='lat' dir='ltr'><strong>connexa,</strong></span> <span class='ocrx_word' id='word_1_271' title='bbox 812 2994 905 3064; x_wconf 91' lang='lat' dir='ltr'><strong>qui</strong></span> <span class='ocrx_word' id='word_1_272' title='bbox 945 2994 1072 3048; x_wconf 91' lang='lat' dir='ltr'><strong>dum</strong></span> <span class='ocrx_word' id='word_1_273' title='bbox 1120 2989 1452 3049; x_wconf 88' lang='lat' dir='ltr'><strong>Salvatori...</strong></span> <span class='ocrx_word' id='word_1_274' title='bbox 1501 2987 1669 3060; x_wconf 86' lang='lat' dir='ltr'><strong>(per)</strong></span> <span class='ocrx_word' id='word_1_275' title='bbox 1723 2980 2082 3041; x_wconf 89' lang='lat' dir='ltr'><strong>obedientiam</strong></span> 
     </span>
    </p>
   </div>
   <div class='ocr_carea' id='block_1_47' title="bbox 485 3082 2081 3161">
    <p class='ocr_par' dir='ltr' id='par_1_47' title="bbox 485 3082 2081 3161">
     <span class='ocr_line' id='line_1_47' title="bbox 485 3082 2081 3161; baseline -0.009 -15"><span class='ocrx_word' id='word_1_276' title='bbox 485 3091 845 3161; x_wconf 87' lang='lat' dir='ltr'><strong>capulantur,</strong></span> <span class='ocrx_word' id='word_1_277' title='bbox 926 3086 1079 3158; x_wconf 88' lang='lat' dir='ltr'><strong>quasi</strong></span> <span class='ocrx_word' id='word_1_278' title='bbox 1143 3082 1497 3158; x_wconf 86' lang='lat' dir='ltr'><strong>sexagenario</strong></span> <span class='ocrx_word' id='word_1_279' title='bbox 1566 3095 1792 3137; x_wconf 89' lang='lat' dir='ltr'><strong>numero</strong></span> <span class='ocrx_word' id='word_1_280' title='bbox 1860 3092 2081 3148; x_wconf 85' lang='lat' dir='ltr'><strong>compu-</strong></span> 
     </span>
    </p>
   </div>
   <div class='ocr_carea' id='block_1_48' title="bbox 486 3189 690 3237">
    <p class='ocr_par' dir='ltr' id='par_1_48' title="bbox 486 3189 690 3237">
     <span class='ocr_line' id='line_1_48' title="bbox 486 3189 690 3237; baseline -0.01 0"><span class='ocrx_word' id='word_1_281' title='bbox 486 3189 690 3237; x_wconf 82' lang='lat' dir='ltr'><strong>tantur.</strong></span> 
     </span>
    </p>
   </div>
   <div class='ocr_carea' id='block_1_49' title="bbox 567 3285 2087 3364">
    <p class='ocr_par' dir='ltr' id='par_1_49' title="bbox 567 3285 2087 3364">
     <span class='ocr_line' id='line_1_49' title="bbox 567 3285 2087 3364; baseline -0.006 -14"><span class='ocrx_word' id='word_1_282' title='bbox 567 3296 692 3350; x_wconf 82' lang='grc'><strong>107.</strong></span> <span class='ocrx_word' id='word_1_283' title='bbox 731 3293 796 3350; x_wconf 74' lang='lat' dir='ltr'><strong>Ili</strong></span> <span class='ocrx_word' id='word_1_284' title='bbox 826 3301 951 3350; x_wconf 89' lang='lat' dir='ltr'><strong>sunt</strong></span> <span class='ocrx_word' id='word_1_285' title='bbox 974 3292 1167 3364; x_wconf 91' lang='lat' dir='ltr'><strong>quibus</strong></span> <span class='ocrx_word' id='word_1_286' title='bbox 1212 3300 1268 3349; x_wconf 88' lang='lat' dir='ltr'><strong>et</strong></span> <span class='ocrx_word' id='word_1_287' title='bbox 1307 3291 1402 3348; x_wconf 91' lang='lat' dir='ltr'><strong>ille</strong></span> <span class='ocrx_word' id='word_1_288' title='bbox 1426 3292 1480 3348; x_wconf 92' lang='lat' dir='ltr'><strong>in</strong></span> <span class='ocrx_word' id='word_1_289' title='bbox 1505 3288 1792 3361; x_wconf 80' lang='lat' dir='ltr'><strong>Evangelia</strong></span> <span class='ocrx_word' id='word_1_290' title='bbox 1817 3285 2087 3358; x_wconf 83' lang='lat' dir='ltr'><strong>sexagesi-</strong></span> 
     </span>
    </p>
   </div>
   <div class='ocr_carea' id='block_1_50' title="bbox 494 3376 2083 3457">
    <p class='ocr_par' dir='ltr' id='par_1_50' title="bbox 494 3376 2083 3457">
     <span class='ocr_line' id='line_1_50' title="bbox 494 3376 2083 3457; baseline -0.008 -12"><span class='ocrx_word' id='word_1_291' title='bbox 494 3404 619 3445; x_wconf 89' lang='lat' dir='ltr'><strong>mus</strong></span> <span class='ocrx_word' id='word_1_292' title='bbox 647 3386 853 3444; x_wconf 83' lang='lat' dir='ltr'><strong>iructus</strong></span> <span class='ocrx_word' id='word_1_293' title='bbox 882 3386 1225 3457; x_wconf 90' lang='lat' dir='ltr'><strong>permittitur,</strong></span> <span class='ocrx_word' id='word_1_294' title='bbox 1246 3384 1339 3457; x_wconf 89' lang='lat' dir='ltr'><strong>qui</strong></span> <span class='ocrx_word' id='word_1_295' title='bbox 1358 3382 1552 3441; x_wconf 86' lang='lat' dir='ltr'><strong>divinis</strong></span> <span class='ocrx_word' id='word_1_296' title='bbox 1575 3380 1840 3439; x_wconf 87' lang='lat' dir='ltr'><strong>mandatis</strong></span> <span class='ocrx_word' id='word_1_297' title='bbox 1859 3376 2083 3451; x_wconf 80' lang='lat' dir='ltr'><strong>perfecti</strong></span> 
     </span>
    </p>
   </div>
   <div class='ocr_carea' id='block_1_51' title="bbox 495 3464 2081 3554">
    <p class='ocr_par' dir='ltr' id='par_1_51' title="bbox 495 3464 2081 3554">
     <span class='ocr_line' id='line_1_51' title="bbox 495 3464 2081 3554; baseline -0.008 -15"><span class='ocrx_word' id='word_1_298' title='bbox 495 3497 723 3554; x_wconf 88' lang='lat' dir='ltr'><strong>agonem</strong></span> <span class='ocrx_word' id='word_1_299' title='bbox 770 3479 1030 3537; x_wconf 85' lang='lat' dir='ltr'><strong>adversus</strong></span> <span class='ocrx_word' id='word_1_300' title='bbox 1092 3478 1270 3536; x_wconf 87' lang='lat' dir='ltr'><strong>carnis</strong></span> <span class='ocrx_word' id='word_1_301' title='bbox 1322 3464 2081 3547; x_wconf 86' lang='lat' dir='ltr'><strong>concupiscentiamgerunt;</strong></span> 
     </span>
    </p>
   </div>
   <div class='ocr_carea' id='block_1_52' title="bbox 495 3565 2085 3645">
    <p class='ocr_par' dir='ltr' id='par_1_52' title="bbox 495 3565 2085 3645">
     <span class='ocr_line' id='line_1_52' title="bbox 495 3565 2085 3645; baseline -0.008 -12"><span class='ocrx_word' id='word_1_302' title='bbox 495 3576 589 3633; x_wconf 89' lang='lat' dir='ltr'><strong>sed</strong></span> <span class='ocrx_word' id='word_1_303' title='bbox 616 3576 816 3633; x_wconf 89' lang='lat' dir='ltr'><strong>idcirco</strong></span> <span class='ocrx_word' id='word_1_304' title='bbox 845 3574 1254 3645; x_wconf 88' lang='lat' dir='ltr'><strong>sexagenarium</strong></span> <span class='ocrx_word' id='word_1_305' title='bbox 1298 3571 1604 3643; x_wconf 87' lang='lat' dir='ltr'><strong>percipiunt</strong></span> <span class='ocrx_word' id='word_1_306' title='bbox 1648 3568 1901 3633; x_wconf 81' lang='lat' dir='ltr'><strong>fructum,</strong></span> <span class='ocrx_word' id='word_1_307' title='bbox 1956 3565 2085 3637; x_wconf 88' lang='lat' dir='ltr'><strong>quia</strong></span> 
     </span>
    </p>
   </div>
   <div class='ocr_carea' id='block_1_53' title="bbox 499 3656 2081 3737">
    <p class='ocr_par' dir='ltr' id='par_1_53' title="bbox 499 3656 2081 3737">
     <span class='ocr_line' id='line_1_53' title="bbox 499 3656 2081 3737; baseline -0.007 -14"><span class='ocrx_word' id='word_1_308' title='bbox 499 3669 566 3723; x_wconf 90' lang='lat' dir='ltr'><strong>ad</strong></span> <span class='ocrx_word' id='word_1_309' title='bbox 612 3670 747 3723; x_wconf 81' lang='lat' dir='ltr'><strong>hanc</strong></span> <span class='ocrx_word' id='word_1_310' title='bbox 797 3681 967 3737; x_wconf 88' lang='lat' dir='ltr'><strong>usque</strong></span> <span class='ocrx_word' id='word_1_311' title='bbox 1017 3674 1229 3722; x_wconf 65' lang='lat' dir='ltr'><strong>aetatem</strong></span> <span class='ocrx_word' id='word_1_312' title='bbox 1275 3663 1583 3734; x_wconf 88' lang='lat' dir='ltr'><strong>congressio</strong></span> <span class='ocrx_word' id='word_1_313' title='bbox 1628 3660 1825 3717; x_wconf 83' lang='lat' dir='ltr'><strong>exaltat</strong></span> <span class='ocrx_word' id='word_1_314' title='bbox 1856 3656 2081 3731; x_wconf 86' lang='lat' dir='ltr'><strong>[Forte,</strong></span> 
     </span>
    </p>
   </div>
   <div class='ocr_carea' id='block_1_54' title="bbox 496 3749 2083 3831">
    <p class='ocr_par' dir='ltr' id='par_1_54' title="bbox 496 3749 2083 3831">
     <span class='ocr_line' id='line_1_54' title="bbox 496 3749 2083 3831; baseline -0.007 -16"><span class='ocrx_word' id='word_1_315' title='bbox 496 3758 752 3831; x_wconf 79' lang='lat' dir='ltr'><strong>exsultat]</strong></span> <span class='ocrx_word' id='word_1_316' title='bbox 783 3759 1083 3814; x_wconf 90' lang='lat' dir='ltr'><strong>libidinum.</strong></span> <span class='ocrx_word' id='word_1_317' title='bbox 1117 3757 1364 3825; x_wconf 87' lang='lat' dir='ltr'><strong>Quandiu</strong></span> <span class='ocrx_word' id='word_1_318' title='bbox 1396 3771 1524 3827; x_wconf 86' lang='lat' dir='ltr'><strong>ergo</strong></span> <span class='ocrx_word' id='word_1_319' title='bbox 1561 3764 1869 3817; x_wconf 87' lang='lat' dir='ltr'><strong>certamen,</strong></span> <span class='ocrx_word' id='word_1_320' title='bbox 1899 3749 2083 3807; x_wconf 86' lang='lat' dir='ltr'><strong>tandiu</strong></span> 
     </span>
    </p>
   </div>
   <div class='ocr_carea' id='block_1_55' title="bbox 500 3836 2087 3919">
    <p class='ocr_par' dir='ltr' id='par_1_55' title="bbox 500 3836 2087 3919">
     <span class='ocr_line' id='line_1_55' title="bbox 500 3836 2087 3919; baseline -0.007 -13"><span class='ocrx_word' id='word_1_321' title='bbox 500 3865 720 3906; x_wconf 88' lang='lat' dir='ltr'><strong>corona.</strong></span> <span class='ocrx_word' id='word_1_322' title='bbox 756 3849 888 3905; x_wconf 84' lang='lat' dir='ltr'><strong>Hinc</strong></span> <span class='ocrx_word' id='word_1_323' title='bbox 916 3848 1168 3919; x_wconf 88' lang='lat' dir='ltr'><strong>estquod</strong></span> <span class='ocrx_word' id='word_1_324' title='bbox 1214 3857 1270 3904; x_wconf 90' lang='lat' dir='ltr'><strong>et</strong></span> <span class='ocrx_word' id='word_1_325' title='bbox 1317 3836 1515 3903; x_wconf 87' lang='lat' dir='ltr'><strong>milites</strong></span> <span class='ocrx_word' id='word_1_326' title='bbox 1544 3848 1597 3901; x_wconf 90' lang='lat' dir='ltr'><strong>in</strong></span> <span class='ocrx_word' id='word_1_327' title='bbox 1621 3844 1781 3917; x_wconf 68' lang='grc'><strong>247</strong></span> <span class='ocrx_word' id='word_1_328' title='bbox 1814 3842 2087 3912; x_wconf 87' lang='lat' dir='ltr'><strong>procinctu</strong></span> 
     </span>
    </p>
   </div>
   <div class='ocr_carea' id='block_1_56' title="bbox 500 3934 2088 4015">
    <p class='ocr_par' dir='ltr' id='par_1_56' title="bbox 500 3934 2088 4015">
     <span class='ocr_line' id='line_1_56' title="bbox 500 3934 2088 4015; baseline -0.006 -16"><span class='ocrx_word' id='word_1_329' title='bbox 500 3945 659 4015; x_wconf 88' lang='lat' dir='ltr'><strong>positi</strong></span> <span class='ocrx_word' id='word_1_330' title='bbox 711 3951 832 4015; x_wconf 90' lang='lat' dir='ltr'><strong>post</strong></span> <span class='ocrx_word' id='word_1_331' title='bbox 872 3941 1262 4013; x_wconf 84' lang='lat' dir='ltr'><strong>sexagesimum</strong></span> <span class='ocrx_word' id='word_1_332' title='bbox 1311 3954 1509 3995; x_wconf 90' lang='lat' dir='ltr'><strong>annum</strong></span> <span class='ocrx_word' id='word_1_333' title='bbox 1546 3935 1927 3993; x_wconf 88' lang='lat' dir='ltr'><strong>certaminibus</strong></span> <span class='ocrx_word' id='word_1_334' title='bbox 1969 3934 2088 3990; x_wconf 87' lang='lat' dir='ltr'><strong>bel-</strong></span> 
     </span>
    </p>
   </div>
   <div class='ocr_carea' id='block_1_57' title="bbox 498 4035 1779 4111">
    <p class='ocr_par' dir='ltr' id='par_1_57' title="bbox 498 4035 1779 4111">
     <span class='ocr_line' id='line_1_57' title="bbox 498 4035 1779 4111; baseline -0.006 -17"><span class='ocrx_word' id='word_1_335' title='bbox 498 4038 1052 4111; x_wconf 88' lang='lat' dir='ltr'><strong>licis_sublrahuntur,</strong></span> <span class='ocrx_word' id='word_1_336' title='bbox 1084 4046 1135 4093; x_wconf 91' lang='lat' dir='ltr'><strong>et</strong></span> <span class='ocrx_word' id='word_1_337' title='bbox 1158 4036 1212 4092; x_wconf 92' lang='lat' dir='ltr'><strong>in</strong></span> <span class='ocrx_word' id='word_1_338' title='bbox 1235 4035 1343 4092; x_wconf 92' lang='lat' dir='ltr'><strong>otio</strong></span> <span class='ocrx_word' id='word_1_339' title='bbox 1363 4040 1779 4091; x_wconf 88' lang='lat' dir='ltr'><strong>consenescunt.</strong></span> 
     </span>
    </p>
   </div>
   <div class='ocr_carea' id='block_1_58' title="bbox 576 4227 1956 4305">
    <p class='ocr_par' dir='ltr' id='par_1_58' title="bbox 576 4227 1956 4305">
     <span class='ocr_line' id='line_1_58' title="bbox 576 4227 1956 4305; baseline -0.012 -10"><span class='ocrx_word' id='word_1_340' title='bbox 576 4235 698 4295; x_wconf 78' lang='grc'><strong>105.</strong></span> <span class='ocrx_word' id='word_1_341' title='bbox 740 4235 799 4291; x_wconf 90' lang='lat' dir='ltr'><strong>In</strong></span> <span class='ocrx_word' id='word_1_342' title='bbox 825 4234 1047 4305; x_wconf 88' lang='lat' dir='ltr'><strong>Vulgata</strong></span> <span class='ocrx_word' id='word_1_343' title='bbox 1081 4232 1356 4305; x_wconf 83' lang='lat' dir='ltr'><strong>:Charitas</strong></span> <span class='ocrx_word' id='word_1_344' title='bbox 1387 4230 1491 4305; x_wconf 83' lang='lat' dir='ltr'><strong>Dei</strong></span> <span class='ocrx_word' id='word_1_345' title='bbox 1510 4227 1701 4297; x_wconf 72' lang='lat' dir='ltr'><strong>diﬂ’usa</strong></span> <span class='ocrx_word' id='word_1_346' title='bbox 1724 4234 1820 4305; x_wconf 69' lang='lat' dir='ltr'><strong>est,</strong></span> <span class='ocrx_word' id='word_1_347' title='bbox 1851 4234 1956 4281; x_wconf 88' lang='lat' dir='ltr'><strong>etc.</strong></span> 
     </span>
    </p>
   </div>
   <div class='ocr_carea' id='block_1_59' title="bbox 579 4298 2095 4375">
    <p class='ocr_par' dir='ltr' id='par_1_59' title="bbox 579 4298 2095 4375">
     <span class='ocr_line' id='line_1_59' title="bbox 579 4298 2095 4375; baseline -0.009 -12"><span class='ocrx_word' id='word_1_348' title='bbox 579 4306 700 4363; x_wconf 91' lang='grc'><strong>106.</strong></span> <span class='ocrx_word' id='word_1_349' title='bbox 741 4308 796 4362; x_wconf 82' lang='grc' dir='ltr'><strong>1η</strong></span> <span class='ocrx_word' id='word_1_350' title='bbox 819 4298 1059 4362; x_wconf 63' lang='grc' dir='ltr'><strong>Με.ἐι·ει</strong></span> <span class='ocrx_word' id='word_1_351' title='bbox 1084 4306 1191 4359; x_wconf 72' lang='lat' dir='ltr'><strong>illa:</strong></span> <span class='ocrx_word' id='word_1_352' title='bbox 1213 4304 1419 4375; x_wconf 77' lang='lat' dir='ltr'><strong>reginae.</strong></span> <span class='ocrx_word' id='word_1_353' title='bbox 1480 4302 1535 4355; x_wconf 87' lang='lat' dir='ltr'><strong>In</strong></span> <span class='ocrx_word' id='word_1_354' title='bbox 1562 4314 1719 4375; x_wconf 80' lang='lat' dir='ltr'><strong>parva</strong></span> <span class='ocrx_word' id='word_1_355' title='bbox 1753 4298 2095 4375; x_wconf 39' lang='lat' dir='ltr'><strong>lacuna-sup-</strong></span> 
     </span>
    </p>
   </div>
   <div class='ocr_carea' id='block_1_60' title="bbox 504 4367 2094 4508">
    <p class='ocr_par' dir='ltr' id='par_1_60' title="bbox 504 4367 2094 4508">
     <span class='ocr_line' id='line_1_60' title="bbox 504 4367 2094 4508; baseline -0.008 -73"><span class='ocrx_word' id='word_1_356' title='bbox 504 4381 650 4508; x_wconf 51' lang='grc' dir='ltr'><strong>Βιθνὶ</strong></span> <span class='ocrx_word' id='word_1_357' title='bbox 682 4394 792 4448; x_wconf 89' lang='lat' dir='ltr'><strong>per,</strong></span> <span class='ocrx_word' id='word_1_358' title='bbox 821 4387 880 4432; x_wconf 92' lang='lat' dir='ltr'><strong>ut</strong></span> <span class='ocrx_word' id='word_1_359' title='bbox 899 4393 1116 4433; x_wconf 89' lang='lat' dir='ltr'><strong>sensum</strong></span> <span class='ocrx_word' id='word_1_360' title='bbox 1150 4367 1449 4441; x_wconf 76' lang='lat' dir='ltr'><strong>redderem,</strong></span> <span class='ocrx_word' id='word_1_361' title='bbox 1484 4383 1539 4428; x_wconf 88' lang='lat' dir='ltr'><strong>et</strong></span> <span class='ocrx_word' id='word_1_362' title='bbox 1564 4367 1794 4427; x_wconf 64' lang='lat' dir='ltr'><strong>fortasse</strong></span> <span class='ocrx_word' id='word_1_363' title='bbox 1819 4367 1964 4423; x_wconf 92' lang='lat' dir='ltr'><strong>aliud</strong></span> <span class='ocrx_word' id='word_1_364' title='bbox 1988 4383 2094 4422; x_wconf 93' lang='lat' dir='ltr'><strong>non</strong></span> 
     </span>
     <span class='ocr_line' id='line_1_61' title="bbox 542 4450 1176 4508; baseline -0.008 0"><span class='ocrx_word' id='word_1_365' title='bbox 542 4462 679 4508; x_wconf 83' lang='lat' dir='ltr'><strong>eest.</strong></span> <span class='ocrx_word' id='word_1_366' title='bbox 710 4450 810 4503; x_wconf 68' lang='lat' dir='ltr'><strong>niSi</strong></span> <span class='ocrx_word' id='word_1_367' title='bbox 839 4465 928 4508; x_wconf 76' lang='lat' dir='ltr'><strong>per</strong></span> <span class='ocrx_word' id='word_1_368' title='bbox 955 4450 1176 4508; x_wconf 81' lang='lat' dir='ltr'><strong>ﬁdelem.</strong></span> 
     </span>
    </p>
   </div>
   <div class='ocr_carea' id='block_1_61' title="bbox 542 4450 1176 4519">
    <p class='ocr_par' dir='ltr' id='par_1_61' title="bbox 542 4450 1176 4519">
     <span class='ocr_line' id='line_1_62' title="bbox 542 4450 1176 4519; baseline -0.008 -11"><span class='ocrx_word' id='word_1_369' title='bbox 542 4462 679 4519; x_wconf 83' lang='lat' dir='ltr'><strong>eest,</strong></span> <span class='ocrx_word' id='word_1_370' title='bbox 710 4450 810 4519; x_wconf 68' lang='lat' dir='ltr'><strong>niSi</strong></span> <span class='ocrx_word' id='word_1_371' title='bbox 839 4465 928 4518; x_wconf 89' lang='lat' dir='ltr'><strong>per</strong></span> <span class='ocrx_word' id='word_1_372' title='bbox 953 4450 1176 4519; x_wconf 82' lang='lat' dir='ltr'><strong>ﬁdelem.</strong></span> 
     </span>
    </p>
   </div>
   <div class='ocr_carea' id='block_1_62' title="bbox 580 4510 2097 4590">
    <p class='ocr_par' dir='ltr' id='par_1_62' title="bbox 580 4510 2097 4590">
     <span class='ocr_line' id='line_1_63' title="bbox 580 4510 2097 4590; baseline -0.007 -15"><span class='ocrx_word' id='word_1_373' title='bbox 580 4510 707 4576; x_wconf 67' lang='lat'><strong>108:</strong></span> <span class='ocrx_word' id='word_1_374' title='bbox 731 4510 1052 4590; x_wconf 70' lang='lat' dir='ltr'><strong>Corrupium</strong></span> <span class='ocrx_word' id='word_1_375' title='bbox 1093 4519 1305 4573; x_wconf 78' lang='lat' dir='ltr'><strong>videtur</strong></span> <span class='ocrx_word' id='word_1_376' title='bbox 1326 4519 1459 4571; x_wconf 86' lang='lat' dir='ltr'><strong>assei</strong></span> <span class='ocrx_word' id='word_1_377' title='bbox 1481 4515 1845 4590; x_wconf 78' lang='lat' dir='ltr'><strong>quadraginta,</strong></span> <span class='ocrx_word' id='word_1_378' title='bbox 1876 4511 1953 4590; x_wconf 78' lang='lat' dir='ltr'><strong>bis</strong></span> <span class='ocrx_word' id='word_1_379' title='bbox 1978 4510 2097 4564; x_wconf 87' lang='lat' dir='ltr'><strong>deni</strong></span> 
     </span>
    </p>
   </div>
   <div class='ocr_carea' id='block_1_63' title="bbox 507 4584 2099 4663">
    <p class='ocr_par' dir='ltr' id='par_1_63' title="bbox 507 4584 2099 4663">
     <span class='ocr_line' id='line_1_64' title="bbox 507 4584 2099 4663; baseline -0.004 -20"><span class='ocrx_word' id='word_1_380' title='bbox 507 4592 869 4663; x_wconf 79' lang='lat' dir='ltr'><strong>quadraginta.</strong></span> <span class='ocrx_word' id='word_1_381' title='bbox 908 4584 1026 4646; x_wconf 56' lang='lat' dir='ltr'><strong>&#39;Pra</strong></span> <span class='ocrx_word' id='word_1_382' title='bbox 1072 4591 1264 4663; x_wconf 90' lang='lat' dir='ltr'><strong>quibus</strong></span> <span class='ocrx_word' id='word_1_383' title='bbox 1299 4584 1635 4644; x_wconf 79' lang='lat' dir='ltr'><strong>verbisth</strong></span> <span class='ocrx_word' id='word_1_384' title='bbox 1685 4595 1888 4640; x_wconf 87' lang='lat' dir='ltr'><strong>tantum</strong></span> <span class='ocrx_word' id='word_1_385' title='bbox 1921 4584 2099 4652; x_wconf 85' lang='lat' dir='ltr'><strong>legere</strong></span> 
     </span>
    </p>
   </div>
   <div class='ocr_carea' id='block_1_64' title="bbox 512 4662 1483 4732">
    <p class='ocr_par' dir='ltr' id='par_1_64' title="bbox 512 4662 1483 4732">
     <span class='ocr_line' id='line_1_65' title="bbox 512 4662 1483 4732; baseline -0.003 -17"><span class='ocrx_word' id='word_1_386' title='bbox 512 4662 808 4732; x_wconf 65' lang='lat' dir='ltr'><strong>praestaret,</strong></span> <span class='ocrx_word' id='word_1_387' title='bbox 841 4662 916 4716; x_wconf 89' lang='lat' dir='ltr'><strong>bis</strong></span> <span class='ocrx_word' id='word_1_388' title='bbox 939 4663 1099 4715; x_wconf 85' lang='lat' dir='ltr'><strong>viceni</strong></span> <span class='ocrx_word' id='word_1_389' title='bbox 1123 4662 1483 4730; x_wconf 83' lang='lat' dir='ltr'><strong>quadraginta.</strong></span> 
     </span>
    </p>
   </div>
   <div class='ocr_carea' id='block_1_65' title="bbox 585 4726 1633 4801">
    <p class='ocr_par' dir='ltr' id='par_1_65' title="bbox 585 4726 1633 4801">
     <span class='ocr_line' id='line_1_66' title="bbox 585 4726 1633 4801; baseline 0 -18"><span class='ocrx_word' id='word_1_390' title='bbox 585 4726 707 4787; x_wconf 82' lang='grc'><strong>109.</strong></span> <span class='ocrx_word' id='word_1_391' title='bbox 751 4726 931 4798; x_wconf 82' lang='lat' dir='ltr'><strong>Forte,</strong></span> <span class='ocrx_word' id='word_1_392' title='bbox 954 4735 1040 4801; x_wconf 86' lang='lat' dir='ltr'><strong>qui</strong></span> <span class='ocrx_word' id='word_1_393' title='bbox 1065 4749 1097 4785; x_wconf 93' lang='lat' dir='ltr'><strong>a</strong></span> <span class='ocrx_word' id='word_1_394' title='bbox 1121 4726 1226 4787; x_wconf 81' lang='lat' dir='ltr'><strong>Deo</strong></span> <span class='ocrx_word' id='word_1_395' title='bbox 1252 4732 1304 4783; x_wconf 90' lang='lat' dir='ltr'><strong>in</strong></span> <span class='ocrx_word' id='word_1_396' title='bbox 1323 4726 1500 4795; x_wconf 61' lang='lat' dir='ltr'><strong>uitam,</strong></span> <span class='ocrx_word' id='word_1_397' title='bbox 1530 4738 1633 4785; x_wconf 87' lang='lat' dir='ltr'><strong>etc.</strong></span> 
     </span>
    </p>
   </div>
   <div class='ocr_carea' id='block_1_66' title="bbox 585 4795 2096 4873">
    <p class='ocr_par' dir='ltr' id='par_1_66' title="bbox 585 4795 2096 4873">
     <span class='ocr_line' id='line_1_67' title="bbox 585 4795 2096 4873; baseline -0.005 -17"><span class='ocrx_word' id='word_1_398' title='bbox 585 4802 708 4857; x_wconf 81' lang='grc'><strong>110.</strong></span> <span class='ocrx_word' id='word_1_399' title='bbox 752 4795 926 4858; x_wconf 80' lang='lat' dir='ltr'><strong>Verba</strong></span> <span class='ocrx_word' id='word_1_400' title='bbox 954 4795 1137 4873; x_wconf 84' lang='lat' dir='ltr'><strong>psalmi</strong></span> <span class='ocrx_word' id='word_1_401' title='bbox 1166 4807 1215 4856; x_wconf 90' lang='lat' dir='ltr'><strong>in</strong></span> <span class='ocrx_word' id='word_1_402' title='bbox 1248 4802 1467 4871; x_wconf 80' lang='lat' dir='ltr'><strong>Vulgata</strong></span> <span class='ocrx_word' id='word_1_403' title='bbox 1499 4802 1613 4854; x_wconf 75' lang='lat' dir='ltr'><strong>haec</strong></span> <span class='ocrx_word' id='word_1_404' title='bbox 1642 4807 1764 4856; x_wconf 88' lang='lat' dir='ltr'><strong>sunt</strong></span> <span class='ocrx_word' id='word_1_405' title='bbox 1801 4799 1953 4873; x_wconf 73' lang='lat' dir='ltr'><strong>initio</strong></span> <span class='ocrx_word' id='word_1_406' title='bbox 1983 4814 1996 4850; x_wconf 91' lang='lat'><strong>:</strong></span> <span class='ocrx_word' id='word_1_407' title='bbox 2032 4795 2096 4850; x_wconf 90' lang='lat' dir='ltr'><strong>In</strong></span> 
     </span>
    </p>
   </div>
   <div class='ocr_carea' id='block_1_67' title="bbox 512 4870 2099 4945">
    <p class='ocr_par' dir='ltr' id='par_1_67' title="bbox 512 4870 2099 4945">
     <span class='ocr_line' id='line_1_68' title="bbox 512 4870 2099 4945; baseline -0.001 -19"><span class='ocrx_word' id='word_1_408' title='bbox 512 4872 596 4927; x_wconf 86' lang='lat' dir='ltr'><strong>dic</strong></span> <span class='ocrx_word' id='word_1_409' title='bbox 620 4889 721 4945; x_wconf 87' lang='lat' dir='ltr'><strong>qua</strong></span> <span class='ocrx_word' id='word_1_410' title='bbox 748 4876 932 4943; x_wconf 80' lang='lat' dir='ltr'><strong>eripuit</strong></span> <span class='ocrx_word' id='word_1_411' title='bbox 954 4870 1086 4930; x_wconf 78' lang='lat' dir='ltr'><strong>eum</strong></span> <span class='ocrx_word' id='word_1_412' title='bbox 1132 4870 1382 4930; x_wconf 86' lang='lat' dir='ltr'><strong>Dominus</strong></span> <span class='ocrx_word' id='word_1_413' title='bbox 1410 4873 1473 4928; x_wconf 88' lang='lat' dir='ltr'><strong>de</strong></span> <span class='ocrx_word' id='word_1_414' title='bbox 1516 4887 1693 4938; x_wconf 88' lang='lat' dir='ltr'><strong>manu,</strong></span> <span class='ocrx_word' id='word_1_415' title='bbox 1722 4880 1828 4928; x_wconf 86' lang='lat' dir='ltr'><strong>etc.</strong></span> <span class='ocrx_word' id='word_1_416' title='bbox 1864 4870 1965 4927; x_wconf 87' lang='lat' dir='ltr'><strong>Pro</strong></span> <span class='ocrx_word' id='word_1_417' title='bbox 2012 4884 2099 4924; x_wconf 86' lang='lat' dir='ltr'><strong>ca-</strong></span> 
     </span>
    </p>
   </div>
   <div class='ocr_carea' id='block_1_68' title="bbox 2180 1919 3775 2000">
    <p class='ocr_par' dir='ltr' id='par_1_68' title="bbox 2180 1919 3775 2000">
     <span class='ocr_line' id='line_1_69' title="bbox 2180 1919 3775 2000; baseline -0.008 -14"><span class='ocrx_word' id='word_1_418' title='bbox 2180 1940 2327 2000; x_wconf 91' lang='lat' dir='ltr'><strong>sunt,</strong></span> <span class='ocrx_word' id='word_1_419' title='bbox 2370 1930 2458 1999; x_wconf 89' lang='lat' dir='ltr'><strong>qui</strong></span> <span class='ocrx_word' id='word_1_420' title='bbox 2516 1937 2672 1984; x_wconf 87' lang='lat' dir='ltr'><strong>erant</strong></span> <span class='ocrx_word' id='word_1_421' title='bbox 2701 1924 2942 1996; x_wconf 90' lang='lat' dir='ltr'><strong>pondere</strong></span> <span class='ocrx_word' id='word_1_422' title='bbox 2989 1922 3187 1993; x_wconf 89' lang='lat' dir='ltr'><strong>magni,</strong></span> <span class='ocrx_word' id='word_1_423' title='bbox 3224 1921 3275 1977; x_wconf 90' lang='lat' dir='ltr'><strong>id</strong></span> <span class='ocrx_word' id='word_1_424' title='bbox 3328 1931 3430 1987; x_wconf 88' lang='lat' dir='ltr'><strong>est,</strong></span> <span class='ocrx_word' id='word_1_425' title='bbox 3478 1919 3681 1975; x_wconf 85' lang='lat' dir='ltr'><strong>actibus</strong></span> <span class='ocrx_word' id='word_1_426' title='bbox 3719 1926 3775 1974; x_wconf 87' lang='lat' dir='ltr'><strong>et</strong></span> 
     </span>
    </p>
   </div>
   <div class='ocr_carea' id='block_1_69' title="bbox 2178 2010 3774 2092">
    <p class='ocr_par' dir='ltr' id='par_1_69' title="bbox 2178 2010 3774 2092">
     <span class='ocr_line' id='line_1_70' title="bbox 2178 2010 3774 2092; baseline -0.008 -15"><span class='ocrx_word' id='word_1_427' title='bbox 2178 2024 2287 2079; x_wconf 86' lang='lat' dir='ltr'><strong>vita</strong></span> <span class='ocrx_word' id='word_1_428' title='bbox 2322 2021 2589 2092; x_wconf 86' lang='lat' dir='ltr'><strong>praeclari.</strong></span> <span class='ocrx_word' id='word_1_429' title='bbox 2641 2020 2915 2090; x_wconf 86' lang='lat' dir='ltr'><strong>Septimus</strong></span> <span class='ocrx_word' id='word_1_430' title='bbox 2963 2017 3207 2073; x_wconf 88' lang='lat' dir='ltr'><strong>decimus</strong></span> <span class='ocrx_word' id='word_1_431' title='bbox 3233 2030 3362 2070; x_wconf 84' lang='lat' dir='ltr'><strong>vero</strong></span> <span class='ocrx_word' id='word_1_432' title='bbox 3412 2028 3663 2067; x_wconf 92' lang='lat' dir='ltr'><strong>numerus</strong></span> <span class='ocrx_word' id='word_1_433' title='bbox 3693 2010 3774 2065; x_wconf 86' lang='lat' dir='ltr'><strong>in-</strong></span> 
     </span>
    </p>
   </div>
   <div class='ocr_carea' id='block_1_70' title="bbox 2180 2106 3775 2189">
    <p class='ocr_par' dir='ltr' id='par_1_70' title="bbox 2180 2106 3775 2189">
     <span class='ocr_line' id='line_1_71' title="bbox 2180 2106 3775 2189; baseline -0.008 -16"><span class='ocrx_word' id='word_1_434' title='bbox 2180 2117 2313 2189; x_wconf 88' lang='lat' dir='ltr'><strong>cipit</strong></span> <span class='ocrx_word' id='word_1_435' title='bbox 2357 2117 2425 2172; x_wconf 91' lang='lat' dir='ltr'><strong>ab</strong></span> <span class='ocrx_word' id='word_1_436' title='bbox 2466 2129 2595 2183; x_wconf 90' lang='lat' dir='ltr'><strong>uno,</strong></span> <span class='ocrx_word' id='word_1_437' title='bbox 2641 2123 2698 2171; x_wconf 92' lang='lat' dir='ltr'><strong>et</strong></span> <span class='ocrx_word' id='word_1_438' title='bbox 2738 2112 2982 2184; x_wconf 84' lang='lat' dir='ltr'><strong>pervenit</strong></span> <span class='ocrx_word' id='word_1_439' title='bbox 3012 2125 3179 2181; x_wconf 91' lang='lat' dir='ltr'><strong>usque</strong></span> <span class='ocrx_word' id='word_1_440' title='bbox 3205 2111 3271 2164; x_wconf 93' lang='lat' dir='ltr'><strong>ad</strong></span> <span class='ocrx_word' id='word_1_441' title='bbox 3302 2125 3332 2163; x_wconf 88' lang='lat' dir='ltr'><strong>x</strong></span> <span class='ocrx_word' id='word_1_442' title='bbox 3357 2118 3410 2163; x_wconf 83' lang='lat' dir='ltr'><strong>et</strong></span> <span class='ocrx_word' id='word_1_443' title='bbox 3437 2123 3533 2171; x_wconf 85' lang='lat' dir='ltr'><strong>vn,</strong></span> <span class='ocrx_word' id='word_1_444' title='bbox 3564 2115 3618 2162; x_wconf 91' lang='lat' dir='ltr'><strong>et</strong></span> <span class='ocrx_word' id='word_1_445' title='bbox 3648 2106 3775 2161; x_wconf 76' lang='lat' dir='ltr'><strong>facit</strong></span> 
     </span>
    </p>
   </div>
   <div class='ocr_carea' id='block_1_71' title="bbox 2180 2199 3775 2273">
    <p class='ocr_par' dir='ltr' id='par_1_71' title="bbox 2180 2199 3775 2273">
     <span class='ocr_line' id='line_1_72' title="bbox 2180 2199 3775 2273; baseline -0.009 -7"><span class='ocrx_word' id='word_1_446' title='bbox 2180 2208 2401 2266; x_wconf 90' lang='lat' dir='ltr'><strong>eosdem</strong></span> <span class='ocrx_word' id='word_1_447' title='bbox 2431 2223 2582 2264; x_wconf 84' lang='lat' dir='ltr'><strong>cun.</strong></span> <span class='ocrx_word' id='word_1_448' title='bbox 2635 2206 2770 2262; x_wconf 89' lang='lat' dir='ltr'><strong>Tres</strong></span> <span class='ocrx_word' id='word_1_449' title='bbox 2810 2213 2991 2261; x_wconf 90' lang='lat' dir='ltr'><strong>autem</strong></span> <span class='ocrx_word' id='word_1_450' title='bbox 3040 2201 3131 2273; x_wconf 92' lang='lat' dir='ltr'><strong>qui</strong></span> <span class='ocrx_word' id='word_1_451' title='bbox 3180 2201 3466 2266; x_wconf 90' lang='lat' dir='ltr'><strong>adduntur,</strong></span> <span class='ocrx_word' id='word_1_452' title='bbox 3515 2199 3614 2270; x_wconf 90' lang='lat' dir='ltr'><strong>ipsi</strong></span> <span class='ocrx_word' id='word_1_453' title='bbox 3651 2207 3775 2253; x_wconf 87' lang='lat' dir='ltr'><strong>ante</strong></span> 
     </span>
    </p>
   </div>
   <div class='ocr_carea' id='block_1_72' title="bbox 2183 2297 3081 2372">
    <p class='ocr_par' dir='ltr' id='par_1_72' title="bbox 2183 2297 3081 2372">
     <span class='ocr_line' id='line_1_73' title="bbox 2183 2297 3081 2372; baseline -0.007 -15"><span class='ocrx_word' id='word_1_454' title='bbox 2183 2304 2377 2372; x_wconf 89' lang='lat' dir='ltr'><strong>legem,</strong></span> <span class='ocrx_word' id='word_1_455' title='bbox 2407 2299 2507 2355; x_wconf 89' lang='lat' dir='ltr'><strong>sub</strong></span> <span class='ocrx_word' id='word_1_456' title='bbox 2537 2299 2655 2370; x_wconf 90' lang='lat' dir='ltr'><strong>lege</strong></span> <span class='ocrx_word' id='word_1_457' title='bbox 2682 2306 2737 2354; x_wconf 90' lang='lat' dir='ltr'><strong>et</strong></span> <span class='ocrx_word' id='word_1_458' title='bbox 2763 2297 2864 2354; x_wconf 92' lang='lat' dir='ltr'><strong>sub</strong></span> <span class='ocrx_word' id='word_1_459' title='bbox 2893 2297 3081 2368; x_wconf 89' lang='lat' dir='ltr'><strong>gratia.</strong></span> 
     </span>
    </p>
   </div>
   <div class='ocr_carea' id='block_1_73' title="bbox 2255 2384 3770 2460">
    <p class='ocr_par' dir='ltr' id='par_1_73' title="bbox 2255 2384 3770 2460">
     <span class='ocr_line' id='line_1_74' title="bbox 2255 2384 3770 2460; baseline -0.007 -14"><span class='ocrx_word' id='word_1_460' title='bbox 2255 2390 2378 2446; x_wconf 88' lang='grc'><strong>110.</strong></span> <span class='ocrx_word' id='word_1_461' title='bbox 2423 2390 2549 2446; x_wconf 90' lang='lat' dir='ltr'><strong>Ideo</strong></span> <span class='ocrx_word' id='word_1_462' title='bbox 2591 2391 2644 2445; x_wconf 93' lang='lat' dir='ltr'><strong>in</strong></span> <span class='ocrx_word' id='word_1_463' title='bbox 2691 2389 2900 2460; x_wconf 88' lang='lat' dir='ltr'><strong>psalmo</strong></span> <span class='ocrx_word' id='word_1_464' title='bbox 2927 2388 3153 2459; x_wconf 89' lang='lat' dir='ltr'><strong>septimo</strong></span> <span class='ocrx_word' id='word_1_465' title='bbox 3193 2386 3402 2443; x_wconf 91' lang='lat' dir='ltr'><strong>decimo</strong></span> <span class='ocrx_word' id='word_1_466' title='bbox 3430 2386 3511 2442; x_wconf 91' lang='lat' dir='ltr'><strong>sic</strong></span> <span class='ocrx_word' id='word_1_467' title='bbox 3541 2384 3770 2439; x_wconf 88' lang='lat' dir='ltr'><strong>dicitur:</strong></span> 
     </span>
    </p>
   </div>
   <div class='ocr_carea' id='block_1_74' title="bbox 2182 2478 3771 2553">
    <p class='ocr_par' dir='ltr' id='par_1_74' title="bbox 2182 2478 3771 2553">
     <span class='ocr_line' id='line_1_75' title="bbox 2182 2478 3771 2553; baseline -0.007 -12"><span class='ocrx_word' id='word_1_468' title='bbox 2182 2488 2312 2544; x_wconf 87' lang='lat' dir='ltr'><strong>Cum</strong></span> <span class='ocrx_word' id='word_1_469' title='bbox 2338 2484 2520 2553; x_wconf 79' lang='lat' dir='ltr'><strong>eripiet</strong></span> <span class='ocrx_word' id='word_1_470' title='bbox 2548 2498 2664 2538; x_wconf 82' lang='lat' dir='ltr'><strong>eum</strong></span> <span class='ocrx_word' id='word_1_471' title='bbox 2714 2482 2777 2536; x_wconf 87' lang='lat' dir='ltr'><strong>de</strong></span> <span class='ocrx_word' id='word_1_472' title='bbox 2817 2498 2974 2536; x_wconf 88' lang='lat' dir='ltr'><strong>manu</strong></span> <span class='ocrx_word' id='word_1_473' title='bbox 3012 2482 3238 2536; x_wconf 88' lang='lat' dir='ltr'><strong>omnium</strong></span> <span class='ocrx_word' id='word_1_474' title='bbox 3287 2479 3610 2534; x_wconf 87' lang='lat' dir='ltr'><strong>inimicorum</strong></span> <span class='ocrx_word' id='word_1_475' title='bbox 3637 2478 3771 2548; x_wconf 83' lang='lat' dir='ltr'><strong>ejus,</strong></span> 
     </span>
    </p>
   </div>
   <div class='ocr_carea' id='block_1_75' title="bbox 2183 2566 3774 2643">
    <p class='ocr_par' dir='ltr' id='par_1_75' title="bbox 2183 2566 3774 2643">
     <span class='ocr_line' id='line_1_76' title="bbox 2183 2566 3774 2643; baseline -0.009 -6"><span class='ocrx_word' id='word_1_476' title='bbox 2183 2586 2239 2637; x_wconf 91' lang='lat' dir='ltr'><strong>et</strong></span> <span class='ocrx_word' id='word_1_477' title='bbox 2260 2580 2330 2636; x_wconf 90' lang='lat' dir='ltr'><strong>de</strong></span> <span class='ocrx_word' id='word_1_478' title='bbox 2351 2594 2511 2635; x_wconf 91' lang='lat' dir='ltr'><strong>manu</strong></span> <span class='ocrx_word' id='word_1_479' title='bbox 2541 2575 2740 2640; x_wconf 89' lang='lat' dir='ltr'><strong>Saulis,</strong></span> <span class='ocrx_word' id='word_1_480' title='bbox 2771 2582 2831 2629; x_wconf 93' lang='lat' dir='ltr'><strong>ut</strong></span> <span class='ocrx_word' id='word_1_481' title='bbox 2854 2573 3227 2630; x_wconf 88' lang='lat' dir='ltr'><strong>ostenderetur</strong></span> <span class='ocrx_word' id='word_1_482' title='bbox 3268 2571 3378 2643; x_wconf 83' lang='lat' dir='ltr'><strong>jam</strong></span> <span class='ocrx_word' id='word_1_483' title='bbox 3410 2571 3477 2625; x_wconf 89' lang='lat' dir='ltr'><strong>ab</strong></span> <span class='ocrx_word' id='word_1_484' title='bbox 3526 2566 3774 2624; x_wconf 92' lang='lat' dir='ltr'><strong>omnibus</strong></span> 
     </span>
    </p>
   </div>
   <div class='ocr_carea' id='block_1_76' title="bbox 2187 2663 3779 2743">
    <p class='ocr_par' dir='ltr' id='par_1_76' title="bbox 2187 2663 3779 2743">
     <span class='ocr_line' id='line_1_77' title="bbox 2187 2663 3779 2743; baseline -0.011 -11"><span class='ocrx_word' id='word_1_485' title='bbox 2187 2674 2576 2733; x_wconf 90' lang='lat' dir='ltr'><strong>tentationibus</strong></span> <span class='ocrx_word' id='word_1_486' title='bbox 2623 2670 2907 2743; x_wconf 67' lang='lat' dir='ltr'><strong>praesentis</strong></span> <span class='ocrx_word' id='word_1_487' title='bbox 2953 2670 3079 2724; x_wconf 83' lang='lat' dir='ltr'><strong>vitae</strong></span> <span class='ocrx_word' id='word_1_488' title='bbox 3105 2665 3363 2732; x_wconf 87' lang='lat' dir='ltr'><strong>caruisse,</strong></span> <span class='ocrx_word' id='word_1_489' title='bbox 3395 2674 3450 2721; x_wconf 91' lang='lat' dir='ltr'><strong>et</strong></span> <span class='ocrx_word' id='word_1_490' title='bbox 3480 2666 3532 2720; x_wconf 91' lang='lat' dir='ltr'><strong>in</strong></span> <span class='ocrx_word' id='word_1_491' title='bbox 3564 2663 3653 2718; x_wconf 92' lang='lat' dir='ltr'><strong>illo</strong></span> <span class='ocrx_word' id='word_1_492' title='bbox 3680 2676 3779 2716; x_wconf 88' lang='lat' dir='ltr'><strong>nu-</strong></span> 
     </span>
    </p>
   </div>
   <div class='ocr_carea' id='block_1_77' title="bbox 2186 2756 3776 2831">
    <p class='ocr_par' dir='ltr' id='par_1_77' title="bbox 2186 2756 3776 2831">
     <span class='ocr_line' id='line_1_78' title="bbox 2186 2756 3776 2831; baseline -0.01 -3"><span class='ocrx_word' id='word_1_493' title='bbox 2186 2786 2339 2827; x_wconf 89' lang='lat' dir='ltr'><strong>mero</strong></span> <span class='ocrx_word' id='word_1_494' title='bbox 2371 2783 2495 2826; x_wconf 90' lang='lat' dir='ltr'><strong>esse</strong></span> <span class='ocrx_word' id='word_1_495' title='bbox 2535 2776 2867 2831; x_wconf 84' lang='lat' dir='ltr'><strong>sanctarum,</strong></span> <span class='ocrx_word' id='word_1_496' title='bbox 2920 2763 2973 2820; x_wconf 89' lang='lat' dir='ltr'><strong>id</strong></span> <span class='ocrx_word' id='word_1_497' title='bbox 3028 2773 3130 2830; x_wconf 90' lang='lat' dir='ltr'><strong>est,</strong></span> <span class='ocrx_word' id='word_1_498' title='bbox 3172 2764 3225 2817; x_wconf 88' lang='lat' dir='ltr'><strong>in</strong></span> <span class='ocrx_word' id='word_1_499' title='bbox 3257 2760 3361 2816; x_wconf 90' lang='lat' dir='ltr'><strong>illis</strong></span> <span class='ocrx_word' id='word_1_500' title='bbox 3389 2774 3511 2816; x_wconf 83' lang='lat' dir='ltr'><strong>cun</strong></span> <span class='ocrx_word' id='word_1_501' title='bbox 3545 2756 3776 2829; x_wconf 89' lang='lat' dir='ltr'><strong>piscibus</strong></span> 
     </span>
    </p>
   </div>
   <div class='ocr_carea' id='block_1_78' title="bbox 2186 2847 3779 2933">
    <p class='ocr_par' dir='ltr' id='par_1_78' title="bbox 2186 2847 3779 2933">
     <span class='ocr_line' id='line_1_79' title="bbox 2186 2847 3779 2933; baseline -0.009 -16"><span class='ocrx_word' id='word_1_502' title='bbox 2186 2861 2279 2933; x_wconf 89' lang='lat' dir='ltr'><strong>qui</strong></span> <span class='ocrx_word' id='word_1_503' title='bbox 2326 2860 2384 2916; x_wconf 89' lang='lat' dir='ltr'><strong>in</strong></span> <span class='ocrx_word' id='word_1_504' title='bbox 2431 2859 2613 2915; x_wconf 88' lang='lat' dir='ltr'><strong>littore</strong></span> <span class='ocrx_word' id='word_1_505' title='bbox 2665 2854 2896 2927; x_wconf 89' lang='lat' dir='ltr'><strong>separati</strong></span> <span class='ocrx_word' id='word_1_506' title='bbox 2953 2862 3098 2918; x_wconf 87' lang='lat' dir='ltr'><strong>sunt,</strong></span> <span class='ocrx_word' id='word_1_507' title='bbox 3131 2853 3183 2908; x_wconf 92' lang='lat' dir='ltr'><strong>id</strong></span> <span class='ocrx_word' id='word_1_508' title='bbox 3215 2861 3318 2919; x_wconf 88' lang='lat' dir='ltr'><strong>est,</strong></span> <span class='ocrx_word' id='word_1_509' title='bbox 3352 2850 3444 2921; x_wconf 88' lang='lat' dir='ltr'><strong>qui</strong></span> <span class='ocrx_word' id='word_1_510' title='bbox 3480 2848 3645 2905; x_wconf 81' lang='lat' dir='ltr'><strong>functi</strong></span> <span class='ocrx_word' id='word_1_511' title='bbox 3679 2847 3779 2903; x_wconf 88' lang='lat' dir='ltr'><strong>hac</strong></span> 
     </span>
    </p>
   </div>
   <div class='ocr_carea' id='block_1_79' title="bbox 2186 2942 3828 3024">
    <p class='ocr_par' dir='ltr' id='par_1_79' title="bbox 2186 2942 3828 3024">
     <span class='ocr_line' id='line_1_80' title="bbox 2186 2942 3828 3024; baseline -0.008 -12"><span class='ocrx_word' id='word_1_512' title='bbox 2186 2956 2325 3024; x_wconf 87' lang='lat' dir='ltr'><strong>vita,</strong></span> <span class='ocrx_word' id='word_1_513' title='bbox 2356 2954 2606 3011; x_wconf 88' lang='lat' dir='ltr'><strong>omnibus</strong></span> <span class='ocrx_word' id='word_1_514' title='bbox 2631 2950 3013 3009; x_wconf 88' lang='lat' dir='ltr'><strong>tentationibus</strong></span> <span class='ocrx_word' id='word_1_515' title='bbox 3042 2948 3202 3019; x_wconf 91' lang='lat' dir='ltr'><strong>hujus</strong></span> <span class='ocrx_word' id='word_1_516' title='bbox 3250 2948 3456 3016; x_wconf 92' lang='lat' dir='ltr'><strong>mundi,</strong></span> <span class='ocrx_word' id='word_1_517' title='bbox 3506 2946 3595 3015; x_wconf 90' lang='lat' dir='ltr'><strong>qui</strong></span> <span class='ocrx_word' id='word_1_518' title='bbox 3625 2942 3778 3015; x_wconf 86' lang='lat' dir='ltr'><strong>quasi</strong></span> <span class='ocrx_word' id='word_1_519' title='bbox 3825 3018 3828 3021; x_wconf 17' lang='grc' dir='ltr'><em>η</em></span> 
     </span>
    </p>
   </div>
   <div class='ocr_carea' id='block_1_80' title="bbox 2190 3036 3777 3123">
    <p class='ocr_par' dir='ltr' id='par_1_80' title="bbox 2190 3036 3777 3123">
     <span class='ocr_line' id='line_1_81' title="bbox 2190 3036 3777 3123; baseline -0.01 -16"><span class='ocrx_word' id='word_1_520' title='bbox 2190 3052 2409 3123; x_wconf 86' lang='lat' dir='ltr'><strong>pelagus</strong></span> <span class='ocrx_word' id='word_1_521' title='bbox 2434 3058 2539 3119; x_wconf 90' lang='lat' dir='ltr'><strong>est,</strong></span> <span class='ocrx_word' id='word_1_522' title='bbox 2565 3055 2875 3116; x_wconf 85' lang='lat' dir='ltr'><strong>caruerunt,</strong></span> <span class='ocrx_word' id='word_1_523' title='bbox 2918 3054 2972 3101; x_wconf 89' lang='lat' dir='ltr'><strong>et</strong></span> <span class='ocrx_word' id='word_1_524' title='bbox 3013 3043 3127 3115; x_wconf 88' lang='lat' dir='ltr'><strong>jam</strong></span> <span class='ocrx_word' id='word_1_525' title='bbox 3148 3042 3222 3115; x_wconf 47' lang='lat' dir='ltr'><strong>.in</strong></span> <span class='ocrx_word' id='word_1_526' title='bbox 3268 3041 3355 3097; x_wconf 89' lang='lat' dir='ltr'><strong>illa</strong></span> <span class='ocrx_word' id='word_1_527' title='bbox 3400 3048 3600 3097; x_wconf 81' lang='lat' dir='ltr'><strong>aeterna</strong></span> <span class='ocrx_word' id='word_1_528' title='bbox 3634 3036 3777 3096; x_wconf 89' lang='lat' dir='ltr'><strong>beati</strong></span> 
     </span>
    </p>
   </div>
   <div class='ocr_carea' id='block_1_81' title="bbox 2187 3156 2334 3203">
    <p class='ocr_par' dir='ltr' id='par_1_81' title="bbox 2187 3156 2334 3203">
     <span class='ocr_line' id='line_1_82' title="bbox 2187 3156 2334 3203; baseline -0.02 0"><span class='ocrx_word' id='word_1_529' title='bbox 2187 3156 2334 3203; x_wconf 91' lang='lat' dir='ltr'><strong>sunt.</strong></span> 
     </span>
    </p>
   </div>
   <div class='ocr_carea' id='block_1_82' title="bbox 2112 3218 3780 3302">
    <p class='ocr_par' dir='ltr' id='par_1_82' title="bbox 2112 3218 3780 3302">
     <span class='ocr_line' id='line_1_83' title="bbox 2112 3218 3780 3302; baseline -0.011 -7"><span class='ocrx_word' id='word_1_530' title='bbox 2112 3218 2159 3281; x_wconf 73' lang='grc' dir='ltr'>Ο</span> <span class='ocrx_word' id='word_1_531' title='bbox 2235 3252 2245 3265; x_wconf 82' lang='lat'><strong><em>&#39;</em></strong></span> <span class='ocrx_word' id='word_1_532' title='bbox 2262 3238 2389 3293; x_wconf 87' lang='grc'><strong>111.</strong></span> <span class='ocrx_word' id='word_1_533' title='bbox 2408 3235 2642 3292; x_wconf 85' lang='lat' dir='ltr'><strong>Numero</strong></span> <span class='ocrx_word' id='word_1_534' title='bbox 2656 3240 2833 3290; x_wconf 88' lang='lat' dir='ltr'><strong>autem</strong></span> <span class='ocrx_word' id='word_1_535' title='bbox 2848 3229 3150 3302; x_wconf 21' lang='lat' dir='ltr'><strong>qui‘dicitur</strong></span> <span class='ocrx_word' id='word_1_536' title='bbox 3165 3225 3463 3296; x_wconf 91' lang='lat' dir='ltr'><strong>computari</strong></span> <span class='ocrx_word' id='word_1_537' title='bbox 3485 3225 3551 3279; x_wconf 89' lang='lat' dir='ltr'><strong>ab</strong></span> <span class='ocrx_word' id='word_1_538' title='bbox 3572 3238 3675 3279; x_wconf 92' lang='lat' dir='ltr'><strong>uno</strong></span> <span class='ocrx_word' id='word_1_539' title='bbox 3688 3238 3780 3279; x_wconf 91' lang='lat' dir='ltr'><strong>us-</strong></span> 
     </span>
    </p>
   </div>
   <div class='ocr_carea' id='block_1_83' title="bbox 2192 3316 3778 3401">
    <p class='ocr_par' dir='ltr' id='par_1_83' title="bbox 2192 3316 3778 3401">
     <span class='ocr_line' id='line_1_84' title="bbox 2192 3316 3778 3401; baseline -0.009 -18"><span class='ocrx_word' id='word_1_540' title='bbox 2192 3345 2298 3401; x_wconf 92' lang='lat' dir='ltr'><strong>que</strong></span> <span class='ocrx_word' id='word_1_541' title='bbox 2314 3328 2476 3401; x_wconf 62' lang='grc'><strong>248</strong></span> <span class='ocrx_word' id='word_1_542' title='bbox 2488 3343 2599 3383; x_wconf 85' lang='lat' dir='ltr'><strong>xvn</strong></span> <span class='ocrx_word' id='word_1_543' title='bbox 2621 3325 2999 3396; x_wconf 89' lang='lat' dir='ltr'><strong>multiplicato,</strong></span> <span class='ocrx_word' id='word_1_544' title='bbox 3030 3321 3326 3385; x_wconf 85' lang='lat' dir='ltr'><strong>ﬁuntcuu,</strong></span> <span class='ocrx_word' id='word_1_545' title='bbox 3351 3317 3402 3373; x_wconf 89' lang='lat' dir='ltr'><strong>id</strong></span> <span class='ocrx_word' id='word_1_546' title='bbox 3416 3326 3520 3384; x_wconf 89' lang='lat' dir='ltr'><strong>est,</strong></span> <span class='ocrx_word' id='word_1_547' title='bbox 3533 3316 3599 3372; x_wconf 89' lang='lat' dir='ltr'><strong>ad</strong></span> <span class='ocrx_word' id='word_1_548' title='bbox 3615 3329 3778 3371; x_wconf 92' lang='lat' dir='ltr'><strong>unum</strong></span> 
     </span>
    </p>
   </div>
   <div class='ocr_carea' id='block_1_84' title="bbox 2191 3405 3781 3486">
    <p class='ocr_par' dir='ltr' id='par_1_84' title="bbox 2191 3405 3781 3486">
     <span class='ocr_line' id='line_1_85' title="bbox 2191 3405 3781 3486; baseline -0.011 -6"><span class='ocrx_word' id='word_1_549' title='bbox 2191 3422 2331 3480; x_wconf 90' lang='lat' dir='ltr'><strong>adde</strong></span> <span class='ocrx_word' id='word_1_550' title='bbox 2358 3423 2487 3486; x_wconf 89' lang='lat' dir='ltr'><strong>duo,</strong></span> <span class='ocrx_word' id='word_1_551' title='bbox 2521 3430 2577 3478; x_wconf 93' lang='lat' dir='ltr'><strong>et</strong></span> <span class='ocrx_word' id='word_1_552' title='bbox 2598 3422 2730 3474; x_wconf 89' lang='lat' dir='ltr'><strong>ﬁunt</strong></span> <span class='ocrx_word' id='word_1_553' title='bbox 2759 3427 2889 3475; x_wconf 90' lang='lat' dir='ltr'><strong>tres.</strong></span> <span class='ocrx_word' id='word_1_554' title='bbox 2912 3415 3065 3471; x_wconf 83' lang='lat' dir='ltr'><strong>Adde</strong></span> <span class='ocrx_word' id='word_1_555' title='bbox 3090 3424 3217 3478; x_wconf 88' lang='lat' dir='ltr'><strong>tres,</strong></span> <span class='ocrx_word' id='word_1_556' title='bbox 3252 3420 3307 3467; x_wconf 91' lang='lat' dir='ltr'><strong>et</strong></span> <span class='ocrx_word' id='word_1_557' title='bbox 3330 3409 3465 3465; x_wconf 93' lang='lat' dir='ltr'><strong>ﬁunt</strong></span> <span class='ocrx_word' id='word_1_558' title='bbox 3491 3422 3619 3473; x_wconf 91' lang='lat' dir='ltr'><strong>sex;</strong></span> <span class='ocrx_word' id='word_1_559' title='bbox 3641 3405 3781 3463; x_wconf 87' lang='lat' dir='ltr'><strong>adde</strong></span> 
     </span>
    </p>
   </div>
   <div class='ocr_carea' id='block_1_85' title="bbox 2190 3500 3783 3583">
    <p class='ocr_par' dir='ltr' id='par_1_85' title="bbox 2190 3500 3783 3583">
     <span class='ocr_line' id='line_1_86' title="bbox 2190 3500 3783 3583; baseline -0.012 -11"><span class='ocrx_word' id='word_1_560' title='bbox 2190 3532 2266 3583; x_wconf 82' lang='lat' dir='ltr'><strong>iv,</strong></span> <span class='ocrx_word' id='word_1_561' title='bbox 2288 3522 2345 3571; x_wconf 92' lang='lat' dir='ltr'><strong>et</strong></span> <span class='ocrx_word' id='word_1_562' title='bbox 2368 3515 2502 3583; x_wconf 85' lang='lat' dir='ltr'><strong>ﬁunt</strong></span> <span class='ocrx_word' id='word_1_563' title='bbox 2531 3513 2748 3578; x_wconf 91' lang='lat' dir='ltr'><strong>decem;</strong></span> <span class='ocrx_word' id='word_1_564' title='bbox 2780 3509 2915 3565; x_wconf 91' lang='lat' dir='ltr'><strong>adde</strong></span> <span class='ocrx_word' id='word_1_565' title='bbox 2944 3524 3001 3573; x_wconf 72' lang='grc' dir='ltr'><strong>ν,</strong></span> <span class='ocrx_word' id='word_1_566' title='bbox 3032 3516 3085 3563; x_wconf 88' lang='lat' dir='ltr'><strong>et</strong></span> <span class='ocrx_word' id='word_1_567' title='bbox 3111 3505 3245 3560; x_wconf 67' lang='lat' dir='ltr'><strong>mut</strong></span> <span class='ocrx_word' id='word_1_568' title='bbox 3274 3519 3371 3570; x_wconf 87' lang='lat' dir='ltr'><strong>xv,</strong></span> <span class='ocrx_word' id='word_1_569' title='bbox 3422 3500 3559 3557; x_wconf 91' lang='lat' dir='ltr'><strong>adde</strong></span> <span class='ocrx_word' id='word_1_570' title='bbox 3610 3515 3683 3565; x_wconf 84' lang='lat' dir='ltr'><strong>vt,</strong></span> <span class='ocrx_word' id='word_1_571' title='bbox 3724 3506 3783 3555; x_wconf 88' lang='lat' dir='ltr'><strong>et</strong></span> 
     </span>
    </p>
   </div>
   <div class='ocr_carea' id='block_1_86' title="bbox 2192 3596 3783 3669">
    <p class='ocr_par' dir='ltr' id='par_1_86' title="bbox 2192 3596 3783 3669">
     <span class='ocr_line' id='line_1_87' title="bbox 2192 3596 3783 3669; baseline -0.011 -4"><span class='ocrx_word' id='word_1_572' title='bbox 2192 3608 2328 3665; x_wconf 87' lang='lat' dir='ltr'><strong>ﬁunt</strong></span> <span class='ocrx_word' id='word_1_573' title='bbox 2358 3622 2469 3662; x_wconf 83' lang='lat' dir='ltr'><strong>xxi.</strong></span> <span class='ocrx_word' id='word_1_574' title='bbox 2501 3604 2655 3661; x_wconf 91' lang='lat' dir='ltr'><strong>Adde</strong></span> <span class='ocrx_word' id='word_1_575' title='bbox 2683 3620 2777 3669; x_wconf 89' lang='lat' dir='ltr'><strong>vu,</strong></span> <span class='ocrx_word' id='word_1_576' title='bbox 2805 3612 2858 3658; x_wconf 91' lang='lat' dir='ltr'><strong>et</strong></span> <span class='ocrx_word' id='word_1_577' title='bbox 2890 3603 3025 3657; x_wconf 87' lang='lat' dir='ltr'><strong>ﬁunt</strong></span> <span class='ocrx_word' id='word_1_578' title='bbox 3050 3614 3250 3665; x_wconf 82' lang='lat' dir='ltr'><strong>xxvnt;</strong></span> <span class='ocrx_word' id='word_1_579' title='bbox 3280 3596 3415 3652; x_wconf 90' lang='lat' dir='ltr'><strong>addc</strong></span> <span class='ocrx_word' id='word_1_580' title='bbox 3438 3610 3550 3663; x_wconf 86' lang='lat' dir='ltr'><strong>vm,</strong></span> <span class='ocrx_word' id='word_1_581' title='bbox 3574 3604 3629 3650; x_wconf 90' lang='lat' dir='ltr'><strong>et</strong></span> <span class='ocrx_word' id='word_1_582' title='bbox 3648 3596 3783 3649; x_wconf 88' lang='lat' dir='ltr'><strong>ﬁunt</strong></span> 
     </span>
    </p>
   </div>
   <div class='ocr_carea' id='block_1_87' title="bbox 2191 3690 3780 3766">
    <p class='ocr_par' dir='ltr' id='par_1_87' title="bbox 2191 3690 3780 3766">
     <span class='ocr_line' id='line_1_88' title="bbox 2191 3690 3780 3766; baseline -0.01 -10"><span class='ocrx_word' id='word_1_583' title='bbox 2191 3715 2391 3766; x_wconf 79' lang='lat' dir='ltr'><strong>xxxw;</strong></span> <span class='ocrx_word' id='word_1_584' title='bbox 2422 3697 2559 3753; x_wconf 88' lang='lat' dir='ltr'><strong>adde</strong></span> <span class='ocrx_word' id='word_1_585' title='bbox 2587 3712 2663 3766; x_wconf 75' lang='grc' dir='ltr'><strong>ιι,</strong></span> <span class='ocrx_word' id='word_1_586' title='bbox 2696 3705 2749 3752; x_wconf 94' lang='lat' dir='ltr'><strong>et</strong></span> <span class='ocrx_word' id='word_1_587' title='bbox 2794 3694 2925 3750; x_wconf 88' lang='lat' dir='ltr'><strong>ﬁunt</strong></span> <span class='ocrx_word' id='word_1_588' title='bbox 2964 3709 3105 3759; x_wconf 81' lang='lat' dir='ltr'><strong>va;</strong></span> <span class='ocrx_word' id='word_1_589' title='bbox 3154 3691 3291 3746; x_wconf 90' lang='lat' dir='ltr'><strong>adde</strong></span> <span class='ocrx_word' id='word_1_590' title='bbox 3339 3706 3395 3757; x_wconf 90' lang='lat' dir='ltr'><strong>x,</strong></span> <span class='ocrx_word' id='word_1_591' title='bbox 3434 3698 3488 3745; x_wconf 91' lang='lat' dir='ltr'><strong>et</strong></span> <span class='ocrx_word' id='word_1_592' title='bbox 3519 3690 3653 3743; x_wconf 90' lang='lat' dir='ltr'><strong>liunt</strong></span> <span class='ocrx_word' id='word_1_593' title='bbox 3681 3702 3780 3754; x_wconf 80' lang='lat' dir='ltr'><strong>Lv;</strong></span> 
     </span>
    </p>
   </div>
   <div class='ocr_carea' id='block_1_88' title="bbox 2190 3782 3779 3857">
    <p class='ocr_par' dir='ltr' id='par_1_88' title="bbox 2190 3782 3779 3857">
     <span class='ocr_line' id='line_1_89' title="bbox 2190 3782 3779 3857; baseline -0.013 -6"><span class='ocrx_word' id='word_1_594' title='bbox 2190 3794 2329 3851; x_wconf 91' lang='lat' dir='ltr'><strong>adde</strong></span> <span class='ocrx_word' id='word_1_595' title='bbox 2354 3809 2429 3857; x_wconf 72' lang='grc' dir='ltr'><strong>ιι,</strong></span> <span class='ocrx_word' id='word_1_596' title='bbox 2462 3801 2516 3848; x_wconf 90' lang='lat' dir='ltr'><strong>et</strong></span> <span class='ocrx_word' id='word_1_597' title='bbox 2545 3792 2681 3846; x_wconf 88' lang='lat' dir='ltr'><strong>ﬁunt</strong></span> <span class='ocrx_word' id='word_1_598' title='bbox 2734 3805 2891 3853; x_wconf 81' lang='lat' dir='ltr'><strong>m1;</strong></span> <span class='ocrx_word' id='word_1_599' title='bbox 2924 3787 3063 3842; x_wconf 90' lang='lat' dir='ltr'><strong>adde</strong></span> <span class='ocrx_word' id='word_1_600' title='bbox 3111 3800 3206 3851; x_wconf 85' lang='lat' dir='ltr'><strong>xu,</strong></span> <span class='ocrx_word' id='word_1_601' title='bbox 3262 3792 3316 3839; x_wconf 90' lang='lat' dir='ltr'><strong>et</strong></span> <span class='ocrx_word' id='word_1_602' title='bbox 3364 3782 3499 3836; x_wconf 86' lang='lat' dir='ltr'><strong>ﬁunt</strong></span> <span class='ocrx_word' id='word_1_603' title='bbox 3547 3793 3779 3843; x_wconf 80' lang='lat' dir='ltr'><strong>Lxxvul;</strong></span> 
     </span>
    </p>
   </div>
   <div class='ocr_carea' id='block_1_89' title="bbox 2191 3873 3785 3951">
    <p class='ocr_par' dir='ltr' id='par_1_89' title="bbox 2191 3873 3785 3951">
     <span class='ocr_line' id='line_1_90' title="bbox 2191 3873 3785 3951; baseline -0.013 -8"><span class='ocrx_word' id='word_1_604' title='bbox 2191 3888 2328 3943; x_wconf 88' lang='lat' dir='ltr'><strong>adde</strong></span> <span class='ocrx_word' id='word_1_605' title='bbox 2355 3903 2472 3951; x_wconf 86' lang='lat' dir='ltr'><strong>xm,</strong></span> <span class='ocrx_word' id='word_1_606' title='bbox 2502 3894 2559 3940; x_wconf 90' lang='lat' dir='ltr'><strong>et</strong></span> <span class='ocrx_word' id='word_1_607' title='bbox 2589 3885 2723 3939; x_wconf 91' lang='lat' dir='ltr'><strong>ﬁunt</strong></span> <span class='ocrx_word' id='word_1_608' title='bbox 2776 3880 3066 3949; x_wconf 86' lang='lat' dir='ltr'><strong>nonaginta</strong></span> <span class='ocrx_word' id='word_1_609' title='bbox 3115 3892 3299 3932; x_wconf 91' lang='lat' dir='ltr'><strong>unum.</strong></span> <span class='ocrx_word' id='word_1_610' title='bbox 3356 3873 3506 3929; x_wconf 82' lang='lat' dir='ltr'><strong>Adde</strong></span> <span class='ocrx_word' id='word_1_611' title='bbox 3563 3887 3673 3938; x_wconf 89' lang='lat' dir='ltr'><strong>xtv,</strong></span> <span class='ocrx_word' id='word_1_612' title='bbox 3728 3877 3785 3924; x_wconf 89' lang='lat' dir='ltr'><strong>et</strong></span> 
     </span>
    </p>
   </div>
   <div class='ocr_carea' id='block_1_90' title="bbox 2192 3962 3786 4051">
    <p class='ocr_par' dir='ltr' id='par_1_90' title="bbox 2192 3962 3786 4051">
     <span class='ocr_line' id='line_1_91' title="bbox 2192 3962 3786 4051; baseline -0.013 -16"><span class='ocrx_word' id='word_1_613' title='bbox 2192 3980 2327 4035; x_wconf 86' lang='lat' dir='ltr'><strong>ﬁunt</strong></span> <span class='ocrx_word' id='word_1_614' title='bbox 2356 3993 2450 4043; x_wconf 85' lang='lat' dir='ltr'><strong>cv;</strong></span> <span class='ocrx_word' id='word_1_615' title='bbox 2482 3975 2619 4031; x_wconf 88' lang='lat' dir='ltr'><strong>adde</strong></span> <span class='ocrx_word' id='word_1_616' title='bbox 2650 3990 2736 4039; x_wconf 87' lang='lat' dir='ltr'><strong>xv,</strong></span> <span class='ocrx_word' id='word_1_617' title='bbox 2787 3980 2843 4027; x_wconf 88' lang='lat' dir='ltr'><strong>et</strong></span> <span class='ocrx_word' id='word_1_618' title='bbox 2884 3968 3017 4024; x_wconf 89' lang='lat' dir='ltr'><strong>ﬁunt</strong></span> <span class='ocrx_word' id='word_1_619' title='bbox 3046 3984 3184 4034; x_wconf 86' lang='lat' dir='ltr'><strong>cxx;</strong></span> <span class='ocrx_word' id='word_1_620' title='bbox 3237 3966 3373 4051; x_wconf 81' lang='lat' dir='ltr'><strong>adde</strong></span> <span class='ocrx_word' id='word_1_621' title='bbox 3399 3979 3509 4031; x_wconf 77' lang='lat' dir='ltr'><strong>xvr,</strong></span> <span class='ocrx_word' id='word_1_622' title='bbox 3551 3971 3606 4019; x_wconf 88' lang='lat' dir='ltr'><strong>et</strong></span> <span class='ocrx_word' id='word_1_623' title='bbox 3649 3962 3786 4017; x_wconf 91' lang='lat' dir='ltr'><strong>ﬁunt</strong></span> 
     </span>
    </p>
   </div>
   <div class='ocr_carea' id='block_1_91' title="bbox 2195 4060 3184 4134">
    <p class='ocr_par' dir='ltr' id='par_1_91' title="bbox 2195 4060 3184 4134">
     <span class='ocr_line' id='line_1_92' title="bbox 2195 4060 3184 4134; baseline -0.012 -9"><span class='ocrx_word' id='word_1_624' title='bbox 2195 4083 2430 4134; x_wconf 77' lang='lat' dir='ltr'><strong>cxxxVI;</strong></span> <span class='ocrx_word' id='word_1_625' title='bbox 2461 4066 2599 4122; x_wconf 90' lang='lat' dir='ltr'><strong>adde</strong></span> <span class='ocrx_word' id='word_1_626' title='bbox 2626 4079 2758 4129; x_wconf 84' lang='lat' dir='ltr'><strong>xvu,</strong></span> <span class='ocrx_word' id='word_1_627' title='bbox 2788 4071 2842 4119; x_wconf 91' lang='lat' dir='ltr'><strong>et</strong></span> <span class='ocrx_word' id='word_1_628' title='bbox 2872 4060 3003 4116; x_wconf 92' lang='lat' dir='ltr'><strong>ﬁunt</strong></span> <span class='ocrx_word' id='word_1_629' title='bbox 3038 4074 3184 4116; x_wconf 66' lang='lat' dir='ltr'><strong>cum.</strong></span> 
     </span>
    </p>
   </div>
   <div class='ocr_carea' id='block_1_92' title="bbox 2202 4211 3790 4290">
    <p class='ocr_par' dir='ltr' id='par_1_92' title="bbox 2202 4211 3790 4290">
     <span class='ocr_line' id='line_1_93' title="bbox 2202 4211 3790 4290; baseline -0.008 -14"><span class='ocrx_word' id='word_1_630' title='bbox 2202 4222 2367 4276; x_wconf 88' lang='lat' dir='ltr'><strong>ruisse</strong></span> <span class='ocrx_word' id='word_1_631' title='bbox 2413 4219 2515 4290; x_wconf 86' lang='lat' dir='ltr'><strong>legi</strong></span> <span class='ocrx_word' id='word_1_632' title='bbox 2544 4217 2740 4289; x_wconf 87' lang='lat' dir='ltr'><strong>poterit</strong></span> <span class='ocrx_word' id='word_1_633' title='bbox 2766 4219 2975 4281; x_wconf 78' lang='lat' dir='ltr'><strong>cavisse,</strong></span> <span class='ocrx_word' id='word_1_634' title='bbox 3029 4213 3271 4285; x_wconf 88' lang='lat' dir='ltr'><strong>quamvis</strong></span> <span class='ocrx_word' id='word_1_635' title='bbox 3299 4211 3493 4266; x_wconf 89' lang='lat' dir='ltr'><strong>iterum</strong></span> <span class='ocrx_word' id='word_1_636' title='bbox 3540 4214 3790 4264; x_wconf 85' lang='lat' dir='ltr'><strong>occurrat</strong></span> 
     </span>
    </p>
   </div>
   <div class='ocr_carea' id='block_1_93' title="bbox 2202 4300 2495 4348">
    <p class='ocr_par' dir='ltr' id='par_1_93' title="bbox 2202 4300 2495 4348">
     <span class='ocr_line' id='line_1_94' title="bbox 2202 4300 2495 4348; baseline 0 -1"><span class='ocrx_word' id='word_1_637' title='bbox 2202 4300 2495 4348; x_wconf 87' lang='lat' dir='ltr'><strong>caruerunt.</strong></span> 
     </span>
    </p>
   </div>
   <div class='ocr_carea' id='block_1_94' title="bbox 2276 4351 3789 4419">
    <p class='ocr_par' dir='ltr' id='par_1_94' title="bbox 2276 4351 3789 4419">
     <span class='ocr_line' id='line_1_95' title="bbox 2276 4351 3789 4419; baseline -0.008 -3"><span class='ocrx_word' id='word_1_638' title='bbox 2276 4364 2400 4419; x_wconf 84' lang='grc'><strong>111.</strong></span> <span class='ocrx_word' id='word_1_639' title='bbox 2429 4362 2558 4417; x_wconf 63' lang='lat' dir='ltr'><strong>ﬂare</strong></span> <span class='ocrx_word' id='word_1_640' title='bbox 2589 4363 2699 4416; x_wconf 84' lang='lat' dir='ltr'><strong>lere</strong></span> <span class='ocrx_word' id='word_1_641' title='bbox 2723 4359 2944 4414; x_wconf 91' lang='lat' dir='ltr'><strong>totidem</strong></span> <span class='ocrx_word' id='word_1_642' title='bbox 2975 4356 3155 4412; x_wconf 88' lang='lat' dir='ltr'><strong>verbis</strong></span> <span class='ocrx_word' id='word_1_643' title='bbox 3182 4368 3245 4407; x_wconf 79' lang='lat' dir='ltr'><strong>ex</strong></span> <span class='ocrx_word' id='word_1_644' title='bbox 3277 4362 3463 4407; x_wconf 89' lang='lat' dir='ltr'><strong>sancta</strong></span> <span class='ocrx_word' id='word_1_645' title='bbox 3490 4351 3789 4418; x_wconf 81' lang='lat' dir='ltr'><strong>Augustino</strong></span> 
     </span>
    </p>
   </div>
   <div class='ocr_carea' id='block_1_95' title="bbox 2204 4422 3789 4503">
    <p class='ocr_par' dir='ltr' id='par_1_95' title="bbox 2204 4422 3789 4503">
     <span class='ocr_line' id='line_1_96' title="bbox 2204 4422 3789 4503; baseline -0.011 -13"><span class='ocrx_word' id='word_1_646' title='bbox 2204 4438 2256 4491; x_wconf 92' lang='lat' dir='ltr'><strong>in</strong></span> <span class='ocrx_word' id='word_1_647' title='bbox 2284 4435 2476 4503; x_wconf 87' lang='lat' dir='ltr'><strong>psalm.</strong></span> <span class='ocrx_word' id='word_1_648' title='bbox 2503 4448 2631 4488; x_wconf 70' lang='grc' dir='ltr'>χιιι(</span> <span class='ocrx_word' id='word_1_649' title='bbox 2664 4451 2675 4485; x_wconf 92' lang='lat'>:</span> <span class='ocrx_word' id='word_1_650' title='bbox 2700 4429 2913 4487; x_wconf 84' lang='lat' dir='ltr'><strong>Centum</strong></span> <span class='ocrx_word' id='word_1_651' title='bbox 2938 4443 3060 4497; x_wconf 85' lang='lat' dir='ltr'><strong>ergo</strong></span> <span class='ocrx_word' id='word_1_652' title='bbox 3087 4425 3456 4503; x_wconf 67' lang='lat' dir='ltr'><strong>quinquaginta</strong></span> <span class='ocrx_word' id='word_1_653' title='bbox 3494 4432 3594 4503; x_wconf 77' lang='lat' dir='ltr'><strong>tres</strong></span> <span class='ocrx_word' id='word_1_654' title='bbox 3614 4422 3789 4503; x_wconf 59' lang='lat' dir='ltr'><strong>pisces</strong></span> 
     </span>
    </p>
   </div>
   <div class='ocr_carea' id='block_1_96' title="bbox 2204 4442 3788 4565">
    <p class='ocr_par' dir='ltr' id='par_1_96' title="bbox 2204 4442 3788 4565">
     <span class='ocr_line' id='line_1_97' title="bbox 2204 4442 3788 4543; baseline -0.011 -53"><span class='ocrx_word' id='word_1_655' title='bbox 2204 4442 2256 4491; x_wconf 90' lang='lat' dir='ltr'><strong>in</strong></span> <span class='ocrx_word' id='word_1_656' title='bbox 2284 4442 2476 4503; x_wconf 86' lang='lat' dir='ltr'><strong>psalm.</strong></span> <span class='ocrx_word' id='word_1_657' title='bbox 2503 4448 2631 4488; x_wconf 81' lang='lat' dir='ltr'><strong>xLIx</strong></span> <span class='ocrx_word' id='word_1_658' title='bbox 2664 4442 2913 4487; x_wconf 80' lang='lat' dir='ltr'><strong>:Centum</strong></span> <span class='ocrx_word' id='word_1_659' title='bbox 2938 4443 3060 4497; x_wconf 85' lang='lat' dir='ltr'><strong>ergo</strong></span> <span class='ocrx_word' id='word_1_660' title='bbox 3087 4442 3311 4495; x_wconf 84' lang='lat' dir='ltr'><strong>qutnqua</strong></span> <span class='ocrx_word' id='word_1_661' title='bbox 3347 4442 3456 4477; x_wconf 85' lang='lat' dir='ltr'><strong>tnta</strong></span> <span class='ocrx_word' id='word_1_662' title='bbox 3494 4442 3788 4543; x_wconf 54' lang='lat' dir='ltr'><strong>treslprsces</strong></span> 
     </span>
     <span class='ocr_line' id='line_1_98' title="bbox 2204 4442 3788 4565; baseline -0.012 -4"><span class='ocrx_word' id='word_1_663' title='bbox 2204 4523 2307 4561; x_wconf 89' lang='lat' dir='ltr'><strong>non</strong></span> <span class='ocrx_word' id='word_1_664' title='bbox 2330 4514 2528 4559; x_wconf 88' lang='lat' dir='ltr'><strong>tantum</strong></span> <span class='ocrx_word' id='word_1_665' title='bbox 2551 4518 2818 4558; x_wconf 88' lang='lat' dir='ltr'><strong>numerum</strong></span> <span class='ocrx_word' id='word_1_666' title='bbox 2848 4509 3136 4555; x_wconf 89' lang='lat' dir='ltr'><strong>sanctarum</strong></span> <span class='ocrx_word' id='word_1_667' title='bbox 3160 4442 3433 4565; x_wconf 46' lang='lat' dir='ltr'><strong>signiﬁcat,</strong></span> <span class='ocrx_word' id='word_1_668' title='bbox 3466 4502 3575 4565; x_wconf 76' lang='lat' dir='ltr'><strong>etc.</strong></span> <span class='ocrx_word' id='word_1_669' title='bbox 3657 4505 3788 4543; x_wconf 75' lang='lat' dir='ltr'><strong>eccm</strong></span> 
     </span>
    </p>
   </div>
   <div class='ocr_carea' id='block_1_97' title="bbox 2204 4562 3786 4643">
    <p class='ocr_par' dir='ltr' id='par_1_97' title="bbox 2204 4562 3786 4643">
     <span class='ocr_line' id='line_1_99' title="bbox 2204 4562 3786 4643; baseline -0.013 -11"><span class='ocrx_word' id='word_1_670' title='bbox 2204 4587 2397 4643; x_wconf 89' lang='lat' dir='ltr'><strong>autem,</strong></span> <span class='ocrx_word' id='word_1_671' title='bbox 2422 4586 2467 4630; x_wconf 84' lang='lat' dir='ltr'><strong>et</strong></span> <span class='ocrx_word' id='word_1_672' title='bbox 2493 4586 2701 4643; x_wconf 75' lang='lat' dir='ltr'><strong>septem,</strong></span> <span class='ocrx_word' id='word_1_673' title='bbox 2737 4574 2780 4626; x_wconf 90' lang='lat' dir='ltr'><strong>si</strong></span> <span class='ocrx_word' id='word_1_674' title='bbox 2800 4588 3030 4626; x_wconf 84' lang='lat' dir='ltr'><strong>numeres</strong></span> <span class='ocrx_word' id='word_1_675' title='bbox 3058 4570 3121 4623; x_wconf 88' lang='lat' dir='ltr'><strong>ab</strong></span> <span class='ocrx_word' id='word_1_676' title='bbox 3144 4562 3243 4621; x_wconf 76' lang='lat' dir='ltr'><strong>una</strong></span> <span class='ocrx_word' id='word_1_677' title='bbox 3267 4562 3424 4643; x_wconf 78' lang='lat' dir='ltr'><strong>usque</strong></span> <span class='ocrx_word' id='word_1_678' title='bbox 3446 4565 3513 4617; x_wconf 90' lang='lat' dir='ltr'><strong>ad</strong></span> <span class='ocrx_word' id='word_1_679' title='bbox 3543 4562 3712 4643; x_wconf 76' lang='lat' dir='ltr'><strong>decem</strong></span> <span class='ocrx_word' id='word_1_680' title='bbox 3741 4568 3786 4612; x_wconf 89' lang='lat' dir='ltr'><strong>ct</strong></span> 
     </span>
    </p>
   </div>
   <div class='ocr_carea' id='block_1_98' title="bbox 2204 4634 3790 4718">
    <p class='ocr_par' dir='ltr' id='par_1_98' title="bbox 2204 4634 3790 4718">
     <span class='ocr_line' id='line_1_100' title="bbox 2204 4634 3790 4718; baseline -0.015 -15"><span class='ocrx_word' id='word_1_681' title='bbox 2204 4634 2415 4718; x_wconf 73' lang='lat' dir='ltr'><strong>septeni,</strong></span> <span class='ocrx_word' id='word_1_682' title='bbox 2440 4634 2674 4700; x_wconf 73' lang='lat' dir='ltr'><strong>addendo</strong></span> <span class='ocrx_word' id='word_1_683' title='bbox 2690 4634 3132 4718; x_wconf 69' lang='lat' dir='ltr'><strong>numerosamnes</strong></span> <span class='ocrx_word' id='word_1_684' title='bbox 3152 4638 3426 4708; x_wconf 85' lang='lat' dir='ltr'><strong>gradatim,</strong></span> <span class='ocrx_word' id='word_1_685' title='bbox 3456 4644 3511 4718; x_wconf 70' lang='lat' dir='ltr'><strong>ut</strong></span> <span class='ocrx_word' id='word_1_686' title='bbox 3537 4634 3603 4684; x_wconf 89' lang='lat' dir='ltr'><strong>ad</strong></span> <span class='ocrx_word' id='word_1_687' title='bbox 3621 4646 3790 4718; x_wconf 50' lang='lat' dir='ltr'><strong>‘unuut</strong></span> 
     </span>
    </p>
   </div>
   <div class='ocr_carea' id='block_1_99' title="bbox 2204 4703 3789 4786">
    <p class='ocr_par' dir='ltr' id='par_1_99' title="bbox 2204 4703 3789 4786">
     <span class='ocr_line' id='line_1_101' title="bbox 2204 4703 3789 4786; baseline -0.014 -13"><span class='ocrx_word' id='word_1_688' title='bbox 2204 4703 2367 4774; x_wconf 74' lang='lat' dir='ltr'><strong>addas</strong></span> <span class='ocrx_word' id='word_1_689' title='bbox 2395 4703 2519 4786; x_wconf 81' lang='lat' dir='ltr'><strong>duo,</strong></span> <span class='ocrx_word' id='word_1_690' title='bbox 2543 4718 2706 4771; x_wconf 85' lang='lat' dir='ltr'><strong>addas</strong></span> <span class='ocrx_word' id='word_1_691' title='bbox 2731 4716 2852 4778; x_wconf 87' lang='lat' dir='ltr'><strong>tria,</strong></span> <span class='ocrx_word' id='word_1_692' title='bbox 2885 4713 3044 4786; x_wconf 84' lang='lat' dir='ltr'><strong>addas</strong></span> <span class='ocrx_word' id='word_1_693' title='bbox 3082 4703 3319 4782; x_wconf 79' lang='lat' dir='ltr'><strong>quatuor,</strong></span> <span class='ocrx_word' id='word_1_694' title='bbox 3350 4717 3402 4759; x_wconf 92' lang='lat' dir='ltr'><strong>ut</strong></span> <span class='ocrx_word' id='word_1_695' title='bbox 3423 4778 3433 4786; x_wconf 41' lang='lat'><strong><em>.</em></strong></span> <span class='ocrx_word' id='word_1_696' title='bbox 3450 4705 3575 4786; x_wconf 69' lang='lat' dir='ltr'><strong>ﬁant</strong></span> <span class='ocrx_word' id='word_1_697' title='bbox 3600 4703 3789 4786; x_wconf 73' lang='lat' dir='ltr'><strong>decent,</strong></span> 
     </span>
    </p>
   </div>
   <div class='ocr_carea' id='block_1_100' title="bbox 2204 4774 3794 4857">
    <p class='ocr_par' dir='ltr' id='par_1_100' title="bbox 2204 4774 3794 4857">
     <span class='ocr_line' id='line_1_102' title="bbox 2204 4774 3794 4857; baseline -0.014 -11"><span class='ocrx_word' id='word_1_698' title='bbox 2204 4793 2441 4845; x_wconf 88' lang='lat' dir='ltr'><strong>addendo</strong></span> <span class='ocrx_word' id='word_1_699' title='bbox 2466 4774 2702 4857; x_wconf 76' lang='lat' dir='ltr'><strong>quinque,</strong></span> <span class='ocrx_word' id='word_1_700' title='bbox 2727 4798 2779 4840; x_wconf 91' lang='lat' dir='ltr'><strong>ut</strong></span> <span class='ocrx_word' id='word_1_701' title='bbox 2802 4774 2928 4855; x_wconf 83' lang='lat' dir='ltr'><strong>ﬁant</strong></span> <span class='ocrx_word' id='word_1_702' title='bbox 2954 4774 3191 4857; x_wconf 81' lang='lat' dir='ltr'><strong>quinque,</strong></span> <span class='ocrx_word' id='word_1_703' title='bbox 3214 4774 3341 4857; x_wconf 83' lang='lat' dir='ltr'><strong>etc.,</strong></span> <span class='ocrx_word' id='word_1_704' title='bbox 3366 4774 3600 4856; x_wconf 79' lang='lat' dir='ltr'><strong>addendo</strong></span> <span class='ocrx_word' id='word_1_705' title='bbox 3623 4774 3794 4826; x_wconf 86' lang='lat' dir='ltr'><strong>decem</strong></span> 
     </span>
    </p>
   </div>
   <div class='ocr_carea' id='block_1_101' title="bbox 2205 4848 3580 4935">
    <p class='ocr_par' dir='ltr' id='par_1_101' title="bbox 2205 4848 3580 4935">
     <span class='ocr_line' id='line_1_103' title="bbox 2205 4848 3580 4935; baseline -0.016 -15"><span class='ocrx_word' id='word_1_706' title='bbox 2205 4872 2253 4920; x_wconf 90' lang='lat' dir='ltr'><strong>et</strong></span> <span class='ocrx_word' id='word_1_707' title='bbox 2276 4848 2490 4935; x_wconf 60' lang='lat' dir='ltr'><strong>septem;</strong></span> <span class='ocrx_word' id='word_1_708' title='bbox 2521 4848 2815 4932; x_wconf 74' lang='lat' dir='ltr'><strong>efficiuntur</strong></span> <span class='ocrx_word' id='word_1_709' title='bbox 2837 4848 3038 4911; x_wconf 80' lang='lat' dir='ltr'><strong>centum</strong></span> <span class='ocrx_word' id='word_1_710' title='bbox 3060 4848 3423 4923; x_wconf 77' lang='lat' dir='ltr'><strong>quinquaginta</strong></span> <span class='ocrx_word' id='word_1_711' title='bbox 3463 4848 3580 4901; x_wconf 87' lang='lat' dir='ltr'><strong>tria.</strong></span> 
     </span>
    </p>
   </div>
  </div>
