4100 6344
367 375 3654 444 ω

1269 546 1955 666 SANG'I‘I
2030 546 2733 664 ISIDOBI

1654 764 2068 819 HISPALENSIS
2101 764 2389 819 EPlSCOPI

421 957 662 1084 DE
752 939 1402 1081 VETERI
1493 954 1709 1077 ET
1822 947 2356 1084 NOVO
2447 952 3623 1093 TESTAMENTO

1515 1193 2490 1309 QUIESTIONES.

864 1373 1188 1447 ουιιιεοτιο
1224 1373 1465 1431 PRIMA.

442 1468 607 1542 249
635 1469 689 1525 i.
714 1468 812 1525 Dic
853 1470 984 1525 mihi
1009 1508 1025 1535 ,
1056 1466 1182 1538 quid
1205 1476 1291 1524 est
1314 1467 1458 1523 inter
1480 1465 1691 1523 Novum
1722 1474 1777 1523 et
1798 1465 1971 1523 Vetus

374 1562 821 1621 Testamentum?
895 1560 1192 1633 Respondit
1249 1579 1263 1614 :
1319 1560 1486 1617 Vetus
1540 1569 1624 1617 est
1688 1568 1972 1631 peccatum

375 1656 542 1723 Adae;
576 1657 720 1713 unde
749 1656 879 1712 dicit
903 1655 1194 1728 Apostolus
1220 1670 1233 1709 :
1266 1654 1518 1727 Regnavit
1544 1671 1685 1709 mors
1716 1654 1779 1708 ab
1800 1654 1972 1709 Adam

375 1766 535 1821 usque
578 1751 648 1805 ad
696 1749 913 1822 Moysen
940 1750 1121 1820 (Rom.
1154 1761 1208 1817 ν,
1239 1748 1354 1818 I4),
1396 1759 1451 1804 et
1488 1746 1717 1818 reliqua.
1762 1746 1969 1802 Novum

376 1852 459 1900 est
484 1843 733 1900 Christus
757 1843 827 1899 de
857 1842 1075 1913 Virgine
1098 1850 1276 1898 natus.

446 1934 502 1992 2.
548 1935 701 1993 Unde
723 1934 990 2006 PrOpbeta
1015 1927 1183 1990 dicit:
1215 1932 1434 1988 Cantate
1461 1932 1687 1988 Domino
1716 1933 1974 1988 canticum

378 2043 563 2084 nam
587 2042 608 2083 :
630 2026 752 2097 quia
777 2026 938 2081 homo
961 2040 1133 2081 novus
1154 2026 1330 2093 venit;
1354 2040 1493 2081 nova
1522 2032 1792 2096 praecepta
1819 2034 1976 2081 attu-

379 2120 460 2187 lit,
489 2119 543 2175 id
568 2127 671 2183 est,
698 2117 907 2174 Novum
933 2118 1361 2174 Testamentum.

956 2209 1284 2280 qumsrto
1323 2211 1387 2267 ιι.

451 2308 507 2364 5.
561 2304 658 2363 Dic
714 2304 867 2372 mihi,
920 2305 1107 2375 quanti
1155 2303 1277 2359 libri
1302 2304 1674 2375 intelliguntur
1721 2306 1774 2359 in
1825 2303 1976 2361 Novo

385 2398 766 2459 Testamento?
796 2397 1098 2469 Respondit
1128 2415 1142 2450 :
1176 2413 1345 2464 xxvii,
1394 2407 1451 2453 et
1490 2399 1543 2451 in
1573 2397 1755 2453 Veteri
1787 2397 1977 2452 Testa-

386 2501 571 2551 mento
593 2492 731 2564 legis
758 2491 926 2564 Moysi
956 2507 1062 2547 XLV
1090 2490 1210 2547 libri
1251 2500 1411 2556 sunt;
1439 2490 1595 2561 juxta
1634 2492 1976 2564 septuaginta

387 2584 521 2641 (IIIIS
548 2584 1115 2655 linguasseptuaginta
1144 2581 1251 2636 duo
1290 2582 1411 2637 libri
1443 2582 1831 2653 intelliguntur.

457 2678 513 2733 4.
556 2676 723 2733 Vetus
747 2685 853 2742 est,
881 2675 1096 2747 quando
1127 2690 1214 2730 res
1241 2676 1444 2729 alienas
1473 2675 1610 2729 tollit
1651 2676 1848 2741 homo;
1873 2672 1977 2730 No-

388 2786 536 2839 vum,
580 2771 795 2843 quando
843 2770 1059 2842 propria
1114 2770 1354 2839 largitur.
1401 2768 1566 2823 Vetus
1618 2777 1722 2835 est,
1761 2768 1977 2840 quando
2011 2783 2061 2844 Β

390 2863 591 2919 malum
611 2878 712 2934 pro
738 2862 879 2917 malo
908 2860 1171 2928 redditur,
1202 2861 1343 2915 unde
1365 2859 1561 2915 dicitur
1589 2878 1602 2916 :
1635 2861 1856 2916 Oculum
1888 2880 1982 2931 pro

389 2958 560 3024 oculo,
592 2956 793 3011 dentem
824 2970 915 3024 pro
958 2954 1125 3018 dente,
1178 2967 1233 3007 et
1269 2964 1488 3021 caetera,
1538 2969 1659 3023 qua:
1696 2955 1763 3009 ad
1812 2954 1985 3012 vindi-

393 3058 532 3106 ctam
560 3050 851 3119 pertinent.
879 3047 1086 3103 Novum
1116 3056 1200 3102 est
1238 3046 1484 3102 inimicos
1522 3047 1768 3119 diligere.
1801 3048 1988 3103 Domi-

394 3155 497 3197 nus
541 3140 681 3196 dixit
721 3140 776 3195 in
820 3138 1109 3210 Evangelio
1158 3154 1171 3191 :
1207 3137 1421 3209 Diligite
1464 3137 1700 3192 inimicos
1756 3145 1984 3206 vestros;

393 3235 675 3305 Dettefacite
702 3234 781 3289 his
808 3233 895 3305 qui
924 3233 1142 3287 oderunt
1166 3246 1254 3285 vos
1281 3229 1497 3302 (Matth.
1528 3247 1585 3298 ν,
1616 3229 1733 3297 44).

475 3324 641 3398 25o
672 3322 728 3379 5.
771 3323 937 3378 Vetus
987 3330 1092 3389 est,
1126 3329 1439 3387 peccatores
1478 3322 1530 3375 in
1577 3320 1843 3377 infernum
1887 3323 1985 3378 de-

396 3417 692 3481 scendere;
722 3414 929 3470 Novum
958 3424 1378 3479 est,conversos
1411 3412 1463 3466 in
1509 3427 1732 3481 regnum
1774 3413 1987 3468 Domini

396 3507 642 3565 introire.
666 3507 733 3562 Et
760 3506 923 3563 Vetus
942 3506 1046 3562 erit
1067 3518 1258 3561 omnes
1288 3516 1597 3574 peccatores
1618 3516 1672 3561 et
1695 3507 1889 3578 impios
1919 3507 1987 3564 ad

399 3602 538 3659 diem
580 3602 769 3673 judicii
810 3602 863 3657 in
918 3599 1186 3656 infernum
1231 3598 1585 3666 descendere,
1639 3600 1730 3655 ubi
1773 3614 1989 3672 semper

400 3695 714 3751 manebunt.
763 3693 966 3750 Novum
994 3699 1082 3749 est
1115 3706 1305 3748 omnes
1327 3692 1501 3761 justos
1533 3693 1585 3746 in
1617 3706 1842 3762 regnum
1884 3692 1984 3748 Do-

402 3787 531 3844 mini
589 3787 850 3853 introire;
903 3784 1049 3841 unde
1098 3795 1314 3840 sanctus
1353 3783 1549 3840 Petrus
1597 3784 1726 3840 dicit
1766 3801 1781 3839 :
1815 3783 1991 3841 Novus

401 3882 575 3952 homo,
601 3890 650 3937 et
670 3897 801 3936 nova
823 3890 960 3935 terra
987 3877 1077 3949 (II
1102 3877 1248 3934 Petr.
1267 3893 1348 3949 III,
1374 3876 1466 3948 I3)
1486 3887 1572 3945 ;et
1591 3892 1729 3934 nova
1753 3890 1911 3935 erunt
1936 3880 1991 3935 in

401 3972 658 4029 memoria
683 3973 885 4042 priora.

473 4062 525 4117 6.
570 4065 636 4119 Et
662 4062 830 4119 Vetus
862 4062 968 4117 erit
1008 4062 1065 4116 in
1114 4061 1239 4132 igne
1266 4062 1576 4132 purgatorio
1632 4077 1726 4132 pro
1770 4062 1992 4119 minutis

1994 1376 2051 1436 Δ

2652 1394 2977 1464 QUIESTIO
3013 1398 3102 1453 IV.

2144 1485 2199 1542 8.
2244 1485 2340 1542 Dic
2365 1484 2518 1556 mihi,
2553 1486 2727 1557 prima
2774 1488 2952 1544 littera
2990 1506 3023 1543 α
3046 1505 3145 1559 pro
3170 1505 3279 1561 quo
3320 1493 3529 1563 accepit
3568 1507 3670 1549 no-

2074 1591 2198 1633 men
2227 1577 2301 1632 αῖ
2328 1577 2404 1634 De
2453 1579 2673 1651 angelis,
2725 1579 2796 1636 de
2841 1590 2960 1635 ante
2994 1582 3205 1651 sa’cula,
3253 1583 3322 1640 de
3371 1585 3560 1653 Adam,
3599 1584 3670 1641 de

2075 1670 2275 1726 anima.

2665 1763 2986 1833 QUASS'I‘IO
3025 1765 3091 1822 γ.

2147 1857 2202 1913 9.
2228 1858 2323 1915 Dic
2351 1857 2503 1925 mihi,
2533 1858 2729 1929 quibus
2753 1860 3065 1917 nominibus
3089 1860 3293 1917 dicitur
3319 1862 3389 1915 a?
3415 1861 3663 1931 Respon-

2077 1952 2440 2017 ditzTribus,
2501 1952 2555 2006 id
2604 1960 2727 2020 est,
2786 1953 2939 2026 aleph
2990 1954 3046 2010 in
3097 1952 3356 2022 Hebraeo,
3412 1952 3569 2025 alpha
3620 1955 3676 2009 in

2080 2043 2292 2114 Graeco,
2334 2060 2367 2100 a
2390 2044 2442 2100 in
2474 2044 2683 2101 Latino.

2644 2136 2972 2204 QUESTIO
3002 2134 3116 2192 'VI.

2155 2231 2242 2287 I0.
2275 2230 2371 2287 Dic
2400 2231 2556 2297 mihi,
2590 2229 2935 2303 Evangelium
2965 2229 3018 2285 in
3049 2227 3205 2299 cujus
3233 2228 3414 2299 lingua
3444 2228 3678 2285 dicitur?

2080 2322 2138 2378 In
2170 2321 2399 2391 Graeca;
2432 2333 2485 2379 et
2512 2324 2564 2379 in
2593 2322 2808 2392 Latina,
2836 2322 2889 2377 id
2915 2331 3020 2392 est,
3050 2322 3189 2378 bona
3217 2322 3505 2378 nuntiatio.

2645 2435 2965 2503 QUAESTIO
3005 2436 3119 2491 VII.

2155 2549 2245 2603 tl.
2286 2547 2383 2603 Dic
2434 2548 2589 2614 mihi,
2622 2566 2717 2618 pro
2764 2565 2871 2619 quo
2920 2550 3054 2605 dixit
3102 2552 3361 2609 Dominus
3407 2552 3474 2609 ad
3514 2552 3686 2612 Abra-

2083 2642 2206 2697 ham
2231 2660 2244 2696 :
2272 2640 2377 2696 Exi
2408 2642 2471 2697 de
2504 2642 2662 2713 251
2692 2653 2829 2696 terra
2855 2652 2966 2710 tua,
2998 2653 3048 2699 et
3076 2646 3140 2699 de
3167 2648 3471 2717 cognatione
3496 2656 3605 2715 tua,
3636 2653 3686 2704 et

2088 2735 2152 2790 de
2178 2734 2330 2788 domo
2352 2734 2513 2805 patris
2542 2735 2619 2789 tui
2649 2734 2803 2806 (Gen.
2848 2752 2946 2800 xu,
2969 2736 3065 2802 I)?
3097 2736 3367 2793 Abraham
3398 2753 3687 2809 personam

2088 2826 2288 2882 Christi
2333 2826 2572 2896 gerebat.
2622 2824 2775 2881 Sit-ut
2823 2826 3090 2880 Abraham
3134 2826 3340 2883 dimisit
3380 2838 3598 2897 terram,
3631 2837 3687 2886 et

2089 2918 2491 2988 cognationem,
2521 2925 2576 2971 et
2603 2916 2823 2971 domum
2851 2917 3020 2988 patris
3050 2918 3132 2973 sui
3157 2936 3172 2985 ;
3199 2921 3346 2974 venit
3374 2920 3429 2974 in
3463 2928 3686 2988 terram,

2090 3023 2249 3078 quam
2302 3007 2586 3077 ignorabat
2626 3024 2640 3061 :
2690 3008 2763 3063 ita
2820 3017 2875 3064 et
2922 3009 3168 3065 Christus
3206 3011 3410 3068 dimisit
3469 3021 3687 3084 gentem

2089 3115 2266 3168 suam,
2302 3103 2404 3155 hoc
2430 3110 2534 3170 est,
2566 3100 2902 3158 Judeorum.

2164 3194 2253 3249 12.
2298 3194 2374 3247 lta
2421 3194 2631 3249 eximus
2661 3193 2730 3249 de
2783 3202 2930 3249 terra
2976 3203 3159 3251 nostra
3204 3210 3326 3266 nos,
3368 3198 3580 3269 quando
3622 3199 3691 3255 de

2090 3286 2294 3343 divitiis
2319 3286 2479 3357 hujus
2528 3287 2711 3343 mundi
2743 3327 2759 3355 ,
2792 3298 2845 3342 et
2892 3288 2960 3343 de
2988 3288 3333 3345 facultatibus
3384 3294 3689 3347 contemni-

2092 3396 2235 3449 mus,
2265 3390 2319 3438 et
2363 3382 2433 3438 de
2470 3383 2792 3455 cognatione
2829 3390 3038 3450 nostra,
3068 3382 3173 3438 hoc
3198 3394 3300 3449 est,
3336 3384 3501 3454 vitiis,
3535 3394 3588 3440 et
3619 3385 3691 3442 de

2092 3474 2253 3529 domo
2315 3474 2483 3546 patris
2534 3474 2728 3542 nostri,
2786 3475 2888 3529 hoc
2947 3481 3053 3540 est,
3086 3474 3155 3531 de
3214 3477 3477 3534 memoria
3520 3476 3686 3550 hujus

2094 3566 2303 3626 mundi.

2640 3627 2964 3727 onmno
3004 3656 3140 3715 VIII.

2168 3770 2253 3825 15.
2296 3771 2391 3827 Dic
2418 3772 2573 3840 mihi,
2599 3788 2794 3829 nomen
2826 3773 3177 3843 apostolorum
3202 3774 3355 3845 cujus
3390 3774 3572 3846 lingua
3601 3776 3685 3835 di-

2097 3862 2282 3917 citur?
2312 3863 2611 3934 Respondit
2639 3881 2652 3919 :
2682 3864 2741 3920 In
2773 3864 2993 3931 Grreca;
3042 3866 3097 3922 in
3126 3865 3316 3922 Latina
3338 3867 3491 3935 missi
3517 3868 3713 3925 inter-'

2095 3963 2391 4025 pretantur.

2655 4047 2979 4116 QUIESTIO
3020 4048 3111 4105 IX.

402 4150 637 4228 peccatis
685 4156 931 4226 purgari;
974 4154 1206 4221 Novum,
1253 4153 1471 4225 quando
1509 4162 1765 4225 purgatus
1795 4156 1990 4211 exinde
2016 4174 2066 4241 ο
2171 4160 2258 4216 i4.
2300 4162 2395 4218 Dic
2433 4161 2587 4229 mihi,
2623 4163 2894 4234 episcopus
2944 4164 2998 4218 in
3044 4164 3198 4235 cujus
3237 4165 3417 4236 lingua
3460 4166 3693 4226 dicitur?

403 4248 563 4306 fuerit
593 4249 647 4303 in
678 4263 900 4318 regnum
923 4245 1160 4302 Domini.

965 4336 1285 4406 QUIESTIO
1334 4338 1421 4392 ιιι.

473 4433 530 4487 7.
573 4411 670 4488 Dic
700 4433 853 4501 mihi,
892 4433 1032 4489 liber
1068 4433 1259 4503 quibus
1300 4432 1476 4487 modis
1503 4431 1721 4488 dicitur.
1748 4431 1992 4502 Respon-

403 4523 483 4580 dit
508 4542 521 4577 :
545 4524 966 4590 Quatuor:libri
1004 4523 1257 4579 dicuntur
1300 4524 1365 4578 ad
1400 4523 1708 4594 legendum,
1746 4526 1831 4580 vel
1860 4526 1993 4582 libe-

403 4618 653 4675 randum.
688 4617 863 4673 Codex
885 4618 1081 4675 dicitur
1115 4619 1181 4673 ad
1210 4617 1590 4676 condiendum.
1630 4619 1884 4676 Volumen
1910 4621 1992 4676 di-

404 4710 543 4767 citur
570 4710 639 4766 ad
668 4710 1010 4767 volvendum.

474 4870 639 4957 Nam.
674 4870 837 4957 De
864 4871 970 4927 hoc
990 4885 1177 4953 opere,
1214 4882 1270 4926 et
1296 4871 1364 4927 de
1393 4871 1690 4957 ration-ibus
1719 4889 1838 4957 quae
1868 4890 1992 4946 per-

405 4943 639 5015 suadent
674 4939 843 5015 fetum
868 4957 993 5015 esse
1022 4939 1310 5015 genuinum
1352 4946 1525 4998 sancti
1559 4939 1768 5010 lsidori,
1806 4939 1992 5015 qu'am-

331 5024 343 5083 ‘,
405 5014 488 5069 vis
520 5013 699 5068 adhuc
753 5013 1020 5095 publicam
1051 5014 1224 5068 lucem
1268 5031 1374 5069 non
1402 5015 1614 5080 viderit,
1645 5013 1859 5071 abunde
1882 5018 1993 5074 dis-

331 5086 343 5152 ε
407 5084 588 5152 putavi
614 5083 668 5139 in
700 5082 1034 5147 Isidorianis,
1069 5100 1189 5152 cap.
1220 5083 1308 5139 64.
1355 5086 1410 5140 In
1457 5100 1523 5141 eo
1552 5095 1732 5141 autem
1786 5087 1993 5144 descri-

1021 5126 1034 5147 ,
1069 5106 1189 5147 cap.
1220 5106 1308 5139 0‘1.
1355 5106 1410 5140 Ill
1457 5106 1523 5141 CD
1552 5106 1732 5141 autem
1786 5106 1993 5144 0850“-

477 5155 586 5211 ndo
634 5154 940 5229 italibrarii
987 5170 1200 5229 errores
1236 5157 1467 5229 correxi,
1510 5166 1569 5211 ut
1610 5173 1991 5229 nonnunquant

405 5237 592 5299 aperta
636 5225 760 5299 vitia
810 5224 1016 5299 intacta
1058 5225 1389 5299 reliquerim,
1445 5242 1527 5299 ex,
1571 5229 1764 5297 quibus
1801 5224 1993 5299 genius

405 5296 695 5367 scribentis
741 5295 919 5367 colligi
954 5298 1141 5364 possit.
1167 5297 1269 5351 Pro
1309 5295 1601 5366 respondit,
1627 5299 1766 5367 quod
1808 5295 1898 5355 est
1937 5303 1993 5357 in

406 5366 540 5438 Ils.,
576 5366 972 5438 reponigposgset
1000 5368 1313 5435 respondet,
1360 5378 1451 5421 aut
1488 5372 1845 5438 respondetur.

479 5437 534 5493 5.
577 5437 700 5503 ωε,
755 5436 839 5491 lea:
870 5436 1061 5509 Moysi.
1098 5437 1289 5492 Libros
1314 5438 1521 5493 Veteris
1558 5436 1613 5495 et
1646 5440 1778 5495 Novi
1810 5443 1994 5498 Testa-

403 5510 571 5565 menti
597 5510 787 5565 eodem
819 5510 980 5563 modo
1003 5509 1338 5579 septuaginta
1368 5510 1504 5565 duos
1538 5511 1773 5567 Isidorus
1803 5530 1992 5571 nume-

401 5589 489 5636 rat
512 5581 566 5635 in
595 5579 902 5644 Prommiis,
931 5581 1103 5635 initio.

476 5652 533 5707 5.
575 5650 753 5707 Verba
782 5653 951 5705 sancti
985 5650 1127 5706 Petri
1160 5661 1286 5707 sunt
1333 5670 1348 5710 :
1380 5652 1555 5709 Novas
1594 5650 1709 5710 vero
1752 5659 1905 5711 aetas
1946 5668 1992 5712 et

401 5739 593 5778 nosam
608 5732 821 5792 terram,
838 5721 1117 5793 secundum
1146 5724 1398 5793 promissa
1414 5725 1599 5793 ipsius,
1616 5738 1987 5793 exspectamus.

476 5795 530 5851 6.
575 5783 761 5849 In'Ms.
791 5783 885 5863 pro
905 5792 1108 5846 minuta
1136 5783 1379 5865 peccata;
1409 5783 1487 5851 sic
1519 5783 1720 5866 passim
1762 5802 1995 5856 occurrit

775 5888 1052 5953 Ρηιιοι..
1101 5888 1453 5953 LXXXIII.

2101 4253 2397 4325 Respondit
2431 4255 2529 4312 :ln
2562 4254 2783 4321 Graeca;
2826 4255 2880 4310 in
2927 4256 3114 4311 Latina
3161 4253 3527 4327 speculatores.
3553 4258 3691 4331 Epi-

2101 4362 2290 4417 sc0pus
2322 4356 2502 4401 autem
2547 4362 2742 4403 nomen
2772 4358 2854 4402 est
2888 4349 3089 4416 operis,
3132 4364 3242 4404 non
3272 4349 3510 4406 honoris.
3544 4352 3693 4407 Sciat

2101 4453 2162 4494 se
2199 4453 2305 4493 non
2336 4452 2458 4494 esse
2484 4438 2818 4508 episcopum,
2859 4440 2949 4510 qui
2985 4454 3219 4511 praeesse
3246 4440 3540 4511 desiderat,
3578 4458 3691 4498 non

2100 4532 2372 4603 prodesse.
3628 4528 3636 4534 ’

2681 4624 3003 4693 ΟυιλΕὸἸΊο
3041 4625 3108 4682 Χ.

2173 4720 2263 4776 15.
2304 4718 2401 4777 Dic
2448 4718 2609 4786 mihi,
2641 4720 2807 4775 clerus
2840 4719 2894 4775 in
2922 4719 3077 4790 cujus
3106 4720 3283 4791 lingua
3315 4720 3543 4777 dicitur?
3585 4721 3690 4777 Re-

2104 4882 2469 4953 nominativus
2497 4897 2600 4950 pro
2625 4882 2860 4937 ablativo
2891 4900 2902 4935 :
2929 4896 2992 4937 ac
3017 4884 3247 4938 fortasse
3276 4882 3557 4953 legendum
3583 4887 3689 4942 erit

2100 4952 2155 5025 in
2175 4970 2333 5025 regno
2365 4952 2593 5019 Domini,
2625 4954 2726 5008 nisi
2754 4953 3222 5025 aliquodiverbutn
3254 4952 3413 5009 desit.
3467 4957 3687 5012 Numeri

2102 5022 2160 5090 4,
2192 5022 2249 5090 5,
2272 5026 2329 5090 6,
2353 5026 2606 5079 videntur
2629 5024 2884 5080 collocari
2909 5024 3111 5079 debere
3133 5034 3257 5079 ante
3287 5043 3434 5080 num.
3464 5026 3517 5079 '5.

2174 5096 2227 5166 7.
2266 5096 2427 5151 Forte
2452 5112 2486 5149 a
2513 5095 2792 5166 legendo...
2827 5112 2857 5149 a
2879 5097 3160 5160 condendo,
3197 5106 3301 5150 etc.

2174 5164 2226 5220 8.
2272 5168 2395 5234 Ms.,
2427 5182 2521 5237 pro
2549 5164 2706 5238 quid;
2748 5168 2828 5223 sic
2857 5168 3017 5223 etiam
3060 5183 3206 5221 num.
3236 5168 3324 5220 ll.
3367 5165 3528 5222 Forte
3566 5186 3693 5240 prc-

2104 5247 2218 5305 pter
2234 5241 2378 5305 quid.

2172 5256 2610 5383 BirﬂulfiVulgata
2638 5328 2651 5363 :
2683 5310 2942 5383 Egredere
2966 5309 3030 5364 de
3059 5318 3217 5383 terra,
3248 5315 3353 5362 etc.

2171 5380 2262 5437 12.
2307 5382 2410 5438 Pro
2431 5378 2798 5435 contemnimus
2825 5381 2966 5436 Iorte
2993 5378 3297 5444 recedimus,
3332 5378 3417 5434 vel
3445 5383 3685 5437 concedio

2100 5468 2234 5520 mus,
2269 5454 2352 5507 vel
2383 5454 2740 5508 contendimus
2764 5454 2923 5507 exire.

2173 5524 2260 5577 I4.
2302 5523 2534 5581 Sanctus
2562 5525 2912 5594 Augustinus,
2939 5522 3008 5577 de
3035 5521 3197 5577 Civit.
3233 5522 3352 5588 Dei,
3377 5538 3426 5578 c.
3458 5525 3558 5579 I9:
3590 5525 3691 5579 ln-

2100 5595 2316 5667 telligat,
2343 5613 2448 5649 non
2476 5612 2672 5667 seiesse
2711 5595 3026 5667 episcOpunt,
3070 5594 3159 5667 qui
3189 5610 3406 5667 praesse
3427 5594 3683 5667 dilexerit,

2098 5684 2199 5721 non
2216 5665 2482 5738 prodesse.
2513 5666 2648 5719 Vide
2694 5666 2852 5716 etiam
2885 5665 3257 5738 Quaestionum
3287 5665 3553 5735 dialogum
3585 5666 3686 5721 sub

2105 5736 2384 5809 Augustini
2414 5738 2629 5794 nomine
2658 5744 2847 5806 quast.
2877 5736 3046 5792 ultim.

3166 5899 3204 5979 7
