4100 6344
470 305 581 366 ῑοδ

979 423 1302 492 ρυῶςτιο
1340 425 1537 482 XXXI.

540 518 626 577 36.
673 519 767 574 Dic
810 516 959 586 mihi,
1009 529 1259 589 quantos,
1286 519 1371 572 vel
1403 519 1588 589 quales
1617 516 1837 590 spiritus
1862 516 2063 573 creavit

400 602 403 605 ’
470 613 810 682 omnipotens
850 610 1034 665 Deus?
1078 608 1377 679 ReSpondit
1418 627 1431 663 :
1482 609 1665 667 Tres:
1716 626 1877 663 unum
1904 651 1920 677 ,
1972 609 2064 683 qui

468 720 632 763 carne
677 720 786 761 non
830 702 1046 775 tegitur,
1080 702 1133 757 id
1182 712 1283 769 est,
1332 702 1683 774 angelorum;
1736 703 1923 767 alium,
1973 702 2063 773 qui

469 812 633 852 carne
683 795 899 868 tegitur,
961 801 1143 851 etnon
1165 808 1288 848 cum
1342 807 1504 849 carne
1552 793 1831 860 morietur,
1862 793 1911 847 id
1955 803 2060 864 est,

468 885 773 953 hominum;
831 884 1070 951 tertium,
1116 882 1205 953 qui
1238 897 1401 937 carne
1425 882 1636 951 tegitur,
1668 890 1723 937 et
1750 896 1871 936 cum
1901 898 2063 939 carne

470 979 768 1045 morietur,
802 976 855 1031 id
885 986 988 1042 est,
1042 975 1406 1045 iumentorum
1448 981 1505 1029 et
1534 974 1809 1030 brutorum
1855 975 2063 1029 anima-

468 1072 623 1127 lium.
666 1072 845 1127 Hosne
886 1073 1069 1141 itaque
1113 1071 1253 1124 sicut
1296 1069 1352 1125 in
1392 1070 1574 1124 medio
1612 1077 1825 1124 creatus
1867 1077 1974 1137 est,
2004 1075 2065 1123 ut

471 1170 616 1218 esset
676 1161 905 1217 inferior
957 1161 1311 1231 angelorum,
1368 1161 1618 1229 superior
1664 1160 2058 1221 iumentorum.

973 1272 1291 1341 QUIESTIO
1332 1272 1431 1330 XX
1440 1273 1556 1330 XII.

542 1365 635 1421 57.
678 1364 778 1422 Dic
821 1366 975 1435 mihi,
1020 1366 1235 1422 dilectio
1272 1367 1358 1422 vel
1389 1368 1624 1422 charitas
1678 1383 1734 1422 ιη
1764 1376 1896 1438 quot
1948 1384 2064 1425 mo-

473 1460 555 1517 dis
577 1461 916 1517 consistunt?
942 1461 996 1516 In
1020 1475 1095 1515 ιν.
1125 1461 1235 1517 lioc
1248 1471 1355 1526 est,
1389 1464 1616 1531 primum
1642 1462 1692 1516 in
1711 1461 1804 1517 Dei
1828 1462 2024 1518 timore
2043 1502 2061 1531 ,

472 1549 558 1605 vel
598 1549 909 1606 dilectione.
957 1549 1307 1619 Secundum,
1339 1554 1477 1607 sicut
1530 1554 1889 1621 nosmetipsos
1914 1594 1930 1620 ,
1986 1554 2065 1609 sic

476 1640 645 1696 Deum
689 1655 953 1701 amantis.
996 1641 1239 1699 Tertium
1267 1642 1558 1709 proximos.
1608 1644 1867 1715 Quartum
1902 1645 2064 1705 etiam

473 1747 745 1789 InlmICOS.

1229 304 1318 362 DE
1337 304 1612 381 “VETERI
1650 304 1741 363 ET
1778 302 1964 363 ΝΟἾο
2002 300 2473 363 ΤΕΒΤΑΜΕΝΤΟ
2514 300 2988 374 ΩὒᾼὶδΐῐθΝΕδ.

3643 305 3751 363 206

2083 433 2133 490 Α
2231 422 2322 482 44.
2363 424 2595 492 Quartus
2625 422 2821 494 gradus
2851 420 3130 489 diaconus,
3161 421 3376 497 quando
3427 421 3623 479 lavavit
3651 439 3752 499 pe-

2168 516 2263 573 des
2291 517 2672 587 discipulorum
2703 531 2943 573 suorum.

2238 610 2327 665 45.
2369 611 2597 677 Quintus
2638 608 2834 681 gradus
2873 604 3174 676 presbyter,
3216 606 3433 677 quando
3474 605 3756 669 benedixit

2166 716 2382 773 panem,
2420 709 2475 759 et
2498 700 2675 773 fregit,
2709 699 2856 759 dedit
2881 700 3162 770 discipulis
3192 701 3325 759 suis.
3360 699 3494 763 Istos
3518 702 3756 775 quinque

2165 791 2362 860 gradus
2391 801 2515 846 ante
2552 791 2853 868 passionem
2897 792 3136 860 implevit
3162 791 3432 849 Christus.

2242 885 2329 940 46.
2374 884 2568 940 Sextus
2610 884 2805 957 gradus
2841 886 3113 953 ostiarius,
3163 882 3385 961 quando
3422 886 3551 945 dixit
3586 905 3600 942 :
3631 884 3759 943 Tot-

2166 975 2255 1030 lite
2279 987 2475 1046 portas,
2500 977 2777 1047 principes,
2802 985 3014 1043 vestras,
3042 987 3091 1032 et
3108 977 3577 1048 elcvamini,port¢
3601 990 3756 1035 teter-

2165 1067 2312 1122 nales
2339 1067 2574 1139 (Psalm.
2606 1085 2736 1124 χχιιι
2752 1109 2769 1136 ,
2802 1070 2887 1138 7).

2237 1159 2396 1232 257
2462 1161 2552 1215 47.
2595 1161 2865 1229 Septimus
2917 1161 3109 1231 gradus
3154 1163 3480 1231 episcopus,
3537 1162 3756 1233 quando

2164 1248 2362 1309 levavit
2399 1265 2621 1309 manum
2646 1264 2801 1308 suam
2832 1267 2991 1321 super
3018 1254 3192 1322 capita
3220 1253 3605 1324 discipulorum
3630 1268 3757 1312 suo-

2161 1358 2307 1408 rum,
2339 1353 2393 1398 et
2414 1342 2692 1399 benedixit
2721 1359 2834 1399 eos.

2652 1439 2973 1507 QUES'I‘IO
3016 1438 3258 1495 XXXVI.

2237 1529 2327 1584 48.
2370 1531 2466 1588 Dic
2504 1532 2655 1597 mihi,
2682 1532 2808 1602 quid
2831 1540 2915 1587 est
2941 1534 3041 1587 hoc
3070 1533 3211 1602 quod
3238 1532 3375 1588 dixit
3419 1533 3675 1591 Dominus
3702 1535 3759 1593 in

2168 1623 2504 1694 Evangelia:
2553 1622 2789 1682 Facilius
2832 1635 2907 1680 est
2936 1624 3186 1681 cautelam
3235 1640 3324 1695 per
3344 1624 3574 1700 [Orsinen
3636 1642 3762 1684 acus

2142 1719 2428 1787 ,tramire,
2500 1734 2652 1789 quant
2721 1719 2927 1774 divitem
2990 1721 3043 1773 in
3068 1735 3284 1791 regnum
3350 1719 3447 1774 Dei
3510 1721 3762 1777 introire?

544 1825 636 1881 58.
676 1827 847 1883 Deum
877 1843 1006 1899 ergo
1036 1829 1155 1899 plus
1186 1844 1346 1899 quam
1389 1843 1487 1884 nos
1512 1823 1738 1900 diligere
1758 1829 2018 1887 debemus
2045 1848 2060 1885 :

2171 1815 2467 1887 Respondit
2493 1834 2508 1870 :
2538 1816 2675 1882 Quid
2723 1831 2819 1887 per
2846 1816 3110 1873 camelum
3134 1857 3149 1883 ,
3200 1815 3303 1870 nisi
3332 1816 3560 1884 gentiles
3589 1816 3762 1871 homi-

473 1918 775 1987 prosimum
802 1958 817 1984 ,
855 1920 994 1974 sicut
1024 1936 1121 1976 nos
1154 1936 1168 1973 :
1198 1922 1492 1987 inimicum,
1524 1930 1583 1976 ut
1625 1923 1946 1992 proximum.
1995 1922 2065 1978 Et

473 2008 580 2064 nisi
620 2008 791 2064 Deum
824 2012 1054 2080 primum
1083 2012 1453 2082 dilexerimns,
1502 2015 1864 2086 nosmetipsos
1906 2014 2065 2075 mini-

470 2115 560 2158 me
586 2100 811 2173 diligere
834 2107 1151 2173 poterimus.

958 2220 1282 2288 QUASSTIO
1324 2222 1565 2280 XXXIII.

542 2309 633 2366 59.
675 2309 774 2367 Dic
797 2310 926 2367 mihi
953 2353 970 2380 ,
1001 2329 1222 2383 regnum
1254 2313 1348 2370 Dei
1380 2316 1574 2385 quibus
1603 2316 1779 2377 modis
1808 2317 2086 2389 intelligi»

472 2404 597 2460 tur?
644 2401 943 2474 Respondit
972 2423 987 2459 :
1013 2406 1300 2478 Quinque:
1338 2409 1390 2462 id
1434 2420 1548 2477 εει,
1588 2408 1855 2481 Christus,
1911 2411 2064 2480 ﬁdes,

476 2495 862 2568 Evangelium,
912 2498 1155 2554 Ecclesia
1202 2514 1471 2569 prtesens,
1519 2502 1795 2566 velipsum
1839 2519 2062 2575 regnum

472 2588 757 2647 calorum.
799 2588 917 2645 Non
967 2591 1066 2645 fuit
1094 2590 1403 2661 pmnitentia
1437 2594 1719 2662 praedicata
1752 2603 1874 2649 ante
1903 2595 2070 2650 Joan-

474 2694 620 2747 nem,
651 2682 775 2752 quia
802 2682 919 2753 ipse
958 2682 1101 2738 dixit
1135 2699 1150 2741 :
1188 2682 1550 2738 Paenitentiam
1603 2686 1759 2755 agite;
1784 2688 2065 2759 appropin-

472 2776 645 2846 quavit
673 2774 807 2831 enim
835 2791 1052 2848 regnum
1079 2778 1325 2832 caelorum
1355 2776 1584 2850 (Matth.
1611 2794 1691 2844 ιιι,
1725 2779 1813 2849 2).

966 2891 1285 2961 QUAESTIO
1324 2894 1569 2952 xxxrv.

545 2982 709 3057 256
763 2983 859 3041 40.
899 2981 996 3041 Dic
1040 2983 1194 3053 mihi,
1240 3001 1337 3057 pro
1361 2988 1556 3059 quibus
1596 2987 1772 3044 causis
1801 3004 1861 3044 se
1898 2989 2068 3049 voluit

478 3073 734 3133 Dominus
781 3092 812 3131 a
858 3076 1067 3134 Joanne
1117 3078 1422 3148 baptizari?
1458 3079 1791 3150 Respondit:
1832 3082 1937 3137 Pro
1966 3098 2062 3138 1v:

2168 1926 2267 1967 nes
2309 1912 2613 1982 signiﬁcat?
2636 1912 2759 1981 quia
2785 1919 3072 1980 antequam
3113 1909 3361 1965 Christus
3389 1911 3618 1975 veniret,
3652 1918 3763 1966 tor-

2164 2004 2326 2071 tuosi,
2354 2013 2409 2061 et
2431 2004 2700 2074 gembrosi
2723 2014 2897 2071 erant,
2924 2003 3064 2061 idola
3092 2003 3387 2068 adoranda,
3405 2005 3488 2059 vel
3512 2004 3760 2063 colendo.

2236 2098 2329 2152 49.
2370 2097 2506 2165 Quid
2538 2112 2630 2165 per
2656 2098 2788 2151 illud
2817 2097 3075 2164 foramen,
3106 2098 3207 2151 nisi
3234 2098 3532 2177 ineat-natio
3562 2096 3763 2163 Christi

2166 2189 2223 2243 in
2260 2201 2412 2244 utero
2454 2197 2653 2243 sanctae
2696 2187 2876 2242 Mariae
2916 2188 3269 2257 describitur?
3322 2188 3458 2256 Quid
3488 2204 3584 2257 per
3607 2189 3761 2262 illum

2165 2280 2411 2347 divitem,
2458 2279 2558 2333 nisi
2594 2278 2788 2343 Judaei,
2831 2279 2921 2348 qui
2964 2280 3034 2335 de
3077 2280 3211 2350 legis
3251 2279 3430 2335 littera
3478 2296 3539 2337 se
3564 2280 3766 2344 divites

2174 2373 2498 2442 Sperabam?

2243 2465 2329 2522 56.
2371 2466 2492 2519 Tria
2516 2464 2719 2536 refugia
2753 2463 2964 2519 Domini
2995 2465 3283 2533 habebant,
3313 2466 3365 2520 id
3390 2476 3493 2536 est,
3527 2468 3579 2521 in
3599 2481 3765 2527 ,mon-

2168 2565 2242 2623 te,
2274 2558 2325 2612 in
2350 2557 2585 2621 deserto,
2613 2566 2667 2611 et
2709 2558 2759 2611 in
2792 2571 2961 2613 mare.
2995 2557 3313 2627 Excutplum
3340 2560 3491 2615 nobis
3512 2560 3577 2615 ad
3603 2559 3764 2616 altio-

2172 2661 2286 2701 rem
2312 2645 2576 2715 justitiam
2607 2646 2901 2703 ascendere
2923 2656 3172 2714 tanquatn
3202 2649 3257 2703 in
3283 2658 3495 2715 monte;
3525 2656 3761 2713 contem-

2173 2740 2373 2810 plativa
2394 2739 2609 2805 sectari,
2636 2751 2889 2807 tanquam
2917 2738 2972 2800 in
3001 2738 3246 2805 deserto;
3279 2739 3485 2810 iugere.
3511 2748 3763 2812 tanquam

2174 2832 2225 2889 ir.
2252 2844 2421 2889 mare.

2634 2920 2954 2991 QUA‘JSTIO
2990 2921 3257 2979 XXXVII.

2242 3018 2333 3079 5|.
2372 3018 2472 3075 Die
2515 3016 2668 3082 mihi,
2716 3016 2914 3087 quibus
2958 3017 3268 3077 substantiis
3313 3026 3526 3077 constat
3569 3018 3767 3083 homo?

2171 3107 2512 3177 Respondit:
2541 3107 2773 3173 Tribus,
2826 3107 2877 3161 id
2924 3116 3046 3173 est,
3093 3108 3271 3165 anima
3290 3117 3347 3164 et
3372 3124 3621 3180 corpore.
3650 3109 3768 3171 Una

479 3169 651 3271 Ρτίιξη
689 3178 749 3226 ut
776 3172 900 3271 qui?
944 3173 1105 3271 “of”
1130 3181 1287 3230 "ams
1306 3182 1421 3271 f5"
1464 3184 1521 3271 “P
1552 3191 1766 3271 ⁰⁰ξ¹¹ε¹¹¹
1804 3177 2065 3247 Ῐ¹¹⁵¹ίίί³¹¹¹
2093 3191 2143 3256 C
2172 3208 2259 3261 est
2279 3169 2461 3253 anima
2482 3213 2633 3268 quae,
2665 3169 2790 3254 dum
2818 3169 3229 3271 contemplatur,
3259 3169 3615 3271 spiritus-est;
3640 3169 3766 3257 dum

480 3258 725 3332 impleret
774 3270 829 3318 et
874 3263 1249 3321 humilitatem.
1302 3265 1548 3323 Secunda
1622 3268 1956 3347 baptismus,
2013 3281 2071 3328 ut

482 3368 636 3411 suum
681 3356 1008 3427 baptismum
1058 3358 1296 3415 Joannes
1344 3362 1711 3417 conﬁrmaret.
1762 3364 1961 3430 Tertia,
2015 3374 2071 3421 ut

483 3459 648 3516 aquas
685 3448 922 3506 Joannes
946 3450 1327 3508 sanctilicaret.
1372 3453 1593 3522 Quarta,
1626 3466 1683 3510 ut
1709 3456 1885 3511 nullus
1916 3457 2070 3512 dedi-

484 3551 676 3608 gnetur
713 3554 744 3594 a
793 3553 953 3595 servo
981 3556 1082 3595 suo
1112 3541 1393 3612 baptizari,
1437 3543 1561 3598 dum
1592 3543 1708 3615 ipse
1757 3545 2015 3603 Dominus
2041 3562 2070 3602 a

485 3642 640 3687 servo
664 3647 763 3688 suo
796 3633 1096 3704 baptizatus
1118 3644 1225 3690 est.

988 3747 1310 3815 QUIESTIO
1348 3748 1563 3806 XXXV.

556 3839 650 3894 41.
692 3837 787 3895 Dic
839 3840 1011 3908 mihi,
1065 3846 1368 3913 quomodo,
1424 3848 1503 3901 vel
1560 3845 1774 3915 quando
1829 3846 2076 3915 implevit

488 3926 730 3987 Christus
770 3941 977 4001 septem
1004 3935 1238 4004 gradus?
1269 3936 1567 4005 Respondit
1594 3953 1607 3991 :
1639 3937 1851 3993 Primus
1879 3937 2074 4006 gradus

488 4020 683 4092 lector,
738 4025 953 4093 quando
1008 4028 1216 4096 aperuit
1244 4028 1441 4085 librum
1490 4029 1638 4087 Isaia:
1684 4030 1979 4099 prophetae,
2019 4039 2077 4086 et

488 4111 624 4173 dixit
650 4132 667 4173 :
699 4115 932 4187 Spiritus
961 4117 1172 4176 Domini
1195 4137 1350 4190 super
1376 4138 1454 4177 me
1475 4122 1628 4193 (Luc.
1656 4138 1729 4189 tv,
1760 4121 1872 4189 18).

560 4204 649 4259 49..
687 4206 969 4263 Secundus
1008 4211 1205 4280 gradus
1240 4213 1527 4279 exorcista,
1560 4213 1774 4283 quando
1818 4212 1977 4283 ejecit
2005 4229 2077 4269 vn

491 4295 753 4355 damonia
792 4300 1040 4357 deMaria
1074 4302 1406 4375 Magdalene.

560 4390 650 4446 45.
676 4392 892 4450 Tertius
930 4396 1126 4465 gradus
1170 4398 1552 4468 subdiaconus,
1584 4398 1802 4471 quando
1828 4398 1959 4458 fecit
1996 4400 2079 4456 vi-

489 4497 613 4541 num
643 4484 713 4541 de
740 4500 880 4558 aqua
910 4487 966 4542 in
990 4489 1225 4545 Chanair
1245 4490 1505 4551 Catilinae.

2175 3297 2362 3362 sentit,
2396 3309 2590 3351 sensus
2618 3304 2730 3359 est;
2754 3294 2881 3349 dum
2912 3296 3074 3362 sapit,
3108 3293 3284 3347 anima
3310 3304 3424 3361 est;
3455 3293 3580 3349 dum
3606 3295 3769 3355 intelv

2175 3389 2313 3459 ligit,
2361 3404 2518 3444 mens
2556 3398 2667 3453 est;
2698 3389 2825 3445 dum
2872 3389 3151 3453 discernit,
3176 3389 3313 3445 ratio
3331 3398 3449 3456 est;
3482 3389 3608 3447 dum
3634 3406 3767 3447 conn

2173 3481 2355 3546 sentit,
2391 3479 2640 3537 voluntas
2666 3490 2782 3546 est;
2810 3479 2936 3535 dum
2982 3480 3313 3547 recordatur,
3361 3481 3622 3545 memoria
3647 3488 3768 3549 est;

2174 3573 2304 3631 dum
2338 3574 2579 3629 membra
2624 3582 2855 3642 vegetat,
2888 3573 3067 3627 anima
3096 3580 3196 3627 est.

2655 3662 2975 3731 QUIESTIO
3013 3662 3300 3719 XXXVIII.

2251 3756 2339 3811 52.
2381 3760 2599 3824 Septem
2649 3764 2775 3811 sunt
2797 3756 2940 3809 modi
2992 3754 3407 3823 praadicationis,
3463 3754 3652 3825 idest,
3676 3757 3770 3815 tio-

2179 3852 2374 3915 cendo,
2429 3851 2823 3918 persuadendo,
2855 3848 3202 3918 increpando,
3230 3850 3528 3921 arguendo,
3557 3859 3771 3909 terren-

2178 3943 2272 4008 do,
2320 3941 2603 3998 mulceiido
2654 3950 2710 3997 et
2759 3940 3117 4007 promittendo
3152 3940 3298 3998 :boc
3356 3950 3461 4010 est,
3525 3942 3803 4001 docendo-

2179 4037 2476 4105 discipulos
2502 4077 2518 4104 ,
2562 4035 2936 4107 persuadendo
2977 4033 3256 4105 personis,
3304 4036 3635 4106 increpando
3678 4052 3771 4097 stt-

2183 4130 2415 4201 perbos,
2472 4130 2744 4200 arguendo
2795 4129 3138 4194 contrarius,
3197 4127 3454 4187 terrendo
3509 4131 3771 4200 trepidos.

2181 4221 2465 4279 mulcendo
2522 4221 2827 4285 iracundos,
2881 4222 3045 4297 258
3091 4221 3455 4290 promittendo
3510 4224 3688 4292 pravis
3716 4230 3774 4279 et

2182 4313 2365 4383 bonis,
2394 4313 2574 4385 pravis
2600 4321 2884 4375 tormenta.
2921 4313 3070 4369 bonis
3094 4313 3255 4369 vitam
3286 4320 3563 4375 mternam.

2679 4404 3006 4471 QUASSTIU
3045 4403 3295 4465 XXXIX.

2258 4495 2346 4551 55.
2387 4494 2485 4552 Dic
2504 4495 2660 4563 mihi,
2691 4496 2780 4566 qui
2812 4498 3011 4564 primus
3040 4494 3413 4566 prophetarit?
3439 4496 3773 4567 Respondit:

557 4655 646 4726 37.
689 4668 847 4735 (20¢,
902 4671 1172 4748 consistent
1219 4684 1316 4739 pro
1370 4671 1683 4738 consistunt,
1733 4676 1789 4725 et
1834 4670 2080 4741 secunda,
2108 4644 2404 4748 D'Christo
2451 4672 2749 4725 institutum
2795 4668 2958 4723 fuisse
2986 4667 3321 4748 inchoativa,
3358 4675 3413 4748 et
3442 4657 3772 4748 denotative,

490 4752 693 4811 quarta,
716 4755 814 4812 pro
834 4743 1133 4806 secundum,
1157 4753 1412 4812 quartum.

695 4813 749 4895 Iit
785 4812 909 4895 Ms.,
934 4822 1164 4895 Putemus
1216 4830 1311 4895 pro
1342 4813 1646 4895 poterimus.
1709 4885 1721 4895 _
1759 4860 1768 4868 .

558 4885 649 4940 ιυ.
694 4883 976 4954 Prmstabit
1012 4886 1211 4953 legere,
1252 4894 1306 4938 ut
1326 4900 1487 4951 aquas
1528 4884 1747 4940 Joannis
1778 4886 2076 4954 sanctiﬁca-

490 4962 604 5019 ηις
630 4969 750 5009 naut
781 4955 802 5008 ἰ
834 4953 989 5009 facile
1021 4956 1240 5010 vertitur
1271 4958 1323 5010 in
1354 4972 1400 5010 e.

564 5026 655 5082 41.
697 5026 915 5093 Septem
947 5025 1165 5097 gradus,
1191 5030 1303 5081 sive
1326 5026 1541 5081 ordines
1572 5026 1814 5097 plerique
1846 5027 2078 5097 theologi

494 5097 848 5167 distinguunt,
873 5096 966 5149 sed
989 5099 1097 5151 alio
1117 5099 1272 5151 modo
1303 5112 1397 5152 eos
1420 5096 1755 5163 percensent.

560 5167 653 5227 42.
696 5169 993 5224 Exurcistze
1045 5169 1238 5234 gradus
1303 5169 1619 5234 inchoatus,
1668 5180 1722 5223 et
1794 5168 2078 5224 denotatus

492 5254 703 5309 quoque
732 5239 851 5302 fuit.
882 5254 1002 5293 cum
1051 5238 1206 5295 Jesus
1235 5238 1480 5294 Christus
1524 5239 1694 5307 tetigit
1732 5255 1889 5295 aures
1934 5242 2080 5296 surdi

494 5324 546 5367 et
574 5310 704 5381 ututi
724 5352 738 5376 ,
768 5310 993 5365 dicens:
1030 5309 1324 5381 Ephpheta,
1360 5311 1494 5379 quod
1524 5322 1595 5365 est
1618 5309 1909 5376 adaperire.

566 5380 655 5435 £5.
697 5381 806 5437 Alii
830 5382 1017 5436 dicunt
1055 5380 1497 5439 subdiacouatutn
1529 5382 1831 5439 institutum
1862 5396 1893 5439 a
1923 5381 2080 5438 Chri-
2130 5394 2137 5402 ‘

496 5462 579 5509 sto
606 5453 656 5506 itt
693 5453 877 5507 ultima
907 5468 1082 5508 coena.

563 5524 655 5583 Η.
688 5596 695 5597 γ
726 5526 811 5579 Ex
861 5525 1091 5581 aliorum
1142 5525 1395 5597 opinione
1441 5523 1688 5579 Christus
1740 5523 2078 5580 diaconatum

494 5594 724 5659 instituit
751 5611 872 5651 cum
903 5594 1356 5671 inultima'coena
1379 5610 1576 5667 corpus
1606 5610 1759 5657 suum
1782 5605 1837 5653 et
1860 5599 2080 5671 sangui-

497 5684 617 5725 nem
641 5671 925 5739 discipulis
942 5669 1293 5736 dispensavit.

565 5741 655 5798 45.
703 5738 882 5809 Forte,
909 5742 1146 5810 deditque
1170 5738 1437 5810 discipulis
1461 5739 1587 5793 suis.

450 5858 473 5874 .
568 5815 657 5868 ιϐ.
711 5808 947 5869 Ceuseut
996 5808 1083 5867 alii
1134 5808 1465 5868 ostiariatum
1532 5820 1653 5867 ante
1703 5808 2005 5881 passionem
2052 5824 2082 5863 a

2182 4755 2239 4801 ut
2268 4746 2435 4817 aiunt,
2460 4758 2580 4796 cuin
2608 4751 2925 4817 ementeset
2955 4741 3245 4795 vendeuies
3265 4738 3425 4817 eiecit
3445 4740 3512 4795 de
3537 4738 3773 4817 templo;

2180 4814 2527 4879 completive,
2551 4830 2671 4867 cum
2720 4814 2769 4864 in
2820 4812 3004 4866 ultima
3035 4825 3187 4881 (:03th
3231 4812 3457 4881 primam
3485 4812 3774 4873 sacerdotii

2182 4891 2503 4955 potestatem
2537 4883 2812 4953 discipulis
2841 4882 2954 4936 suis
2993 4880 3239 4937 contulit.

2254 4957 2344 5009 47.
2390 4948 2765 5031 Episcopatum
2812 4968 2999 5031 verum
3049 4968 3170 5009 esse
3199 4952 3513 5031 ordinem‘a
3548 4948 3771 5031 presby-

2184 5036 2357 5084 teratu
2383 5022 2715 5089 distinctum,
2736 5034 2919 5079 tenent
2936 5023 3049 5094 jam
3068 5040 3189 5080 cum
3213 5024 3511 5084 cationistis
3531 5022 3773 5090 plerique

2184 5098 2516 5157 recentiores
2548 5094 2803 5162 theologi.

2258 5166 2349 5221 48.
2391 5168 2550 5223 Forte
2590 5176 2635 5221 et
2678 5158 2872 5238 giIil'osi
2915 5175 3081 5222 erant.
3112 5165 3217 5225 Alii
3260 5163 3508 5225 coniciunt
3549 5158 3622 5223 de
3649 5160 3776 5221 fune

2189 5254 2253 5296 ex
2264 5242 2481 5296 niteant.

2262 5256 2720 5365 aVideturid
2767 5310 3038 5381 pertinere
3080 5307 3145 5363 ad
3188 5305 3349 5361 aliam
3395 5302 3773 5372 questionem,

2189 5383 2344 5459 cuius
2362 5382 2503 5459 desit
2542 5380 2771 5459 initium.
3040 5450 3052 5459 _
3129 5448 3139 5459 .
3382 5457 3389 5459 ἓ
3428 5445 3461 5459 η
3594 5445 3642 5459 ,,
3687 5445 3720 5459 _,

2262 5445 2350 5507 51.
2384 5452 2769 5521 Reponendum
2794 5466 2988 5508 censeo
3016 5448 3213 5521 diuisus
3248 5460 3347 5519 pro
3376 5445 3559 5521 tribus.
3591 5445 3772 5501 Muti'a

2190 5523 2244 5583 in
2290 5524 2392 5577 ﬁue
2422 5516 2540 5576 erat
2586 5528 2699 5576 haec
2740 5524 2963 5591 quaesﬁo
2987 5523 3083 5591 sic,
3113 5516 3505 5591 dum'guembrn
3544 5527 3773 5591 gegetat;

2190 5595 2431 5663 supplevi
2479 5611 2544 5648 ex
2585 5586 2769 5663 Opere
2802 5588 3116 5663 imperfecto
3150 5589 3227 5663 de
3268 5586 3517 5663 Ngupteris
3546 5586 3775 5663 fortasse

2190 5658 2359 5723 δεὶιὸιι
2393 5665 2579 5720 Isidori
2609 5658 2660 5717 in
2687 5662 2784 5718 Ms.
2834 5658 3009 5715 V'atic.
3035 5659 3251 5727 Regina:
3284 5660 3406 5729 {99,
3440 5661 3495 5715 in
3522 5676 3627 5729 quo
3657 5658 3773 5711 lucc

2190 5737 2306 5808 ipsa
2337 5746 2495 5804 sunt,
2540 5747 2594 5790 et
2621 5750 2781 5808 supra
2806 5734 3027 5808 degitur
3054 5734 3176 5788 dum
3195 5735 3329 5808 sapit
3351 5773 3368 5801 ,
3409 5731 3630 5797 animus,
3664 5737 3769 5787 εις.

2264 5806 2353 5863 52.
2379 5808 2536 5863 Deest
2564 5806 2771 5861 initium
2806 5805 2962 5874 hujus
2986 5806 3316 5876 quaestionis.
