4100 6344
474 319 581 377 209

1302 328 1760 398 ΟΠΛΕΞΤΙΟΝΕΞ
1799 332 1866 390 ΙΝ
1911 337 2068 396 νετ.
2113 340 2407 399 'l‘ES'l‘AM.
2432 373 2501 388 -
2532 345 2597 402 IN
2635 346 2947 408 GENESIN.

3658 365 3764 425 210

469 433 798 501 futurorum,
838 441 952 503 aut,
980 436 1041 538 .si
1072 437 1204 494 nihil
1252 452 1469 510 sonant,
1509 446 1575 502 ad
1605 446 1705 505 hoc
1734 450 2066 521 interponun-
2094 464 2143 524 Α
2171 459 2502 517 credulitatis
2552 475 2824 534 appareat.
2879 467 3055 523 Prima
3098 469 3242 527 enim
3289 470 3377 531 die
3411 474 3586 535 lucem
3639 478 3764 538 ﬁdei

468 535 582 593 tur,
617 537 675 582 ut
710 526 781 582 sit
805 527 949 585 unde
978 526 1071 585 illa
1122 530 1479 603 signiﬁcantia
1517 548 1767 610 tanquam
1821 547 2066 604 sonantia

465 628 879 675 connectentur.

536 734 591 789 5.
622 733 729 789 llas
763 744 943 791 autem
971 752 1150 795 rerum
1177 750 1447 811 gestarum
1479 746 1676 818 ﬁguras
1719 750 1787 807 de
1822 754 2063 825 mysticis

465 822 735 882 thesauris
776 829 1121 899 sapientium,
1168 845 1226 889 ut
1256 838 1618 908 praediximus,
1662 822 2059 921 depromentes,

462 914 515 971 in
547 933 707 973 unam
738 918 968 978 formam
999 928 1319 995 compendio
1347 930 1625 991 brevitatis
1652 941 2017 999 contraximus
2042 961 2058 1011 ;

458 1011 750 1084 in,quibus
778 1016 948 1075 lector
987 1037 1092 1077 non
1127 1034 1307 1080 nostra
1340 1029 1500 1099 leget,
1528 1033 1622 1088 sed
1654 1045 1892 1092 veterum
1921 1040 2062 1097 rele-

456 1114 563 1193 get.
595 1107 748 1174 Quod
794 1114 937 1167 enim
966 1129 1065 1186 ego
1108 1116 1319 1187 loquor,
1348 1121 1424 1176 illi
1454 1123 1669 1193 dicunt;
1720 1139 1775 1184 et
1803 1147 1906 1186 vos
1939 1149 2057 1191 mea

455 1190 693 1262 ipsorum
724 1209 808 1255 est
834 1200 1033 1272 lingua.
1060 1204 1285 1278 Sumpta
1314 1208 1493 1281 itaque
1517 1190 1729 1271 sunt-ab
1751 1190 2057 1280 auctoribus

454 1282 1017 1366 Origene,Victorino,
1048 1301 1203 1371 261
1238 1305 1545 1373 Ambrosio,
1574 1309 1921 1385 Hieronymo,
1945 1318 2056 1371 Au-

450 1383 691 1451 gustino,
724 1386 1027 1459 Fulgentio,
1060 1391 1337 1461 Cassiano,
1383 1412 1445 1453 ac
1486 1402 1655 1456 nostri
1690 1383 1945 1474 temporis
1979 1408 2055 1462 in-

452 1473 680 1543 signiter
707 1479 981 1549 eloquenti
1022 1483 1301 1556 Gregorio.

1090 1597 1320 1655 CAPUT
1363 1601 1401 1655 I.

516 1676 816 1739 Prtemissio
837 1687 1004 1754 operis
1031 1706 1188 1814 usqlue
1207 1693 1288 1816 at;
1299 1695 1650 1773 expulsionem
1673 1699 1893 1756 hominis
1913 1704 1977 1758 de

1157 1780 1250 1815 ara
1291 1781 1386 1816 tso.

1157 1780 1386 1822 araatso.

2170 553 2339 623 dedit,
2365 556 2485 625 quia
2527 556 2696 625 prima
2726 568 2811 613 est
2848 559 2902 614 in
2949 563 3301 632 conversione
3337 564 3491 623 ﬁdes.
3523 568 3678 628 Unde
3707 585 3765 629 et

2168 645 2311 701 istud
2341 648 2572 717 primum
2603 651 2657 705 in
2699 650 2793 707 Dei
2831 655 3115 724 praeceptis
3152 658 3465 716 mandatum
3492 671 3576 719 est
3608 680 3623 717 :
3653 663 3764 719 Do-

2167 738 2335 792 minus
2375 738 2512 793 Deus
2550 749 2668 796 tuus
2700 741 2836 798 Deus
2858 760 2991 799 unus
3021 758 3115 802 est.
3146 746 3373 821 PrOpter
3408 767 3568 822 quam
3598 754 3758 812 Iidem

2165 830 2281 899 ipse
2309 831 2567 888 Dominus
2589 835 2748 889 etiam
2776 838 3053 895 visibiliter
3076 839 3130 896 in
3154 843 3355 899 mundo
3370 859 3635 915 apparere
3660 863 3761 904 vo-

2166 922 2287 981 luit.

2233 1012 2285 1072 5.
2313 1017 2381 1071 Et
2412 1019 2580 1074 divisit
2606 1022 2772 1076 lucem
2794 1040 2825 1077 a
2854 1027 3109 1094 tenebris;
3142 1044 3263 1085 nam
3293 1040 3417 1087 tunc
3438 1032 3582 1090 Deus
3604 1034 3759 1104 juxta

2162 1109 2519 1177 prmscientite
2562 1126 2671 1167 suae
2712 1116 2936 1184 gratiam
2968 1118 3149 1174 divisit
3173 1121 3375 1190 justus,
3404 1124 3458 1180 id
3488 1134 3592 1193 est,
3618 1126 3760 1183 ﬁlios
3827 1116 3839 1129 ’

2162 1198 2257 1254 Dei
2307 1212 2361 1257 et
2399 1202 2555 1272 lucis,
2600 1220 2628 1257 a
2676 1208 3065 1278 peccatoribus,
3117 1223 3369 1284 tanquam
3411 1231 3442 1272 a
3485 1218 3755 1289 tenebris;

2155 1288 2332 1360 justos
2377 1308 2575 1351 vocans
2620 1296 2783 1367 diem,
2812 1310 2867 1355 et
2900 1302 3021 1357 illos
3061 1316 3304 1376 noctem;
3347 1324 3469 1365 nam
3516 1313 3661 1383 quod
3700 1315 3757 1370 in

2157 1385 2394 1444 Ecclesia
2428 1392 2563 1448 lucis
2590 1396 2807 1450 nomine
2828 1398 2956 1467 justi
2985 1403 3342 1473 appellentur,
3374 1407 3501 1464 audi
3522 1414 3756 1480 Aposto-

2156 1479 2267 1535 lum
2294 1496 2311 1538 :
2342 1483 2561 1552 Fuistis,
2595 1488 2786 1558 inquit,
2820 1492 3100 1561 aliquando
3137 1497 3373 1566 tenebris,
3405 1516 3544 1555 nunc
3574 1479 3753 1560 autem

2157 1571 2248 1626 lux
2274 1573 2326 1627 in
2358 1574 2580 1631 Domino
2622 1578 2837 1650 (Ep/tes.
2872 1597 2925 1649 ν,
2952 1582 3031 1652 8).

2224 1664 2279 1720 6.
2311 1668 2515 1726 Deinde
2536 1674 2770 1729 secunda
2787 1675 2875 1730 die
2899 1676 3136 1747 disponit
3163 1680 3306 1737 Deus
3329 1682 3747 1758 firmamentum,

2154 1760 2205 1814 id
2247 1771 2346 1827 est,
2387 1764 2806 1823 solidamenlum
2850 1780 3155 1827 sanctarum
3190 1763 3751 1854 Scriptugarnmiﬁr—

519 1845 568 1899 l.
599 1843 858 1903 Creatura
882 1852 1004 1907 εωΙί
1033 1862 1088 1908 et
1119 1862 1275 1911 terrae
1307 1860 1578 1927 quomodo
1610 1864 1958 1923 bistorialiter
1979 1868 2047 1923 ab

2153 1862 2484 1909 mamentum
2517 1858 2661 1912 enim
2696 1859 2748 1913 in
2783 1860 3020 1917 Ecclesia
3051 1865 3345 1934 Scriptura;
3374 1843 3567 1925 divinae
3594 1872 3751 1927 intel-

441 1939 667 1993 exordio
709 1940 955 2012 principii
1006 1945 1219 2003 condita
1260 1949 1331 2004 sit
1370 1950 1627 2020 legimus;
1680 1939 1777 2011 sed
1820 1959 2046 2028 qualiter

440 2029 493 2085 in
526 2032 763 2088 Ecclesia
804 2036 1155 2107 spiritualiter
1180 2056 1213 2096 a
1242 2042 1554 2102 doctoribus
1598 2047 1920 2118 accipiatur.
1962 2052 2045 2106 in-

445 2122 768 2196 telligamus.

512 2216 567 2271 Ξ.
595 2217 663 2273 In
695 2221 950 2291 principio
992 2225 1113 2295 fecit
1156 2225 1296 2283 Deus
1317 2230 1497 2285 caelum
1527 2242 1575 2285 et
1606 2242 1814 2287 terram.
1840 2235 2044 2292 Princi-

437 2312 583 2380 pium
630 2310 882 2370 Christus
928 2326 1033 2383 est,
1075 2320 1214 2374 sicut
1246 2321 1360 2391 ipse
1408 2324 1460 2377 in
1510 2324 1803 2396 Evangelio
1840 2327 2041 2383 Judaeis

435 2404 894 2477 interrogantibus
944 2415 1222 2483 respondit
1272 2433 1286 2470 :
1331 2415 1447 2490 Ego
1495 2419 1826 2490 principium,
1858 2424 1947 2492 qui
1992 2435 2041 2479 et

435 2497 616 2568 loquor
640 2502 777 2557 vobis
806 2501 988 2574 (Joan.
1044 2522 1157 2574 vm,
1204 2506 1322 2578 25).
1357 2509 1413 2566 ln
1443 2510 1546 2565 hoc
1577 2511 1740 2583 igitur
1780 2516 2040 2584 principio

433 2591 557 2663 fecit
606 2593 751 2651 Deus
789 2598 1005 2666 ctelum,
1051 2599 1103 2654 id
1148 2611 1253 2670 est,
1303 2601 1630 2673 spirituales,
1660 2606 1752 2677 qui
1790 2609 2034 2663 cmleStia

433 2683 762 2745 medi-tantur
786 2699 841 2745 et
868 2701 1145 2759 quaerunt;
1172 2694 1225 2748 in
1252 2696 1367 2764 ipso
1399 2694 1526 2751 fecit
1562 2704 1619 2753 et
1649 2700 1915 2765 carnales,
1945 2702 2037 2770 qui

434 2774 660 2831 necdum
695 2786 967 2836 terrenum
1000 2780 1275 2839 hominem
1322 2784 1710 2855 deposuerunt.
1752 2789 1914 2846 Terra
1943 2809 2037 2846 au-

431 2871 529 2918 tem
555 2876 667 2922 erat
693 2869 865 2925 inanis
909 2882 957 2927 et
988 2890 1171 2931 vacua.
1204 2876 1371 2932 Terra
1398 2879 1605 2935 scilicet
1632 2883 1809 2937 carnis
1836 2895 2035 2940 nostra;

429 2954 604 3014 inanis
630 2970 749 3018 erat
802 2973 856 3018 et
899 2979 1087 3034 vacua,
1129 2970 1439 3038 priusquam
1478 2973 1737 3030 doctrinae
1764 2976 2035 3045 acciperet

430 3052 679 3112 lorumm.
729 3057 800 3113 Et
844 3063 1061 3117 tenebrte
1100 3073 1247 3119 erant
1279 3082 1433 3147 super
1467 3068 1653 3139 faciem
1690 3071 1883 3141 abyssi,
1909 3072 2031 3141 quia

430 3138 747 3201 delictorum
778 3150 996 3206 caecitas
1022 3162 1077 3208 et
1104 3138 1422 3224 ignorantiae
1447 3138 1709 3228 profunda
1730 3138 2029 3216 obscuritas

428 3234 588 3291 corda
619 3246 800 3295 nostra
832 3242 1062 3312 tegebat.

494 3325 551 3385 5.
582 3327 651 3381 Et
695 3331 912 3399 spiritus
954 3332 1053 3389 Dei
1098 3339 1355 3406 ferebatur
1384 3357 1540 3411 super
1567 3359 1751 3412 aquas.
1795 3342 2027 3413 Spiritus

427 3426 602 3475 autem
634 3420 733 3479 Dei
760 3438 924 3495 super
943 3441 1038 3482 cor
1059 3439 1304 3486 nostrum
1334 3434 1678 3491 tenebrosum
1703 3445 1757 3492 et
1779 3436 2024 3505 ﬂuidum,

424 3513 574 3581 quasi
603 3530 768 3585 super
793 3533 979 3588 aquas,
1010 3522 1120 3590 jam
1153 3526 1315 3598 262
1345 3528 1811 3597 superlerebatur;
1842 3530 1894 3584 in
1921 3544 2028 3599 quo

424 3602 780 3664 subsistentes
810 3614 1298 3684 requiesceremus,
1328 3618 1589 3689 cujusque
1632 3620 2027 3677 viviﬁcaremur

424 3692 572 3765 ﬂatu,
599 3709 653 3753 et
673 3700 828 3769 cujus
851 3704 990 3758 unda
1014 3706 1379 3766 ablueremur.

493 3788 547 3845 4.
575 3790 721 3847 Dixit
748 3811 945 3867 quoque
976 3796 1117 3855 Deus
1140 3818 1159 3856 :
1181 3801 1306 3858 Fiat
1333 3803 1447 3870 luat,
1478 3804 1532 3860 id
1569 3814 1674 3877 est,
1700 3805 2023 3862 illuminatio

492 3928 628 4016 Ibid.
658 3928 885 4005 Quaque
909 3938 1168 4016 dicuntur.
1186 3942 1258 3996 Ita
1274 3943 1399 3998 Mss.
1415 3958 1493 4009 o.,
1521 3945 1621 4016 hoc
1643 3954 1746 4011 est,
1766 3959 2018 4016 quaecun-

427 4015 533 4080 que
555 4004 829 4080 dicuntur,
860 4010 1133 4079 quomodo
1170 4029 1272 4067 non
1312 4004 1489 4069 solum
1517 4004 1907 4080 lsidoruéfsed
1936 4015 2018 4070 in-

421 4072 825 4157 terdumetiam'
849 4072 1036 4157 optimi
1067 4080 1373 4157 Latinitatis
1416 4096 1662 4141 auctores
1706 4072 2013 4157 loquuntur.

421 4139 534 4227 [Ioc
558 4148 655 4227 qui
681 4162 787 4202 non
825 4139 1094 4221 viderunt,
1129 4153 1269 4227 haud
1300 4139 1466 4210 veriti
1500 4139 2019 4227 sunt—iatldEre—Cqute

418 4213 745 4292 obtegulttur,
774 4230 831 4274 ut
868 4213 1345 4292 quaeque'dicunlur
1385 4229 1779 4283 adnecteretnr.
1823 4213 2014 4284 ϐἰιιίι..

484 4284 546 4369 ξ.
576 4284 853 4369 Cassiano.
879 4284 1067 4363 ‘Aliqui
1114 4296 1231 4350 libri
1274 4295 1508 4352 Cassiani
1536 4299 1650 4353 loco
1681 4297 2017 4369 Fulgentium

423 4354 644 4413 habent.
679 4358 735 4413 In
767 4360 886 4441 aliis
917 4354 1145 4441 uterque
1178 4369 1417 4437 ponitur,
1444 4379 1499 4424 et
1526 4354 1813 4441 utriusque
1843 4370 2015 4426 Isido-

414 4439 532 4481 rum
577 4430 973 4498 pgrsmdiosum
1019 4430 1193 4491 fuisse
1234 4430 1463 4494 constat.
1515 4440 1622 4495 Sed
1669 4430 1735 4494 in'
1770 4451 1881 4495 toto
1912 4442 2016 4496 hoc

416 4496 591 4577 apere
606 4496 909 4577 Fulgentii_l
918 4506 1057 4574 quod
1089 4508 1343 4577 sciamus)
1367 4510 1586 4564 verbum
1618 4513 1853 4577 nullum;
1881 4510 2015 4566 Cas-

416 4567 798 4643 sian_i_exst_ant
826 4567 1029 4643 aliquot
1059 4592 1086 4628 a
1119 4579 1273 4633 nobis
1300 4567 1515 4636 indicati
1556 4583 1680 4637 loci.
1716 4567 1907 4639 ϐιιιέι..

485 4638 628 4718 Ibid.
683 4638 1191 4718 [uige_ntii__nomen
1237 4664 1333 4703 cur
1376 4667 1481 4706 non
1524 4653 1594 4706 sit
1639 4654 2013 4718 omittendum,

346 4760 356 4779 π
414 4708 928 4795 ιιιιιιιηνίξνϐιίῐιιίιιε
958 4716 1086 4795 illud
1116 4720 1375 4795 omiserit,
1417 4723 1530 4795 dixi
1576 4723 1626 4777 in
1658 4708 2013 4795 iprolegome;

2149 1941 2406 2015 ligantur,
2435 1948 2575 2004 sicut
2612 1951 2872 2021 scriptum
2903 1963 2987 2009 est
3017 1973 3027 2006 :
3057 1955 3250 2011 Caelum
3278 1958 3577 2028 plicabitur,
3616 1965 3752 2019 sicut

2148 2037 2273 2092 liber
2304 2038 2459 2108 (Isai.
2486 2058 2673 2111 xxxiv,
2703 2042 2784 2115 4).
2817 2045 3187 2119 Discrevitqne
3216 2065 3379 2122 super
3418 2054 3522 2110 boc
3568 2055 3751 2113 ﬁrma-

2146 2144 2385 2189 mentum
2416 2152 2603 2206 aquas,
2635 2139 2687 2194 id
2722 2149 2825 2207 est,
2856 2140 3110 2199 cmlestes
3146 2146 3372 2215 populos
3408 2149 3747 2220 angelorum,

2146 2225 2238 2295 qui
2267 2242 2373 2283 non
2404 2245 2540 2299 opus
2569 2231 2768 2288 habent
2799 2236 2899 2290 hoc
2928 2238 3207 2308 suspicere
3235 2239 3659 2312 ﬁrmamentum,
3688 2251 3748 2299 ut

2145 2316 2387 2390 legentes
2414 2321 2634 2378 audiant
2666 2324 2889 2382 verbum
2922 2328 3040 2385 Dei.

2217 2413 2270 2465 7.
2306 2411 2501 2469 Vident
2547 2416 2690 2470 eitim
2737 2433 2862 2473 eum
2893 2434 3127 2489 semper,
3157 2430 3213 2478 et
3247 2423 3499 2496 diligunt,
3528 2425 3624 2483 sed
3649 2426 3749 2483 ιιιὲ

2144 2505 2420 2571 perposuit
2450 2504 2624 2573 ipsum
2667 2509 3063 2567 ﬁrmamentum
3094 2514 3228 2585 legis
3256 2531 3367 2572 suae
3393 2530 3556 2588 super
3592 2516 3743 2574 inﬁr—

2143 2593 2381 2648 mitatem
2429 2595 2739 2652 inferiorum
2781 2601 3121 2670 populorum,
3169 2614 3227 2659 ut
3272 2605 3346 2661 ibi
3382 2607 3741 2677 suspicientes

2142 2696 2469 2756 cognoscant
2489 2688 2719 2758 qualiter
2758 2692 3068 2748 discernant
3095 2695 3236 2751 inter
3263 2699 3502 2753 carnalia
3528 2707 3586 2755 et
3623 2698 3738 2770 spi-

2140 2779 2372 2849 ritualia,
2409 2783 2559 2852 quasi
2587 2783 2729 2839 inter
2753 2799 2921 2855 aquas
2941 2787 3250 2859 superiores
3277 2798 3333 2845 et
3359 2790 3664 2849 inferiores.

2210 2874 2265 2930 8.
2299 2875 2423 2930 Post
2452 2875 2568 2932 haec
2608 2877 2695 2933 die
2738 2878 2897 2934 tertio
2926 2879 3141 2951 collegit
3169 2882 3222 2937 in
3257 2898 3422 2938 unum
3462 2898 3629 2955 aquas
3655 2885 3738 2942 in-

2137 2967 2365 3022 feriores
2388 2968 2557 3024 salsas
2583 2985 2596 3023 :
2623 2970 2723 3025 hoc
2749 2980 2857 3037 est,
2888 2970 3137 3028 homines
3164 2971 3433 3041 inﬁdeles,
3464 2975 3557 3045 qui
3585 2974 3739 3048 cupi—

2136 3059 2361 3116 ditatum
2406 3071 2726 3131 tempestate
2755 3073 2809 3119 et
2842 3065 3200 3121 tentationum
3228 3068 3525 3124 carnalium
3554 3066 3737 3126 ﬂucti-

2134 3147 2237 3206 bus
2275 3153 2613 3223 quatiuntur,
2644 3164 2700 3209 et
2734 3156 2787 3210 in
2818 3170 2880 3212 se
2907 3155 3063 3226 ipsis,
3087 3158 3240 3228 quasi
3291 3161 3612 3229 amaritudo,
3652 3162 3738 3218 in-

2047 3233 2095 3295 C
2127 3246 2444 3302 cluduntur.
2480 3249 2899 3319 Segregavitque
2942 3250 3013 3306 ab
3063 3252 3143 3308 eis
3189 3252 3432 3320 aridam,
3476 3255 3734 3326 populum

2130 3338 2344 3395 scilicet
2366 3339 2569 3395 fontem
2595 3340 2720 3397 ﬁdei
2747 3342 3041 3408 sitientem,
3068 3344 3290 3415 ﬁxitque
3315 3346 3516 3403 dehinc
3542 3362 3735 3419 super-

2130 3430 2321 3486 borum
2362 3430 2584 3497 limites,
2625 3441 2680 3488 et
2725 3436 2966 3491 coercuit
2991 3451 3107 3504 eos,
3138 3454 3208 3494 ne
3255 3439 3579 3496 turbulentis
3626 3442 3733 3497 ini-

2132 3521 2398 3590 quitatum
2431 3538 2649 3578 suarum
2693 3524 2944 3581 ﬂuctibus
2976 3528 3205 3599 aridam,
3249 3530 3301 3585 id
3348 3539 3452 3595 est,
3494 3533 3731 3590 animam

2129 3612 2399 3668 sitientem
2434 3617 2625 3680 Deum,
2659 3618 3010 3685 conturbent;
3039 3620 3305 3691 liceatque
3332 3623 3380 3677 ei
3420 3625 3732 3692 germinare

2130 3707 2395 3763 bonorum
2419 3723 2640 3777 operum
2672 3708 2875 3765 fructus
2906 3711 3200 3767 secundum
3230 3728 3400 3783 genus
3427 3730 3607 3779 suum.
3642 3717 3726 3773 di-

2131 3799 2345 3870 ligendo
2383 3800 2687 3870 proximum
2727 3800 2779 3855 in
2827 3802 3080 3859 subsidiis
3111 3804 3493 3862 necessitatum
3534 3820 3729 3866 carus-

2200 3933 2341 4012 Ibid.
2388 3934 2768 4012 Spirituales...
2815 3902 3069 3992 carnales.
3125 3937 3201 3993 Ex
3250 3940 3570 4012 Augustino,
3627 3958 3731 4006 xm

2125 4006 2398 4070 Confess.,
2431 4021 2479 4062 c.
2523 4006 2609 4060 12.
2639 4007 2832 4064 ϐιιιΑι..

2199 4100 2338 4155 Ibid.
2374 4098 2533 4153 Terra
2562 4109 2734 4154 autem
2772 4111 2879 4155 erat
2906 4101 3074 4157 inanis
3101 4115 3150 4158 et
3178 4119 3358 4161 vacua.
3406 4104 3482 4160 Ita
3504 4109 3724 4171 quidem

2126 4172 2247 4245 libri
2270 4186 2459 4245 omnes
2483 4172 2830 4245 tnanuscripti
2854 4181 2908 4227 et
2929 4176 3136 4239 excusi,
3168 4175 3328 4229 etiam
3351 4177 3489 4245 apud
3521 4175 3723 4238 Euche-

2131 4244 2270 4297 rium
2301 4253 2355 4298 et
2402 4242 2597 4316 Bedam
2623 4261 2637 4308 ;
2667 4244 2760 4316 sed
2800 4245 3108 4316 explicatio,
3141 4245 3254 4300 sive
3292 4242 3570 4316 allegoria,
3616 4266 3722 4308 non

2127 4314 2412 4387 adbibeth
2455 4313 2537 4367 his
2590 4314 2788 4377 verbis,
2839 4314 3084 4387 sediillis
3118 4318 3292 4384 potius
3338 4313 3457 4387 qua:
3498 4331 3723 4380 suntex

2124 4383 2266 4457 LXX
2301 4402 2314 4436 :
2347 4382 2509 4457 Terra
2527 4395 2699 4438 autent
2725 4395 2833 4439 erat
2857 4382 3130 4457 invisibilis
3151 4397 3199 4441 et
3227 4382 3586 4457 incomposita.
3610 4396 3723 4449 Au-

2120 4453 2366 4529 gustinus
2404 4455 2522 4529 loco
2552 4458 2800 4529 progime
2828 4457 2992 4529 citato
3026 4475 3039 4510 ε
3078 4456 3214 4525 Quia
3260 4468 3307 4513 et
3353 4453 3497 4529 apud
3544 4478 3638 4517 nos
3665 4465 3723 4520 in

2124 4525 2330 4601 Christo
2358 4542 2449 4601 suo
2481 4526 2601 4601 [erit
2648 4526 2782 4581 Deus
2811 4527 2998 4581 caelum
3035 4539 3082 4582 et
3112 4541 3320 4594 (errant,
3348 4525 3651 4601 spirituales
3672 4547 3724 4591 ct

2120 4597 2353 4650 carnales
2379 4594 2622 4651 Ecclesia:
2656 4613 2782 4660 suae.
2816 4608 2862 4652 et
2891 4608 3027 4652 terra
3057 4609 3250 4665 nostra,
3284 4594 3559 4669 antequam
3582 4607 3722 4659 acci-

2124 4677 2263 4736 peret
2294 4668 2508 4746 formam
2545 4669 2809 4746 doctrinm,
2834 4670 3099 4746 invisibilis
3126 4681 3310 4746 erat_et
3356 4668 3720 4746 ineantposita,

2122 4748 2169 4791 et
2190 4740 2493 4812 ignorantia:
2516 4739 2735 4793 tenebris
2761 4740 3077 4812 tegebamur,
3100 4741 3207 4795 etc‘.
3235 4741 3427 4799 ϐιιιΑι..

341 4794 352 4863 ς
416 4777 530 4862 nis,
549 4795 601 4835 c.
631 4778 734 4864 δοες.
754 4784 915 4882 n.vl_9
938 4796 991 4839 et
1013 4785 1107 4842 20.
1127 4787 1293 4882 perte
1319 4777 1611 4882 auctoritas
1634 4777 2013 4882 .Jiianni‘s'Dia-
2044 4777 2097 4836 D
3593 4817 3667 4873 ait
3700 4835 3714 4872 :

415 4850 678 4926 eoni,_qui
719 4853 775 4926 in
816 4852 938 4926 _Vita
971 4858 1142 4913 sancti
1189 4859 1429 4926 Gregorii
1470 4864 1580 4918 haec
1632 4865 1815 4920 lsidori
1852 4850 2010 4922 verba

414 4921 631 5005 protulit
654 4931 710 4977 et
734 4922 1070 5005 Fulgentiutn
1105 4940 1223 5005 post
1251 4921 1384 4986 alios
1415 4935 1675 5001 nominat,
1720 4937 1849 4990 tanti
1880 4921 2011 5005 pnn-

416 4991 559 5116 geris
608 5006 732 5049 esse
779 4991 942 5051 debet
988 5007 1047 5052 ut
1099 4991 1167 5056 ab
1238 5018 1298 5055 ea
1350 5018 1456 5058 non
1511 5008 1581 5060 sit
1628 4991 2006 5063 recedendum.

460 5076 587 5116 nev.

460 5076 587 5119 ιιιν.

481 5130 611 5191 Cu.
636 5149 675 5189 I.
704 5134 772 5193 N.
804 5136 856 5192 i.
888 5137 1135 5194 Creatura
1153 5144 1267 5197 caeli
1296 5156 1342 5197 et
1369 5154 1536 5201 terrm.
1568 5146 1814 5203 Veterem
1844 5149 2009 5203 inter-

415 5205 1031 5285 pretem_imitatus_est;
1061 5215 1371 5285 quodenim
1401 5216 1657 5285 Vulgatus
1688 5239 1702 5275 :
1736 5218 1860 5271 Ista:
1887 5231 2007 5275 sunt

414 5277 761 5342 generationes
785 5281 899 5334 caeli
926 5290 973 5334 et
997 5277 1164 5348 terrm,
1190 5284 1280 5340 ille
1309 5277 1536 5341 reddens
1565 5290 1724 5344 verba
1756 5290 1893 5344 LXX
1929 5292 2007 5345 in-

416 5352 705 5434 grpretum
738 5366 751 5402 :
794 5351 931 5411 Δύτὴ
960 5354 990 5410 ἡ
1018 5353 1189 5434 βίϐλιξς
1216 5359 1460 5429 γενέσεως
1486 5362 1708 5434 cupavo}
1746 5366 1834 5415 καὶ
1866 5369 1960 5434 γῆς
1989 5379 2004 5416 :

416 5411 518 5486 Hic
545 5425 620 5471 est
640 5418 769 5473 liber
793 5411 1043 5475 creaturi:
1071 5411 1186 5479 caeli
1214 5411 1261 5480 et
1291 5411 1841 5486 ιάτω’‹ιίκ¹ίίζι;ὶηξὶζζ

478 5485 533 5541 2.
582 5486 651 5542 In
691 5492 943 5564 principio
965 5495 1108 5564 fecit,
1152 5512 1219 5553 ex
1267 5497 1429 5553 LXX.
1478 5499 1675 5555 Creavit
1701 5485 1913 5559 Valent.
1952 5512 2007 5559 et

414 5555 619 5644 Camp...
649 5555 716 5644 ei:
746 5555 904 5644 Vulg.
937 5555 1129 5644 (imas.

478 5627 617 5716 Ibid.
652 5631 772 5715 Ego
788 5627 1118 5716 principium,
1147 5640 1307 5716 quiet
1327 5641 1701 5716 loquor._Quod
1728 5653 1775 5699 et
1801 5645 2000 5716 loquor,

412 5697 654 5775 Apgust.,
687 5697 840 5772 cujus
883 5697 1006 5761 sunt
1044 5697 1179 5775 haec,
1213 5710 1304 5765 lib.
1350 5697 1476 5767 t'de
1506 5697 1642 5769 (ἔδει.
1675 5697 2004 5771 contrarii—la:

413 5770 573 5854 uictu,
600 5770 808 5854 cap},
842 5777 1139 5854 eodemque
1164 5770 1326 5838 modo
1360 5783 1499 5854 apud
1530 5784 1873 5842 Ambrosium
1904 5770 2007 5844 ini-

410 5839 479 5896 tio
503 5839 685 5903 operis
715 5844 979 5905 Hexaem.
1014 5839 1211 5906 G'utsL.

2119 4878 2186 4932 In
2231 4880 2486 4951 principio
2516 4880 2654 4949 fecit,
2691 4878 2796 4935 etc.
2845 4881 3004 4951 Apud
3042 4878 3289 4938 eumdem
3324 4896 3566 4941 sanctum
3607 4890 3717 4943 Au-

2115 4950 2382 5017 gustinum
2415 4950 2504 5003 alii
2540 4952 2719 5021 legunt
2749 4950 3093 5024 Principium,
3125 4956 3246 5025 quia
3265 4965 3313 5009 et
3344 4956 3526 5027 loquor
3553 4957 3715 5013 vobis.

2116 5026 2285 5074 Ansv.
2813 5066 2825 5076 .

2185 5088 2461 5167 LAPrima
2489 5093 2592 5158 die,
2625 5108 2796 5167 usque
2820 5095 2885 5167 ad
2911 5111 3159 5167 apparere
3180 5098 3357 5162 voluit,
3388 5096 3713 5167 Augustinus

2112 5161 2218 5216 ide
2246 5159 2441 5216 Cenes.
2475 5174 2660 5218 contra
2693 5159 2955 5229 Manich.,'
2980 5159 3039 5221 'c.
3072 5166 3163 5224 25.
3195 5159 3387 5223 ϐιιιΑἰ..

2183 5233 2235 5289 5.
2270 5233 2558 5307 Apostolus
2588 5250 2602 5288 :
2636 5232 2808 5289 Eratis
2836 5238 2974 5291 enim
2999 5238 3299 5307 aliquando,
3333 5246 3436 5293 etc.
3470 5236 3529 5293 In
3555 5237 3713 5296 Gri:-

2112 5303 2169 5358 lii
2198 5314 2344 5375 textu
2378 5303 2629 5359 mendum
2656 5315 2772 5360 erat
2794 5307 2933 5375 ﬁlios
2983 5303 3157 5361 Dei'et
3183 5307 3341 5362 luces.
3378 5310 3551 5364 Διεν.

2183 5374 2238 5429 ϐ.
2266 5373 2719 5453 Deindesecunda
2747 5373 2849 5453 die,
2881 5392 3049 5453 usqu‘e
3070 5378 3137 5453 ad
3163 5379 3549 5453 superiorem}!
3576 5382 3715 5453 infe-

2109 5446 2289 5510 riores,
2322 5446 2555 5522 carptim
2574 5462 2642 5503 ex
2666 5449 2840 5522 ejusd.
2859 5446 2975 5522 Axm’
2995 5446 3262 5516 Confess.,
3294 5465 3415 5522 cap.
3446 5450 3538 5521 15,
3560 5460 3616 5510 et
3631 5446 3714 5512 ὀι

2110 5528 2335 5571 icontra
2364 5518 2621 5583 Manich.,
2652 5534 2703 5573 c.
2730 5521 2821 5574 cit.
2847 5518 3039 5573 GnuL.

2183 5585 2320 5640 Ibid.
2360 5587 2583 5657 Vulgata
2621 5608 2636 5644 :
2669 5588 3155 5660 Complicabuntur,
3206 5593 3339 5649 sicut
3376 5593 3534 5665 liber,
3573 5596 3707 5653 ccli.

2111 5658 2280 5713 Αιιεν.

2266 5728 2397 5810 fast
2437 5731 2546 5810 haec
2574 5731 2657 5810 die
2684 5730 2861 5810 tertio,
2882 5745 3054 5803 usque
3077 5734 3144 5810 a_c_l
3174 5739 3346 5810 ualido
3374 5738 3562 5809 robore.
3569 5738 3705 5810 justi

2103 5800 2316 5871 judicii,
2344 5801 2559 5857 ex'eod.
2594 5800 2686 5857 lib.
2718 5800 3047 5863 ConfesSJc.
3080 5806 3169 5863 l7.
3198 5807 3392 5866 GltlAL.
