4100 6344
446 382 546 442 IN

1474 382 1531 440 Β.
1578 380 1827 440 ISIDORI
1868 374 2307 439 HISPALENSIS
2346 374 2649 436 EPISCOPI

3608 354 3716 433 sti

365 477 377 558 ξ
443 496 605 563 lium;
628 496 931 570 habeatque
954 500 1006 554 tn
1029 513 1089 555 se
1114 513 1297 556 semen
1328 500 1487 571 233
1527 499 1817 554 secundum
1844 495 2029 552 simili-
2054 502 2105 558 Α
2133 510 2284 551 suam
2316 514 2329 550 :
2360 496 2651 566 perlectum
2695 493 2903 551 scilicet
2941 495 3139 562 virum,
3163 490 3255 565 qui
3284 506 3391 550 non
3419 490 3717 564 quemlibet

442 588 705 660 tudinem,
737 599 795 647 ut
817 607 885 648 ex
903 606 1006 647 sua
1031 591 1339 648 intirmitate
1369 592 1721 659 compatiatur
1741 592 1804 647 ad
1835 592 2027 647 subve-

440 679 697 736 niendutn
724 682 1107 753 indigentibus.

510 770 567 831 9.
597 770 862 829 Producat
888 785 943 832 et
966 778 1166 846 lignum
1195 778 1328 831 torte
1357 777 1568 841 robore,
1591 786 1644 831 et
1672 776 2023 845 lructilerum,

435 859 489 915 id
522 870 624 925 est,
662 862 980 920 benelieium
1029 866 1093 919 ad
1125 867 1455 935 eripiendum
1487 884 1609 921 eum
1650 868 1739 937 qui
1772 868 2023 936 injttriam

432 953 635 1022 patitur
662 954 730 1009 de
760 973 917 1009 manu
954 959 1205 1023 potentis,
1232 966 1284 1010 et
1308 958 1649 1024 praebendum
1674 959 2023 1028 protectionis

436 1045 805 1103 umbrticulum
838 1050 1012 1103 valido
1046 1051 1239 1104 robore
1262 1050 1392 1120 justi
1419 1052 1627 1121 judicii.

508 1137 597 1192 10.
632 1139 829 1194 Deinde
858 1149 1044 1210 quarta
1092 1144 1177 1195 die
1220 1142 1556 1198 etnicucrunt
1602 1142 1885 1199 luminaria
1934 1144 2028 1198 lir-

436 1239 709 1283 mamento
737 1230 870 1299 legis
914 1231 1097 1296 inﬁxa,
1154 1233 1207 1287 id
1249 1244 1351 1298 est,
1384 1235 1722 1305 evangelistte
1760 1244 1815 1290 et
1844 1235 2030 1291 docto-

433 1337 542 1391 res,
591 1323 883 1392 Scriptura:
935 1336 1134 1381 sancta:
1190 1330 1524 1386 colnerentes
1572 1329 1915 1398 diaputando,
1974 1336 2029 1385 et

432 1412 681 1469 omnibus
712 1414 1062 1473 inferioribus
1108 1417 1291 1474 lumen
1330 1419 1610 1488 sapientia:
1636 1422 2024 1476 ministrantes.

431 1509 832 1566 Protulitetiam
856 1522 912 1568 et
932 1525 1181 1569 cteteram
1205 1516 1514 1570 micantium
1531 1516 1767 1570 siderum
1792 1515 2023 1583 turbam,

432 1603 484 1657 id
508 1614 612 1670 est,
644 1605 981 1663 diversarum
1009 1610 1265 1662 virtutum
1309 1609 1359 1661 in
1409 1609 1647 1664 Ecclesia
1677 1608 2029 1663 numerosita-

430 1701 559 1760 tem,
586 1709 706 1765 qua:
730 1695 782 1749 in
810 1694 969 1765 hujus
990 1698 1110 1752 vita:
1132 1697 1479 1764 obscuritate,
1506 1707 1756 1767 tanquam
1788 1698 1839 1752 in
1869 1707 2028 1753 nocte

429 1781 781 1857 refulgentes,
825 1787 1067 1844 dividant
1117 1790 1172 1845 in
1222 1792 1323 1846 ltoc
1368 1776 1705 1847 ﬁrmamento
1737 1792 2027 1863 Scriptum

427 1878 703 1933 sensibilia
758 1889 814 1936 et
859 1880 1252 1953 intelligibilia,
1303 1883 1453 1953 quasi
1496 1884 1637 1938 inter

426 1964 689 2026 tectorum
733 1982 788 2030 et
828 1974 1079 2031 tenebras
1125 1978 1495 2045 parvulorum,
1526 1986 1579 2031 et
1618 1974 1725 2029 sint
1766 1975 1818 2029 in
1859 1974 2027 2044 signis

432 2063 690 2120 virtutum
725 2076 781 2123 et
832 2069 1243 2136 miraculorum,
1269 2072 1373 2125 sint
1401 2071 1565 2125 etiam
1608 2070 1661 2123 itt
1694 2080 1932 2139 tempora
1971 2078 2027 2123 et

428 2166 622 2225 annos,
650 2157 777 2229 quia
812 2160 1195 2230 pradicatores
1223 2161 1454 2233 propriis
1488 2161 1814 2230 temporibus
1841 2161 2027 2215 vivunt

426 2246 489 2299 et
505 2252 805 2319 transeunt,
830 2253 1051 2308 verbum
1102 2261 1283 2311 autem
1331 2254 1542 2310 Domini
1585 2262 1765 2309 manet
1794 2254 1845 2307 in
1870 2263 2025 2310 reter-

500 2421 590 2480 11.
620 2425 799 2495 Quare
825 2436 1007 2485 autem
1050 2430 1227 2501 primo
1265 2438 1409 2486 terra
1451 2430 1794 2502 germinavit,
1828 2431 2025 2488 deinde

428 2508 572 2578 facta
596 2523 724 2571 sunt
748 2517 1075 2575 luminaria?
1097 2521 1201 2575 nisi
1231 2522 1353 2590 quia
1386 2533 1505 2591 post
1532 2536 1693 2593 opera
1720 2523 1854 2577 bona
1878 2524 2025 2579 venit

425 2601 750 2691 illuminatio
779 2607 914 2666 lucis
934 2611 1001 2667 ad
1030 2613 1496 2683 contemplandum
1520 2614 1753 2684 speciem
1775 2630 2023 2686 supernas

424 2692 681 2754 virtutis?

504 2784 593 2844 12.
624 2787 770 2847 inter
798 2793 914 2849 hac
938 2795 1026 2853 die
1055 2798 1243 2868 quinta
1279 2798 1418 2854 facta
1450 2809 1576 2856 sunt
1603 2802 1655 2855 in
1677 2802 1831 2872 aquis
1860 2803 2025 2874 repti-

423 2874 495 2935 lla
533 2876 832 2939 animarum
878 2886 1141 2954 vivarum,
1186 2888 1451 2958 homines,
1500 2894 1727 2960 scilicet,
1778 2896 2024 2951 renovati

422 2968 480 3031 in
521 2975 685 3032 vitam
729 2993 830 3049 per
859 2979 1110 3051 baptismi
1154 2994 1570 3042 sacramentum.
1619 2987 1773 3044 Facta
1816 2999 1942 3046 sunt
1969 3000 2026 3047 et

427 3060 689 3133 volatilia,
720 3068 776 3125 id
800 3078 903 3135 est,
937 3084 1140 3130 sanctae
1169 3078 1365 3131 animae
1394 3077 1459 3132 ad
1490 3095 1723 3149 superna
1753 3082 2019 3139 volantes.

495 3153 587 3213 13.
616 3155 746 3214 Post
772 3158 890 3217 bzec
915 3176 1065 3219 sexta
1094 3166 1183 3220 die
1209 3167 1455 3234 produxit
1496 3178 1635 3225 terra
1674 3173 1904 3228 animam
1945 3176 2022 3229 vi-

2134 597 2439 643 sanctorum
2481 592 2716 643 virorum
2768 587 3044 648 imitando,
3104 585 3199 640 sed
3240 588 3407 656 ipsam
3438 585 3716 642 veritatem

2133 681 2616 748 contemplabiliter
2666 681 2951 748 intuendo,
3012 690 3265 749 operatur
3310 679 3602 747 justitiam,
3660 689 3719 735 ut

2134 770 2303 841 ipsam
2353 772 2643 841 intelligat,
2690 784 2739 829 et
2792 780 3071 841 sequatur,
3124 771 3189 825 ad
3233 768 3385 841 cujus
3435 770 3715 841 imaginem

2133 861 2304 918 lactus
2334 872 2436 929 est,
2479 867 2776 920 veritatem.
2818 865 2921 920 Iste
2948 866 3105 919 etiam
3156 866 3360 933 accepit
3399 871 3717 934 potestatem

2132 958 2353 1027 piscium
2385 960 2567 1024 maris,
2600 971 2652 1015 et
2677 959 2969 1013 volatilium
3001 958 3144 1027 coeli,
3178 971 3557 1026 pecorumque,
3583 956 3719 1011 fera-

2133 1062 2250 1104 rum
2283 1065 2515 1119 quoque,
2550 1064 2709 1121 atque
2738 1053 3062 1119 repentium,
3096 1050 3214 1121 quia
3247 1048 3533 1116 spiritualis
3563 1048 3721 1118 quis-

2131 1154 2236 1208 que
2264 1141 2505 1209 elTectus,
2529 1153 2583 1197 et
2608 1143 2715 1198 Deo
2741 1144 2927 1197 similis
2954 1142 3143 1207 factus,
3168 1142 3456 1197 secundum
3488 1144 3722 1211 Aposto-

2133 1232 2264 1298 lum,
2291 1234 2495 1303 judicat
2538 1237 2739 1303 omnia,
2775 1236 2887 1307 ipse
2915 1247 3091 1291 autem
3138 1251 3167 1290 a
3219 1237 3432 1292 nemine
3454 1236 3723 1307 judicatur

2134 1322 2188 1395 (Ι
2214 1323 2332 1379 Car.
2356 1340 2411 1393 tt,
2434 1327 2545 1394 15).

2205 1438 2294 1493 15.
2326 1438 2478 1505 Quod
2506 1455 2636 1495 vero
2663 1442 2905 1509 sequitur
2936 1458 2949 1493 :
2975 1439 3263 1495 Masculum
3295 1450 3339 1494 et
3369 1441 3612 1512 feminam
3640 1442 3720 1512 [e-

2133 1534 2199 1585 cit
2221 1550 2329 1598 eos,
2358 1534 2663 1602 spirituales
2693 1535 2745 1588 in
2775 1535 3038 1601 Ecclesia,
3063 1545 3114 1588 et
3135 1534 3446 1591 obedientes
3468 1535 3715 1602 ostendit,

2133 1628 2258 1695 quia
2305 1628 2440 1681 sicut
2490 1628 2605 1682 viro
2653 1629 2864 1683 subdita
2907 1637 2990 1683 est
3018 1630 3228 1693 mulier,
3265 1631 3342 1684 sic
3382 1628 3640 1697 s'piritttali
3670 1637 3722 1683 et

2137 1719 2371 1787 perfecto
2402 1720 2516 1775 vlro
2546 1722 2801 1776 obediens
2830 1733 2914 1776 est
2943 1723 2985 1776 is
3006 1723 3093 1792 qui
3125 1724 3299 1777 minus
3330 1722 3595 1792 perfectus
3616 1732 3718 1790 est,

2135 1814 2271 1868 sicut
2302 1814 2589 1881 Apostolus
2620 1814 2695 1868 ait
2730 1832 2747 1885 :_
2784 1814 3045 1886 Rogamus
3071 1832 3177 1882 vos,
3210 1817 3419 1887 fratres,
3451 1824 3503 1869 ut
3532 1832 3722 1887 cogno-

1676 1884 1845 1981 ‘ucfm‘
1892 1898 2026 1981 ,μετ’
2055 1881 2107 1944 Β
2133 1907 2285 1960 scalis
2336 1923 2418 1960 eos
2446 1908 2534 1977 qui
2563 1908 2616 1960 in
2642 1907 2777 1961 vobis
2810 1906 3084 1976 laborant,
3130 1918 3175 1962 et
3225 1920 3455 1981 prtesunt
3492 1910 3629 1963 vobis
3670 1911 3722 1962 in

2137 1997 2357 2053 Domino
2380 1997 2433 2071 (I
2462 1999 2637 2055 Thess.
2665 2016 2718 2066 v,
2746 2001 2856 2064 12).
2890 2000 3092 2055 Dicitur
3138 2011 3313 2055 autem
3344 1999 3423 2055 eis
3456 2018 3471 2056 :
3505 2000 3725 2057 Crescite

2134 2101 2182 2143 et
2211 2091 2648 2160 multiplicamini,
2678 2093 2789 2147 sive
2818 2093 2871 2147 itt
2901 2092 3115 2161 linguis,
3139 2094 3252 2149 sive
3278 2096 3328 2148 in
3359 2093 3723 2162 Spiritualiltus

2134 2184 2498 2252 intelligentiae
2538 2186 2826 2256 gradibus,
2878 2195 2936 2241 ut
2973 2187 3313 2242 dominentur
3362 2202 3455 2257 per
3500 2185 3721 2243 rationis

2132 2278 2461 2333 intellectum
2485 2281 2725 2335 omnium
2750 2282 3042 2336 carnalium
3066 2280 3551 2354 perturbationum,
3571 2281 3722 2353 quasi

2131 2370 2521 2429 insensibilium
2552 2374 2922 2429 animantium.

2208 2488 2293 2543 l6.
2329 2490 2514 2546 Omnis
2535 2500 2713 2545 autem
2746 2489 2908 2545 herba
2936 2489 3234 2555 seminatis,
3257 2500 3314 2545 et
3330 2504 3490 2545 omne
3522 2489 3720 2558 lignum

2130 2583 2489 2648 fructuosum,
2542 2582 2680 2651 quod
2730 2582 3038 2639 hominibus
3090 2582 3275 2636 datum
3322 2583 3487 2638 estin
3516 2596 3719 2647 escam,

2130 2674 2319 2730 ﬁdeles
2346 2684 2469 2729 sunt
2493 2674 2561 2729 de
2587 2674 2945 2731 oblationibus
2973 2682 3281 2729 sanctorum
3313 2672 3722 2730 necessitatibus

2130 2767 2610 2823 communicantes.
2646 2765 2801 2820 Unde
2834 2774 2889 2819 et
2916 2765 3203 2835 Apostolus
3236 2766 3311 2821 ait
3360 2781 3376 2819 :
3424 2763 3565 2819 Nam
3599 2766 3642 2819 si
3670 2764 3723 2819 in

2127 2859 2481 2926 spiritualibus
2511 2859 2784 2929 participes
2816 2858 2940 2927 facti
2976 2868 3093 2912 sunt
3120 2856 3354 2929 gentiles,
3384 2856 3564 2911 debent
3592 2866 3638 2910 et
3670 2858 3723 2911 in

2127 2951 2420 3007 carnalibus
2448 2953 2740 3006 ministrare
2764 2952 2833 3004 eis
2856 2950 3030 3019 (Rom.
3054 2967 3142 3017 xv,
3166 2950 3280 3021 27).
3312 2950 3437 3006 Haec
3465 2959 3589 3005 sunt
3615 2949 3723 3004 lru-

2128 3042 2320 3099 ctilera
2342 3042 2503 3111 ligna.
2526 3042 2583 3097 in
2610 3043 2727 3097 istis
2755 3058 2881 3112 ergo
2899 3042 3061 3115 285
3089 3042 3362 3112 gradibus,
3388 3050 3636 3111 tanquam
3666 3041 3720 3097 in

2128 3133 2451 3205 quibusdam
2477 3133 2691 3202 diebus,
2725 3149 2949 3203 vespera
2980 3142 3065 3189 est
3096 3135 3205 3204 ipsa
3254 3134 3512 3204 perlectio
3540 3134 3719 3205 singu-

423 3255 572 3314 vam,
597 3250 817 3318 quando
838 3266 967 3309 caro
993 3227 1508 3324 nostra-abstinens
1524 3261 1590 3317 ab
1604 3261 1855 3331 operibus
1880 3227 2020 3319 mor-
2049 3252 2096 3317 C
2130 3228 2303 3284 10mm
2323 3242 2568 3295 opemm’
2585 3236 2640 3281 ει
2665 3243 2821 3283 mane
2850 3227 3118 3283 inchoauo
3144 3229 3503 3301 sequenuum'

421 3334 549 3406 tuis,
586 3339 705 3396 vlva
734 3342 986 3399 virtutum
1027 3348 1267 3417 germina
1312 3352 1558 3420 parturit,
1600 3354 1891 3409 secundum
1920 3371 2014 3425 ge-

421 3439 525 3483 nus
554 3429 764 3487 scilicet
790 3448 967 3501 suum,
989 3434 1045 3491 id
1072 3445 1174 3501 est,
1202 3440 1367 3495 vitam
1398 3441 1656 3498 imitando
1682 3454 2014 3514 sanctorum,

420 3518 562 3575 sicut
588 3522 880 3591 Apostolus
907 3529 979 3582 ait
1012 3545 1029 3583 :
1059 3526 1351 3587 lmitatores
1382 3534 1481 3587 mei
1501 3543 1677 3589 estote.
1706 3535 2016 3593 Secundum

425 3620 672 3699 nostrum
717 3616 921 3688 quippe
959 3636 1129 3692 genus
1180 3624 1427 3691 vivimus,
1475 3628 1691 3697 quando
1743 3628 1797 3683 in
1854 3644 2018 3699 opere

424 3698 565 3757 bono
594 3713 813 3762 sanctos
841 3709 1009 3775 viros,
1028 3709 1192 3784 264
1212 3715 1362 3783 quasi
1394 3716 1689 3784 proximos,
1722 3698 2015 3773 inritamur.

424 3787 629 3851 Deinde
658 3798 915 3867 produxit
962 3810 1105 3857 terra
1154 3804 1375 3873 bestias,
1410 3806 1656 3862 homines
1689 3808 1741 3861 in
1782 3807 2018 3876 potentia

421 3897 628 3952 rerum,
654 3890 773 3946 sive
800 3890 1081 3948 ferocitate
1106 3896 1395 3961 superbiae.
1427 3896 1689 3955 Similiter
1708 3906 1763 3952 et
1791 3915 2015 3967 pecora;

422 3971 611 4031 ﬁdeles
658 3976 713 4031 in
744 3979 1089 4049 simplicitate
1119 3983 1242 4037 vita:
1271 3985 1543 4049 viventes;
1577 3997 1856 4052 serpentes
1885 4003 2019 4058 quo-

420 4082 530 4139 que
558 4072 831 4143 innoxios,
856 4087 1072 4133 sanctos
1099 4079 1349 4135 videlicet
1384 4081 1551 4149 viros,
1579 4082 1796 4139 astutia:
1817 4085 2019 4138 vivaci-

423 4164 535 4214 tate
566 4159 764 4217 bonum
795 4179 822 4216 a
872 4167 1012 4221 malo
1042 4167 1437 4237 discernentes,
1464 4181 1538 4234 et.
1569 4175 1619 4228 in
1654 4183 1913 4245 quantum
1936 4172 2017 4231 fas

423 4257 527 4318 est,
560 4255 824 4320 reptando
848 4270 1151 4316 scrutantes
1179 4272 1419 4329 terrena,
1449 4278 1542 4333 per
1572 4281 1690 4333 quae
1717 4264 2019 4334 intelligant

414 4346 773 4413 sempiterna,
828 4366 936 4405 non
982 4354 1103 4410 illos
1150 4370 1452 4411 venenosos
1499 4359 1593 4427 qui
1641 4373 1703 4415 se
1753 4359 1809 4415 in
1862 4360 2019 4429 hujus

422 4437 606 4491 mundi
637 4439 1021 4509 cupiditatibus
1045 4448 1275 4502 terrenis
1295 4450 1584 4505 collocant.

490 4527 577 4584 ﬂ.
626 4530 754 4587 PoSt
789 4534 903 4589 inec
945 4537 1073 4592 fecit
1124 4540 1263 4597 Deus
1309 4544 1585 4601 hominem
1622 4542 1689 4599 ad
1728 4545 2018 4615 imaginem

486 4661 541 4748 _9.
575 4659 919 4748 Protectionis
948 4673 1324 4748 umbraculum.
1360 4676 1432 4733 lla
1462 4675 1813 4748 Augustinus,
1846 4686 1901 4734 et
1930 4678 2011 4735 sic
2041 4680 2098 4742 D

418 4743 507 4805 est
530 4736 668 4805 apud
704 4736 922 4793 Bedam.
950 4744 1143 4800 GRIAL.

491 4803 580 4889 1‘9.
617 4803 818 4862 Deinde
843 4822 1027 4889 quarta
1048 4818 1157 4889 _die.
1204 4816 1281 4889 E}
1312 4831 1401 4870 xm
1427 4815 1609 4884 Conf.,
1638 4833 1756 4889 cap.
1791 4820 1879 4884 18,
1910 4828 1965 4876 et
1993 4836 2013 4876 l

412 4872 480 4959 de
498 4874 650 4959 gen.
670 4889 833 4959 gout.
854 4872 1128 4952 'Manich.,
1161 4901 1208 4940 c.
1241 4886 1335 4955 25,
1374 4896 1430 4942 et
1487 4872 2005 4959 Origene‘,bvom.ht

413 4944 465 4997 in
496 4941 631 4999 Gen.
666 4943 856 5004 GBIAL.
1113 4941 1128 4952 ’
1172 4980 1175 4981 ν

679 5019 967 5101 §ci~ipturw
1013 5032 1203 5101 sanctae
1244 5026 1580 5101 eohwrentes.
1633 5030 2004 5101 Appareamus,

416 5087 546 5170 sicut
562 5087 838 5170 luminaria
862 5093 912 5145 in
942 5094 1154 5170 mundo,
1175 5094 1483 5170 cnltrzrentes
1500 5087 1823 5170 ﬁrmamento
1854 5087 2005 5157 Scri:

417 5163 722 5237 pturartute.
763 5162 1115 5231 Augustinus,
1158 5182 1249 5221 χιιι
1283 5169 1462 5237 (iant,
1490 5162 1537 5223 ὁ.
1571 5175 1656 5227 18.
1689 5172 1782 5227 Est
1825 5183 2003 5228 autem

584 5226 904 5314 Euclieriuin
945 5242 1011 5314 et
1034 5226 1226 5314 "etiam
1258 5226 2006 5314 dem_onstrantes,apndltiti;

415 5304 913 5371 gus_t.tnutnAtamen,
943 5308 1313 5361 ministrantes.
1348 5309 1538 5367 GRIAL.

665 5357 922 5452 Tenebras
968 5357 1587 5452 pariete—ifv'eﬁii'éifnt
1616 5385 1853 5452 ejusdem
1898 5385 2006 5440 Au-

411 5434 782 5563 ἓιὲἱιὲὶᾶιέ).
826 5446 915 5500 19.
961 5434 1251 5506 Proborum
1297 5434 1485 5508 tamen
1501 5434 2003 5527 ﬁltalte‘n—tﬂ—ple‘riqﬁtle

483 5568 623 5658 Ibid.
678 5580 812 5645 Quia
841 5590 1218 5658 pradiratores.
1268 5593 1434 5655 Idem,
1480 5611 1527 5648 c.
1575 5596 1641 5650 16
1676 5614 1687 5649 :
1718 5596 2004 5652 Transeunt

410 5647 773 5732 prtedicatores
802 5647 936 5708 verbi
959 5664 1123 5732 tuiea:
1150 5664 1248 5717 hac
1275 5647 1375 5718 vita
1400 5647 1451 5719 in
1473 5647 1632 5721 aliain
1658 5647 1810 5721 vitam

397 5726 826 5811 ξένα
857 5740 1013 5795 υείιιιε
1033 5731 1094 5782 ίη⁰
1112 5733 1265 5801 ﬁnem
1290 5739 1466 5792 seaculi
1490 5753 1644 5807 super
1673 5726 1889 5811 papulas
1918 5755 2007 5793 ea:-

412 5788 650 5845 tenditur.
676 5793 865 5849 GRIAL.
928 5788 939 5795 ⁷
1002 5816 1005 5817 ⁷

491 5856 633 5917 Ibid.
661 5864 719 5923 ln
744 5877 859 5925 not.
882 5867 977 5926 Gr.
1004 5883 1119 5929 erat
1140 5890 1319 5938 quarto
1345 5883 1447 5938 die.
1476 5882 1647 5939 ΛΜΝ.

1756 6005 1801 6017 6,,

1990 6008 1993 6011 ,
2002 5987 2043 6008 ἐν

2198 3340 2287 3394 17.
2317 3338 2447 3394 Post
2475 3341 2698 3394 istorum
2746 3341 2925 3409 itaque
2944 3340 3099 3409 quasi
3146 3355 3241 3395 sea
3290 3340 3503 3397 dierum
3551 3354 3717 3409 opera

2124 3431 2266 3487 bona
2296 3433 2453 3485 valde
2478 3440 2666 3501 sperat
2695 3431 2856 3487 homo
2877 3433 3114 3502 quietem
3140 3433 3358 3496 mentis,
3393 3432 3719 3488 constitutus

2123 3526 2180 3581 in
2206 3525 2471 3595 spirituali
2518 3525 2768 3594 paradiso
2796 3565 2810 3587 ,
2862 3538 2969 3594 quo
3017 3526 3350 3595 signiﬁcatur
3380 3525 3486 3579 vita
3534 3524 3716 3590 beata,

2123 3617 2217 3671 ubi
2271 3614 2391 3670 fons
2419 3624 2501 3670 est
2559 3616 2858 3683 sapientiae,
2889 3614 3092 3670 divisus
3142 3617 3194 3668 in
3255 3622 3484 3684 quatuor
3538 3622 3718 3682 partes

2126 3708 2420 3773 virtutum;
2477 3706 2566 3761 ubi
2608 3708 2733 3763 edat
2780 3708 2909 3776 ligni
2957 3706 3081 3761 vitae
3134 3708 3382 3777 gratiam,
3439 3705 3528 3761 ubi
3560 3706 3718 3761 utiles

2122 3800 2438 3869 disciplinas
2489 3816 2724 3867 morum,
2772 3801 2928 3870 quasi
2961 3798 3164 3855 fructus
3194 3801 3463 3870 lignorum
3505 3808 3713 3868 carpat.

2124 3896 2219 3951 Est
2263 3910 2491 3965 namque
2521 3894 2799 3963 paradisus
2847 3894 2953 3948 vita
3001 3894 3299 3961 beatorum,
3334 3903 3567 3963 quatuor
3617 3892 3717 3947 ﬂu-

2124 3989 2271 4043 mina
2290 3997 2521 4059 quatuor
2542 3986 2788 4051 virtutes,
2822 3986 2962 4057 ligna
3005 3987 3124 4056 ejus
3171 4001 3354 4043 omnes
3388 3986 3546 4041 utiles
3566 3984 3717 4040 disci-

2124 4080 2305 4148 plinae,
2347 4079 2611 4147 lignorum
2636 4078 2840 4133 fructus
2869 4093 3050 4135 mores
3080 4078 3291 4148 piorum
3310 4117 3326 4143 ,
3370 4076 3569 4147 lignum
3595 4078 3717 4134 vita

2122 4173 2238 4241 ipsa
2280 4172 2541 4227 bonorum
2574 4173 2813 4225 omnium
2862 4182 3035 4226 mater
3083 4179 3168 4227 est
3195 4171 3478 4239 sapientia,
3522 4170 3590 4223 de
3614 4182 3715 4239 qua

2123 4266 2384 4331 scriptum
2433 4273 2535 4331 est,
2584 4266 2873 4323 Salomone
2925 4263 3183 4320 dicente:
3227 4263 3444 4332 Lignum
3491 4262 3604 4315 vita:
3640 4264 3715 4314 est

2124 4357 2205 4410 his
2227 4358 2313 4426 qni
2337 4357 2728 4427 apprehendunt
2746 4358 2909 4420 illam,
2941 4364 2991 4409 et
3018 4355 3102 4425 qni
3127 4354 3340 4410 tenuerit
3363 4370 3471 4408 eam
3494 4397 3511 4420 ,
3545 4355 3715 4407 beatus

2127 4450 2399 4521 (Proverb.
2454 4467 2531 4515 ιιι,
2568 4452 2689 4520 18).
2742 4450 2969 4519 Lignum
3017 4446 3263 4504 scientia:
3314 4445 3441 4502 boni
3485 4454 3541 4502 et
3588 4443 3713 4500 mali

2127 4544 2483 4614 transgressio
2504 4551 2588 4599 est
2614 4541 2871 4598 mandati.

2195 4677 2283 4732 M.
2310 4676 2685 4747 Perorumque,
2721 4679 3195 4747 ferarumqttoque,
3224 4681 3273 4726 et
3300 4674 3604 4747 repqttittm.
3638 4673 3711 4730 Ita

2121 4746 2262 4803 Beda
2303 4759 2357 4802 et
2404 4744 2682 4817 lmpreSS.,
2709 4762 2775 4800 ex
2803 4746 2971 4799 veteri
3005 4744 3300 4807 tralatione,
3341 4744 3430 4799 alii
3458 4744 3616 4800 aliter
3644 4756 3710 4801 ex

2120 4817 2275 4873 Vulg.
2303 4818 2492 4873 GRIAL.
2860 4819 2869 4826 ’

2538 4894 2826 4941 versantur
2854 4884 3085 4954 theologi
3116 4898 3179 4938 ac
3212 4883 3351 4938 sacri
3390 4872 3710 4953 interpr-rites

2118 4959 2169 5013 in
2227 4960 2324 5012 hac
2369 4961 2634 5014 sententia
2691 4958 2915 5011 Genesis
2966 4955 3301 5022 esponenda,
3359 4957 3499 5023 quod
3551 4958 3709 5009 homo

2113 5029 2283 5083 iactus
2313 5028 2384 5083 sit
2425 5031 2491 5082 ad
2539 5028 2822 5097 imaginem
2862 5036 2915 5081 et
2945 5025 3347 5097 similitudinem
3374 5024 3497 5097 Dei.
3524 5023 3709 5097 Varias

2113 5100 2182 5155 de
2205 5101 2305 5154 hoc
2330 5094 2946 5168 argumento'opiniones
2969 5096 3182 5168 collegit
3206 5094 3451 5149 Pererius
3476 5096 3539 5168 ad
3565 5095 3707 5151 hunc

2118 5169 2316 5224 locum.
2343 5165 2477 5223 Vide
2502 5170 2663 5225 etiam
2692 5165 2992 5223 Editionem
3046 5165 3257 5221 Patrum
3287 5165 3707 5234 apostolicorum

2115 5256 2236 5295 cum
2270 5239 2411 5295 notis
2440 5240 2715 5302 Cotelerii,
2750 5255 2869 5308 pag.
2899 5238 2985 5292 ϐυ.
3021 5237 3189 5290 Ansv.

2190 5312 2278 5367 15.
2313 5312 2366 5365 In
2401 5310 2621 5382 Vulgata
2654 5304 2795 5365 nunc
2824 5304 2840 5363 Ξ
2877 5308 2943 5364 Ut
2975 5308 3215 5362 noveritis
3250 5320 3337 5361 eos
3361 5305 3449 5374 qui
3473 5304 3709 5361 laborant

2115 5383 2249 5437 inter
2270 5397 2373 5436 vos.
2406 5384 2575 5436 Ant-:v.

2196 5454 2279 5507 16.
2318 5453 2538 5523 Vulgata
2576 5469 2589 5505 :
2627 5450 2767 5523 Nam
2788 5450 2832 5502 si
2856 5448 3201 5523 spiritualium
3230 5461 3404 5503 eorum
3424 5448 3704 5519 participes

2117 5525 2240 5594 facti
2269 5533 2407 5589 sunt,
2428 5520 2570 5587 'etc.,
2598 5520 2892 5575 ministrare
2926 5520 3051 5594 illis.
3084 5520 3253 5572 Ann.

2192 5597 2280 5648 17.
2335 5594 2456 5645 Post
2489 5595 2727 5654 istorum,
2767 5607 2934 5659 usque
2962 5593 3027 5643 ad
3074 5599 3244 5657 sperat
3284 5588 3436 5643 homo
3463 5590 3699 5657 quietem,

2118 5666 2281 5719 verba
2335 5673 2458 5716 sunt
2502 5661 2820 5731 Augustini,
2864 5661 2976 5715 Ide
3004 5660 3139 5717 Gen.
3189 5672 3378 5716 contra
3425 5659 3653 5714 Manicb.
3681 5700 3699 5729 ,

2104 5751 2170 5803 ‘c.
2192 5733 2283 5787 25.
2316 5734 2506 5789 GRIAL.

2194 5804 2478 5935 ἓὺὶιέάϊο
2498 5802 2820 5875 signiﬁcatur
2842 5806 2946 5858 vita
2988 5802 3151 5859 beata.
3184 5798 3461 5873 Ejusdem,
3492 5803 3587 5860 lib.
3633 5812 3701 5873 tt,

2121 5894 2172 5935 ο.
2203 5894 2258 5934 ν.
2280 5894 2479 5935 unus»
