4100 6344
407 318 514 378 218

1038 428 1266 486 CAPUT
1304 431 1369 487 ll.

832 542 909 596 De
953 542 1189 611 aperibus
1230 554 1319 629 sex
1356 541 1577 596 dierum.

483 661 536 715 l.
570 657 799 731 Expleta
828 656 1091 715 hactenus
1122 672 1217 712 sex
1264 654 1472 711 dierum
1528 665 1715 723 opera,
1765 647 1995 722 qualiter

407 753 456 807 in
534 750 777 806 Ecclesia
837 748 1190 819 spiritualiter
1249 747 1657 817 intelligantur,
1727 741 1991 813 explicata

404 852 560 909 sunt;
615 841 835 910 deinde,
886 837 1012 911 quid
1069 841 1120 895 in
1162 837 1387 915 liguram
1432 834 1615 893 saeculi
1671 833 1989 903 significent,

404 932 803 1004 subjiciendum
853 942 955 993 est.
1003 931 1109 987 Sex
1160 930 1348 985 diebus
1405 923 1801 987 consummavit
1854 923 1996 978 Deus

406 1028 589 1084 omnia
615 1042 782 1097 opera
812 1041 929 1089 sua,
960 1037 1012 1080 et
1064 1020 1294 1094 septimo
1325 1023 1611 1092 requievit.
1666 1024 1772 1085 Sex
1823 1024 1995 1083 aetati-

403 1118 505 1174 bus
551 1118 842 1173 humanum
885 1116 1046 1194 266
1081 1131 1249 1189 genus
1280 1114 1332 1173 in
1358 1112 1461 1168 hoc
1507 1115 1705 1170 saeculo
1735 1131 1829 1187 per
1870 1131 1993 1175 suc-

405 1214 679 1269 cessiones
739 1222 1042 1283 temporum
1076 1209 1168 1263 Dei
1208 1222 1369 1279 opera
1416 1206 1727 1278 insigniuut.
1759 1207 1995 1279 Quarum

407 1309 579 1378 prima
606 1316 689 1362 est
734 1302 802 1362 ab
836 1304 1005 1359 Adam
1049 1317 1217 1372 usque
1256 1301 1320 1355 ad
1374 1301 1515 1367 Noe;
1567 1300 1801 1356 secunda
1826 1315 1853 1359 ει
1884 1300 1998 1361 Noe

407 1416 577 1471 usque
598 1399 665 1459 ad
693 1398 959 1454 Abraham
982 1412 996 1459 ;
1032 1396 1186 1449 tertia
1208 1394 1275 1449 ab
1308 1392 1575 1449 Abraham
1605 1408 1775 1464 usque
1802 1392 1868 1447 ad
1892 1392 1995 1446 Da-

407 1494 532 1560 vid;
565 1504 756 1563 quarta
780 1509 805 1545 a
840 1490 1006 1545 David
1043 1503 1213 1560 usque
1259 1487 1324 1541 ad
1359 1486 1882 1556 transmigrationem
1938 1484 1993 1541 in

410 1586 793 1660 Babyloniam;
835 1586 1016 1654 quinta
1050 1582 1245 1637 deinde
1276 1595 1443 1649 usque
1488 1580 1554 1634 ad
1600 1579 1851 1634 humilem
1894 1576 1992 1631 ad—

406 1688 624 1735 ventum
684 1674 897 1732 Domini
945 1674 1111 1729 nostri
1159 1671 1287 1727 Jesu
1335 1670 1573 1735 Christi;
1631 1680 1818 1736 sexta,
1870 1683 1989 1743 quae

410 1783 551 1824 nunc
606 1767 827 1839 agitur,
884 1778 1164 1834 usquequo
1220 1762 1450 1816 mundus
1509 1760 1765 1827 ﬁniatur,
1821 1759 1994 1819 donec

412 1859 675 1929 E‘xcelsus
704 1856 882 1913 veniat
905 1857 971 1911 ad
995 1855 1283 1925 judicium.

478 1975 536 2027 2.
570 1974 809 2043 Septima
851 1985 983 2028 vero
1014 1970 1329 2039 intelligitur
1354 1968 1409 2025 in
1450 1966 1635 2037 requie
1663 1975 1994 2031 sanctorum,

412 2080 532 2137 quae
557 2065 775 2125 scilicet
798 2079 906 2121 non
942 2062 1105 2121 habet
1131 2076 1438 2132 vestieram,
1457 2059 1579 2130 quia
1601 2075 1718 2121 eam
1738 2059 1848 2129 jam
1879 2059 1998 2115 nui-

416 2160 499 2219 lus
522 2158 783 2219 terminus
814 2156 1053 2217 claudet.
1110 2156 1405 2226 Pergamus
1436 2170 1566 2225 ergo
1618 2153 1853 2215 breviter
1903 2166 2000 2221 per

410 2266 503 2313 eas
548 2266 741 2311 omnes
761 2249 951 2311 mundi
980 2257 1188 2315 aetates,
1221 2248 1545 2317 replicantes
1584 2246 1829 2307 ordinem
1858 2254 1998 2301 tem-

412 2359 600 2414 porum
626 2358 843 2410 eorum,
873 2354 929 2405 et
954 2343 1183 2415 mystice
1224 2339 1557 2405 dill'erentias
1585 2338 1997 2409 distinguamus.

478 2456 533 2512 ὅ.
560 2454 744 2510 Primo
782 2456 928 2511 enim
972 2454 1175 2511 uasoqu
1231 2454 1402 2509 iactus
1429 2458 1542 2517 est,
1593 2460 1844 2521 tanquam
1887 2452 1995 2518 lux,

416 2549 575 2604 homo
604 2549 659 2603 iu
700 2549 970 2618 paradiso.
1024 2547 1083 2602 in
1114 2561 1220 2617 qua
1267 2555 1427 2601 a-tate
1456 2544 1598 2601 lilios
1647 2544 1736 2599 Dei
1780 2544 1831 2599 in
1864 2543 2001 2599 lucis

416 2641 635 2697 nomine
658 2639 844 2705 divisit
896 2639 1039 2697 Deus
1068 2638 1252 2694 allliis
1298 2638 1600 2703 hominum,
1654 2637 1806 2706 quasi
1844 2651 1873 2689 a
1920 2645 2001 2692 te-

416 2733 622 2801 nebris;
655 2734 824 2803 ﬁtque
868 2732 1025 2801 hujus
1052 2732 1159 2787 diei
1185 2745 1408 2801 vespera
1450 2729 1727 2784 diluvium.

483 2827 536 2883 4.
565 2827 875 2891 Secundum
923 2826 1183 2881 saeculum
1214 2826 1410 2879 factum
1463 2832 1577 2887 est,
1605 2824 1758 2893 quasi
1815 2822 1999 2878 ﬁrma-

419 2932 652 2977 mentum
695 2922 838 2977 inter
881 2933 1077 2989 aquam
1125 2928 1182 2974 et
1227 2932 1455 2987 aquam;
1510 2930 1633 2975 area
1683 2917 1865 2986 utique
1912 2916 1999 2972 illa

421 3030 541 3083 qua
589 3014 793 3069 natavit
833 3013 973 3069 inter
1001 3011 1232 3082 pluviam
1254 3021 1311 3068 et
1347 3010 1544 3077 maria;
1588 3008 1746 3079 hujus
1777 3023 2000 3079 vespera

420 3104 515 3160 fuit
536 3105 784 3161 oonfusio
805 3103 1127 3175 linguarum.

1130 274 1131 281 γ
1216 311 1676 383 ρωεετιοιηεε
1713 309 1779 369 ΙΝ
1824 306 1981 366 VET.
2024 306 2322 365 TESTAM.
2349 337 2417 352 —
2445 307 2513 365 ΙΝ
2555 306 2868 367 GENESIN.

3574 302 3685 362 2M

2025 425 2083 490 λ
2106 435 2336 492 vespera
2364 423 2418 479 in
2446 423 2681 493 peccatis
2714 436 2899 492 regum
2919 461 2934 488 ,
2966 419 3160 489 quibus
3199 434 3332 489 gens
3374 419 3463 474 illa
3491 419 3685 477 meruit

2100 516 2378 586 captivari.

2169 608 2225 667 7.
2261 608 2430 664 Porro
2456 608 2644 679 quinto
2669 606 2890 673 saeculo,
2918 605 2971 661 id
2992 614 3094 670 est,
3130 605 3184 659 in
3216 603 3689 674 transmigration‘e

2101 700 2433 772 Babylonia,
2460 702 2596 757 taeta
2622 708 2746 755 sunt
2776 700 2928 770 quasi
2956 699 3209 754 animalia
3232 698 3287 752 in
3315 697 3487 768 aquis,
3510 708 3563 752 et
3589 713 3687 751 vo-

2101 789 2270 846 latilia
2291 791 2437 861 caeli,
2462 791 2581 861 quia
2617 800 2752 846 tunc
2794 789 2963 845 Judaei
3010 790 3153 844 inter
3181 796 3394 859 gentes,
3429 798 3689 857 tanquam

2100 880 2155 936 in
2200 882 2358 948 mari,
2407 882 2588 937 vivere
2624 889 2927 950 coeperunt,
2963 893 3062 935 nec
3108 880 3381 935 habebant
3438 879 3691 933 stabilem

2102 970 2302 1037 locum,
2358 980 2611 1039 tauquam
2660 972 2904 1026 volantes
2956 986 3105 1026 aves.
3156 971 3326 1042 Hujus
3377 970 3485 1025 diei
3535 968 3694 1035 quasi

2100 1079 2325 1136 vespera
2366 1074 2453 1121 est
2497 1066 2869 1135 multiplicatio
2900 1075 3239 1134 peccatorum
3273 1066 3325 1118 in
3366 1065 3565 1135 populo
3594 1062 3692 1117 Ju-

2100 1156 2368 1225 daei-um,
2394 1158 2612 1227 quando
2652 1158 2731 1211 sic
2760 1157 3015 1211 excacati
3038 1165 3187 1223 sunt,
3218 1163 3273 1210 ut
3305 1154 3467 1210 etiam
3518 1154 3693 1209 Dorul-

2102 1267 2229 1306 num
2252 1251 2433 1306 Jesuru
2466 1264 2574 1305 non
2606 1250 2813 1319 possint
2850 1262 3161 1318 agnoscere.

2172 1345 2331 1416 267
2364 1343 2419 1397 8.
2451 1342 2567 1397 iam
2597 1352 2809 1397 sextum
2849 1340 3101 1394 saeculum
3134 1341 3193 1393 tit
3216 1340 3270 1394 in
3319 1338 3548 1392 adventu
3584 1338 3691 1391 Do-

2103 1436 2233 1493 mini
2263 1436 2428 1490 nostri
2459 1434 2589 1489 Jesu
2615 1433 2836 1488 Christi.
2864 1432 2996 1486 Nam
3027 1433 3165 1487 sicut
3196 1432 3251 1485 in
3296 1430 3387 1485 illa
3424 1439 3573 1485 sexta
3600 1429 3697 1485 die

2103 1527 2310 1597 primus
2339 1525 2500 1582 homo
2541 1524 2711 1580 Adam
2742 1523 2810 1578 de
2839 1524 2967 1577 limo
2994 1531 3153 1577 terra:
3183 1521 3250 1576 ad
3276 1521 3561 1589 imaginem
3593 1518 3693 1573 Dei

2102 1620 2363 1677 formatus
2382 1628 2485 1687 est,
2523 1620 2602 1673 sic
2624 1618 2675 1672 in
2702 1616 2805 1673 ista
2834 1625 2985 1671 sexta
3011 1623 3173 1670 atate
3216 1614 3397 1668 saeculi
3425 1613 3695 1668 mundus

2103 1714 2298 1780 Adam,
2317 1713 2370 1768 id
2388 1721 2492 1777 est,
2504 1710 2775 1774 Christus,
2791 1709 2842 1764 iu
2859 1723 3023 1764 carne
3046 1709 3115 1764 de
3130 1706 3293 1762 Maria
3307 1706 3512 1776 virgine
3538 1715 3698 1760 natus

2028 1808 2078 1868 B
2102 1813 2214 1860 est:
2235 1805 2324 1859 ille
2347 1803 2400 1859 in
2423 1803 2656 1858 animum
2672 1801 2962 1866 viventem,
2987 1800 3073 1855 hic
3093 1800 3147 1855 in
3165 1798 3409 1871 spiritum
3423 1796 3702 1852 viviﬁcan-

1995 1904 2005 1913 °
2107 1906 2240 1954 tem.
2273 1898 2343 1952 Et
2370 1897 2508 1953 sicut
2535 1896 2592 1951 in
2621 1896 2710 1951 illa
2738 1896 2826 1951 die
2869 1894 2930 1950 tit
2975 1895 3159 1951 anima
3208 1895 3351 1962 viva,
3385 1893 3464 1951 sic
3513 1892 3568 1947 in
3595 1892 3702 1947 isto

2106 1990 2305 2048 saeculo
2332 1992 2497 2044 vitam
2528 1988 2901 2044 desiderantes
2929 1998 3211 2043 mternam.

2181 2082 2235 2137 9.
2267 2082 2329 2139 Et
2349 2082 2491 2137 sicut
2514 2083 2567 2136 in
2600 2082 2687 2136 illa
2712 2091 2863 2137 sexta
2900 2080 2989 2135 die
3010 2078 3344 2149 serpentium
3384 2086 3440 2133 et
3466 2077 3701 2135 ferarum

2104 2189 2303 2253 genera
2337 2184 2477 2234 terra
2514 2173 2785 2247 produxit,
2810 2174 2880 2229 ita
2911 2184 2965 2229 et
2994 2171 3049 2227 in
3090 2171 3190 2228 hac
3216 2179 3365 2225 sexta
3394 2177 3554 2225 aetate
3594 2184 3697 2227 sa:-

2107 2266 2217 2324 culi
2235 2278 2423 2338 gentes
2451 2265 2616 2323 vitam
2643 2274 2960 2337 appetentes
2989 2275 3245 2323 :eternam
3278 2262 3518 2321 Ecclesia
3538 2277 3703 2333 gene-

2108 2360 2270 2415 ravit.
2303 2360 2471 2426 Quem
2501 2362 2660 2419 etiam
2702 2374 2918 2415 sensum
2949 2373 3041 2415 vas
3074 2358 3232 2415 Petro
3273 2366 3551 2415 ostensum
3577 2370 3696 2411 ma-

2110 2451 2382 2511 nilestavit
2412 2451 2548 2523 (Act.
2575 2450 2651 2522 ι).
2680 2450 2745 2504 Ει
2768 2450 3222 2522 quemadmodum
3252 2450 3339 2507 die
3366 2457 3523 2505 sexta
3544 2463 3701 2505 crea-

2108 2555 2196 2603 tur
2227 2548 2496 2605 masculus
2527 2554 2580 2601 et
2604 2546 2821 2611 femina,
2859 2547 2937 2601 sic
2964 2546 3019 2607 in
3058 2548 3161 2609 ista
3185 2544 3371 2605 saeculi
3399 2550 3557 2603 etate
3584 2557 3701 2601 ma-

2109 2639 2393 2699 nifestatur
2412 2638 2659 2701 Christus
2681 2648 2735 2697 et
2768 2638 3028 2695 Ecclesia.

2185 2732 2271 2787 10.
2304 2732 2371 2787 Ει
2396 2732 2535 2787 sicut
2555 2733 2886 2802 praeponitur
2912 2732 3077 2793 homo
3094 2734 3149 2788 in
3171 2733 3258 2791 die
3274 2732 3365 2789 ilia
3388 2733 3698 2803 pecoribus,

2108 2828 2448 2896 serpentibus
2468 2837 2522 2882 et
2551 2826 2674 2882 caeli
2699 2827 3028 2893 volatilibus,
3056 2831 3127 2883 ita
3159 2838 3214 2885 et
3240 2828 3486 2885 Christus
3510 2829 3565 2884 in
3596 2830 3698 2884 hac

2062 2962 2080 2973 .
2110 2931 2266 2976 aetate
2290 2921 2472 2978 saeculi
2494 2923 2762 2992 gentibus,
2790 2923 2997 2997 populis
3025 2932 3077 2977 et
3105 2922 3429 2988 nationibus,
3459 2930 3518 2983 ut
3540 2921 3609 2978 ab
3628 2935 3700 2978 eo

2109 3025 2384 3086 regantur,
2415 3015 2495 3069 vel
2548 3014 2750 3069 carnali
2800 3015 3248 3091 concupiscentia:
3278 3013 3482 3079 dediti,
3541 3010 3700 3071 sicuti

2114 3121 2329 3175 pecora,
2363 3104 2443 3159 vel
2472 3112 2682 3158 terrena
2706 3102 3021 3159 curiositate
3062 3104 3357 3170 obscurati,
3380 3103 3535 3175 quasi
3577 3117 3695 3163 ser-

485 3198 539 3253 5.
569 3195 813 3253 Tertium
856 3194 1113 3250 sarculum
1150 3195 1343 3248 factum
1373 3201 1457 3248 est
1486 3190 1700 3261 quando
1730 3193 2002 3259 separavit
2027 3183 2075 3245 C
2113 3206 2322 3268 pentes,
2355 3194 2439 3250 vel
2465 3194 2593 3250 elati
2622 3194 2891 3265 superbia,
2922 3196 3069 3271 quasi
3091 3210 3242 3255 aves,

420 3287 558 3344 Deus
579 3287 839 3357 populum
862 3301 1017 3343 suum
1045 3300 1076 3337 a
1096 3284 1346 3355 gentibus
1372 3298 1467 3353 per
1489 3282 1778 3348 Abraham,
1795 3283 2000 3337 discer-

420 3395 548 3443 nens
586 3394 739 3447 eum,
783 3380 937 3449 quasi
966 3378 1169 3432 aridam
1194 3377 1261 3431 ab
1279 3376 1452 3447 aquis,
1480 3387 1535 3431 ut
1575 3374 1837 3446 proterret
1880 3391 1999 3447 ger-

420 3492 536 3531 men
567 3476 855 3535 horharum
880 3477 1052 3545 latque
1092 3473 1381 3545 lignorum,
1416 3475 1467 3529 id
1491 3486 1593 3540 est,
1630 3474 1831 3529 fruetus
1876 3488 2001 3528 san-

420 3579 623 3625 ctarum
646 3570 1069 3640 Scripturarum.
1106 3568 1275 3639 ilujus
1317 3584 1538 3638 vespera
1573 3570 1670 3624 fuit
1700 3578 1997 3638 peccatum,

422 3671 473 3718 at
495 3663 695 3718 malitia
719 3662 941 3733 pessimi
969 3660 1112 3731 regis
1150 3660 1299 3720 Sani.

490 3749 543 3805 6.
576 3751 706 3807 lude
728 3760 978 3821 quartum
1012 3750 1274 3811 saeculum
1303 3750 1471 3820 erepit
1495 3764 1524 3805 a
1560 3749 1742 3814 David,
1787 3749 2006 3819 quando

424 3846 699 3903 constituit
727 3844 870 3900 Deus
892 3845 1176 3899 luminaria
1208 3845 1263 3900 in
1287 3836 1624 3898 ﬁrmamento
1649 3844 1793 3910 coeli,
1823 3843 1875 3897 id
1897 3854 2001 3910 est,

423 3937 766 4004 splendorem
791 3936 966 4007 regni,
999 3946 1253 4007 tanquam
1281 3936 1415 3991 solis
1441 3936 1843 4002 excellentiam,
1875 3941 1927 3990 et
1950 3936 2004 3991 in

426 4016 564 4081 lunai
592 4029 771 4098 specie
800 4029 1258 4099 obtemperantem
1284 4038 1530 4100 tanquam
1565 4028 1744 4082 lunam
1767 4027 2008 4098 Synago—

425 4134 585 4191 Iam,
636 4131 695 4178 et
743 4122 935 4179 stellas
979 4123 1257 4194 principes
1311 4122 1449 4192 ejus.
1500 4120 1664 4191 Cujus
1715 4116 1889 4176 inlatis
1945 4121 2006 4175 tit

430 4249 885 4377 mibét‘ﬁiuisus
907 4254 960 4309 in
1002 4264 1221 4333 quatuor
1263 4260 1436 4327 partes
1476 4254 1594 4308 virt.
1623 4250 1906 4325 Ejusdem,
1951 4265 2002 4315 c._

500 4359 515 4374 .
546 4337 735 4379 ϋιιιι..

500 4391 641 4451 Ibid.
699 4395 940 4450 Broulius
983 4403 1104 4464 post
1140 4401 1357 4463 quatuor
1396 4394 1603 4448 virtutes
1659 4392 1774 4447 haec
1812 4391 2004 4464 addit:

436 4462 611 4526 Virtus
639 4473 711 4523 est
759 4467 917 4525 animi
960 4462 1183 4530 habitus.
1227 4474 1425 4527 natura;
1454 4464 1637 4529 decus,
1685 4464 1802 4524 vita:
1848 4463 2005 4529 ratio,

430 4550 625 4609 morum
648 4538 1021 4609 pictaspcultus
1043 4534 1371 4609 Divinimtis,
1396 4533 1557 4609 honor
1585 4534 1823 4598 hominis,
1855 4544 1998 4588 retere

431 4619 507 4657 na:
552 4603 880 4659 beatitudinis
928 4606 1184 4659 meritum.
1230 4604 1391 4672 Cujus
1432 4603 1620 4657 scilicet
1675 4613 1847 4674 partes
1882 4619 2000 4671 qua-

431 4682 544 4747 tuor
572 4676 905 4744 principales,
936 4692 1050 4743 qu
1077 4678 1409 4747 designantur
1440 4690 1545 4747 per
1573 4684 1793 4743 quatuor
1850 4689 2002 4740 para-

430 4746 526 4799 disi
577 4748 815 4814 ﬂumina,
865 4748 1161 4816 prudentia,
1191 4745 1478 4816 fortitudo,
1519 4746 1762 4816 justitia,
1815 4755 2005 4813 tempe-.-

430 4817 613 4881 rantia,
634 4816 919 4879 Prudentia
948 4829 1019 4881 est
1048 4834 1215 4877 rerum
1236 4817 1522 4877 divinarum
1546 4820 2001 4879 humanarumque,

432 4892 583 4969 prout
607 4886 804 4969 homini
833 4888 1007 4969 datum
1028 4899 1126 4969 est,
1146 4889 1389 4969 scientiq:
1414 4903 1503 4955 per
1516 4902 1682 4969 _qua‘m
1703 4886 2006 4969 intelligitur

433 4957 550 5021 quid
576 4959 856 5011 cauendum
884 4961 949 5010 sit
971 4966 1016 5012 et
1042 4959 1162 5027 quid
1190 4958 1464 5027 agendum.
1507 4955 1572 5009 Et
1615 4958 1709 5010 Imc
1747 4965 1841 5017 est,
1871 4955 2008 5022 quod

435 5026 483 5105 in
510 5027 709 5105 psalmo
732 5029 943 5105 (euut)
967 5029 1151 5105 legitur
1181 5043 1201 5083 ,ο
1223 5026 1508 5105 bitqsutua
1528 5041 1851 5105 rss'rtnonu
1878 5042 2005 5080 res.

437 5094 709 5178 Fortitudo
739 5094 813 5181 est
843 5094 1377 5181 qriinti’patientiafet
1408 5098 1791 5181 longanimitas,
1827 5107 1873 5149 et
1895 5112 2013 5179 pst:-

438 5169 714 5220 seemntia
760 5168 814 5221 in
861 5171 1004 5223 bonis
1042 5170 1310 5237 operibus,
1362 5176 1413 5221 et
1464 5168 1674 5222 victoria
1707 5177 1887 5221 contra
1938 5168 2011 5220 vi-

440 5238 618 5309 tiorum
648 5253 877 5309 genus.
923 5238 1136 5294 Justitia
1180 5249 1251 5293 est
1292 5239 1453 5291 animi
1503 5240 1783 5309 nobilitgs,_
1808 5238 2015 5309 unicui-

438 5322 533 5385 que
560 5304 689 5385 'rei'
712 5312 979 5385 propriam
1030 5309 1619 5385 tribuensdignitatem.
1667 5306 1891 5385 In-Itac“
1916 5308 2012 5385 lii-

437 5377 660 5451 trinitatis
708 5377 896 5446 salius,
954 5390 1035 5435 et,
1074 5381 1406 5433 humanitatis
1433 5383 1582 5451 jura_,
1614 5394 1730 5434 cera
1770 5378 2007 5448 judicia,

439 5455 482 5517 et
527 5450 745 5517 aquilas
787 5453 945 5505 totius
989 5452 1107 5503 altat
1147 5448 1493 5515 conservatur.
1536 5448 1896 5517 Temperantia
1936 5459 2012 5503 est

439 5515 548 5591 silc
591 5515 801 5587 modus,
836 5538 899 5578 ne
934 5520 1057 5591 quid
1085 5520 1235 5573 nimis
1285 5522 1437 5574 homo
1465 5519 1543 5573 vel
1578 5515 1741 5589 amet,
1771 5521 1847 5572 vel
1891 5520 2010 5574 odio

442 5584 647 5651 habent;
678 5595 767 5644 sed
790 5584 963 5645 omnes
1006 5591 1161 5660 hujus
1216 5592 1328 5644 vita:
1377 5592 1645 5644 varietates
1690 5584 2010 5660 considerata

443 5665 678 5725 temperes
704 5662 992 5732 diligentia.
1018 5658 1142 5715 Iliae
1180 5670 1297 5714 sunt
1326 5672 1547 5730 quatuor
1572 5662 1816 5731 fiumina.
1844 5658 2011 5730 Ligna

443 5742 613 5783 omnes
638 5731 1045 5796 utilesvirtutss,
1076 5742 1179 5786 etc.
1231 5734 1353 5788 Hac
1402 5734 1455 5786 in
1507 5732 1824 5801 quibusdam
1875 5732 2002 5786 blss.

445 5810 542 5854 non
565 5809 783 5856 exstare
797 5803 1170 5861 animadvertit
1194 5803 1457 5860 ﬂreuiius.
1474 5802 1531 5858 ln
1559 5802 1737 5868 verbis
1764 5802 2007 5860 Salomo-
2110 5806 2201 5859 sed
2227 5805 2535 5859 ministrare.
2557 5803 2602 5863 Α

2027 4577 2081 4637 D

2181 3290 2270 3345 ll.
2300 3291 2366 3345 Et
2388 3289 2526 3347 sicut
2548 3288 2601 3344 in
2633 3288 2722 3345 illa
2764 3288 2850 3345 die
2878 3291 3114 3367 pascitur
3143 3289 3327 3357 homo,
3362 3296 3417 3347 et
3444 3286 3695 3343 animalia

2108 3398 2227 3453 quae
2272 3398 2391 3437 cum
2439 3381 2530 3437 illo
2571 3391 2717 3449 sunt,
2774 3381 2957 3438 herbis
3001 3383 3393 3451 sominalibus,
3445 3391 3499 3436 et
3536 3380 3698 3450 lignis

2108 3472 2414 3541 iructil‘eris,
2463 3483 2518 3529 et
2572 3473 2752 3529 herbis
2782 3473 3063 3542 viridibus,
3123 3475 3201 3537 sic
3255 3485 3310 3539 et
3364 3476 3463 3537 lata
3513 3475 3699 3537 satculi

2109 3578 2265 3622 aetate
2290 3565 2583 3637 spiritualis
2613 3565 2795 3633 homo,
2827 3566 2916 3637 qui
2966 3567 3140 3622 bonus
3171 3568 3419 3623 minister
3443 3576 3526 3625 est
3565 3568 3698 3626 Jests

2109 3659 2331 3725 Christi,
2364 3674 2485 3716 cum
2514 3660 2631 3729 ipso
2672 3660 2869 3730 populo
2897 3660 3241 3729 spiritualiter
3295 3661 3531 3728 pascitur
3576 3676 3704 3717 san-

2110 3761 2315 3806 ctarum
2345 3750 2742 3819 Scripturarum
2793 3751 3097 3816 alimentis,
3155 3756 3209 3805 et
3262 3750 3380 3819 lege
3422 3750 3605 3807 divina
3633 3751 3704 3807 ad

2110 3841 2518 3911 concipiendam
2564 3840 2949 3899 fecunditatem
3011 3842 3317 3908 rationum,
3362 3852 3523 3923 atque
3584 3859 3702 3900 ser-

2112 3947 2354 4001 monum,
2383 3943 2635 4003 tanquam
2664 3933 2847 3989 herbis
2871 3930 3242 4001 seminalihus,
3285 3933 3477 4004 partim
3507 3934 3573 3991 ad
3600 3936 3703 3992 uti-

2110 4025 2314 4082 litatem
2377 4039 2587 4084 morum
2643 4024 3072 4082 conversationis
3124 4025 3400 4093 humanae,
3449 4034 3703 4097 tanquam

2112 4117 2271 4188 lignis
2311 4116 2632 4186 truetiieris,
2664 4117 2861 4188 partim
2902 4116 2968 4172 ad
3022 4118 3256 4189 vigorem
3300 4115 3455 4186 (idsi,
3487 4120 3602 4199 spei
3647 4128 3705 4177 et

2110 4251 2195 4306 nis
2222 4250 2456 4322 Vulgata,
2474 4250 2711 4322 exhibet
2747 4252 2836 4320 qui
2880 4252 3307 4322 apprehenderint
3344 4268 3477 4306 eam.
3522 4252 3696 4311 Anuv.

2182 4323 2313 4393 Car.
2336 4320 2414 4374 ill.
2435 4320 2508 4393 7N.
2547 4321 2602 4376 l.
2632 4321 2828 4393 Deinde
2862 4320 2984 4390 quid
3023 4323 3078 4376 in
3121 4323 3342 4393 ﬁgurant
3365 4322 3565 4388 saeculi,
3588 4333 3697 4379 etc.

2109 4392 2333 4460 Reliqua
2359 4392 2714 4464 hujus_capitis
2744 4401 3006 4464 contexta
3022 4392 3253 4448 sunt’ex
3286 4394 3527 4464 ejusdem
3574 4410 3696 4449 ver—

2109 4464 2193 4521 bis
2214 4463 2307 4517 lib.
2340 4478 2357 4517 ι
2402 4464 2470 4516 de
2498 4461 2925 4533 Gentes._oontra
2962 4462 3193 4520 Manleh.
3219 4508 3233 4533 ,
3286 4461 3336 4519 θ’.
3386 4463 3480 4532 εδ,
3508 4465 3698 4520 ordine

2111 4544 2315 4593 tantum
2346 4534 2643 4595 immutate.
2686 4530 2876 4595 Gutta.

2179 4602 2321 4660 Ibid.
2354 4603 2460 4657 Sea:
2512 4604 2689 4657 diebus
2716 4646 2730 4667 ,
2796 4620 2964 4674 usque
2993 4605 3060 4660 ad
3093 4621 3196 4659 non
3226 4604 3377 4667 habet
3412 4622 3696 4674 vesperam,

2109 4678 2274 4745 verba
2303 4684 2425 4727 sunt
2453 4675 2755 4745 Augustini,
2790 4688 2865 4729 ιιι
2895 4686 3077 4730 comra
3111 4674 3321 4741 Faust.,
3347 4691 3398 4730 c.
3425 4676 3477 4729 8.
3505 4674 3698 4734 GRIAL.

2184 4743 2322 4817 Ibid.
2352 4746 2431 4799 De
2452 4743 2757 4817 seximnndi
2790 4748 3038 4802 mtatibus
3067 4748 3120 4801 in
3149 4747 3476 4817 Etymolog.,
3516 4750 3610 4804 lib.
3643 4765 3695 4816 v,

2112 4830 2231 4895 cap,
2254 4813 2345 4885 58,
2375 4834 2427 4873 ιι.
2454 4817 2506 4870 5.
2537 4815 2710 4872 Anuv.
3217 4813 3232 4817 ⁷
3402 4813 3424 4817 ⁷
3461 4813 3469 4815 ⁷
3680 4813 3687 4816 ⁷

2186 4889 2239 4938 2.
2277 4885 2605 4951 Sanctorum,
2626 4904 2738 4955 qua!
2761 4887 2975 4943 scilicet.
3005 4887 3256 4942 Nonnulli
3282 4887 3485 4942 addunt
3516 4908 3528 4942 :
3562 4890 3703 4942 San-

2117 4966 2333 5017 ctorum,
2368 4974 2469 5017 neu
2502 4959 2553 5009 in
2582 4958 2676 5010 hac
2694 4959 2816 5023 vita,
2842 4959 2929 5012 sed
2951 4960 3005 5012 in
3030 4959 3137 5015 alia
3155 5000 3171 5027 ,
3200 4960 3287 5017 ubi
3317 4958 3442 5014 vidit
3471 4961 3696 5026 requiem

2118 5034 2413 5107 prementem
2443 5027 2579 5107 diues
2626 5028 2735 5092 ille,
2761 5043 2877 5081 cum
2929 5028 3069 5098 apud
3110 5032 3301 5103 inferos
3350 5037 3695 5097 torqueretur,

2118 5097 2232 5166 qua:
2251 5097 2465 5151 scilicet.
2498 5102 2669 5151 ΛΜΝ.

2190 5166 2245 5220 4.
2277 5167 2333 5220 ln
2364 5167 2612 5223 Editione
2658 5166 2842 5224 Grialii
2866 5170 3124 5227 mendose
3150 5173 3279 5226 inter
3307 5166 3536 5237 pluuium
3584 5184 3701 5225 πια-
3784 5204 3797 5219 ς

2119 5237 2216 5292 ria.
2245 5244 2412 5293 Ansv.
3589 5291 3595 5296 .

2193 5310 2278 5363 10.
2320 5308 2542 5363 Terrena
2586 5310 2898 5369 curiositate.
2932 5310 3217 5367 Tenebrosa
3238 5308 3554 5379 curiositate,
3580 5310 3697 5371 Atl-

2118 5381 2389 5450 gustinus.
2431 5379 2624 5439 GRIAL.
3804 5386 3807 5387 ⁷

2190 5451 2278 5523 ll.
2311 5448 2729 5523 Concipiendam,
2762 5467 2827 5505 ex
2858 5452 3175 5521 Augustino.
3202 5450 3693 5523 concupiscendam,

2117 5519 2410 5577 Eucherius
2431 5519 2485 5577 ei
2514 5523 2881 5590 Manuscrlpti,
2913 5519 3187 5579 mendose.
3218 5519 3407 5581 sane

2188 5592 2325 5646 Ibid.
2385 5593 2500 5647 Non
2554 5594 3015 5662 praetermittenda
3070 5595 3299 5659 varietas
3347 5596 3595 5655 lectionis
3638 5596 3694 5650 in

2112 5662 2246 5721 Cod.
2282 5665 2607 5731 Albornoz.,
2657 5664 2850 5731 homo,
2893 5663 2977 5718 cui
3038 5663 3268 5719 minister
3312 5679 3387 5722 est
3431 5664 3687 5721 Christus.

2111 5706 2264 5808 ὂῖᾧὶι
2282 5706 2615 5808 Ϊίιξεῖοὗιὶέῖᾴἇ
2644 5706 3692 5808 sistri:.iiés";ii3i'i.;t'.s;az;&:

2603 5817 2727 5861 ην.
