4100 6344
431 397 532 455 215

1416 393 1472 446 S.
1514 392 1762 448 lSlDORl
1805 387 2250 446 HlSl‘ALENSIS
2297 388 2604 446 EPISCOPI

3599 388 3708 446 216

426 509 702 566 charitatis
735 511 786 563 in
819 509 977 563 vitam
1025 517 1283 563 aeternam
1309 548 1322 571 ,
1363 523 1612 578 tanquam
1664 507 1843 562 herbis
1886 506 2016 561 viri-
2043 506 2098 565 Α
2124 517 2506 576 assumpserat,
2539 523 2636 577 per
2665 521 2823 578 quam
2844 506 3073 564 imbrem
3095 506 3267 564 sancti
3299 506 3578 574 Evangelii
3600 507 3710 565 lar-

427 602 607 668 dibus,
637 616 754 670 qua:
787 602 934 655 nullo
961 608 1094 654 aestu
1124 599 1528 653 tribulationum
1558 608 1829 655 arescunt.

502 695 591 751 12.
625 695 728 748 Sed
760 693 1058 762 spiritualis
1085 696 1164 745 sic
1208 692 1324 746 istis
1353 692 1722 761 spiritualibus
1751 692 1881 747 cibis
1919 691 2017 746 ali-

425 787 734 853 mentisque
792 785 1048 854 pascitur,
1106 791 1164 836 ut
1222 783 1388 836 multa
1439 782 1720 852 intelligat.
1775 781 2015 837 Carnalis

367 918 392 954 ε.
427 893 630 948 autem,
662 879 713 935 id
760 890 864 947 est,
897 878 1146 947 parvulus
1190 878 1240 930 in
1291 877 1526 943 Christo,
1558 888 1805 946 tanquam
1856 891 2017 944 pecus

427 973 547 1036 Dei,
575 985 631 1027 ut
658 973 824 1027 multa
847 974 1050 1037 credat,
1082 986 1201 1040 quae
1252 971 1478 1025 necdum
1526 970 1821 1038 intelligere
1854 969 2017 1039 268

429 1073 628 1134 potest,
688 1072 863 1118 tamen
907 1062 1124 1118 eosdem
1176 1062 1328 1117 cibos
1357 1077 1543 1117 omnes
1595 1061 1812 1116 habent.
1850 1061 2018 1130 Hujus

426 1165 608 1211 autem
639 1157 810 1209 aetatis
834 1156 985 1224 quasi
1016 1169 1238 1224 vespera
1264 1154 1466 1209 utinam
1489 1169 1584 1209 nos
1611 1170 1716 1208 non
1748 1154 2013 1208 inveniat!

427 1249 524 1304 Illa
576 1258 658 1304 est
705 1248 846 1302 enim
881 1248 947 1302 de
996 1263 1100 1316 qua
1150 1247 1407 1301 Dominus
1451 1247 1623 1301 dicit:
1661 1247 1888 1301 Putasne
1933 1261 2016 1300 oe-

426 1344 570 1394 niens
624 1338 792 1393 Filius
863 1339 1086 1393 hominis
1141 1339 1357 1392 inveniet
1423 1339 1575 1406 ﬁdem
1622 1354 1774 1411 super
1828 1346 2018 1392 terram

425 1433 578 1501 (Luc.
621 1447 769 1497 xvut,
801 1429 897 1498 8)?

497 1544 584 1598 13.
627 1543 754 1597 Post
804 1542 946 1596 illam
980 1555 1259 1610 vesperam
1292 1542 1384 1595 ﬁet
1431 1556 1608 1608 mane,
1653 1539 1865 1609 quando
1903 1538 2020 1609 ipse

433 1633 692 1689 Dominus
720 1633 773 1686 in
800 1634 1041 1687 claritate
1066 1642 1320 1688 venturus
1351 1642 1450 1687 est.
1495 1633 1644 1686 Tunc
1683 1633 2021 1701 requiescent

426 1721 551 1780 sum
599 1725 816 1778 Christo
871 1724 939 1778 ab
979 1726 1229 1779 omnibus
1281 1724 1534 1794 operibus
1587 1724 1700 1800 suis
1749 1724 1782 1778 ii
1825 1724 2020 1794 quibus

425 1819 626 1872 dictum
657 1825 774 1870 est:
809 1815 986 1870 Estote
1015 1819 1248 1887 perfecti,
1278 1819 1409 1870 sicut
1438 1816 1594 1871 Pater
1639 1825 1799 1871 vester
1827 1819 1916 1888 qui
1966 1818 2017 1870 in

425 1910 564 1962 caelis
595 1919 667 1961 est
698 1907 912 1977 (Matth.
944 1925 998 1974 v,
1049 1908 1166 1977 48).
1199 1909 1355 1963 Tales
1406 1910 1549 1964 enim
1606 1911 1804 1965 faciunt
1855 1926 2017 1980 opera
2052 1897 2096 1955 Β

426 1999 567 2053 bona
596 2001 771 2055 valde.
809 1998 939 2055 Post
971 2001 1092 2056 talia
1127 2001 1270 2056 enim
1302 2017 1462 2069 opera
1512 2003 1773 2071 speranda
1805 2013 1886 2057 est
1931 2017 2018 2058 re-

426 2093 577 2161 quies
608 2095 662 2148 in
691 2094 778 2149 die
809 2095 1060 2165 septimo,
1095 2097 1183 2164 qui
1217 2111 1494 2164 vesperam
1539 2112 1642 2149 non
1675 2095 1855 2152 habet.

494 2207 583 2261 14.
630 2207 918 2278 Sequitur:
979 2209 1104 2263 Ista:
1159 2211 1509 2279 generationes
1559 2210 1672 2263 caeli
1728 2217 1776 2264 et
1827 2218 2017 2272 terrm,

420 2300 628 2368 quando
675 2309 858 2354 creata:
888 2310 1025 2365 sunt,
1059 2303 1112 2353 in
1165 2301 1249 2354 die
1277 2319 1378 2369 qua
1408 2301 1525 2370 fecit
1560 2301 1701 2354 Deus
1745 2299 1928 2355 caelum
1972 2308 2023 2355 et

423 2402 633 2457 terram,
681 2402 730 2446 et
786 2410 934 2446 omne
971 2393 1255 2464 virgultum
1282 2396 1414 2464 agri,
1464 2410 1761 2463 omnemque
1810 2393 2018 2446 herbam

420 2485 686 2554 regionis,
738 2494 1015 2554 antequam
1088 2495 1212 2540 esset
1264 2503 1412 2555 super
1495 2496 1705 2540 terram.
1768 2485 2023 2554 Superius

421 2585 635 2646 septem
667 2576 783 2632 dies
815 2579 1082 2634 numerati
1112 2589 1267 2643 sunt;
1304 2595 1447 2634 nunc
1489 2595 1626 2634 unus
1656 2580 1772 2634 dies
1801 2578 2016 2643 dicitur,

423 2682 530 2736 quo
560 2668 684 2722 fecit
720 2669 859 2723 Deus
890 2670 1086 2725 coelum
1113 2679 1166 2724 et
1195 2679 1415 2734 terram,
1443 2683 1499 2726 et
1544 2686 1704 2726 omne
1726 2670 2019 2741 virgultum

425 2763 563 2830 agri,
595 2771 649 2816 et
671 2779 886 2818 omnem
921 2767 1138 2820 herbam
1169 2767 1424 2835 regionis.

517 2877 607 2932 15.
665 2878 833 2947 Hujus
886 2880 992 2935 diei
1045 2885 1263 2938 nomine
1316 2883 1610 2938 secundum
1684 2885 2022 2955 prophetiam

423 2980 585 3022 omne
637 2980 846 3039 tempus
887 2973 1049 3043 hujus
1101 2977 1224 3029 vitae
1274 2977 1626 3048 signiﬁcatur,
1672 2979 1723 3032 in
1756 2995 1863 3050 quo
1911 2995 2022 3035 coe-

426 3059 537 3113 lum
568 3071 620 3114 et
648 3071 787 3117 terra
822 3067 1041 3131 factum,
1073 3067 1126 3120 id
1158 3076 1260 3132 est,
1292 3069 1344 3122 in
1370 3084 1476 3136 quo
1495 3078 1756 3125 creatura:
1783 3071 2022 3126 visibiles

426 3150 806 3220 disponuntur.
843 3158 951 3214 Sed
994 3160 1122 3230 quid
1165 3161 1267 3215 sibi
1300 3163 1430 3226 vult,
1463 3165 1602 3232 quod
1656 3179 1814 3231 nunc,
1847 3167 2019 3220 nomi-

2119 602 2396 673 gissimum
2427 602 2643 658 infudit.

2189 694 2275 749 18.
2318 695 2468 764 Quod
2503 709 2628 750 vero
2657 694 2966 764 subjunxit:
3001 691 3068 748 Et
3097 697 3248 749 homo
3280 710 3384 749 non
3427 702 3569 760 erat,
3609 695 3709 766 qui

2118 799 2416 858 operaretur
2458 799 2675 854 terram,
2704 788 2824 858 quia
2856 789 3029 844 nullus
3055 786 3224 844 homo
3254 798 3504 858 operatus
3543 796 3626 845 est
3653 790 3708 845 in

2118 880 2409 949 virginem,
2457 880 2596 934 unde
2643 889 2797 934 natus
2846 889 2925 934 est
2963 879 3232 935 Christus.
3279 881 3396 950 lpse
3439 889 3523 936 est
3564 880 3707 937 enim

2120 973 2252 1043 lapis
2284 972 2352 1026 de
2379 980 2565 1028 monte
2596 971 2868 1027 abscissus
2898 971 3017 1026 sine
3045 973 3292 1028 manibus
3323 970 3487 1041 (Dan.
3522 972 3628 1041 ιι),
3661 971 3713 1026 id

2119 1075 2232 1131 est,
2288 1066 2488 1134 absque
2545 1065 2691 1120 coitu
2734 1072 2788 1120 et
2828 1063 3064 1118 humano
3103 1065 3309 1119 semine
3353 1064 3420 1119 de
3463 1064 3711 1136 virginali

2121 1168 2306 1221 utero,
2337 1157 2484 1227 quasi
2518 1157 2582 1211 de
2614 1164 2798 1211 monte
2829 1157 3076 1210 humana:
3109 1166 3346 1222 naturai,
3377 1165 3433 1211 et
3460 1154 3713 1210 substan-

2121 1252 2209 1304 tiae
2241 1249 2418 1304 carnis
2449 1249 2743 1305 abscissus.
2781 1249 2886 1305 Sed
2928 1250 3044 1319 fons
3083 1249 3386 1303 ascendebat
3434 1249 3496 1302 de
3542 1259 3712 1312 terra,

2121 1341 2342 1411 irrigans
2399 1346 2685 1397 universam
2737 1343 3058 1410 superﬁciem
3105 1351 3271 1397 terra.
3331 1342 3499 1397 Terra
3547 1351 3717 1396 mater

2124 1436 2278 1504 virgo
2325 1434 2538 1489 Domini
2597 1436 2759 1490 Maria
2817 1435 3117 1489 rectissime
3167 1434 3446 1503 accipitur,
3497 1433 3564 1488 de
3613 1447 3714 1502 qua

2123 1531 2377 1598 scriptum
2422 1538 2504 1583 est
2545 1546 2559 1585 :
2605 1530 2872 1599 Aperiatur
2917 1539 3086 1594 terra,
3140 1537 3187 1582 et
3241 1529 3484 1597 germinet
3528 1526 3714 1581 Salva-

2126 1630 2288 1674 torem
2320 1619 2473 1689 (lsai.
2513 1637 2642 1690 xw,
2676 1621 2754 1691 8).
2788 1622 2956 1688 Quam
2989 1630 3185 1674 terram
3220 1619 3459 1689 irrigavit
3486 1619 3716 1688 Spiritus

2125 1723 2378 1780 sanctus,
2427 1715 2515 1782 qui
2563 1713 2723 1768 fontis
2771 1723 2824 1769 et
2871 1728 3022 1782 aqua:
3063 1711 3284 1766 nomine
3326 1711 3379 1765 in
3428 1709 3716 1780 Evangelio

2127 1807 2479 1876 significatur.

2740 1898 2964 1955 CAPUT
3005 1899 3087 1954 Ill.

2367 1988 2442 2042 De
2479 1989 2702 2059 paridisi
2742 1990 3073 2054 conditione,
3117 1989 3192 2041 vel
3235 1987 3476 2041 hominis.

2197 2083 2246 2136 1.
2295 2078 2558 2135 Formavit
2591 2082 2746 2152 igitur
2775 2079 2914 2134 Deus
2941 2082 3197 2135 hominem
3227 2081 3290 2134 de
3313 2080 3434 2132 limo
3465 2087 3633 2144 terra,
3665 2077 3718 2133 id

2125 2181 2244 2239 est,
2275 2171 2451 2227 factus
2478 2183 2559 2227 est
2594 2171 2873 2242 Christus,
2903 2172 3053 2242 juxta
3086 2172 3227 2241 quod
3269 2173 3344 2226 ait
3385 2171 3673 2242 Apostolus
3696 2213 3713 2240 ,

2127 2278 2192 2318 ex
2228 2263 2436 2318 semine
2468 2262 2635 2316 David
2666 2264 2961 2318 secundum
2995 2278 3213 2318 carnem
3246 2263 3262 2333 (
3291 2263 3440 2316 Rom.
3473 2263 3569 2331 ι),
3604 2272 3718 2317 tau-

2127 2371 2286 2425 quam
2318 2356 2384 2409 de
2413 2355 2539 2409 limo
2571 2364 2748 2410 terrm.
2785 2356 2853 2410 Et
2879 2357 3149 2425 inspiravit
3174 2357 3230 2411 in
3261 2356 3445 2427 faciem
3472 2358 3585 2428 ejus
3607 2355 3718 2424 spi-

2126 2451 2358 2502 raculum
2385 2449 2502 2502 vitae
2522 2490 2536 2512 ,
2569 2448 2752 2517 utique
2783 2449 3105 2505 inlusionem
3135 2451 3306 2506 sancti
3335 2450 3597 2521 Spiritus,
3629 2447 3718 2518 qui

2126 2549 2380 2608 operatus
2425 2548 2507 2594 est
2537 2540 2810 2596 hominem
2843 2541 3135 2597 Christum.
3170 2541 3238 2596 Et
3271 2543 3436 2612 {actus
3463 2551 3537 2597 est
3569 2541 3719 2596 homo

2128 2636 2180 2686 in
2212 2635 2439 2687 animant
2468 2635 2748 2703 viventem,
2783 2636 3029 2705 scilicet,
3063 2648 3121 2693 ut
3161 2636 3251 2706 qui
3292 2635 3564 2706 perfectus
3604 2642 3720 2690 erat

2126 2724 2268 2780 Deus
2297 2767 2309 2788 .
2343 2725 2611 2794 perfectus
2640 2726 2912 2782 videretur
2945 2735 3000 2782 et
3032 2727 3214 2783 homo.

2196 2821 2251 2875 2.
2295 2819 2622 2874 Plantaverat
2651 2830 2821 2874 autem
2849 2819 3106 2874 Dominus
3136 2820 3271 2874 Deus
3299 2819 3604 2890 paradisum
3628 2833 3718 2871 vo-

2128 2912 2342 2982 luptatis
2371 2928 2403 2964 a
2435 2913 2703 2982 principio.
2745 2912 3036 2968 Paradisus
3065 2912 3304 2967 Ecclesia
3334 2921 3447 2975 est;
3475 2910 3553 2966 sic
3575 2910 3716 2966 enint

2125 3000 2193 3055 de
2236 3002 2326 3055 illa
2369 3001 2562 3072 legitur
2604 3005 2655 3056 in
2698 3003 2936 3059 Canticis
2959 3005 3287 3058 canticorum
3318 3020 3331 3056 :
3359 3002 3558 3056 Hortus
3599 3015 3722 3055 con-

2127 3094 2301 3146 clusus
2330 3108 2477 3146 soror
2505 3110 2617 3146 mea
2650 3091 2840 3164 (Cant.
2872 3109 2951 3158 tv,
2989 3095 3110 3164 12).
3145 3096 3185 3149 Δ
3231 3092 3496 3163 principio
3537 3099 3716 3146 autem

2131 3184 2412 3253 paradisus
2443 3186 2738 3255 plantatur,
2769 3187 2892 3256 quia
2925 3187 3164 3242 Ecclesia
3195 3185 3460 3241 catholica
3485 3199 3516 3240 a
3557 3183 3718 3239 Chri-

421 3252 554 3342 nato
576 3246 712 3346 coelo
742 3257 797 3301 et
830 3259 990 3350 terra,
1036 3250 1232 3319 adjecit
1262 3253 1534 3322 virgultum
1579 3257 1709 3325 agri,
1736 3266 1781 3310 et
1812 3257 2019 3309 herbam
2046 3274 2093 3333 α
2127 3246 2241 3343 ξω,
2275 3278 2365 3348 qui
2393 3246 2475 3332 es"
2521 3246 2844 3350 princip'iu'm
2887 3281 3160 3349 omnium,
3205 3279 3423 3334 condita
3467 3291 3588 3334 esse
3627 3291 3720 3332 ω,

421 3334 669 3404 regionis,
701 3345 754 3392 et
800 3340 966 3393 tacuit
993 3350 1187 3396 caetera
1219 3359 1338 3412 quae
1361 3353 1487 3400 sunt
1527 3346 1578 3399 in
1609 3348 1748 3402 cmlo
1774 3357 1825 3402 et
1853 3357 2014 3414 terra,

421 3426 688 3482 velt-tiam
723 3431 776 3484 in
809 3433 975 3500 mari,
1002 3433 1107 3487 nisi
1133 3435 1253 3504 quia
1284 3452 1378 3505 per
1406 3438 1694 3508 virgultum
1740 3441 1850 3509 agri
1884 3442 2019 3495 invi-

423 3517 636 3573 sibilem
694 3533 995 3580 creaturam
1028 3526 1363 3585 demonstrat
1401 3530 1668 3600 intelligi,
1747 3533 1886 3588 sicut
1935 3543 2020 3588 est

425 3612 640 3667 anima?

494 3723 584 3778 16.
621 3725 771 3782 Dicta
823 3741 999 3788 autem
1034 3743 1117 3789 est
1141 3735 1462 3806 virgultum,
1507 3747 1727 3809 propter
1775 3742 2014 3810 vigorem

422 3817 582 3884 vitm;
617 3818 807 3887 herba,
839 3834 1058 3894 propter
1081 3829 1324 3884 eamdem
1365 3830 1526 3884 vitam
1573 3848 1842 3903 nunquam
1874 3850 2017 3890 mar-

422 3921 753 3968 cescentem.
799 3914 1004 3971 Deinde
1055 3922 1193 3987 quod
1239 3921 1481 3987 addidit,
1538 3933 1821 3994 antequam
1873 3938 2018 3984 esset

425 4018 592 4074 super
622 4016 846 4074 terram,
883 4009 1199 4081 intelligitur
1226 4025 1514 4083 antequam
1544 4016 1721 4071 anima
1745 4029 2014 4086 peccaret.

424 4097 681 4154 Terrenis
713 4101 858 4156 enim
889 4102 1272 4171 cupiditatibus
1302 4106 1598 4175 sordidata,
1629 4116 1882 4178 tanquam
1923 4127 2015 4166 su-

419 4203 518 4258 per
544 4200 744 4247 terram
777 4204 928 4262 nata,
958 4195 1044 4250 vel
1093 4210 1258 4265 super
1289 4206 1485 4253 terram
1535 4215 1679 4268 esse,
1729 4213 1880 4259 recte
1934 4203 2016 4260 di-

421 4282 577 4339 citur.

497 4373 586 4425 17.
621 4373 774 4430 Unde
789 4385 843 4431 et
872 4377 1107 4448 adjecit:
1140 4380 1384 4438 Nondum
1427 4386 1575 4441 enim
1607 4386 1816 4457 pluerat
1838 4388 2016 4446 Domi-

419 4477 523 4516 nus
554 4465 696 4521 Deus
718 4484 918 4537 super:
947 4480 1163 4540 terram,
1199 4476 1349 4545 quasi
1377 4486 1562 4546 aperte
1591 4479 1788 4535 diceret
1812 4498 1823 4533 :
1850 4483 2018 4537 Ante—

426 4571 585 4624 quam
656 4571 907 4628 peccaret
960 4565 1177 4631 anima,
1253 4568 1486 4622 nondum
1546 4571 1709 4642 269
1778 4573 2014 4629 nubibus

2124 3371 2417 3439 gnoscitur.
2451 3369 2670 3427 Fluvius
2694 3373 2762 3426 de
2788 3372 3038 3441 paradiso
3065 3372 3250 3427 exiens
3279 3371 3565 3442 imaginem
3595 3383 3720 3441 por-

2127 3472 2203 3517 tat
2229 3463 2462 3531 Christi,
2492 3464 2560 3518 de
2590 3474 2814 3534 paterno
2847 3463 2994 3519 fonte
3025 3464 3262 3532 liuentis,
3291 3465 3380 3533 qui
3411 3463 3593 3534 irrigat
3620 3463 3722 3518 Ec-

2123 3557 2341 3613 clesiam
2380 3574 2530 3613 suam
2557 3561 2726 3615 verbo
2756 3560 3171 3630 praedicationis,
3196 3569 3249 3616 et
3273 3560 3415 3614 dono
3445 3557 3718 3627 baptismi.

2194 3649 2250 3703 ⁸5.
2295 3651 2372 3706 De
2402 3666 2509 3722 quo
2540 3651 2678 3706 bene
2711 3667 2806 3720 per
2839 3651 3159 3722 prophetam
3191 3651 3385 3706 dicitur
3417 3667 3432 3705 :
3467 3650 3722 3706 Dominus

2122 3741 2267 3796 Deus
2297 3752 2468 3798 noster
2496 3745 2658 3814 270
2684 3744 2870 3814 ﬂuvius
2899 3745 3158 3816 gloriosus
3189 3742 3426 3798 exsiliens
3452 3743 3504 3797 in
3533 3751 3721 3796 terram

2123 3835 2397 3888 sitientem.
2442 3834 2684 3900 Quatuor
2730 3845 2909 3889 autem
2953 3835 3185 3903 paradisi
3228 3834 3450 3889 ﬂumina
3487 3843 3718 3903 quatuor

2124 3935 2250 3980 sunt
2293 3926 2583 3996 Evangelia
2625 3926 2690 3980 ad
2733 3925 3171 3995 praedicationem
3212 3928 3421 3983 cunctis
3461 3926 3717 3998 gentibus

2125 4020 2311 4076 missa.

2196 4110 2250 4165 4.
2290 4111 2459 4182 Ligna
2503 4111 2809 4178 fructifera,
2853 4127 3043 4170 omnes
3081 4115 3252 4170 sancti
3294 4123 3463 4180 sunt;
3516 4112 3723 4168 fructus

2126 4217 2314 4259 eorum
2337 4244 2354 4270 ,
2399 4217 2562 4274 opera
2606 4219 2833 4270 eorum;
2864 4204 3064 4274 lignum
3094 4213 3271 4261 autem
3310 4206 3459 4271 vitae,
3496 4205 3723 4260 Sanctus

2124 4305 2466 4363 sanctorum,
2506 4297 2790 4363 Christus,
2829 4298 3071 4361 scilicet,
3115 4298 3180 4352 ad
3221 4313 3381 4367 quem
3422 4297 3645 4367 quisque
3673 4299 3721 4353 sl

2125 4392 2426 4460 porrexerit
2447 4407 2664 4445 manum
2683 4433 2697 4457 ,
2728 4393 2877 4447 vivet
2897 4392 2950 4445 in
2973 4401 3254 4446 mternum.
3284 4390 3508 4461 Lignum
3539 4399 3720 4446 autem

2123 4487 2363 4542 scientiae
2409 4485 2532 4540 boni
2576 4495 2630 4540 et
2671 4485 2828 4551 mali,
2861 4485 3137 4555 proprium
3180 4494 3261 4540 est
3307 4484 3599 4539 voluntatis
3636 4497 3723 4537 ar—

2124 4577 2343 4632 bitrium
2387 4576 2524 4646 quod
2570 4578 2623 4630 in
2667 4576 2845 4631 medio
2877 4575 3043 4630 nostri
3073 4584 3155 4630 est
3181 4575 3413 4645 positum
3443 4573 3511 4627 ad
3538 4574 3724 4644 digno'

421 4647 821 4717 Scripturarum
845 4656 1076 4725 pluviam
1107 4659 1367 4714 doctrinae
1395 4661 1652 4716 Dominus
1681 4665 1745 4718 ad
1777 4667 2015 4723 animam
2050 4660 2106 4719 D
2130 4670 2385 4725 scendum
2420 4671 2615 4724 bonum
2648 4679 2702 4723 et
2733 4669 2954 4723 malum.
3004 4667 3079 4722 De
3119 4681 3223 4737 quo
3263 4664 3357 4736 qui
3396 4663 3584 4721 relicta
3630 4664 3722 4720 Dei

423 4739 752 4809 irrigandam
784 4759 1162 4816 concesserat;
1197 4751 1432 4806 nondum
1468 4765 1685 4822 propter
1715 4755 2010 4827 hominem,

422 4831 518 4902 qui
546 4843 628 4888 est
659 4845 821 4906 terra,
867 4839 1129 4897 Dominus
1155 4853 1339 4899 noster
1368 4845 1568 4902 nubem
1605 4849 1781 4904 carnis
1812 4860 2013 4906 nostra

615 4996 722 5050 Sed
746 5000 1053 5078 spiritualis,
1088 5008 1343 5078 usquead
1369 5017 1553 5075 potest,
1582 5008 1902 5066 emendatus
1928 5024 2013 5070 est

424 5067 712 5141 biclocus
737 5085 800 5124 ex
829 5076 1127 5141 AuguStino
1168 5067 1221 5130 et
1254 5067 1420 5132 Beda.
1456 5067 1648 5135 (iniit.

427 5207 440 5218 θ
497 5137 637 5223 Ibid.
690 5140 750 5223 in
779 5137 1044 5213 Vulgata:
1096 5145 1280 5223 Filius;
1325 5149 1544 5223 hominis
1601 5151 1822 5216 veniens,
1857 5164 2012 5223 putas

421 5213 652 5290 inuemar
677 5213 831 5277 ﬁdem
857 5233 1010 5290 super
1050 5220 1284 5270 terram?
1335 5221 1505 5273 AREV.

628 5282 718 5366 in“
737 5281 1163 5366 nostraqulgata
1257 5288 1431 5342 Estote
1459 5307 1576 5366 ergo
1623 5309 1711 5346 vos
1757 5297 2008 5366 perfecti,

424 5352 557 5426 sicut
591 5352 828 5426 e_t-P_ater
859 5357 1073 5410 caelestis
1104 5360 1361 5426 perfectus
1388 5369 1479 5414 est.
1513 5352 1688 5416 Ἀὴεν.

431 5484 443 5493 .
616 5420 834 5490 Vulgata
874 5428 1038 5482 :Ista,’
1077 5418 1634 5493 sunt'generationcs...
1677 5446 1848 5488 creata
1894 5447 2012 5490 sunt

425 5489 854 5575 iit—diequofecit
901 5495 1154 5575 Dominus
1198 5489 1405 5554 Deus...
1440 5503 1712 5571 virgultum
1762 5489 2017 5575 agri,an-

426 5565 636 5648 aegis-am
663 5565 878 5615 oriretur
898 5569 960 5648 .in
1008 5579 1161 5635 terra,
1199 5588 1496 5641 omnemque
1518 5565 1742 5628 'herbam
1769 5565 2017 5648 riagionis,

428 5641 735 5706 prtu‘s‘qugm
752 5636 1074 5698 germinaret.
1106 5645 1276 5696 AREV.

507 5696 799 5787 1521mm
844 5705 956 5787 diei.
983 5712 1188 5764 nomine
1212 5715 1500 5787 secundum
1530 5716 1872 5787 praphetiam.
1920 5717 2014 5772 Hae

431 5766 743 5856 dittegvoce's
769 5776 1043 5832 secundum
1073 5766 1390 5856 prophetiam

428 5847 724 5908 gustmum,
755 5859 782 5896 a
807 5862 910 5915 quo
937 5847 1082 5903 sunt
1114 5847 1336 5920 reliqua,
1382 5855 1475 5910 lib.
1508 5872 1545 5908 ιι
1576 5862 1641 5914 de
1690 5847 1827 5914 Gen.
1863 5868 2010 5925 cont,

2015 5954 2069 5992 ‘r

2127 4763 2294 4833 gratia
2325 4758 2618 4832 gustaverit
2661 4766 2835 4814 morte
2868 4759 3148 4814 morietur.

2199 4854 2250 4909 5.
2293 4852 2435 4906 Tulit
2460 4851 2617 4923 igitur
2647 4849 2784 4904 Deus
2812 4849 3097 4916 hominem,
3126 4857 3174 4904 et
3202 4849 3372 4920 posuit
3402 4863 3518 4902 eum
3544 4847 3598 4901 in
3628 4861 3724 4917 pa-

2122 5016 2378 5080 Manich.,
2420 5032 2468 5069 c.
2503 5014 2570 5077 '5;
2599 5013 2848 5082 leguntur
2877 5021 3051 5066 tamen
3096 5009 3148 5062 in
3181 5009 3429 5064 omnibus
3455 5007 3630 5076 libris,
3667 5017 3723 5064 et

2126 5089 2268 5159 apud
2305 5085 2633 5159 Eucherium
2664 5095 2718 5159 e_t
2741 5082 2962 5138 Bedam.
2989 5082 3184 5159 (ξβιμτ.
3421 5149 3434 5159 .
3466 5098 3479 5110 ·

2202 5161 2291 5214 17.
2323 5157 2524 5211 Nubem
2552 5155 2721 5208 carnis
2752 5163 2960 5208 nostra.
2997 5152 3046 5206 Ν
3055 5153 3250 5205 ubilum
3290 5149 3460 5203 carnis
3503 5155 3719 5217 nostrw,

2124 5231 2492 5290 Augustinus;
2527 5227 2794 5290 nebulam,
2839 5224 2978 5288 apud
3015 5222 3234 5276 Bedam.
3265 5221 3459 5274 Cum.

2235 5302 2342 5353 bid.
2378 5298 2602 5366 Vulgata
2630 5296 2787 5351 :Non
2814 5297 2950 5350 enim
2979 5293 3200 5366 pluerat.
3227 5295 3397 5366 Ansv.

2198 5370 2289 5424 18.
2335 5359 2510 5422 Homo
2551 5384 2653 5421 non
2697 5377 2841 5432 erat,
2886 5359 3053 5432 usque
3091 5365 3157 5417 ad
3201 5359 3614 5433 signiﬁcabatur,
3657 5375 3722 5416 ex

2126 5441 2248 5495 eod.
2288 5438 2382 5492 lib.
2416 5439 2733 5505 Augustini,
2765 5453 2886 5506 cap.
2921 5435 3016 5506 21;.
3050 5434 3243 5506 GRIAL.

2197 5510 2326 5564 CAP.
2360 5524 2437 5562 ιιι.
2468 5502 2532 5561 Νῖ
2562 5506 2617 5560 2.
2648 5502 2934 5561 Paradisus
2963 5503 3196 5560 Ecclesia
3223 5512 3328 5572 est,
3357 5519 3424 5561 ex
3448 5502 3572 5560 eod.
3603 5503 3724 5570 lib.,

2127 5595 2248 5665 cap.
2281 5581 2367 5634 14.
2401 5580 2590 5633 Οκιλι..
3115 5649 3128 5661 ο

2198 5667 2251 5702 o.
2299 5650 2566 5717 Pr0pheta
2621 5647 2848 5704 fortasse
2895 5657 2978 5704 est
3030 5649 3226 5713 Isaias,
3279 5662 3398 5716 cap.
3451 5661 3611 5709 xuv,
3642 5644 3719 5700 ὃς

2127 5719 2416 5787 E/funtlam
2461 5721 2595 5772 enim
2642 5735 2801 5784 aquas
2843 5737 2994 5789 super
3023 5722 3309 5780 sitientem,
3343 5728 3388 5771 et
3415 5719 3609 5789 ﬂuenta
3639 5731 3724 5789 stt-

2127 5786 2218 5861 per
2246 5791 2481 5862 aridam.
2502 5790 2741 5857 Quatuor
2781 5786 3074 5862 Evangelia
3103 5801 3333 5860 quatuor
3364 5786 3600 5858 paradisi
3630 5786 3727 5841 ﬂu.

2128 5862 2365 5919 minibus
2396 5861 2522 5917 alibi
2551 5863 2711 5917 etiam
2741 5861 3019 5934 comparat
3049 5863 3302 5917 Isidorus.
3338 5863 3516 5915 Aasv.
3553 5879 3560 5892 ·
