4100 6344
246 341 266 362 ’
366 353 473 412 2n

1189 349 1646 424 QUESTIONES
1686 353 1751 412 IN
1793 348 1947 410 VET.
1991 353 2285 414 TESTAM.
2311 388 2379 399 —-
2409 357 2475 415 IN
2515 353 2832 416 GENESIN.

3539 358 3650 427 218

363 475 564 530 radiso.
595 472 904 544 Assumpsit
953 470 1096 530 Deus
1126 489 1374 544 carnem,
1406 485 1460 532 et
1489 473 1659 531 iactus
1689 484 1771 530 est
1800 482 1959 544 caput
1987 474 2034 533 A
2063 489 2190 528 num
2211 515 2225 541 ,
2255 490 2373 543 quae
2403 474 2470 530 de
2498 473 2614 544 ejus
2649 475 2818 530 latere
2847 484 3057 547 sumpta
3087 483 3190 533 est.
3223 475 3348 534 Hac
3374 492 3504 550 ergo
3530 497 3650 540 om-

367 559 649 633 ECclesite,
683 576 742 621 ut
770 575 1088 635 operaretur
1124 577 1179 623 et
1223 568 1518 624 custodiret
1551 568 1731 632 illum,
1761 567 1816 622 id
1844 576 1956 633 est,

365 661 644 716 voluntate
675 659 851 715 Patris
879 674 944 715 ex
974 660 1228 716 omnibus
1256 663 1502 731 gentibus
1527 661 1828 717 chclesiam
1860 661 1960 716 im-

367 755 561 826 pleret.
595 755 736 810 Dixit
774 770 990 825 quoque
1033 755 1212 811 Deus:
1247 757 1371 812 Non
1402 766 1475 812 est
1506 759 1693 812 bonum
1723 772 1832 810 esse
1860 756 1956 811 ho-

369 849 557 904 minem
585 849 772 903 solum.
799 849 1111 919 Arguuntur
1138 849 1378 905 haeretici
1402 889 1417 915 ,
1444 850 1531 921 qui
1565 850 1833 906 Christum
1866 864 1953 904 so-

366 943 476 998 lum
508 943 777 997 hominem
811 952 1026 1012 putant,
1058 952 1110 998 et
1140 957 1243 998 non
1272 942 1433 998 etiam
1468 943 1655 998 Deum.

442 1036 495 1089 6.
539 1031 819 1088 Faciamus
845 1035 890 1088 ei
916 1035 1237 1106 adjutarium
1267 1035 1432 1088 simile
1459 1036 1575 1103 sui,
1607 1035 1730 1105 quia
1758 1035 1808 1090 in
1841 1035 1959 1103 ipso

373 1123 593 1180 homine
620 1134 876 1194 suscepto
907 1126 1142 1180 Ecclesia
1176 1126 1284 1182 Deo
1315 1127 1560 1197 c0pulata
1607 1137 1710 1183 est.
1758 1129 1954 1198 Appel-

367 1217 490 1272 lavit
519 1229 688 1272 autem
718 1217 884 1271 Adam
915 1219 1199 1272 nominibus
1224 1219 1332 1272 suis
1358 1229 1538 1272 cuncta
1565 1221 1848 1274 animantia
1870 1262 1882 1283 ,
1911 1228 1960 1274 et

367 1309 600 1364 volatilia
628 1310 760 1377 caeli,
791 1321 839 1363 et
869 1312 1053 1364 bestias
1080 1320 1248 1376 teme,
1266 1310 1570 1381 signiﬁcans
1599 1320 1808 1380 gentes,
1839 1326 1959 1381 qua:

369 1402 532 1455 salvae
573 1401 760 1456 ﬁerent
803 1404 854 1455 in
898 1401 1173 1469 Ecclesia,
1217 1411 1270 1456 et
1318 1417 1413 1470 per
1451 1402 1723 1456 Christum
1765 1417 1957 1458 nomen

367 1494 789 1549 Christianitatis
820 1504 975 1550 erant
1002 1507 1306 1565 acceptum
1329 1537 1343 1560 ,
1375 1495 1514 1565 quod
1548 1497 1695 1565 prius
1727 1511 1834 1550 non
1867 1497 1960 1549 ha-

367 1586 635 1655 buerant,
667 1588 810 1643 sicut
855 1589 1112 1658 scriptum
1155 1599 1236 1644 est
1263 1607 1274 1641 :
1321 1588 1387 1642 Et
1417 1590 1602 1642 vocabo
1630 1603 1800 1643 servos
1825 1604 1959 1643 meos

369 1679 574 1733 nomine
600 1679 704 1733 alio
735 1677 898 1748 (Isai.
927 1695 1064 1743 va,
1098 1679 1222 1748 15).

439 1772 492 1825 7.
534 1773 663 1828 Adaz
690 1789 806 1827 vero
834 1789 934 1826 non
964 1757 1315 1827 inveniebatur
1343 1774 1553 1845 adjutor
1590 1773 1774 1827 similis
1816 1775 1952 1844 ejus.

2060 566 2145 623 nia
2178 567 2316 623 facta
2344 578 2468 622 sunt
2501 569 2554 622 in
2586 568 2788 640 ﬁgura,
2820 585 2937 641 quas
2967 579 3122 626 erant
3151 571 3204 627 in
3234 572 3473 630 Ecclesia
3517 592 3645 645 pro-

2061 658 2258 714 ditura.
2310 659 2650 725 Quamobrem
2698 662 2950 731 relinquet
3001 664 3154 719 homo
3198 675 3396 737 patrem
3449 677 3496 721 et
3532 686 3647 724 ma-

2062 758 2224 822 trem,
2253 762 2300 806 et
2327 753 2602 809 adhterebit
2630 756 2781 810 uxori
2805 772 2913 812 sua:
2936 774 2954 823 ,'
2983 766 3033 812 et
3073 768 3218 814 erunt
3262 761 3366 814 duo
3406 761 3458 814 in
3499 778 3653 817 carne

2059 861 2185 899 una.
2219 845 2330 901 Iloc
2357 847 2717 918 interpretans
2758 852 3044 920 Apostolus
3085 856 3160 908 ait
3211 872 3222 906 :
3256 854 3649 911 Sacramentum

2062 939 2157 994 hoc
2185 958 2430 1012 magnum
2459 954 2532 998 est
2551 985 2568 1012 ,
2598 961 2690 1016 ego
2717 954 2885 999 autem
2913 947 3029 1001 dico
3055 950 3108 1003 in
3141 949 3342 1004 Christo
3370 961 3416 1004 et
3467 951 3521 1004 in
3550 949 3652 1007 Ee-

2062 1034 2215 1086 clesia
2245 1034 2264 1104 (
2274 1033 2462 1099 Ephes.
2489 1036 2567 1105 v).

2135 1125 2222 1180 il.
2265 1127 2404 1196 Ergo
2446 1128 2588 1196 quod
2634 1143 2729 1198 per
2774 1131 3051 1188 historiam
3097 1135 3426 1204 completum
3468 1144 3553 1192 est
3595 1135 3648 1193 in

2064 1219 2264 1287 Adam,
2297 1236 2391 1290 per
2421 1224 2756 1292 prophetiam
2788 1225 3120 1295 signiﬁcatur
3166 1229 3216 1282 in
3256 1229 3508 1295 Christo,
3552 1229 3646 1300 qui

2064 1315 2280 1386 reliquit
2307 1316 2556 1384 Patrem,
2589 1333 2710 1372 cunt
2755 1318 2927 1374 dicit:
2974 1320 3088 1393 Ego
3133 1338 3164 1375 a
3203 1321 3365 1377 Patre
3403 1322 3573 1390 exivi,
3603 1330 3652 1378 et

2067 1407 2179 1460 veni
2221 1408 2274 1459 in
2323 1408 2570 1461 mundum
2623 1407 2854 1480 (Joann.
2891 1412 3049 1481 va).
3104 1413 3201 1477 Qui
3234 1431 3349 1468 cum
3388 1415 3440 1468 in
3485 1415 3653 1484 forma

2065 1496 2163 1550 Dei
2191 1508 2352 1563 esset,
2383 1515 2484 1553 non
2513 1500 2750 1571 rapinam
2779 1502 3059 1556 arbitratus
3087 1513 3158 1556 est
3186 1521 3289 1560 esse
3328 1522 3381 1559 se
3402 1506 3651 1576 aqualem

2064 1585 2174 1642 Deo
2214 1586 2469 1659 (Philipp.
2504 1590 2588 1658 ιι).
2636 1590 2870 1660 Reliquit
2901 1600 2956 1645 et
2988 1601 3209 1648 matrem
3235 1638 3249 1661 ,
3283 1594 3334 1648 id
3365 1603 3477 1660 est,
3508 1595 3651 1667 Syn-

2064 1693 2282 1748 agogam
2301 1679 2633 1748 Iudaeorum,
2655 1681 2832 1737 Veteri
2865 1681 3216 1739 Testamento
3245 1686 3536 1742 carnaliter
3562 1688 3649 1743 in-

2066 1769 2358 1825 haerentem
2381 1813 2395 1837 ,
2427 1786 2546 1841 quae
2579 1772 2656 1825 illi
2686 1783 2803 1827 erat
2832 1785 3007 1829 mater
3035 1790 3103 1830 ex
3133 1777 3340 1831 semine
3369 1776 3536 1831 David
3566 1791 3651 1834 se-

370 1863 565 1935 Utique
592 1867 844 1935 quoniam
873 1865 1114 1932 quamvis
1146 1865 1321 1920 ﬁdelis
1351 1873 1443 1919 aut
1482 1865 1661 1935 justus
1698 1864 1768 1920 sit
1811 1862 1959 1932 quis-
1992 1875 2041 1935 B
2067 1862 2298 1917 cundum
2333 1879 2586 1933 carnem,
2619 1874 2673 1919 et
2699 1866 2927 1921 adhaesit
2955 1867 3102 1922 uxori
3133 1881 3276 1933 suae,
3309 1867 3361 1923 id
3391 1878 3504 1937 est,
3531 1883 3659 1925 san-

371 1970 506 2024 que,
537 1956 748 2012 Christo
790 1967 968 2012 tamen
1009 1957 1208 2025 aequari
1247 1971 1353 2010 non
1397 1965 1591 2026 potest.
1638 1957 1763 2022 Quis
1792 1955 1958 2019 enim,

371 2047 546 2117 inquit
577 2047 788 2120 Moyses
810 2090 823 2114 ,
858 2049 1041 2104 similis
1071 2049 1161 2102 tibi
1189 2049 1242 2102 in
1288 2049 1418 2118 diis,
1465 2047 1680 2103 Domine
1719 2047 1962 2120 (Psalm.

368 2141 615 2209 Lxxxv)?
642 2157 765 2196 nam
794 2152 850 2197 et
879 2141 1039 2197 David
1067 2142 1142 2195 ait
1168 2159 1180 2192 :
1209 2141 1484 2211 Speciosus
1511 2142 1678 2210 forma
1708 2157 1814 2210 pra:
1843 2141 1964 2209 [iliis

371 2231 634 2287 hominum
662 2232 894 2304 (Psalm.
920 2232 1098 2302 xm).
1120 2231 1289 2288 Nemo
1319 2233 1460 2287 enim
1495 2241 1701 2302 poterat
1733 2247 1762 2286 a
1794 2241 1965 2288 morte

374 2340 538 2396 genus
580 2327 869 2380 humanum
914 2325 1179 2391 liberare,
1221 2334 1274 2380 et
1320 2325 1489 2393 ipsam
1534 2332 1759 2377 mortem
1803 2337 1964 2388 supe-

373 2433 492 2474 rare
515 2461 530 2486 ,
574 2419 676 2474 nisi
705 2416 950 2474 Christus
969 2460 984 2485 ,
1014 2419 1155 2474 sicut
1183 2427 1240 2474 et
1266 2418 1317 2472 in
1351 2417 1674 2488 Apocalypsi
1718 2417 1914 2471 dicitur
1943 2433 1958 2471 :

374 2507 540 2562 Nemo
584 2509 816 2563 inventus
857 2517 930 2562 est
963 2509 1179 2580 dignus,
1207 2525 1367 2579 neque
1406 2509 1459 2561 in
1503 2508 1659 2584 emta,
1709 2523 1870 2577 neque
1912 2504 1966 2559 in

376 2610 542 2668 terra,
578 2619 735 2672 neque
761 2604 902 2660 infra
932 2613 1119 2657 terram
1141 2644 1157 2670 ,
1187 2603 1386 2674 aperire
1418 2601 1639 2667 librum,
1669 2601 1768 2655 nisi
1796 2600 1874 2655 leo
1904 2601 1967 2655 de

374 2696 502 2749 tribu
528 2693 690 2751 Iuda.

443 2788 497 2842 8.
543 2786 763 2843 Immisit
797 2806 923 2860 ergo
950 2787 1202 2844 Dominus
1236 2786 1378 2842 Deus
1409 2802 1645 2858 soporem
1670 2787 1726 2840 in
1755 2785 1923 2839 Adam
1950 2801 1968 2850 ;

377 2896 592 2950 cumque
643 2881 1004 2946 obdormisset,
1062 2882 1181 2934 tulit
1229 2897 1383 2934 unam
1430 2881 1492 2934 de
1537 2883 1692 2933 costis
1731 2881 1873 2951 ejus,
1917 2887 1965 2932 et

375 2973 645 3042 edi/ienuit
669 2984 883 3040 costam,
915 2989 1068 3040 quam
1095 2973 1277 3027 tulerat
1305 2975 1460 3043 271
1477 2970 1541 3025 de
1565 2971 1750 3038 Adam,
1779 2972 1832 3024 in
1857 2985 1967 3023 mu-

377 3066 570 3122 lierem.
620 3068 828 3123 Dormit
875 3068 1082 3133 Adam,
1128 3078 1183 3124 et
1223 3070 1281 3122 lit
1320 3069 1394 3122 illi
1435 3069 1628 3123 mulier
1668 3068 1735 3122 de
1777 3068 1964 3122 latere.

377 3156 588 3212 Patitur
616 3159 864 3214 Christus
907 3159 959 3213 in
990 3173 1151 3213 cruce
1171 3200 1184 3223 ,
1221 3159 1472 3228 pungitur
1503 3159 1641 3212 latus
1671 3158 1885 3224 lancea,
1914 3167 1968 3213 et

2069 1962 2169 2008 etas
2201 1955 2489 2021 Ecclesiae,
2523 1965 2581 2012 ut
2612 1972 2744 2026 pace
2774 1957 2911 2013 Novi
2951 1958 3282 2015 Testamenti
3326 1971 3511 2017 essent
3553 1961 3659 2016 duo

2068 2045 2120 2099 in
2150 2062 2311 2102 carne
2341 2062 2441 2102 una
2466 2091 2481 2116 ,
2516 2049 2638 2118 quia
2669 2065 2789 2104 cum
2823 2053 2893 2105 sit
2922 2051 3062 2106 Deus
3092 2053 3230 2123 apud
3271 2053 3482 2109 Patrem
3503 2095 3520 2122 ,
3565 2069 3662 2124 per

2067 2154 2224 2208 quem
2256 2139 2382 2195 facti
2413 2157 2630 2208 sumus,
2666 2142 2836 2197 lactus
2877 2155 2960 2199 est
3005 2160 3097 2214 per
3137 2160 3353 2202 carnem
3395 2146 3664 2218 particeps

2069 2239 2272 2298 noster,
2308 2240 2363 2286 ut
2395 2232 2537 2286 illius
2563 2233 2754 2302 capitis
2785 2247 2979 2304 corpus
3012 2250 3134 2292 esse
3165 2236 3458 2307 possimus.

2687 2323 2913 2383 CAPUT
2955 2327 3043 2382 IV.

2133 2487 2142 2496 ι
2201 2416 2281 2470 De
2319 2419 2588 2487 prmeeptis
2627 2417 2763 2484 Dei,
2805 2428 2853 2473 et
2890 2421 3221 2476 consensione
3256 2423 3525 2493 serpentis.

2141 2510 2303 2580 272
2342 2511 2393 2566 1.
2435 2513 2553 2566 Iam
2603 2511 2799 2568 dehinc
2848 2523 3213 2583 praeceptum,
3265 2515 3406 2585 quod
3455 2516 3664 2587 accepit

2073 2600 2370 2670 ﬁguraliter
2416 2604 2626 2666 Adam,
2670 2619 2769 2659 nos
2809 2607 3117 2676 accepimus
3162 2607 3215 2661 in
3257 2607 3496 2674 Christo,
3539 2606 3662 2677 quia

2075 2694 2442 2764 unusquisque
2471 2695 2813 2752 Christianus
2845 2713 2948 2752 non
2989 2700 3284 2769 incongrue
3325 2708 3498 2771 gestat
3541 2714 3663 2770 per-

2067 2797 2258 2838 sonam
2287 2784 2523 2851 Christi,
2571 2785 2782 2841 dicente
2829 2787 2949 2856 ipso
2979 2787 3246 2843 Domino:
3283 2790 3433 2854 Quod
3473 2790 3663 2859 fecistis

2070 2877 2160 2929 uni
2189 2891 2252 2930 ea:
2279 2877 2507 2932 minimis
2533 2879 2657 2933 meis
2679 2919 2693 2943 ,
2724 2879 2850 2932 mihi
2878 2879 3070 2949 fecistis
3101 2880 3118 2951 (
3142 2879 3333 2934 Matth.
3365 2897 3494 2949 xxv,
3523 2880 3592 2935 ιο
3616 2880 3660 2954 ).

2071 2971 2272 3026 Dicitur
2302 2986 2431 3042 ergo
2461 2971 2540 3026 illi
2570 2989 2584 3025 :
2619 2971 2703 3026 Ea:
2732 2974 2871 3026 omni
2899 2974 3040 3044 ligno
3070 2974 3300 3044 paradisi
3326 2974 3556 3029 comede.
3582 2972 3664 3030 De

2071 3065 2212 3135 ligno
2255 3077 2426 3118 autem
2452 3065 2678 3119 scientia:
2708 3065 2826 3118 boni
2853 3074 2897 3119 et
2927 3067 3052 3119 mali
3081 3081 3144 3119 ne
3173 3066 3428 3121 comedas.

2141 3157 2197 3210 2.
2239 3156 2554 3226 Pracipitur
2601 3156 2742 3212 enim
2775 3157 2928 3212 nobis
2957 3168 3012 3211 ut
3055 3157 3299 3213 fruamur
3339 3158 3485 3214 omni
3513 3157 3662 3228 ligno

377 3246 652 3316 proﬂuunt
679 3259 1020 3304 sacramenta
1051 3249 1363 3320 sanguinis,
1394 3263 1456 3302 ex
1488 3248 1680 3318 quibus
1709 3248 1968 3303 formetur
1996 3259 2040 3322 ρ
2078 3247 2350 3318 paradisi,
2405 3263 2511 3317 quo
2557 3247 2927 3317 signiﬁcantur
2972 3248 3281 3317 spirituales
3322 3247 3528 3304 deliciae
3549 3289 3564 3315 ,
3595 3247 3664 3304 de

380 3337 642 3394 Ecclesia.
693 3340 839 3394 Hanc
883 3340 1262 3395 dormitionem
1309 3350 1488 3395 cantat
1536 3339 1839 3410 Propheta,
1882 3339 1965 3394 di-

378 3444 504 3487 cens
531 3449 544 3484 :
579 3431 692 3501 Ego
718 3433 965 3499 dormivi,
1009 3442 1056 3486 et
1086 3433 1285 3502 quievi,
1314 3443 1360 3488 et
1390 3435 1648 3488 resurrexi
1671 3474 1688 3501 ,
1729 3434 1970 3503 quoniam

379 3521 631 3577 Dominus
660 3524 922 3578 suscitavit
948 3540 1025 3577 me
1057 3522 1281 3594 (Psalm.
1313 3539 1409 3588 ιιι,
1437 3525 1515 3594 6).

449 3615 506 3672 9.
547 3616 838 3687 Sequitur:
873 3615 940 3670 Et
969 3618 1139 3686 posuit
1161 3632 1365 3670 carnem
1406 3632 1498 3684 pro
1543 3632 1622 3670 ea.
1673 3613 1764 3672 Sic
1810 3615 1969 3672 Chri-

386 3717 500 3765 stus
529 3723 742 3765 carnem
785 3723 936 3763 suam
987 3708 1267 3763 moriendo
1297 3711 1474 3778 posuit
1504 3709 1556 3762 in
1589 3709 1825 3778 patibulo
1852 3725 1973 3764 cru-

385 3800 462 3855 cis
492 3814 587 3871 pro
613 3800 872 3855 Ecclesia.
904 3799 1049 3854 Dixit
1075 3815 1272 3870 quoque
1295 3799 1463 3853 Adam
1483 3816 1502 3854 :
1527 3799 1645 3854 Hoc
1671 3817 1806 3854 nunc
1831 3816 1887 3855 os
1911 3817 1974 3855 ea:

387 3894 582 3947 ossibus
615 3894 737 3947 meis
761 3935 775 3958 ,
803 3901 850 3948 et
880 3908 1001 3946 caro
1028 3894 1090 3946 de
1120 3909 1272 3948 carne
1302 3909 1435 3947 mea.
1476 3892 1610 3959 Quia
1653 3892 1768 3948 sive
1805 3894 1974 3949 sancti

385 3987 692 4057 spirituales
736 3996 790 4042 et
846 3986 1126 4043 fortissimi
1156 3987 1209 4042 in
1254 3985 1673 4054 tentationibus,
1718 3986 1831 4043 sive
1876 3987 1973 4042 mi-

387 4095 485 4134 nus
516 4079 769 4148 perlecti,
801 4082 1016 4150 utrique
1047 4095 1213 4136 unum
1242 4094 1439 4150 corpus
1480 4077 1679 4136 Christi
1712 4089 1876 4146 sunt,
1923 4087 1978 4136 et

387 4185 487 4224 una
521 4170 781 4226 Ecclesia.

459 4262 550 4317 ID.
593 4261 722 4316 Haec
750 4263 1012 4317 vocabitur
1037 4264 1213 4333 virago
1231 4305 1244 4329 ,
1275 4262 1521 4334 quoniam
1552 4263 1615 4316 de
1644 4266 1750 4317 viro
1777 4273 1979 4332 sumpta

387 4363 479 4407 est.
511 4353 602 4410 Sic
631 4361 688 4410 et
723 4351 971 4410 Christus
999 4354 1257 4411 Ecclesiae
1303 4369 1498 4410 nomen
1543 4354 1690 4409 dedit
1718 4355 1979 4410 Christia-

2072 3340 2264 3410 quibus
2314 3340 2390 3393 ait
2435 3340 2726 3408 Apostolus
2792 3357 2804 3393 :
2852 3336 3077 3392 Fructus
3125 3347 3295 3393 autem
3331 3340 3546 3408 spiritus
3595 3345 3667 3394 est

2069 3435 2295 3488 charitas
2323 3474 2339 3500 ,
2395 3434 2644 3504 gaudium
2677 3474 2692 3500 ,
2747 3448 2852 3502 pax
2875 3473 2892 3498 ,
2951 3432 3314 3503 longanimitas
3343 3472 3359 3498 ,
3414 3432 3616 3487 bonitas
3646 3476 3662 3496 .

2073 3525 2408 3579 mansuetudo
2435 3563 2453 3591 ,
2475 3525 2788 3578 continentia
2812 3565 2828 3591 ,
2875 3526 3087 3577 castitas
3146 3521 3354 3593 (Galat.
3380 3537 3414 3578 v
3431 3525 3477 3595 ).
3511 3524 3666 3580 Sicut

2076 3621 2366 3691 Apostolus
2396 3620 2546 3675 dicit.
2581 3621 2646 3674 Et
2676 3637 2781 3691 non
2816 3628 3097 3689 tangamus
3142 3619 3345 3689 lignum
3387 3619 3441 3674 in
3484 3618 3669 3676 medio

2077 3713 2308 3782 paradisi
2339 3713 2632 3781 plantatum
2663 3712 2901 3767 scientia:
2936 3711 3060 3765 boni
3088 3717 3144 3764 et
3172 3709 3329 3776 mali,
3363 3709 3415 3763 id
3443 3717 3562 3777 est,
3595 3724 3664 3766 ne

2075 3803 2299 3858 velimus
2349 3802 2631 3871 superbire
2679 3801 2746 3855 de
2796 3810 2981 3855 natura
3030 3799 3240 3854 arbitrii
3288 3799 3493 3866 nostri,
3543 3814 3664 3869 qua:

2079 3891 2251 3948 inedia
2281 3901 2384 3958 est,
2418 3901 2512 3958 ut,
2542 3892 2750 3961 decepti
2781 3905 2876 3961 per
2903 3891 3206 3956 scientiam,
3237 3889 3583 3960 experiamur
3609 3899 3666 3947 et

2077 3983 2300 4039 malum.
2337 3983 2572 4052 Serpens
2604 3992 2784 4039 autem
2821 3982 2910 4037 ille
2933 4022 2949 4048 ,
2981 3980 3276 4050 sapientior
3301 3979 3539 4035 omnium
3568 3980 3666 4036 be-

2078 4080 2304 4134 stiarum
2327 4121 2341 4146 ,
2388 4079 2589 4134 indicat
2631 4077 2932 4143 diabolum,
2983 4075 3074 4146 qui
3113 4074 3239 4131 inde
3277 4089 3506 4145 serpens
3533 4073 3664 4131 dici-

2088 4182 2175 4226 tur
2207 4171 2347 4239 quod
2377 4169 2597 4225 volubili
2629 4178 2875 4224 versetur
2905 4167 3124 4223 astutia.

2151 4265 2205 4318 5.
2249 4262 2356 4319 Sed
2395 4262 2519 4330 quid
2560 4269 2640 4316 est
2672 4260 2813 4329 quod
2847 4263 2961 4328 ipse
2994 4273 3089 4330 per
3115 4259 3392 4314 mulierem
3422 4257 3665 4328 decepit,

2081 4363 2138 4408 et
2169 4367 2276 4408 non
2307 4368 2402 4422 per
2433 4352 2652 4407 virum?
2680 4350 2812 4418 Quia
2858 4365 2966 4405 non
3001 4359 3178 4420 potest
3205 4349 3340 4405 ratio
3371 4357 3552 4407 nostra
3580 4362 3670 4405 se-

459 4488 513 4544 6.
557 4487 821 4560 Vulgata:
871 4491 1038 4544 simile
1084 4491 1196 4545 sibi.
1252 4490 1317 4544 Et
1365 4505 1486 4545 mox
1515 4535 1529 4560 ,
1588 4491 1984 4560 Appellavitque
2085 4489 2263 4560 simus,
2295 4485 2841 4560 qttod_alii_ret_inent.
2875 4487 3047 4560 Anev.

392 4559 557 4613 Adam
583 4597 597 4612 .
624 4599 638 4612 .
668 4559 749 4618 ζει
781 4562 1015 4614 universa
1043 4563 1272 4615 volatilia
1298 4562 1409 4615 cali
1426 4603 1440 4627 ,
1487 4559 1530 4614 et
1580 4559 1756 4615 omnes
1798 4563 1982 4615 bestias

2157 4559 2288 4614 CAP.
2319 4554 2404 4611 ἰν.
2446 4557 2509 4612 Ν.
2550 4557 2603 4613 Ι.
2644 4556 2765 4610 Jant
2804 4557 2986 4609 dehinc
3023 4564 3364 4626 prwceptum,
3398 4569 3567 4624 usque
3595 4554 3665 4626 ad

391 4641 560 4685 terrce.
609 4631 678 4684 Et
717 4632 853 4699 apud
897 4632 1130 4686 Isaiam:
1175 4630 1244 4685 Et
1283 4623 1455 4687 servos
1493 4648 1614 4686 suos
1649 4632 1845 4686 vocabit
1888 4649 1979 4688 uo-
2010 4635 2066 4696 Ι)
2090 4632 2211 4684 mihi
2242 4629 2467 4700 fecistis,
2500 4629 2672 4695 ejusd.
2717 4628 2996 4700 Augustini
3024 4623 3164 4680 sunt
3190 4623 3402 4700 verba,
3445 4623 3567 4700 cap.
3591 4623 3668 4700 25

389 4703 525 4754 mine
551 4702 677 4754 alio.
709 4705 884 4755 Anev.

2091 4701 2184 4756 lib.
2219 4696 2252 4755 Ii
2282 4710 2430 4754 cont.
2466 4700 2695 4753 Maniclt.
2729 4696 2858 4763 Quae
2884 4707 3010 4752 ante
3041 4701 3154 4751 lucc
3193 4696 3440 4765 leguntur
3469 4697 3522 4750 in
3555 4697 3668 4765 ple-

461 4772 517 4825 7.
562 4773 615 4826 In
660 4773 865 4840 psalmo
909 4788 1120 4840 Lxxxv,
1168 4774 1256 4842 qui
1299 4787 1326 4826 a
1371 4773 1588 4827 Breulio
1629 4772 1893 4828 indicatur
1923 4757 1986 4830 iet
2089 4774 2269 4841 risque
2297 4771 2476 4834 libris,
2510 4768 2637 4842 Post
2667 4757 2771 4842 (ηεξ
2796 4779 3004 4842 vocatur
3033 4766 3212 4842 Heva,
3238 4757 3370 4842 ἔφη
3399 4781 3510 4842 non
3542 4757 3668 4842 sunt

394 4841 724 4914 inscribitur,
761 4843 938 4897 Uratio
966 4846 1065 4914 ipsi
1093 4841 1290 4908 David,
1322 4859 1464 4898 vers.
1493 4843 1558 4908 8,
1587 4844 1782 4899 dicitur
1813 4861 1827 4896 :
1860 4845 1982 4901 Non

396 4922 466 4966 est
495 4913 680 4966 similis
712 4914 786 4965 tui
819 4914 883 4984 in
905 4913 1023 4978 diis,
1050 4914 1292 4968 Domine.
1319 4915 1672 4984 Apocalypsis
1712 4917 1979 4971 sententia

339 5007 344 5010 ·
395 4984 713 5054 exprimitur
741 4983 918 5038 verbis
947 4985 1282 5054 aliquatenus
1313 4983 1675 5041 commutatis.
1711 4986 1887 5040 Anuv.

463 5050 539 5138 8._
563 5053 733 5108 Verba
770 5055 955 5138 psalmi
994 5050 1049 5109 in
1084 5057 1302 5138 Vulgata
1331 5055 1769 5138 :qudormivi,
1801 5066 1849 5108 et
1890 5073 1978 5138 so:

395 5132 602 5192 paratus
651 5141 801 5192 sum,
847 5133 896 5178 et
939 5124 1238 5195 exsurrexi,
1289 5124 1712 5197 quia’Dominus
1757 5130 1977 5192 suscepit

394 5210 492 5247 me.
528 5198 702 5250 Anev.

464 5266 723 5339 t0._Qute
765 5276 912 5339 erant
958 5268 1010 5320 in
1043 5267 1276 5322 Ecclesia
1323 5268 1616 5339 proditura.
1649 5266 1972 5337 Profuturo,

392 5338 533 5403 apud
567 5337 786 5390 Bedam.
815 5338 1011 5393 Cursu.

467 5403 608 5458 Ibid.
655 5406 996 5474 Quamobrem
1024 5409 1312 5480 relinquet,
1346 5424 1514 5479 usque
1554 5409 1619 5463 ad
1661 5425 1845 5480 corpus
1875 5425 1981 5464 esse

397 5492 804 5552 possemus,_ex
850 5481 972 5534 eod.
1019 5479 1301 5552 AuguStini
1333 5482 1462 5545 ltb.,
1510 5495 1628 5549 cap.
1675 5479 1774 5544 44,
1807 5482 1889 5542 vel
1915 5495 1979 5534 ex

397 5562 477 5600 ιιι
505 5557 679 5602 contr.
714 5548 920 5617 Faust.,
949 5566 1065 5620 cap.
1100 5548 1133 5604 8
1158 5569 1173 5617 ;
1203 5553 1484 5621 utrobique
1510 5548 1653 5605 enim
1681 5554 1870 5605 eadem
1903 5552 1978 5605 le-

393 5628 613 5692 gun_tu_r_,
640 5628 800 5692 atque
824 5628 1110 5692 utrumque
1138 5626 1307 5676 locum
1335 5624 1436 5676 sibi
1468 5624 1806 5691 pr0posuisse
1833 5622 1982 5676 vide-

394 5699 482 5741 tur
507 5687 760 5743 Isidorus.
781 5689 999 5759 Legitur
1017 5687 1144 5746 vero
1169 5703 1274 5747 tam
1298 5692 1436 5760 apud
1450 5687 1801 5760 Augustinum
1825 5707 1980 5760 quam

394 5760 786 5832 apudPau‘lutn
808 5772 1018 5832 propter
1041 5762 1135 5815 hoc
1152 5803 1168 5829 ,
1199 5780 1302 5816 non
1328 5764 1673 5832 quamobrem.
1701 5762 1891 5817 Cum.

468 5828 609 5885 Ibid.
652 5829 885 5887 Grialius
909 5828 964 5888 in
993 5843 1119 5889 nota
1146 5828 1408 5904 possemus
1431 5849 1452 5899 ;
1479 5835 1575 5890 sed
1605 5835 1659 5890 in
1691 5843 1837 5890 textu
1864 5849 1983 5904 pos-

2087 4836 2244 4910 hujus
2276 4841 2374 4894 loci
2397 4882 2412 4903 ,
2442 4838 2536 4895 sed
2567 4839 2757 4906 capitis
2786 4841 2920 4910 sexti
2955 4836 3097 4907 (imo
3125 4837 3328 4907 quinti)
3362 4837 3450 4893 ubi
3481 4837 3667 4892 eadem

2089 4907 2309 4968 totidem
2342 4910 2521 4964 verbis
2553 4919 2841 4978 ponuntur.
2876 4907 3066 4963 Genu.

2160 4983 2300 5038 Ibid.
2344 4981 2496 5034 Omni
2519 4982 2660 5050 ligno
2686 4979 2950 5050 paradisi,
2980 4994 3148 5049 usque
3173 4979 3239 5033 ad
3271 4979 3596 5050 experiantur
3621 4984 3671 5030 et

2092 5057 2312 5116 malum,
2346 5067 2411 5104 ex
2457 5047 2577 5105 eod.
2613 5047 2890 5120 Augustini
2924 5047 3076 5104 loco.
3098 5050 3250 5117 Quod
3291 5060 3466 5102 autem
3496 5047 3673 5114 Augu-

2082 5126 2252 5179 stinus
2278 5124 2514 5187 dixerat,
2544 5137 2607 5174 ne
2631 5125 2867 5174 vellemus
2889 5122 3151 5188 superbire
3177 5122 3238 5173 de
3261 5129 3443 5188 natura
3471 5125 3667 5179 nostra,

2083 5196 2314 5250 Isidorus
2344 5186 2726 5257 interpretatus
2752 5199 2836 5246 est
2881 5186 2962 5245 de
2989 5201 3178 5245 natura
3211 5186 3421 5243 arbitrii
3463 5187 3668 5253 nostri,

2081 5265 2221 5336 quod
2250 5274 2307 5317 et
2333 5264 2578 5336 superius
2612 5261 2827 5336 fecerat.
2862 5261 3053 5315 GRIAL.

2153 5336 2293 5389 Ibid.
2338 5327 2413 5387 In'
2434 5343 2616 5388 nostra
2648 5331 2906 5395 Vulgata:
2957 5329 3197 5396 Quandiu
3239 5329 3424 5398 fecistis
3471 5327 3562 5381 uni
3610 5343 3674 5383 es

2085 5408 2162 5461 Itis
2193 5405 2434 5476 fratribus
2461 5405 2584 5457 meis
2609 5405 2861 5468 minimis,
2891 5401 3249 5476 mihifecistis.
3283 5402 3457 5454 Al".

2155 5468 2212 5531 ε’.
2254 5477 2477 5544 Serpens
2517 5483 2722 5538 autem,
2768 5488 2932 5541 usque
2971 5471 3304 5544 ad_astutia,
3346 5487 3412 5527 ex
3443 5484 3564 5541 cap.
3598 5468 3670 5524 24

2088 5541 2454 5620 εῇιιβὰριιι-Ἰίι).
2489 5558 2742 5620 ncontra
2773 5545 2999 5620 Martiali.
3021 5541 3226 5620 Cursu.

2161 5619 2298 5672 Ibid.
2342 5618 2399 5670 In
2441 5616 2619 5670 verbis
2651 5613 2890 5684 Apostoli
2938 5611 3153 5681 Vulgata
3200 5613 3443 5668 nonnihil
3473 5614 3668 5668 variat.

2089 5692 2241 5758 Quod
2265 5689 2498 5748 additur,
2515 5688 2642 5758 sicut
2660 5685 2928 5758 Apostolus
2952 5684 3096 5752 dicit,
3113 5699 3217 5738 non
3244 5696 3370 5758 puto
3391 5686 3455 5737 ad
3476 5698 3536 5738 ea
3553 5697 3672 5753 qua

2091 5753 2385 5831 sequuntur
2413 5756 2596 5810 referri
2615 5796 2628 5820 ,
2687 5755 2781 5806 sed
2808 5753 2872 5806 ad
2901 5768 2961 5808 ea
2990 5769 3108 5825 qua:
3130 5753 3466 5824 praecedunt.
3500 5761 3670 5808 Ann.

2167 5834 2218 5886 ὅ.
2262 5829 2367 5884 Sed
2395 5827 2519 5898 quid
2551 5834 2654 5891 est,
2686 5824 2825 5896 quod
2843 5841 2944 5895 per
2972 5827 3265 5893 mulierem,
3302 5839 3469 5895 usque
3496 5825 3562 5879 ad
3593 5831 3671 5879 te-

2205 5871 2218 5885 .
2262 5865 2366 5884 υνκ
2395 5865 2517 5893 '1"-
2551 5865 2624 5881 νυν
2640 5865 2654 5891 ,
2686 5865 2823 5893 Ἶσιν-υ
2843 5865 2932 5893 ριν.
2974 5865 3143 5882 μικσυνι
3157 5865 3265 5893 νισι,

3159 5983 3212 6000 -4
