4100 6344
296 336 301 343 ο

1189 363 1641 439 ουωετιοῐνιεδ
1675 361 1743 422 1N
1779 362 1941 422 YET.
1981 360 2282 421 TESTAM.
2304 389 2376 404 —
2404 359 2469 419 1N
2508 356 2821 418 GENESIN.

368 498 586 545 terrena
614 481 931 554 cupiditate.
960 489 1015 541 et
1043 480 1252 540 luxuria
1322 491 1416 538 aut
1468 480 1733 542 superbiai
1760 478 1950 536 insana
1976 480 2031 541 Α
2054 474 2356 544 doloribus,
2386 474 2596 532 cautior
2624 473 2702 540 lit,
2731 482 2787 529 et
2814 488 2883 529 ue
2908 482 3148 545 corruat,
3182 475 3527 551 obtemperat
3548 491 3639 534 ra-

366 592 542 636 ruma.
1358 626 1359 629 η

439 675 493 729 5.
529 669 598 726 Et
621 679 812 726 terram
833 666 1189 732 manducabis,
1213 665 1265 721 id
1292 676 1395 735 est,
1415 665 1481 721 ad
1511 674 1563 720 te
1590 662 1951 737 pertinebunt,

363 778 500 835 quos
531 771 743 817 terrena
791 760 1085 829 cupiditate
1132 757 1431 829 deceperis.
1484 754 1731 811 Omnibus
1775 755 1952 810 diebus

363 859 478 912 uitta
505 865 627 919 tua,
658 854 709 910 id
739 862 854 921 est,
897 853 1044 909 omni
1071 861 1313 920 tempore
1343 866 1448 921 quo
1488 849 1600 920 agis
1634 849 1773 905 hanc
1803 858 1953 918 pote-

362 958 557 1004 statem
581 956 706 1003 ante
736 947 877 1002 illam
903 946 1142 1000 ultimam
1169 959 1379 1015 poenam
1405 942 1613 1012 iudicii.
1643 939 1950 996 Inimicitias

362 1058 553 1111 ponam
585 1043 717 1097 inter
746 1050 794 1095 te
821 1048 867 1095 et
898 1039 1185 1104 mulierem,
1235 1046 1284 1092 et
1325 1053 1493 1093 semen
1533 1046 1680 1090 tuum
1705 1044 1753 1090 et
1779 1051 1952 1089 semen

364 1136 523 1189 illius.
555 1134 756 1190 Semen
788 1133 985 1188 diaboli
1017 1139 1102 1187 est
1132 1146 1381 1201 perversa
1428 1129 1718 1201 suggestio.
1752 1129 1949 1185 Semen

362 1236 544 1281 autem
576 1225 817 1280 mulieris
842 1224 1044 1280 fructus
1069 1233 1154 1281 est
1181 1222 1305 1278 boni
1324 1224 1523 1294 operis,
1549 1238 1655 1295 quo
1684 1237 1951 1294 perversa:

362 1315 689 1388 suggestioni
711 1315 999 1372 resistitur.

434 1410 489 1466 6.
524 1411 642 1479 Ipsa
673 1418 834 1480 caput
866 1409 1009 1465 illius
1037 1416 1314 1475 conteret,
1356 1408 1400 1462 si
1427 1422 1548 1463 eum
1574 1420 1726 1461 mens
1746 1406 1800 1460 in
1831 1405 1948 1474 ipso

360 1504 519 1559 initio
549 1503 707 1558 malas
737 1501 1096 1571 suggestiouis
1123 1500 1379 1556 excludit.
1407 1500 1501 1555 Ille
1524 1498 1807 1554 insidiatur
1836 1499 1948 1552 cal-

358 1610 528 1652 caneo
553 1596 700 1664 ejus,
744 1595 867 1664 quia
918 1604 1175 1660 mentem,
1213 1608 1375 1664 quam
1407 1594 1575 1663 prima
1607 1591 1949 1662 suggestione

360 1702 465 1742 non
490 1685 978 1756 decipit,decipere
1003 1684 1058 1740 in
1088 1685 1249 1740 linem
1280 1685 1710 1751 tendit.Quidam
1742 1694 1944 1754 autem,

357 1776 501 1849 quod
549 1777 749 1831 dictum
781 1786 884 1839 est,
919 1773 1227 1830 Inimicitias
1258 1792 1445 1846 ponam
1468 1776 1600 1831 inter
1622 1784 1670 1830 te
1686 1782 1734 1831 et
1759 1776 1946 1830 mulie-

2058 568 2210 636 tioni,
2237 578 2292 627 et
2319 568 2549 625 libenter
2576 569 2743 624 servit
2768 566 2918 638 quasi
2941 568 3056 623 viro
3083 566 3313 639 jubenti.

2131 666 2217 721 1ο.
2247 665 2376 721 Post
2402 664 2518 720 haec
2541 672 2765 720 vocatur
2793 662 2932 718 lleva
2959 663 3083 729 vita,
3103 672 3158 720 et
3180 673 3352 720 mater
3373 663 3643 734 vivorum,

2057 770 2176 824 quas
2206 754 2272 809 de
2291 752 2395 809 viri
2426 755 2507 811 sui
2532 755 2698 810 latere
2723 753 2862 809 facta
2893 763 2994 820 est,
3048 762 3103 810 et
3133 753 3263 811 dicit
3304 754 3562 813 Dominus
3587 753 3662 813 iu‘

2058 846 2347 916 Evangelia
2381 864 2393 899 :
2428 845 2490 901 Si
2512 845 2624 915 quis
2648 862 2750 901 non
2770 846 3158 902 manducauerit
3180 840 3406 903 carnem
3433 861 3599 903 meam
3624 888 3644 917 ,

2055 946 2101 991 et
2134 937 2312 992 biberit
2338 937 2638 1007 sanguinem
2668 953 2833 990 meum
2859 978 2873 1002 ,
2904 953 3004 991 non
3035 935 3238 991 habebit
3272 937 3327 993 in
3357 955 3410 994 se
3445 939 3599 993 vitam
3621 981 3642 1011 ,

2055 1036 2108 1082 et
2134 1027 2317 1081 omnia
2360 1042 2479 1097 qua:
2510 1026 2616 1081 illic
2670 1025 3064 1099 intelliguntur,
3105 1028 3382 1084 enucleate
3412 1031 3645 1084 minuta-

2057 1120 2256 1185 timque
2289 1127 2511 1173 tractata
2566 1119 2836 1174 Christum
2878 1129 2930 1174 et
2970 1116 3267 1175 Ecclesium
3295 1121 3640 1192 praeloquun-

2057 1220 2163 1280 tur,
2196 1214 2311 1266 sive
2343 1212 2396 1266 in
2426 1212 2581 1267 bonis
2611 1211 2950 1277 Christianis,
2982 1214 3094 1269 sive
3150 1216 3199 1268 in
3259 1216 3433 1270 malis.
3460 1217 3642 1286 Neque

2056 1300 2196 1355 enim
2236 1300 2434 1354 frustra
2480 1301 2616 1356 dixit
2655 1297 2942 1369 Apestolus
2976 1319 2989 1354 :
3018 1302 3218 1369 Adam,
3262 1305 3352 1373 qui
3373 1314 3447 1359 est
3472 1308 3644 1377 {artua

2056 1394 2220 1465 futuri
2242 1392 2420 1463 (Rom.
2447 1411 2500 1460 v,
2531 1394 2644 1466 14),
2663 1404 2715 1450 et
2742 1395 2875 1451 illud
2902 1412 2916 1453 :
2942 1396 3211 1464 Relinquat
3230 1399 3383 1456 homo
3404 1410 3642 1468 patrem;

2053 1494 2107 1540 et
2132 1484 2338 1553 reliqua

2132 1578 2221 1634 11.
2258 1579 2600 1650 Vocaturque
2649 1579 2844 1636 dehinc
2897 1589 3072 1637 mater
3116 1581 3357 1640 vivorum
3382 1627 3397 1651 ,
3428 1578 3594 1642 id‘ést
3620 1624 3640 1655 ,

2054 1680 2201 1727 recte
2225 1672 2507 1739 factorum,
2537 1671 2731 1744 quibus
2779 1675 3051 1729 contraria
3077 1684 3204 1731 sunt
3242 1688 3459 1745 peccata
3485 1719 3500 1743 ,
3523 1685 3645 1748 quae

2056 1766 2277 1821 nomine
2306 1776 2640 1822 mortuorum
2673 1766 3066 1837 signiﬁcantur.
3098 1767 3215 1823 iam
3242 1778 3373 1824 vero
3400 1783 3495 1839 per
3522 1782 3645 1826 sen-

358 1887 488 1935 rem,
508 1869 577 1926 de
600 1868 818 1939 Virgine
848 1869 913 1924 de
941 1884 1041 1939 qua
1075 1868 1331 1924 Dominus
1360 1881 1518 1925 natus
1535 1878 1636 1935 cst,
1666 1868 1948 1925 intellexe-
1980 1863 2032 1928 Β
2062 1860 2286 1915 tentiam
2320 1875 2438 1928 qua:
2462 1860 2515 1914 iu
2537 1859 2710 1915 virum
2735 1859 2986 1926 infertur,
3008 1861 3145 1915 ratio
3176 1870 3356 1916 nostra
3380 1861 3641 1932 arguitur,

354 1973 502 2029 runt,
524 1977 591 2017 eo
611 1962 753 2032 quod
780 1963 870 2017 illo
894 1971 1134 2031 tempore
1159 1976 1224 2017 ex
1246 1978 1305 2017 ea
1337 1961 1591 2017 Dominus
1613 1962 1942 2032 nasciturus,

356 2053 424 2109 ad
472 2054 749 2109 inimicum
804 2052 1233 2120 devincendum,
1293 2062 1345 2107 et
1396 2063 1643 2121 mortem,
1678 2051 1833 2125 cujus
1854 2052 1945 2109 ille

355 2154 545 2201 auctor
574 2156 714 2213 erat,
746 2146 1152 2211 destruendam,
1185 2145 1616 2215 promittebatur.

621 2233 673 2290 Ἰ1.
710 2234 841 2290 Nam
873 2247 926 2292 et
952 2236 1081 2291 illud
1107 2236 1249 2307 quod
1273 2236 1613 2305 subjunctum
1658 2243 1742 2290 est
1770 2254 1782 2288 :
1813 2233 1941 2307 Ipsa

356 2336 575 2381 conteret
606 2336 759 2395 caput
790 2334 954 2394 tuum,
986 2338 1032 2381 et
1064 2335 1117 2381 tu
1162 2326 1485 2382 insidiaberis
1514 2328 1755 2382 calcaneo
1784 2329 1894 2400 ejus
1923 2368 1939 2394 ,

356 2416 461 2472 hoc
490 2417 555 2473 de
588 2417 765 2473 fructu
798 2418 995 2474 ventris
1024 2418 1222 2485 Mariae,
1254 2420 1341 2489 qui
1375 2428 1457 2473 est
1484 2418 1753 2485 Christus,
1785 2418 1942 2473 intel-

356 2507 557 2577 ligunt;
590 2507 643 2563 id
670 2518 784 2564 est:
814 2508 890 2562 Tu
922 2523 1045 2563 eum
1096 2507 1498 2577 supplautabis,
1550 2516 1604 2563 ut
1654 2509 1938 2565 moriatur.

360 2595 452 2652 ille
481 2608 689 2666 autem,
720 2608 774 2655 te
801 2599 963 2667 victo,
998 2610 1279 2668 resurget,
1311 2608 1365 2654 et
1390 2609 1548 2669 caput
1574 2610 1723 2656 tuum
1756 2611 1941 2657 conte-

355 2700 460 2758 ret,
485 2692 625 2761 quod
655 2700 739 2749 est
796 2706 962 2747 mors.
995 2691 1145 2747 Sicut
1186 2698 1241 2747 et
1284 2692 1447 2747 David
1480 2694 1688 2749 dixerat
1718 2710 1783 2748 ex
1820 2709 1941 2763 per-

355 2793 488 2836 sons
529 2780 705 2838 Patris
746 2782 814 2838 ad
845 2782 1037 2838 Filium
1066 2801 1079 2834 :
1116 2782 1284 2853 Super
1309 2784 1539 2853 aspidem
1567 2791 1614 2838 et
1647 2784 1939 2839 basiliscum

358 2872 685 2942 ambulabis,
759 2883 809 2930 et
884 2873 1207 2930 conculcabis
1271 2874 1468 2930 leonem
1542 2883 1591 2928 et
1663 2875 1938 2931 draconem

358 2962 585 3035 (Psalm.
626 2966 737 3034 cx).

429 3054 487 3113 8.
520 3058 777 3127 Aspidem
810 3058 943 3114 dixit
965 3067 1195 3114 mortem
1222 3100 1236 3123 ,
1271 3057 1582 3113 basiliscum
1610 3066 1889 3128 peccatum
1919 3104 1935 3128 ,

356 3146 569 3204 leonem
601 3151 1010 3215 Antichristum,
1040 3151 1329 3207 draconem
1352 3150 1645 3207 diabolum.
1681 3151 1759 3207 De
1777 3166 1935 3220 paena

2056 1966 2183 2022 qua:
2208 1960 2267 2006 et
2294 1966 2457 2019 super
2488 1952 2691 2019 peccati
2721 1951 3155 2021 concupiscentia
3205 1951 3427 2008 seducta
3453 1993 3469 2019 ,
3517 1962 3571 2009 et
3612 1968 3645 2010 a

2053 2041 2301 2112 paradiso
2332 2042 2491 2115 277
2521 2041 2866 2098 beatitudinis
2894 2052 3123 2109 remota,
3184 2042 3347 2099 habet
3376 2041 3646 2100 maledic-

2052 2134 2226 2190 tioues
2255 2144 2489 2191 terrena:
2516 2136 2879 2205 operationis,
2910 2133 3071 2191 habet
3102 2144 3158 2190 et
3188 2134 3404 2191 dolores
3435 2144 3646 2206 tempo-

2049 2225 2243 2281 ralium
2277 2239 2549 2291 curarum,
2578 2225 2726 2297 quasi
2748 2227 2933 2294 spinas
2958 2234 3013 2281 et
3043 2224 3293 2282 tribulos.

2122 2319 2209 2377 12.
2252 2320 2338 2378 Sic
2365 2330 2542 2376 tamen
2568 2319 2849 2376 dimittitur
2889 2319 2957 2374 de
2986 2319 3233 2390 paradiso
3269 2318 3637 2385 beatitudinis,

2050 2422 2105 2468 ut
2131 2421 2384 2483 operetur
2411 2422 2631 2479 terram,
2666 2413 2717 2467 id
2738 2419 2841 2479 est,
2867 2417 2925 2466 ut
2946 2412 2998 2466 iu
3029 2424 3255 2483 corpore
3278 2411 3385 2468 isto
3408 2410 3637 2479 laboret,

2047 2511 2100 2560 et
2130 2506 2363 2560 collocet
2402 2504 2503 2560 sibi
2527 2506 2777 2559 meritum
2802 2502 3059 2558 redeundi
3102 2501 3168 2556 ad
3199 2502 3360 2556 vitam
3406 2501 3638 2567 beatam,

2045 2609 2167 2667 qua:
2190 2595 2420 2665 paradisi
2443 2597 2657 2651 nomine
2679 2595 3028 2664 significatur,
3055 2594 3328 2665 possitque
3355 2590 3644 2662 aliquando

2046 2702 2260 2742 manum
2289 2688 2563 2758 porrigere
2584 2687 2651 2742 ad
2680 2689 2927 2741 arborem
2950 2684 3166 2750 vitaet
3190 2685 3374 2741 vivere
3399 2684 3453 2739 in
3484 2690 3645 2741 ωεστ.

2046 2792 2192 2830 nuru.
2225 2777 2411 2831 Manus
2439 2786 2617 2831 autem
2648 2777 2916 2847 porrectio
2942 2775 3079 2831 bene
3106 2774 3368 2844 signiﬁcat
3395 2786 3634 2841 crucem,

2047 2868 2125 2924 vel
2148 2868 2439 2924 cruciatum
2482 2869 2829 2938 pcenitentire,
2858 2882 2953 2937 per
2991 2882 3147 2937 quem
3176 2867 3283 2922 vita
3315 2875 3513 2923 aeterna
3548 2881 3641 2921 re-

2046 2968 2346 3028 cuperatur.
2398 2959 2607 3029 Accipit
2651 2960 2810 3013 etiam
2851 2958 3081 3013 tunicam
3136 2957 3412 3027 pelliceam
3453 2953 3647 3014 divino

2040 3049 2267 3118 judicio,
2298 3064 2406 3119 quo
2437 3052 2653 3107 nomine
2684 3051 2925 3121 corporis
2967 3049 3268 3106 mortalitas
3309 3048 3645 3122 signiﬁcatur

2046 3142 2100 3197 in
2131 3143 2372 3199 historia.

358 3250 537 3298 autem
589 3243 827 3307 mulieris
874 3242 999 3314 quid
1047 3244 1351 3315 significat,
1399 3243 1541 3312 quod
1588 3243 1637 3299 ei
1694 3242 1890 3299 dicitur
1920 3259 1937 3299 :
1965 3226 2015 3305 α
2119 3236 2204 3293 15.
2243 3239 2299 3294 1η
2330 3238 2583 3309 allegoria
2610 3247 2789 3295 autem
2812 3236 2880 3293 de
2904 3236 3214 3293 carnalibus
3237 3233 3481 3291 sensibus
3512 3231 3641 3288 abso

306 3352 317 3361 ν
358 3330 428 3387 In
454 3332 633 3387 dolore
671 3334 843 3403 paries
876 3335 1044 3405 ﬁlios,
1094 3334 1198 3389 nisi
1228 3333 1352 3403 quia
1381 3335 1631 3388 voluntas
1657 3334 1888 3388 carnalis
1917 3372 1935 3401 ,

354 3436 478 3479 cum
508 3423 738 3493 aliquam
766 3426 959 3480 malam
1010 3423 1449 3479 consuetudinem
1497 3424 1610 3478 vult
1666 3422 1889 3478 vincere
1915 3463 1931 3490 ,

355 3516 557 3585 patitur
592 3516 647 3569 in
687 3516 911 3571 exordio
965 3516 1198 3582 dolores,
1224 3525 1384 3585 atque
1410 3517 1480 3569 ita
1512 3530 1608 3584 per
1650 3515 1937 3572 meliorem

356 3606 796 3660 consuetudinem
832 3608 975 3677 parit
1014 3607 1211 3660 bonum
1242 3621 1398 3676 opus,
1429 3606 1581 3677 quasi
1610 3605 1769 3661 filios.
1874 3678 1879 3683 .

426 3697 481 3752 9.
510 3696 665 3763 Quod
694 3712 823 3753 vero
852 3696 1049 3768 adjecit
1078 3715 1091 3749 :
1126 3696 1194 3752 Et
1219 3700 1479 3753 conversio
1526 3709 1611 3753 tua
1652 3700 1723 3753 ad
1766 3699 1935 3754 uirum

359 3795 503 3840 tuum
528 3831 542 3855 ,
573 3796 621 3842 et
649 3788 761 3857 ipse
810 3788 1158 3842 dominabitur
1187 3790 1261 3842 tui
1291 3789 1433 3844 :hoc
1474 3790 1756 3859 signiﬁcat,
1791 3789 1933 3861 quod

356 3876 446 3932 illa
477 3879 710 3933 carnalia
744 3880 1013 3947 voluntas,
1042 3895 1162 3949 quae
1181 3895 1302 3934 cum
1331 3880 1517 3935 dolore
1548 3880 1929 3951 reluctaverat,

356 3980 413 4025 ut
444 3971 647 4026 taceret
673 3971 1120 4028 consuetudinem
1170 3972 1403 4039 bonam,
1432 3973 1544 4041 jam
1574 3972 1704 4042 ipsis
1724 3974 1931 4029 erudita

424 4128 482 4187 5.
512 4130 580 4186 Et
609 4138 798 4205 terram
833 4131 1168 4205 manducabis
1190 4171 1207 4197 ,
1247 4143 1419 4204 usque
1452 4130 1520 4188 ad
1566 4147 1766 4201 prunam
1785 4132 1941 4205 judi-

355 4203 442 4269 cii,
466 4218 530 4257 ex
555 4218 675 4268 cap.
713 4203 799 4259 i8.
829 4202 1020 4259 (intra.

423 4272 568 4399 lérid.
595 4273 777 4330 Semen
808 4274 1035 4346 diaboli,
1066 4288 1234 4345 usque
1255 4270 1324 4330 ad
1364 4272 1640 4343 resistitur,
1692 4287 1758 4329 ex
1807 4272 1932 4333 eod.

487 4360 632 4399 ltlAL.

356 4359 405 4402 c.
436 4359 632 4401 υιιιλι..

428 4415 572 4485 Ibid,
594 4414 725 4472 Cod.
756 4431 858 4472 ms.
890 4415 1217 4481 Regiovatic.
1244 4412 1373 4480 293,
1401 4414 1468 4471 ad
1500 4429 1690 4485 marg..
1724 4422 1778 4485 et
1809 4413 1934 4470 Flo-

355 4495 501 4542 rent.
542 4482 570 4540 1
599 4527 614 4549 ,
667 4494 788 4554 post
826 4487 1105 4555 cupiditate
1151 4485 1407 4556 deceperis
1454 4482 1666 4541 addit':
1714 4484 1933 4552 Quando

351 4568 521 4611 autem
550 4556 743 4609 dictum
764 4565 835 4611 est
857 4556 1063 4612 diabolo
1090 4556 1336 4615 :Terram
1365 4557 1714 4621 manducabis,
1742 4558 1934 4611 dictum

351 4637 430 4681 est
459 4635 505 4680 et
534 4628 784 4694 peccatori
807 4642 826 4681 :
857 4624 1017 4681 Terra
1064 4644 1139 4693 es,
1188 4638 1235 4680 et
1278 4629 1331 4682 in
1372 4636 1561 4681 terram
1598 4626 1715 4682 ibis.
1773 4627 1933 4683 Datus

352 4707 424 4753 est
454 4713 576 4768 ergo
613 4697 666 4751 in
688 4699 852 4753 cibum
900 4699 1088 4753 diaboli
1132 4707 1383 4769 peccator.
1443 4697 1588 4753 Sicut
1631 4697 1764 4751 enim
1798 4698 1935 4769 quod

353 4767 791 4831 manducarimus,
823 4771 877 4822 in
903 4785 1089 4836 corpus
1112 4767 1341 4823 nostrum
1361 4770 1690 4837 convertitur,
1714 4775 1767 4819 ut
1797 4767 1935 4823 cibus

353 4839 462 4910 ipse
496 4839 774 4893 secundum
812 4855 993 4909 corpus
1023 4839 1118 4893 hoc
1144 4838 1406 4910 efﬁciatur,
1445 4839 1583 4910 quod
1618 4855 1708 4893 nos
1733 4854 1930 4910 smnus,

352 4908 423 4961 sic
469 4924 561 4976 per
591 4911 867 4976 nequitiam
902 4908 954 4963 et
992 4908 1302 4979 impietatem
1341 4911 1438 4961 hoc
1458 4909 1672 4979 efﬁcitur
1701 4908 1930 4977 quisque,

351 4981 488 5047 quod
518 4979 788 5053 diabolus,
829 4980 882 5035 id
935 4990 1035 5053 est,
1057 4978 1257 5053 similis
1308 4982 1438 5053 ejus,
1482 4978 1529 5034 et
1562 4978 1830 5053 subjicitur
1849 4980 1929 5045 ei,

354 5052 485 5103 sicut
516 5050 795 5117 subjectum
835 5058 908 5104 est
950 5051 1093 5103 nobis
1117 5067 1302 5119 corpus
1328 5049 1605 5111 nostrum;
1643 5049 1688 5105 ἐι
1740 5049 1835 5103 hoc
1857 5058 1934 5105 est

353 5121 489 5201 quod
526 5121 717 5175 dicitur
750 5123 1044 5179 manducari
1069 5137 1102 5176 α
1137 5128 1389 5191 serpente.
1439 5119 1590 5189 Quod
1633 5128 1802 5176 autem
1840 5121 1933 5174 ad-

354 5201 496 5247 iecit.
526 5201 633 5247 etc.
666 5192 839 5247 Ansv.

348 5201 496 5259 μω,
522 5201 633 5259 etc.
666 5201 839 5249 Ᾱιιεν.

426 5259 481 5315 6.
508 5258 638 5329 Ipsa
660 5274 854 5330 caput,
886 5277 1055 5330 usque
1084 5261 1147 5317 ad
1181 5262 1410 5329 decipere
1444 5262 1497 5316 in
1539 5261 1691 5329 ﬁnem
1726 5260 1928 5331 tendit,

358 5323 689 5402 Sugustinus
720 5323 736 5390 ξ
770 5323 849 5389 Et
878 5323 993 5389 ideo
1025 5335 1250 5391 obseruat
1272 5323 1381 5399 ipse
1414 5323 1641 5399 plantam
1678 5323 1926 5402 mulieris,

358 5412 412 5455 ut
441 5400 488 5456 Si
512 5404 717 5471 quando
748 5406 801 5457 in
840 5403 1023 5461 illicita
1050 5403 1237 5459 labitur
1274 5403 1572 5471 delectatio,
1624 5413 1747 5457 tunc
1784 5400 1928 5457 illam

357 5476 548 5539 capiat.
595 5472 662 5527 Et
689 5475 781 5529 illa
817 5476 1045 5529 obseruat
1070 5484 1225 5536 caput
1254 5478 1363 5543 ejus
1385 5514 1403 5542 ,
1448 5485 1503 5530 ut
1530 5490 1649 5532 eum
1693 5474 1748 5529 in
1780 5473 1926 5533 initio

357 5546 507 5599 multa
536 5548 788 5603 suasionis
813 5548 1075 5601 excludat.
1108 5548 1297 5601 Cursu.

429 5614 563 5670 Ibid.
602 5615 724 5672 PuSt
752 5618 1135 5685 promittebatur
1160 5615 1246 5670 alii
1274 5615 1493 5684 addunt,
1514 5616 1662 5673 Sicut
1683 5615 1735 5670 in
1760 5612 1924 5673 David

356 5691 731 5759 scriptum_¢st_,
752 5686 829 5744 De
857 5691 1027 5759 [ructu
1052 5688 1240 5741 ventris
1268 5690 1343 5742 tui
1366 5704 1557 5758 portant
1587 5703 1738 5759 super
1757 5690 1925 5747 sedem

353 5755 541 5827 tuam,‘
559 5755 785 5827 (Psalm.
815 5758 1023 5827 σιιιι.)
1052 5763 1220 5813 Alii-1V.

422 5825 480 5882 8.
501 5823 583 5883 ne
610 5842 759 5896 pana
783 5838 955 5883 autem
984 5823 1235 5899 mulieris,
1263 5842 1430 5903 usque
1450 5828 1516 5888 ad
1540 5830 1648 5890 viro
1664 5830 1868 5907 jubenti
1898 5872 1917 5903 ,

1964 4522 2019 4585 Ι)

2046 3339 2236 3387 tractae
2282 3332 2603 3401 voluptates,
2652 3347 2771 3402 quae
2816 3332 3104 3388 carnaliter
3150 3330 3418 3385 viventem
3458 3326 3637 3382 divina

2046 3420 2167 3494 lege
2188 3431 2610 3493 consequuntur,
2632 3431 2689 3480 et
2711 3432 3020 3494 contegunt.
3050 3422 3153 3492 Qui
3182 3424 3225 3478 sl
3251 3419 3536 3491 aliquando
3565 3417 3634 3474 ad

2047 3518 2211 3572 Deum
2256 3517 2584 3572 convertitur
2635 3531 2730 3585 per
2782 3517 3081 3572 ﬂammeam
3130 3516 3410 3579 frameam,
3448 3512 3501 3567 id
3531 3517 3637 3576 est,

2045 3620 2141 3678 per
2162 3609 2482 3677 temporales
2529 3607 2911 3674 tribulationes,
2938 3615 3154 3677 peccata
3178 3619 3273 3661 sua
3294 3600 3641 3675 agnoscendo

2043 3707 2097 3754 et
2120 3698 2404 3769 gemeudo,
2435 3707 2488 3755 et
2518 3715 2611 3768 per
2651 3697 2951 3762 cherubim,
3002 3697 3052 3751 id
3083 3704 3184 3761 est,
3216 3708 3313 3764 per
3336 3689 3635 3766 plenitudi-

2043 3804 2164 3845 nem
2202 3791 2459 3855 scientite,
2495 3788 2637 3860 quod
2675 3799 2757 3846 est
2784 3788 3041 3855 cbaritas,
3073 3786 3353 3859 perveniet
3379 3786 3447 3842 ad
3476 3783 3637 3840 arbo«

2040 3897 2155 3937 rem
2179 3882 2301 3937 vitm
2326 3882 2616 3946 Christum,
2641 3890 2693 3937 et
2720 3881 2862 3938 vivet
2891 3882 2945 3936 iu
2976 3890 3256 3937 aeternum.

2112 3976 2202 4032 ts.
2244 3974 2534 4032 Cherubim
2584 3990 2815 4047 namque
2859 3973 3138 4047 plenitudo
3169 3971 3409 4032 scientia
3459 3970 3637 4028 inter-

2049 4147 2114 4189 es
2146 4134 2311 4192 c.19.
2338 4133 2530 4191 Caus.

2112 4202 2167 4277 9.
2201 4201 2273 4277 Et
2296 4206 2574 4262 conversio.
2607 4204 2778 4261 Aliter
2796 4203 3056 4277 Xulgata.
3083 4202 3256 4263 Alt“.

2114 4276 2200 4329 10.
2234 4273 2363 4330 Post
2394 4279 2501 4330 hac
2528 4286 2750 4347 vocatur;
2786 4271 2958 4343 Ηευᾶ,
3012 4288 3179 4347 usque
3216 4273 3285 4333 ad
3336 4282 3545 4347 patrem
3584 4279 3635 4347 st

2039 4355 2274 4411 matrem,
2302 4360 2368 4400 ex
2394 4361 2467 4402 xu
2496 4357 2684 4416 contra
2712 4345 2898 4403 Faust.
2924 4341 2953 4411 ,7
2972 4362 3022 4403 c.
3055 4341 3111 4401 82
3142 4346 3323 4415 Atque
3350 4342 3636 4416 ltujusloci

2042 4432 2161 4471 esse
2189 4410 2362 4489 verba
2382 4415 2520 4489 haec,
2549 4414 2859 4489 frustraque
2907 4410 3084 4489 capite
3111 4410 3302 4489 quarto
3326 4416 3379 4472 in
3410 4410 3631 4489 (auibus-

2042 4492 2162 4561 nam
2192 4485 2325 4543 Mss.
2351 4487 2479 4561 legi.
2511 4503 2632 4561 cum
2660 4488 2748 4544 hic
2776 4485 3063 4561 repetenda
3092 4485 3377 4561 essent,_et
3408 4500 3494 4561 res
3521 4485 3635 4556 ipsa

2042 4557 2261 4623 indicat,
2292 4567 2346 4612 et
2380 4555 2736 4628 Kugustiuus,
2766 4573 2804 4613 ll
2833 4557 2902 4614 de
2934 4556 3071 4614 Gen.
3118 4565 3264 4615 cont.
3295 4555 3555 4621 Manicb.,
3581 4569 3633 4619 ο,

2038 4628 2131 4693 21,
2160 4630 2229 4682 ita
2257 4629 2500 4684 scribens
2538 4646 2550 4679 :
2578 4628 2743 4693 Quem
2763 4636 2934 4683 autem
2958 4646 3059 4684 non
3090 4638 3306 4700 moueat.
3344 4628 3489 4700 quod
3516 4634 3632 4691 post

2037 4708 2301 4771 peccatum
2326 4707 2375 4751 et
2406 4700 2712 4756 sententiam
2748 4700 2942 4771 iudicis
2983 4707 3125 4756 vocat
3155 4698 3323 4755 Adam
3360 4698 3633 4753 mulierem

2037 4770 2389 4842 suantrvitam,
2418 4770 2540 4842 quia
2568 4770 2797 4842 uiuorum
2838 4771 2948 4836 ipsa
2978 4771 3045 4829 sit
3076 4778 3266 4840 mater,
3292 4777 3631 4839 posteaquam

2038 4841 2225 4894 meruit
2254 4838 2466 4895 mortem
2496 4842 2521 4898 7
2561 4850 2664 4896 etc.
2711 4838 2907 4898 GutsL.

2111 4910 2197 4967 Η.
2246 4908 2473 4982 vocatur
2504 4911 2685 4967 dehinc
2718 4923 2878 4967 mater
2900 4909 3058 4982 uiuat.
3084 4950 3103 4979 ,
3132 4926 3303 4982 usque
3329 4909 3398 4969 ad
3427 4909 3629 4982 signiﬁ-

2036 4979 2491 5107 ganettfrijusdem
2516 4993 2642 5041 sunt
2664 4983 2899 5053 verba,"
2920 4982 2988 5042 de
3001 4980 3140 5042 Gen.
3162 4978 3341 5046 costi!-
3367 4978 3626 5047 Mallicb-s

2071 5089 2086 5106 .
2192 5090 2209 5107 .
2295 5067 2434 5107 ιιιΑι.

2036 5065 2086 5106 c.
2118 5065 2209 5107 ΖΙ.
2244 5065 2434 5110 ωιιΑι..

2109 5121 2522 5246 feracitate-rt
2550 5121 2823 5182 dimittitur
2840 5164 2859 5195 ,
2890 5139 3057 5196 usque
3079 5122 3148 5185 ad
3173 5130 3529 5193 recuperatur.
3560 5133 3628 5181 ex

2033 5206 2148 5253 Cal).
2190 5206 2281 5247 22.
2311 5206 2502 5253 bBIAL.

2098 5207 2818 5338 voluptates.
2846 5265 3076 5325 Attracta
3096 5264 3475 5338 phantasmata.
3501 5276 3624 5333 cap.

2031 5330 2096 5386 27
2112 5336 2429 5403 Augustini.
2453 5330 2645 5396 Garat.

2101 5402 2236 5463 ibid.
2272 5406 2399 5471 Qua:
2419 5406 2693 5465 carnaliter
2729 5408 2987 5464 viventem.
3013 5403 3085 5463 ita
3116 5420 3172 5461 0.
3196 5404 3261 5472 l.;
3289 5418 3406 5474 qua:
3432 5419 3621 5464 carum

2029 5474 2145 5529 liter
2204 5480 2567 5539 mentientem.
2618 5481 2947 5545 Augustinus
3017 5475 3143 5533 ibid.
3173 5517 3187 5543 ,
3238 5476 3364 5545 quia
3415 5476 3625 5537 tunicas

2026 5549 2602 5630 pelliceasmentiendi
2654 5545 2929 5630 libidinem
2971 5550 3358 5619 interpretatus
3404 5545 3616 5612 fuerat;

2027 5618 2203 5679 itaque
2229 5619 2356 5673 nihil
2387 5632 2672 5677 metamus.
2703 5618 2897 5679 GntAL.

2096 5687 2236 5745 Ibid.
2269 5691 2369 5768 Qui
2392 5693 2437 5746 si
2461 5689 2952 5768 aliquand0,_tt_~que
2990 5688 3059 5768 at!
3090 5687 3315 5768 dfatim
3355 5697 3453 5756 est.
3478 5693 3624 5753 tum

2024 5760 2174 5823 locus
2202 5759 2555 5823 concinnatus
2579 5776 2642 5823 es
2677 5759 2876 5832 verbis,
2909 5776 2957 5821 ο.
2993 5760 3089 5819 23.
3112 5760 3303 5827 Gaul...

2824 5980 2947 5993 ιιι-ε--
3580 5947 3664 5987 μοι
