  <div class='ocr_page' id='page_1' title='image "/cluster/home/n/w/nwhite01/storage/ocr_20150623/83/hvd.32044015469448/119.png"; bbox 0 0 4100 6344; ppageno 0'>
   <div class='ocr_carea' id='block_1_1' title="bbox 469 404 578 466">
    <p class='ocr_par' dir='ltr' id='par_1_1' title="bbox 469 404 578 466">
     <span class='ocr_line' id='line_1_1' title="bbox 469 404 578 466; baseline -0.018 0"><span class='ocrx_word' id='word_1_1' title='bbox 469 404 578 466; x_wconf 72' lang='lat'><strong>2‘25</strong></span> 
     </span>
    </p>
   </div>
   <div class='ocr_carea' id='block_1_2' title="bbox 1511 384 2687 455">
    <p class='ocr_par' dir='ltr' id='par_1_2' title="bbox 1511 384 2687 455">
     <span class='ocr_line' id='line_1_2' title="bbox 1511 384 2687 455; baseline -0.009 0"><span class='ocrx_word' id='word_1_2' title='bbox 1511 398 1568 455; x_wconf 91' lang='lat' dir='ltr'><strong>S.</strong></span> <span class='ocrx_word' id='word_1_3' title='bbox 1612 393 1866 454; x_wconf 80' lang='lat' dir='ltr'><strong>lSlDORl</strong></span> <span class='ocrx_word' id='word_1_4' title='bbox 1906 389 2350 452; x_wconf 83' lang='lat' dir='ltr'><strong>HISPALENSIS</strong></span> <span class='ocrx_word' id='word_1_5' title='bbox 2393 384 2687 447; x_wconf 78' lang='lat' dir='ltr'><strong>EPISCOPI</strong></span> 
     </span>
    </p>
   </div>
   <div class='ocr_carea' id='block_1_3' title="bbox 3672 373 3776 433">
    <p class='ocr_par' dir='ltr' id='par_1_3' title="bbox 3672 373 3776 433">
     <span class='ocr_line' id='line_1_3' title="bbox 3672 373 3776 433; baseline 0 0"><span class='ocrx_word' id='word_1_6' title='bbox 3672 373 3776 433; x_wconf 68' lang='lat'><strong>224</strong></span> 
     </span>
    </p>
   </div>
   <div class='ocr_carea' id='block_1_4' title="bbox 472 497 3783 601">
    <p class='ocr_par' dir='ltr' id='par_1_4' title="bbox 472 497 3783 601">
     <span class='ocr_line' id='line_1_4' title="bbox 472 497 3783 601; baseline -0.008 -17"><span class='ocrx_word' id='word_1_7' title='bbox 472 538 736 601; x_wconf 89' lang='lat' dir='ltr'><strong>pretatur.</strong></span> <span class='ocrx_word' id='word_1_8' title='bbox 755 526 978 582; x_wconf 82' lang='lat' dir='ltr'><strong>Fratnea</strong></span> <span class='ocrx_word' id='word_1_9' title='bbox 1002 536 1131 580; x_wconf 85' lang='lat' dir='ltr'><strong>vero</strong></span> <span class='ocrx_word' id='word_1_10' title='bbox 1159 519 1442 586; x_wconf 74' lang='lat' dir='ltr'><strong>versatilis,</strong></span> <span class='ocrx_word' id='word_1_11' title='bbox 1467 519 1638 588; x_wconf 89' lang='lat' dir='ltr'><strong>posita</strong></span> <span class='ocrx_word' id='word_1_12' title='bbox 1661 516 1726 572; x_wconf 91' lang='lat' dir='ltr'><strong>ad</strong></span> <span class='ocrx_word' id='word_1_13' title='bbox 1751 515 2062 572; x_wconf 85' lang='lat' dir='ltr'><strong>custodien-</strong></span> <span class='ocrx_word' id='word_1_14' title='bbox 2093 516 2143 575; x_wconf 78' lang='grc' dir='ltr'><strong>Α</strong></span> <span class='ocrx_word' id='word_1_15' title='bbox 2169 515 2321 577; x_wconf 86' lang='lat' dir='ltr'><strong>mine,</strong></span> <span class='ocrx_word' id='word_1_16' title='bbox 2347 513 2580 566; x_wconf 78' lang='lat' dir='ltr'><strong>miserere</strong></span> <span class='ocrx_word' id='word_1_17' title='bbox 2593 511 2854 574; x_wconf 87' lang='lat' dir='ltr'><strong>ntei;sana</strong></span> <span class='ocrx_word' id='word_1_18' title='bbox 2883 520 3104 560; x_wconf 86' lang='lat' dir='ltr'><strong>annnam</strong></span> <span class='ocrx_word' id='word_1_19' title='bbox 3124 504 3441 601; x_wconf 78' lang='lat' dir='ltr'><strong>meam,quia</strong></span> <span class='ocrx_word' id='word_1_20' title='bbox 3471 503 3673 601; x_wconf 72' lang='lat' dir='ltr'><strong>peccavi</strong></span> <span class='ocrx_word' id='word_1_21' title='bbox 3694 497 3783 557; x_wconf 66' lang='lat' dir='ltr'><strong>tibi</strong></span> 
     </span>
    </p>
   </div>
   <div class='ocr_carea' id='block_1_5' title="bbox 471 606 2066 688">
    <p class='ocr_par' dir='ltr' id='par_1_5' title="bbox 471 606 2066 688">
     <span class='ocr_line' id='line_1_5' title="bbox 471 606 2066 688; baseline -0.011 -12"><span class='ocrx_word' id='word_1_22' title='bbox 471 620 598 676; x_wconf 82' lang='lat' dir='ltr'><strong>dam</strong></span> <span class='ocrx_word' id='word_1_23' title='bbox 627 620 767 674; x_wconf 88' lang='lat' dir='ltr'><strong>viam</strong></span> <span class='ocrx_word' id='word_1_24' title='bbox 798 617 924 688; x_wconf 92' lang='lat' dir='ltr'><strong>ligni</strong></span> <span class='ocrx_word' id='word_1_25' title='bbox 953 616 1096 677; x_wconf 60' lang='lat' dir='ltr'><strong>vitae,</strong></span> <span class='ocrx_word' id='word_1_26' title='bbox 1130 612 1452 682; x_wconf 94' lang='lat' dir='ltr'><strong>temporales</strong></span> <span class='ocrx_word' id='word_1_27' title='bbox 1476 623 1649 679; x_wconf 67' lang='lat' dir='ltr'><strong>paenae</strong></span> <span class='ocrx_word' id='word_1_28' title='bbox 1682 606 2066 676; x_wconf 87' lang='lat' dir='ltr'><strong>intelliguntur.</strong></span> 
     </span>
    </p>
   </div>
   <div class='ocr_carea' id='block_1_6' title="bbox 473 697 2086 777">
    <p class='ocr_par' dir='ltr' id='par_1_6' title="bbox 473 697 2086 777">
     <span class='ocr_line' id='line_1_6' title="bbox 473 697 2086 777; baseline -0.011 -11"><span class='ocrx_word' id='word_1_29' title='bbox 473 709 644 766; x_wconf 82' lang='lat' dir='ltr'><strong>Nemo</strong></span> <span class='ocrx_word' id='word_1_30' title='bbox 672 711 817 765; x_wconf 91' lang='lat' dir='ltr'><strong>enim</strong></span> <span class='ocrx_word' id='word_1_31' title='bbox 839 717 1013 777; x_wconf 90' lang='lat' dir='ltr'><strong>potest</strong></span> <span class='ocrx_word' id='word_1_32' title='bbox 1038 702 1315 775; x_wconf 85' lang='lat' dir='ltr'><strong>pervenire</strong></span> <span class='ocrx_word' id='word_1_33' title='bbox 1346 702 1410 756; x_wconf 90' lang='lat' dir='ltr'><strong>ad</strong></span> <span class='ocrx_word' id='word_1_34' title='bbox 1448 700 1694 754; x_wconf 79' lang='lat' dir='ltr'><strong>arborem</strong></span> <span class='ocrx_word' id='word_1_35' title='bbox 1710 700 1849 764; x_wconf 63' lang='lat' dir='ltr'><strong>vitae,</strong></span> <span class='ocrx_word' id='word_1_36' title='bbox 1868 697 1966 752; x_wconf 89' lang='lat' dir='ltr'><strong>nisi</strong></span> <span class='ocrx_word' id='word_1_37' title='bbox 1995 709 2086 764; x_wconf 90' lang='lat' dir='ltr'><strong>per</strong></span> 
     </span>
    </p>
   </div>
   <div class='ocr_carea' id='block_1_7' title="bbox 475 791 2086 863">
    <p class='ocr_par' dir='ltr' id='par_1_7' title="bbox 475 791 2086 863">
     <span class='ocr_line' id='line_1_7' title="bbox 475 791 2086 863; baseline -0.009 -5"><span class='ocrx_word' id='word_1_38' title='bbox 475 802 576 858; x_wconf 87' lang='lat' dir='ltr'><strong>has</strong></span> <span class='ocrx_word' id='word_1_39' title='bbox 597 803 727 856; x_wconf 89' lang='lat' dir='ltr'><strong>duas</strong></span> <span class='ocrx_word' id='word_1_40' title='bbox 744 815 847 863; x_wconf 84' lang='lat' dir='ltr'><strong>res,</strong></span> <span class='ocrx_word' id='word_1_41' title='bbox 871 797 1208 854; x_wconf 76' lang='lat' dir='ltr'><strong>tolerantiam</strong></span> <span class='ocrx_word' id='word_1_42' title='bbox 1231 794 1436 850; x_wconf 89' lang='lat' dir='ltr'><strong>scilicet</strong></span> <span class='ocrx_word' id='word_1_43' title='bbox 1458 793 1822 849; x_wconf 81' lang='lat' dir='ltr'><strong>molestiarum</strong></span> <span class='ocrx_word' id='word_1_44' title='bbox 1843 800 1896 847; x_wconf 91' lang='lat' dir='ltr'><strong>et</strong></span> <span class='ocrx_word' id='word_1_45' title='bbox 1913 791 2086 844; x_wconf 86' lang='lat' dir='ltr'><strong>scien-</strong></span> 
     </span>
    </p>
   </div>
   <div class='ocr_carea' id='block_1_8' title="bbox 476 881 2081 958">
    <p class='ocr_par' dir='ltr' id='par_1_8' title="bbox 476 881 2081 958">
     <span class='ocr_line' id='line_1_8' title="bbox 476 881 2081 958; baseline -0.006 -13"><span class='ocrx_word' id='word_1_46' title='bbox 476 889 564 944; x_wconf 77' lang='lat' dir='ltr'><strong>tia:</strong></span> <span class='ocrx_word' id='word_1_47' title='bbox 586 889 992 958; x_wconf 86' lang='lat' dir='ltr'><strong>plenitudinem,</strong></span> <span class='ocrx_word' id='word_1_48' title='bbox 1013 885 1067 942; x_wconf 94' lang='lat' dir='ltr'><strong>id</strong></span> <span class='ocrx_word' id='word_1_49' title='bbox 1083 896 1184 950; x_wconf 91' lang='lat' dir='ltr'><strong>est,</strong></span> <span class='ocrx_word' id='word_1_50' title='bbox 1204 901 1298 956; x_wconf 88' lang='lat' dir='ltr'><strong>per</strong></span> <span class='ocrx_word' id='word_1_51' title='bbox 1311 885 1626 940; x_wconf 86' lang='lat' dir='ltr'><strong>charitatem</strong></span> <span class='ocrx_word' id='word_1_52' title='bbox 1645 883 1737 938; x_wconf 86' lang='lat' dir='ltr'><strong>Dei</strong></span> <span class='ocrx_word' id='word_1_53' title='bbox 1759 894 1812 938; x_wconf 86' lang='lat' dir='ltr'><strong>et</strong></span> <span class='ocrx_word' id='word_1_54' title='bbox 1834 881 2081 953; x_wconf 83' lang='lat' dir='ltr'><strong>proximi.</strong></span> 
     </span>
    </p>
   </div>
   <div class='ocr_carea' id='block_1_9' title="bbox 476 973 1988 1046">
    <p class='ocr_par' dir='ltr' id='par_1_9' title="bbox 476 973 1988 1046">
     <span class='ocr_line' id='line_1_9' title="bbox 476 973 1988 1046; baseline -0.004 -13"><span class='ocrx_word' id='word_1_55' title='bbox 476 977 761 1035; x_wconf 86' lang='lat' dir='ltr'><strong>Plenitudo</strong></span> <span class='ocrx_word' id='word_1_56' title='bbox 795 979 933 1034; x_wconf 91' lang='lat' dir='ltr'><strong>enim</strong></span> <span class='ocrx_word' id='word_1_57' title='bbox 965 977 1097 1046; x_wconf 81' lang='lat' dir='ltr'><strong>legis</strong></span> <span class='ocrx_word' id='word_1_58' title='bbox 1137 974 1374 1030; x_wconf 90' lang='lat' dir='ltr'><strong>charitas</strong></span> <span class='ocrx_word' id='word_1_59' title='bbox 1405 984 1485 1029; x_wconf 90' lang='lat' dir='ltr'><strong>est</strong></span> <span class='ocrx_word' id='word_1_60' title='bbox 1523 974 1703 1046; x_wconf 84' lang='lat' dir='ltr'><strong>(Rom.</strong></span> <span class='ocrx_word' id='word_1_61' title='bbox 1733 989 1845 1040; x_wconf 88' lang='lat' dir='ltr'><strong>xm,</strong></span> <span class='ocrx_word' id='word_1_62' title='bbox 1876 973 1988 1044; x_wconf 90' lang='grc'>10).</span> 
     </span>
    </p>
   </div>
   <div class='ocr_carea' id='block_1_10' title="bbox 1095 1066 1476 1122">
    <p class='ocr_par' dir='ltr' id='par_1_10' title="bbox 1095 1066 1476 1122">
     <span class='ocr_line' id='line_1_10' title="bbox 1095 1066 1476 1122; baseline -0.005 0"><span class='ocrx_word' id='word_1_63' title='bbox 1095 1066 1324 1122; x_wconf 80' lang='lat' dir='ltr'><strong>CAPUT</strong></span> <span class='ocrx_word' id='word_1_64' title='bbox 1389 1067 1476 1121; x_wconf 88' lang='lat' dir='ltr'><strong>Vl.</strong></span> 
     </span>
    </p>
   </div>
   <div class='ocr_carea' id='block_1_11' title="bbox 719 1158 1849 1230">
    <p class='ocr_par' dir='ltr' id='par_1_11' title="bbox 719 1158 1849 1230">
     <span class='ocr_line' id='line_1_11' title="bbox 719 1158 1849 1230; baseline -0.004 -14"><span class='ocrx_word' id='word_1_65' title='bbox 719 1164 791 1217; x_wconf 89' lang='lat' dir='ltr'><strong>De</strong></span> <span class='ocrx_word' id='word_1_66' title='bbox 831 1161 958 1216; x_wconf 85' lang='lat' dir='ltr'><strong>Cain</strong></span> <span class='ocrx_word' id='word_1_67' title='bbox 997 1170 1047 1216; x_wconf 90' lang='lat' dir='ltr'><strong>et</strong></span> <span class='ocrx_word' id='word_1_68' title='bbox 1085 1159 1234 1225; x_wconf 84' lang='lat' dir='ltr'><strong>Abel,</strong></span> <span class='ocrx_word' id='word_1_69' title='bbox 1278 1174 1552 1225; x_wconf 83' lang='lat' dir='ltr'><strong>eorumque</strong></span> <span class='ocrx_word' id='word_1_70' title='bbox 1591 1158 1849 1230; x_wconf 84' lang='lat' dir='ltr'><strong>pragenie.</strong></span> 
     </span>
    </p>
   </div>
   <div class='ocr_carea' id='block_1_12' title="bbox 552 1256 2087 1326">
    <p class='ocr_par' dir='ltr' id='par_1_12' title="bbox 552 1256 2087 1326">
     <span class='ocr_line' id='line_1_12' title="bbox 552 1256 2087 1326; baseline -0.006 -11"><span class='ocrx_word' id='word_1_71' title='bbox 552 1261 604 1315; x_wconf 84' lang='grc'>1.</span> <span class='ocrx_word' id='word_1_72' title='bbox 645 1259 814 1314; x_wconf 90' lang='lat' dir='ltr'><strong>Adam</strong></span> <span class='ocrx_word' id='word_1_73' title='bbox 837 1272 965 1312; x_wconf 89' lang='lat' dir='ltr'><strong>vero</strong></span> <span class='ocrx_word' id='word_1_74' title='bbox 988 1257 1243 1326; x_wconf 78' lang='lat' dir='ltr'><strong>cognovit</strong></span> <span class='ocrx_word' id='word_1_75' title='bbox 1276 1256 1475 1310; x_wconf 88' lang='lat' dir='ltr'><strong>llevam</strong></span> <span class='ocrx_word' id='word_1_76' title='bbox 1502 1269 1729 1310; x_wconf 89' lang='lat' dir='ltr'><strong>uxorem</strong></span> <span class='ocrx_word' id='word_1_77' title='bbox 1763 1267 1935 1317; x_wconf 88' lang='lat' dir='ltr'><strong>suam,</strong></span> <span class='ocrx_word' id='word_1_78' title='bbox 1968 1267 2087 1321; x_wconf 70' lang='lat' dir='ltr'><strong>qua:</strong></span> 
     </span>
    </p>
   </div>
   <div class='ocr_carea' id='block_1_13' title="bbox 477 1344 2086 1418">
    <p class='ocr_par' dir='ltr' id='par_1_13' title="bbox 477 1344 2086 1418">
     <span class='ocr_line' id='line_1_13' title="bbox 477 1344 2086 1418; baseline -0.003 -16"><span class='ocrx_word' id='word_1_79' title='bbox 477 1350 744 1418; x_wconf 88' lang='lat' dir='ltr'><strong>concepit,</strong></span> <span class='ocrx_word' id='word_1_80' title='bbox 775 1355 828 1402; x_wconf 93' lang='lat' dir='ltr'><strong>et</strong></span> <span class='ocrx_word' id='word_1_81' title='bbox 851 1347 1060 1417; x_wconf 87' lang='lat' dir='ltr'><strong>peperit</strong></span> <span class='ocrx_word' id='word_1_82' title='bbox 1086 1345 1236 1400; x_wconf 88' lang='lat' dir='ltr'><strong>Cain.</strong></span> <span class='ocrx_word' id='word_1_83' title='bbox 1271 1346 1611 1415; x_wconf 79' lang='lat' dir='ltr'><strong>Rursumque</strong></span> <span class='ocrx_word' id='word_1_84' title='bbox 1636 1344 1842 1413; x_wconf 86' lang='lat' dir='ltr'><strong>peperit</strong></span> <span class='ocrx_word' id='word_1_85' title='bbox 1863 1344 2086 1397; x_wconf 84' lang='lat' dir='ltr'><strong>fratrem</strong></span> 
     </span>
    </p>
   </div>
   <div class='ocr_carea' id='block_1_14' title="bbox 476 1435 2085 1510">
    <p class='ocr_par' dir='ltr' id='par_1_14' title="bbox 476 1435 2085 1510">
     <span class='ocr_line' id='line_1_14' title="bbox 476 1435 2085 1510; baseline -0.005 -15"><span class='ocrx_word' id='word_1_86' title='bbox 476 1439 592 1510; x_wconf 86' lang='lat' dir='ltr'><strong>ejus</strong></span> <span class='ocrx_word' id='word_1_87' title='bbox 625 1440 778 1496; x_wconf 84' lang='lat' dir='ltr'><strong>Abel.</strong></span> <span class='ocrx_word' id='word_1_88' title='bbox 810 1440 1132 1494; x_wconf 87' lang='lat' dir='ltr'><strong>Nativitates</strong></span> <span class='ocrx_word' id='word_1_89' title='bbox 1178 1440 1340 1510; x_wconf 74' lang='grc'><strong>278</strong></span> <span class='ocrx_word' id='word_1_90' title='bbox 1379 1438 1604 1492; x_wconf 92' lang='lat' dir='ltr'><strong>duorum</strong></span> <span class='ocrx_word' id='word_1_91' title='bbox 1649 1437 1879 1490; x_wconf 88' lang='lat' dir='ltr'><strong>ﬁliorum</strong></span> <span class='ocrx_word' id='word_1_92' title='bbox 1917 1435 2085 1489; x_wconf 89' lang='lat' dir='ltr'><strong>Adam</strong></span> 
     </span>
    </p>
   </div>
   <div class='ocr_carea' id='block_1_15' title="bbox 477 1529 2090 1600">
    <p class='ocr_par' dir='ltr' id='par_1_15' title="bbox 477 1529 2090 1600">
     <span class='ocr_line' id='line_1_15' title="bbox 477 1529 2090 1600; baseline -0.006 -10"><span class='ocrx_word' id='word_1_93' title='bbox 477 1535 880 1590; x_wconf 84' lang='lat' dir='ltr'><strong>similitudinem</strong></span> <span class='ocrx_word' id='word_1_94' title='bbox 931 1535 1129 1588; x_wconf 87' lang='lat' dir='ltr'><strong>habent</strong></span> <span class='ocrx_word' id='word_1_95' title='bbox 1177 1532 1405 1587; x_wconf 92' lang='lat' dir='ltr'><strong>duorum</strong></span> <span class='ocrx_word' id='word_1_96' title='bbox 1433 1531 1775 1600; x_wconf 87' lang='lat' dir='ltr'><strong>pOpulorum,</strong></span> <span class='ocrx_word' id='word_1_97' title='bbox 1804 1529 1894 1598; x_wconf 91' lang='lat' dir='ltr'><strong>qui</strong></span> <span class='ocrx_word' id='word_1_98' title='bbox 1937 1537 2090 1582; x_wconf 86' lang='lat' dir='ltr'><strong>erant</strong></span> 
     </span>
    </p>
   </div>
   <div class='ocr_carea' id='block_1_16' title="bbox 478 1621 2090 1695">
    <p class='ocr_par' dir='ltr' id='par_1_16' title="bbox 478 1621 2090 1695">
     <span class='ocr_line' id='line_1_16' title="bbox 478 1621 2090 1695; baseline -0.006 -13"><span class='ocrx_word' id='word_1_99' title='bbox 478 1625 706 1682; x_wconf 86' lang='lat' dir='ltr'><strong>diversis</strong></span> <span class='ocrx_word' id='word_1_100' title='bbox 747 1625 1078 1695; x_wconf 89' lang='lat' dir='ltr'><strong>temporibus</strong></span> <span class='ocrx_word' id='word_1_101' title='bbox 1108 1624 1174 1678; x_wconf 91' lang='lat' dir='ltr'><strong>ad</strong></span> <span class='ocrx_word' id='word_1_102' title='bbox 1226 1623 1383 1678; x_wconf 87' lang='lat' dir='ltr'><strong>tldem</strong></span> <span class='ocrx_word' id='word_1_103' title='bbox 1412 1622 1647 1689; x_wconf 89' lang='lat' dir='ltr'><strong>venturi,</strong></span> <span class='ocrx_word' id='word_1_104' title='bbox 1670 1621 1785 1690; x_wconf 90' lang='lat' dir='ltr'><strong>pari</strong></span> <span class='ocrx_word' id='word_1_105' title='bbox 1824 1634 2007 1688; x_wconf 89' lang='lat' dir='ltr'><strong>opere,</strong></span> <span class='ocrx_word' id='word_1_106' title='bbox 2034 1626 2090 1673; x_wconf 91' lang='lat' dir='ltr'><strong>et</strong></span> 
     </span>
    </p>
   </div>
   <div class='ocr_carea' id='block_1_17' title="bbox 480 1713 2090 1782">
    <p class='ocr_par' dir='ltr' id='par_1_17' title="bbox 480 1713 2090 1782">
     <span class='ocr_line' id='line_1_17' title="bbox 480 1713 2090 1782; baseline -0.006 -7"><span class='ocrx_word' id='word_1_107' title='bbox 480 1720 729 1776; x_wconf 88' lang='lat' dir='ltr'><strong>dissimili</strong></span> <span class='ocrx_word' id='word_1_108' title='bbox 757 1720 1017 1776; x_wconf 90' lang='lat' dir='ltr'><strong>charitate</strong></span> <span class='ocrx_word' id='word_1_109' title='bbox 1046 1728 1170 1773; x_wconf 83' lang='lat' dir='ltr'><strong>ante</strong></span> <span class='ocrx_word' id='word_1_110' title='bbox 1202 1718 1391 1773; x_wconf 90' lang='lat' dir='ltr'><strong>Deum.</strong></span> <span class='ocrx_word' id='word_1_111' title='bbox 1426 1715 1549 1771; x_wconf 85' lang='lat' dir='ltr'><strong>Fuit</strong></span> <span class='ocrx_word' id='word_1_112' title='bbox 1578 1724 1758 1770; x_wconf 89' lang='lat' dir='ltr'><strong>autem</strong></span> <span class='ocrx_word' id='word_1_113' title='bbox 1803 1713 1936 1769; x_wconf 84' lang='lat' dir='ltr'><strong>Abel</strong></span> <span class='ocrx_word' id='word_1_114' title='bbox 1969 1727 2090 1782; x_wconf 88' lang='lat' dir='ltr'><strong>pas-</strong></span> 
     </span>
    </p>
   </div>
   <div class='ocr_carea' id='block_1_18' title="bbox 481 1811 1324 1883">
    <p class='ocr_par' dir='ltr' id='par_1_18' title="bbox 481 1811 1324 1883">
     <span class='ocr_line' id='line_1_18' title="bbox 481 1811 1324 1883; baseline -0.009 -11"><span class='ocrx_word' id='word_1_115' title='bbox 481 1825 568 1872; x_wconf 88' lang='lat' dir='ltr'><strong>tor</strong></span> <span class='ocrx_word' id='word_1_116' title='bbox 597 1817 806 1881; x_wconf 89' lang='lat' dir='ltr'><strong>ovium,</strong></span> <span class='ocrx_word' id='word_1_117' title='bbox 831 1822 886 1870; x_wconf 92' lang='lat' dir='ltr'><strong>et</strong></span> <span class='ocrx_word' id='word_1_118' title='bbox 911 1813 1041 1868; x_wconf 89' lang='lat' dir='ltr'><strong>Cain</strong></span> <span class='ocrx_word' id='word_1_119' title='bbox 1071 1811 1324 1883; x_wconf 80' lang='lat' dir='ltr'><strong>agricola.</strong></span> 
     </span>
    </p>
   </div>
   <div class='ocr_carea' id='block_1_19' title="bbox 2185 593 3783 677">
    <p class='ocr_par' dir='ltr' id='par_1_19' title="bbox 2185 593 3783 677">
     <span class='ocr_line' id='line_1_19' title="bbox 2185 593 3783 677; baseline -0.006 -20"><span class='ocrx_word' id='word_1_120' title='bbox 2185 602 2358 677; x_wconf 86' lang='lat' dir='ltr'><strong>(Psal.</strong></span> <span class='ocrx_word' id='word_1_121' title='bbox 2386 618 2475 667; x_wconf 78' lang='lat' dir='ltr'><strong>xL,</strong></span> <span class='ocrx_word' id='word_1_122' title='bbox 2503 601 2596 671; x_wconf 79' lang='lat'><strong>5);</strong></span> <span class='ocrx_word' id='word_1_123' title='bbox 2638 599 2917 668; x_wconf 83' lang='lat' dir='ltr'><strong>eidemque</strong></span> <span class='ocrx_word' id='word_1_124' title='bbox 2947 605 3190 666; x_wconf 85' lang='lat' dir='ltr'><strong>peccato,</strong></span> <span class='ocrx_word' id='word_1_125' title='bbox 3236 594 3468 664; x_wconf 88' lang='lat' dir='ltr'><strong>quandiu</strong></span> <span class='ocrx_word' id='word_1_126' title='bbox 3493 593 3545 647; x_wconf 92' lang='lat' dir='ltr'><strong>in</strong></span> <span class='ocrx_word' id='word_1_127' title='bbox 3596 607 3783 648; x_wconf 84' lang='lat' dir='ltr'><strong>eorum</strong></span> 
     </span>
    </p>
   </div>
   <div class='ocr_carea' id='block_1_20' title="bbox 2185 685 3782 764">
    <p class='ocr_par' dir='ltr' id='par_1_20' title="bbox 2185 685 3782 764">
     <span class='ocr_line' id='line_1_20' title="bbox 2185 685 3782 764; baseline -0.006 -14"><span class='ocrx_word' id='word_1_128' title='bbox 2185 710 2412 764; x_wconf 89' lang='lat' dir='ltr'><strong>corpore</strong></span> <span class='ocrx_word' id='word_1_129' title='bbox 2444 705 2586 748; x_wconf 81' lang='lat' dir='ltr'><strong>esset</strong></span> <span class='ocrx_word' id='word_1_130' title='bbox 2631 691 2806 747; x_wconf 88' lang='lat' dir='ltr'><strong>adhuc</strong></span> <span class='ocrx_word' id='word_1_131' title='bbox 2835 690 3062 754; x_wconf 88' lang='lat' dir='ltr'><strong>mortali,</strong></span> <span class='ocrx_word' id='word_1_132' title='bbox 3096 704 3192 759; x_wconf 89' lang='lat' dir='ltr'><strong>per</strong></span> <span class='ocrx_word' id='word_1_133' title='bbox 3233 701 3382 758; x_wconf 90' lang='lat' dir='ltr'><strong>spem</strong></span> <span class='ocrx_word' id='word_1_134' title='bbox 3414 687 3597 756; x_wconf 77' lang='lat' dir='ltr'><strong>gratia:</strong></span> <span class='ocrx_word' id='word_1_135' title='bbox 3627 685 3782 742; x_wconf 85' lang='lat' dir='ltr'><strong>liberi</strong></span> 
     </span>
    </p>
   </div>
   <div class='ocr_carea' id='block_1_21' title="bbox 2187 787 2611 844">
    <p class='ocr_par' dir='ltr' id='par_1_21' title="bbox 2187 787 2611 844">
     <span class='ocr_line' id='line_1_21' title="bbox 2187 787 2611 844; baseline -0.007 -2"><span class='ocrx_word' id='word_1_136' title='bbox 2187 787 2611 844; x_wconf 89' lang='lat' dir='ltr'><strong>dominarentur.</strong></span> 
     </span>
    </p>
   </div>
   <div class='ocr_carea' id='block_1_22' title="bbox 2263 873 3785 945">
    <p class='ocr_par' dir='ltr' id='par_1_22' title="bbox 2263 873 3785 945">
     <span class='ocr_line' id='line_1_22' title="bbox 2263 873 3785 945; baseline -0.005 -11"><span class='ocrx_word' id='word_1_137' title='bbox 2263 881 2312 934; x_wconf 73' lang='grc'><strong>4.</strong></span> <span class='ocrx_word' id='word_1_138' title='bbox 2354 879 2505 934; x_wconf 86' lang='lat' dir='ltr'><strong>Nunc</strong></span> <span class='ocrx_word' id='word_1_139' title='bbox 2536 887 2712 933; x_wconf 88' lang='lat' dir='ltr'><strong>autem</strong></span> <span class='ocrx_word' id='word_1_140' title='bbox 2757 877 3066 945; x_wconf 80' lang='lat' dir='ltr'><strong>ignorantes</strong></span> <span class='ocrx_word' id='word_1_141' title='bbox 3108 875 3198 929; x_wconf 85' lang='lat' dir='ltr'><strong>Dei</strong></span> <span class='ocrx_word' id='word_1_142' title='bbox 3226 873 3512 944; x_wconf 85' lang='lat' dir='ltr'><strong>justitiam,</strong></span> <span class='ocrx_word' id='word_1_143' title='bbox 3545 880 3600 928; x_wconf 90' lang='lat' dir='ltr'><strong>et</strong></span> <span class='ocrx_word' id='word_1_144' title='bbox 3635 885 3785 927; x_wconf 88' lang='lat' dir='ltr'><strong>suam</strong></span> 
     </span>
    </p>
   </div>
   <div class='ocr_carea' id='block_1_23' title="bbox 2189 963 3788 1038">
    <p class='ocr_par' dir='ltr' id='par_1_23' title="bbox 2189 963 3788 1038">
     <span class='ocr_line' id='line_1_23' title="bbox 2189 963 3788 1038; baseline -0.004 -9"><span class='ocrx_word' id='word_1_145' title='bbox 2189 975 2430 1032; x_wconf 87' lang='lat' dir='ltr'><strong>volentes</strong></span> <span class='ocrx_word' id='word_1_146' title='bbox 2457 973 2806 1037; x_wconf 81' lang='lat' dir='ltr'><strong>constituere,</strong></span> <span class='ocrx_word' id='word_1_147' title='bbox 2836 969 2964 1024; x_wconf 86' lang='lat' dir='ltr'><strong>elati</strong></span> <span class='ocrx_word' id='word_1_148' title='bbox 2985 969 3054 1023; x_wconf 90' lang='lat' dir='ltr'><strong>de</strong></span> <span class='ocrx_word' id='word_1_149' title='bbox 3084 969 3336 1038; x_wconf 89' lang='lat' dir='ltr'><strong>operibus</strong></span> <span class='ocrx_word' id='word_1_150' title='bbox 3366 967 3522 1036; x_wconf 90' lang='lat' dir='ltr'><strong>legis,</strong></span> <span class='ocrx_word' id='word_1_151' title='bbox 3555 981 3661 1021; x_wconf 92' lang='lat' dir='ltr'><strong>non</strong></span> <span class='ocrx_word' id='word_1_152' title='bbox 3683 963 3788 1022; x_wconf 86' lang='lat' dir='ltr'><strong>hu-</strong></span> 
     </span>
    </p>
   </div>
   <div class='ocr_carea' id='block_1_24' title="bbox 2189 1058 3791 1138">
    <p class='ocr_par' dir='ltr' id='par_1_24' title="bbox 2189 1058 3791 1138">
     <span class='ocr_line' id='line_1_24' title="bbox 2189 1058 3791 1138; baseline -0.008 -11"><span class='ocrx_word' id='word_1_153' title='bbox 2189 1070 2376 1126; x_wconf 89' lang='lat' dir='ltr'><strong>miliati</strong></span> <span class='ocrx_word' id='word_1_154' title='bbox 2408 1069 2474 1124; x_wconf 89' lang='lat' dir='ltr'><strong>de</strong></span> <span class='ocrx_word' id='word_1_155' title='bbox 2505 1067 2738 1138; x_wconf 88' lang='lat' dir='ltr'><strong>peccatis</strong></span> <span class='ocrx_word' id='word_1_156' title='bbox 2780 1065 2914 1129; x_wconf 89' lang='lat' dir='ltr'><strong>suis,</strong></span> <span class='ocrx_word' id='word_1_157' title='bbox 2948 1078 3051 1117; x_wconf 91' lang='lat' dir='ltr'><strong>non</strong></span> <span class='ocrx_word' id='word_1_158' title='bbox 3097 1063 3452 1132; x_wconf 81' lang='lat' dir='ltr'><strong>quieverunt;</strong></span> <span class='ocrx_word' id='word_1_159' title='bbox 3485 1061 3578 1116; x_wconf 90' lang='lat' dir='ltr'><strong>sed</strong></span> <span class='ocrx_word' id='word_1_160' title='bbox 3615 1058 3791 1115; x_wconf 88' lang='lat' dir='ltr'><strong>offen-</strong></span> 
     </span>
    </p>
   </div>
   <div class='ocr_carea' id='block_1_25' title="bbox 2188 1152 3788 1228">
    <p class='ocr_par' dir='ltr' id='par_1_25' title="bbox 2188 1152 3788 1228">
     <span class='ocr_line' id='line_1_25' title="bbox 2188 1152 3788 1228; baseline -0.007 -12"><span class='ocrx_word' id='word_1_161' title='bbox 2188 1161 2384 1217; x_wconf 92' lang='lat' dir='ltr'><strong>derunt</strong></span> <span class='ocrx_word' id='word_1_162' title='bbox 2410 1159 2720 1228; x_wconf 88' lang='lat' dir='ltr'><strong>inlapidem</strong></span> <span class='ocrx_word' id='word_1_163' title='bbox 2757 1156 3091 1219; x_wconf 65' lang='lat' dir='ltr'><strong>offensionis,</strong></span> <span class='ocrx_word' id='word_1_164' title='bbox 3131 1163 3184 1208; x_wconf 90' lang='lat' dir='ltr'><strong>et</strong></span> <span class='ocrx_word' id='word_1_165' title='bbox 3220 1161 3538 1208; x_wconf 88' lang='lat' dir='ltr'><strong>exarserunt</strong></span> <span class='ocrx_word' id='word_1_166' title='bbox 3577 1152 3788 1207; x_wconf 90' lang='lat' dir='ltr'><strong>iracun-</strong></span> 
     </span>
    </p>
   </div>
   <div class='ocr_carea' id='block_1_26' title="bbox 2191 1248 3789 1320">
    <p class='ocr_par' dir='ltr' id='par_1_26' title="bbox 2191 1248 3789 1320">
     <span class='ocr_line' id='line_1_26' title="bbox 2191 1248 3789 1320; baseline -0.008 -8"><span class='ocrx_word' id='word_1_167' title='bbox 2191 1257 2274 1312; x_wconf 90' lang='lat' dir='ltr'><strong>dia</strong></span> <span class='ocrx_word' id='word_1_168' title='bbox 2301 1257 2566 1312; x_wconf 85' lang='lat' dir='ltr'><strong>adversus</strong></span> <span class='ocrx_word' id='word_1_169' title='bbox 2592 1254 2888 1316; x_wconf 80' lang='lat' dir='ltr'><strong>Christum,</strong></span> <span class='ocrx_word' id='word_1_170' title='bbox 2910 1249 3064 1320; x_wconf 89' lang='lat' dir='ltr'><strong>cujus</strong></span> <span class='ocrx_word' id='word_1_171' title='bbox 3095 1263 3256 1318; x_wconf 88' lang='lat' dir='ltr'><strong>opera</strong></span> <span class='ocrx_word' id='word_1_172' title='bbox 3290 1248 3530 1303; x_wconf 88' lang='lat' dir='ltr'><strong>videntes</strong></span> <span class='ocrx_word' id='word_1_173' title='bbox 3573 1253 3789 1316; x_wconf 83' lang='lat' dir='ltr'><strong>accepta</strong></span> 
     </span>
    </p>
   </div>
   <div class='ocr_carea' id='block_1_27' title="bbox 2193 1345 2804 1411">
    <p class='ocr_par' dir='ltr' id='par_1_27' title="bbox 2193 1345 2804 1411">
     <span class='ocr_line' id='line_1_27' title="bbox 2193 1345 2804 1411; baseline -0.011 -7"><span class='ocrx_word' id='word_1_174' title='bbox 2193 1350 2304 1404; x_wconf 87' lang='lat' dir='ltr'><strong>Deo</strong></span> <span class='ocrx_word' id='word_1_175' title='bbox 2332 1363 2472 1411; x_wconf 90' lang='lat' dir='ltr'><strong>esse,</strong></span> <span class='ocrx_word' id='word_1_176' title='bbox 2499 1345 2804 1400; x_wconf 91' lang='lat' dir='ltr'><strong>doluerunt.</strong></span> 
     </span>
    </p>
   </div>
   <div class='ocr_carea' id='block_1_28' title="bbox 2263 1433 3794 1509">
    <p class='ocr_par' dir='ltr' id='par_1_28' title="bbox 2263 1433 3794 1509">
     <span class='ocr_line' id='line_1_28' title="bbox 2263 1433 3794 1509; baseline -0.005 -15"><span class='ocrx_word' id='word_1_177' title='bbox 2263 1440 2314 1494; x_wconf 83' lang='grc'><strong>5.</strong></span> <span class='ocrx_word' id='word_1_178' title='bbox 2358 1439 2540 1509; x_wconf 84' lang='lat' dir='ltr'><strong>itaque</strong></span> <span class='ocrx_word' id='word_1_179' title='bbox 2589 1447 2708 1506; x_wconf 83' lang='lat' dir='ltr'><strong>post</strong></span> <span class='ocrx_word' id='word_1_180' title='bbox 2739 1436 2854 1490; x_wconf 72' lang='lat' dir='ltr'><strong>hazc</strong></span> <span class='ocrx_word' id='word_1_181' title='bbox 2897 1434 3160 1490; x_wconf 87' lang='lat' dir='ltr'><strong>occiditur</strong></span> <span class='ocrx_word' id='word_1_182' title='bbox 3208 1433 3340 1490; x_wconf 85' lang='lat' dir='ltr'><strong>Abel</strong></span> <span class='ocrx_word' id='word_1_183' title='bbox 3374 1433 3549 1486; x_wconf 90' lang='lat' dir='ltr'><strong>minor</strong></span> <span class='ocrx_word' id='word_1_184' title='bbox 3592 1441 3719 1486; x_wconf 89' lang='lat' dir='ltr'><strong>natu</strong></span> <span class='ocrx_word' id='word_1_185' title='bbox 3761 1445 3794 1486; x_wconf 86' lang='lat' dir='ltr'><strong>a</strong></span> 
     </span>
    </p>
   </div>
   <div class='ocr_carea' id='block_1_29' title="bbox 2194 1526 3794 1600">
    <p class='ocr_par' dir='ltr' id='par_1_29' title="bbox 2194 1526 3794 1600">
     <span class='ocr_line' id='line_1_29' title="bbox 2194 1526 3794 1600; baseline -0.008 -12"><span class='ocrx_word' id='word_1_186' title='bbox 2194 1533 2356 1588; x_wconf 82' lang='lat' dir='ltr'><strong>fratre</strong></span> <span class='ocrx_word' id='word_1_187' title='bbox 2381 1533 2511 1588; x_wconf 85' lang='lat' dir='ltr'><strong>Cain</strong></span> <span class='ocrx_word' id='word_1_188' title='bbox 2541 1530 2744 1600; x_wconf 89' lang='lat' dir='ltr'><strong>majore</strong></span> <span class='ocrx_word' id='word_1_189' title='bbox 2774 1537 2919 1583; x_wconf 87' lang='lat' dir='ltr'><strong>natu.</strong></span> <span class='ocrx_word' id='word_1_190' title='bbox 2942 1527 3216 1582; x_wconf 88' lang='lat' dir='ltr'><strong>Occiditur</strong></span> <span class='ocrx_word' id='word_1_191' title='bbox 3245 1526 3490 1580; x_wconf 91' lang='lat' dir='ltr'><strong>Christus</strong></span> <span class='ocrx_word' id='word_1_192' title='bbox 3513 1532 3673 1594; x_wconf 86' lang='lat' dir='ltr'><strong>caput</strong></span> <span class='ocrx_word' id='word_1_193' title='bbox 3699 1535 3794 1592; x_wconf 84' lang='lat' dir='ltr'><strong>po-</strong></span> 
     </span>
    </p>
   </div>
   <div class='ocr_carea' id='block_1_30' title="bbox 2195 1618 3792 1696">
    <p class='ocr_par' dir='ltr' id='par_1_30' title="bbox 2195 1618 3792 1696">
     <span class='ocr_line' id='line_1_30' title="bbox 2195 1618 3792 1696; baseline -0.006 -17"><span class='ocrx_word' id='word_1_194' title='bbox 2195 1627 2299 1696; x_wconf 92' lang='lat' dir='ltr'><strong>puli</strong></span> <span class='ocrx_word' id='word_1_195' title='bbox 2332 1625 2553 1679; x_wconf 89' lang='lat' dir='ltr'><strong>minoris</strong></span> <span class='ocrx_word' id='word_1_196' title='bbox 2583 1635 2708 1678; x_wconf 89' lang='lat' dir='ltr'><strong>natu</strong></span> <span class='ocrx_word' id='word_1_197' title='bbox 2739 1639 2768 1677; x_wconf 89' lang='lat' dir='ltr'><strong>a</strong></span> <span class='ocrx_word' id='word_1_198' title='bbox 2805 1622 3000 1692; x_wconf 88' lang='lat' dir='ltr'><strong>populo</strong></span> <span class='ocrx_word' id='word_1_199' title='bbox 3043 1620 3351 1676; x_wconf 72' lang='lat' dir='ltr'><strong>Judteorum</strong></span> <span class='ocrx_word' id='word_1_200' title='bbox 3394 1618 3598 1688; x_wconf 84' lang='lat' dir='ltr'><strong>majore</strong></span> <span class='ocrx_word' id='word_1_201' title='bbox 3649 1625 3792 1682; x_wconf 88' lang='lat' dir='ltr'><strong>natu,</strong></span> 
     </span>
    </p>
   </div>
   <div class='ocr_carea' id='block_1_31' title="bbox 2195 1715 3268 1789">
    <p class='ocr_par' dir='ltr' id='par_1_31' title="bbox 2195 1715 3268 1789">
     <span class='ocr_line' id='line_1_31' title="bbox 2195 1715 3268 1789; baseline -0.007 -14"><span class='ocrx_word' id='word_1_202' title='bbox 2195 1720 2283 1775; x_wconf 90' lang='lat' dir='ltr'><strong>ille</strong></span> <span class='ocrx_word' id='word_1_203' title='bbox 2307 1721 2357 1774; x_wconf 94' lang='lat' dir='ltr'><strong>in</strong></span> <span class='ocrx_word' id='word_1_204' title='bbox 2390 1735 2602 1789; x_wconf 90' lang='lat' dir='ltr'><strong>campo,</strong></span> <span class='ocrx_word' id='word_1_205' title='bbox 2637 1719 2738 1773; x_wconf 88' lang='lat' dir='ltr'><strong>iste</strong></span> <span class='ocrx_word' id='word_1_206' title='bbox 2769 1718 2820 1772; x_wconf 92' lang='lat' dir='ltr'><strong>in</strong></span> <span class='ocrx_word' id='word_1_207' title='bbox 2846 1715 3105 1771; x_wconf 72' lang='lat' dir='ltr'><strong>Calvaria:</strong></span> <span class='ocrx_word' id='word_1_208' title='bbox 3131 1716 3268 1771; x_wconf 89' lang='lat' dir='ltr'><strong>loco.</strong></span> 
     </span>
    </p>
   </div>
   <div class='ocr_carea' id='block_1_32' title="bbox 2268 1807 3796 1882">
    <p class='ocr_par' dir='ltr' id='par_1_32' title="bbox 2268 1807 3796 1882">
     <span class='ocr_line' id='line_1_32' title="bbox 2268 1807 3796 1882; baseline -0.003 -18"><span class='ocrx_word' id='word_1_209' title='bbox 2268 1811 2320 1866; x_wconf 84' lang='lat'><strong>6.</strong></span> <span class='ocrx_word' id='word_1_210' title='bbox 2346 1811 2641 1882; x_wconf 84' lang='lat' dir='ltr'><strong>lnterrogat</strong></span> <span class='ocrx_word' id='word_1_211' title='bbox 2666 1811 2804 1865; x_wconf 87' lang='lat' dir='ltr'><strong>Deus</strong></span> <span class='ocrx_word' id='word_1_212' title='bbox 2827 1811 2976 1874; x_wconf 83' lang='lat' dir='ltr'><strong>Cain,</strong></span> <span class='ocrx_word' id='word_1_213' title='bbox 3009 1824 3114 1863; x_wconf 91' lang='lat' dir='ltr'><strong>non</strong></span> <span class='ocrx_word' id='word_1_214' title='bbox 3147 1818 3396 1878; x_wconf 83' lang='lat' dir='ltr'><strong>tanquam</strong></span> <span class='ocrx_word' id='word_1_215' title='bbox 3426 1807 3641 1878; x_wconf 90' lang='lat' dir='ltr'><strong>ignarus</strong></span> <span class='ocrx_word' id='word_1_216' title='bbox 3672 1821 3796 1860; x_wconf 90' lang='lat' dir='ltr'><strong>eum</strong></span> 
     </span>
    </p>
   </div>
   <div class='ocr_carea' id='block_1_33' title="bbox 552 1895 3798 1976">
    <p class='ocr_par' dir='ltr' id='par_1_33' title="bbox 552 1895 3798 1976">
     <span class='ocr_line' id='line_1_33' title="bbox 552 1895 3798 1976; baseline -0.002 -15"><span class='ocrx_word' id='word_1_217' title='bbox 552 1908 608 1961; x_wconf 75' lang='grc'><strong>2.</strong></span> <span class='ocrx_word' id='word_1_218' title='bbox 650 1907 754 1964; x_wconf 89' lang='lat' dir='ltr'><strong>Sed</strong></span> <span class='ocrx_word' id='word_1_219' title='bbox 785 1909 922 1962; x_wconf 89' lang='lat' dir='ltr'><strong>sicut</strong></span> <span class='ocrx_word' id='word_1_220' title='bbox 965 1907 1096 1962; x_wconf 89' lang='lat' dir='ltr'><strong>Cain</strong></span> <span class='ocrx_word' id='word_1_221' title='bbox 1143 1904 1465 1960; x_wconf 88' lang='lat' dir='ltr'><strong>sacriﬁcium</strong></span> <span class='ocrx_word' id='word_1_222' title='bbox 1507 1917 1574 1958; x_wconf 88' lang='lat' dir='ltr'><strong>ex</strong></span> <span class='ocrx_word' id='word_1_223' title='bbox 1622 1911 1781 1956; x_wconf 72' lang='lat' dir='ltr'><strong>terrae</strong></span> <span class='ocrx_word' id='word_1_224' title='bbox 1825 1898 2085 1954; x_wconf 86' lang='lat' dir='ltr'><strong>fructibus</strong></span> <span class='ocrx_word' id='word_1_225' title='bbox 2117 1895 2164 1956; x_wconf 83' lang='grc' dir='ltr'><strong>Β</strong></span> <span class='ocrx_word' id='word_1_226' title='bbox 2191 1922 2221 1962; x_wconf 73' lang='lat' dir='ltr'><strong>a</strong></span> <span class='ocrx_word' id='word_1_227' title='bbox 2251 1922 2357 1976; x_wconf 77' lang='lat' dir='ltr'><strong>quo</strong></span> <span class='ocrx_word' id='word_1_228' title='bbox 2387 1907 2579 1971; x_wconf 64' lang='lat' dir='ltr'><strong>discat,</strong></span> <span class='ocrx_word' id='word_1_229' title='bbox 2612 1905 2703 1960; x_wconf 82' lang='lat' dir='ltr'><strong>sed</strong></span> <span class='ocrx_word' id='word_1_230' title='bbox 2739 1915 2986 1974; x_wconf 80' lang='lat' dir='ltr'><strong>tanquam</strong></span> <span class='ocrx_word' id='word_1_231' title='bbox 3016 1903 3184 1973; x_wconf 75' lang='lat' dir='ltr'><strong>judex</strong></span> <span class='ocrx_word' id='word_1_232' title='bbox 3215 1919 3366 1958; x_wconf 85' lang='lat' dir='ltr'><strong>reum</strong></span> <span class='ocrx_word' id='word_1_233' title='bbox 3402 1917 3558 1969; x_wconf 88' lang='lat' dir='ltr'><strong>quem</strong></span> <span class='ocrx_word' id='word_1_234' title='bbox 3595 1899 3798 1971; x_wconf 90' lang='lat' dir='ltr'><strong>puniat,</strong></span> 
     </span>
    </p>
   </div>
   <div class='ocr_carea' id='block_1_34' title="bbox 484 1995 2088 2076">
    <p class='ocr_par' dir='ltr' id='par_1_34' title="bbox 484 1995 2088 2076">
     <span class='ocr_line' id='line_1_34' title="bbox 484 1995 2088 2076; baseline -0.009 -15"><span class='ocrx_word' id='word_1_235' title='bbox 484 2007 802 2076; x_wconf 87' lang='lat' dir='ltr'><strong>reprobatur</strong></span> <span class='ocrx_word' id='word_1_236' title='bbox 833 2045 849 2070; x_wconf 93' lang='lat'><strong>,</strong></span> <span class='ocrx_word' id='word_1_237' title='bbox 895 2003 1028 2059; x_wconf 86' lang='lat' dir='ltr'><strong>Abel</strong></span> <span class='ocrx_word' id='word_1_238' title='bbox 1077 2011 1256 2058; x_wconf 91' lang='lat' dir='ltr'><strong>autem</strong></span> <span class='ocrx_word' id='word_1_239' title='bbox 1319 1999 1639 2056; x_wconf 85' lang='lat' dir='ltr'><strong>sacrificium</strong></span> <span class='ocrx_word' id='word_1_240' title='bbox 1682 2013 1748 2052; x_wconf 83' lang='lat' dir='ltr'><strong>ex</strong></span> <span class='ocrx_word' id='word_1_241' title='bbox 1798 1995 1987 2050; x_wconf 83' lang='lat' dir='ltr'><strong>ovibus</strong></span> <span class='ocrx_word' id='word_1_242' title='bbox 2033 2002 2088 2048; x_wconf 91' lang='lat' dir='ltr'><strong>et</strong></span> 
     </span>
    </p>
   </div>
   <div class='ocr_carea' id='block_1_35' title="bbox 485 2087 2086 2166">
    <p class='ocr_par' dir='ltr' id='par_1_35' title="bbox 485 2087 2086 2166">
     <span class='ocr_line' id='line_1_35' title="bbox 485 2087 2086 2166; baseline -0.009 -11"><span class='ocrx_word' id='word_1_243' title='bbox 485 2111 670 2155; x_wconf 84' lang='lat' dir='ltr'><strong>earum</strong></span> <span class='ocrx_word' id='word_1_244' title='bbox 701 2097 857 2166; x_wconf 89' lang='lat' dir='ltr'><strong>adipe</strong></span> <span class='ocrx_word' id='word_1_245' title='bbox 884 2096 1192 2165; x_wconf 84' lang='lat' dir='ltr'><strong>suscipitur,</strong></span> <span class='ocrx_word' id='word_1_246' title='bbox 1223 2094 1294 2148; x_wconf 89' lang='lat' dir='ltr'><strong>ita</strong></span> <span class='ocrx_word' id='word_1_247' title='bbox 1337 2092 1468 2147; x_wconf 84' lang='lat' dir='ltr'><strong>Novi</strong></span> <span class='ocrx_word' id='word_1_248' title='bbox 1500 2088 1831 2146; x_wconf 84' lang='lat' dir='ltr'><strong>Testamenti</strong></span> <span class='ocrx_word' id='word_1_249' title='bbox 1861 2087 1989 2140; x_wconf 89' lang='lat' dir='ltr'><strong>ﬁdes</strong></span> <span class='ocrx_word' id='word_1_250' title='bbox 2019 2101 2086 2140; x_wconf 79' lang='lat' dir='ltr'><strong>ex</strong></span> 
     </span>
    </p>
   </div>
   <div class='ocr_carea' id='block_1_36' title="bbox 487 2175 2087 2256">
    <p class='ocr_par' dir='ltr' id='par_1_36' title="bbox 487 2175 2087 2256">
     <span class='ocr_line' id='line_1_36' title="bbox 487 2175 2087 2256; baseline -0.009 -12"><span class='ocrx_word' id='word_1_251' title='bbox 487 2187 791 2244; x_wconf 85' lang='lat' dir='ltr'><strong>innocentia</strong></span> <span class='ocrx_word' id='word_1_252' title='bbox 831 2197 978 2256; x_wconf 87' lang='lat' dir='ltr'><strong>grata</strong></span> <span class='ocrx_word' id='word_1_253' title='bbox 1026 2186 1189 2240; x_wconf 89' lang='lat' dir='ltr'><strong>Deum</strong></span> <span class='ocrx_word' id='word_1_254' title='bbox 1241 2183 1464 2238; x_wconf 89' lang='lat' dir='ltr'><strong>laudans</strong></span> <span class='ocrx_word' id='word_1_255' title='bbox 1506 2180 1714 2236; x_wconf 84' lang='lat' dir='ltr'><strong>Veteris</strong></span> <span class='ocrx_word' id='word_1_256' title='bbox 1755 2175 2087 2233; x_wconf 78' lang='lat' dir='ltr'><strong>Testamenti</strong></span> 
     </span>
    </p>
   </div>
   <div class='ocr_carea' id='block_1_37' title="bbox 488 2268 2085 2347">
    <p class='ocr_par' dir='ltr' id='par_1_37' title="bbox 488 2268 2085 2347">
     <span class='ocr_line' id='line_1_37' title="bbox 488 2268 2085 2347; baseline -0.009 -12"><span class='ocrx_word' id='word_1_257' title='bbox 488 2279 718 2335; x_wconf 86' lang='lat' dir='ltr'><strong>terrenis</strong></span> <span class='ocrx_word' id='word_1_258' title='bbox 757 2277 1010 2347; x_wconf 91' lang='lat' dir='ltr'><strong>operibus</strong></span> <span class='ocrx_word' id='word_1_259' title='bbox 1055 2276 1417 2345; x_wconf 90' lang='lat' dir='ltr'><strong>anteponitnr.</strong></span> <span class='ocrx_word' id='word_1_260' title='bbox 1465 2272 1608 2326; x_wconf 74' lang='lat' dir='ltr'><strong>Dixit</strong></span> <span class='ocrx_word' id='word_1_261' title='bbox 1653 2272 1791 2324; x_wconf 87' lang='lat' dir='ltr'><strong>Deus</strong></span> <span class='ocrx_word' id='word_1_262' title='bbox 1829 2270 1896 2323; x_wconf 91' lang='lat' dir='ltr'><strong>ad</strong></span> <span class='ocrx_word' id='word_1_263' title='bbox 1936 2268 2085 2336; x_wconf 89' lang='lat' dir='ltr'><strong>Cain,</strong></span> 
     </span>
    </p>
   </div>
   <div class='ocr_carea' id='block_1_38' title="bbox 485 2361 2090 2441">
    <p class='ocr_par' dir='ltr' id='par_1_38' title="bbox 485 2361 2090 2441">
     <span class='ocr_line' id='line_1_38' title="bbox 485 2361 2090 2441; baseline -0.008 -13"><span class='ocrx_word' id='word_1_264' title='bbox 485 2374 532 2428; x_wconf 88' lang='lat' dir='ltr'><strong>si</strong></span> <span class='ocrx_word' id='word_1_265' title='bbox 563 2383 695 2428; x_wconf 88' lang='lat' dir='ltr'><strong>recte</strong></span> <span class='ocrx_word' id='word_1_266' title='bbox 722 2372 930 2441; x_wconf 73' lang='lat' dir='ltr'><strong>offeras,</strong></span> <span class='ocrx_word' id='word_1_267' title='bbox 957 2382 1093 2428; x_wconf 87' lang='lat' dir='ltr'><strong>recte</strong></span> <span class='ocrx_word' id='word_1_268' title='bbox 1120 2380 1292 2425; x_wconf 84' lang='lat' dir='ltr'><strong>autent</strong></span> <span class='ocrx_word' id='word_1_269' title='bbox 1319 2385 1418 2423; x_wconf 87' lang='lat' dir='ltr'><strong>non</strong></span> <span class='ocrx_word' id='word_1_270' title='bbox 1448 2367 1670 2430; x_wconf 87' lang='lat' dir='ltr'><strong>dividas,</strong></span> <span class='ocrx_word' id='word_1_271' title='bbox 1702 2364 1940 2434; x_wconf 83' lang='lat' dir='ltr'><strong>peccasti.</strong></span> <span class='ocrx_word' id='word_1_272' title='bbox 1975 2361 2090 2417; x_wconf 88' lang='lat' dir='ltr'><strong>Uti-</strong></span> 
     </span>
    </p>
   </div>
   <div class='ocr_carea' id='block_1_39' title="bbox 488 2456 2090 2536">
    <p class='ocr_par' dir='ltr' id='par_1_39' title="bbox 488 2456 2090 2536">
     <span class='ocr_line' id='line_1_39' title="bbox 488 2456 2090 2536; baseline -0.006 -18"><span class='ocrx_word' id='word_1_273' title='bbox 488 2479 595 2535; x_wconf 88' lang='lat' dir='ltr'><strong>que</strong></span> <span class='ocrx_word' id='word_1_274' title='bbox 631 2465 754 2536; x_wconf 87' lang='lat' dir='ltr'><strong>quia</strong></span> <span class='ocrx_word' id='word_1_275' title='bbox 784 2463 884 2519; x_wconf 87' lang='lat' dir='ltr'><strong>etsi</strong></span> <span class='ocrx_word' id='word_1_276' title='bbox 913 2463 1083 2518; x_wconf 76' lang='lat' dir='ltr'><strong>Judtei</strong></span> <span class='ocrx_word' id='word_1_277' title='bbox 1129 2471 1281 2516; x_wconf 84' lang='lat' dir='ltr'><strong>antea</strong></span> <span class='ocrx_word' id='word_1_278' title='bbox 1325 2469 1470 2516; x_wconf 90' lang='lat' dir='ltr'><strong>recte</strong></span> <span class='ocrx_word' id='word_1_279' title='bbox 1503 2458 1591 2512; x_wconf 91' lang='lat' dir='ltr'><strong>illa</strong></span> <span class='ocrx_word' id='word_1_280' title='bbox 1625 2457 1888 2520; x_wconf 86' lang='lat' dir='ltr'><strong>fecerunt,</strong></span> <span class='ocrx_word' id='word_1_281' title='bbox 1923 2456 1974 2509; x_wconf 91' lang='lat' dir='ltr'><strong>iu</strong></span> <span class='ocrx_word' id='word_1_282' title='bbox 2025 2469 2090 2510; x_wconf 89' lang='lat' dir='ltr'><strong>eo</strong></span> 
     </span>
    </p>
   </div>
   <div class='ocr_carea' id='block_1_40' title="bbox 492 2551 2088 2623">
    <p class='ocr_par' dir='ltr' id='par_1_40' title="bbox 492 2551 2088 2623">
     <span class='ocr_line' id='line_1_40' title="bbox 492 2551 2088 2623; baseline -0.003 -12"><span class='ocrx_word' id='word_1_283' title='bbox 492 2566 672 2612; x_wconf 86' lang='lat' dir='ltr'><strong>tamen</strong></span> <span class='ocrx_word' id='word_1_284' title='bbox 715 2557 1045 2612; x_wconf 88' lang='lat' dir='ltr'><strong>inﬁdelitatis</strong></span> <span class='ocrx_word' id='word_1_285' title='bbox 1095 2557 1170 2611; x_wconf 86' lang='lat' dir='ltr'><strong>rei</strong></span> <span class='ocrx_word' id='word_1_286' title='bbox 1220 2564 1364 2622; x_wconf 87' lang='lat' dir='ltr'><strong>sunt,</strong></span> <span class='ocrx_word' id='word_1_287' title='bbox 1391 2555 1536 2623; x_wconf 91' lang='lat' dir='ltr'><strong>quia,</strong></span> <span class='ocrx_word' id='word_1_288' title='bbox 1569 2551 1784 2608; x_wconf 89' lang='lat' dir='ltr'><strong>Christo</strong></span> <span class='ocrx_word' id='word_1_289' title='bbox 1814 2551 2088 2618; x_wconf 89' lang='lat' dir='ltr'><strong>veniente,</strong></span> 
     </span>
    </p>
   </div>
   <div class='ocr_carea' id='block_1_41' title="bbox 494 2644 2088 2719">
    <p class='ocr_par' dir='ltr' id='par_1_41' title="bbox 494 2644 2088 2719">
     <span class='ocr_line' id='line_1_41' title="bbox 494 2644 2088 2719; baseline -0.003 -16"><span class='ocrx_word' id='word_1_290' title='bbox 494 2648 607 2719; x_wconf 84' lang='lat' dir='ltr'><strong>jam</strong></span> <span class='ocrx_word' id='word_1_291' title='bbox 639 2659 849 2718; x_wconf 76' lang='lat' dir='ltr'><strong>tempus</strong></span> <span class='ocrx_word' id='word_1_292' title='bbox 876 2648 1008 2706; x_wconf 81' lang='lat' dir='ltr'><strong>Novi</strong></span> <span class='ocrx_word' id='word_1_293' title='bbox 1037 2649 1366 2704; x_wconf 86' lang='lat' dir='ltr'><strong>Testamenti</strong></span> <span class='ocrx_word' id='word_1_294' title='bbox 1395 2662 1424 2700; x_wconf 91' lang='lat' dir='ltr'><strong>a</strong></span> <span class='ocrx_word' id='word_1_295' title='bbox 1454 2656 1695 2716; x_wconf 88' lang='lat' dir='ltr'><strong>tempore</strong></span> <span class='ocrx_word' id='word_1_296' title='bbox 1720 2645 1927 2699; x_wconf 85' lang='lat' dir='ltr'><strong>Veteris</strong></span> <span class='ocrx_word' id='word_1_297' title='bbox 1952 2644 2088 2699; x_wconf 82' lang='lat' dir='ltr'><strong>Tes-</strong></span> 
     </span>
    </p>
   </div>
   <div class='ocr_carea' id='block_1_42' title="bbox 491 2740 1277 2797">
    <p class='ocr_par' dir='ltr' id='par_1_42' title="bbox 491 2740 1277 2797">
     <span class='ocr_line' id='line_1_42' title="bbox 491 2740 1277 2797; baseline 0.001 -4"><span class='ocrx_word' id='word_1_298' title='bbox 491 2740 721 2795; x_wconf 78' lang='lat' dir='ltr'><strong>tamenti</strong></span> <span class='ocrx_word' id='word_1_299' title='bbox 751 2756 858 2797; x_wconf 90' lang='lat' dir='ltr'><strong>non</strong></span> <span class='ocrx_word' id='word_1_300' title='bbox 890 2741 1277 2797; x_wconf 89' lang='lat' dir='ltr'><strong>distinxerunt.</strong></span> 
     </span>
    </p>
   </div>
   <div class='ocr_carea' id='block_1_43' title="bbox 561 2831 2087 2906">
    <p class='ocr_par' dir='ltr' id='par_1_43' title="bbox 561 2831 2087 2906">
     <span class='ocr_line' id='line_1_43' title="bbox 561 2831 2087 2906; baseline 0.001 -20"><span class='ocrx_word' id='word_1_301' title='bbox 561 2831 615 2887; x_wconf 79' lang='lat'><strong>3.</strong></span> <span class='ocrx_word' id='word_1_302' title='bbox 630 2833 780 2902; x_wconf 88' lang='lat' dir='ltr'><strong>Quod</strong></span> <span class='ocrx_word' id='word_1_303' title='bbox 807 2837 851 2891; x_wconf 90' lang='lat' dir='ltr'><strong>si</strong></span> <span class='ocrx_word' id='word_1_304' title='bbox 874 2836 1298 2906; x_wconf 84' lang='lat' dir='ltr'><strong>obtemperasset</strong></span> <span class='ocrx_word' id='word_1_305' title='bbox 1315 2837 1424 2891; x_wconf 92' lang='lat' dir='ltr'><strong>Deo</strong></span> <span class='ocrx_word' id='word_1_306' title='bbox 1443 2835 1575 2892; x_wconf 87' lang='lat' dir='ltr'><strong>Cain</strong></span> <span class='ocrx_word' id='word_1_307' title='bbox 1600 2835 1829 2890; x_wconf 90' lang='lat' dir='ltr'><strong>dicenti:</strong></span> <span class='ocrx_word' id='word_1_308' title='bbox 1854 2836 2087 2901; x_wconf 76' lang='lat' dir='ltr'><strong>Quiesce,</strong></span> 
     </span>
    </p>
   </div>
   <div class='ocr_carea' id='block_1_44' title="bbox 489 2927 2091 2996">
    <p class='ocr_par' dir='ltr' id='par_1_44' title="bbox 489 2927 2091 2996">
     <span class='ocr_line' id='line_1_44' title="bbox 489 2927 2091 2996; baseline 0.001 -15"><span class='ocrx_word' id='word_1_309' title='bbox 489 2927 580 2982; x_wconf 80' lang='lat' dir='ltr'><strong>sub</strong></span> <span class='ocrx_word' id='word_1_310' title='bbox 606 2936 654 2982; x_wconf 87' lang='lat' dir='ltr'><strong>te</strong></span> <span class='ocrx_word' id='word_1_311' title='bbox 675 2929 773 2983; x_wconf 87' lang='lat' dir='ltr'><strong>erit</strong></span> <span class='ocrx_word' id='word_1_312' title='bbox 794 2931 1052 2996; x_wconf 78' lang='lat' dir='ltr'><strong>appetitus</strong></span> <span class='ocrx_word' id='word_1_313' title='bbox 1093 2939 1231 2993; x_wconf 90' lang='lat' dir='ltr'><strong>tuus,</strong></span> <span class='ocrx_word' id='word_1_314' title='bbox 1262 2940 1311 2983; x_wconf 87' lang='lat' dir='ltr'><strong>et</strong></span> <span class='ocrx_word' id='word_1_315' title='bbox 1354 2940 1410 2982; x_wconf 87' lang='lat' dir='ltr'><strong>tu</strong></span> <span class='ocrx_word' id='word_1_316' title='bbox 1444 2930 1787 2984; x_wconf 87' lang='lat' dir='ltr'><strong>dominaberis</strong></span> <span class='ocrx_word' id='word_1_317' title='bbox 1831 2928 1994 2993; x_wconf 84' lang='lat' dir='ltr'><strong>illius,</strong></span> <span class='ocrx_word' id='word_1_318' title='bbox 2026 2928 2091 2982; x_wconf 90' lang='lat' dir='ltr'><strong>ad</strong></span> 
     </span>
    </p>
   </div>
   <div class='ocr_carea' id='block_1_45' title="bbox 489 3021 2094 3090">
    <p class='ocr_par' dir='ltr' id='par_1_45' title="bbox 489 3021 2094 3090">
     <span class='ocr_line' id='line_1_45' title="bbox 489 3021 2094 3090; baseline 0 -16"><span class='ocrx_word' id='word_1_319' title='bbox 489 3032 551 3074; x_wconf 88' lang='lat' dir='ltr'><strong>se</strong></span> <span class='ocrx_word' id='word_1_320' title='bbox 575 3021 931 3076; x_wconf 79' lang='lat' dir='ltr'><strong>convertisset</strong></span> <span class='ocrx_word' id='word_1_321' title='bbox 955 3031 1233 3090; x_wconf 90' lang='lat' dir='ltr'><strong>peccatum</strong></span> <span class='ocrx_word' id='word_1_322' title='bbox 1279 3037 1459 3088; x_wconf 89' lang='lat' dir='ltr'><strong>suum,</strong></span> <span class='ocrx_word' id='word_1_323' title='bbox 1489 3022 1589 3075; x_wconf 89' lang='lat' dir='ltr'><strong>sibi</strong></span> <span class='ocrx_word' id='word_1_324' title='bbox 1619 3025 1720 3076; x_wconf 93' lang='lat' dir='ltr'><strong>hoc</strong></span> <span class='ocrx_word' id='word_1_325' title='bbox 1749 3021 2014 3084; x_wconf 88' lang='lat' dir='ltr'><strong>tribuens,</strong></span> <span class='ocrx_word' id='word_1_326' title='bbox 2040 3029 2094 3074; x_wconf 87' lang='lat' dir='ltr'><strong>et</strong></span> 
     </span>
    </p>
   </div>
   <div class='ocr_carea' id='block_1_46' title="bbox 492 3112 2093 3184">
    <p class='ocr_par' dir='ltr' id='par_1_46' title="bbox 492 3112 2093 3184">
     <span class='ocr_line' id='line_1_46' title="bbox 492 3112 2093 3184; baseline -0.001 -18"><span class='ocrx_word' id='word_1_327' title='bbox 492 3113 758 3168; x_wconf 87' lang='lat' dir='ltr'><strong>conﬁtens</strong></span> <span class='ocrx_word' id='word_1_328' title='bbox 783 3113 925 3178; x_wconf 90' lang='lat' dir='ltr'><strong>Deo;</strong></span> <span class='ocrx_word' id='word_1_329' title='bbox 951 3128 1013 3168; x_wconf 91' lang='lat' dir='ltr'><strong>ac</strong></span> <span class='ocrx_word' id='word_1_330' title='bbox 1039 3115 1117 3167; x_wconf 87' lang='lat' dir='ltr'><strong>sic</strong></span> <span class='ocrx_word' id='word_1_331' title='bbox 1145 3113 1360 3183; x_wconf 89' lang='lat' dir='ltr'><strong>adjutus</strong></span> <span class='ocrx_word' id='word_1_332' title='bbox 1407 3113 1755 3184; x_wconf 84' lang='lat' dir='ltr'><strong>indulgentiae</strong></span> <span class='ocrx_word' id='word_1_333' title='bbox 1783 3112 1951 3182; x_wconf 89' lang='lat' dir='ltr'><strong>gratia</strong></span> <span class='ocrx_word' id='word_1_334' title='bbox 1981 3113 2093 3180; x_wconf 89' lang='lat' dir='ltr'><strong>ipse</strong></span> 
     </span>
    </p>
   </div>
   <div class='ocr_carea' id='block_1_47' title="bbox 496 3204 2094 3272">
    <p class='ocr_par' dir='ltr' id='par_1_47' title="bbox 496 3204 2094 3272">
     <span class='ocr_line' id='line_1_47' title="bbox 496 3204 2094 3272; baseline -0.002 -13"><span class='ocrx_word' id='word_1_335' title='bbox 496 3212 715 3272; x_wconf 87' lang='lat' dir='ltr'><strong>peccato</strong></span> <span class='ocrx_word' id='word_1_336' title='bbox 742 3218 840 3260; x_wconf 87' lang='lat' dir='ltr'><strong>suo</strong></span> <span class='ocrx_word' id='word_1_337' title='bbox 863 3206 1252 3270; x_wconf 89' lang='lat' dir='ltr'><strong>dominaretur,</strong></span> <span class='ocrx_word' id='word_1_338' title='bbox 1281 3220 1386 3259; x_wconf 91' lang='lat' dir='ltr'><strong>non</strong></span> <span class='ocrx_word' id='word_1_339' title='bbox 1412 3205 1501 3260; x_wconf 91' lang='lat' dir='ltr'><strong>illo</strong></span> <span class='ocrx_word' id='word_1_340' title='bbox 1523 3205 1621 3260; x_wconf 89' lang='lat' dir='ltr'><strong>sibi</strong></span> <span class='ocrx_word' id='word_1_341' title='bbox 1646 3204 1957 3258; x_wconf 90' lang='lat' dir='ltr'><strong>dominante</strong></span> <span class='ocrx_word' id='word_1_342' title='bbox 1980 3218 2094 3257; x_wconf 90' lang='lat' dir='ltr'><strong>ser-</strong></span> 
     </span>
    </p>
   </div>
   <div class='ocr_carea' id='block_1_48' title="bbox 2193 1996 3800 2070">
    <p class='ocr_par' dir='ltr' id='par_1_48' title="bbox 2193 1996 3800 2070">
     <span class='ocr_line' id='line_1_48' title="bbox 2193 1996 3800 2070; baseline -0.007 -13"><span class='ocrx_word' id='word_1_343' title='bbox 2193 2013 2247 2057; x_wconf 89' lang='lat' dir='ltr'><strong>et</strong></span> <span class='ocrx_word' id='word_1_344' title='bbox 2268 2001 2423 2056; x_wconf 89' lang='lat' dir='ltr'><strong>dicit:</strong></span> <span class='ocrx_word' id='word_1_345' title='bbox 2454 2001 2551 2056; x_wconf 88' lang='lat' dir='ltr'><strong>Ubi</strong></span> <span class='ocrx_word' id='word_1_346' title='bbox 2572 2003 2635 2054; x_wconf 91' lang='lat' dir='ltr'><strong>sit</strong></span> <span class='ocrx_word' id='word_1_347' title='bbox 2663 2001 2822 2069; x_wconf 90' lang='lat' dir='ltr'><strong>frater</strong></span> <span class='ocrx_word' id='word_1_348' title='bbox 2859 2001 3014 2070; x_wconf 87' lang='lat' dir='ltr'><strong>ejus?</strong></span> <span class='ocrx_word' id='word_1_349' title='bbox 3044 1999 3132 2052; x_wconf 90' lang='lat' dir='ltr'><strong>illc</strong></span> <span class='ocrx_word' id='word_1_350' title='bbox 3161 1998 3442 2067; x_wconf 88' lang='lat' dir='ltr'><strong>respondit</strong></span> <span class='ocrx_word' id='word_1_351' title='bbox 3472 1996 3681 2050; x_wconf 87' lang='lat' dir='ltr'><strong>nescire</strong></span> <span class='ocrx_word' id='word_1_352' title='bbox 3721 2011 3800 2062; x_wconf 75' lang='lat' dir='ltr'><strong>se,</strong></span> 
     </span>
    </p>
   </div>
   <div class='ocr_carea' id='block_1_49' title="bbox 2193 2087 3804 2163">
    <p class='ocr_par' dir='ltr' id='par_1_49' title="bbox 2193 2087 3804 2163">
     <span class='ocr_line' id='line_1_49' title="bbox 2193 2087 3804 2163; baseline -0.006 -13"><span class='ocrx_word' id='word_1_353' title='bbox 2193 2109 2292 2150; x_wconf 89' lang='lat' dir='ltr'><strong>nec</strong></span> <span class='ocrx_word' id='word_1_354' title='bbox 2333 2095 2447 2163; x_wconf 88' lang='lat' dir='ltr'><strong>ejus</strong></span> <span class='ocrx_word' id='word_1_355' title='bbox 2482 2108 2541 2148; x_wconf 90' lang='lat' dir='ltr'><strong>se</strong></span> <span class='ocrx_word' id='word_1_356' title='bbox 2583 2108 2705 2148; x_wconf 90' lang='lat' dir='ltr'><strong>esse</strong></span> <span class='ocrx_word' id='word_1_357' title='bbox 2738 2090 3037 2147; x_wconf 88' lang='lat' dir='ltr'><strong>custodem.</strong></span> <span class='ocrx_word' id='word_1_358' title='bbox 3074 2090 3253 2161; x_wconf 90' lang='lat' dir='ltr'><strong>Usque</strong></span> <span class='ocrx_word' id='word_1_359' title='bbox 3297 2105 3435 2143; x_wconf 90' lang='lat' dir='ltr'><strong>nunc</strong></span> <span class='ocrx_word' id='word_1_360' title='bbox 3481 2089 3607 2158; x_wconf 88' lang='lat' dir='ltr'><strong>quid</strong></span> <span class='ocrx_word' id='word_1_361' title='bbox 3648 2087 3804 2142; x_wconf 89' lang='lat' dir='ltr'><strong>nobis</strong></span> 
     </span>
    </p>
   </div>
   <div class='ocr_carea' id='block_1_50' title="bbox 2197 2185 3802 2257">
    <p class='ocr_par' dir='ltr' id='par_1_50' title="bbox 2197 2185 3802 2257">
     <span class='ocr_line' id='line_1_50' title="bbox 2197 2185 3802 2257; baseline -0.005 -13"><span class='ocrx_word' id='word_1_362' title='bbox 2197 2187 2523 2257; x_wconf 88' lang='lat' dir='ltr'><strong>respondent</strong></span> <span class='ocrx_word' id='word_1_363' title='bbox 2546 2187 2742 2251; x_wconf 59' lang='lat' dir='ltr'><strong>Judaei,</strong></span> <span class='ocrx_word' id='word_1_364' title='bbox 2778 2201 2898 2240; x_wconf 90' lang='lat' dir='ltr'><strong>cum</strong></span> <span class='ocrx_word' id='word_1_365' title='bbox 2942 2200 3037 2240; x_wconf 86' lang='lat' dir='ltr'><strong>eos</strong></span> <span class='ocrx_word' id='word_1_366' title='bbox 3064 2195 3369 2240; x_wconf 88' lang='lat' dir='ltr'><strong>sanctarum</strong></span> <span class='ocrx_word' id='word_1_367' title='bbox 3402 2185 3802 2252; x_wconf 89' lang='lat' dir='ltr'><strong>Scripturarum</strong></span> 
     </span>
    </p>
   </div>
   <div class='ocr_carea' id='block_1_51' title="bbox 2192 2275 3803 2351">
    <p class='ocr_par' dir='ltr' id='par_1_51' title="bbox 2192 2275 3803 2351">
     <span class='ocr_line' id='line_1_51' title="bbox 2192 2275 3803 2351; baseline -0.004 -15"><span class='ocrx_word' id='word_1_368' title='bbox 2192 2295 2323 2336; x_wconf 90' lang='lat' dir='ltr'><strong>voce</strong></span> <span class='ocrx_word' id='word_1_369' title='bbox 2355 2281 2744 2351; x_wconf 86' lang='lat' dir='ltr'><strong>interrogamus</strong></span> <span class='ocrx_word' id='word_1_370' title='bbox 2789 2279 2856 2333; x_wconf 88' lang='lat' dir='ltr'><strong>de</strong></span> <span class='ocrx_word' id='word_1_371' title='bbox 2883 2278 3147 2334; x_wconf 81' lang='lat' dir='ltr'><strong>Christo?</strong></span> <span class='ocrx_word' id='word_1_372' title='bbox 3202 2278 3276 2332; x_wconf 92' lang='lat' dir='ltr'><strong>Illi</strong></span> <span class='ocrx_word' id='word_1_373' title='bbox 3307 2277 3518 2332; x_wconf 85' lang='lat' dir='ltr'><strong>nescire</strong></span> <span class='ocrx_word' id='word_1_374' title='bbox 3551 2291 3609 2332; x_wconf 90' lang='lat' dir='ltr'><strong>se</strong></span> <span class='ocrx_word' id='word_1_375' title='bbox 3648 2275 3803 2330; x_wconf 89' lang='lat' dir='ltr'><strong>Chri-</strong></span> 
     </span>
    </p>
   </div>
   <div class='ocr_carea' id='block_1_52' title="bbox 2194 2369 3806 2442">
    <p class='ocr_par' dir='ltr' id='par_1_52' title="bbox 2194 2369 3806 2442">
     <span class='ocr_line' id='line_1_52' title="bbox 2194 2369 3806 2442; baseline -0.003 -14"><span class='ocrx_word' id='word_1_376' title='bbox 2194 2382 2332 2429; x_wconf 87' lang='lat' dir='ltr'><strong>stum</strong></span> <span class='ocrx_word' id='word_1_377' title='bbox 2365 2373 2708 2442; x_wconf 89' lang='lat' dir='ltr'><strong>respondent.</strong></span> <span class='ocrx_word' id='word_1_378' title='bbox 2739 2371 2923 2425; x_wconf 82' lang='lat' dir='ltr'><strong>Fallax</strong></span> <span class='ocrx_word' id='word_1_379' title='bbox 2951 2371 3092 2427; x_wconf 86' lang='lat' dir='ltr'><strong>enim</strong></span> <span class='ocrx_word' id='word_1_380' title='bbox 3115 2369 3245 2424; x_wconf 85' lang='lat' dir='ltr'><strong>Cain</strong></span> <span class='ocrx_word' id='word_1_381' title='bbox 3276 2370 3558 2441; x_wconf 89' lang='lat' dir='ltr'><strong>ignoratio,</strong></span> <span class='ocrx_word' id='word_1_382' title='bbox 3579 2369 3806 2426; x_wconf 76' lang='lat' dir='ltr'><strong>Judaeu-</strong></span> 
     </span>
    </p>
   </div>
   <div class='ocr_carea' id='block_1_53' title="bbox 2194 2462 2843 2530">
    <p class='ocr_par' dir='ltr' id='par_1_53' title="bbox 2194 2462 2843 2530">
     <span class='ocr_line' id='line_1_53' title="bbox 2194 2462 2843 2530; baseline -0.006 -12"><span class='ocrx_word' id='word_1_383' title='bbox 2194 2479 2313 2518; x_wconf 92' lang='lat' dir='ltr'><strong>rum</strong></span> <span class='ocrx_word' id='word_1_384' title='bbox 2347 2471 2429 2517; x_wconf 90' lang='lat' dir='ltr'><strong>est</strong></span> <span class='ocrx_word' id='word_1_385' title='bbox 2459 2462 2592 2518; x_wconf 88' lang='lat' dir='ltr'><strong>falsa</strong></span> <span class='ocrx_word' id='word_1_386' title='bbox 2615 2462 2843 2530; x_wconf 91' lang='lat' dir='ltr'><strong>negatio.</strong></span> 
     </span>
    </p>
   </div>
   <div class='ocr_carea' id='block_1_54' title="bbox 2266 2547 3805 2624">
    <p class='ocr_par' dir='ltr' id='par_1_54' title="bbox 2266 2547 3805 2624">
     <span class='ocr_line' id='line_1_54' title="bbox 2266 2547 3805 2624; baseline 0 -16"><span class='ocrx_word' id='word_1_387' title='bbox 2266 2557 2316 2609; x_wconf 91' lang='lat'><strong>7.</strong></span> <span class='ocrx_word' id='word_1_388' title='bbox 2355 2556 2551 2610; x_wconf 86' lang='lat' dir='ltr'><strong>Essent</strong></span> <span class='ocrx_word' id='word_1_389' title='bbox 2581 2564 2759 2609; x_wconf 90' lang='lat' dir='ltr'><strong>autem</strong></span> <span class='ocrx_word' id='word_1_390' title='bbox 2789 2554 3017 2624; x_wconf 91' lang='lat' dir='ltr'><strong>quodam</strong></span> <span class='ocrx_word' id='word_1_391' title='bbox 3048 2553 3210 2608; x_wconf 90' lang='lat' dir='ltr'><strong>modo</strong></span> <span class='ocrx_word' id='word_1_392' title='bbox 3231 2552 3432 2608; x_wconf 90' lang='lat' dir='ltr'><strong>Christi</strong></span> <span class='ocrx_word' id='word_1_393' title='bbox 3465 2547 3805 2622; x_wconf 78' lang='lat' dir='ltr'><strong>custodes,si</strong></span> 
     </span>
    </p>
   </div>
   <div class='ocr_carea' id='block_1_55' title="bbox 2194 2646 3803 2715">
    <p class='ocr_par' dir='ltr' id='par_1_55' title="bbox 2194 2646 3803 2715">
     <span class='ocr_line' id='line_1_55' title="bbox 2194 2646 3803 2715; baseline -0.002 -10"><span class='ocrx_word' id='word_1_394' title='bbox 2194 2648 2548 2705; x_wconf 84' lang='lat' dir='ltr'><strong>Christianam</strong></span> <span class='ocrx_word' id='word_1_395' title='bbox 2583 2648 2740 2702; x_wconf 90' lang='lat' dir='ltr'><strong>ﬁdem</strong></span> <span class='ocrx_word' id='word_1_396' title='bbox 2780 2648 3023 2715; x_wconf 90' lang='lat' dir='ltr'><strong>accipere</strong></span> <span class='ocrx_word' id='word_1_397' title='bbox 3065 2662 3124 2701; x_wconf 90' lang='lat' dir='ltr'><strong>ac</strong></span> <span class='ocrx_word' id='word_1_398' title='bbox 3165 2646 3434 2700; x_wconf 88' lang='lat' dir='ltr'><strong>custodire</strong></span> <span class='ocrx_word' id='word_1_399' title='bbox 3485 2646 3803 2702; x_wconf 88' lang='lat' dir='ltr'><strong>voluissent.</strong></span> 
     </span>
    </p>
   </div>
   <div class='ocr_carea' id='block_1_56' title="bbox 2195 2739 3805 2812">
    <p class='ocr_par' dir='ltr' id='par_1_56' title="bbox 2195 2739 3805 2812">
     <span class='ocr_line' id='line_1_56' title="bbox 2195 2739 3805 2812; baseline -0.001 -16"><span class='ocrx_word' id='word_1_400' title='bbox 2195 2741 2343 2796; x_wconf 72' lang='lat' dir='ltr'><strong>Dixit</strong></span> <span class='ocrx_word' id='word_1_401' title='bbox 2375 2742 2509 2794; x_wconf 90' lang='lat' dir='ltr'><strong>Deus</strong></span> <span class='ocrx_word' id='word_1_402' title='bbox 2538 2742 2605 2794; x_wconf 91' lang='lat' dir='ltr'><strong>ad</strong></span> <span class='ocrx_word' id='word_1_403' title='bbox 2629 2739 2755 2794; x_wconf 87' lang='lat' dir='ltr'><strong>Cain</strong></span> <span class='ocrx_word' id='word_1_404' title='bbox 2783 2757 2800 2795; x_wconf 92' lang='lat'><em>:</em></span> <span class='ocrx_word' id='word_1_405' title='bbox 2823 2740 2960 2805; x_wconf 82' lang='lat' dir='ltr'><strong>Quid</strong></span> <span class='ocrx_word' id='word_1_406' title='bbox 2984 2740 3186 2811; x_wconf 84' lang='lat' dir='ltr'><strong>fecisti?</strong></span> <span class='ocrx_word' id='word_1_407' title='bbox 3210 2757 3308 2794; x_wconf 77' lang='lat' dir='ltr'><strong>vox</strong></span> <span class='ocrx_word' id='word_1_408' title='bbox 3331 2740 3601 2812; x_wconf 78' lang='lat' dir='ltr'><strong>sanguinis</strong></span> <span class='ocrx_word' id='word_1_409' title='bbox 3630 2740 3805 2810; x_wconf 78' lang='lat' dir='ltr'><strong>fratris</strong></span> 
     </span>
    </p>
   </div>
   <div class='ocr_carea' id='block_1_57' title="bbox 2195 2831 3804 2904">
    <p class='ocr_par' dir='ltr' id='par_1_57' title="bbox 2195 2831 3804 2904">
     <span class='ocr_line' id='line_1_57' title="bbox 2195 2831 3804 2904; baseline 0.002 -19"><span class='ocrx_word' id='word_1_410' title='bbox 2195 2833 2268 2886; x_wconf 90' lang='lat' dir='ltr'><strong>tui</strong></span> <span class='ocrx_word' id='word_1_411' title='bbox 2298 2834 2484 2886; x_wconf 89' lang='lat' dir='ltr'><strong>clamat</strong></span> <span class='ocrx_word' id='word_1_412' title='bbox 2534 2834 2602 2884; x_wconf 88' lang='lat' dir='ltr'><strong>ad</strong></span> <span class='ocrx_word' id='word_1_413' title='bbox 2647 2849 2726 2885; x_wconf 87' lang='lat' dir='ltr'><strong>me</strong></span> <span class='ocrx_word' id='word_1_414' title='bbox 2769 2833 2831 2884; x_wconf 86' lang='lat' dir='ltr'><strong>de</strong></span> <span class='ocrx_word' id='word_1_415' title='bbox 2869 2842 3022 2885; x_wconf 85' lang='lat' dir='ltr'><strong>terra.</strong></span> <span class='ocrx_word' id='word_1_416' title='bbox 3057 2831 3149 2887; x_wconf 90' lang='lat' dir='ltr'><strong>Sic</strong></span> <span class='ocrx_word' id='word_1_417' title='bbox 3185 2833 3362 2901; x_wconf 90' lang='lat' dir='ltr'><strong>arguit</strong></span> <span class='ocrx_word' id='word_1_418' title='bbox 3410 2833 3462 2886; x_wconf 91' lang='lat' dir='ltr'><strong>in</strong></span> <span class='ocrx_word' id='word_1_419' title='bbox 3513 2831 3804 2904; x_wconf 85' lang='lat' dir='ltr'><strong>Scripturis</strong></span> 
     </span>
    </p>
   </div>
   <div class='ocr_carea' id='block_1_58' title="bbox 2195 2926 3807 2996">
    <p class='ocr_par' dir='ltr' id='par_1_58' title="bbox 2195 2926 3807 2996">
     <span class='ocr_line' id='line_1_58' title="bbox 2195 2926 3807 2996; baseline 0.001 -14"><span class='ocrx_word' id='word_1_420' title='bbox 2195 2929 2398 2984; x_wconf 89' lang='lat' dir='ltr'><strong>sanctis</strong></span> <span class='ocrx_word' id='word_1_421' title='bbox 2431 2943 2533 2983; x_wconf 88' lang='lat' dir='ltr'><strong>vox</strong></span> <span class='ocrx_word' id='word_1_422' title='bbox 2565 2928 2747 2981; x_wconf 88' lang='lat' dir='ltr'><strong>divina</strong></span> <span class='ocrx_word' id='word_1_423' title='bbox 2775 2926 3010 2982; x_wconf 77' lang='lat' dir='ltr'><strong>Judzeos.</strong></span> <span class='ocrx_word' id='word_1_424' title='bbox 3048 2927 3219 2981; x_wconf 81' lang='lat' dir='ltr'><strong>Habet</strong></span> <span class='ocrx_word' id='word_1_425' title='bbox 3264 2927 3404 2981; x_wconf 91' lang='lat' dir='ltr'><strong>cnim</strong></span> <span class='ocrx_word' id='word_1_426' title='bbox 3435 2942 3682 2996; x_wconf 89' lang='lat' dir='ltr'><strong>magnam</strong></span> <span class='ocrx_word' id='word_1_427' title='bbox 3713 2942 3807 2983; x_wconf 82' lang='lat' dir='ltr'><strong>vo-</strong></span> 
     </span>
    </p>
   </div>
   <div class='ocr_carea' id='block_1_59' title="bbox 2193 3020 3806 3092">
    <p class='ocr_par' dir='ltr' id='par_1_59' title="bbox 2193 3020 3806 3092">
     <span class='ocr_line' id='line_1_59' title="bbox 2193 3020 3806 3092; baseline -0.001 -16"><span class='ocrx_word' id='word_1_428' title='bbox 2193 3037 2312 3076; x_wconf 91' lang='lat' dir='ltr'><strong>cem</strong></span> <span class='ocrx_word' id='word_1_429' title='bbox 2343 3020 2540 3076; x_wconf 87' lang='lat' dir='ltr'><strong>Christi</strong></span> <span class='ocrx_word' id='word_1_430' title='bbox 2568 3021 2788 3092; x_wconf 89' lang='lat' dir='ltr'><strong>sanguis</strong></span> <span class='ocrx_word' id='word_1_431' title='bbox 2814 3021 2866 3075; x_wconf 91' lang='lat' dir='ltr'><strong>in</strong></span> <span class='ocrx_word' id='word_1_432' title='bbox 2901 3031 3038 3075; x_wconf 86' lang='lat' dir='ltr'><strong>terra</strong></span> <span class='ocrx_word' id='word_1_433' title='bbox 3069 3038 3082 3085; x_wconf 91' lang='lat'>;</span> <span class='ocrx_word' id='word_1_434' title='bbox 3108 3036 3227 3075; x_wconf 90' lang='lat' dir='ltr'><strong>cum</strong></span> <span class='ocrx_word' id='word_1_435' title='bbox 3270 3022 3435 3086; x_wconf 90' lang='lat' dir='ltr'><strong>enim,</strong></span> <span class='ocrx_word' id='word_1_436' title='bbox 3470 3034 3806 3076; x_wconf 88' lang='lat' dir='ltr'><strong>sacramento</strong></span> 
     </span>
    </p>
   </div>
   <div class='ocr_carea' id='block_1_60' title="bbox 2196 3115 3804 3185">
    <p class='ocr_par' dir='ltr' id='par_1_60' title="bbox 2196 3115 3804 3185">
     <span class='ocr_line' id='line_1_60' title="bbox 2196 3115 3804 3185; baseline 0.002 -17"><span class='ocrx_word' id='word_1_437' title='bbox 2196 3126 2439 3185; x_wconf 90' lang='lat' dir='ltr'><strong>accepto,</strong></span> <span class='ocrx_word' id='word_1_438' title='bbox 2466 3117 2532 3169; x_wconf 92' lang='lat' dir='ltr'><strong>ah</strong></span> <span class='ocrx_word' id='word_1_439' title='bbox 2562 3115 2808 3169; x_wconf 87' lang='lat' dir='ltr'><strong>omnibus</strong></span> <span class='ocrx_word' id='word_1_440' title='bbox 2834 3116 3080 3185; x_wconf 81' lang='lat' dir='ltr'><strong>gentibus</strong></span> <span class='ocrx_word' id='word_1_441' title='bbox 3103 3115 3458 3185; x_wconf 88' lang='lat' dir='ltr'><strong>respondetur</strong></span> <span class='ocrx_word' id='word_1_442' title='bbox 3482 3117 3666 3182; x_wconf 84' lang='lat' dir='ltr'><strong>Amen,</strong></span> <span class='ocrx_word' id='word_1_443' title='bbox 3693 3116 3804 3172; x_wconf 77' lang='lat' dir='ltr'><strong>luec</strong></span> 
     </span>
    </p>
   </div>
   <div class='ocr_carea' id='block_1_61' title="bbox 2198 3208 3808 3279">
    <p class='ocr_par' dir='ltr' id='par_1_61' title="bbox 2198 3208 3808 3279">
     <span class='ocr_line' id='line_1_61' title="bbox 2198 3208 3808 3279; baseline 0.001 -16"><span class='ocrx_word' id='word_1_444' title='bbox 2198 3219 2278 3264; x_wconf 91' lang='lat' dir='ltr'><strong>est</strong></span> <span class='ocrx_word' id='word_1_445' title='bbox 2301 3225 2402 3262; x_wconf 79' lang='lat' dir='ltr'><strong>vox</strong></span> <span class='ocrx_word' id='word_1_446' title='bbox 2434 3209 2596 3273; x_wconf 90' lang='lat' dir='ltr'><strong>clara,</strong></span> <span class='ocrx_word' id='word_1_447' title='bbox 2642 3224 2744 3263; x_wconf 90' lang='lat' dir='ltr'><strong>vox</strong></span> <span class='ocrx_word' id='word_1_448' title='bbox 2798 3208 3090 3279; x_wconf 82' lang='lat' dir='ltr'><strong>sanguinis,</strong></span> <span class='ocrx_word' id='word_1_449' title='bbox 3136 3224 3296 3278; x_wconf 89' lang='lat' dir='ltr'><strong>quam</strong></span> <span class='ocrx_word' id='word_1_450' title='bbox 3348 3210 3566 3279; x_wconf 84' lang='lat' dir='ltr'><strong>sanguis</strong></span> <span class='ocrx_word' id='word_1_451' title='bbox 3594 3211 3694 3265; x_wconf 91' lang='lat' dir='ltr'><strong>iste</strong></span> <span class='ocrx_word' id='word_1_452' title='bbox 3715 3225 3808 3265; x_wconf 77' lang='lat' dir='ltr'><strong>ex-</strong></span> 
     </span>
    </p>
   </div>
   <div class='ocr_carea' id='block_1_62' title="bbox 495 3277 3805 3373">
    <p class='ocr_par' dir='ltr' id='par_1_62' title="bbox 495 3277 3805 3373">
     <span class='ocr_line' id='line_1_62' title="bbox 495 3277 3805 3373; baseline 0.004 -27"><span class='ocrx_word' id='word_1_453' title='bbox 495 3305 593 3348; x_wconf 82' lang='lat' dir='ltr'><strong>vus</strong></span> <span class='ocrx_word' id='word_1_454' title='bbox 617 3302 762 3349; x_wconf 85' lang='lat' dir='ltr'><strong>esset</strong></span> <span class='ocrx_word' id='word_1_455' title='bbox 789 3295 1014 3364; x_wconf 88' lang='lat' dir='ltr'><strong>peccati,</strong></span> <span class='ocrx_word' id='word_1_456' title='bbox 1041 3309 1140 3350; x_wconf 89' lang='lat' dir='ltr'><strong>nec</strong></span> <span class='ocrx_word' id='word_1_457' title='bbox 1171 3294 1386 3349; x_wconf 81' lang='lat' dir='ltr'><strong>fratrem</strong></span> <span class='ocrx_word' id='word_1_458' title='bbox 1415 3294 1701 3350; x_wconf 90' lang='lat' dir='ltr'><strong>occidisset</strong></span> <span class='ocrx_word' id='word_1_459' title='bbox 1725 3295 2087 3358; x_wconf 89' lang='lat' dir='ltr'><strong>innocentem,</strong></span> <span class='ocrx_word' id='word_1_460' title='bbox 2121 3277 2166 3339; x_wconf 67' lang='grc' dir='ltr'><strong>(ἶ</strong></span> <span class='ocrx_word' id='word_1_461' title='bbox 2200 3301 2379 3373; x_wconf 73' lang='lat' dir='ltr'><strong>primit</strong></span> <span class='ocrx_word' id='word_1_462' title='bbox 2399 3316 2467 3356; x_wconf 73' lang='lat' dir='ltr'><strong>ex</strong></span> <span class='ocrx_word' id='word_1_463' title='bbox 2491 3317 2587 3355; x_wconf 80' lang='lat' dir='ltr'><strong>ore</strong></span> <span class='ocrx_word' id='word_1_464' title='bbox 2610 3301 2843 3356; x_wconf 82' lang='lat' dir='ltr'><strong>ﬁdelium</strong></span> <span class='ocrx_word' id='word_1_465' title='bbox 2869 3277 3057 3357; x_wconf 69' lang='lat' dir='ltr'><strong>eodem</strong></span> <span class='ocrx_word' id='word_1_466' title='bbox 3091 3277 3350 3371; x_wconf 86' lang='lat' dir='ltr'><strong>sanguine</strong></span> <span class='ocrx_word' id='word_1_467' title='bbox 3380 3277 3805 3370; x_wconf 85' lang='lat' dir='ltr'><strong>redemptorum.</strong></span> 
     </span>
    </p>
   </div>
   <div class='ocr_carea' id='block_1_63' title="bbox 496 3384 2096 3457">
    <p class='ocr_par' dir='ltr' id='par_1_63' title="bbox 496 3384 2096 3457">
     <span class='ocr_line' id='line_1_63' title="bbox 496 3384 2096 3457; baseline -0.001 -18"><span class='ocrx_word' id='word_1_468' title='bbox 496 3384 573 3440; x_wconf 86' lang='lat' dir='ltr'><strong>sic</strong></span> <span class='ocrx_word' id='word_1_469' title='bbox 615 3385 899 3454; x_wconf 81' lang='lat' dir='ltr'><strong>et-Judaei,</strong></span> <span class='ocrx_word' id='word_1_470' title='bbox 939 3387 990 3441; x_wconf 93' lang='lat' dir='ltr'><strong>in</strong></span> <span class='ocrx_word' id='word_1_471' title='bbox 1037 3402 1260 3456; x_wconf 91' lang='lat' dir='ltr'><strong>quorum</strong></span> <span class='ocrx_word' id='word_1_472' title='bbox 1312 3387 1426 3442; x_wconf 83' lang='lat' dir='ltr'><strong>haec</strong></span> <span class='ocrx_word' id='word_1_473' title='bbox 1473 3388 1636 3457; x_wconf 87' lang='lat' dir='ltr'><strong>ﬁgura</strong></span> <span class='ocrx_word' id='word_1_474' title='bbox 1678 3386 2022 3457; x_wconf 89' lang='lat' dir='ltr'><strong>gerebantur,</strong></span> <span class='ocrx_word' id='word_1_475' title='bbox 2047 3384 2096 3440; x_wconf 92' lang='lat' dir='ltr'><strong>si</strong></span> 
     </span>
    </p>
   </div>
   <div class='ocr_carea' id='block_1_64' title="bbox 497 3476 2096 3546">
    <p class='ocr_par' dir='ltr' id='par_1_64' title="bbox 497 3476 2096 3546">
     <span class='ocr_line' id='line_1_64' title="bbox 497 3476 2096 3546; baseline -0.001 -16"><span class='ocrx_word' id='word_1_476' title='bbox 497 3476 832 3545; x_wconf 82' lang='lat' dir='ltr'><strong>quiescerent</strong></span> <span class='ocrx_word' id='word_1_477' title='bbox 878 3492 905 3529; x_wconf 92' lang='lat' dir='ltr'><strong>a</strong></span> <span class='ocrx_word' id='word_1_478' title='bbox 950 3492 1049 3532; x_wconf 86' lang='lat' dir='ltr'><strong>sua</strong></span> <span class='ocrx_word' id='word_1_479' title='bbox 1083 3477 1506 3546; x_wconf 87' lang='lat' dir='ltr'><strong>perturbatione,</strong></span> <span class='ocrx_word' id='word_1_480' title='bbox 1540 3487 1625 3542; x_wconf 89' lang='lat' dir='ltr'><strong>et,</strong></span> <span class='ocrx_word' id='word_1_481' title='bbox 1661 3488 1870 3545; x_wconf 89' lang='lat' dir='ltr'><strong>tempus</strong></span> <span class='ocrx_word' id='word_1_482' title='bbox 1902 3476 2096 3530; x_wconf 89' lang='lat' dir='ltr'><strong>salutis</strong></span> 
     </span>
    </p>
   </div>
   <div class='ocr_carea' id='block_1_65' title="bbox 497 3568 2097 3641">
    <p class='ocr_par' dir='ltr' id='par_1_65' title="bbox 497 3568 2097 3641">
     <span class='ocr_line' id='line_1_65' title="bbox 497 3568 2097 3641; baseline 0.001 -19"><span class='ocrx_word' id='word_1_483' title='bbox 497 3568 829 3638; x_wconf 86' lang='lat' dir='ltr'><strong>pergratiam</strong></span> <span class='ocrx_word' id='word_1_484' title='bbox 855 3570 906 3622; x_wconf 92' lang='lat' dir='ltr'><strong>in</strong></span> <span class='ocrx_word' id='word_1_485' title='bbox 933 3570 1302 3624; x_wconf 89' lang='lat' dir='ltr'><strong>remissionem</strong></span> <span class='ocrx_word' id='word_1_486' title='bbox 1331 3570 1490 3641; x_wconf 76' lang='grc'><strong>279</strong></span> <span class='ocrx_word' id='word_1_487' title='bbox 1510 3577 1849 3638; x_wconf 89' lang='lat' dir='ltr'><strong>peccatorum</strong></span> <span class='ocrx_word' id='word_1_488' title='bbox 1866 3582 2097 3636; x_wconf 88' lang='lat' dir='ltr'><strong>cognos-</strong></span> 
     </span>
    </p>
   </div>
   <div class='ocr_carea' id='block_1_66' title="bbox 498 3660 2100 3727">
    <p class='ocr_par' dir='ltr' id='par_1_66' title="bbox 498 3660 2100 3727">
     <span class='ocr_line' id='line_1_66' title="bbox 498 3660 2100 3727; baseline 0.002 -13"><span class='ocrx_word' id='word_1_489' title='bbox 498 3669 704 3727; x_wconf 87' lang='lat' dir='ltr'><strong>centes,</strong></span> <span class='ocrx_word' id='word_1_490' title='bbox 733 3660 980 3716; x_wconf 87' lang='lat' dir='ltr'><strong>audirent</strong></span> <span class='ocrx_word' id='word_1_491' title='bbox 1004 3662 1275 3716; x_wconf 83' lang='lat' dir='ltr'><strong>Christum</strong></span> <span class='ocrx_word' id='word_1_492' title='bbox 1299 3662 1602 3717; x_wconf 87' lang='lat' dir='ltr'><strong>dicentem:</strong></span> <span class='ocrx_word' id='word_1_493' title='bbox 1631 3661 1682 3714; x_wconf 84' lang='grc' dir='ltr'><em>Ν</em></span> <span class='ocrx_word' id='word_1_494' title='bbox 1689 3679 1755 3717; x_wconf 84' lang='grc' dir='ltr'><strong>οη</strong></span> <span class='ocrx_word' id='word_1_495' title='bbox 1775 3668 1886 3721; x_wconf 89' lang='lat' dir='ltr'><strong>veni</strong></span> <span class='ocrx_word' id='word_1_496' title='bbox 1918 3680 2100 3721; x_wconf 79' lang='lat' dir='ltr'><strong>vocare</strong></span> 
     </span>
    </p>
   </div>
   <div class='ocr_carea' id='block_1_67' title="bbox 495 3751 2099 3825">
    <p class='ocr_par' dir='ltr' id='par_1_67' title="bbox 495 3751 2099 3825">
     <span class='ocr_line' id='line_1_67' title="bbox 495 3751 2099 3825; baseline 0.005 -22"><span class='ocrx_word' id='word_1_497' title='bbox 495 3751 684 3825; x_wconf 79' lang='lat' dir='ltr'><strong>justas,</strong></span> <span class='ocrx_word' id='word_1_498' title='bbox 716 3751 808 3804; x_wconf 88' lang='lat' dir='ltr'><strong>sed</strong></span> <span class='ocrx_word' id='word_1_499' title='bbox 831 3761 1115 3822; x_wconf 86' lang='lat' dir='ltr'><strong>peccatores</strong></span> <span class='ocrx_word' id='word_1_500' title='bbox 1144 3753 1213 3806; x_wconf 90' lang='lat' dir='ltr'><strong>ad</strong></span> <span class='ocrx_word' id='word_1_501' title='bbox 1239 3753 1606 3822; x_wconf 75' lang='lat' dir='ltr'><strong>paenitentiam,</strong></span> <span class='ocrx_word' id='word_1_502' title='bbox 1632 3764 1756 3812; x_wconf 91' lang='lat' dir='ltr'><strong>tunc</strong></span> <span class='ocrx_word' id='word_1_503' title='bbox 1786 3757 1852 3812; x_wconf 92' lang='lat' dir='ltr'><strong>ad</strong></span> <span class='ocrx_word' id='word_1_504' title='bbox 1881 3772 1941 3813; x_wconf 89' lang='lat' dir='ltr'><strong>se</strong></span> <span class='ocrx_word' id='word_1_505' title='bbox 1969 3770 2099 3813; x_wconf 84' lang='lat' dir='ltr'><strong>con-</strong></span> 
     </span>
    </p>
   </div>
   <div class='ocr_carea' id='block_1_68' title="bbox 498 3847 2098 3915">
    <p class='ocr_par' dir='ltr' id='par_1_68' title="bbox 498 3847 2098 3915">
     <span class='ocr_line' id='line_1_68' title="bbox 498 3847 2098 3915; baseline 0.007 -20"><span class='ocrx_word' id='word_1_506' title='bbox 498 3850 771 3899; x_wconf 86' lang='lat' dir='ltr'><strong>verterent</strong></span> <span class='ocrx_word' id='word_1_507' title='bbox 817 3857 1092 3913; x_wconf 88' lang='lat' dir='ltr'><strong>peccatum</strong></span> <span class='ocrx_word' id='word_1_508' title='bbox 1154 3861 1308 3901; x_wconf 91' lang='lat' dir='ltr'><strong>suum</strong></span> <span class='ocrx_word' id='word_1_509' title='bbox 1352 3847 1406 3901; x_wconf 92' lang='lat' dir='ltr'><strong>in</strong></span> <span class='ocrx_word' id='word_1_510' title='bbox 1456 3848 1810 3915; x_wconf 83' lang='lat' dir='ltr'><strong>ocnfessione,</strong></span> <span class='ocrx_word' id='word_1_511' title='bbox 1859 3851 1997 3907; x_wconf 90' lang='lat' dir='ltr'><strong>sicut</strong></span> <span class='ocrx_word' id='word_1_512' title='bbox 2044 3852 2098 3906; x_wconf 93' lang='lat' dir='ltr'><strong>in</strong></span> 
     </span>
    </p>
   </div>
   <div class='ocr_carea' id='block_1_69' title="bbox 500 3931 2101 4013">
    <p class='ocr_par' dir='ltr' id='par_1_69' title="bbox 500 3931 2101 4013">
     <span class='ocr_line' id='line_1_69' title="bbox 500 3931 2101 4013; baseline 0.006 -24"><span class='ocrx_word' id='word_1_513' title='bbox 500 3931 716 3990; x_wconf 84' lang='lat' dir='ltr'><strong>Psalmo</strong></span> <span class='ocrx_word' id='word_1_514' title='bbox 735 3950 802 3991; x_wconf 72' lang='grc' dir='ltr'><strong>ιι.</strong></span> <span class='ocrx_word' id='word_1_515' title='bbox 816 3937 1073 4006; x_wconf 89' lang='lat' dir='ltr'><strong>scriptum</strong></span> <span class='ocrx_word' id='word_1_516' title='bbox 1085 3947 1187 4001; x_wconf 88' lang='lat' dir='ltr'><strong>est,</strong></span> <span class='ocrx_word' id='word_1_517' title='bbox 1203 3939 1413 3994; x_wconf 91' lang='lat' dir='ltr'><strong>medico</strong></span> <span class='ocrx_word' id='word_1_518' title='bbox 1425 3940 1664 3996; x_wconf 89' lang='lat' dir='ltr'><strong>dicentes</strong></span> <span class='ocrx_word' id='word_1_519' title='bbox 1686 3960 1697 3995; x_wconf 93' lang='lat'>:</span> <span class='ocrx_word' id='word_1_520' title='bbox 1721 3942 1834 4013; x_wconf 88' lang='lat' dir='ltr'><strong>Ego</strong></span> <span class='ocrx_word' id='word_1_521' title='bbox 1849 3945 1977 4009; x_wconf 80' lang='lat' dir='ltr'><strong>dixi,</strong></span> <span class='ocrx_word' id='word_1_522' title='bbox 2000 3943 2101 3999; x_wconf 86' lang='lat' dir='ltr'><strong>Do-</strong></span> 
     </span>
    </p>
   </div>
   <div class='ocr_carea' id='block_1_70' title="bbox 577 4067 2097 4143">
    <p class='ocr_par' dir='ltr' id='par_1_70' title="bbox 577 4067 2097 4143">
     <span class='ocr_line' id='line_1_70' title="bbox 577 4067 2097 4143; baseline 0.005 -19"><span class='ocrx_word' id='word_1_523' title='bbox 577 4068 704 4124; x_wconf 71' lang='lat' dir='ltr'><strong>Csr.</strong></span> <span class='ocrx_word' id='word_1_524' title='bbox 733 4084 806 4121; x_wconf 75' lang='lat' dir='ltr'><strong>vr.</strong></span> <span class='ocrx_word' id='word_1_525' title='bbox 854 4068 919 4123; x_wconf 87' lang='lat' dir='ltr'><strong>N.</strong></span> <span class='ocrx_word' id='word_1_526' title='bbox 953 4070 1005 4124; x_wconf 89' lang='grc'>1.</span> <span class='ocrx_word' id='word_1_527' title='bbox 1042 4067 1354 4143; x_wconf 71' lang='grc' dir='ltr'><strong>Ναιὲυἱιᾳιεε</strong></span> <span class='ocrx_word' id='word_1_528' title='bbox 1394 4074 1615 4128; x_wconf 87' lang='lat' dir='ltr'><strong>duorum</strong></span> <span class='ocrx_word' id='word_1_529' title='bbox 1655 4075 1898 4142; x_wconf 76' lang='lat' dir='ltr'><strong>ﬁliorum,</strong></span> <span class='ocrx_word' id='word_1_530' title='bbox 1928 4093 2097 4143; x_wconf 85' lang='lat' dir='ltr'><strong>usque</strong></span> 
     </span>
    </p>
   </div>
   <div class='ocr_carea' id='block_1_71' title="bbox 504 4139 2096 4211">
    <p class='ocr_par' dir='ltr' id='par_1_71' title="bbox 504 4139 2096 4211">
     <span class='ocr_line' id='line_1_71' title="bbox 504 4139 2096 4211; baseline 0.004 -18"><span class='ocrx_word' id='word_1_531' title='bbox 504 4139 572 4194; x_wconf 87' lang='lat' dir='ltr'><strong>ad</strong></span> <span class='ocrx_word' id='word_1_532' title='bbox 624 4142 883 4208; x_wconf 87' lang='lat' dir='ltr'><strong>plantatus</strong></span> <span class='ocrx_word' id='word_1_533' title='bbox 913 4141 1204 4208; x_wconf 84' lang='lat' dir='ltr'><strong>paradisus,</strong></span> <span class='ocrx_word' id='word_1_534' title='bbox 1235 4142 1512 4211; x_wconf 91' lang='lat' dir='ltr'><strong>desumpta</strong></span> <span class='ocrx_word' id='word_1_535' title='bbox 1547 4139 1671 4198; x_wconf 86' lang='lat' dir='ltr'><strong>sunt</strong></span> <span class='ocrx_word' id='word_1_536' title='bbox 1698 4139 1962 4202; x_wconf 19' lang='lat' dir='ltr'><strong>omnia’ex</strong></span> <span class='ocrx_word' id='word_1_537' title='bbox 1991 4139 2096 4202; x_wconf 80' lang='lat' dir='ltr'><strong>Au-</strong></span> 
     </span>
    </p>
   </div>
   <div class='ocr_carea' id='block_1_72' title="bbox 505 4211 2103 4285">
    <p class='ocr_par' dir='ltr' id='par_1_72' title="bbox 505 4211 2103 4285">
     <span class='ocr_line' id='line_1_72' title="bbox 505 4211 2103 4285; baseline 0.007 -23"><span class='ocrx_word' id='word_1_538' title='bbox 505 4211 702 4285; x_wconf 82' lang='lat' dir='ltr'><strong>gustini</strong></span> <span class='ocrx_word' id='word_1_539' title='bbox 733 4224 806 4285; x_wconf 75' lang='lat' dir='ltr'><strong>xit</strong></span> <span class='ocrx_word' id='word_1_540' title='bbox 840 4219 1023 4264; x_wconf 90' lang='lat' dir='ltr'><strong>contra</strong></span> <span class='ocrx_word' id='word_1_541' title='bbox 1062 4211 1338 4285; x_wconf 87' lang='lat' dir='ltr'><strong>Faustum,</strong></span> <span class='ocrx_word' id='word_1_542' title='bbox 1359 4227 1476 4282; x_wconf 90' lang='lat' dir='ltr'><strong>cap.</strong></span> <span class='ocrx_word' id='word_1_543' title='bbox 1496 4215 2103 4285; x_wconf 82' lang='lat' dir='ltr'><strong>9,etquatuorsequen-</strong></span> 
     </span>
    </p>
   </div>
   <div class='ocr_carea' id='block_1_73' title="bbox 506 4280 1816 4351">
    <p class='ocr_par' dir='ltr' id='par_1_73' title="bbox 506 4280 1816 4351">
     <span class='ocr_line' id='line_1_73' title="bbox 506 4280 1816 4351; baseline 0.005 -16"><span class='ocrx_word' id='word_1_544' title='bbox 506 4280 837 4351; x_wconf 81' lang='lat' dir='ltr'><strong>tibus,unde</strong></span> <span class='ocrx_word' id='word_1_545' title='bbox 865 4289 992 4335; x_wconf 90' lang='lat' dir='ltr'><strong>sunt</strong></span> <span class='ocrx_word' id='word_1_546' title='bbox 1014 4282 1256 4351; x_wconf 66' lang='lat' dir='ltr'><strong>quaedam</strong></span> <span class='ocrx_word' id='word_1_547' title='bbox 1286 4280 1589 4338; x_wconf 79' lang='lat' dir='ltr'><strong>emendata.</strong></span> <span class='ocrx_word' id='word_1_548' title='bbox 1624 4280 1816 4341; x_wconf 74' lang='lat' dir='ltr'><strong>GRIAL.</strong></span> 
     </span>
    </p>
   </div>
   <div class='ocr_carea' id='block_1_74' title="bbox 577 4350 2105 4427">
    <p class='ocr_par' dir='ltr' id='par_1_74' title="bbox 577 4350 2105 4427">
     <span class='ocr_line' id='line_1_74' title="bbox 577 4350 2105 4427; baseline 0.003 -21"><span class='ocrx_word' id='word_1_549' title='bbox 577 4353 632 4407; x_wconf 82' lang='grc'><strong>5.</strong></span> <span class='ocrx_word' id='word_1_550' title='bbox 678 4350 758 4427; x_wconf 70' lang='lat' dir='ltr'><strong>Ex</strong></span> <span class='ocrx_word' id='word_1_551' title='bbox 806 4350 1095 4427; x_wconf 82' lang='lat' dir='ltr'><strong>innocentia</strong></span> <span class='ocrx_word' id='word_1_552' title='bbox 1121 4363 1293 4427; x_wconf 53' lang='lat' dir='ltr'><strong>grata.</strong></span> <span class='ocrx_word' id='word_1_553' title='bbox 1322 4352 1515 4412; x_wconf 79' lang='lat' dir='ltr'><strong>Gratia:</strong></span> <span class='ocrx_word' id='word_1_554' title='bbox 1545 4359 1870 4427; x_wconf 81' lang='lat' dir='ltr'><strong>Augustinus</strong></span> <span class='ocrx_word' id='word_1_555' title='bbox 1923 4375 1984 4412; x_wconf 75' lang='lat' dir='ltr'><strong>ex</strong></span> <span class='ocrx_word' id='word_1_556' title='bbox 2026 4359 2105 4411; x_wconf 90' lang='lat' dir='ltr'><strong>in-</strong></span> 
     </span>
    </p>
   </div>
   <div class='ocr_carea' id='block_1_75' title="bbox 505 4423 1452 4494">
    <p class='ocr_par' dir='ltr' id='par_1_75' title="bbox 505 4423 1452 4494">
     <span class='ocr_line' id='line_1_75' title="bbox 505 4423 1452 4494; baseline 0.004 -16"><span class='ocrx_word' id='word_1_557' title='bbox 505 4423 750 4494; x_wconf 70' lang='lat' dir='ltr'><strong>nocentia:</strong></span> <span class='ocrx_word' id='word_1_558' title='bbox 769 4425 953 4494; x_wconf 85' lang='lat' dir='ltr'><strong>gratia,</strong></span> <span class='ocrx_word' id='word_1_559' title='bbox 981 4425 1228 4493; x_wconf 87' lang='lat' dir='ltr'><strong>impress.</strong></span> <span class='ocrx_word' id='word_1_560' title='bbox 1260 4426 1452 4482; x_wconf 75' lang='lat' dir='ltr'><strong>GltlAL.</strong></span> 
     </span>
    </p>
   </div>
   <div class='ocr_carea' id='block_1_76' title="bbox 2270 3392 3808 3449">
    <p class='ocr_par' dir='ltr' id='par_1_76' title="bbox 2270 3392 3808 3449">
     <span class='ocr_line' id='line_1_76' title="bbox 2270 3392 3808 3449; baseline 0.001 -3"><span class='ocrx_word' id='word_1_561' title='bbox 2270 3393 2321 3446; x_wconf 91' lang='lat'><strong>8.</strong></span> <span class='ocrx_word' id='word_1_562' title='bbox 2369 3392 2510 3447; x_wconf 76' lang='lat' dir='ltr'><strong>Dixit</strong></span> <span class='ocrx_word' id='word_1_563' title='bbox 2539 3393 2676 3446; x_wconf 75' lang='lat' dir='ltr'><strong>Deus</strong></span> <span class='ocrx_word' id='word_1_564' title='bbox 2705 3394 2772 3447; x_wconf 88' lang='lat' dir='ltr'><strong>ad</strong></span> <span class='ocrx_word' id='word_1_565' title='bbox 2814 3393 2942 3448; x_wconf 87' lang='lat' dir='ltr'><strong>Cain</strong></span> <span class='ocrx_word' id='word_1_566' title='bbox 2969 3410 2989 3449; x_wconf 88' lang='lat'><strong><em>:</em></strong></span> <span class='ocrx_word' id='word_1_567' title='bbox 3027 3393 3094 3447; x_wconf 86' lang='lat' dir='ltr'><strong>Et</strong></span> <span class='ocrx_word' id='word_1_568' title='bbox 3139 3411 3272 3447; x_wconf 88' lang='lat' dir='ltr'><strong>nunc</strong></span> <span class='ocrx_word' id='word_1_569' title='bbox 3302 3393 3607 3448; x_wconf 78' lang='lat' dir='ltr'><strong>maledictus</strong></span> <span class='ocrx_word' id='word_1_570' title='bbox 3638 3395 3738 3448; x_wconf 88' lang='lat' dir='ltr'><strong>eris</strong></span> <span class='ocrx_word' id='word_1_571' title='bbox 3775 3410 3808 3448; x_wconf 89' lang='lat' dir='ltr'><strong>a</strong></span> 
     </span>
    </p>
   </div>
   <div class='ocr_carea' id='block_1_77' title="bbox 2199 3486 3809 3558">
    <p class='ocr_par' dir='ltr' id='par_1_77' title="bbox 2199 3486 3809 3558">
     <span class='ocr_line' id='line_1_77' title="bbox 2199 3486 3809 3558; baseline 0.001 -20"><span class='ocrx_word' id='word_1_572' title='bbox 2199 3494 2357 3552; x_wconf 88' lang='lat' dir='ltr'><strong>terra,</strong></span> <span class='ocrx_word' id='word_1_573' title='bbox 2379 3503 2494 3555; x_wconf 75' lang='lat' dir='ltr'><strong>qua:</strong></span> <span class='ocrx_word' id='word_1_574' title='bbox 2511 3487 2675 3557; x_wconf 72' lang='lat'><strong>280</strong></span> <span class='ocrx_word' id='word_1_575' title='bbox 2701 3488 2900 3554; x_wconf 88' lang='lat' dir='ltr'><strong>aperuit</strong></span> <span class='ocrx_word' id='word_1_576' title='bbox 2928 3503 2983 3540; x_wconf 88' lang='lat' dir='ltr'><strong>os</strong></span> <span class='ocrx_word' id='word_1_577' title='bbox 3012 3503 3182 3553; x_wconf 88' lang='lat' dir='ltr'><strong>suum,</strong></span> <span class='ocrx_word' id='word_1_578' title='bbox 3197 3497 3245 3541; x_wconf 90' lang='lat' dir='ltr'><strong>et</strong></span> <span class='ocrx_word' id='word_1_579' title='bbox 3267 3488 3486 3554; x_wconf 86' lang='lat' dir='ltr'><strong>suscepit</strong></span> <span class='ocrx_word' id='word_1_580' title='bbox 3505 3486 3809 3558; x_wconf 77' lang='lat' dir='ltr'><strong>sanguinein</strong></span> 
     </span>
    </p>
   </div>
   <div class='ocr_carea' id='block_1_78' title="bbox 2202 3577 3810 3646">
    <p class='ocr_par' dir='ltr' id='par_1_78' title="bbox 2202 3577 3810 3646">
     <span class='ocr_line' id='line_1_78' title="bbox 2202 3577 3810 3646; baseline 0 -16"><span class='ocrx_word' id='word_1_581' title='bbox 2202 3577 2381 3646; x_wconf 86' lang='lat' dir='ltr'><strong>fratris</strong></span> <span class='ocrx_word' id='word_1_582' title='bbox 2429 3578 2504 3628; x_wconf 87' lang='lat' dir='ltr'><strong>tui</strong></span> <span class='ocrx_word' id='word_1_583' title='bbox 2535 3578 2598 3630; x_wconf 87' lang='lat' dir='ltr'><strong>de</strong></span> <span class='ocrx_word' id='word_1_584' title='bbox 2647 3593 2803 3630; x_wconf 89' lang='lat' dir='ltr'><strong>manu</strong></span> <span class='ocrx_word' id='word_1_585' title='bbox 2830 3584 2940 3630; x_wconf 85' lang='lat' dir='ltr'><strong>tua.</strong></span> <span class='ocrx_word' id='word_1_586' title='bbox 2995 3577 3310 3632; x_wconf 88' lang='lat' dir='ltr'><strong>Maledictus</strong></span> <span class='ocrx_word' id='word_1_587' title='bbox 3340 3587 3421 3631; x_wconf 91' lang='lat' dir='ltr'><strong>est</strong></span> <span class='ocrx_word' id='word_1_588' title='bbox 3451 3577 3591 3632; x_wconf 92' lang='lat' dir='ltr'><strong>enim</strong></span> <span class='ocrx_word' id='word_1_589' title='bbox 3641 3590 3810 3646; x_wconf 82' lang='lat' dir='ltr'><strong>popu-</strong></span> 
     </span>
    </p>
   </div>
   <div class='ocr_carea' id='block_1_79' title="bbox 2203 3667 3805 3735">
    <p class='ocr_par' dir='ltr' id='par_1_79' title="bbox 2203 3667 3805 3735">
     <span class='ocr_line' id='line_1_79' title="bbox 2203 3667 3805 3735; baseline 0.001 -14"><span class='ocrx_word' id='word_1_590' title='bbox 2203 3668 2285 3722; x_wconf 91' lang='lat' dir='ltr'><strong>lus</strong></span> <span class='ocrx_word' id='word_1_591' title='bbox 2312 3667 2617 3723; x_wconf 80' lang='lat' dir='ltr'><strong>.ludaeorum</strong></span> <span class='ocrx_word' id='word_1_592' title='bbox 2661 3667 2890 3723; x_wconf 87' lang='lat' dir='ltr'><strong>inﬁdelis</strong></span> <span class='ocrx_word' id='word_1_593' title='bbox 2929 3683 2960 3722; x_wconf 89' lang='lat' dir='ltr'><strong>a</strong></span> <span class='ocrx_word' id='word_1_594' title='bbox 3008 3676 3171 3735; x_wconf 87' lang='lat' dir='ltr'><strong>terra,</strong></span> <span class='ocrx_word' id='word_1_595' title='bbox 3205 3668 3255 3722; x_wconf 91' lang='lat' dir='ltr'><strong>id</strong></span> <span class='ocrx_word' id='word_1_596' title='bbox 3294 3677 3396 3731; x_wconf 83' lang='lat' dir='ltr'><strong>est,</strong></span> <span class='ocrx_word' id='word_1_597' title='bbox 3429 3669 3496 3722; x_wconf 88' lang='lat' dir='ltr'><strong>ab</strong></span> <span class='ocrx_word' id='word_1_598' title='bbox 3540 3667 3805 3733; x_wconf 86' lang='lat' dir='ltr'><strong>Ecclesia,</strong></span> 
     </span>
    </p>
   </div>
   <div class='ocr_carea' id='block_1_80' title="bbox 2206 3757 3810 3829">
    <p class='ocr_par' dir='ltr' id='par_1_80' title="bbox 2206 3757 3810 3829">
     <span class='ocr_line' id='line_1_80' title="bbox 2206 3757 3810 3829; baseline -0.001 -16"><span class='ocrx_word' id='word_1_599' title='bbox 2206 3774 2323 3828; x_wconf 79' lang='lat' dir='ltr'><strong>quae</strong></span> <span class='ocrx_word' id='word_1_600' title='bbox 2354 3759 2565 3829; x_wconf 90' lang='lat' dir='ltr'><strong>aperuit</strong></span> <span class='ocrx_word' id='word_1_601' title='bbox 2593 3773 2654 3812; x_wconf 89' lang='lat' dir='ltr'><strong>os</strong></span> <span class='ocrx_word' id='word_1_602' title='bbox 2685 3773 2839 3812; x_wconf 90' lang='lat' dir='ltr'><strong>suum</strong></span> <span class='ocrx_word' id='word_1_603' title='bbox 2864 3759 2915 3812; x_wconf 92' lang='lat' dir='ltr'><strong>in</strong></span> <span class='ocrx_word' id='word_1_604' title='bbox 2937 3757 3276 3813; x_wconf 88' lang='lat' dir='ltr'><strong>confessione</strong></span> <span class='ocrx_word' id='word_1_605' title='bbox 3301 3767 3643 3828; x_wconf 87' lang='lat' dir='ltr'><strong>peccatorum</strong></span> <span class='ocrx_word' id='word_1_606' title='bbox 3668 3757 3810 3813; x_wconf 86' lang='lat' dir='ltr'><strong>acci-</strong></span> 
     </span>
    </p>
   </div>
   <div class='ocr_carea' id='block_1_81' title="bbox 2209 3848 3810 3920">
    <p class='ocr_par' dir='ltr' id='par_1_81' title="bbox 2209 3848 3810 3920">
     <span class='ocr_line' id='line_1_81' title="bbox 2209 3848 3810 3920; baseline -0.001 -14"><span class='ocrx_word' id='word_1_607' title='bbox 2209 3866 2334 3920; x_wconf 86' lang='lat' dir='ltr'><strong>pere</strong></span> <span class='ocrx_word' id='word_1_608' title='bbox 2379 3852 2689 3919; x_wconf 89' lang='lat' dir='ltr'><strong>sanguinem</strong></span> <span class='ocrx_word' id='word_1_609' title='bbox 2735 3848 2964 3915; x_wconf 89' lang='lat' dir='ltr'><strong>Christi,</strong></span> <span class='ocrx_word' id='word_1_610' title='bbox 3011 3849 3100 3920; x_wconf 91' lang='lat' dir='ltr'><strong>qui</strong></span> <span class='ocrx_word' id='word_1_611' title='bbox 3150 3849 3354 3904; x_wconf 84' lang='lat' dir='ltr'><strong>effusus</strong></span> <span class='ocrx_word' id='word_1_612' title='bbox 3400 3860 3484 3905; x_wconf 90' lang='lat' dir='ltr'><strong>est</strong></span> <span class='ocrx_word' id='word_1_613' title='bbox 3529 3850 3582 3903; x_wconf 93' lang='lat' dir='ltr'><strong>in</strong></span> <span class='ocrx_word' id='word_1_614' title='bbox 3619 3850 3810 3906; x_wconf 87' lang='lat' dir='ltr'><strong>remis-</strong></span> 
     </span>
    </p>
   </div>
   <div class='ocr_carea' id='block_1_82' title="bbox 2206 3943 3803 4014">
    <p class='ocr_par' dir='ltr' id='par_1_82' title="bbox 2206 3943 3803 4014">
     <span class='ocr_line' id='line_1_82' title="bbox 2206 3943 3803 4014; baseline 0.001 -17"><span class='ocrx_word' id='word_1_615' title='bbox 2206 3945 2410 3999; x_wconf 89' lang='lat' dir='ltr'><strong>sionem</strong></span> <span class='ocrx_word' id='word_1_616' title='bbox 2442 3951 2782 4013; x_wconf 89' lang='lat' dir='ltr'><strong>peccatorum</strong></span> <span class='ocrx_word' id='word_1_617' title='bbox 2820 3943 3056 3998; x_wconf 90' lang='lat' dir='ltr'><strong>omnium</strong></span> <span class='ocrx_word' id='word_1_618' title='bbox 3099 3943 3167 3999; x_wconf 91' lang='lat' dir='ltr'><strong>de</strong></span> <span class='ocrx_word' id='word_1_619' title='bbox 3197 3959 3357 3998; x_wconf 90' lang='lat' dir='ltr'><strong>manu</strong></span> <span class='ocrx_word' id='word_1_620' title='bbox 3408 3945 3803 4014; x_wconf 85' lang='lat' dir='ltr'><strong>persecutoris,</strong></span> 
     </span>
    </p>
   </div>
   <div class='ocr_carea' id='block_1_83' title="bbox 2201 4075 3807 4147">
    <p class='ocr_par' dir='ltr' id='par_1_83' title="bbox 2201 4075 3807 4147">
     <span class='ocr_line' id='line_1_83' title="bbox 2201 4075 3807 4147; baseline 0.002 -17"><span class='ocrx_word' id='word_1_621' title='bbox 2201 4077 2338 4130; x_wconf 89' lang='lat' dir='ltr'><strong>nitur</strong></span> <span class='ocrx_word' id='word_1_622' title='bbox 2368 4075 2481 4130; x_wconf 67' lang='lat' dir='ltr'><strong>haec.</strong></span> <span class='ocrx_word' id='word_1_623' title='bbox 2506 4076 2654 4130; x_wconf 88' lang='lat' dir='ltr'><strong>addit</strong></span> <span class='ocrx_word' id='word_1_624' title='bbox 2681 4093 2692 4127; x_wconf 87' lang='lat'>:</span> <span class='ocrx_word' id='word_1_625' title='bbox 2721 4075 2984 4142; x_wconf 78' lang='lat' dir='ltr'><strong>Qutvritur</strong></span> <span class='ocrx_word' id='word_1_626' title='bbox 3011 4086 3178 4147; x_wconf 72' lang='lat' dir='ltr'><strong>autem</strong></span> <span class='ocrx_word' id='word_1_627' title='bbox 3223 4093 3314 4130; x_wconf 90' lang='lat' dir='ltr'><strong>cur</strong></span> <span class='ocrx_word' id='word_1_628' title='bbox 3342 4077 3476 4132; x_wconf 87' lang='lat' dir='ltr'><strong>Deus</strong></span> <span class='ocrx_word' id='word_1_629' title='bbox 3496 4079 3807 4147; x_wconf 76' lang='lat' dir='ltr'><strong>sacriﬁcium</strong></span> 
     </span>
    </p>
   </div>
   <div class='ocr_carea' id='block_1_84' title="bbox 2206 4145 3803 4223">
    <p class='ocr_par' dir='ltr' id='par_1_84' title="bbox 2206 4145 3803 4223">
     <span class='ocr_line' id='line_1_84' title="bbox 2206 4145 3803 4223; baseline 0.002 -22"><span class='ocrx_word' id='word_1_630' title='bbox 2206 4149 2326 4223; x_wconf 79' lang='lat' dir='ltr'><strong>Abel</strong></span> <span class='ocrx_word' id='word_1_631' title='bbox 2354 4148 2592 4223; x_wconf 80' lang='lat' dir='ltr'><strong>suscepit,</strong></span> <span class='ocrx_word' id='word_1_632' title='bbox 2623 4155 2726 4223; x_wconf 68' lang='lat' dir='ltr'><strong>vta</strong></span> <span class='ocrx_word' id='word_1_633' title='bbox 2755 4148 3006 4223; x_wconf 78' lang='lat' dir='ltr'><strong>sacri/icio</strong></span> <span class='ocrx_word' id='word_1_634' title='bbox 3059 4145 3187 4223; x_wconf 64' lang='lat' dir='ltr'><strong>Cain</strong></span> <span class='ocrx_word' id='word_1_635' title='bbox 3220 4153 3392 4223; x_wconf 81' lang='lat' dir='ltr'><strong>oculos</strong></span> <span class='ocrx_word' id='word_1_636' title='bbox 3429 4165 3553 4223; x_wconf 72' lang='lat' dir='ltr'><strong>suos</strong></span> <span class='ocrx_word' id='word_1_637' title='bbox 3603 4145 3803 4223; x_wconf 67' lang='lat' dir='ltr'><strong>avertit,</strong></span> 
     </span>
    </p>
   </div>
   <div class='ocr_carea' id='block_1_85' title="bbox 2206 4217 3799 4287">
    <p class='ocr_par' dir='ltr' id='par_1_85' title="bbox 2206 4217 3799 4287">
     <span class='ocr_line' id='line_1_85' title="bbox 2206 4217 3799 4287; baseline 0.003 -17"><span class='ocrx_word' id='word_1_638' title='bbox 2206 4220 2305 4271; x_wconf 84' lang='lat' dir='ltr'><strong>nisi</strong></span> <span class='ocrx_word' id='word_1_639' title='bbox 2326 4220 2443 4287; x_wconf 87' lang='lat' dir='ltr'><strong>quia</strong></span> <span class='ocrx_word' id='word_1_640' title='bbox 2474 4235 2573 4272; x_wconf 89' lang='lat' dir='ltr'><strong>non</strong></span> <span class='ocrx_word' id='word_1_641' title='bbox 2605 4218 2700 4286; x_wconf 88' lang='lat' dir='ltr'><strong>fuit</strong></span> <span class='ocrx_word' id='word_1_642' title='bbox 2727 4217 2951 4270; x_wconf 82' lang='lat' dir='ltr'><strong>charitas</strong></span> <span class='ocrx_word' id='word_1_643' title='bbox 2980 4221 3034 4272; x_wconf 88' lang='lat' dir='ltr'><strong>in</strong></span> <span class='ocrx_word' id='word_1_644' title='bbox 3079 4218 3230 4284; x_wconf 88' lang='lat' dir='ltr'><strong>Cain,</strong></span> <span class='ocrx_word' id='word_1_645' title='bbox 3262 4230 3308 4272; x_wconf 89' lang='lat' dir='ltr'><strong>et</strong></span> <span class='ocrx_word' id='word_1_646' title='bbox 3337 4221 3439 4272; x_wconf 86' lang='lat' dir='ltr'><strong>nisi</strong></span> <span class='ocrx_word' id='word_1_647' title='bbox 3469 4231 3598 4274; x_wconf 83' lang='lat' dir='ltr'><strong>esset</strong></span> <span class='ocrx_word' id='word_1_648' title='bbox 3628 4217 3799 4275; x_wconf 48' lang='lat' dir='ltr'><strong>citari;</strong></span> 
     </span>
    </p>
   </div>
   <div class='ocr_carea' id='block_1_86' title="bbox 2209 4289 3807 4361">
    <p class='ocr_par' dir='ltr' id='par_1_86' title="bbox 2209 4289 3807 4361">
     <span class='ocr_line' id='line_1_86' title="bbox 2209 4289 3807 4361; baseline 0.003 -21"><span class='ocrx_word' id='word_1_649' title='bbox 2209 4297 2284 4342; x_wconf 83' lang='lat' dir='ltr'><strong>tas</strong></span> <span class='ocrx_word' id='word_1_650' title='bbox 2307 4290 2358 4342; x_wconf 89' lang='lat' dir='ltr'><strong>in</strong></span> <span class='ocrx_word' id='word_1_651' title='bbox 2381 4289 2522 4361; x_wconf 84' lang='lat' dir='ltr'><strong>Abel,</strong></span> <span class='ocrx_word' id='word_1_652' title='bbox 2560 4307 2661 4342; x_wconf 88' lang='lat' dir='ltr'><strong>non</strong></span> <span class='ocrx_word' id='word_1_653' title='bbox 2694 4289 2944 4357; x_wconf 89' lang='lat' dir='ltr'><strong>acciperet</strong></span> <span class='ocrx_word' id='word_1_654' title='bbox 2988 4289 3123 4342; x_wconf 87' lang='lat' dir='ltr'><strong>Deus</strong></span> <span class='ocrx_word' id='word_1_655' title='bbox 3161 4291 3472 4358; x_wconf 82' lang='lat' dir='ltr'><strong>sacriﬁcium</strong></span> <span class='ocrx_word' id='word_1_656' title='bbox 3507 4296 3636 4361; x_wconf 84' lang='lat' dir='ltr'><strong>ejus.</strong></span> <span class='ocrx_word' id='word_1_657' title='bbox 3678 4291 3807 4345; x_wconf 85' lang='lat' dir='ltr'><strong>Cum</strong></span> 
     </span>
    </p>
   </div>
   <div class='ocr_carea' id='block_1_87' title="bbox 2214 4360 3810 4429">
    <p class='ocr_par' dir='ltr' id='par_1_87' title="bbox 2214 4360 3810 4429">
     <span class='ocr_line' id='line_1_87' title="bbox 2214 4360 3810 4429; baseline 0.004 -18"><span class='ocrx_word' id='word_1_658' title='bbox 2214 4362 2348 4411; x_wconf 89' lang='lat' dir='ltr'><strong>enim</strong></span> <span class='ocrx_word' id='word_1_659' title='bbox 2392 4360 2539 4412; x_wconf 89' lang='lat' dir='ltr'><strong>ambo</strong></span> <span class='ocrx_word' id='word_1_660' title='bbox 2568 4361 2888 4422; x_wconf 80' lang='lat' dir='ltr'><strong>obtulissent,</strong></span> <span class='ocrx_word' id='word_1_661' title='bbox 2912 4361 2998 4414; x_wconf 85' lang='lat' dir='ltr'><strong>ille</strong></span> <span class='ocrx_word' id='word_1_662' title='bbox 3040 4361 3103 4412; x_wconf 88' lang='lat' dir='ltr'><strong>de</strong></span> <span class='ocrx_word' id='word_1_663' title='bbox 3133 4362 3382 4429; x_wconf 79' lang='lat' dir='ltr'><strong>fructibus</strong></span> <span class='ocrx_word' id='word_1_664' title='bbox 3414 4371 3584 4427; x_wconf 70' lang='lat' dir='ltr'><strong>terrm,</strong></span> <span class='ocrx_word' id='word_1_665' title='bbox 3635 4363 3722 4416; x_wconf 85' lang='lat' dir='ltr'><strong>ille</strong></span> <span class='ocrx_word' id='word_1_666' title='bbox 3748 4363 3810 4418; x_wconf 85' lang='lat' dir='ltr'><strong>de</strong></span> 
     </span>
    </p>
   </div>
   <div class='ocr_carea' id='block_1_88' title="bbox 2214 4424 3808 4502">
    <p class='ocr_par' dir='ltr' id='par_1_88' title="bbox 2214 4424 3808 4502">
     <span class='ocr_line' id='line_1_88' title="bbox 2214 4424 3808 4502; baseline 0.004 -21"><span class='ocrx_word' id='word_1_667' title='bbox 2214 4430 2455 4499; x_wconf 88' lang='lat' dir='ltr'><strong>fructibus</strong></span> <span class='ocrx_word' id='word_1_668' title='bbox 2486 4431 2672 4491; x_wconf 83' lang='lat' dir='ltr'><strong>ovium,</strong></span> <span class='ocrx_word' id='word_1_669' title='bbox 2729 4446 2874 4483; x_wconf 89' lang='lat' dir='ltr'><strong>nemo</strong></span> <span class='ocrx_word' id='word_1_670' title='bbox 2917 4439 3058 4500; x_wconf 88' lang='lat' dir='ltr'><strong>putet</strong></span> <span class='ocrx_word' id='word_1_671' title='bbox 3085 4424 3216 4502; x_wconf 68' lang='lat' dir='ltr'><strong>quid</strong></span> <span class='ocrx_word' id='word_1_672' title='bbox 3259 4430 3391 4484; x_wconf 86' lang='lat' dir='ltr'><strong>Deus</strong></span> <span class='ocrx_word' id='word_1_673' title='bbox 3422 4424 3617 4502; x_wconf 84' lang='lat' dir='ltr'><strong>fructus</strong></span> <span class='ocrx_word' id='word_1_674' title='bbox 3660 4445 3808 4489; x_wconf 77' lang='lat' dir='ltr'><strong>terra:</strong></span> 
     </span>
    </p>
   </div>
   <div class='ocr_carea' id='block_1_89' title="bbox 577 4491 3808 4572">
    <p class='ocr_par' dir='ltr' id='par_1_89' title="bbox 577 4491 3808 4572">
     <span class='ocr_line' id='line_1_89' title="bbox 577 4491 3808 4572; baseline 0.003 -26"><span class='ocrx_word' id='word_1_675' title='bbox 577 4491 718 4572; x_wconf 76' lang='lat' dir='ltr'><strong>Ibid.</strong></span> <span class='ocrx_word' id='word_1_676' title='bbox 770 4491 1127 4572; x_wconf 51' lang='lat' dir='ltr'><strong>Antepmtitur:</strong></span> <span class='ocrx_word' id='word_1_677' title='bbox 1162 4495 1472 4572; x_wconf 40' lang='lat' dir='ltr'><strong>_PostAhtec</strong></span> <span class='ocrx_word' id='word_1_678' title='bbox 1511 4499 1670 4554; x_wconf 88' lang='lat' dir='ltr'><strong>verba</strong></span> <span class='ocrx_word' id='word_1_679' title='bbox 1711 4499 2105 4569; x_wconf 89' lang='lat' dir='ltr'><strong>inlerjiciuntur</strong></span> <span class='ocrx_word' id='word_1_680' title='bbox 2134 4502 2187 4561; x_wconf 78' lang='lat' dir='ltr'><strong>lt</strong></span> <span class='ocrx_word' id='word_1_681' title='bbox 2212 4491 2446 4570; x_wconf 72' lang='lat' dir='ltr'><strong>neglexit,</strong></span> <span class='ocrx_word' id='word_1_682' title='bbox 2483 4511 2528 4554; x_wconf 92' lang='lat' dir='ltr'><strong>et</strong></span> <span class='ocrx_word' id='word_1_683' title='bbox 2569 4503 2702 4571; x_wconf 86' lang='lat' dir='ltr'><strong>fetus</strong></span> <span class='ocrx_word' id='word_1_684' title='bbox 2725 4503 2891 4554; x_wconf 84' lang='lat' dir='ltr'><strong>ovium</strong></span> <span class='ocrx_word' id='word_1_685' title='bbox 2919 4491 3107 4572; x_wconf 36' lang='lat' dir='ltr'><strong>elegit:</strong></span> <span class='ocrx_word' id='word_1_686' title='bbox 3139 4501 3257 4555; x_wconf 86' lang='lat' dir='ltr'><strong>Non</strong></span> <span class='ocrx_word' id='word_1_687' title='bbox 3301 4491 3517 4556; x_wconf 76' lang='lat' dir='ltr'><strong>intendit</strong></span> <span class='ocrx_word' id='word_1_688' title='bbox 3559 4503 3696 4557; x_wconf 87' lang='lat' dir='ltr'><strong>Deus</strong></span> <span class='ocrx_word' id='word_1_689' title='bbox 3739 4505 3808 4556; x_wconf 90' lang='lat' dir='ltr'><strong>ad</strong></span> 
     </span>
    </p>
   </div>
   <div class='ocr_carea' id='block_1_90' title="bbox 506 4563 2096 4638">
    <p class='ocr_par' dir='ltr' id='par_1_90' title="bbox 506 4563 2096 4638">
     <span class='ocr_line' id='line_1_90' title="bbox 506 4563 2096 4638; baseline 0.005 -20"><span class='ocrx_word' id='word_1_690' title='bbox 506 4564 749 4638; x_wconf 75' lang='lat' dir='ltr'><strong>quaedam</strong></span> <span class='ocrx_word' id='word_1_691' title='bbox 781 4563 832 4619; x_wconf 91' lang='lat' dir='ltr'><strong>in</strong></span> <span class='ocrx_word' id='word_1_692' title='bbox 867 4564 1047 4638; x_wconf 88' lang='lat' dir='ltr'><strong>Codic.</strong></span> <span class='ocrx_word' id='word_1_693' title='bbox 1082 4563 1197 4618; x_wconf 85' lang='lat' dir='ltr'><strong>Val.</strong></span> <span class='ocrx_word' id='word_1_694' title='bbox 1231 4573 1286 4621; x_wconf 87' lang='lat' dir='ltr'><strong>et</strong></span> <span class='ocrx_word' id='word_1_695' title='bbox 1317 4568 1554 4637; x_wconf 84' lang='lat' dir='ltr'><strong>Compl.,</strong></span> <span class='ocrx_word' id='word_1_696' title='bbox 1602 4586 1721 4634; x_wconf 68' lang='lat' dir='ltr'><strong>qua:</strong></span> <span class='ocrx_word' id='word_1_697' title='bbox 1753 4563 1926 4624; x_wconf 58' lang='lat' dir='ltr'><strong>alie&#39;na</strong></span> <span class='ocrx_word' id='word_1_698' title='bbox 1957 4586 2096 4638; x_wconf 88' lang='lat' dir='ltr'><strong>esse,</strong></span> 
     </span>
    </p>
   </div>
   <div class='ocr_carea' id='block_1_91' title="bbox 508 4634 2099 4708">
    <p class='ocr_par' dir='ltr' id='par_1_91' title="bbox 508 4634 2099 4708">
     <span class='ocr_line' id='line_1_91' title="bbox 508 4634 2099 4708; baseline 0.004 -19"><span class='ocrx_word' id='word_1_699' title='bbox 508 4634 968 4708; x_wconf 77' lang='lat' dir='ltr'><strong>lacusAugustini</strong></span> <span class='ocrx_word' id='word_1_700' title='bbox 999 4637 1349 4708; x_wconf 87' lang='lat' dir='ltr'><strong>interruptus,</strong></span> <span class='ocrx_word' id='word_1_701' title='bbox 1404 4634 1572 4695; x_wconf 81' lang='lat' dir='ltr'><strong>etalii</strong></span> <span class='ocrx_word' id='word_1_702' title='bbox 1609 4640 1728 4693; x_wconf 86' lang='lat' dir='ltr'><strong>libri</strong></span> <span class='ocrx_word' id='word_1_703' title='bbox 1765 4657 1892 4695; x_wconf 89' lang='lat' dir='ltr'><strong>mss.</strong></span> <span class='ocrx_word' id='word_1_704' title='bbox 1927 4653 1978 4694; x_wconf 89' lang='lat' dir='ltr'><strong>et</strong></span> <span class='ocrx_word' id='word_1_705' title='bbox 2002 4634 2099 4695; x_wconf 54' lang='lat' dir='ltr'><strong>im;</strong></span> 
     </span>
    </p>
   </div>
   <div class='ocr_carea' id='block_1_92' title="bbox 507 4705 2098 4788">
    <p class='ocr_par' dir='ltr' id='par_1_92' title="bbox 507 4705 2098 4788">
     <span class='ocr_line' id='line_1_92' title="bbox 507 4705 2098 4788; baseline 0.005 -30"><span class='ocrx_word' id='word_1_706' title='bbox 507 4705 704 4788; x_wconf 73' lang='lat' dir='ltr'><strong>pressi,</strong></span> <span class='ocrx_word' id='word_1_707' title='bbox 730 4705 977 4788; x_wconf 83' lang='lat' dir='ltr'><strong>aquibus</strong></span> <span class='ocrx_word' id='word_1_708' title='bbox 1011 4708 1228 4788; x_wconf 71' lang='lat' dir='ltr'><strong>absunt,</strong></span> <span class='ocrx_word' id='word_1_709' title='bbox 1268 4705 1401 4765; x_wconf 83' lang='lat' dir='ltr'><strong>satis</strong></span> <span class='ocrx_word' id='word_1_710' title='bbox 1430 4711 1729 4788; x_wconf 63' lang='lat' dir='ltr'><strong>ostendunt</strong></span> <span class='ocrx_word' id='word_1_711' title='bbox 1757 4729 1770 4776; x_wconf 91' lang='lat'><strong>;</strong></span> <span class='ocrx_word' id='word_1_712' title='bbox 1825 4724 1876 4766; x_wconf 88' lang='lat' dir='ltr'><strong>et</strong></span> <span class='ocrx_word' id='word_1_713' title='bbox 1907 4713 1949 4766; x_wconf 90' lang='lat' dir='ltr'><strong>si</strong></span> <span class='ocrx_word' id='word_1_714' title='bbox 1974 4713 2098 4788; x_wconf 81' lang='lat' dir='ltr'><strong>quid</strong></span> 
     </span>
    </p>
   </div>
   <div class='ocr_carea' id='block_1_93' title="bbox 509 4777 2102 4850">
    <p class='ocr_par' dir='ltr' id='par_1_93' title="bbox 509 4777 2102 4850">
     <span class='ocr_line' id='line_1_93' title="bbox 509 4777 2102 4850; baseline 0.004 -20"><span class='ocrx_word' id='word_1_715' title='bbox 509 4777 967 4850; x_wconf 13' lang='lat' dir='ltr'><strong>in‘eissa’niest,</strong></span> <span class='ocrx_word' id='word_1_716' title='bbox 995 4777 1154 4850; x_wconf 89' lang='lat' dir='ltr'><strong>paulo</strong></span> <span class='ocrx_word' id='word_1_717' title='bbox 1170 4789 1315 4850; x_wconf 87' lang='lat' dir='ltr'><strong>_post</strong></span> <span class='ocrx_word' id='word_1_718' title='bbox 1348 4784 1622 4850; x_wconf 87' lang='lat' dir='ltr'><strong>repetitur.</strong></span> <span class='ocrx_word' id='word_1_719' title='bbox 1649 4782 1776 4849; x_wconf 59' lang='grc' dir='ltr'><strong>ρυλε</strong></span> <span class='ocrx_word' id='word_1_720' title='bbox 1808 4777 2102 4838; x_wconf 66' lang='grc' dir='ltr'>ιιιιιιεηἸιίο</span> 
     </span>
    </p>
   </div>
   <div class='ocr_carea' id='block_1_94' title="bbox 509 4845 2104 4922">
    <p class='ocr_par' dir='ltr' id='par_1_94' title="bbox 509 4845 2104 4922">
     <span class='ocr_line' id='line_1_94' title="bbox 509 4845 2104 4922; baseline 0.005 -23"><span class='ocrx_word' id='word_1_721' title='bbox 509 4845 696 4922; x_wconf 72' lang='lat' dir='ltr'><strong>referri</strong></span> <span class='ocrx_word' id='word_1_722' title='bbox 722 4848 850 4922; x_wconf 82' lang='lat' dir='ltr'><strong>nihil</strong></span> <span class='ocrx_word' id='word_1_723' title='bbox 874 4845 1133 4922; x_wconf 84' lang='lat' dir='ltr'><strong>obfuerit:</strong></span> <span class='ocrx_word' id='word_1_724' title='bbox 1159 4845 1266 4903; x_wconf 86' lang='lat' dir='ltr'><strong>Iste</strong></span> <span class='ocrx_word' id='word_1_725' title='bbox 1286 4845 1454 4905; x_wconf 79' lang='lat' dir='ltr'><strong>autem</strong></span> <span class='ocrx_word' id='word_1_726' title='bbox 1472 4853 1610 4921; x_wconf 82' lang='lat' dir='ltr'><strong>ﬁlius</strong></span> <span class='ocrx_word' id='word_1_727' title='bbox 1631 4845 1775 4917; x_wconf 70' lang='lat' dir='ltr'><strong>Cirin,</strong></span> <span class='ocrx_word' id='word_1_728' title='bbox 1792 4855 1879 4922; x_wconf 88' lang='lat' dir='ltr'><strong>qui</strong></span> <span class='ocrx_word' id='word_1_729' title='bbox 1899 4864 2104 4907; x_wconf 84' lang='lat' dir='ltr'><strong>vocatur</strong></span> 
     </span>
    </p>
   </div>
   <div class='ocr_carea' id='block_1_95' title="bbox 509 4915 2104 4999">
    <p class='ocr_par' dir='ltr' id='par_1_95' title="bbox 509 4915 2104 4999">
     <span class='ocr_line' id='line_1_95' title="bbox 509 4915 2104 4999; baseline 0.005 -30"><span class='ocrx_word' id='word_1_730' title='bbox 509 4915 789 4999; x_wconf 31' lang='lat' dir='ltr'><strong>Enocltnin</strong></span> <span class='ocrx_word' id='word_1_731' title='bbox 809 4920 956 4999; x_wconf 72' lang='lat' dir='ltr'><strong>cujus</strong></span> <span class='ocrx_word' id='word_1_732' title='bbox 979 4921 1411 4999; x_wconf 78' lang='lat' dir='ltr'><strong>nomine_condit_a</strong></span> <span class='ocrx_word' id='word_1_733' title='bbox 1432 4915 1505 4999; x_wconf 74' lang='lat' dir='ltr'><strong>est</strong></span> <span class='ocrx_word' id='word_1_734' title='bbox 1523 4925 1716 4999; x_wconf 80' lang='lat' dir='ltr'><strong>civitas,</strong></span> <span class='ocrx_word' id='word_1_735' title='bbox 1738 4915 2104 4999; x_wconf 56' lang='lat' dir='ltr'><strong>interpretatur</strong></span> 
     </span>
    </p>
   </div>
   <div class='ocr_carea' id='block_1_96' title="bbox 511 4988 2104 5064">
    <p class='ocr_par' dir='ltr' id='par_1_96' title="bbox 511 4988 2104 5064">
     <span class='ocr_line' id='line_1_96' title="bbox 511 4988 2104 5064; baseline 0.005 -23"><span class='ocrx_word' id='word_1_736' title='bbox 511 4988 804 5064; x_wconf 58' lang='lat' dir='ltr'><strong>dedicatio;</strong></span> <span class='ocrx_word' id='word_1_737' title='bbox 826 4988 1100 5058; x_wconf 87' lang='lat' dir='ltr'><strong>impiorum</strong></span> <span class='ocrx_word' id='word_1_738' title='bbox 1121 4991 1254 5044; x_wconf 90' lang='lat' dir='ltr'><strong>enim</strong></span> <span class='ocrx_word' id='word_1_739' title='bbox 1284 4994 1537 5048; x_wconf 80' lang='lat' dir='ltr'><strong>dedicatio</strong></span> <span class='ocrx_word' id='word_1_740' title='bbox 1561 4995 1616 5047; x_wconf 90' lang='lat' dir='ltr'><strong>in</strong></span> <span class='ocrx_word' id='word_1_741' title='bbox 1645 4988 1741 5047; x_wconf 83' lang='lat' dir='ltr'><strong>hac</strong></span> <span class='ocrx_word' id='word_1_742' title='bbox 1769 4988 2104 5064; x_wconf 22' lang='lat' dir='ltr'><strong>vita’fundata</strong></span> 
     </span>
    </p>
   </div>
   <div class='ocr_carea' id='block_1_97' title="bbox 508 5055 2107 5132">
    <p class='ocr_par' dir='ltr' id='par_1_97' title="bbox 508 5055 2107 5132">
     <span class='ocr_line' id='line_1_97' title="bbox 508 5055 2107 5132; baseline 0.005 -19"><span class='ocrx_word' id='word_1_743' title='bbox 508 5068 600 5132; x_wconf 83' lang='lat' dir='ltr'><strong>est.</strong></span> <span class='ocrx_word' id='word_1_744' title='bbox 637 5055 815 5112; x_wconf 84' lang='lat' dir='ltr'><strong>Enoch</strong></span> <span class='ocrx_word' id='word_1_745' title='bbox 837 5055 1007 5114; x_wconf 83' lang='lat' dir='ltr'><strong>autem</strong></span> <span class='ocrx_word' id='word_1_746' title='bbox 1024 5063 1198 5132; x_wconf 73' lang='lat' dir='ltr'><strong>justus</strong></span> <span class='ocrx_word' id='word_1_747' title='bbox 1236 5064 1299 5116; x_wconf 88' lang='lat' dir='ltr'><strong>ab</strong></span> <span class='ocrx_word' id='word_1_748' title='bbox 1331 5066 1496 5118; x_wconf 82' lang='lat' dir='ltr'><strong>Adam</strong></span> <span class='ocrx_word' id='word_1_749' title='bbox 1531 5074 1772 5132; x_wconf 70' lang='lat' dir='ltr'><strong>septimus</strong></span> <span class='ocrx_word' id='word_1_750' title='bbox 1802 5076 1846 5118; x_wconf 90' lang='lat' dir='ltr'><strong>et</strong></span> <span class='ocrx_word' id='word_1_751' title='bbox 1887 5055 1994 5130; x_wconf 79' lang='lat' dir='ltr'><strong>ipse</strong></span> <span class='ocrx_word' id='word_1_752' title='bbox 2019 5068 2107 5120; x_wconf 86' lang='lat' dir='ltr'><strong>de-</strong></span> 
     </span>
    </p>
   </div>
   <div class='ocr_carea' id='block_1_98' title="bbox 509 5129 2107 5207">
    <p class='ocr_par' dir='ltr' id='par_1_98' title="bbox 509 5129 2107 5207">
     <span class='ocr_line' id='line_1_98' title="bbox 509 5129 2107 5207; baseline 0.005 -24"><span class='ocrx_word' id='word_1_753' title='bbox 509 5131 704 5207; x_wconf 78' lang='lat' dir='ltr'><strong>dicatio</strong></span> <span class='ocrx_word' id='word_1_754' title='bbox 719 5132 834 5184; x_wconf 84' lang='lat' dir='ltr'><strong>item</strong></span> <span class='ocrx_word' id='word_1_755' title='bbox 865 5129 1073 5207; x_wconf 76' lang='lat' dir='ltr'><strong>dicitur.</strong></span> <span class='ocrx_word' id='word_1_756' title='bbox 1125 5129 1235 5207; x_wconf 77' lang='lat' dir='ltr'><strong>sed</strong></span> <span class='ocrx_word' id='word_1_757' title='bbox 1262 5137 1538 5189; x_wconf 84' lang='lat' dir='ltr'><strong>translatus</strong></span> <span class='ocrx_word' id='word_1_758' title='bbox 1575 5129 1788 5189; x_wconf 84' lang='lat' dir='ltr'><strong>ostendit</strong></span> <span class='ocrx_word' id='word_1_759' title='bbox 1806 5129 1974 5206; x_wconf 85' lang='lat' dir='ltr'><strong>justas</strong></span> <span class='ocrx_word' id='word_1_760' title='bbox 1996 5139 2107 5207; x_wconf 88' lang='lat' dir='ltr'><strong>(per</strong></span> 
     </span>
    </p>
   </div>
   <div class='ocr_carea' id='block_1_99' title="bbox 509 5203 2106 5276">
    <p class='ocr_par' dir='ltr' id='par_1_99' title="bbox 509 5203 2106 5276">
     <span class='ocr_line' id='line_1_99' title="bbox 509 5203 2106 5276; baseline 0.003 -22"><span class='ocrx_word' id='word_1_761' title='bbox 509 5203 647 5276; x_wconf 82' lang='lat' dir='ltr'><strong>quod</strong></span> <span class='ocrx_word' id='word_1_762' title='bbox 687 5203 796 5270; x_wconf 86' lang='lat' dir='ltr'><strong>ipse</strong></span> <span class='ocrx_word' id='word_1_763' title='bbox 821 5213 894 5256; x_wconf 91' lang='lat' dir='ltr'><strong>est</strong></span> <span class='ocrx_word' id='word_1_764' title='bbox 931 5203 1196 5273; x_wconf 85' lang='lat' dir='ltr'><strong>septimus)</strong></span> <span class='ocrx_word' id='word_1_765' title='bbox 1216 5205 1270 5276; x_wconf 87' lang='lat' dir='ltr'><strong>in</strong></span> <span class='ocrx_word' id='word_1_766' title='bbox 1301 5209 1435 5274; x_wconf 80' lang='lat' dir='ltr'><strong>ﬁne,</strong></span> <span class='ocrx_word' id='word_1_767' title='bbox 1457 5208 1550 5260; x_wconf 85' lang='lat' dir='ltr'><strong>hoc</strong></span> <span class='ocrx_word' id='word_1_768' title='bbox 1571 5217 1642 5260; x_wconf 89' lang='lat' dir='ltr'><strong>est</strong></span> <span class='ocrx_word' id='word_1_769' title='bbox 1661 5209 1714 5260; x_wconf 90' lang='lat' dir='ltr'><strong>in</strong></span> <span class='ocrx_word' id='word_1_770' title='bbox 1754 5203 1966 5276; x_wconf 82' lang='lat' dir='ltr'><strong>septimo</strong></span> <span class='ocrx_word' id='word_1_771' title='bbox 1988 5203 2106 5261; x_wconf 80' lang='lat' dir='ltr'><strong>mit-</strong></span> 
     </span>
    </p>
   </div>
   <div class='ocr_carea' id='block_1_100' title="bbox 513 5274 2107 5350">
    <p class='ocr_par' dir='ltr' id='par_1_100' title="bbox 513 5274 2107 5350">
     <span class='ocr_line' id='line_1_100' title="bbox 513 5274 2107 5350; baseline 0.006 -27"><span class='ocrx_word' id='word_1_772' title='bbox 513 5274 688 5350; x_wconf 66' lang='lat' dir='ltr'><strong>iesimo</strong></span> <span class='ocrx_word' id='word_1_773' title='bbox 709 5287 964 5350; x_wconf 52' lang='lat' dir='ltr'><strong>ulmorum</strong></span> <span class='ocrx_word' id='word_1_774' title='bbox 988 5276 1050 5328; x_wconf 91' lang='lat' dir='ltr'><strong>ab</strong></span> <span class='ocrx_word' id='word_1_775' title='bbox 1074 5277 1168 5329; x_wconf 83' lang='lat' dir='ltr'><strong>hac</strong></span> <span class='ocrx_word' id='word_1_776' title='bbox 1189 5275 1510 5332; x_wconf 83' lang='lat' dir='ltr'><strong>dedicatione</strong></span> <span class='ocrx_word' id='word_1_777' title='bbox 1531 5287 1744 5332; x_wconf 78' lang='lat' dir='ltr'><strong>terrena:</strong></span> <span class='ocrx_word' id='word_1_778' title='bbox 1777 5274 1992 5333; x_wconf 80' lang='lat' dir='ltr'><strong>civitatis</strong></span> <span class='ocrx_word' id='word_1_779' title='bbox 2013 5279 2107 5332; x_wconf 86' lang='lat' dir='ltr'><strong>ab-</strong></span> 
     </span>
    </p>
   </div>
   <div class='ocr_carea' id='block_1_101' title="bbox 512 5343 2098 5421">
    <p class='ocr_par' dir='ltr' id='par_1_101' title="bbox 512 5343 2098 5421">
     <span class='ocr_line' id='line_1_101' title="bbox 512 5343 2098 5421; baseline 0.005 -27"><span class='ocrx_word' id='word_1_780' title='bbox 512 5343 692 5421; x_wconf 75' lang='lat' dir='ltr'><strong>ituros.</strong></span> <span class='ocrx_word' id='word_1_781' title='bbox 724 5343 799 5398; x_wconf 91' lang='lat' dir='ltr'><strong>De</strong></span> <span class='ocrx_word' id='word_1_782' title='bbox 819 5361 921 5421; x_wconf 77' lang='lat' dir='ltr'><strong>qua</strong></span> <span class='ocrx_word' id='word_1_783' title='bbox 949 5350 1218 5421; x_wconf 77' lang='lat' dir='ltr'><strong>sententia</strong></span> <span class='ocrx_word' id='word_1_784' title='bbox 1241 5350 1396 5418; x_wconf 88' lang='lat' dir='ltr'><strong>paulo</strong></span> <span class='ocrx_word' id='word_1_785' title='bbox 1428 5357 1569 5418; x_wconf 84' lang='lat' dir='ltr'><strong>post,</strong></span> <span class='ocrx_word' id='word_1_786' title='bbox 1601 5350 1704 5403; x_wconf 90' lang='lat' dir='ltr'><strong>hoc</strong></span> <span class='ocrx_word' id='word_1_787' title='bbox 1741 5351 1930 5404; x_wconf 89' lang='lat' dir='ltr'><strong>eodem</strong></span> <span class='ocrx_word' id='word_1_788' title='bbox 1957 5365 2098 5420; x_wconf 82' lang='lat' dir='ltr'><strong>cap.,</strong></span> 
     </span>
    </p>
   </div>
   <div class='ocr_carea' id='block_1_102' title="bbox 514 5417 2109 5493">
    <p class='ocr_par' dir='ltr' id='par_1_102' title="bbox 514 5417 2109 5493">
     <span class='ocr_line' id='line_1_102' title="bbox 514 5417 2109 5493; baseline 0.009 -30"><span class='ocrx_word' id='word_1_789' title='bbox 514 5419 572 5493; x_wconf 67' lang='lat' dir='ltr'><strong>et</strong></span> <span class='ocrx_word' id='word_1_790' title='bbox 590 5417 643 5465; x_wconf 90' lang='lat' dir='ltr'><strong>in</strong></span> <span class='ocrx_word' id='word_1_791' title='bbox 677 5417 1101 5493; x_wconf 75' lang='lat' dir='ltr'><strong>expositionibus</strong></span> <span class='ocrx_word' id='word_1_792' title='bbox 1132 5417 1303 5476; x_wconf 84' lang='lat' dir='ltr'><strong>Exod.</strong></span> <span class='ocrx_word' id='word_1_793' title='bbox 1356 5436 1405 5476; x_wconf 91' lang='lat' dir='ltr'><strong>c.</strong></span> <span class='ocrx_word' id='word_1_794' title='bbox 1430 5417 1583 5485; x_wconf 27' lang='lat' dir='ltr'><strong>’xxtx,</strong></span> <span class='ocrx_word' id='word_1_795' title='bbox 1607 5421 1918 5493; x_wconf 73' lang='lat' dir='ltr'><strong>importune</strong></span> <span class='ocrx_word' id='word_1_796' title='bbox 1955 5417 2109 5490; x_wconf 84' lang='lat' dir='ltr'><strong>repe-</strong></span> 
     </span>
    </p>
   </div>
   <div class='ocr_carea' id='block_1_103' title="bbox 515 5484 1786 5563">
    <p class='ocr_par' dir='ltr' id='par_1_103' title="bbox 515 5484 1786 5563">
     <span class='ocr_line' id='line_1_103' title="bbox 515 5484 1786 5563; baseline 0.007 -29"><span class='ocrx_word' id='word_1_797' title='bbox 515 5484 640 5563; x_wconf 57' lang='lat' dir='ltr'><strong>lita,</strong></span> <span class='ocrx_word' id='word_1_798' title='bbox 658 5484 782 5563; x_wconf 78' lang='lat' dir='ltr'><strong>quid</strong></span> <span class='ocrx_word' id='word_1_799' title='bbox 813 5488 1123 5563; x_wconf 73' lang='lat' dir='ltr'><strong>sentiamus,</strong></span> <span class='ocrx_word' id='word_1_800' title='bbox 1151 5508 1276 5548; x_wconf 83' lang='lat' dir='ltr'><strong>mox</strong></span> <span class='ocrx_word' id='word_1_801' title='bbox 1308 5484 1572 5546; x_wconf 80' lang='lat' dir='ltr'><strong>dicemus.</strong></span> <span class='ocrx_word' id='word_1_802' title='bbox 1595 5484 1786 5545; x_wconf 44' lang='lat' dir='ltr'><strong>Gal—AL.</strong></span> 
     </span>
    </p>
   </div>
   <div class='ocr_carea' id='block_1_104' title="bbox 585 5546 2112 5630">
    <p class='ocr_par' dir='ltr' id='par_1_104' title="bbox 585 5546 2112 5630">
     <span class='ocr_line' id='line_1_104' title="bbox 585 5546 2112 5630; baseline 0.01 -27"><span class='ocrx_word' id='word_1_803' title='bbox 585 5546 725 5604; x_wconf 83' lang='lat' dir='ltr'><strong>Ibid.</strong></span> <span class='ocrx_word' id='word_1_804' title='bbox 757 5552 812 5630; x_wconf 82' lang='lat' dir='ltr'><strong>In</strong></span> <span class='ocrx_word' id='word_1_805' title='bbox 827 5555 1066 5625; x_wconf 88' lang='lat' dir='ltr'><strong>Vulgata:</strong></span> <span class='ocrx_word' id='word_1_806' title='bbox 1103 5546 1291 5618; x_wconf 69' lang='lat' dir='ltr'><strong>Nonne</strong></span> <span class='ocrx_word' id='word_1_807' title='bbox 1318 5565 1361 5618; x_wconf 85' lang='lat' dir='ltr'><strong>si</strong></span> <span class='ocrx_word' id='word_1_808' title='bbox 1394 5564 1515 5616; x_wconf 89' lang='lat' dir='ltr'><strong>bene</strong></span> <span class='ocrx_word' id='word_1_809' title='bbox 1543 5563 1724 5630; x_wconf 83' lang='lat' dir='ltr'><strong>egeris,</strong></span> <span class='ocrx_word' id='word_1_810' title='bbox 1756 5563 2006 5628; x_wconf 85' lang='lat' dir='ltr'><strong>recipies;</strong></span> <span class='ocrx_word' id='word_1_811' title='bbox 2030 5564 2112 5618; x_wconf 87' lang='lat' dir='ltr'><strong>sin</strong></span> 
     </span>
    </p>
   </div>
   <div class='ocr_carea' id='block_1_105' title="bbox 515 5624 2112 5706">
    <p class='ocr_par' dir='ltr' id='par_1_105' title="bbox 515 5624 2112 5706">
     <span class='ocr_line' id='line_1_105' title="bbox 515 5624 2112 5706; baseline 0.009 -32"><span class='ocrx_word' id='word_1_812' title='bbox 515 5631 685 5706; x_wconf 72' lang='lat' dir='ltr'><strong>autem</strong></span> <span class='ocrx_word' id='word_1_813' title='bbox 711 5624 1050 5706; x_wconf 68' lang='lat' dir='ltr'><strong>male,statint</strong></span> <span class='ocrx_word' id='word_1_814' title='bbox 1075 5635 1127 5687; x_wconf 88' lang='lat' dir='ltr'><strong>in</strong></span> <span class='ocrx_word' id='word_1_815' title='bbox 1163 5636 1355 5706; x_wconf 72' lang='lat' dir='ltr'><strong>foribus</strong></span> <span class='ocrx_word' id='word_1_816' title='bbox 1381 5624 1641 5706; x_wconf 74' lang='lat' dir='ltr'><strong>peccatum</strong></span> <span class='ocrx_word' id='word_1_817' title='bbox 1670 5624 1871 5706; x_wconf 73' lang='lat' dir='ltr'><strong>aderit?</strong></span> <span class='ocrx_word' id='word_1_818' title='bbox 1891 5624 1997 5706; x_wconf 63' lang='grc' dir='ltr'><strong>δρᾶ</strong></span> <span class='ocrx_word' id='word_1_819' title='bbox 2021 5636 2112 5688; x_wconf 90' lang='lat' dir='ltr'><strong>sub</strong></span> 
     </span>
    </p>
   </div>
   <div class='ocr_carea' id='block_1_106' title="bbox 518 5701 2114 5774">
    <p class='ocr_par' dir='ltr' id='par_1_106' title="bbox 518 5701 2114 5774">
     <span class='ocr_line' id='line_1_106' title="bbox 518 5701 2114 5774; baseline 0.01 -31"><span class='ocrx_word' id='word_1_820' title='bbox 518 5701 565 5774; x_wconf 77' lang='lat' dir='ltr'><strong>te</strong></span> <span class='ocrx_word' id='word_1_821' title='bbox 592 5701 686 5747; x_wconf 81' lang='lat' dir='ltr'><strong>erit</strong></span> <span class='ocrx_word' id='word_1_822' title='bbox 716 5701 967 5762; x_wconf 87' lang='lat' dir='ltr'><strong>appetitus</strong></span> <span class='ocrx_word' id='word_1_823' title='bbox 997 5702 1137 5768; x_wconf 86' lang='lat' dir='ltr'><strong>ejus,</strong></span> <span class='ocrx_word' id='word_1_824' title='bbox 1164 5701 1212 5757; x_wconf 87' lang='lat' dir='ltr'><strong>et</strong></span> <span class='ocrx_word' id='word_1_825' title='bbox 1235 5714 1292 5758; x_wconf 92' lang='lat' dir='ltr'><strong>tu</strong></span> <span class='ocrx_word' id='word_1_826' title='bbox 1321 5701 1662 5758; x_wconf 81' lang='lat' dir='ltr'><strong>dominaberis</strong></span> <span class='ocrx_word' id='word_1_827' title='bbox 1697 5702 1857 5756; x_wconf 80' lang='lat' dir='ltr'><strong>illius.</strong></span> <span class='ocrx_word' id='word_1_828' title='bbox 1889 5703 1965 5757; x_wconf 91' lang='lat' dir='ltr'><strong>De</strong></span> <span class='ocrx_word' id='word_1_829' title='bbox 1996 5720 2114 5758; x_wconf 83' lang='lat' dir='ltr'><strong>ver-</strong></span> 
     </span>
    </p>
   </div>
   <div class='ocr_carea' id='block_1_107' title="bbox 517 5773 2113 5847">
    <p class='ocr_par' dir='ltr' id='par_1_107' title="bbox 517 5773 2113 5847">
     <span class='ocr_line' id='line_1_107' title="bbox 517 5773 2113 5847; baseline 0.009 -30"><span class='ocrx_word' id='word_1_830' title='bbox 517 5773 670 5847; x_wconf 65' lang='lat' dir='ltr'><strong>sione</strong></span> <span class='ocrx_word' id='word_1_831' title='bbox 706 5779 863 5847; x_wconf 84' lang='lat' dir='ltr'><strong>quam</strong></span> <span class='ocrx_word' id='word_1_832' title='bbox 907 5774 1160 5847; x_wconf 69' lang='lat' dir='ltr'><strong>sequitur</strong></span> <span class='ocrx_word' id='word_1_833' title='bbox 1191 5773 1618 5847; x_wconf 46' lang='lat' dir='ltr'><strong>[sideruvaide</strong></span> <span class='ocrx_word' id='word_1_834' title='bbox 1655 5787 2005 5847; x_wconf 83' lang='lat' dir='ltr'><strong>commentar.</strong></span> <span class='ocrx_word' id='word_1_835' title='bbox 2047 5777 2113 5832; x_wconf 91' lang='lat' dir='ltr'><strong>ad</strong></span> 
     </span>
    </p>
   </div>
   <div class='ocr_carea' id='block_1_108' title="bbox 519 5832 2115 5918">
    <p class='ocr_par' dir='ltr' id='par_1_108' title="bbox 519 5832 2115 5918">
     <span class='ocr_line' id='line_1_108' title="bbox 519 5832 2115 5918; baseline 0.009 -29"><span class='ocrx_word' id='word_1_836' title='bbox 519 5832 886 5905; x_wconf 75' lang='lat' dir='ltr'><strong>Prudentium,</strong></span> <span class='ocrx_word' id='word_1_837' title='bbox 917 5832 1037 5911; x_wconf 79' lang='lat' dir='ltr'><strong>pag.</strong></span> <span class='ocrx_word' id='word_1_838' title='bbox 1059 5842 1183 5900; x_wconf 68' lang='grc'><strong>495.</strong></span> <span class='ocrx_word' id='word_1_839' title='bbox 1217 5845 1396 5902; x_wconf 89' lang='lat' dir='ltr'><strong>Codex</strong></span> <span class='ocrx_word' id='word_1_840' title='bbox 1427 5832 1659 5902; x_wconf 74' lang='lat' dir='ltr'><strong>Floreat.</strong></span> <span class='ocrx_word' id='word_1_841' title='bbox 1688 5846 1741 5908; x_wconf 84' lang='grc'>1,</span> <span class='ocrx_word' id='word_1_842' title='bbox 1761 5857 1882 5918; x_wconf 90' lang='lat' dir='ltr'><strong>post</strong></span> <span class='ocrx_word' id='word_1_843' title='bbox 1907 5856 2115 5918; x_wconf 87' lang='lat' dir='ltr'><strong>antepo-</strong></span> 
     </span>
    </p>
   </div>
   <div class='ocr_carea' id='block_1_109' title="bbox 2210 4573 3810 4640">
    <p class='ocr_par' dir='ltr' id='par_1_109' title="bbox 2210 4573 3810 4640">
     <span class='ocr_line' id='line_1_109' title="bbox 2210 4573 3810 4640; baseline 0.003 -17"><span class='ocrx_word' id='word_1_844' title='bbox 2210 4588 2413 4634; x_wconf 88' lang='lat' dir='ltr'><strong>munus,</strong></span> <span class='ocrx_word' id='word_1_845' title='bbox 2439 4574 2527 4626; x_wconf 88' lang='lat' dir='ltr'><strong>sed</strong></span> <span class='ocrx_word' id='word_1_846' title='bbox 2555 4575 2606 4624; x_wconf 87' lang='lat' dir='ltr'><strong>in</strong></span> <span class='ocrx_word' id='word_1_847' title='bbox 2649 4573 2799 4625; x_wconf 88' lang='lat' dir='ltr'><strong>corde</strong></span> <span class='ocrx_word' id='word_1_848' title='bbox 2823 4573 2967 4638; x_wconf 81' lang='lat' dir='ltr'><strong>vidit,</strong></span> <span class='ocrx_word' id='word_1_849' title='bbox 3002 4587 3048 4626; x_wconf 86' lang='lat' dir='ltr'><strong>et</strong></span> <span class='ocrx_word' id='word_1_850' title='bbox 3077 4590 3227 4640; x_wconf 86' lang='lat' dir='ltr'><strong>quem</strong></span> <span class='ocrx_word' id='word_1_851' title='bbox 3269 4573 3392 4625; x_wconf 85' lang='lat' dir='ltr'><strong>vidit</strong></span> <span class='ocrx_word' id='word_1_852' title='bbox 3415 4591 3530 4627; x_wconf 89' lang='lat' dir='ltr'><strong>cum</strong></span> <span class='ocrx_word' id='word_1_853' title='bbox 3567 4577 3810 4629; x_wconf 82' lang='lat' dir='ltr'><strong>charitate</strong></span> 
     </span>
    </p>
   </div>
   <div class='ocr_carea' id='block_1_110' title="bbox 2205 4644 3808 4714">
    <p class='ocr_par' dir='ltr' id='par_1_110' title="bbox 2205 4644 3808 4714">
     <span class='ocr_line' id='line_1_110' title="bbox 2205 4644 3808 4714; baseline 0.002 -18"><span class='ocrx_word' id='word_1_854' title='bbox 2205 4644 2417 4709; x_wconf 71' lang='lat' dir='ltr'><strong>offerre,</strong></span> <span class='ocrx_word' id='word_1_855' title='bbox 2439 4644 2596 4710; x_wconf 89' lang='lat' dir='ltr'><strong>ipsius</strong></span> <span class='ocrx_word' id='word_1_856' title='bbox 2619 4644 2928 4709; x_wconf 82' lang='lat' dir='ltr'><strong>sacrificium</strong></span> <span class='ocrx_word' id='word_1_857' title='bbox 2953 4645 3210 4710; x_wconf 75' lang='lat' dir='ltr'><strong>respexit;</strong></span> <span class='ocrx_word' id='word_1_858' title='bbox 3242 4660 3391 4714; x_wconf 83' lang='lat' dir='ltr'><strong>quem</strong></span> <span class='ocrx_word' id='word_1_859' title='bbox 3419 4647 3546 4698; x_wconf 83' lang='lat' dir='ltr'><strong>vidit</strong></span> <span class='ocrx_word' id='word_1_860' title='bbox 3576 4662 3687 4698; x_wconf 89' lang='lat' dir='ltr'><strong>cum</strong></span> <span class='ocrx_word' id='word_1_861' title='bbox 3717 4647 3808 4700; x_wconf 89' lang='lat' dir='ltr'><strong>in-</strong></span> 
     </span>
    </p>
   </div>
   <div class='ocr_carea' id='block_1_111' title="bbox 2207 4713 3807 4787">
    <p class='ocr_par' dir='ltr' id='par_1_111' title="bbox 2207 4713 3807 4787">
     <span class='ocr_line' id='line_1_111' title="bbox 2207 4713 3807 4787; baseline 0.005 -23"><span class='ocrx_word' id='word_1_862' title='bbox 2207 4713 2343 4787; x_wconf 77' lang='lat' dir='ltr'><strong>vidia</strong></span> <span class='ocrx_word' id='word_1_863' title='bbox 2369 4713 2650 4787; x_wconf 72' lang='lat' dir='ltr'><strong>o/ferre,_ab</strong></span> <span class='ocrx_word' id='word_1_864' title='bbox 2667 4714 2828 4787; x_wconf 82' lang='lat' dir='ltr'><strong>ipsius</strong></span> <span class='ocrx_word' id='word_1_865' title='bbox 2849 4714 3109 4787; x_wconf 74' lang='lat' dir='ltr'><strong>sacriﬁcio</strong></span> <span class='ocrx_word' id='word_1_866' title='bbox 3127 4713 3298 4787; x_wconf 73' lang='lat' dir='ltr'><strong>oculos</strong></span> <span class='ocrx_word' id='word_1_867' title='bbox 3317 4720 3516 4787; x_wconf 70' lang='lat' dir='ltr'><strong>avertit.</strong></span> <span class='ocrx_word' id='word_1_868' title='bbox 3535 4717 3671 4782; x_wconf 85' lang='lat' dir='ltr'><strong>Alia,</strong></span> <span class='ocrx_word' id='word_1_869' title='bbox 3690 4733 3807 4787; x_wconf 65' lang='lat' dir='ltr'><strong>quas</strong></span> 
     </span>
    </p>
   </div>
   <div class='ocr_carea' id='block_1_112' title="bbox 2207 4784 3808 4857">
    <p class='ocr_par' dir='ltr' id='par_1_112' title="bbox 2207 4784 3808 4857">
     <span class='ocr_line' id='line_1_112' title="bbox 2207 4784 3808 4857; baseline 0.004 -23"><span class='ocrx_word' id='word_1_870' title='bbox 2207 4784 2307 4857; x_wconf 61' lang='lat' dir='ltr'><strong>hoc</strong></span> <span class='ocrx_word' id='word_1_871' title='bbox 2353 4787 2468 4839; x_wconf 93' lang='lat' dir='ltr'><strong>loco</strong></span> <span class='ocrx_word' id='word_1_872' title='bbox 2518 4785 2669 4839; x_wconf 76' lang='lat' dir='ltr'><strong>affert</strong></span> <span class='ocrx_word' id='word_1_873' title='bbox 2718 4785 3062 4857; x_wconf 79' lang='lat' dir='ltr'><strong>Grialius_ex</strong></span> <span class='ocrx_word' id='word_1_874' title='bbox 3111 4788 3216 4857; x_wconf 79' lang='lat' dir='ltr'><strong>Ms.</strong></span> <span class='ocrx_word' id='word_1_875' title='bbox 3253 4785 3362 4839; x_wconf 79' lang='lat' dir='ltr'><strong>Val.</strong></span> <span class='ocrx_word' id='word_1_876' title='bbox 3397 4797 3450 4840; x_wconf 92' lang='lat' dir='ltr'><strong>et</strong></span> <span class='ocrx_word' id='word_1_877' title='bbox 3486 4784 3718 4857; x_wconf 70' lang='lat' dir='ltr'><strong>Comp|.,</strong></span> <span class='ocrx_word' id='word_1_878' title='bbox 3757 4789 3808 4843; x_wconf 91' lang='lat' dir='ltr'><strong>in</strong></span> 
     </span>
    </p>
   </div>
   <div class='ocr_carea' id='block_1_113' title="bbox 2208 4854 3803 4978">
    <p class='ocr_par' dir='ltr' id='par_1_113' title="bbox 2208 4854 3803 4978">
     <span class='ocr_line' id='line_1_113' title="bbox 2208 4854 3803 4978; baseline 0.004 -71"><span class='ocrx_word' id='word_1_879' title='bbox 2208 4854 2353 4978; x_wconf 52' lang='lat' dir='ltr'><strong>Elor.</strong></span> <span class='ocrx_word' id='word_1_880' title='bbox 2399 4857 2421 4910; x_wconf 88' lang='grc'><strong>1</strong></span> <span class='ocrx_word' id='word_1_881' title='bbox 2473 4864 2683 4910; x_wconf 83' lang='lat' dir='ltr'><strong>exstant</strong></span> <span class='ocrx_word' id='word_1_882' title='bbox 2732 4872 2878 4909; x_wconf 88' lang='lat' dir='ltr'><strong>num.</strong></span> <span class='ocrx_word' id='word_1_883' title='bbox 2923 4855 3015 4924; x_wconf 67' lang='lat'><strong>22,</strong></span> <span class='ocrx_word' id='word_1_884' title='bbox 3067 4856 3155 4910; x_wconf 90' lang='lat' dir='ltr'><strong>ubi</strong></span> <span class='ocrx_word' id='word_1_885' title='bbox 3217 4858 3284 4911; x_wconf 90' lang='lat' dir='ltr'><strong>de</strong></span> <span class='ocrx_word' id='word_1_886' title='bbox 3348 4858 3563 4912; x_wconf 89' lang='lat' dir='ltr'><strong>Henoch</strong></span> <span class='ocrx_word' id='word_1_887' title='bbox 3613 4854 3803 4929; x_wconf 82' lang='lat' dir='ltr'><strong>agitur.</strong></span> 
     </span>
     <span class='ocr_line' id='line_1_114' title="bbox 2257 4941 2380 4978; baseline 0 0"><span class='ocrx_word' id='word_1_888' title='bbox 2257 4941 2380 4978; x_wconf 59' lang='lat' dir='ltr'><strong>nev.</strong></span> 
     </span>
    </p>
   </div>
   <div class='ocr_carea' id='block_1_114' title="bbox 2257 4941 2380 4979">
    <p class='ocr_par' dir='ltr' id='par_1_114' title="bbox 2257 4941 2380 4979">
     <span class='ocr_line' id='line_1_115' title="bbox 2257 4941 2380 4979; baseline 0.024 -4"><span class='ocrx_word' id='word_1_889' title='bbox 2257 4941 2380 4979; x_wconf 74' lang='lat' dir='ltr'><strong>RFV.</strong></span> 
     </span>
    </p>
   </div>
   <div class='ocr_carea' id='block_1_115' title="bbox 2207 4995 3804 5123">
    <p class='ocr_par' dir='ltr' id='par_1_115' title="bbox 2207 4995 3804 5123">
     <span class='ocr_line' id='line_1_116' title="bbox 2277 4995 3804 5069; baseline 0.005 -21"><span class='ocrx_word' id='word_1_890' title='bbox 2277 4995 2329 5049; x_wconf 80' lang='grc'><strong>5.</strong></span> <span class='ocrx_word' id='word_1_891' title='bbox 2363 4995 2641 5062; x_wconf 85' lang='lat' dir='ltr'><strong>Eidemque</strong></span> <span class='ocrx_word' id='word_1_892' title='bbox 2669 5007 2893 5068; x_wconf 87' lang='lat' dir='ltr'><strong>peccato.</strong></span> <span class='ocrx_word' id='word_1_893' title='bbox 2931 4997 2996 5051; x_wconf 86' lang='lat' dir='ltr'><strong>Ei</strong></span> <span class='ocrx_word' id='word_1_894' title='bbox 3015 4997 3252 5068; x_wconf 84' lang='lat' dir='ltr'><strong>denique.</strong></span> <span class='ocrx_word' id='word_1_895' title='bbox 3289 4999 3635 5069; x_wconf 86' lang='lat' dir='ltr'><strong>Augustinus,</strong></span> <span class='ocrx_word' id='word_1_896' title='bbox 3664 4999 3804 5055; x_wconf 86' lang='lat' dir='ltr'><strong>facili</strong></span> 
     </span>
     <span class='ocr_line' id='line_1_117' title="bbox 2207 5069 2602 5123; baseline -0.003 -1"><span class='ocrx_word' id='word_1_897' title='bbox 2207 5070 2376 5123; x_wconf 78' lang='lat' dir='ltr'><strong>laus&quot;.</strong></span> <span class='ocrx_word' id='word_1_898' title='bbox 2409 5069 2602 5123; x_wconf 76' lang='lat' dir='ltr'><strong>GRIAL.</strong></span> 
     </span>
    </p>
   </div>
   <div class='ocr_carea' id='block_1_116' title="bbox 2228 5070 2602 5137">
    <p class='ocr_par' dir='ltr' id='par_1_116' title="bbox 2228 5070 2602 5137">
     <span class='ocr_line' id='line_1_118' title="bbox 2228 5070 2602 5137; baseline 0 -16"><span class='ocrx_word' id='word_1_899' title='bbox 2228 5083 2376 5137; x_wconf 88' lang='lat' dir='ltr'><strong>apsu.</strong></span> <span class='ocrx_word' id='word_1_900' title='bbox 2409 5070 2602 5123; x_wconf 76' lang='lat' dir='ltr'><strong>GRIAL.</strong></span> 
     </span>
    </p>
   </div>
   <div class='ocr_carea' id='block_1_117' title="bbox 2281 5137 3806 5206">
    <p class='ocr_par' dir='ltr' id='par_1_117' title="bbox 2281 5137 3806 5206">
     <span class='ocr_line' id='line_1_119' title="bbox 2281 5137 3806 5206; baseline 0.003 -15"><span class='ocrx_word' id='word_1_901' title='bbox 2281 5137 2417 5193; x_wconf 86' lang='lat' dir='ltr'><strong>Ibid.</strong></span> <span class='ocrx_word' id='word_1_902' title='bbox 2454 5140 2579 5194; x_wconf 84' lang='lat' dir='ltr'><strong>Post</strong></span> <span class='ocrx_word' id='word_1_903' title='bbox 2607 5141 2826 5194; x_wconf 89' lang='lat' dir='ltr'><strong>verbum</strong></span> <span class='ocrx_word' id='word_1_904' title='bbox 2877 5140 3148 5206; x_wconf 84' lang='lat' dir='ltr'><strong>dicentem,</strong></span> <span class='ocrx_word' id='word_1_905' title='bbox 3177 5141 3264 5194; x_wconf 89' lang='lat' dir='ltr'><strong>alii</strong></span> <span class='ocrx_word' id='word_1_906' title='bbox 3295 5141 3528 5194; x_wconf 86' lang='lat' dir='ltr'><strong>addunt:</strong></span> <span class='ocrx_word' id='word_1_907' title='bbox 3583 5139 3705 5193; x_wconf 85' lang='lat' dir='ltr'><strong>Non</strong></span> <span class='ocrx_word' id='word_1_908' title='bbox 3733 5151 3806 5195; x_wconf 89' lang='lat' dir='ltr'><strong>est</strong></span> 
     </span>
    </p>
   </div>
   <div class='ocr_carea' id='block_1_118' title="bbox 2209 5211 3802 5281">
    <p class='ocr_par' dir='ltr' id='par_1_118' title="bbox 2209 5211 3802 5281">
     <span class='ocr_line' id='line_1_120' title="bbox 2209 5211 3802 5281; baseline 0.001 -18"><span class='ocrx_word' id='word_1_909' title='bbox 2209 5227 2335 5281; x_wconf 83' lang='lat' dir='ltr'><strong>apus</strong></span> <span class='ocrx_word' id='word_1_910' title='bbox 2365 5213 2500 5264; x_wconf 87' lang='lat' dir='ltr'><strong>sanis</strong></span> <span class='ocrx_word' id='word_1_911' title='bbox 2527 5213 2774 5267; x_wconf 86' lang='lat' dir='ltr'><strong>medicus.</strong></span> <span class='ocrx_word' id='word_1_912' title='bbox 2798 5211 2864 5264; x_wconf 81' lang='lat' dir='ltr'><strong>Et</strong></span> <span class='ocrx_word' id='word_1_913' title='bbox 2895 5214 3074 5264; x_wconf 88' lang='lat' dir='ltr'><strong>iterum</strong></span> <span class='ocrx_word' id='word_1_914' title='bbox 3098 5227 3116 5265; x_wconf 91' lang='lat'><strong><em>:</em></strong></span> <span class='ocrx_word' id='word_1_915' title='bbox 3148 5213 3325 5264; x_wconf 82' lang='lat' dir='ltr'><strong>Omnis</strong></span> <span class='ocrx_word' id='word_1_916' title='bbox 3353 5213 3444 5281; x_wconf 85' lang='lat' dir='ltr'><strong>qui</strong></span> <span class='ocrx_word' id='word_1_917' title='bbox 3468 5211 3591 5281; x_wconf 81' lang='lat' dir='ltr'><strong>facit</strong></span> <span class='ocrx_word' id='word_1_918' title='bbox 3619 5228 3802 5281; x_wconf 87' lang='lat' dir='ltr'><strong>pecca-</strong></span> 
     </span>
    </p>
   </div>
   <div class='ocr_carea' id='block_1_119' title="bbox 2211 5280 3806 5349">
    <p class='ocr_par' dir='ltr' id='par_1_119' title="bbox 2211 5280 3806 5349">
     <span class='ocr_line' id='line_1_121' title="bbox 2211 5280 3806 5349; baseline 0.002 -16"><span class='ocrx_word' id='word_1_919' title='bbox 2211 5291 2339 5348; x_wconf 86' lang='lat' dir='ltr'><strong>tum,</strong></span> <span class='ocrx_word' id='word_1_920' title='bbox 2357 5298 2525 5336; x_wconf 78' lang='lat' dir='ltr'><strong>servus</strong></span> <span class='ocrx_word' id='word_1_921' title='bbox 2548 5292 2621 5335; x_wconf 85' lang='lat' dir='ltr'><strong>est</strong></span> <span class='ocrx_word' id='word_1_922' title='bbox 2646 5285 2856 5349; x_wconf 87' lang='lat' dir='ltr'><strong>peccati.</strong></span> <span class='ocrx_word' id='word_1_923' title='bbox 2893 5282 2956 5335; x_wconf 80' lang='lat' dir='ltr'><strong>Et</strong></span> <span class='ocrx_word' id='word_1_924' title='bbox 2979 5285 3191 5337; x_wconf 87' lang='lat' dir='ltr'><strong>iterum:</strong></span> <span class='ocrx_word' id='word_1_925' title='bbox 3222 5283 3281 5336; x_wconf 86' lang='lat' dir='ltr'><strong>Si</strong></span> <span class='ocrx_word' id='word_1_926' title='bbox 3311 5299 3395 5335; x_wconf 87' lang='lat' dir='ltr'><strong>vos</strong></span> <span class='ocrx_word' id='word_1_927' title='bbox 3419 5280 3590 5335; x_wconf 85' lang='lat' dir='ltr'><strong>Filius</strong></span> <span class='ocrx_word' id='word_1_928' title='bbox 3621 5280 3806 5336; x_wconf 78' lang='lat' dir='ltr'><strong>libera-</strong></span> 
     </span>
    </p>
   </div>
   <div class='ocr_carea' id='block_1_120' title="bbox 2210 5351 3688 5420">
    <p class='ocr_par' dir='ltr' id='par_1_120' title="bbox 2210 5351 3688 5420">
     <span class='ocr_line' id='line_1_122' title="bbox 2210 5351 3688 5420; baseline -0.001 -14"><span class='ocrx_word' id='word_1_929' title='bbox 2210 5354 2354 5420; x_wconf 86' lang='lat' dir='ltr'><strong>verit,</strong></span> <span class='ocrx_word' id='word_1_930' title='bbox 2383 5370 2495 5406; x_wconf 85' lang='lat' dir='ltr'><strong>vere</strong></span> <span class='ocrx_word' id='word_1_931' title='bbox 2521 5354 2662 5407; x_wconf 85' lang='lat' dir='ltr'><strong>liberi</strong></span> <span class='ocrx_word' id='word_1_932' title='bbox 2694 5356 2851 5408; x_wconf 85' lang='lat' dir='ltr'><strong>eritis.</strong></span> <span class='ocrx_word' id='word_1_933' title='bbox 2871 5352 2937 5405; x_wconf 86' lang='lat' dir='ltr'><strong>Et</strong></span> <span class='ocrx_word' id='word_1_934' title='bbox 2965 5356 3178 5408; x_wconf 87' lang='lat' dir='ltr'><strong>iterum:</strong></span> <span class='ocrx_word' id='word_1_935' title='bbox 3205 5351 3326 5407; x_wconf 88' lang='lat' dir='ltr'><strong>Non</strong></span> <span class='ocrx_word' id='word_1_936' title='bbox 3356 5354 3485 5407; x_wconf 88' lang='lat' dir='ltr'><strong>veni.</strong></span> <span class='ocrx_word' id='word_1_937' title='bbox 3516 5353 3688 5407; x_wconf 76' lang='lat' dir='ltr'><strong>Ancv.</strong></span> 
     </span>
    </p>
   </div>
   <div class='ocr_carea' id='block_1_121' title="bbox 2283 5423 3796 5496">
    <p class='ocr_par' dir='ltr' id='par_1_121' title="bbox 2283 5423 3796 5496">
     <span class='ocr_line' id='line_1_123' title="bbox 2283 5423 3796 5496; baseline 0.002 -20"><span class='ocrx_word' id='word_1_938' title='bbox 2283 5425 2336 5477; x_wconf 89' lang='lat'><strong>7.</strong></span> <span class='ocrx_word' id='word_1_939' title='bbox 2368 5425 2491 5478; x_wconf 86' lang='lat' dir='ltr'><strong>Cum</strong></span> <span class='ocrx_word' id='word_1_940' title='bbox 2514 5427 2665 5490; x_wconf 86' lang='lat' dir='ltr'><strong>enim,</strong></span> <span class='ocrx_word' id='word_1_941' title='bbox 2716 5435 3030 5479; x_wconf 88' lang='lat' dir='ltr'><strong>sacramento</strong></span> <span class='ocrx_word' id='word_1_942' title='bbox 3056 5436 3281 5496; x_wconf 90' lang='lat' dir='ltr'><strong>accepto.</strong></span> <span class='ocrx_word' id='word_1_943' title='bbox 3308 5423 3454 5489; x_wconf 86' lang='lat' dir='ltr'><strong>Cum,</strong></span> <span class='ocrx_word' id='word_1_944' title='bbox 3483 5441 3540 5479; x_wconf 87' lang='lat' dir='ltr'><strong>eo</strong></span> <span class='ocrx_word' id='word_1_945' title='bbox 3569 5433 3796 5495; x_wconf 87' lang='lat' dir='ltr'><strong>accepto,</strong></span> 
     </span>
    </p>
   </div>
   <div class='ocr_carea' id='block_1_122' title="bbox 2213 5496 2755 5564">
    <p class='ocr_par' dir='ltr' id='par_1_122' title="bbox 2213 5496 2755 5564">
     <span class='ocr_line' id='line_1_124' title="bbox 2213 5496 2755 5564; baseline -0.002 -13"><span class='ocrx_word' id='word_1_946' title='bbox 2213 5496 2556 5564; x_wconf 83' lang='lat' dir='ltr'><strong>Augustinus.</strong></span> <span class='ocrx_word' id='word_1_947' title='bbox 2589 5499 2755 5550; x_wconf 75' lang='lat' dir='ltr'><strong>Cum.</strong></span> 
     </span>
    </p>
   </div>
   <div class='ocr_carea' id='block_1_123' title="bbox 2287 5565 3806 5637">
    <p class='ocr_par' dir='ltr' id='par_1_123' title="bbox 2287 5565 3806 5637">
     <span class='ocr_line' id='line_1_125' title="bbox 2287 5565 3806 5637; baseline 0.002 -19"><span class='ocrx_word' id='word_1_948' title='bbox 2287 5566 2424 5619; x_wconf 87' lang='lat' dir='ltr'><strong>Ibid.</strong></span> <span class='ocrx_word' id='word_1_949' title='bbox 2446 5565 2795 5634; x_wconf 79' lang='lat' dir='ltr'><strong>Respondetur</strong></span> <span class='ocrx_word' id='word_1_950' title='bbox 2811 5567 2992 5621; x_wconf 79' lang='lat' dir='ltr'><strong>Amen.</strong></span> <span class='ocrx_word' id='word_1_951' title='bbox 3018 5566 3088 5620; x_wconf 86' lang='lat' dir='ltr'><strong>lla</strong></span> <span class='ocrx_word' id='word_1_952' title='bbox 3104 5567 3525 5637; x_wconf 85' lang='lat' dir='ltr'><strong>respondebatur</strong></span> <span class='ocrx_word' id='word_1_953' title='bbox 3543 5567 3592 5620; x_wconf 90' lang='lat' dir='ltr'><strong>in</strong></span> <span class='ocrx_word' id='word_1_954' title='bbox 3608 5567 3806 5621; x_wconf 90' lang='lat' dir='ltr'><strong>utrius-</strong></span> 
     </span>
    </p>
   </div>
   <div class='ocr_carea' id='block_1_124' title="bbox 2215 5638 3799 5708">
    <p class='ocr_par' dir='ltr' id='par_1_124' title="bbox 2215 5638 3799 5708">
     <span class='ocr_line' id='line_1_126' title="bbox 2215 5638 3799 5708; baseline 0.001 -17"><span class='ocrx_word' id='word_1_955' title='bbox 2215 5653 2316 5708; x_wconf 90' lang='lat' dir='ltr'><strong>que</strong></span> <span class='ocrx_word' id='word_1_956' title='bbox 2344 5639 2540 5708; x_wconf 80' lang='lat' dir='ltr'><strong>speciei</strong></span> <span class='ocrx_word' id='word_1_957' title='bbox 2573 5641 2968 5708; x_wconf 82' lang='lat' dir='ltr'><strong>communione.</strong></span> <span class='ocrx_word' id='word_1_958' title='bbox 3003 5639 3317 5692; x_wconf 84' lang='lat' dir='ltr'><strong>Ambrosius</strong></span> <span class='ocrx_word' id='word_1_959' title='bbox 3345 5639 3410 5692; x_wconf 92' lang='lat' dir='ltr'><strong>de</strong></span> <span class='ocrx_word' id='word_1_960' title='bbox 3433 5653 3677 5708; x_wconf 80' lang='lat' dir='ltr'><strong>corpore,</strong></span> <span class='ocrx_word' id='word_1_961' title='bbox 3705 5638 3799 5693; x_wconf 87' lang='lat' dir='ltr'><strong>hb.</strong></span> 
     </span>
    </p>
   </div>
   <div class='ocr_carea' id='block_1_125' title="bbox 2220 5706 3804 5779">
    <p class='ocr_par' dir='ltr' id='par_1_125' title="bbox 2220 5706 3804 5779">
     <span class='ocr_line' id='line_1_127' title="bbox 2220 5706 3804 5779; baseline 0 -18"><span class='ocrx_word' id='word_1_962' title='bbox 2220 5706 2271 5761; x_wconf 77' lang='lat' dir='ltr'><strong>tv</strong></span> <span class='ocrx_word' id='word_1_963' title='bbox 2301 5709 2367 5762; x_wconf 92' lang='lat' dir='ltr'><strong>de</strong></span> <span class='ocrx_word' id='word_1_964' title='bbox 2394 5706 2630 5761; x_wconf 85' lang='lat' dir='ltr'><strong>Sacram.</strong></span> <span class='ocrx_word' id='word_1_965' title='bbox 2653 5725 2670 5779; x_wconf 52' lang='grc' dir='ltr'><strong>ἱ</strong></span> <span class='ocrx_word' id='word_1_966' title='bbox 2695 5707 2822 5760; x_wconf 81' lang='lat' dir='ltr'><strong>Dicit</strong></span> <span class='ocrx_word' id='word_1_967' title='bbox 2848 5710 2936 5762; x_wconf 88' lang='lat' dir='ltr'><strong>tibi</strong></span> <span class='ocrx_word' id='word_1_968' title='bbox 2953 5711 3191 5764; x_wconf 87' lang='lat' dir='ltr'><strong>sacerdos</strong></span> <span class='ocrx_word' id='word_1_969' title='bbox 3211 5707 3437 5779; x_wconf 87' lang='lat' dir='ltr'><strong>:.Corpus</strong></span> <span class='ocrx_word' id='word_1_970' title='bbox 3458 5707 3668 5773; x_wconf 77' lang='lat' dir='ltr'><strong>Christi,</strong></span> <span class='ocrx_word' id='word_1_971' title='bbox 3683 5719 3728 5761; x_wconf 89' lang='lat' dir='ltr'><strong>et</strong></span> <span class='ocrx_word' id='word_1_972' title='bbox 3748 5717 3804 5761; x_wconf 85' lang='lat' dir='ltr'><strong>tu</strong></span> 
     </span>
    </p>
   </div>
   <div class='ocr_carea' id='block_1_126' title="bbox 2219 5778 3800 5852">
    <p class='ocr_par' dir='ltr' id='par_1_126' title="bbox 2219 5778 3800 5852">
     <span class='ocr_line' id='line_1_128' title="bbox 2219 5778 3800 5852; baseline 0.001 -21"><span class='ocrx_word' id='word_1_973' title='bbox 2219 5780 2343 5832; x_wconf 87' lang='lat' dir='ltr'><strong>dicis</strong></span> <span class='ocrx_word' id='word_1_974' title='bbox 2364 5794 2384 5833; x_wconf 88' lang='lat'><strong><em>:</em></strong></span> <span class='ocrx_word' id='word_1_975' title='bbox 2412 5781 2588 5852; x_wconf 70' lang='lat' dir='ltr'><strong>Anien.</strong></span> <span class='ocrx_word' id='word_1_976' title='bbox 2623 5778 2736 5852; x_wconf 79' lang='lat' dir='ltr'><strong>Hoc</strong></span> <span class='ocrx_word' id='word_1_977' title='bbox 2756 5790 2828 5835; x_wconf 91' lang='lat' dir='ltr'><strong>est</strong></span> <span class='ocrx_word' id='word_1_978' title='bbox 2857 5796 3069 5848; x_wconf 80' lang='lat' dir='ltr'><strong>verum;</strong></span> <span class='ocrx_word' id='word_1_979' title='bbox 3113 5781 3253 5852; x_wconf 88' lang='lat' dir='ltr'><strong>quod</strong></span> <span class='ocrx_word' id='word_1_980' title='bbox 3295 5778 3565 5851; x_wconf 79' lang='lat' dir='ltr'><strong>confitetur</strong></span> <span class='ocrx_word' id='word_1_981' title='bbox 3602 5782 3800 5851; x_wconf 76' lang='lat' dir='ltr'><strong>lingua,</strong></span> 
     </span>
    </p>
   </div>
   <div class='ocr_carea' id='block_1_127' title="bbox 2219 5849 2854 5922">
    <p class='ocr_par' dir='ltr' id='par_1_127' title="bbox 2219 5849 2854 5922">
     <span class='ocr_line' id='line_1_129' title="bbox 2219 5849 2854 5922; baseline -0.002 -16"><span class='ocrx_word' id='word_1_982' title='bbox 2219 5860 2381 5906; x_wconf 86' lang='lat' dir='ltr'><strong>teneat</strong></span> <span class='ocrx_word' id='word_1_983' title='bbox 2407 5849 2636 5922; x_wconf 77' lang='lat' dir='ltr'><strong>affectus.</strong></span> <span class='ocrx_word' id='word_1_984' title='bbox 2664 5850 2854 5907; x_wconf 72' lang='lat' dir='ltr'><strong>GIIAL.</strong></span> 
     </span>
    </p>
   </div>
   <div class='ocr_carea' id='block_1_128' title="bbox 2225 6007 2360 6022">
    <p class='ocr_par' dir='ltr' id='par_1_128' title="bbox 2225 6007 2360 6022">
     <span class='ocr_line' id='line_1_130' title="bbox 2225 6007 2360 6022; baseline 0.022 -5"><span class='ocrx_word' id='word_1_985' title='bbox 2225 6007 2360 6022; x_wconf 76' lang='grc' dir='ltr'><strong>.-...,ι</strong></span> 
     </span>
    </p>
   </div>
  </div>
