4100 6344
341 283 452 340 225

1169 281 1622 350 ουΑεετιοΝεε
1663 282 1727 338 ΙΝ
1770 283 1927 338 VET.
1969 281 2361 340 TESTAM.—
2389 283 2455 340 IN
2493 286 2803 346 GENESIN.

3530 303 3634 367 226

341 395 579 456 nolentis
620 408 742 452 esse
771 395 871 450 sub
910 393 1102 465 gratia,
1147 395 1242 450 sed
1287 396 1385 451 sub
1429 396 1565 466 lege,
1599 404 1656 451 ut
1691 405 1839 452 esset
1874 395 1941 452 ab
1967 395 2017 456 Α
2047 412 2116 453 ne
2142 399 2330 466 etiam,
2359 417 2525 470 regno
2555 411 2772 459 terreno
2805 407 3015 476 perdito
3042 450 3057 475 ,
3108 411 3209 466 ista
3239 413 3435 470 visibili
3464 427 3636 477 inmte

339 493 582 554 Ecclesia
614 490 949 555 maledictus,
979 491 1030 544 id
1055 499 1159 556 est,
1195 499 1251 543 ut
1280 489 1591 544 ostenderet
1616 506 1736 545 eum
1762 490 1945 545 Eccle-

338 586 420 645 sia
483 581 846 645 maledictum,
902 581 1217 635 testificante
1280 580 1580 649 Apostolo:
1647 579 1948 650 Quicunque

340 677 479 731 enim
503 690 566 728 eo:
595 671 832 740 operibus
862 671 988 739 legis
1015 680 1155 736 sunt,
1192 669 1286 724 sub
1319 669 1586 723 maledicto
1617 669 1744 744 legis
1770 681 1908 724 sunt.

413 768 466 822 9.
500 764 728 832 Deinde,
761 778 880 817 cum
905 763 1157 818 dixisset:
1183 760 1487 816 blaledictus
1516 772 1571 815 tu
1599 780 1631 816 a
1655 773 1812 828 terra,
1835 778 1950 833 qua:

339 859 543 931 aperuit
565 874 621 912 os
644 873 793 911 suum
816 856 1049 925 accipere
1070 854 1372 926 sanguinem
1400 855 1576 924 fratris
1606 856 1677 908 tui
1707 855 1772 908 de
1792 871 1948 908 manu

364 969 458 1020 ua,
485 967 590 1007 non
614 951 750 1006 dixit
778 951 1029 1019 quoniam
1056 948 1366 1020 operaberis
1396 964 1536 1015 eam,
1561 950 1656 1004 sed
1687 949 1782 1016 ait,
1817 963 1944 1018 quo-

340 1042 486 1098 niam
537 1041 849 1111 operaberis
897 1049 1130 1105 terram,
1175 1047 1229 1094 et
1269 1052 1376 1093 non
1421 1037 1640 1108 adjiciet
1695 1040 1946 1096 virtutem

344 1148 499 1190 suam
530 1133 663 1188 dare
695 1131 812 1187 tibi.

421 1230 508 1284 10.
527 1229 680 1285 Unde
697 1244 803 1285 non
831 1235 918 1284 est
942 1228 1470 1300 necesseintelligere
1481 1230 1723 1284 eamdem
1746 1238 1946 1287 terram

346 1323 560 1394 operari
575 1322 728 1386 Cain,
750 1337 871 1392 quae
883 1322 1092 1391 aperuit
1105 1336 1165 1377 os
1179 1322 1422 1390 accipere
1438 1321 1752 1393 sanguinem
1769 1323 1949 1380 fratris

346 1419 417 1474 de
446 1432 608 1473 manu
629 1417 765 1486 ejus.
789 1416 896 1472 Sed
929 1415 1048 1472 ideo
1077 1415 1394 1472 maledictus
1414 1415 1732 1486 intelligitur
1757 1419 1824 1472 ab
1849 1418 1949 1472 hac

346 1520 512 1578 terra,
566 1509 816 1579 quoniam
841 1518 1094 1578 operatur
1135 1517 1356 1578 terram,
1388 1526 1506 1579 qua:
1536 1509 1773 1565 nondum
1816 1511 1950 1581 adji-

345 1601 456 1659 ciet
490 1602 744 1656 virtutem
787 1615 940 1656 suam
981 1601 1110 1656 dare
1154 1601 1250 1656 illi.
1286 1600 1342 1656 Id
1387 1612 1492 1669 est,
1534 1602 1656 1658 ideo
1693 1604 1947 1673 populum

344 1697 650 1755 Judaaorum
679 1697 1022 1753 maledictum
1054 1697 1312 1766 agnoscit,
1346 1704 1402 1752 et
1431 1697 1669 1753 ostendit
1687 1697 1946 1763 Ecclesia,

2051 491 2343 546 occidatur.
2378 493 2525 548 Hanc
2553 494 2683 550 dicit
2710 496 2969 566 majorem
3007 515 3222 558 causam
3249 544 3265 570 ,
3306 521 3464 574 quam
3492 507 3634 564 illam

2051 581 2194 651 quod
2222 591 2365 638 terra
2397 596 2579 641 nostra
2611 602 2717 642 non
2753 589 2845 643 dat
2875 592 3127 649 virtutem
3161 611 3313 651 suam
3335 638 3351 665 ,
3385 614 3450 652 ne
3478 600 3636 668 spiri-

2053 671 2268 726 tualiter
2295 676 2573 731 moriatur.
2602 674 2905 736 Carnaliter
2929 686 3073 739 enim
3097 687 3256 754 sapit,
3281 697 3337 744 et
3357 689 3640 746 abscondit

2051 777 2112 818 se
2135 777 2166 817 a
2195 763 2330 820 facie
2358 765 2477 834 Dei,
2510 768 2562 822 id
2586 780 2689 834 est,
2709 769 2903 827 iratum
2929 775 3128 831 habere
3153 777 3322 832 Deum
3346 794 3508 848 grave
3531 794 3637 836 non

2051 861 2224 923 putat,
2269 855 2364 910 sed
2413 856 2518 910 huc
2546 860 2732 925 timet,
2788 877 2856 916 ne
2902 865 3208 921 inveniatur
3255 876 3312 922 et
3341 871 3638 932 occidatur.

2051 941 2348 999 Carnaliter
2404 947 2550 1004 enim
2596 950 2774 1019 sapit,
2813 962 3064 1024 tanquam
3120 973 3353 1028 operans
3404 969 3640 1030 terram,

2052 1036 2209 1102 cujus
2239 1033 2489 1091 virtutem
2522 1054 2627 1093 non
2661 1043 2879 1111 accipit.

2128 1127 2216 1181 15.
2260 1130 2465 1199 Sapere
2510 1143 2688 1186 autem
2739 1138 3034 1193 secundum
3080 1154 3297 1197 carnem
3347 1161 3491 1202 mors
3520 1158 3636 1216 cst;

2057 1231 2214 1286 quam
2242 1234 2346 1274 non
2381 1221 2687 1293 intelligens
2718 1218 2840 1294 ille,
2884 1230 3085 1285 amisso
3115 1247 3303 1303 regno,
3335 1239 3492 1305 gemit
3518 1282 3532 1305 ,
3588 1251 3643 1295 et

2052 1311 2387 1379 corporalem
2452 1323 2680 1369 mortem
2737 1320 2935 1374 tremit.
2985 1321 3090 1377 Sed
3121 1326 3246 1394 quid
3280 1327 3328 1383 ei
3368 1333 3643 1400 respondit

2052 1401 2351 1457 Dominus?
2405 1402 2746 1473 Nequaquam
2789 1410 2865 1462 ita
2895 1412 3028 1478 ﬁet;
3081 1417 3169 1469 sed
3200 1421 3362 1473 omnis
3391 1424 3478 1492 qui
3508 1427 3643 1478 occi-

2052 1495 2187 1549 derit
2219 1495 2369 1560 Cain,
2401 1498 2693 1568 septuplum
2721 1503 2965 1568 punietur
2986 1501 3014 1568 ;’
3035 1505 3175 1574 sive,
3205 1518 3262 1562 ut
3291 1510 3638 1585 Septuaginta

2053 1588 2458 1655 transtulerunt,
2491 1599 2680 1661 septem
2710 1593 2970 1649 vindictas
2999 1602 3254 1666 exsolvet;
3288 1601 3340 1655 id
3374 1613 3486 1671 est,
3519 1621 3632 1662 non

2051 1680 2162 1744 sic,
2205 1681 2476 1750 quomodo
2505 1681 2637 1737 dicis
2665 1725 2679 1748 ,
2728 1699 2834 1738 non
2885 1690 3154 1756 corporali
3183 1700 3357 1747 morte
3404 1693 3643 1752 interibit

347 1791 622 1862 quoniam,
661 1790 842 1845 occiso
874 1788 1112 1858 Christo,
1162 1788 1340 1844 adhuc
1384 1799 1638 1859 operatur
1678 1799 1951 1844 terrenam

2055 1786 2222 1842 genus
2247 1770 2471 1842 impium
2499 1772 2795 1828 carnalium
2827 1775 3160 1836 Judmorum.

350 1885 836 1952 circumcisionem,
870 1893 1141 1940 terrenum
1176 1884 1494 1950 Sabbatum,
1524 1893 1795 1940 terrenum
1824 1902 1949 1957 azy-

347 1995 516 2048 mum,
562 1987 836 2034 terrenum
880 1978 1098 2047 pascha,
1149 1978 1274 2048 quia
1303 1979 1482 2034 omnis
1513 1987 1724 2034 terrena
1756 1993 1947 2048 opera-

350 2077 425 2132 tio
503 2075 666 2132 habet
732 2075 995 2132 occultam
1041 2075 1293 2131 virtutem
1345 2075 1702 2146 intelligendtc
1762 2077 1948 2146 gratia:

346 2167 569 2236 Christi,
599 2182 719 2239 qua:
771 2182 877 2224 non
921 2168 1080 2223 datur
1109 2167 1311 2224 Judteis
1335 2169 1388 2223 in
1446 2168 1716 2239 impietate
1763 2177 1818 2224 et
1861 2168 1948 2223 in-

348 2261 607 2317 ﬁdelitate
651 2260 1082 2331 pcrdurantibus,
1129 2261 1253 2332 quia
1283 2261 1434 2317 Novo
1477 2261 1824 2318 Testamento
1856 2276 1947 2317 re-

351 2358 524 2414 velata
553 2367 658 2413 est.

421 2451 509 2506 11.
552 2449 678 2504 Cum
700 2459 938 2522 Operalus
969 2450 1126 2520 {ueris
1146 2459 1356 2516 terram,
1381 2464 1483 2503 non
1523 2449 1667 2504 dabit
1703 2448 1796 2502 tibi
1829 2451 1947 2520 fru-

347 2551 465 2601 etus
489 2560 646 2610 suos;
676 2545 728 2598 in
757 2544 866 2612 ipsa
891 2544 1032 2598 enim
1062 2552 1205 2597 terra
1236 2558 1396 2610 quam
1425 2542 1673 2598 Christus
1695 2543 1944 2612 portavit,

350 2634 404 2692 id
426 2645 530 2702 est,
562 2636 618 2691 in
662 2635 782 2704 ejus
810 2651 992 2702 carne,
1043 2635 1139 2705 ipsi
1190 2636 1392 2708 operati
1421 2643 1548 2689 sunt
1584 2636 1808 2690 salutem
1853 2653 1951 2692 no-

353 2735 545 2792 stram,
567 2727 930 2796 crucifigendo
951 2727 1241 2794 Christum,
1261 2727 1347 2796 qui
1371 2739 1612 2782 mortuus
1629 2737 1712 2783 est
1732 2738 1951 2798 propter

351 2819 544 2876 delicta
579 2830 782 2875 nostra.
813 2818 922 2874 Nec
945 2828 1123 2874 tamen
1166 2822 1243 2873 eis
1271 2819 1419 2873 dedit
1445 2819 1630 2873 eadem
1675 2828 1815 2874 terra
1840 2819 1950 2874 vir-

350 2923 517 2970 tutem
541 2928 715 2981 suam,
753 2913 842 2983 qui
873 2928 976 2967 non
1024 2912 1300 2983 justificati
1330 2913 1528 2967 suntin
1553 2912 1748 2966 virtute
1772 2928 1952 2968 resur-

357 3009 614 3064 rectionis
641 3008 759 3076 ejus
797 3007 886 3078 qui
915 3008 1211 3061 resurrexit
1253 3016 1470 3076 propter
1509 3006 1951 3074 justilicationem

349 3112 614 3172 nostram,
639 3102 760 3173 quia
809 3103 907 3156 etsi
939 3101 1222 3156 crucifixus
1255 3107 1341 3155 est
1382 3114 1448 3153 ex
1484 3099 1792 3156 infirmitate
1834 3115 1954 3156 car-

351 3197 460 3264 nis,
489 3196 584 3252 sed
613 3196 742 3250 vivit
764 3197 815 3250 in
843 3196 1038 3250 virtute
1067 3195 1161 3250 Dei
1256 3189 1274 3212 ⁸

429 3286 514 3342 12.
544 3287 669 3343 Haec
697 3295 782 3342 est
808 3302 937 3356 ergo
967 3288 1136 3342 virtus
1159 3295 1317 3341 terra;
1350 3285 1510 3351 illius,
1543 3301 1699 3357 quam
1731 3303 1836 3344 non
1859 3303 1950 3346 os-

354 3381 526 3437 tendit
556 3381 734 3452 impiis
775 3391 828 3436 et
878 3381 1188 3436 incredulis.
1226 3380 1376 3436 Unde
1417 3397 1517 3437 nec
1558 3397 1846 3452 resurgens
1876 3384 1953 3440 eis

353 3487 382 3525 a
405 3473 598 3543 quibus
625 3481 738 3527 erat
768 3473 1055 3526 crucilixus
1083 3475 1330 3542 apparuit
1363 3485 1615 3543 tanquam
1648 3473 1780 3530 Cain
1823 3491 1954 3546 ope-

354 3563 493 3618 ranti
524 3574 739 3630 terram,
769 3572 820 3618 ut
849 3579 1073 3634 granum
1114 3565 1244 3619 illttd
1294 3565 1668 3620 seminaretur.
1701 3566 1879 3633 Vagus
1903 3578 1953 3622 et

355 3655 606 3725 profugus
635 3656 777 3721 eris;
816 3656 952 3720 sive,
987 3657 1117 3711 utin
1157 3655 1503 3727 Septuaginta
1541 3659 1797 3728 scriptum
1847 3669 1950 3728 est,

356 3766 560 3821 gemens
589 3762 633 3805 et
657 3762 873 3805 tremens
902 3752 1000 3804 eris
1027 3767 1178 3822 super
1205 3761 1412 3805 terram.

436 3843 597 3916 281
639 3844 726 3898 l5.
781 3843 933 3897 Nunc
963 3857 1089 3898 ecce
1130 3845 1249 3913 quis
1277 3859 1382 3898 non
1417 3843 1633 3911 videat,
1683 3847 1803 3913 quis
1846 3859 1950 3899 non

370 3945 650 4009 agnoscat,
682 3938 734 3991 in
763 3944 873 3991 tota
903 3945 1064 4002 terra,
1101 3953 1422 4007 quacunque
1447 3939 1721 4006 dispersus
1749 3947 1835 3994 est
1861 3939 1952 3995 ille

370 4030 622 4099 populus,
655 4029 928 4097 quomodo
972 4031 1044 4084 sit
1069 4045 1237 4100 vagus
1267 4031 1318 4084 in
1349 4031 1631 4100 gentibus,
1685 4041 1740 4086 et
1771 4032 1951 4101 profu-

364 4135 466 4190 gus
519 4135 548 4172 a
597 4120 940 4175 Jerusalem?
968 4121 1239 4188 quomodo
1272 4129 1451 4190 pmat
1483 4136 1720 4176 maerore
1767 4123 1950 4177 amissi

363 4211 537 4283 regni,
571 4221 626 4267 et
657 4221 852 4268 tremat
880 4223 1115 4266 tremore
1143 4212 1242 4267 sub
1277 4212 1756 4268 innumerabilibus
1781 4229 1949 4282 popu-

363 4302 428 4356 lis
445 4303 772 4357 Christianis
788 4303 811 4356 ?
844 4303 1071 4372 ideoque
1100 4303 1377 4368 respondit
1397 4301 1525 4357 Cain
1541 4303 1755 4359 dicens:
1775 4303 1950 4375 Major

370 4405 440 4450 est
461 4396 705 4464 iniquitas
736 4411 848 4449 mea
873 4412 1027 4466 quam
1059 4404 1113 4448 ut
1144 4396 1340 4449 veniam
1372 4412 1590 4450 merear.
1625 4395 1755 4450 Ecce
1805 4398 1949 4468 ejicis

365 4507 442 4545 me
473 4491 627 4544 hodie
646 4507 677 4544 a
707 4491 839 4560 facie
869 4499 1038 4555 terrm,
1093 4501 1138 4544 et
1166 4508 1198 4543 a
1231 4491 1362 4560 facie
1394 4500 1481 4543 tua
1529 4491 1844 4554 abscondar,
1902 4502 1950 4545 et

1974 3193 2022 3256 C

2131 1864 2220 1919 16.
2254 1865 2569 1936 Quicunque
2591 1882 2688 1922 eos
2715 1868 2785 1922 ita
2817 1870 3129 1939 perdiderit,
3159 1885 3364 1945 septem
3381 1877 3640 1938 vindictas

2053 1957 2342 2022 exsolvet,
2375 1957 2428 2011 id
2459 1967 2577 2022 est,
2627 1959 2837 2016 auferet
2880 1963 2947 2017 ab
2976 1966 3055 2020 eis
3090 1975 3299 2036 septem
3331 1969 3599 2029 vindictas
3623 2016 3638 2041 ,

2053 2049 2246 2120 quibus
2269 2051 2474 2121 alligati
2504 2063 2629 2108 sunt
2657 2063 2877 2125 propter
2904 2066 3113 2112 reatum
3139 2061 3306 2117 occisi
3331 2062 3554 2129 Christi,
3580 2075 3642 2121 ut

2052 2141 2155 2197 hoc
2187 2152 2298 2198 toto
2346 2151 2613 2214 tempore,
2645 2146 2786 2217 quod
2819 2151 3128 2216 septenario
3157 2151 3370 2206 dierum
3407 2170 3636 2214 numero

2052 2235 2319 2304 volvitur,
2358 2238 2530 2308 magis
2558 2238 2682 2309 quia
2729 2255 2835 2295 non
2867 2241 3075 2296 interiit
3097 2257 3266 2312 genus
3296 2243 3602 2303 Judteorum
3625 2293 3641 2319 ,

2052 2327 2188 2382 satis
2219 2338 2482 2397 appareat
2513 2328 2761 2385 fidelibus
2806 2330 3128 2387 Christianis
3148 2375 3164 2399 ,
3209 2334 3304 2389 sed
3331 2336 3500 2390 solam
3531 2338 3645 2392 dis-

2054 2419 2359 2487 persione-tn
2385 2419 2700 2489 meruerint,
2721 2423 3048 2493 282juxta
3070 2424 3214 2494 quod
3237 2425 3314 2480 ait
3331 2427 3641 2497 Scriptura:

2054 2509 2140 2565 Ne
2169 2513 2420 2566 occideris
2462 2530 2548 2568 eos
2572 2555 2589 2581 ,
2634 2517 2904 2585 nequando
2931 2517 3299 2574 obliviscantur
3332 2524 3513 2593 populi
3539 2526 3641 2578 mei

2052 2603 2182 2676 legis
2214 2613 2355 2668 tute;
2402 2606 2638 2677 disperge
2677 2606 2795 2661 illos
2822 2609 2873 2661 in
2902 2609 3084 2670 virtute
3109 2620 3196 2664 tua
3219 2651 3234 2678 ,
3263 2620 3314 2667 et
3337 2614 3535 2683 depone
3561 2631 3645 2672 eos

2055 2696 2284 2769 (Psalm.
2319 2714 2474 2765 Lvut,
2513 2699 2620 2768 12).

2126 2791 2216 2847 17.
2245 2789 2429 2846 Posuit
2462 2791 2718 2847 Dominus
2763 2795 2815 2847 in
2845 2777 2994 2848 ‘Caiu
3039 2797 3242 2868 signum
3269 2838 3285 2863 ,
3313 2808 3368 2852 ut
3395 2815 3497 2854 non
3527 2817 3644 2854 eum

2052 2882 2358 2952 interﬁceret
2391 2883 2556 2937 omnis
2585 2886 2672 2953 qui
2722 2884 2988 2938 invenisset
3017 2901 3153 2942 eum.
3187 2886 3302 2944 Hoc
3327 2904 3514 2946 revera
3543 2892 3644 2947 mi-

2059 2976 2231 3032 rabile
2259 2987 2343 3031 est
2367 3021 2382 3046 ,
2411 2978 2863 3047 quemadmodum
2894 2994 3083 3037 omnes
3115 2992 3301 3053 gentes
3330 3000 3450 3056 quae
3476 3000 3506 3040 a
3537 2985 3644 3042 Ro-

2055 3070 2228 3123 manis
2250 3069 2549 3140 subjugata:
2578 3081 2724 3138 sunt,
2772 3072 2822 3125 in
2855 3071 3014 3126 ritum
3049 3071 3417 3132 Romanorum
3448 3091 3643 3132 sacro-

2057 3179 2175 3217 rum
2210 3163 2538 3227 transierint,
2574 3179 2746 3234 eaque
2776 3162 3056 3235 sacrilegia
3079 3168 3442 3235 observanda,
3473 3179 3528 3224 et
3553 3184 3641 3226 ce-

2060 3257 2316 3312 lebranda
2361 3259 2732 3326 susceperint;
2782 3273 2914 3328 gens
2961 3267 3137 3315 autem
3185 3259 3494 3317 Judteorum
3527 3262 3644 3320 sive

2057 3349 2158 3404 sub
2190 3350 2413 3419 paganis
2445 3351 2685 3421 regibus,
2722 3351 2836 3406 sive
2867 3350 2968 3405 sub
2997 3351 3338 3419 Christianis,
3370 3368 3475 3409 non
3509 3357 3642 3412 ami-

2055 3445 2188 3500 serit
2214 3444 2424 3513 signum
2453 3445 2610 3515 legis,
2640 3455 2694 3500 et
2721 3445 3149 3502 circumcisionis
3179 3462 3314 3515 suae,
3345 3464 3452 3520 quo
3477 3464 3507 3504 a
3531 3464 3641 3506 cae-

2058 3537 2185 3591 teris
2214 3535 2466 3605 gentibus
2496 3537 2814 3606 populisque
2846 3537 3210 3608 distinguitur.

2128 3630 2218 3685 18.
2244 3629 2354 3684 Sed
2383 3639 2434 3684 et
2457 3631 2636 3684 omnis
2664 3630 2982 3700 imperator,
3033 3632 3115 3686 vel
3143 3646 3236 3686 rex
3264 3673 3279 3698 ,
3320 3632 3410 3701 qui
3443 3647 3538 3689 eos
3582 3635 3637 3691 in

2055 3735 2152 3775 suo
2182 3735 2354 3789 regno
2383 3720 2590 3775 invenit
2613 3761 2630 3785 ,
2678 3735 2797 3774 cum
2828 3721 2944 3789 ipso
2988 3721 3138 3791 signo
3178 3735 3273 3776 eos
3305 3722 3542 3790 invenit,
3586 3734 3641 3781 et

2057 3829 2165 3869 non
2200 3807 2435 3878 occidit;
2494 3814 2544 3866 id
2575 3823 2690 3877 est,
2743 3829 2850 3868 non
2893 3812 3059 3868 efficit
3102 3822 3160 3868 ut
3189 3829 3298 3869 non
3327 3817 3438 3870 sint
3464 3817 3639 3876 Judaei

2055 3915 2206 3962 certe
2246 3906 2478 3976 quodam
2507 3915 2562 3961 et
2589 3907 2810 3976 pr0prio
2842 3922 2954 3960 sua:
2994 3906 3388 3963 observationis
3428 3911 3584 3980 signo
3609 3926 3640 3968 a

2054 4009 2374 4056 cauerat-um
2407 4001 2648 4071 gentium
2679 4001 3060 4056 communione
3088 4000 3339 4066 discreti,
3390 4004 3494 4058 nisi
3523 4006 3642 4076 qui-

2053 4107 2265 4161 cunque
2304 4107 2490 4146 eorutn
2537 4091 2604 4146 ad
2647 4091 2924 4146 Christum
2972 4093 3264 4160 transierit,
3301 4103 3357 4150 ut
3377 4094 3487 4163 jam
3535 4113 3642 4154 non

2054 4187 2360 4241 inveniatur
2384 4185 2537 4252 Cain,
2572 4200 2746 4256 neque
2772 4195 2931 4243 exeat
2970 4202 3000 4240 a
3031 4187 3164 4242 facie
3188 4186 3308 4256 Dei,
3341 4203 3517 4260 neque
3542 4190 3638 4246 ha-

2054 4281 2190 4337 bitet
2219 4283 2272 4336 in
2310 4290 2452 4336 terra
2480 4279 2638 4335 Naid.

2126 4395 2213 4450 19.
2250 4394 2390 4449 Exiil
2423 4410 2544 4467 ergo
2571 4412 2604 4449 a
2625 4395 2760 4466 [acie
2785 4393 3035 4461 Domini,
3070 4402 3118 4449 et
3147 4395 3392 4449 habitavit
3419 4395 3475 4450 in
3501 4404 3641 4452 terra

2055 4484 2220 4553 Naid,
2251 4487 2396 4556 quod
2423 4486 2621 4542 dicitur
2648 4487 3057 4557 interpretatum
3090 4488 3390 4555 commotio,
3418 4488 3531 4545 sive
3560 4490 3642 4545 in-

363 4602 447 4642 ero
475 4604 633 4658 vagus
671 4595 720 4641 et
749 4590 999 4657 profugus
1051 4587 1105 4639 in
1135 4595 1292 4640 terra.
1335 4583 1506 4656 Igitur
1534 4586 1698 4639 omnis
1748 4588 1836 4656 qui
1865 4588 1948 4641 in.
1977 4579 2034 4642 D
2059 4581 2292 4648 stabilis,
2324 4590 2376 4635 et
2407 4579 2696 4652 ﬂuctuans,
2728 4593 2783 4639 et
2813 4584 2961 4639 sedis
2988 4585 3230 4641 incertae.
3257 4585 3459 4640 Contra
3499 4586 3643 4655 quod

367 4680 561 4734 venerit
588 4695 690 4746 me,
723 4680 915 4734 occidet
942 4695 1040 4732 me.

432 4773 524 4828 14.
560 4774 700 4830 Vere
730 4774 854 4830 inde
879 4789 1041 4846 vagus
1072 4783 1127 4830 et
1167 4774 1423 4845 profugus
1443 4775 1615 4846 gemit
1645 4783 1698 4829 et
1725 4776 1945 4844 tremit,

431 4905 486 4961 9.
524 4903 723 4959 Deinde
743 4922 859 4958 cum
882 4907 1111 4971 dixisset,
1151 4921 1319 4976 usque
1348 4907 1411 4960 ad
1449 4909 1666 4961 revelata
1693 4917 1796 4974 est,
1829 4911 1966 4966 male

367 4976 615 5050 absunt‘a
637 4978 909 5050 veteribus
927 4978 1023 5050 l_ib.
1039 4978 1152 5030 Val.
1175 4987 1227 5032 et
1253 4978 1464 5050 Comp.,
1489 4993 1610 5032 cum
1630 4979 1736 5050 sint
1759 4983 1964 5050 Augus-

367 5050 458 5102 tini
488 5058 542 5103 et
567 5047 811 5118 legantur
843 5049 892 5100 in
926 5047 1151 5102 Excusis
1176 5057 1229 5102 et
1257 5049 1476 5118 reliquis
1504 5050 1597 5103 Ms.
1621 5049 1812 5104 GHlAL.

438 5119 527 5192 15.
559 5117 737 5192 Major
756 5128 828 5171 est
850 5120 1090 5192 iniquitas
1119 5136 1229 5172 mea
1257 5117 1396 5192 qru.
1425 5137 1472 5173 v.
1505 5138 1573 5173 m.
1600 5121 1784 5174 Mirum
1813 5163 1829 5188 ,
1855 5139 1958 5178 non

367 5189 566 5244 vidisse
594 5229 608 5252 ,
648 5189 897 5259 quisquis
923 5193 1189 5259 vulgatam
1235 5191 1534 5244 Editionem
1566 5193 1810 5257 suffecit,
1851 5209 1955 5248 non

369 5262 648 5334 cohaerere
676 5276 792 5326 quae
821 5273 1116 5334 sequuntur
1136 5262 1297 5334 verba
1329 5278 1340 5313 :
1377 5260 1530 5315 Hanc
1565 5263 1685 5316 dicit
1712 5266 1956 5334 majorem

370 5347 596 5403 causam.
629 5331 936 5403 Legendum
959 5347 1097 5403 ergo
1125 5349 1139 5384 :
1173 5331 1348 5403 Major
1388 5343 1459 5385 est
1493 5350 1652 5388 causa
1682 5331 1830 5402 mea,
1885 5351 1948 5390 ex

373 5401 513 5457 LXX
535 5411 589 5456 et
616 5402 932 5471 Augustino.
957 5402 1102 5456 Idem
1125 5401 1280 5470 paulo
1305 5412 1421 5471 post
1440 5404 1714 5473 conjunxit
1750 5414 1952 5459 utram-

371 5486 473 5542 que
511 5473 1006 5547 interpretationem
1034 5515 1048 5538 ,
1080 5490 1198 5547 cum
1243 5475 1376 5528 dicit
1411 5493 1421 5526 :
1471 5474 1593 5529 Vere
1636 5476 1757 5528 inde
1795 5493 1949 5547 vagus

372 5553 414 5597 et
436 5546 689 5615 profugus
718 5545 868 5612 gemit
911 5553 958 5598 et
985 5545 1150 5599 tremit
1175 5585 1190 5609 ,
1224 5561 1344 5600 cum
1374 5547 1700 5615 Augustinus
1743 5545 1947 5603 tantum

372 5616 531 5689 verba
561 5614 703 5669 LXX
730 5616 1079 5689 interpretum
1109 5616 1383 5672 retulerit:
1419 5614 1544 5671 Vere
1568 5618 1686 5671 inde
1727 5621 1878 5689 gemit
1899 5630 1948 5674 et

377 5688 562 5756 tremit,
596 5702 659 5739 ne
680 5702 836 5756 regno
863 5688 1014 5740 etiam
1043 5697 1240 5741 terreno
1257 5729 1271 5753 ,
1306 5697 1409 5744 etc.
1436 5689 1626 5744 GRIAL.

443 5755 584 5810 Ibid.
614 5756 674 5829 In
697 5755 796 5813 hac
824 5757 1028 5814 Judaici
1057 5759 1238 5829 populi
1269 5759 1494 5815 mirabili
1526 5760 1862 5829 dispersione
1888 5772 1946 5817 et

381 5827 786 5886 conservatione
809 5827 1181 5902 gravissimum
1205 5827 1943 5901 argumentumconstituitur

2061 4676 2263 4731 malum
2293 4676 2434 4731 Deus
2467 4686 2686 4746 rogatur
2728 4677 2780 4732 in
2813 4678 3057 4747 psalmo:
3104 4677 3184 4732 Ne
3215 4678 3414 4734 dederis
3444 4679 3498 4732 in
3527 4693 3642 4733 mo-

2057 4778 2165 4822 tum
2194 4770 2344 4839 pedes
2372 4785 2510 4824 meos
2536 4767 2761 4839 (Psalm.
2788 4772 2912 4841 va)
2938 4787 2951 4837 ;
2981 4779 3036 4826 et
3059 4787 3075 4826 :
3109 4769 3299 4825 Manus
3321 4779 3645 4842 peccatorum

2069 4910 2135 4965 ad
2151 4907 2428 4962 veritatem
2443 4907 2717 4976 religionis
2738 4905 3057 4961 Christiana:
3077 4908 3447 4964 asuuendam.
3468 4911 3637 4962 Ansv.

2141 4980 2229 5033 15.
2261 4980 2461 5031 Amisso
2490 4995 2666 5047 regno,
2695 4979 2847 5047 gemit
2877 4987 2922 5031 et
2961 4979 3278 5048 corporalem
3307 4988 3517 5033 mortem
3542 4990 3642 5031 ιτε-

2067 5054 2179 5106 mit.
2210 5049 2457 5118 Oportuit
2503 5049 2814 5103 mendacem
2872 5064 3163 5105 memorem
3193 5065 3330 5105 esse.
3375 5050 3636 5114 Quorsum

2064 5125 2207 5179 enim
2239 5122 2392 5191 gemit
2413 5129 2458 5173 et
2501 5121 2709 5173 tremit?
2734 5122 2776 5174 si
2826 5119 2942 5174 haec
2966 5123 3123 5176 verba
3155 5118 3467 5189 explicanda
3501 5131 3640 5191 nus-_-

2063 5189 2378 5281 quatinLJsibi
2434 5191 2753 5281 proposuit?
2812 5192 2868 5246 Id
2936 5203 3112 5248 tamen
3171 5191 3440 5262 provisum
3495 5189 3637 5258 apud

2061 5260 2408 5320 Eucherium.
2440 5260 2636 5316 Cum"

2135 5334 2272 5389 Ibid.
2301 5334 2438 5397 Sive,
2471 5344 2526 5387 ut
2557 5333 2699 5388 LXX
2727 5337 3117 5390 transtulerunt.
3149 5333 3262 5387 Hoc
3291 5340 3469 5394 recte;
3503 5331 3640 5388 vidit

2062 5407 2202 5462 enim
2236 5422 2341 5460 non
2391 5407 2716 5474 respondere
2743 5407 2944 5476 reliqua
2976 5406 3151 5459 verbis
3193 5404 3340 5472 Vulg.
3374 5403 3473 5476 [ῥά.
3511 5401 3632 5458 Vid.

2061 5479 2467 5548 Hieronymum,
2501 5477 2816 5548 epist.7125,
2849 5474 2914 5530 ad
2943 5478 3178 5538 Damas.,
3209 5490 3266 5544 q.
3291 5482 3344 5533 1.
3369 5474 3561 5531 Gnut.

2133 5551 2216 5605 16.
2255 5547 2307 5602 In
2341 5548 2560 5616 Vulgata
2587 5566 2599 5599 :
2634 5547 2715 5601 Ne
2738 5549 2940 5601 occidas
2965 5562 3073 5601 eos.
3105 5549 3278 5602 Ansv.

2131 5622 2220 5676 18.
2254 5620 2518 5684 Breulius,
2553 5620 2616 5673 ad
2647 5635 2845 5689 marg,
2871 5627 3019 5689 notat
3048 5633 3222 5689 neque
3249 5618 3306 5674 in
3339 5619 3470 5674 Cod.
3497 5631 3628 5683 ωε..

2058 5708 2232 5762 neque
2261 5692 2311 5744 in
2345 5693 2606 5763 impresso
2629 5688 2868 5763 Colonia:
2900 5687 3061 5763 1550,
3088 5687 3270 5746 haberi
3302 5691 3417 5746 haec
3440 5690 3628 5763 verba,

2054 5773 2109 5818 stt
2128 5760 2240 5837 jam
2271 5780 2437 5818 non...
2472 5760 2657 5816 habitet
2687 5761 2740 5813 in
2767 5769 2901 5816 terra
2925 5761 3088 5815 Naid.
3122 5766 3272 5818 Ansv
