4100 6344
455 362 551 408 231

1509 333 1568 388 8.
1612 328 1859 388 ISIDORI
1899 324 2349 384 HISPALENSIS
2387 319 2691 381 EPISCOPI

3620 320 3726 377 258

521 463 578 517 8.
618 458 772 530 Quod
793 457 969 514 sexies
1008 453 1164 522 longa
1192 450 1256 505 ad
1280 447 1613 505 latitudinem
1654 458 1830 506 suam,
1858 450 1913 496 et
1937 441 2028 495 de-
2060 443 2106 502 Α
2136 440 2342 494 hinario
2392 451 2614 492 numero
2657 435 2722 489 ad
2773 433 3068 488 schismata
3118 431 3322 496 faciles,
3365 440 3422 486 et
3457 431 3724 499 quodam-

459 555 568 612 cies
617 555 683 609 ad
730 550 1062 608 altitudinem
1099 560 1275 610 suam,
1321 539 1534 595 humani
1576 535 1819 607 corporis
1872 534 2040 588 instar

461 647 721 712 ostendit,
773 642 828 698 in
874 655 980 710 quo
1010 637 1256 694 Christus
1300 631 1566 702 apparuit.
1599 627 1857 697 Corporis
1896 625 2039 680 enim

461 736 761 808 longitudo,
814 747 846 788 a
875 730 1077 787 vertice
1107 741 1275 796 usque
1323 722 1388 777 ad
1421 719 1666 790 vestigia,
1707 717 1883 773 sexies
1925 725 2042 769 tan-

462 843 572 888 tum
600 830 760 885 habet
785 841 944 898 quam
974 821 1220 886 latitudo,
1262 831 1383 887 qua).
1413 823 1498 870 est
1533 814 1601 868 ab
1645 827 1751 866 uno
1782 813 1946 866 latere
1975 808 2043 862 ad

462 925 690 980 alterum
731 921 903 983 latus;
949 924 1002 970 et
1027 912 1204 969 decies
1246 919 1450 964 tantum
1494 916 1751 976 quantum
1795 901 2041 967 altitudo,

463 1015 616 1085 cujus
659 1008 953 1067 altitudinis
1001 1016 1251 1060 mensura
1301 1008 1386 1056 est
1415 1000 1469 1054 in
1505 998 1673 1053 latere
1715 1011 1744 1049 a
1777 995 1938 1049 dorso
1977 990 2043 1046 ad

464 1116 702 1163 ventrem
713 1143 726 1156 .

539 1198 590 1252 9.
636 1194 794 1250 Velut
820 1190 865 1246 si
884 1189 1155 1260 iacentem
1183 1185 1457 1241 hominem
1501 1185 1743 1237 metiaris
1772 1185 2039 1247 supmum.

467 1305 562 1346 seu
594 1299 838 1357 pronum,
875 1281 1054 1338 sexies
1103 1287 1303 1334 tantum
1354 1277 1542 1344 longus
1581 1282 1664 1328 est
1709 1287 1738 1324 a
1766 1271 1940 1340 capite
1983 1268 2048 1322 ad

469 1379 655 1451 pedes,
686 1390 844 1447 quam
873 1375 1012 1429 latus
1037 1387 1064 1425 a
1096 1371 1317 1426 dextera
1347 1369 1403 1421 in
1431 1367 1728 1428 sinistram,
1757 1363 1840 1417 vel
1865 1377 1893 1415 a
1922 1360 2053 1415 sini-

470 1478 579 1526 stra
623 1468 678 1523 in
725 1466 1037 1530 dexteram;
1090 1471 1146 1518 et
1189 1460 1367 1516 decies
1421 1473 1583 1528 quam
1629 1457 1769 1510 altus
1815 1469 1844 1508 a
1889 1462 2052 1507 terra.

469 1561 623 1620 Unde
653 1560 790 1615 facta
819 1569 904 1614 est
947 1571 1068 1611 arca
1101 1565 1459 1610 trecentorum
1493 1549 1796 1603 cubitorum
1850 1545 1900 1598 in
1943 1545 2058 1598 lon-

471 1654 732 1727 gitudine,
759 1660 815 1708 et
850 1648 1229 1722 quinquaginta
1259 1646 1311 1700 in
1347 1643 1650 1708 latitudine,
1684 1650 1738 1696 et
1766 1641 1979 1710 triginta
2004 1639 2056 1693 in

473 1748 784 1803 altitudine.
818 1743 946 1798 ltem
977 1739 1116 1811 quod
1140 1737 1327 1793 eadem
1376 1749 1498 1789 arca
1529 1733 1754 1788 collecta
1787 1729 1853 1784 ad
1891 1744 2056 1783 unum

470 1842 708 1897 cubitum
752 1838 982 1906 desuper
1011 1838 1439 1892 consummatur,
1481 1828 1558 1880 sic
1588 1822 1826 1879 Ecclesia
1863 1838 2057 1892 corpus
2087 1816 2137 1878 B

471 1928 671 1986 Christi
702 1928 755 1982 in
786 1925 987 1981 unitate
1026 1922 1251 1977 collecta
1292 1918 1616 1973 sublimatur
1676 1924 1732 1969 et
1764 1913 2054 1982 perlicitur.

545 2009 634 2074 10.
679 2015 830 2072 Unde
877 2015 1073 2070 dicitur
1111 2011 1164 2064 in
1215 2007 1504 2077 Evangelio
1532 2023 1544 2059 :
1575 2005 1675 2072 Qui
1717 2020 1912 2058 mecum
1952 2019 2058 2056 non

472 2121 768 2184 congregat,
792 2107 986 2177 spargit
1017 2104 1170 2176 (Luc.
1205 2117 1278 2164 xl,
1310 2099 1430 2168 23).
1461 2098 1614 2166 Quod
1655 2105 1834 2150 autem
1882 2094 2060 2149 aditus

474 2203 538 2260 ﬁt
565 2203 614 2260 ei
646 2217 674 2256 a
706 2202 1114 2265 latere;'nemo
1160 2194 1354 2264 quippe
1396 2193 1560 2247 intrat
1598 2191 1914 2254 Ecclesiam,
1958 2188 2058 2243 nisi

476 2309 574 2365 per
599 2300 1004 2363 gsacramentum
1053 2285 1385 2343 remissionis
1415 2292 1780 2354 peccatorum,
1821 2281 1962 2350 quod
1995 2281 2061 2336 de

479 2382 676 2439 Christi
713 2382 880 2438 latere
915 2387 1103 2450 aperto
1148 2376 1400 2432 manavit.
1443 2373 1595 2440 Quod
1622 2371 1874 2427 inferiora
1923 2386 2062 2426 arca:

480 2475 805 2532 bicamerata
851 2481 906 2527 et
935 2471 1273 2526 tricarnerata
1301 2476 1707 2532 construuntur,
1736 2465 1814 2520 sic
1843 2481 1906 2519 ex
1941 2479 2062 2520 om-

478 2569 635 2624 nlius
651 2567 900 2638 gentibus
931 2564 1018 2620 vel
1047 2562 1354 2632 bipertitam
1397 2560 1793 2615 multitudinem
1835 2573 2064 2628 congre-

481 2669 571 2730 gat
626 2658 863 2714 Ecclesia
930 2664 1151 2728 propter
1215 2653 1676 2710 circumcisionem
1741 2661 1796 2707 et
1855 2667 2061 2719 praepu~

483 2752 640 2816 tiuni,
671 2752 838 2822 288
863 2748 948 2804 vel
994 2747 1313 2818 tripertitam
1357 2754 1578 2816 propter
1605 2755 1713 2798 tres
1764 2743 1902 2799 lilios
1929 2742 2064 2807 Noe,

483 2858 708 2913 quorum
732 2843 984 2912 progenie
1013 2840 1248 2908 repletus
1277 2848 1362 2894 est
1381 2837 1546 2893 orbis.

559 2934 644 2988 11.
688 2933 755 2988 Et
783 2933 907 2988 ideo
930 2945 1068 2987 arcae
1101 2931 1354 2985 inferiora
1386 2929 1528 2984 dicta
1556 2937 1701 2995 sunt,
1737 2931 1858 2998 quia
1890 2931 1943 2981 in
1970 2932 2070 2982 hac

485 3033 696 3081 terrena
729 3023 836 3078 vita
876 3033 960 3080 est
1002 3023 1285 3078 diversitas
1315 3023 1572 3092 gentium.
1619 3021 1673 3075 In
1725 3036 1934 3074 summo
1979 3036 2070 3074 au-

486 3127 595 3175 tem
618 3131 806 3172 omnes
844 3117 897 3171 in
929 3132 1095 3171 unum
1123 3122 1588 3181 consummantur,
1628 3123 1677 3168 et
1713 3129 1821 3168 non
1852 3123 1935 3168 est
1981 3129 2069 3166 va-

2145 532 2301 585 rnodo
2331 530 2621 585 divisibiles
2645 527 3000 583 ostenduntur
3028 522 3242 595 (Ephes.
3275 539 3347 589 tv,
3378 522 3456 592 5).

2215 647 2302 700 14.
2345 646 2494 709 Quod
2528 645 2641 713 ipse
2685 642 2796 697 Noe
2824 657 2942 696 cum
2983 639 3093 695 suis
3137 651 3361 695 octavus
3392 648 3727 707 numeratur,

2144 740 2266 810 quia
2300 739 2350 792 in
2379 737 2593 792 Christo
2623 749 2748 803 spes
2787 743 2982 788 nostra}
3015 730 3430 787 resurrectionis
3461 730 3731 800 apparuit,

2144 832 2235 902 qui
2272 839 2457 886 octava
2487 828 2595 891 die,
2623 827 2674 881 id
2698 837 2802 891 est,
2836 836 2956 896 post
2985 823 3207 879 Sabbati
3237 823 3524 892 septimum
3563 822 3734 890 primo

2148 938 2176 976 a
2207 922 2427 976 mortuis
2457 919 2779 983 resurrexit;
2817 917 2908 986 qui
2935 915 3051 970 dies
3093 931 3121 968 a
3154 915 3402 984 passione
3442 914 3652 980 tertius,
3680 913 3734 969 in

2150 1031 2372 1071 numero
2401 1023 2579 1069 autem
2609 1012 2812 1067 dierum
2842 1011 2931 1080 qui
2972 1023 3067 1077 per
3093 1022 3252 1063 omne
3281 1017 3490 1076 tempus
3519 1006 3736 1062 volvun-

2153 1121 2236 1167 tur
2273 1123 2326 1167 et
2348 1118 2567 1164 octavus
2594 1121 2647 1163 et
2686 1091 2887 1178 primus
2918 1116 3022 1160 est.

2226 1225 2313 1279 15.
2355 1223 2506 1290 Quod
2551 1231 2672 1292 post
2712 1230 2914 1290 septem
2945 1218 3082 1285 dies,
3112 1233 3176 1274 ex
3211 1233 3315 1288 quo
3343 1217 3617 1287 ingressus
3651 1224 3739 1274 est

2153 1318 2266 1374 Noe
2287 1320 2340 1374 in
2370 1333 2570 1382 arcam,
2599 1316 2797 1371 factum
2821 1324 2903 1370 est
2925 1313 3206 1381 diluvium,
3238 1313 3360 1380 quia
3391 1313 3443 1367 in
3472 1327 3620 1380 spem
3655 1312 3745 1368 fu-

2159 1422 2292 1466 tura:
2321 1409 2538 1479 quietis,
2564 1422 2684 1476 qua:
2714 1407 2944 1476 septimo
2989 1406 3077 1460 die
3107 1404 3404 1475 signiﬁcata
3431 1415 3536 1472 est,
3573 1405 3743 1475 bapti-

2159 1519 2362 1558 zamur.
2398 1500 2549 1570 Quod
2594 1508 2787 1569 prieter
2813 1513 2993 1554 arcam
3039 1497 3215 1552 omnis
3247 1512 3374 1552 caro
3404 1512 3561 1567 quam
3603 1506 3746 1552 terra

2161 1595 2495 1651 sustentabat
2517 1591 2720 1646 diluvio
2741 1599 3056 1660 consumpta
3081 1598 3183 1655 est,
3211 1589 3334 1658 quia
3368 1597 3563 1658 praeter
3585 1589 3747 1659 289

2164 1680 2419 1743 Ecclesia:
2446 1687 2782 1748 societatem,
2817 1698 2954 1752 aqua
2992 1681 3262 1750 baptismi,
3294 1681 3534 1752 quamvis
3557 1681 3747 1737 eadem

2165 1781 2257 1843 sit,
2289 1794 2393 1833 non
2427 1779 2598 1832 solum
2649 1791 2752 1830 non
2785 1775 2926 1832 valet
2951 1775 3017 1830 ad
3063 1777 3312 1837 salutem,
3346 1775 3442 1830 sed
3472 1775 3612 1830 valet
3656 1790 3750 1846 po-

2165 1873 2270 1926 tius
2291 1871 2358 1925 ad
2391 1869 2701 1938 perniciem.

2237 1985 2325 2040 16.
2366 1983 2518 2052 Quod
2547 1982 2890 2053 quadraginta
2920 1981 3108 2036 diebus
3131 1989 3185 2035 et
3204 1979 3554 2050 quadraginta
3581 1979 3754 2033 nocti-

2165 2079 2265 2134 bus
2297 2079 2450 2147 pluit,
2485 2077 2608 2145 quia
2640 2075 2814 2129 omnis
2863 2085 3042 2128 reatus
3083 2083 3422 2143 peccatorum
3471 2074 3523 2127 in
3568 2073 3753 2128 decem

2166 2171 2451 2242 praeceptis
2482 2169 2614 2238 legis
2644 2167 2943 2226 admittitur
2970 2182 3063 2235 per
3093 2167 3400 2222 universum
3431 2165 3615 2221 orbem
3647 2176 3759 2220 ter-

2166 2278 2349 2318 rarum
2378 2301 2408 2326 ,,
2461 2260 2549 2330 qui
2605 2269 2833 2329 quatuor
2887 2259 3124 2328 partibus
3183 2257 3508 2312 continetur.
3562 2259 3754 2313 Decem

2167 2355 2365 2425 quippe
2394 2365 2581 2424 quater
2606 2355 2761 2407 ducta
2794 2351 3143 2422 quadraginta
3177 2352 3342 2417 liunt;
3376 2351 3492 2406 sive
3521 2352 3610 2406 ille
3641 2367 3758 2406 rea-

2173 2459 2255 2504 tus
2277 2449 2366 2518 qui
2399 2447 2466 2501 ad
2497 2446 2612 2502 dies
2644 2446 2873 2514 pertinet
2896 2461 2959 2500 ex
2990 2461 3170 2502 rerum
3221 2445 3607 2516 prosperitate,
3640 2447 3760 2502 sive

2169 2541 2260 2611 qui
2289 2540 2356 2594 ad
2385 2548 2572 2594 noctes
2613 2553 2678 2592 ex
2724 2553 2903 2592 rerum
2950 2537 3272 2593 adversitate
3306 2547 3610 2593 contractus
3655 2540 3759 2607 sit,

2171 2642 2512 2688 sacramento
2539 2631 2792 2698 baptismi
2823 2630 3058 2685 caelestis
3087 2629 3337 2684 abluitur.

2251 2727 2338 2780 17.
2381 2726 2532 2793 Quod
2563 2725 2672 2780 Noe
2697 2725 3110 2795 quingentorum
3152 2733 3268 2778 erat
3307 2737 3567 2778 annorum
3591 2764 3608 2793 ,
3638 2739 3762 2781 cum

2171 2816 2221 2872 ei
2248 2818 2454 2871 locutus
2484 2827 2569 2872 est
2596 2816 2874 2881 Dominus,
2902 2825 2956 2868 ut
2983 2830 3161 2869 arcam
3187 2815 3286 2870 sibi
3316 2816 3536 2883 faceret,
3561 2827 3615 2871 et
3641 2831 3762 2872 sex-

2172 2919 2361 2964 centos
2413 2909 2644 2963 habebat
2691 2921 2861 2963 annos
2887 2947 2902 2972 ,
2932 2923 3052 2961 cum
3097 2907 3151 2962 in
3183 2923 3298 2963 eam
3331 2918 3415 2964 est
3453 2910 3761 2979 ingressus;

2175 3003 2319 3057 unde
2351 3001 2668 3072 intelligitur
2718 3016 2812 3069 per
2851 3010 3066 3070 centum
3107 3015 3278 3054 annos
3309 3015 3432 3055 arca
3467 3000 3718 3057 fabricata
3747 3020 3762 3067 ;

2175 3093 2306 3163 quid
2337 3092 2484 3147 aliud
2518 3093 2607 3147 hic
2640 3091 2890 3146 videntur
2920 3101 3132 3146 centum
3161 3093 3285 3146 anni
3311 3091 3631 3161 signiﬁcare,
3665 3093 3766 3147 nisi

489 3212 677 3279 rietas,
709 3210 831 3280 quia
863 3208 1041 3263 omnia
1071 3220 1124 3262 et
1156 3211 1206 3262 in
1240 3208 1489 3262 omnibus
1527 3207 1899 3270 estChristus,
1951 3218 2065 3260 tan-

2179 3194 2366 3240 tetates
2395 3183 2580 3238 saeculi
2610 3183 2885 3253 singulas?
2926 3182 3077 3237 Unde
3119 3181 3219 3237 ista
3255 3193 3404 3238 sexta
3445 3193 3576 3239 aetas
3603 3225 3616 3249 ,
3649 3200 3766 3254 qua:

487 3321 647 3379 quam
691 3318 789 3359 nos
834 3303 889 3359 in
943 3317 1048 3358 uno
1098 3302 1280 3357 cubito
1327 3302 1559 3370 desuper
1615 3302 1821 3357 caelesti
1873 3301 2073 3357 unitate

485 3410 888 3454 consummans.
920 3393 1072 3461 Quod
1103 3401 1292 3448 cuncta
1324 3391 1633 3446 animalium
1673 3407 1871 3462 genera
1903 3391 2074 3446 inclu-

488 3491 692 3546 duntur
728 3489 782 3543 in
812 3501 961 3552 arca,
1006 3486 1274 3556 signiﬁcat
1301 3486 1422 3554 quia
1452 3500 1520 3540 ex
1549 3485 1800 3539 omnibus
1825 3484 2076 3554 gentibus

489 3591 546 3638 et
571 3579 878 3648 nationibus
907 3577 1252 3648 congregatio
1280 3576 1338 3630 lit
1371 3577 1426 3630 in
1459 3575 1719 3631 Ecclesia.

565 3673 655 3728 12.
695 3671 846 3738 Quod
892 3672 1053 3725 etiam
1105 3669 1264 3724 Petro
1305 3667 1706 3722 demonstratus
1753 3665 1842 3720 ille
1896 3665 2078 3720 discus

489 3766 626 3836 (Act.
661 3764 718 3834 x)
753 3762 1018 3834 signiﬁcat
1055 3761 1196 3829 quod
1240 3759 1438 3815 munda
1473 3768 1527 3815 et
1565 3757 1837 3814 immunda
1867 3757 1939 3812 ibi
1969 3757 2078 3813 sint

488 3854 762 3925 animalia,
815 3858 893 3912 sic
946 3857 1000 3911 in
1046 3855 1289 3911 Ecclesia
1344 3864 1400 3910 et
1454 3854 1807 3909 sacramentis
1851 3853 1975 3906 boni
2023 3862 2080 3906 et

489 3949 617 4004 mali
644 3956 948 4004 versantur.
981 3946 1134 4013 Quod
1167 3955 1393 4014 septena
1435 3955 1559 3999 sunt
1605 3946 1826 4009 munda,
1869 3955 1922 3999 et
1957 3945 2078 3998 bina

489 4041 788 4104 immunda,
820 4055 926 4094 non
967 4039 1092 4109 quia
1125 4037 1404 4106 pauciores
1434 4045 1559 4090 sunt
1586 4037 1708 4090 mali
1735 4051 1894 4106 quam
1925 4035 2076 4101 boni,

488 4133 583 4190 sed
625 4133 748 4204 quia
793 4131 918 4186 boni
968 4135 1190 4184 servant
1233 4128 1492 4182 unitatem
1519 4127 1740 4198 spiritus
1780 4130 1835 4182 in
1864 4127 2079 4183 vinculo

489 4227 658 4297 pacis.
705 4225 958 4282 Sanctum
988 4230 1164 4276 autem
1207 4218 1464 4286 Spiritum
1494 4219 1676 4274 divina
1717 4219 1992 4289 Scriptura
2024 4221 2079 4275 in

490 4320 789 4390 septiformi
822 4319 1136 4388 operatione
1178 4313 1544 4381 commendat,
1595 4315 1873 4383 sapientia:
1916 4322 1972 4369 et
2000 4316 2080 4368 in-

491 4412 760 4476 tellectus,
789 4409 1002 4464 consilii
1048 4416 1102 4463 et
1143 4406 1496 4475 fortitudinis,
1527 4408 1768 4463 scientiae
1810 4414 1865 4463 et
1909 4409 2080 4478 pieta-

490 4502 579 4569 tis,
611 4509 666 4556 et
688 4501 894 4557 timoris
923 4500 1039 4556 Dei.

2179 3276 2460 3345 completis
2490 3275 2794 3346 quingentis
2826 3290 2992 3345 usque
3031 3275 3096 3329 ad
3128 3283 3412 3330 sexcentos
3439 3277 3768 3347 signiﬁcatur

2179 3369 2233 3424 in
2265 3368 2698 3424 manifestatione
2727 3367 3056 3436 evangelica,
3090 3367 3386 3424 Ecclesiam
3413 3370 3694 3423 construit.

2257 3483 2342 3539 18.
2387 3485 2454 3540 Et
2501 3483 2621 3538 ideo
2663 3483 2751 3554 qui
2788 3484 2889 3539 sibi
2925 3484 2990 3539 ad
3019 3485 3180 3538 vitam
3212 3485 3442 3540 consulit
3467 3530 3482 3554 ,
3529 3487 3598 3542 sit
3625 3487 3772 3544 velut

2183 3577 2499 3647 quadratum
2530 3576 2728 3644 lignum
2755 3617 2770 3642 ,
2801 3578 3029 3643 paratus
3059 3576 3124 3630 ad
3157 3591 3318 3632 omne
3353 3592 3489 3646 opus
3528 3580 3725 3635 bonum
3750 3621 3766 3646 ,

2184 3679 2240 3724 et
2271 3670 2434 3723 intret
2455 3669 2506 3722 in
2537 3667 2790 3723 fabricam
2813 3677 3075 3737 sanctam,
3100 3669 3224 3740 quia
3246 3677 3302 3725 et
3327 3671 3592 3726 secundus
3615 3689 3768 3729 inen-

2184 3761 2261 3815 sis
2287 3759 2413 3813 anni
2441 3758 2844 3824 sexcentesimi,
2871 3773 2978 3828 quo
3003 3759 3164 3814 intrat
3189 3759 3302 3817 Noe
3324 3761 3377 3815 in
3402 3777 3602 3828 arcam,
3625 3779 3774 3820 eaut-

2184 3851 2306 3906 dem
2334 3849 2602 3904 senariam
2639 3856 2852 3903 aetatem
2892 3848 3196 3919 signiﬁcat;
3243 3852 3354 3907 duo
3383 3853 3526 3908 enim
3558 3869 3772 3912 menses

2183 3941 2534 4009 sexagenario
2563 3955 2787 3995 numero
2816 3940 3225 3997 concluduntur.

2258 4035 2346 4090 19.
2387 4035 2431 4089 Α
2455 4037 2670 4090 senario
2700 4044 2874 4090 autem
2905 4050 3128 4091 numero
3150 4046 3204 4092 et
3230 4038 3504 4108 sexaginta
3536 4055 3772 4096 comme-

2185 4135 2486 4192 morantur,
2511 4134 2566 4180 et
2595 4135 2844 4181 sexcenta
2870 4165 2886 4191 ,
2919 4134 2976 4180 et
3019 4141 3111 4181 sex
3154 4127 3316 4182 millia
3343 4168 3357 4193 ,
3400 4139 3452 4183 et
3494 4131 3771 4201 sexaginta

2185 4223 2374 4289 millia,
2410 4230 2466 4277 et
2491 4231 2740 4278 sexcenta
2777 4222 2967 4287 millia,
2999 4234 3052 4279 et
3080 4225 3402 4290 sexcenties,
3434 4235 3487 4279 et
3517 4226 3771 4296 quidquid

2184 4315 2438 4384 deinceps
2488 4315 2539 4368 in
2585 4315 2878 4384 majoribus
2907 4315 3132 4370 summis
3175 4330 3268 4383 per
3293 4317 3540 4370 eumdem
3571 4319 3771 4372 articu-

2185 4409 2294 4464 lum
2329 4408 2536 4462 numeri
2566 4407 2619 4460 in
2651 4405 2856 4460 inﬁnita
2886 4407 3215 4461 incrementa
3240 4406 3534 4476 consurgit.

2258 4503 2348 4557 20.
2393 4501 2458 4555 Et
2500 4500 2643 4570 quod
2693 4499 2976 4554 vicesimus
3019 4509 3075 4554 et
3125 4500 3385 4569 septimus
3423 4501 3538 4556 dies
3575 4502 3773 4560 mensis

563 4594 652 4649 15.
697 4590 846 4648 Unde
876 4603 930 4647 et
955 4592 1044 4646 ille
1074 4605 1328 4648 numerus
1357 4593 1746 4664 quinquaginta
1771 4593 1980 4649 dierum
2007 4594 2074 4649 ad
2103 4580 2161 4645 1)
2185 4603 2660 4659 commemoratur,
2712 4591 2777 4645 ad
2829 4591 3067 4659 ejusdem
3112 4590 3452 4660 quadratum:
3497 4593 3775 4660 signiﬁca-

489 4683 777 4742 adventum
805 4683 975 4739 saneti
1003 4682 1238 4752 Spiritus
1262 4685 1540 4754 pertinens
1577 4685 1630 4740 in
1667 4687 1870 4755 septies
1897 4695 2074 4755 septe-

491 4776 597 4844 nis,
622 4775 712 4847 qui
745 4779 874 4831 liunt
899 4776 1251 4848 quadraginta
1297 4793 1514 4844 novem,
1559 4795 1663 4835 uno
1711 4779 1913 4846 addito,
1945 4794 2076 4836 con-

490 4879 807 4926 summatur.
841 4870 1069 4939 Propter
1105 4870 1244 4940 quod
1287 4870 1488 4924 dictum
1516 4879 1600 4924 est
1624 4889 1637 4923 :
1665 4869 1940 4926 Studentes
1967 4887 2073 4924 ser-

491 4979 608 5020 vare
629 4963 874 5017 unitatem
900 4964 1113 5034 spiritus
1159 4964 1211 5017 in
1233 4963 1437 5017 vinculo
1464 4963 1625 5032 pacis.
1657 4963 1781 5019 Mali
1809 4973 1989 5020 autem
2019 4965 2073 5019 in

562 5103 616 5159 8.
656 5100 898 5172 Corporis
923 5104 1056 5156 enim
1084 5103 1374 5170 longitudo.
1397 5118 1566 5174 usque
1592 5103 1658 5158 ad
1681 5103 1820 5158 altus
1849 5119 1882 5156 α
1911 5112 2070 5161 terra.

491 5175 620 5230 Haec
650 5190 755 5229 non
787 5184 910 5229 sunt
940 5175 1076 5241 apud
1119 5174 1496 5238 Augustinum.
1547 5174 1686 5230 Sunt
1729 5184 1907 5230 tamen
1939 5177 1990 5230 in
2015 5191 2070 5231 ο.

492 5247 555 5312 1.,
585 5254 638 5300 et
669 5246 808 5314 apud
841 5245 1183 5299 Eucherium.
1211 5244 1400 5299 GRIAL.

493 5387 531 5443 ϐ
561 5317 614 5370 9.
658 5314 790 5372 Item
816 5316 952 5384 quod
975 5331 1099 5369 arca
1135 5315 1347 5370 collecta
1377 5318 1446 5370 ad
1475 5333 1630 5370 unum
1654 5316 1771 5370 sub.
1801 5331 1871 5372 ex
1899 5332 1947 5371 c.
1983 5317 2072 5374 16.

540 5403 676 5442 nuc.

540 5403 676 5442 RIAL.

564 5457 648 5512 10.
682 5458 866 5532 Υθτιη
891 5458 1046 5514 Luca:
1077 5460 1130 5513 in
1171 5460 1393 5532 Vulgata
1428 5478 1440 5514 :
1471 5460 1574 5526 Qui
1601 5476 1701 5514 non
1743 5461 1940 5515 coltiait
1970 5477 2075 5516 me-

493 5545 627 5592 cum,
657 5529 918 5598 dispergit.
948 5534 1118 5586 Ansv.

565 5599 649 5672 1_1.
677 5597 1145 5672 Consummantur.
1190 5601 1642 5670 Consummamur,
1697 5604 1832 5672 Aug.
1878 5602 2069 5661 GRIAL.

497 5742 534 5798 Β
566 5669 706 5724 Ibid.
751 5669 900 5735 Quod
943 5682 1124 5727 cuncta
1163 5675 1468 5728 animalium
1505 5669 1714 5745 genera,
1767 5669 1832 5728 ex
1888 5689 1937 5729 c.
1985 5677 2074 5732 15.

540 5759 678 5798 aIAL.

540 5759 678 5799 κιλι..

565 5815 653 5872 12.
684 5811 750 5871 In
777 5812 1008 5870 Ecclesia
1045 5825 1093 5870 et
1132 5817 1484 5880 sacramentis.
1537 5815 1603 5872 In
1632 5816 1877 5872 Ecclesia:
1902 5834 2072 5876 sacru-

2186 4687 2384 4740 tionem
2413 4685 2664 4753 pertinet,
2689 4697 2808 4752 qua:
2831 4681 2939 4750 jam
2963 4681 3020 4735 in
3051 4683 3325 4750 quadratis
3353 4682 3508 4752 lignis
3532 4686 3773 4752 exposita

2185 4789 2268 4835 est
2292 4796 2307 4844 ;
2339 4777 2431 4834 sed
2468 4777 2553 4832 hic
2579 4775 2885 4832 evidentius
2909 4817 2923 4842 ,
2956 4776 3078 4845 quia
3107 4790 3203 4830 nos
3233 4775 3297 4829 ad
3325 4792 3484 4831 omne
3509 4794 3642 4846 opus
3673 4779 3771 4832 bo-

2186 4891 2315 4930 nutn
2345 4882 2578 4944 paratos,
2615 4872 2666 4925 id
2697 4879 2802 4938 est,
2833 4858 3122 4939 qtiadratos
3145 4911 3159 4933 ,
3192 4869 3586 4935 quodammodo
3618 4870 3769 4923 trini-

2189 4976 2268 5022 tas
2301 4965 2548 5036 perlicit,
2583 4965 2634 5017 in
2669 4963 2923 5018 memoria
2951 5001 2964 5026 ,
2999 4976 3100 5031 qua
3145 4961 3310 5014 Deum
3363 4960 3648 5014 rccolimus
3671 5000 3686 5025 ,
3721 4961 3770 5014 iu

2185 5107 2384 5172 mentis,
2420 5105 2552 5172 Aug.
2581 5103 2770 5158 GRIAL.

2257 5177 2345 5232 15.
2391 5171 2542 5242 Quod
2571 5185 2690 5244 post
2720 5183 2930 5244 septem,
2959 5186 3024 5225 ex
3057 5185 3105 5226 c.
3144 5171 3230 5224 17.
3262 5171 3458 5244 _GRIAL.

2259 5241 2583 5313 lbidXQuia
2629 5249 2680 5299 in
2725 5241 2815 5315 spe
2857 5246 3020 5315 futuri.
3071 5244 3226 5310 quiet.
3261 5242 3334 5296 lta
3377 5247 3540 5310 Aug.,
3574 5241 3768 5309 Euch.,

2186 5322 2341 5384 Bed.,
2380 5319 2495 5373 Val.
2530 5321 2641 5384 AL,
2673 5319 2726 5371 in
2756 5314 2944 5384 specie.
2977 5314 3170 5370 GBIAL.

2259 5393 2399 5447 Ibid.
2435 5390 2604 5444 Crial.
2639 5392 2690 5442 iu
2721 5399 2867 5443 textu
2892 5402 3053 5454 spem,
3089 5386 3139 5438 in
3175 5397 3288 5440 not.
3331 5402 3438 5456 spe.
3464 5386 3636 5439 Anev.

2262 5467 2347 5519 16.
2391 5463 2542 5530 Apud
2571 5461 2824 5516 Grialiutu
2850 5471 2968 5513 erat
2993 5459 3264 5522 pertinent.
3299 5454 3399 5511 Alii
3433 5458 3568 5510 Editi
3592 5498 3606 5522 ,
3639 5454 3774 5524 quod

2181 5538 2248 5590 ad
2276 5539 2382 5588 dies
2413 5533 2626 5602 pertinet
2654 5533 2756 5584 sive
2783 5531 2919 5599 quod
2946 5532 3013 5582 ad
3040 5539 3230 5602 noctes,
3265 5540 3368 5602 etc.
3399 5530 3571 5582 Δίων.

2254 5609 2343 5663 17.
2390 5604 2537 5670 Quod
2573 5601 2684 5655 Noe
2711 5604 3060 5672 quingenton,
3092 5601 3265 5672 c.18.
3293 5601 3487 5656 GRIAL.

2251 5679 2342 5731 ‘20.
2384 5675 2449 5728 Et
2475 5674 2612 5744 quod
2635 5671 2900 5744 vicesimus
2930 5681 2976 5725 et
3001 5679 3128 5744 sept.
3166 5671 3241 5724 Ex
3271 5687 3320 5725 c.
3357 5672 3444 5726 19.
3468 5671 3666 5744 Cant.

2256 5747 2392 5804 Ibid.
2427 5741 2739 5816 Quadratos.
2773 5743 2841 5797 Et
2869 5742 3265 5815 conquadratos.
3291 5745 3428 5814 Aug.
3453 5741 3648 5800 ϐιιιΑι..
