4100 6344
301 409 402 470 253

1124 399 1581 474 QUESTIONES
1624 402 1687 460 IN
1727 400 1888 462 VET.
1930 392 2228 461 TESTAM.
2359 391 2424 461 IN
2463 400 2777 461 GENESIN.

3477 403 3585 466 234

301 518 655 591 intelligentia
683 557 698 585 ,
746 530 851 590 qua
890 516 1271 590 cognoscimus
1294 559 1311 587 ,
1353 519 1408 577 in
1449 519 1724 576 voluntate
1748 563 1764 590 ,
1794 532 1898 590 qua
1925 517 1973 578 Α
2004 517 2362 586 septenariam
2392 517 2762 588 operationem
2793 514 3124 588 spiritualem
3155 516 3310 577 olivae
3344 502 3585 582 fructuo-

302 613 593 687 diligimus.

365 707 460 764 2t.
501 706 626 763 'l‘ria
653 705 799 762 enim
833 714 935 774 ter,
964 713 1021 762 et
1045 704 1150 763 hoc
1172 715 1273 774 ter,
1315 706 1450 762 ﬁunt
1475 704 1658 776 viginti
1689 714 1741 760 et
1770 720 1897 776 sep-

303 809 407 860 tem
435 841 449 867 ,
479 799 574 871 qui
602 810 684 856 est
713 799 878 872 290
906 797 1116 855 humeri
1149 801 1368 857 ternarii
1394 799 1705 872 quadratus.
1746 798 1898 867 Quod

300 897 528 966 septimo
573 911 762 951 mense
807 911 932 952 arca
978 895 1160 964 sedit,
1205 895 1307 951 hoc
1335 904 1458 960 est,
1488 894 1787 966 requievit,
1831 892 1898 947 ad

301 989 443 1045 illam
490 987 778 1058 septimam
820 987 1061 1060 requiem
1108 987 1430 1059 signiﬁcatio
1478 989 1746 1053 recurrit,
1792 1000 1897 1056 qua

301 1083 524 1156 perfecti
566 1091 934 1155 requiescunt.
988 1081 1067 1139 Ibi
1113 1096 1327 1154 quoque
1366 1081 1514 1139 illius
1559 1081 1896 1153 quadratttrte

299 1192 554 1235 numerus
580 1177 828 1233 iteratur.

366 1271 455 1326 εἰ.
499 1269 631 1326 Nam
664 1269 918 1326 vicesima
956 1278 1012 1326 et
1039 1267 1267 1339 septima
1309 1267 1397 1324 die
1440 1266 1644 1323 mensis
1673 1263 1897 1322 secundi

301 1361 735 1421 commendatum
769 1369 853 1417 est
883 1360 986 1416 hoc
1011 1368 1435 1426 sacramentum.
1487 1359 1792 1428 Etgrursum
1823 1355 1902 1411 vi-

301 1455 498 1513 cesima
545 1463 602 1512 et
647 1453 879 1523 septima
920 1450 1008 1508 die
1051 1452 1263 1523 septimi
1307 1452 1506 1507 mensis
1527 1451 1714 1506 eadem
1742 1463 1902 1504 com-

301 1548 575 1608 mendatio
601 1547 918 1602 conﬁrmata
944 1556 1057 1612 est,
1086 1558 1208 1600 cum
1241 1558 1364 1599 area
1397 1539 1677 1613 requievit.

371 1644 464 1699 25.
506 1640 661 1710 Quod
701 1640 846 1696 enim
880 1637 1209 1709 promittitur
1238 1636 1292 1692 in
1321 1652 1416 1706 Spe
1441 1677 1456 1702 ,
1489 1636 1592 1692 hoc
1615 1635 1900 1691 exhibetur

302 1737 358 1795 in
405 1750 482 1791 re.
536 1733 705 1789 Porro
733 1731 861 1803 quia
900 1730 1014 1802 ipsa
1045 1729 1270 1800 septima
1300 1728 1514 1797 requies
1553 1743 1673 1782 cum
1708 1737 1898 1784 octava

307 1828 708 1888 resurrectione
734 1823 1115 1896 conjungitur;
1148 1837 1323 1893 neque
1353 1822 1496 1878 enim
1529 1836 1756 1892 corpore
1779 1822 1900 1877 red-

2002 625 2119 664 sum
2151 610 2420 666 surculum
2453 612 2650 666 retulit.
2678 685 2687 694 ς

2073 700 2164 756 28.
2204 702 2322 770 Quo
2349 702 2676 772 signiﬁcaret
2706 704 2988 762 nonnullos
3016 706 3176 764 etiam
3206 717 3355 766 extra
3383 711 3582 770 Eccle-

2003 793 2135 848 siam
2168 794 2463 865 baptizatos
2482 838 2497 863 ,
2528 798 2575 854 si
2607 799 2685 854 eis
2714 801 2978 872 pinguedo
3007 818 3115 859 non
3143 802 3581 865 defueritchari-

2005 887 2128 943 tatis
2154 928 2169 954 ,
2219 889 2502 958 posteriori
2553 897 2795 961 tempore
2821 935 2838 960 ,
2881 894 3033 966 quasi
3081 911 3345 967 vespere,
3389 899 3442 953 in
3490 914 3586 955 ore

2003 982 2265 1038 columba:
2290 1023 2305 1047 ,
2349 992 2598 1055 tanquam
2632 986 2684 1040 in
2719 988 2905 1043 osculo
2935 989 3082 1059 pacis
3107 1031 3123 1055 ,
3153 991 3219 1045 ad
3250 991 3469 1049 unitatis
3493 1008 3588 1047 so-

2002 1071 2253 1129 cietatem
2284 1089 2439 1143 posse
2471 1075 2710 1145 perduci.
2741 1079 2894 1147 Quod
2927 1089 3050 1148 post
3075 1082 3212 1138 alios
3241 1093 3445 1155 septem
3471 1084 3589 1142 dies

2002 1163 2224 1220 dimissa
2270 1181 2374 1222 non
2418 1174 2502 1223 est
2544 1184 2765 1225 reversa
2794 1211 2810 1236 ,
2859 1172 3125 1244 signiﬁcat
3161 1175 3321 1231 ﬁnem
3361 1177 3543 1232 saecuﬂ
3567 1219 3584 1244 ,

2002 1259 2217 1329 quando
2243 1261 2348 1316 erit
2373 1272 2680 1318 sanctorum
2711 1263 2925 1334 requies
2945 1306 2960 1330 ,
2985 1282 3089 1322 non
3118 1267 3291 1323 adhuc
3323 1269 3378 1324 in
3407 1283 3590 1324 sacra-

2004 1361 2188 1407 mento
2215 1353 2353 1424 spei,
2386 1370 2490 1422 quo
2528 1355 2581 1410 in
2626 1355 2728 1411 hoc
2759 1367 3003 1426 tempore
3037 1360 3377 1416 consociatur
3400 1361 3587 1417 Eccle-

2001 1444 2104 1510 sia,
2139 1445 2370 1514 quandiu
2402 1446 2606 1504 bibitur
2630 1451 2770 1520 quod
2798 1450 2866 1506 de
2895 1450 3090 1507 Christi
3130 1453 3297 1510 latere
3327 1455 3586 1521 manavit,

2003 1536 2097 1591 sed
2122 1535 2232 1606 jam
2266 1537 2318 1592 in
2347 1540 2460 1608 ipsa
2494 1541 2824 1609 perfectione
2851 1542 3045 1599 salutis
3065 1551 3304 1612 aeternas,
3329 1563 3451 1604 cum
3476 1559 3585 1604 tra-

2004 1629 2162 1686 detur
2184 1645 2406 1700 regnum
2437 1631 2570 1696 Deo,
2596 1642 2650 1688 et
2676 1632 2842 1701 Patri,
2877 1644 2933 1690 ut
2959 1636 3010 1690 in
3038 1635 3128 1690 illa
3157 1638 3446 1709 perspicua
3461 1656 3590 1697 con-

2006 1722 2357 1793 templatione
2390 1725 2842 1783 incommutabilis
2870 1727 3112 1784 veritatis
3143 1729 3311 1785 nullis
3351 1728 3592 1789 ministe-

2007 1814 2099 1869 riis
2123 1815 2490 1885 corporalibus
2517 1831 2789 1888 egeamus.

303 1920 412 1976 dito
460 1919 642 1974 ﬁnitur
686 1916 947 1989 requies,
979 1931 1100 1986 qua:
1147 1922 1268 1985 post
1314 1915 1450 1969 hanc
1496 1914 1658 1968 vitam
1708 1913 1901 1984 excipit
1933 1912 1978 1973 Β
2077 1907 2167 1962 29.
2209 1907 2316 1964 Cur
2357 1912 2748 1968 sexcentesimo
2773 1915 2946 1984 primo
2981 1929 3124 1972 armo
3173 1918 3299 1975 vita
3343 1917 3499 1986 Noe,
3533 1921 3586 1978 id

304 2023 517 2072 sanctos
540 2055 555 2079 ,
605 2010 700 2068 sed
735 2011 912 2082 potius
944 2017 1112 2064 totum
1145 2007 1418 2064 hominem
1443 2047 1460 2075 ,
1506 2022 1612 2063 non
1642 2005 1819 2062 adhuc
1848 2008 1901 2062 in
2004 2009 2110 2068 est,
2143 2002 2370 2072 peractis
2411 2005 2682 2062 sexcentis
2718 2007 2872 2063 annis
2911 2010 3150 2080 aperitur
3176 2026 3316 2068 arca:
3352 2016 3586 2069 tectum?

307 2123 400 2179 spe
427 2149 442 2175 ,
471 2107 564 2163 sed
589 2107 700 2177 jam
729 2108 782 2160 in
812 2120 871 2161 re
898 2104 1010 2176 ipsa
1043 2103 1192 2160 omni
1221 2118 1286 2159 ex
1320 2111 1472 2171 parte
1510 2110 1565 2158 et
1603 2101 1820 2172 spiritus
1849 2110 1904 2157 et
2002 2092 2175 2150 Finita
2205 2096 2400 2166 quippe
2427 2107 2575 2155 sexta
2606 2108 2764 2156 aetate
2790 2100 2973 2158 saeculi
3005 2104 3334 2162 revelabitur
3360 2107 3590 2164 abscon-

305 2201 547 2274 corporis
579 2199 820 2270 perfecta
846 2239 862 2264 ,
916 2197 1206 2253 immortali
1255 2195 1430 2253 salute
1467 2202 1778 2251 renovatum
1805 2237 1819 2262 ,
1849 2193 1899 2248 in

308 2301 521 2349 eterna:
552 2292 681 2347 vitte
711 2303 906 2345 munus
936 2287 1184 2344 assumit.

371 2384 462 2440 24.
506 2384 644 2454 Quia
672 2384 838 2456 igitur
863 2384 1091 2457 septima
1122 2383 1339 2455 requies
1362 2399 1483 2439 cum
1513 2392 1696 2439 octava
1722 2398 1902 2439 resur-

307 2477 549 2536 rectione
577 2475 954 2547 conjungitur,
985 2483 1041 2532 et
1071 2475 1174 2531 hoc
1214 2476 1268 2530 in
1311 2484 1648 2531 sacramento
1681 2489 1902 2544 regene-

309 2570 534 2626 rationis
565 2578 765 2627 nostra:
791 2609 807 2637 ,
851 2569 902 2626 id
933 2576 1056 2639 est,
1098 2569 1153 2625 in
1185 2569 1454 2638 baptismo
1481 2570 1644 2624 altum
1683 2569 1904 2640 profun-

308 2661 540 2733 dumque
570 2663 888 2733 mysterium
915 2671 1020 2719 est.
1053 2661 1206 2731 Quod
1249 2661 1555 2732 quindecim
1587 2661 1782 2717 cubitis
1811 2675 1902 2717 su-

306 2754 581 2826 percrevit
610 2769 772 2825 aqua,
807 2754 1077 2811 excedens
1097 2752 1436 2810 altitudinem
1465 2751 1745 2810 montium.
1768 2753 1902 2808 Octo

311 2848 488 2919 itaque
518 2856 571 2904 et
610 2856 816 2918 septem
847 2846 1151 2918 quindecim
1183 2846 1404 2902 laciunt.
1454 2845 1561 2902 Sed
1596 2854 1716 2902 octo
1738 2844 1903 2917 signi-

308 2941 467 2996 lit-ant
495 2942 964 3006 resurrectionem,
996 2949 1203 3011 septem
1227 2939 1483 3012 quietem.

375 3031 467 3091 εδ.
504 3033 614 3089 Iloc
637 3031 801 3104 igitur
824 3043 1222 3092 sacramentum
1249 3032 1658 3090 resurrectionis
1681 3042 1734 3090 et
1755 3033 1903 3106 quie-

309 3125 378 3181 tis
406 3126 741 3183 transcendit
768 3142 983 3184 omnem
1026 3127 1348 3198 sapientiam
1389 3127 1744 3198 superborum
1771 3168 1787 3194 ,
1829 3128 1902 3184 ita

309 3227 367 3274 ut
396 3221 542 3276 nulla
569 3236 701 3292 gens
732 3220 900 3292 possit
931 3220 1170 3277 indicare
1202 3220 1445 3277 scientiae
1474 3235 1589 3276 sua:
1627 3220 1904 3278 altitudine

311 3310 724 3368 resurrectionis
749 3311 1004 3381 quietem.
1031 3312 1098 3367 Et
1117 3312 1239 3382 quia
1254 3311 1588 3385 septuaginta
1613 3326 1642 3366 a
1670 3321 1898 3383 septem,

310 3411 363 3456 et
409 3402 682 3473 octoginta
716 3402 784 3458 ab
818 3409 940 3458 octo
973 3402 1410 3470 denominantur,
1442 3402 1728 3474 conjuncto
1756 3412 1902 3460 utro-

312 3507 413 3564 que
439 3509 687 3564 numero,
709 3504 925 3551 centum
943 3493 1331 3566 quinquaginta
1355 3494 1542 3552 diebus
1567 3496 1797 3551 exaltata
1818 3506 1902 3553 est

312 3600 472 3656 aqua,
501 3587 746 3643 eamdem
779 3585 1165 3643 commendans
1196 3587 1349 3642 nobis
1386 3595 1544 3658 atque
1576 3590 1902 3645 conlirmans

311 3679 644 3735 altitudinem
689 3678 943 3750 baptismi
989 3678 1042 3734 in
1092 3680 1356 3737 sacrando
1402 3694 1544 3734 novo
1591 3679 1807 3737 homine
1834 3681 1900 3736 ad

314 3773 600 3827 tenendam
631 3772 832 3842 quietis
862 3781 914 3828 et
943 3772 1352 3829 resurreCtionis
1383 3773 1564 3831 ﬁdem.

383 3863 479 3920 26.
503 3865 658 3934 Quod
685 3872 805 3937 post
825 3865 942 3922 dies
965 3865 1311 3936 quadraginta
1334 3866 1562 3922 emissus
1583 3880 1776 3922 corvus
1798 3883 1900 3924 non

316 3967 400 4014 est
427 3972 718 4026 reversus,
779 3968 870 4014 aut
928 3957 1083 4029 aquis
1150 3959 1331 4028 utique
1393 3958 1762 4030 interceptus,
1813 3971 1906 4016 aut

315 4049 500 4119 aliquo
529 4057 915 4120 supernatante
943 4049 1208 4105 cadavere
1252 4049 1490 4116 illectus,
1519 4051 1780 4121 signaﬁcat
1810 4051 1907 4106 ho-

320 4139 495 4197 mines
526 4140 578 4195 in
604 4136 938 4196 immunditla
962 4139 1270 4212 cupiditatis
1291 4141 1616 4208 teterrimos,
1641 4152 1695 4197 et
1715 4141 1782 4197 ob
1804 4142 1905 4198 hoc

325 4233 388 4289 ad
415 4249 477 4290 ea
501 4250 620 4304 qutc
650 4234 775 4289 foris
801 4242 926 4290 sunt
973 4234 1025 4289 in
1070 4233 1171 4289 hoc
1210 4231 1406 4289 mundo
1445 4232 1604 4288 nimis
1648 4231 1904 4302 intentos,

323 4335 411 4382 aut
444 4325 764 4397 rebaptizari
791 4367 807 4393 ,
837 4335 928 4381 aut
951 4326 1018 4382 ab
1048 4325 1128 4382 his
1154 4368 1168 4392 ,
1201 4339 1336 4397 quos
1368 4335 1560 4397 printer
1605 4343 1781 4382 arcam
1809 4368 1824 4394 ,
1855 4325 1906 4383 id

316 4429 419 4487 est,
457 4432 654 4492 praeter
703 4419 995 4476 Ecclesiatn
1046 4420 1342 4492 baptismus
1372 4421 1597 4488 occidit,
1631 4421 1813 4478 seduci
1853 4432 1910 4479 et

317 4515 508 4571 teneri.

385 4608 478 4662 '27.
521 4605 674 4675 Quod
710 4606 958 4663 columba
988 4607 1182 4665 emissa
1207 4651 1222 4676 ,
1269 4623 1374 4664 non
1423 4608 1635 4665 inventa
1679 4610 1904 4683 requie,

2001 2187 2171 2244 ditum
2197 2199 2590 2247 sacramentum
2623 2200 2782 2263 atque
2817 2196 3161 2265 promissum.

2073 2300 2166 2357 30.
2207 2303 2316 2358 Cur
2346 2304 2605 2384 vicesimo
2631 2308 2864 2378 septimo
2891 2307 2982 2366 die
3017 2310 3236 2366 secundi
3281 2314 3480 2370 mensis
3508 2313 3594 2370 di-

2002 2393 2146 2449 citur
2173 2395 2410 2453 siceasse
2457 2408 2695 2471 terram,
2745 2409 2996 2474 tanquam
3043 2405 3188 2459 ﬁnita
3236 2415 3379 2463 esset
3420 2408 3593 2478 bapti‘

2004 2486 2159 2540 zaudi
2192 2491 2491 2545 necessitas
2512 2490 2566 2545 in
2591 2507 2822 2550 numero
2845 2493 3050 2550 dierum
3075 2497 3517 2569 quinquagesimo
3537 2508 3594 2556 et

2002 2577 2267 2648 septimo?
2286 2580 2404 2651 Ipse
2428 2580 2570 2638 enim
2593 2595 2675 2639 est
2697 2584 2812 2642 dies
2833 2587 3055 2643 secundi
3085 2591 3286 2645 mensis
3306 2591 3594 2648 vicesimus

2003 2671 2268 2736 septimus
2293 2713 2307 2739 ,
2331 2672 2424 2743 qui
2451 2689 2706 2732 numerus
2735 2693 2802 2733 ex
2833 2678 2920 2732 illa
2951 2679 3330 2749 conjunctione
3369 2683 3592 2753 spiritus

2003 2771 2058 2818 et
2086 2765 2330 2834 corporis
2357 2768 2558 2837 septies
2586 2780 2814 2826 octonos
2855 2770 3054 2840 habet,
3087 2788 3192 2829 uno
3215 2774 3398 2832 addito
3419 2815 3433 2841 ,
3465 2791 3590 2847 pro-

2005 2867 2124 2928 pter
2149 2860 2364 2917 unitatis
2389 2861 2681 2918 vinculum.

2075 2975 2165 3032 3t.
2206 2975 2312 3032 Cur
2338 2977 2404 3033 de
2433 2991 2559 3033 area
2603 2975 2875 3049 conjuncti
2914 2989 3152 3050 exeunt,
3198 2982 3290 3054 qui
3331 2983 3587 3056 disjuncti

2006 3071 2378 3126 intraverunt?
2409 3069 2500 3128 Sic
2525 3070 2668 3126 enim
2697 3069 2897 3127 dictum
2935 3082 3052 3129 erat
3081 3074 3224 3146 quod
3254 3076 3592 3134 intraverunt

2009 3166 2062 3221 in
2089 3180 2268 3220 arcam
2293 3162 2406 3221 Noe
2429 3204 2446 3232 ,
2489 3175 2543 3221 et
2594 3164 2687 3220 ﬁlii
2730 3164 2847 3236 ejus
2873 3209 2888 3236 ,
2924 3183 3060 3222 uxor
3089 3168 3207 3239 ejus
3234 3210 3249 3237 ,
3297 3179 3351 3226 et
3392 3187 3595 3229 uxores

1930 3299 1978 3363 Ο
2009 3259 2238 3316 ﬁliorum
2270 3259 2405 3331 ejus.
2459 3258 2570 3316 Cur
2614 3275 2859 3317 seorsum
2901 3262 3045 3333 viri,
3086 3278 3330 3320 seorsum
3381 3265 3596 3324 femina:

2008 3364 2444 3410 commemorata:
2472 3355 2636 3408 sunt?
2677 3354 2780 3410 nisi
2809 3354 2952 3426 quod
2980 3355 3029 3409 iu
3072 3355 3175 3413 hoc
3205 3365 3444 3428 tempore
3469 3373 3598 3415 caro

2006 3449 2336 3517 concupiscit
2363 3447 2626 3504 adversus
2659 3448 2940 3519 spiritum,
2975 3460 3030 3506 et
3069 3450 3292 3520 spiritus
3337 3452 3597 3508 adversus

2006 3554 2224 3595 carnem
2249 3538 2272 3591 ll
2297 3538 2649 3595 Postmodum
2667 3550 2844 3596 autem
2867 3550 3062 3597 exeunt
3083 3539 3197 3597 Noe
3218 3549 3272 3597 et
3292 3557 3426 3598 uxor
3451 3543 3593 3614 ejus,

2005 3639 2061 3685 et
2091 3645 2288 3686 uxores
2315 3628 2545 3685 liliorum
2576 3632 2716 3699 ejus.

2078 3748 2167 3804 52.
2212 3748 2324 3804 IIoc
2347 3759 2451 3815 est,
2480 3757 2973 3804 commemorantur
2995 3747 3264 3819 conjuncti
3289 3751 3513 3807 masculi
3537 3761 3598 3809 et

2007 3838 2221 3897 femina:
2245 3881 2259 3907 ,
2288 3841 2408 3911 quia
2442 3839 2493 3894 in
2524 3841 2630 3895 line
2663 3838 2843 3895 saeculi
2871 3878 2886 3903 ,
2917 3849 3080 3911 atque
3111 3840 3163 3895 in
3196 3842 3596 3899 resurrectione

2003 3930 2298 4000 justorum,
2321 3931 2632 3987 umnimoda
2656 3939 2710 3986 et
2739 3930 2974 4002 perfecta
2999 3944 3131 3999 pace
3159 3931 3368 4002 spiritui
3399 3947 3597 4003 corpus

2009 4023 2302 4082 adhterebit
2328 4067 2343 4092 ,
2378 4024 2520 4080 nulla
2551 4024 2895 4081 mortalitatis
2927 4023 3217 4095 indigentia
3246 4065 3261 4090 ,
3307 4027 3468 4099 292
3510 4028 3599 4084 vel

2009 4119 2445 4188 concupiscentia
2495 4117 2804 4174 resistente.
2846 4115 2957 4172 Cur
3003 4117 3291 4185 animalia,
3347 4121 3598 4189 quamvis

2011 4210 2211 4268 munda
2233 4221 2287 4267 et
2314 4211 2589 4266 immunda
2614 4210 2666 4265 in
2689 4223 2812 4265 area
2838 4207 3057 4276 fuerint,
3081 4217 3260 4266 tamen
3287 4219 3407 4280 post
3425 4224 3603 4283 egres-

2012 4319 2130 4360 sum
2165 4305 2232 4360 de
2278 4319 2402 4360 arca
2446 4319 2554 4361 non
2601 4304 2902 4360 oITeruntur
2940 4303 3052 4360 Deo
3081 4301 3138 4359 in
3167 4302 3468 4374 sacriﬁcio,
3495 4302 3603 4362 nisi

2012 4395 2248 4451 munda?

2084 4511 2174 4570 55.
2214 4507 2350 4579 Quid
2381 4507 2575 4566 deinde
2605 4509 2734 4565 velit
2757 4508 2894 4577 sibi,
2927 4507 3038 4566 Deo
3073 4508 3328 4580 loquente
3355 4508 3420 4565 ad
3447 4508 3559 4566 Noe
3582 4547 3600 4578 ,

2016 4619 2072 4666 et
2097 4618 2347 4679 tanquam
2377 4620 2565 4662 rursus
2603 4605 2671 4661 ab
2717 4604 2984 4663 exordio?
3019 4606 3156 4675 Quia
3206 4607 3390 4664 multis
3431 4606 3608 4664 modis

314 4715 532 4755 reversa
559 4710 640 4756 est
666 4745 681 4770 ,
714 4701 952 4757 ostendit
1000 4717 1093 4772 per
1136 4700 1338 4756 Novum
1369 4701 1768 4758 Testamentum
1818 4719 1908 4762 re-
1941 4688 1996 4751 Β
2023 4717 2142 4759 eam
2165 4700 2466 4772 signiﬁcare
2487 4699 2769 4770 oportebat
2790 4699 3012 4771 ﬁguram
3036 4699 3314 4768 Ecclesiae,
3339 4713 3610 4757 commen-

317 4793 496 4861 quiem
528 4795 729 4847 sanctis
761 4794 812 4847 in
845 4793 947 4849 hoc
979 4794 1179 4849 mundo
1204 4794 1364 4866 291
1399 4809 1502 4850 non
1525 4810 1644 4851 esse
1676 4797 1910 4866 promis-

323 4900 462 4939 sam.
494 4882 623 4940 Post
651 4886 1001 4958 quadraginta
1054 4885 1196 4941 enim
1246 4887 1361 4942 dies
1408 4889 1604 4944 emissa
1653 4898 1765 4956 est;
1818 4891 1914 4963 qui

320 4993 576 5034 numerus
604 4982 768 5034 vitam
801 4995 920 5049 qua:
961 4982 1013 5034 in
1046 4978 1148 5033 hoc
1186 4979 1383 5034 mundo
1413 4980 1585 5051 agitur
1623 4980 1912 5051 signiliCat.

323 5069 567 5141 Denique
619 5080 742 5142 post
789 5082 994 5144 septem
1038 5071 1154 5128 dies
1201 5072 1422 5128 dimissa
1450 5113 1464 5139 ,
1508 5081 1727 5144 propter
1766 5075 1910 5134 illam

389 5205 655 5287 ?I.“A_r_ca
691 5210 848 5287 sedit.
897 5208 992 5287 Ita_
1019 5208 1302 5282 Augustin.
1361 5208 1598 5279 Resedil,
1649 5209 1914 5287 Eucher.,

320 5276 440 5348 Val.
473 5279 642 5348 Sedit,
676 5281 923 5337 Ambros.
953 5276 1152 5337 Gntai.

392 5347 532 5424 Ibid.
565 5347 677 5418 Qua
699 5354 908 5424 perfecti
932 5355 1274 5422 requiescunt.
1301 5350 1380 5406 Ilii
1400 5368 1616 5423 quoque,
1640 5364 1746 5411 etc.
1776 5356 1913 5415 Eod.

325 5422 486 5477 modo
513 5422 770 5492 legendus
791 5422 852 5479 et
881 5425 1341 5494 interpungemlus
1382 5425 1469 5478 hie
1504 5422 1785 5495 Augustini
1836 5429 1916 5485 Io-

324 5507 420 5565 cus
445 5535 461 5561 ,
517 5496 608 5563 qui
651 5495 938 5565 mendosus
974 5495 1353 5565 circumfertur
1377 5535 1392 5561 ,
1438 5509 1506 5551 ex
1535 5498 1915 5559 emendatione

323 5561 663 5621 Lovaniensi.
693 5564 887 5623 Cum.

391 5633 486 5709 ἓξ.
525 5635 650 5709 alii,
682 5652 836 5707 porro
857 5638 995 5709 ipsa,
1021 5638 1224 5694 omisso
1251 5638 1394 5709 quia.
1427 5639 1600 5697 Annv.

391 5705 485 5764 9.5.
528 5705 599 5763 Ut
623 5705 769 5764 nulla
788 5705 929 5783 gens.
963 5708 1030 5767 ιι
1057 5705 1372 5778 nullatenus,
1403 5713 1546 5782 apud
1577 5712 1706 5769 Bed.
1736 5722 1791 5771 et
1814 5713 1886 5772 Pa

327 5774 459 5834 ient.
490 5777 682 5838 Galae.

395 5849 487 5926 es.
531 5852 686 5926 Quod
713 5863 824 5920 post
851 5855 959 5911 dies
985 5854 1240 5926 quadrag.
1273 5854 1354 5911 Ex
1386 5870 1435 5912 c.
1469 5857 1560 5914 ‘20.
1589 5859 1780 5916 (imae.

393 5919 488 5980 28.
525 5919 861 5982 Consociatur
881 5919 1148 5982 Ecclt'siw.
1173 5919 1248 5984 l'ta
1276 5929 1528 5998 Aogust.,
1551 5929 1677 5987 Bcd.
1706 5940 1759 5988 ct
1778 5930 1916 5991 Cod.

814 6022 1080 6086 ΡΑτιια..
1130 6021 1489 6088 LXXXIII.

2017 4797 2180 4852 dante
2205 4795 2348 4867 quod
2379 4792 2659 4865 progenies
2683 4792 2800 4864 ejus
2821 4793 3156 4850 benedicitur
3183 4793 3250 4850 ad
3279 4794 3608 4866 implendam

2019 4899 2241 4946 terram.
2268 4886 2421 4956 Quod
2452 4884 2651 4942 dantur
2679 4885 2759 4942 eis
2797 4885 2852 4941 in
2878 4901 3059 4943 escam
3091 4894 3281 4942 cuncta
3313 4884 3560 4942 animalia
3587 4925 3604 4951 ,

2018 4984 2155 5038 sicut
2182 4981 2234 5036 in
2266 4979 2358 5035 illo
2387 4977 2537 5035 disco
2581 4977 2744 5035 Petro
2785 4975 3019 5036 dicitur:
3056 4976 3229 5034 Macta
3264 4985 3312 5032 et
3353 4975 3604 5032 manduca

2021 5075 2158 5148 (Act.
2192 5070 2269 5145 x).

2021 5209 2449 5286 SalialanYaL,
2479 5209 2755 5286 mendose.
2787 5208 2978 5286 Getas.
3091 5274 3131 5286 η
3195 5273 3207 5286 ,
3269 5272 3301 5286 ,.
3371 5272 3385 5285 ,

2092 5287 2119 5340 Ι
2128 5285 2230 5339 bid.
2262 5273 2495 5338 Crialius
2518 5281 2571 5337 in
2593 5291 2720 5336 nota
2742 5285 3063 5336 consociatnr
3085 5273 3347 5342 Ecclesiae,
3371 5273 3426 5330 in
3448 5279 3603 5333 textu

2019 5357 2337 5415 consociatur
2364 5352 2616 5408 Ecclesia.
2649 5353 2820 5408 Anev.

2089 5431 2176 5485 ‘29.
2221 5425 2324 5481 Cur
2353 5425 2736 5480 sexcentesimo.
2770 5423 2811 5477 E
2839 5438 2889 5479 c.
2920 5423 3010 5478 2!.
3039 5419 3231 5476 GRIAL.

2022 5507 2038 5529 τ
2089 5501 2180 5556 δτι.
2223 5497 2457 5554 Siccasse
2500 5506 2706 5549 terram.
2757 5496 2832 5548 Ita
2877 5498 3100 5564 August.
3143 5500 3200 5546 et
3238 5487 3478 5563 plerique
3506 5489 3605 5548 lib.

2021 5572 2227 5630 Siccam
2252 5584 2380 5632 esse,
2415 5567 2530 5622 Val.
2561 5566 2752 5621 Getae.

2090 5644 2181 5701 52.
2213 5642 2316 5696 Cur
2343 5639 2590 5693 animalia
2614 5679 2629 5703 ,
2659 5649 2826 5708 usque
2854 5634 2920 5690 ad
2949 5635 3017 5690 ad
3043 5633 3358 5708 implendam
3377 5643 3564 5708 terram
3582 5668 3606 5700 ,

2017 5717 2209 5772 absunt
2252 5727 2282 5768 a
2323 5710 2442 5768 Val.
2479 5720 2532 5767 et
2573 5707 2841 5781 plerisque
2865 5747 2882 5776 ,
2924 5716 3050 5764 sunt
3085 5717 3266 5766 tamen
3296 5709 3436 5780 apud
3465 5707 3607 5779 Aug.

2266 5857 2380 5957 (lim:
2399 5853 2666 5957 animalis,
2697 5859 2804 5957 etc.
2835 5849 3038 5957 fissum
3067 5851 3183 5914 hate
3210 5850 3372 5926 etiam
3397 5847 3453 5911 in
3476 5843 3609 5908 Edi-

2022 5933 2170 5990 tione
2198 5927 2498 5989 Coloniensi
2533 5926 2686 5986 1550.
2720 5927 2894 5984 Αην.

2076 6090 2167 6112 σου..
2185 6099 2258 6111 περ.
2283 6096 2327 6112 ,ι
