4100 6344
349 173 456 231 957

1181 163 1630 236 Quassrtouss
1667 163 1735 221 IN
1777 161 1936 222 ver.
1979 138 2277 220 TESTAM.
2312 112 2384 201 4—
2412 159 2476 216 IN
2521 156 2837 216 GENESIN.

3523 159 3633 214 9.58

351 280 705 357 proﬁtendo,‘
727 285 780 336 et
815 278 954 335 male
976 278 1196 350 agendo
1239 279 1598 336 exhonorant.
1633 278 1709 336 De
1742 277 1935 335 talibus
1963 280 2021 342 Α
2044 286 2334 333 cernuntur
2360 295 2374 344 ;
2407 283 2461 333 et
2484 290 2617 348 quos
2640 283 2813 330 armat
2839 273 3095 330 adversus
3123 274 3292 330 Deum
3324 275 3478 332 elata:
3505 292 3636 335 con-

351 364 495 437 enim
543 376 800 446 scriptum
829 383 914 430 est
937 391 951 428 :
977 374 1023 430 Α
1042 375 1298 446 .fructibus
1321 389 1496 430 eorum
1522 375 1839 448 cognoscetis
1857 389 1944 429 eos

355 473 570 543 (Matth.
600 488 697 538 vit,
735 472 848 540 16).
895 468 1020 526 ldeo
1057 481 1110 526 et
1139 470 1307 525 Cbam
1339 472 1390 524 in
1423 470 1534 524 lllio
1574 483 1675 524 suo
1717 468 1946 524 maledi-

357 574 478 621 cttr’s
506 555 616 628 est,
660 574 912 634 tanquam
948 564 1001 618 in
1036 564 1210 619 fructu
1253 577 1374 628 suo,
1425 563 1475 618 id
1529 571 1630 628 est,
1677 561 1730 616 in
1779 576 1942 633 opere

351 675 468 725 suo,
519 658 664 714 unde
712 659 1093 713 convenienter
1150 667 1203 713 et
1243 656 1360 727 ipse
1383 655 1523 710 illius
1546 655 1664 726 ejus
1688 655 1942 710 Chanaan

353 752 740 820 interpretatur
779 757 958 808 motus
1008 763 1222 806 eorum.
1265 749 1419 818 Quod
1467 747 1594 819 quid
1642 746 1787 803 aliud
1837 756 1938 814 est,

281 831 298 916 ’ς
352 851 510 916 quam
540 857 678 913 opus
701 842 927 902 eorum!

369 910 382 916 ’
419 937 516 993 13.
558 910 687 993 Item
716 937 884 1008 quod,
929 933 1102 991 Chatn
1151 944 1446 1005 peccante,
1498 931 1781 1005 posteritas
1827 931 1944 1001 ejus

284 1006 300 1020 ι
355 1029 663 1099 damnatur,
713 1006 981 1100 signiﬁcat
1028 1027 1172 1099 quod
1225 1027 1441 1096 reprobi
1482 1026 1571 1082 hic
1600 1026 1817 1097 quidem
1847 1026 1944 1081 de—

354 1124 622 1195 linquunt,
655 1123 750 1178 sed
777 1123 832 1178 in
857 1133 1150 1193 posterum,
1183 1121 1346 1194 295
1376 1121 1430 1176 id
1457 1130 1564 1187 est,
1593 1120 1647 1175 in
1677 1119 1938 1187 futurum,

355 1218 675 1273 sententiam
715 1216 1080 1273 damnationis
1117 1214 1415 1286 excipiunt.
1471 1216 1622 1272 Sicut
1679 1223 1736 1270 et
1790 1214 1941 1284 plebs

352 1308 559 1378 ludes,
590 1310 715 1383 qua:
741 1310 1025 1368 Dominum
1054 1310 1339 1379 cruciﬁxit,
1375 1311 1536 1367 etiam
1567 1311 1623 1366 in
1653 1310 1778 1366 ﬁliis
1829 1325 1943 1380 pm-

357 1421 482 1461 nam
525 1407 884 1464 damnationis
939 1420 1050 1463 sua:
1099 1407 1414 1464 transmisit.
1468 1405 1730 1462 Dixerunt
1759 1405 1940 1461 enim:

361 1487 587 1572 Sanguis
609 1503 725 1572 ejus
752 1517 908 1572 super
934 1515 1033 1556 nos
1079 1509 1128 1556 et
1155 1515 1308 1573 super
1336 1500 1473 1571 ﬁlios
1496 1509 1694 1557 nostros
1718 1497 1940 1572 (Matth.

354 1599 519 1657 um,
540 1591 660 1663 ‘25).

423 1686 518 1741 'M.
553 1685 858 1743 Benedictis
885 1686 1048 1758 igitur
1075 1685 1287 1744 duobus
1320 1686 1451 1742 ﬁliis
1476 1686 1608 1753 Noe,
1643 1693 1805 1756 atque
1835 1698 1944 1741 uno
1974 1682 2025 1744 Β

356 1792 539 1838 eorum
586 1778 765 1835 medio
815 1780 1120 1845 maledicto,
1171 1777 1427 1849 deinceps
1453 1779 1827 1852 generationes
1856 1789 1951 1834 eo-

359 1885 478 1929 rum
523 1882 812 1952 texuntur,
863 1888 928 1929 ex
975 1872 1171 1944 quibus
1213 1873 1547 1944 septuaginta
1589 1872 1711 1928 duae
1758 1880 1951 1942 gentes

359 1977 485 2022 sunt
521 1977 676 2033 ortae,
708 1967 762 2022 id
785 1975 888 2034 est,
921 1967 1226 2038 quindecim
1255 1968 1322 2024 de
1345 1968 1599 2039 Japbetb,
1633 1968 1847 2040 triginta
1881 1965 1949 2023 de

354 2057 546 2124 Cbam,
575 2059 765 2130 viginti
796 2068 999 2130 septem
1032 2060 1099 2116 de
1125 2059 1272 2116 Scm.

415 2252 436 2264 _
970 2195 1198 2268 carur
1240 2195 1331 2253 Ix.

414 2359 421 2366 θ
482 2285 561 2354 De
593 2285 828 2356 Nentrod
857 2289 1063 2364 gigante
1092 2299 1146 2344 et
1173 2290 1472 2361 confusione
1500 2291 1812 2363 linguarum.

435 2400 485 2455 1.
519 2399 734 2456 Primus
765 2411 890 2473 post
927 2402 1191 2460 diluvium
1242 2404 1379 2462 inter
1421 2404 1670 2466 homines
1722 2403 1956 2474 Nom-rod

359 2489 498 2550 tilius
515 2492 668 2549 Cbus
695 2508 834 2564 nova
863 2493 1074 2564 imperii
1112 2495 1409 2572 cupiditate
1439 2495 1778 2568 tyrannidem
1814 2499 1951 2554 arri-

361 2585 494 2660 puit,
525 2586 878 2656 regnavitque
907 2588 961 2641 in
993 2580 1310 2659 Babylonia,
1340 2605 1458 2659 qua:
1491 2590 1560 2648 ab
1587 2597 1675 2656 eo,
1705 2592 1848 2661 quod
1879 2590 1953 2647 ibi

359 2672 594 2733 confusae
641 2687 768 2734 sunt
817 2678 1034 2750 linguae,
1076 2679 1235 2736 Babcl
1265 2682 1527 2751 appellata
1560 2693 1665 2749 cst,
1695 2683 1837 2753 quod
1867 2685 1952 2740 in-

358 2778 684 2840 terpretatur
726 2773 980 2844 conlau'o.
1032 2772 1196 2843 Cujus
1245 2773 1575 2841 aediﬁcandae
1618 2778 1782 2831 turris
1811 2777 1952 2836 idem

361 2862 595 2938 Nemi-od
623 2866 832 2921 exstitit
864 2875 1082 2933 auctor;
1116 2868 1208 2938 qui
1236 2882 1334 2938 pro
1361 2884 1426 2928 eo
1456 2861 1598 2939 quod
1632 2871 1766 2926 ultra
1798 2880 1954 2934 natu-

361 2949 472 3030 ram
501 2974 656 3028 suam
685 2960 812 3029 creti
837 2961 944 3015 alta
975 2971 1258 3032 penetrare
1289 2965 1592 3031 contendit,
1629 2979 1734 3024 non
1764 2968 1953 3026 incon-

2049 371 2362 464 spirationis
2428 371 2730 440 perniciosa
2780 369 3092 434 consensio,
3143 383 3345 435 rursus,
3402 370 3633 428 interce-

2047 461 2208 519 dente
2250 463 2559 535 dogmatum
2605 461 2896 530 discordia,
2937 461 3132 520 dividit
3174 464 3364 522 oborta
3409 475 3634 535 repente

2047 557 2312 612 conlusio.

2112 649 2172 705 4.
2211 651 2358 717 Quos
2382 651 2597 720 quidem
2640 650 2752 719 ipsa
2807 649 3042 707 Trinitas
3089 650 3332 717 damnat,
3380 651 3432 706 in
3473 667 3633 720 quam

2047 741 2362 810 oll'endun't,
2413 743 2531 813 ipsa
2582 758 2675 800 eos
2723 743 3003 813 dispergit,
3053 744 3178 800 dum
3229 743 3400 800 dicit:
3431 743 3639 813 Venite,

1956 861 1960 865 η
2046 835 2437 902 descendamus,
2481 847 2528 891 et
2577 836 2952 907 confundamus
3001 837 3205 906 linguas
3245 838 3532 904 eorum;in
3555 853 3641 892 va-

2047 927 2239 983 rietate
2263 928 2444 998 utique
2473 928 2695 996 erroris,
2756 929 2868 986 sive
2914 928 3288 986 schismatnm.
3342 931 3421 986 Eo
3455 941 3635 988 autem

2048 1031 2320 1093 tempore,
2367 1023 2581 1093 quando
2627 1024 2924 1093 linguarum
2967 1023 3107 1080 facta
3152 1033 3236 1081 est
3281 1029 3534 1092 varietas,
3584 1025 3641 1082 in

2047 1118 2162 1174 sola
2209 1118 2370 1174 domo
2412 1118 2609 1185 Heber,
2651 1133 2770 1188 quae
2799 1128 2953 1174 antea
2985 1120 3102 1186 luit,
3153 1119 3330 1189 lingua
3359 1121 3640 1176 remansit.

2046 1212 2198 1269 Nunc
2218 1228 2431 1284 quoque
2453 1213 2506 1268 in
2528 1212 2644 1267 sola
2666 1212 2930 1280 Ecclesia,
2959 1230 3078 1281 quae
3099 1224 3182 1270 est
3203 1214 3396 1270 domus
3418 1214 3634 1290 Christi

2048 1307 2252 1362 unitam
2276 1322 2397 1363 esse
2419 1305 2772 1361 confessionis
2799 1315 2853 1362 et
2880 1305 3002 1364 ﬁdei
3026 1323 3235 1378 pacem,
3261 1308 3447 1366 divisis
3468 1306 3645 1364 omni-
3694 1329 3709 1337 α

2047 1400 2146 1457 bus
2175 1400 2437 1472 reprobis,
2470 1400 2830 1471 agnoscimus.
3574 1389 3576 1392 ’

2594 1550 2596 1552 '
2674 1538 2906 1596 CAPUT
2946 1540 3013 1597 Χ.

2369 1631 2467 1702 ,Πε
2491 1650 2693 1712 egressu
2723 1634 2942 1690 Abte/ta:
2971 1651 3000 1687 a
3022 1631 3295 1690 C/taldazis.

2129 1750 2178 1806 1.
2205 1750 2392 1808 ltestat
2415 1751 2612 1821 deinde
2632 1751 2701 1807 de
2717 1752 2924 1809 actibus
2951 1751 3201 1821 Abrahae,
3226 1752 3312 1809 vel
3331 1752 3398 1810 de
3419 1753 3500 1810 his
3523 1769 3644 1826 quae

2055 1843 2129 1899 illi
2161 1844 2543 1914 repromiscrat
2563 1847 2846 1913 Dominus,
2875 1845 3277 1916 exponendum.
3308 1847 3543 1903 Locutus
3562 1859 3648 1904 est

2055 1940 2200 1994 enim
2229 1941 2279 1995 ei
2308 1939 2606 1996 Dominus:
2631 1938 2890 2012 Egredere
2918 1940 2985 1994 de
3015 1950 3151 1996 terra
3194 1952 3316 2008 tua,
3363 1950 3410 1995 et
3449 1942 3513 1996 de
3558 1957 3646 1996 cos

2055 2034 2292 2102 gnatione
2322 2045 2430 2100 tua,
2468 2045 2514 2089 et
2547 2036 2609 2090 de
2635 2037 2786 2090 domo
2816 2037 2978 2107 patris
3000 2037 3094 2091 tui.
3124 2036 3256 2104 Quis
3281 2046 3460 2092 autem
3505 2038 3644 2094 alius

2055 2128 2189 2182 exiit
2215 2129 2267 2182 in
2295 2127 2568 2186 Abraham
2604 2130 2674 2186 de
2705 2137 2872 2198 terra,
2907 2130 3051 2187 etde
3081 2131 3403 2201 cognatione
3439 2146 3556 2198 sua,
3591 2140 3652 2188 ut
3702 2149 3709 2152 ·

2056 2221 2200 2291 apud
2253 2231 2468 2280 exteros
2516 2223 2981 2292 locupletaretur,
3035 2233 3091 2280 et
3141 2233 3289 2280 esset
3334 2226 3388 2280 in
3429 2234 3650 2294 gentem

2057 2327 2327 2383 magnam,
2387 2315 2488 2371 nisi
2538 2315 2808 2383 Christus,
2860 2316 2976 2387 qui,
3023 2317 3209 2372 relicta
3254 2325 3434 2386 terra,
3465 2327 3520 2373 et
3560 2333 3655 2375 eo-

2056 2407 2312 2477 gnatione
2339 2408 2675 2478 Judaeorum,
2707 2410 2989 2481 praepollet
3013 2425 3177 2478 nunc,
3208 2418 3268 2466 ut
3291 2412 3558 2479 videmus,
3594 2412 3649 2468 in

2056 2501 2338 2569 gentibus?
2441 2502 2445 2503 ⁷

2128 2592 2185 2646 ﬂ.
2226 2594 2330 2652 Sed
2368 2604 2424 2649 et
2467 2595 2626 2650 nobis
2671 2596 2737 2651 ad
2780 2596 3090 2666 exemplum
3118 2596 3319 2652 Christi
3345 2594 3652 2672 exeundum

2057 2683 2130 2752 de
2157 2697 2296 2741 terra
2341 2697 2526 2744 nostra
2572 2697 2674 2755 est,
2729 2688 2781 2742 id
2821 2699 2924 2756 cst,
2973 2689 3042 2745 de
3098 2690 3439 2746 facultatibus
3491 2689 3652 2762 hujus

2056 2783 2265 2876 murﬂi,
2290 2784 2586 2856 apibusque
2611 2786 2859 2852 terrenis,
2887 2794 2942 2841 et
2969 2786 3036 2841 dc
3075 2785 3400 2855 cognatione
3443 2793 3651 2850 nostra,

2058 2875 2111 2931 id
2137 2875 2240 2944 est,
2273 2877 2341 2931 de
2381 2879 2816 2944 conversatione,
2847 2889 2901 2932 et
2933 2877 3194 2943 moribus,
3229 2875 3478 2946 vitiisque
3507 2877 3657 2946 prio-

2058 2970 2230 3038 ribus,
2272 2985 2412 3042 qum,
2449 2971 2602 3028 nobis
2650 2987 2680 3026 a
2729 2979 2911 3028 nostra
2964 2971 3246 3026 nativitate
3296 2970 3652 3040 cohaerentia,

360 3066 492 3147 grue
530 3053 746 3108 diabolo
773 3065 1133 3124 comparatur,
1166 3057 1278 3128 qui,
1311 3058 1636 3127 Cogitatione
1663 3060 1842 3124 cordis
1869 3061 1951 3126 sui
1984 3082 2032 3147 ς
2062 3066 2207 3139 velut
2233 3064 2496 3120 aitinitatc
2523 3065 2753 3135 quadam
2781 3073 2836 3121 et
2861 3064 3329 3135 consanguinitate
3360 3063 3653 3134 conjuncta

360 3145 750 3216 intumescens,
796 3165 958 3220 super
983 3150 1163 3218 sidera
1197 3151 1436 3219 exaltare
1463 3166 1521 3207 se
1551 3151 1737 3220 voluit,
1766 3155 1819 3208 id
1849 3164 1953 3223 est,

361 3252 518 3307 super
562 3255 779 3296 omnem
830 3250 1146 3311 poteStateip
1198 3243 1552 3314 angelorum,
1612 3242 1720 3300 Deo
1765 3259 1823 3299 se
1862 3261 1954 3300 co-

359 3324 577 3398 aaqu'ar'e
608 3332 922 3399 disponens,
950 3330 1227 3387 dum'dicit
1255 3321 1579 3387 :‘Ascendam
1602 3351 1751 3404 super
1775 3335 1953 3404 altitu-

361 3419 529 3474 dinem
557 3421 796 3488 nubittm,
827 3430 874 3475 et
903 3437 987 3476 ero
1018 3421 1201 3476 similis
1231 3421 1515 3477 Altissima.

429 3529 482 3584 2.
527 3530 681 3600 Quod
714 3543 894 3588 autem
929 3531 1127 3588 dicitur
1173 3542 1405 3604 venator,
1457 3531 1582 3606 quid
1621 3531 1954 3604 signiﬁcatur

362 3622 462 3684 hoc
489 3627 733 3695 nomine,
766 3627 868 3686 nisi
900 3627 1292 3702 terrigenarum
1333 3625 1630 3692 animarum
1672 3626 1952 3712 deceptor,

360 3728 413 3775 et
440 3723 660 3790 capiens
686 3723 930 3778 homines
958 3722 1024 3777 ad
1052 3713 1314 3778 mortem?
1346 3721 1528 3784 Turris
1557 3721 1673 3798 ejus
1702 3723 1953 3793 superbia

364 3811 518 3884 hujus
570 3815 758 3872 mundi
807 3824 912 3881 est,
945 3816 1029 3878 vel
1061 3816 1220 3886 impia
1252 3814 1503 3886 dogmata
1539 3817 1943 3883 haereticorum,

363 3908 450 3978 qui
486 3920 767 3979 postquam
819 3909 951 3964 moti
994 3921 1122 3965 sunt
1161 3909 1229 3964 ab
1270 3912 1511 3977 Oriente,
1546 3911 1596 3965 id
1629 3920 1728 3977 est,
1764 3926 1794 3966 a
1825 3924 1953 3968 vero

363 3998 566 4057 lumine
615 4012 979 4066 recesserunt,
1025 4013 1078 4058 et
1118 4014 1383 4064 venerunt
1422 4006 1474 4060 in
1518 4020 1767 4077 campum
1814 4006 1952 4063 Sen-

364 4106 511 4155 naar,
558 4094 648 4165 qui
693 4093 1077 4164 interpretatur
1116 4096 1348 4161 excussio
1374 4097 1621 4166 dentium,
1656 4100 1834 4154 statim
1860 4089 1955 4156 ad-

364 4185 553 4240 versus
606 4185 776 4244 Deum
821 4187 1116 4258 impietatis
1164 4206 1274 4260 suae
1317 4192 1582 4250 aediﬁcant
1627 4194 1840 4261 turrim,
1891 4209 1956 4253 ac

298 4291 305 4316 υ
364 4276 613 4349 dogmata
643 4280 907 4348 superbiae
941 4281 1148 4338 nefario
1175 4297 1309 4352 ausu
1340 4285 1674 4355 contingunt,
1708 4286 1955 4344 volentes

369 4369 681 4425 curiositate
713 4387 818 4427 non
850 4372 994 4430 licita
1022 4371 1188 4442 ipsius
1219 4374 1340 4430 cmli
1366 4374 1473 4429 alta
1506 4386 1810 4446 penetrare.

2062 3168 2230 3224 sunt;
2277 3168 2334 3213 et
2382 3157 2448 3212 de
2474 3157 2661 3215 'domo
2701 3159 2867 3232 patris
2910 3159 3104 3226 nostri,
3157 3159 3210 3216 id
3253 3168 3359 3224 est,
3403 3158 3470 3213 de
3504 3156 3655 3214 omni

2060 3251 2322 3308 memoria
2374 3251 2582 3319 mundi,
2645 3263 2702 3312 ut
2751 3251 2800 3310 ei
2844 3255 3218 3310 renuntiantes
3278 3254 3550 3323 possimus
3598 3253 3653 3308 in

2059 3351 2259 3420 populo
2303 3348 2393 3408 Dei
2437 3350 2670 3419 dilatari,
2717 3361 2773 3410 et
2811 3354 2868 3408 in
2912 3363 3108 3410 terram
3141 3353 3515 3422 promissionis
3542 3369 3655 3409 coe-

2059 3443 2233 3515 lestis,
2259 3460 2383 3502 cum
2415 3455 2626 3516 tempus
2654 3446 2955 3514 advenerit,
2988 3447 3282 3503 introduci.

2121 3540 2288 3614 Δ297
2314 3542 2370 3596 5.
2401 3539 2528 3595 Duae
2555 3551 2731 3595 autem
2766 3542 3150 3611 pt'omissiones
3173 3542 3399 3602 Abraba:
3422 3541 3642 3596 dantur:

2058 3645 2195 3697 una,
2229 3646 2323 3700 per
2350 3647 2509 3701 quam
2543 3641 2738 3709 tetram
2769 3632 3026 3688 Chanaan
3056 3648 3424 3702 possessorum
3458 3647 3647 3689 semen

2057 3726 2174 3796 ejus
2218 3727 2564 3796 promittitur,
2599 3728 2725 3782 dum
2780 3728 2913 3790 dicit
2958 3728 3128 3782 Deus:
3182 3727 3323 3780 Vade
3361 3730 3413 3780 in
3463 3739 3651 3782 terram

2057 3836 2212 3890 quant
2254 3820 2607 3873 demonstrabo
2639 3821 2760 3886 tibi,
2785 3820 3074 3890 faciamque
3115 3828 3162 3872 te
3207 3820 3261 3872 in
3305 3828 3502 3888 gentem
3543 3836 3656 3872 ma-

2058 3927 2231 3985 gnam.
2265 3910 2380 3966 Alia
2415 3925 2544 3966 vero
2587 3910 2744 3982 longe
2778 3904 3118 3980 prmtautior
3153 3919 3262 3977 est,
3298 3925 3399 3964 non
3437 3908 3504 3964 de
3532 3925 3651 3964 car-

2058 4004 2199 4069 nali,
2232 4003 2330 4059 sed
2373 4003 2441 4058 de
2487 4003 2750 4074 spirituali
2793 4001 3033 4068 semine,
3077 4017 3169 4072 per
3211 4001 3351 4071 quod
3393 4010 3545 4071 pater
3575 4009 3659 4086 est

2059 4110 2166 4151 non
2217 4095 2375 4150 unius
2413 4095 2589 4166 gentis
2631 4095 2972 4160 Israeliticae,
3015 4094 3108 4149 sed
3139 4096 3376 4150 omnium
3418 4094 3655 4162 gentium

2057 4206 2180 4262 qua:
2209 4191 2333 4246 ﬁdei
2376 4189 2492 4261 ejus
2525 4191 2754 4262 vestigia
2787 4201 3210 4259 consequuntur,
3243 4188 3385 4261 quod
3419 4187 3658 4258 promitti

2058 4287 2222 4358 coepit
2252 4284 2336 4340 his
2367 4284 2579 4340 verbis:
2613 4283 2683 4338 Et
2710 4285 3072 4340 benedicentur
3115 4284 3170 4339 in
3216 4293 3264 4338 te
3295 4283 3540 4338 universa:
3570 4298 3660 4336 co:

2010 4367 2014 4370 ’
2059 4365 2320 4451 gnationes
2352 4388 2517 4433 terror.

436 4465 491 4518 3.
532 4464 640 4520 Sed
669 4467 809 4522 sicut
841 4468 916 4533 illi
949 4483 1048 4538 per
1077 4471 1384 4542 superbiam
1432 4472 1500 4532 ab
1542 4487 1646 4532 una
1693 4473 1867 4545 lingua
1898 4474 1955 4531 ia
1984 4486 2037 4550 ι)
2132 4472 2190 4530 4.
2223 4473 2478 4544 Egressus
2507 4481 2682 4529 autem
2715 4471 2987 4536 Abraham
3014 4470 3080 4528 de
3108 4470 3274 4548 Carra
3300 4471 3447 4526 venit
3477 4469 3544 4525 ad
3569 4468 3648 4526 Si»

311 4616 320 4622 ν
367 4557 564 4614 multas
611 4559 766 4614 divisi
814 4572 962 4634 sunt,
1003 4563 1076 4630 ita
1117 4572 1174 4628 et
1210 4561 1474 4633 lueret-uti,
1500 4565 1570 4620 ab
1598 4565 1800 4640 unitate
1829 4567 1959 4626 ﬁdei

366 4650 680 4706 confusione
734 4653 1042 4724 segregati,
1103 4653 1245 4714 inter
1293 4669 1392 4721 se,
1439 4655 1604 4730 ξοδ
1645 4656 1960 4715 diversitate

367 4748 588 4815 erroris,
620 4748 772 4819 quasi
805 4763 899 4819 per
924 4747 1314 4805 dissonantiam
1355 4748 1575 4820 linguai,
1608 4748 1837 4815 invicem
1877 4766 1961 4809 se-

373 4927 868 5058 _b.|l~i.GBettedictis,
883 4945 1052 5002 usque
1071 4929 1138 4986 ad
1161 4929 1453 4996 maledicto,
1471 4928 1635 4986 verba
1651 4929 1952 5003 suntAug.,

373 5018 386 5057 I
428 5020 458 5056 Ιι
482 5038 498 5056 .
578 5018 721 5058 man.

373 5018 498 5057 IDIII.
527 5018 721 5058 URIAL.

439 5071 580 5129 Ibid.
609 5073 692 5128 Ex
717 5074 899 5146 quibus
933 5075 1262 5146 septuaginta
1297 5075 1415 5129 (tua:
1446 5084 1640 5146 gentes.
1671 5073 1799 5130 Viti.
1839 5082 1954 5130 not.

373 5143 438 5199 ad
457 5161 513 5216 _c.
542 5146 577 5198 2
599 5147 692 5216 lib.
719 5143 772 5200 tx
800 5144 976 5216 Etym.
1009 5143 1202 5201 Gutta.
1322 5215 1325 5216 ν
1448 5143 1463 5146 “
1949 5190 1952 5192 ,

441 5214 568 5271 Car.
605 5214 686 5272 η’.
719 5216 782 5274 Ν.
811 5214 1094 5270 1.Ῥινὶηναε
1120 5225 1232 5287 post
1256 5215 1523 5283 diluvium,
1549 5232 1724 5288 usque
1741 5217 1813 5274 ad
1833 5235 1958 5274 con-

374 5287 529 5356 fusio,
557 5288 893 5359 llieronyin.,
921 5288 1059 5344 trad.
1087 5295 1142 5343 in
1164 5289 1323 5354 Geel,
1350 5305 1404 5345 e.
1431 5292 1518 5344 to.
1547 5287 1739 5346 Calan.

441 5360 494 5434 2.
528 5360 681 5428 Quod
709 5370 880 5415 autem
919 5360 1104 5434 dicitur
1132 5365 1357 5434 uenator,
1390 5376 1561 5434 usque
1590 5363 1655 5416 ad
1684 5362 1920 5434 superbia
1940 5402 1956 5430 ,

373 5431 528 5488 verba
561 5441 687 5489 sunt
717 5435 879 5502 Aug.,
909 5447 996 5487 xvt
1021 5433 1294 5500 de.Civit.,
1320 5448 1369 5489 c.
1392 5434 1448 5489 4.
1475 5433 1667 5490 Οηιλι.

441 5502 613 5577 .4an
651 5514 825 5577 autent
860 5512 1121 5577 tempore,
1173 5519 1346 5576 usque
1372 5509 1440 5560 ad
1468 5506 1646 5577 lingua
1690 5507 1956 5577 remansit,

375 5574 545 5641 ejusd.
576 5589 696 5644 cap.
725 5576 812 5631 11.
843 5575 1041 5634 ϐιιΑι.

378 5644 850 5774 ,υξῆιξίεξξίθιῖυε
871 5648 932 5704 ⁵³³
954 5648 1087 5720 δοιοο
1117 5648 1264 5721 (1ωά
1288 5647 1552 5709 mendum.
1579 5649 1784 5764 clarum
1813 5651 1962 5710 vide-

401 5732 480 5776 υτ.
501 5732 688 5776 Άιεγ..
1731 5761 1733 5764 .

2061 4565 2216 4635 qhem
2237 4604 2252 4632 ,
2292 4574 2618 4635 acceptoque
2659 4562 2900 4622 secundo
2946 4562 3165 4618 oracul'o
3195 4560 3262 4618 de
3293 4559 3654 4631 promissione

2065 4668 2223 4714 terra;
2250 4656 2757 4729 ipsius,,tediticavit
2795 4658 2981 4712 altare.
3017 4655 3085 4710 Et
3110 4654 3380 4726 proiectus
3411 4653 3536 4708 inde
3562 4651 3655 4706 ha-

2064 4751 2250 4809 bitavit
2280 4751 2332 4808 in
2363 4765 2574 4820 eremo,
2612 4762 2770 4824 atque
2798 4751 2942 4823 in'de,
2977 4750 3131 4808 famis
3158 4748 3332 4820 inopia
3361 4747 3614 4818 expulsus
3636 4787 3652 4814 ,

2133 4932 2264 4989 Car.
2297 4950 2352 4990 ι.
2382 4932 2448 4990 Ν.
2492 4931 2544 4988 1.
2586 4932 2714 4998 Quis
2741 4940 2904 4986 autent
2932 4929 3087 4997 alius,
3113 4941 3281 5002 usque
3306 4925 3371 4980 ad
3401 4925 3454 4980 in
3480 4926 3648 5002 genti-

2060 5004 2173 5132 aus,
2206 5005 2484 5077 Augustini
2523 4996 2647 5061 sunt
2683 5003 2865 5070 verba,
2897 5018 2975 5057 ιιι
3008 4996 3430 5064 οοηιιιίιῖευειη
3468 5011 3517 5050 c.
3550 4996 3640 5050 ‘25.

2111 5092 2253 5132 man.

2111 5092 2253 5132 MAI...

2130 5148 2185 5200 2.
2234 5149 2490 5216 Grialius,
2535 5155 2588 5202 et
2630 5147 2718 5200 alii
2764 5144 3010 5215 impressi
3061 5143 3415 5217 operibusque.
3458 5136 3645 5193 Melius

2059 5218 2200 5276 Cod.
2227 5218 2604 5275 Albornozian.
2644 5218 2942 5288 opibusque.
2975 5221 3151 5271 Annv.
3247 5219 3275 5290 l_
3493 5280 3519 5290 Α.

2132 5290 2183 5347 5.
2221 5292 2352 5346 Duo:
2379 5304 2549 5344 autem
2579 5283 2962 5359 promissiones,
2990 5301 3158 5359 usque
3212 5283 3277 5336 ad
3320 5283 3649 5352 cognationes

2065 5373 2233 5436 terras,
2258 5364 2461 5436 gejnsd.,
2496 5355 2588 5416 xvi
2608 5362 2677 5436 de
2703 5362 2887 5424 Civit.,
2920 5374 2968 5413 c.
2999 5355 3087 5436 lii.
3110 5355 3304 5436 Garat"
3335 5425 3346 5436 ι
3487 5424 3497 5436 ,

2134 5435 2190 5492 4.
2223 5422 2475 5507 Egressus
2495 5434 2774 5507 Abraham,
2799 5422 2966 5501 usque
2991 5428 3057 5482 ad
3079 5436 3229 5480 terra:
3247 5425 3431 5498 ipsius,
3449 5422 3650 5495 ejusd.,

2063 5524 2150 5564 xw
2178 5509 2247 5565 de
2276 5505 2412 5579 Civ.,
2441 5523 2489 5560 c.
2524 5507 2608 5579 18.
2641 5505 2829 5579 GntAL.
3008 5543 3012 5545 -
3107 5571 3122 5579 _
3323 5570 3334 5579 _
3486 5566 3497 5579 ,

2138 5580 2276 5636 Ibid.
2308 5564 2609 5648 [Εὰὶῂοαυὶι
2645 5577 2830 5641 altare,
2863 5586 3030 5644 usque
3056 5571 3124 5630 ad
3150 5570 3421 5642 sanguine,
3448 5564 3653 5640 ejusd.,

2065 5667 2114 5711 c.
2151 5652 2236 5710 19.
2266 5652 2457 5708 Calan.
