4100 6344
385 210 492 270 259

1422 202 1480 258 s.
1524 197 1769 259 tstbont
1811 160 2259 256 IIISPAI.ENSI§
2299 150 2626 254 stitscort'

3569 189 3673 247 2'40

383 333 658 394 descendit
688 335 738 388 in
771 331 1092 404 Egyptum,
1117 329 1206 386 ubi
1235 343 1454 385 uxorem
1498 342 1648 384 suam
1675 325 1810 379 dixit
1850 338 1970 378 esse
1999 326 2048 385 Α
2076 330 2246 377 matre
2292 319 2503 392 genitus
2536 333 2630 386 per
2675 313 3044 378 divinitatem,
3076 309 3192 383 ipse
3233 308 3302 367 de
3345 316 3519 369 matre
3557 309 3678 373 sine

383 443 648 486 sororem.
694 426 802 482 Nec
853 422 1289 495 mentitus,quia
1340 419 1636 492 prepinqna
1691 424 1808 473 erat
1854 407 1986 470 san?

381 538 562 594 gutnc.
1837 584 1844 587 _

452 616 505 670 ὅ.
535 617 703 683 Quam
749 622 924 671 tamen
971 611 1178 668 Pharao
1223 625 1315 665 rex
1367 606 1579 680 Aigypti
1611 605 1796 661 volens
1839 601 1978 658 acci-

381 725 542 780 pere,
569 708 902 780 gravissimis
951 707 1167 762 territtts
1211 703 1491 766 monstris,
1523 699 1815 768 multisqu‘e
1855 711 1978 768 pro-

381 814 499 872 pter
547 819 664 859 eam
720 803 872 857 malis
931 801 1185 864 afﬂictus,
1238 798 1326 852 ubi
1376 811 1498 851 esse
1557 797 1673 865 ejus
1721 792 1978 848 divinitus

383 909 607 950 uxorem
635 893 854 958 didicit,
906 889 1187 946 confestim
1226 889 1449 943 illmSam
1496 901 1618 941 cum
1659 885 1861 939 honore
1892 897 1979 937 re-

382 990 575 1045 stituit.
605 992 712 1044 lloc
745 991 940 1059 itaque,
962 1003 1082 1042 eum
1102 987 1169 1042 de
1194 985 1504 1042 Abitnelech
1531 980 1978 1061 dicerecarpeti-

296 1076 311 1140 ἱ
381 1096 500 1138 mus
523 1123 536 1151 ,
563 1095 911 1152 exponemus.

987 1214 1214 1272 CAPUT
1267 1213 1360 1270 XI.

660 1331 736 1388 De
757 1332 966 1387 victoria
987 1330 1206 1385 Abrnhw
1227 1341 1273 1384 et
1299 1326 1694 1384 Melchisedech.

452 1449 501 1507 tl.
530 1449 769 1505 Reverso
817 1447 974 1517 igitur
1012 1446 1283 1501 Abraham
1316 1460 1380 1500 ex
1410 1443 1645 1514 Egypto
1666 1484 1680 1508 ,
1710 1438 1850 1496 unde
1881 1455 1973 1497 ve-

374 1553 561 1610 nerat,
595 1551 722 1598 tunc
749 1542 847 1597 Lot
877 1541 1054 1596 fratris
1087 1539 1225 1595 filitts
1256 1541 1323 1595 ab
1354 1539 1448 1594 illo
1490 1540 1542 1591 in
1577 1545 1772 1591 terram
1800 1533 1974 1590 Sodo-

376 1657 587 1697 morum
634 1639 778 1693 salva
818 1637 1080 1692 charitatc
1118 1633 1371 1699 secessit,
1397 1633 1571 1686 vitans
1610 1629 1932 1684 discordiam
1955 1668 1971 1694 ,

2084 425 2234 487 patre
2277 431 2372 486 per
2406 411 2815 468 humanitatem.

2153 509 2205 563 5.
2240 511 2357 580 Ipse
2377 523 2590 579 qunque
2610 502 2858 562 sacerdos
2879 512 3112 560 aeternus
3133 547 3147 570 ,
3176 501 3241 558 ad
3265 517 3420 571 quem
3446 499 3673 562 dicitur:

2085 602 2163 656 Tu
2187 619 2239 657 es
2267 602 2504 656 sacerdos
2525 601 2576 654 in
2603 609 2849 654 aeternum
2889 597 3169 652 secundum
3199 597 3431 651 ordinem
3464 597 3680 653 Melchi-

2081 695 2259 751 sedech
2294 694 2522 765 (Psalm.
2560 693 2694 765 etx).
2750 691 2941 759 Utique
2969 700 3187 761 propter
3234 689 3547 762 mysterium
3594 707 3682 746 sa-

2080 792 2368 858 cramenti,
2401 790 2540 860 quod
2594 786 2920 843 Christianis
2969 785 3247 841 celebrare
3302 786 3588 856 prmeepit,
3619 793 3680 842 ut

2083 904 2188 946 non
2216 891 2510 944 secundum
2561 890 2740 941 Aaron
2787 883 3051 956 pecudum
3093 881 3370 951 victimas,
3401 881 3496 936 sed
3525 880 3676 936 obla-

2082 982 2279 1037 tionem
2313 979 2467 1049 panis
2515 989 2571 1034 et
2620 977 2760 1045 vini,
2797 977 2848 1029 id
2878 973 3258 1045 est,corporis
3304 985 3359 1030 et
3403 972 3678 1046 sanguinis

2081 1075 2198 1146 ejus
2223 1086 2640 1138 sacramentum,
2673 1071 2725 1126 in
2757 1067 3080 1125 sacrificium
3107 1067 3417 1124 offeramus.

2152 1168 2205 1222 6.
2238 1166 2391 1234 Quod
2437 1179 2564 1219 vero
2611 1160 2918 1234 patriarcha
2959 1174 3186 1232 magnus
3229 1159 3466 1215 decimas
3507 1160 3680 1215 omnis

2081 1259 2392 1316 substantia:
2419 1272 2528 1312 sum
2558 1255 2952 1312 Melchisedech
2996 1253 3260 1310 sacerdoti
3295 1265 3413 1323 post
3455 1253 3680 1310 benedi-

2081 1355 2314 1410 ctionem
2339 1351 2483 1407 dedit
2505 1392 2520 1418 ,
2546 1349 2723 1406 sciens
2743 1346 3091 1416 spiritualiter
3109 1347 3300 1402 melius
3318 1345 3677 1402 sacerdotium

2082 1445 2316 1500 futurum
2350 1442 2402 1498 in
2432 1441 2630 1512 populo
2676 1439 2918 1510 gentium
2959 1453 3118 1509 quam
3151 1436 3480 1504 Leviticum,
3534 1436 3676 1507 qttod

2083 1539 2152 1595 de
2195 1539 2310 1605 iiso
2361 1539 2412 1592 in
2459 1534 2621 1590 Israel
2667 1545 2780 1588 erat
2831 1533 3192 1597 nasciturum,
3225 1534 3680 1602 futurumque,ut

2079 1633 2440 1691 sacerdotium
2474 1629 2727 1686 Ecclesia:
2757 1629 2961 1684 habens
2989 1629 3308 1697 praeputium
3333 1626 3677 1684 benediceret

372 1733 497 1803 quia
525 1731 717 1786 divites
762 1729 885 1785 facti
915 1737 1099 1794 erant,
1132 1738 1184 1781 et
1214 1736 1462 1797 pastores
1503 1739 1691 1780 eorum
1745 1723 1972 1777 invicem
2008 1724 2055 1785 Β
2084 1725 2134 1781 in
2159 1725 2428 1781 Abraham
2453 1724 2614 1795 299
2636 1722 2955 1778 circumciso
2977 1720 3335 1776 sacerdotium
3359 1721 3676 1792 Synagogae.

373 1824 710 1878 rixabantur.
741 1819 1042 1876 Permansit
1070 1828 1250 1874 autem
1284 1817 1552 1872 Abraham
1580 1815 1633 1871 in
1669 1827 1809 1872 terra
1834 1815 1975 1871 Cha-

372 1929 540 1974 naan.
566 1914 929 1985 hahitavitqne
967 1913 1116 1982 juxta
1159 1927 1412 1982 quercum
1449 1910 1706 1966 Mamhre.

444 2009 608 2080 298
636 2008 690 2061 2.
725 2007 927 2062 Deinde
974 2021 1003 2059 τι
1051 2006 1288 2074 quinque
1320 2005 1566 2076 regibus,
1594 2006 1686 2074 qui
1715 2002 1972 2059 Sodomis

374 2102 680 2164 irruerant,
703 2112 914 2170 captum
947 2098 1044 2154 Lot
1079 2097 1263 2154 l-berat
1285 2140 1298 2159 ,
1323 2097 1528 2152 habens
1549 2112 1730 2153 secum
1761 2096 1811 2150 in
1847 2111 1975 2165 pra:-

372 2191 445 2246 Iio
485 2201 754 2248 trecentos
789 2191 976 2247 decem
1007 2199 1062 2246 et
1104 2201 1225 2244 octo
1263 2189 1533 2245 vernulas.
1570 2191 1675 2245 Sed
1704 2187 1828 2258 quid
1858 2188 1974 2244 hzec

373 2287 592 2342 victoria
629 2286 859 2342 Abrahm
888 2286 956 2342 de
996 2286 1228 2356 quinque
1270 2284 1484 2353 regibus
1510 2282 1814 2347 indicabat,
1839 2296 1974 2351 quos

372 2379 469 2435 ille
521 2379 642 2434 fidei
691 2390 841 2449 pater
885 2380 1142 2449 mysterio
1170 2375 1604 2447 superavit,nisi
1645 2375 1786 2446 quod
1840 2376 1974 2430 fides

377 2484 560 2529 nostra
582 2516 598 2538 ,
626 2475 670 2528 si
696 2476 1005 2528 confirmata
1029 2473 1099 2528 sit
1121 2473 1172 2527 in
1197 2472 1385 2543 spiritu
1412 2471 1724 2540 principali,
1751 2470 1971 2525 totidem

375 2568 616 2633 corporis
649 2565 816 2621 nostri
865 2580 1056 2621 sensus
1086 2566 1250 2621 verbo
1283 2563 1374 2619 Dei
1409 2564 1614 2635 subigat
1649 2562 1850 2636 [Forte,
1884 2578 1972 2618 suo

376 2655 528 2729 bigit]
558 2657 581 2711 i
610 2657 739 2712 Nam
784 2659 923 2713 sicut
955 2658 1042 2712 ille.
1071 2657 1140 2712 de
1182 2658 1428 2727 proximo
1459 2657 1509 2711 in
1536 2658 1750 2726 regibus
1779 2657 1968 2724 victor,

371 2749 446 2804 ita
475 2750 692 2805 et-lldes
737 2759 916 2804 noslra
960 2764 1055 2820 per
1094 2747 1327 2804 animam
1373 2748 1564 2804 victrix
1596 2748 1664 2803 de
1701 2748 1973 2822 exteriore

381 2841 598 2898 homine
628 2842 942 2912 triumphat.

447 2958 502 3013 3.
533 2957 686 3023 Quod
715 2973 843 3014 vero
873 2957 962 3013 ille
1006 2971 1111 3013 non
1144 2957 1483 3014 multitudine
1504 3000 1518 3023 ,
1549 2970 1649 3013 nec
1679 2955 1876 3011 virtute.
1900 2955 1965 3011 le-

370 3052 588 3120 gionum
611 3092 625 3116 ,
656 3050 751 3105 sed
802 3060 1004 3105 tantum
1037 3053 1300 3107 trecentis
1344 3053 1529 3109 decem
1559 3062 1612 3108 et
1659 3061 1782 3107 octo
1812 3050 1972 3107 comi-

373 3141 638 3209 tantibus,
671 3141 1013 3198 adversarios
1056 3142 1325 3215 principes
1354 3145 1674 3211 debellavit,
1701 3146 1809 3216 jam
1847 3155 1972 3201 tunc
1995 3125 2048 3192 υ

382 3235 435 3289 in
464 3244 808 3290 sacramento
852 3236 1029 3290 crucis
1050 3277 1065 3302 ,
1095 3236 1246 3306 cujus
1279 3236 1445 3309 ﬁgura
1479 3253 1570 3308 per
1602 3237 1711 3293 Tan
1743 3239 1972 3293 litteram

374 3326 614 3381 Grmeam
668 3340 893 3381 numero
941 3335 1303 3383 trecentorum
1353 3328 1690 3398 exprimitur,
1717 3329 1976 3400 imagina-

373 3419 550 3485 batur,
582 3419 723 3488 quod
767 3433 864 3474 nos
909 3420 1106 3475 Christi
1139 3421 1317 3491 passio
1358 3421 1611 3479 liberaret
1640 3439 1667 3476 a
1696 3423 1973 3479 dominatu

374 3511 610 3580 quinque
661 3512 955 3568 carnalium
1010 3529 1304 3581 sensuum,
1333 3515 1422 3584 qtti
1456 3532 1554 3572 nos
1607 3528 1760 3573 an'ea
1809 3518 1973 3574 variis

373 3603 514 3660 vitiis
543 3605 876 3675 captivantes
903 3618 1379 3676 exsuperaverant.

449 3718 501 3772 ι.
536 3715 846 3775 Revertenti
893 3718 1053 3791 igitur
1080 3736 1106 3774 a
1150 3719 1296 3776 czdc
1327 3721 1556 3776 hostium
1589 3723 1854 3780 Abraham
1882 3739 1972 3781 oc-

375 3809 546 3864 currit
573 3811 619 3866 ei
655 3827 778 3866 mox
803 3812 1223 3878 Melchisedech,
1248 3829 1338 3868 rex
1371 3814 1546 3870 Salem
1571 3816 1822 3872 sacerdos
1855 3818 1968 3886 Dei,

383 3902 727 3958 inenarrabili
762 3915 979 3973 parente
1012 3908 1348 3976 progenitus;
1380 3907 1761 3978 benedixitqne
1802 3909 1972 3965 Abra-

374 3994 530 4062 ham,
563 3995 794 4050 ofi'erens
843 4011 1033 4065 panem
1071 4004 1128 4052 et
1160 3997 1341 4052 vinum
1387 3999 1438 4051 in
1471 4000 1788 4055 sacrificium
1836 4001 1966 4059 Deo.

376 4086 530 4142 Ilune
575 4087 968 4145 Melchisedech
1013 4091 1285 4160 apostolus
1337 4090 1532 4146 Paulus
1577 4093 1694 4149 sine
1739 4105 1888 4164 patre
1915 4104 1972 4150 et

376 4181 493 4235 sine
527 4189 696 4235 matre
720 4196 1182 4250 commemorans,
1217 4182 1502 4253 figuraliter
1533 4183 1698 4240 refert
1726 4185 1791 4239 ad
1814 4185 1968 4242 Chri-

376 4283 518 4327 stum
550 4269 738 4342 (Hebr.
788 4271 905 4343 vn).
933 4271 1054 4345 Ipse
1089 4281 1173 4330 est
1216 4275 1359 4330 enim
1402 4275 1548 4331 solus
1579 4275 1647 4333 de
1676 4288 1827 4348 patre
1852 4279 1968 4336 sine

446 4454 500 4510 5.
540 4455 727 4530 Quam_
736 4463 905 4508 tamen
939 4451 1173 4530 Pharao,
1203 4469 1372 4524 usque
1399 4452 1462 4509 ad
1492 4457 1731 4526 restituit,
1763 4457 1959 4530 ejusd.,

378 4543 486 4582 xxtt
516 4537 661 4582 cont.
690 4526 896 4591 Faust.,
928 4541 978 4581 c.
1007 4525 1096 4582 55.
1129 4527 1317 4580 GRIAL.

447 4598 472 4672 Ι
483 4600 585 4672 bid.
607 4597 1106 4672 god.rliegiovatic.
1131 4600 1258 4662 295,
1290 4607 1409 4668 post
1451 4600 1668 4672 restituit
1695 4601 1760 4656 ad
1787 4618 1959 4672 marg.

376 4669 521 4724 addit
557 4687 568 4721 :
599 4668 714 4722 Iloc
753 4671 991 4736 itaque...
1032 4685 1374 4735 exponemus;
1403 4679 1458 4724 et
1498 4671 1679 4724 addit:
1719 4672 1784 4726 In
1826 4668 1962 4728 Sura

374 4742 510 4793 enim
541 4739 730 4793 Christi
757 4739 986 4794 Ecclesia
1007 4741 1345 4810 ﬁgttrabatnr,
1379 4758 1529 4811 quant
1561 4742 1748 4796 violare
1774 4746 1961 4812 inﬁde-

375 4813 532 4865 litatis
562 4828 704 4864 crror
731 4828 832 4864 non
861 4821 1080 4874 poterat,
1105 4813 1225 4876 quia
1249 4829 1273 4865 s
1297 4829 1359 4865 ne
1387 4813 1592 4865 macula
1622 4825 1693 4866 est
1732 4824 1778 4868 et
1813 4832 1959 4881 rugo.

375 4881 613 4937 Monstra
643 4895 811 4936 autem
839 4881 1021 4950 quibus
1054 4881 1262 4936 Pharao
1292 4884 1496 4938 territus
1518 4891 1608 4941 est.
1632 4885 1788 4940 virtus
1814 4889 1966 4942 mira-

372 4954 608 5008 culorum
630 4963 725 5017 est,
752 4969 866 5026 qua:
885 4954 1247 5026 dammandus
1285 4957 1485 5018 aspicit,
1518 4956 1759 5026 confusus
1788 4957 1961 5012 obstu-

373 5027 509 5151 Kuit.
538 5027 607 5080 Ita
631 5026 792 5081 etiam
813 5023 946 5079 Cod.
973 5023 1210 5080 Floreat.
1241 5025 1287 5079 I.
1319 5027 1390 5081 De
1405 5023 1710 5082 Abimeleeh
1733 5044 1852 5097 cap.
1877 5031 1965 5088 ιθ.

425 5112 545 5151 nev.

425 5112 545 5152 ηεν.

379 5236 422 5292 G
447 5168 578 5225 Car.
601 5183 683 5256 δι.
734 5166 799 5224 Ν.
832 5167 885 5225 1.
922 5166 1141 5223 Reverso
1189 5167 1513 5223 rixabantur.
1551 5168 1736 5239 Ejusd.
1790 5187 1838 5228 c.
1872 5175 1964 5231 20.

429 5254 569 5292 nun.

429 5254 569 5295 ειμι..
601 5249 608 5256 ’

452 5309 591 5383 Ibid.
625 5310 926 5383 Permansit
974 5325 1148 5383 usque,
1178 5310 1250 5383 ad
1285 5310 1544 5366 Mambre.
1589 5313 1652 5367 Et
1685 5315 1883 5370 mansit
1913 5319 1966 5372 in

378 5379 487 5453 alio
511 5380 754 5448 ejusdem
783 5391 945 5453 terra:
969 5379 1108 5449 loco,
1138 5382 1192 5437 id
1220 5392 1321 5446 est,
1347 5383 1500 5452 juxta
1523 5398 1776 5453 quercum
1801 5387 1970 5443 Mum-

375 5449 492 5506 bre.
527 5455 663 5521 Aug.
692 5467 741 5507 e.
775 5452 870 5507 22.
902 5453 1094 5509 GRIAL.

446 5521 503 5576 2.
533 5521 732 5598 Deinde
745 5541 790 5598 _a
832 5524 1055 5596 quinque
1095 5524 1317 5596 regibus,
1348 5539 1518 5596 usque
1547 5525 1611 5581 ad
1638 5529 1960 5598 vernaculos,

374 5594 537 5655 Attg.,
572 5592 700 5647 ibid.
736 5592 926 5650 GBIAL.

482 5665 588 5719 bid.
615 5665 847 5722 Grialius
886 5667 937 5722 in
963 5675 1109 5722 textu
1132 5669 1389 5734 vernulas,
1415 5669 1467 5725 in
1491 5680 1602 5727 not.
1641 5673 1959 5730 vernaculos.

373 5734 460 5792 Sic
487 5736 648 5818 etiam
679 5753 806 5824 tuo}
841 5755 931 5824 per
973 5737 1107 5809 Tau,
1131 5750 1183 5796 ct
1219 5758 1308 5812 per
1333 5741 1394 5798 Τ.
1426 5739 1604 5799 Ansv.
1675 5763 1687 5772 -

1992 4531 2047 4591 D
2071 4528 2203 4599 Aug.
2237 4539 2289 4582 et
2318 4527 2459 4599 Greg

2082 1817 2181 1885 Qui
2209 1818 2352 1874 enim
2388 1815 2652 1870 henedicit
2675 1857 2689 1882 ,
2721 1815 2893 1883 major
2921 1822 3178 1884 estquam
3206 1814 3294 1883 qui
3324 1812 3676 1870 benedicitur.

2152 1911 2205 1964 7.
2244 1908 2395 1964 Unde
2425 1919 2472 1963 et
2499 1906 2808 1962 sacerdotes
2837 1921 2903 1960 ex
2935 1906 3139 1960 semine
3172 1903 3400 1958 Abrahae
3427 1904 3534 1960 nati
3568 1904 3680 1959 fra-

2080 2013 2186 2059 tres
2216 2016 2342 2057 suos
2371 1999 2789 2064 benediccl-ant,
2821 1996 2873 2053 id
2904 2007 2986 2053 est
3009 2040 3022 2062 ,
3058 1995 3310 2068 populum
3336 1995 3538 2062 Israel,
3562 1996 3679 2067 qui-

2079 2097 2178 2151 bus
2213 2094 2286 2148 illi
2319 2093 2554 2149 decimas
2593 2089 2792 2146 dahant
2832 2089 3122 2145 secundum
3176 2089 3480 2144 mandatum
3503 2128 3518 2155 ,
3552 2103 3680 2146 vero

2078 2197 2137 2243 ut
2185 2186 2481 2256 maj0ribus
2522 2181 3048 2240 cteminentioribus
3092 2180 3227 2236 suis.
3260 2177 3466 2234 Nomen
3497 2187 3677 2236 autem

2077 2283 2249 2354 ipsum
2282 2279 2680 2338 Melchisedech
2711 2296 2804 2335 rex
2836 2280 3003 2347 pacis,
3040 2281 3124 2335 vel
3146 2294 3235 2333 rex
3258 2276 3478 2350 justitia
3509 2277 3677 2333 intero

2079 2385 2338 2448 pretatttr,
2371 2374 2512 2447 quod
2548 2375 2683 2430 bene
2716 2375 2947 2429 refertur
2969 2371 3033 2427 ad
3063 2371 3359 2428 Chrismm.

2165 2470 2217 2522 8.
2257 2470 2374 2538 Ipse
2399 2477 2483 2522 est
2513 2467 2657 2522 enim
2689 2480 2782 2522 rex
2814 2464 2963 2536 pacis
2982 2505 2996 2529 ,
3022 2463 3142 2532 quia
3171 2477 3264 2533 per
3291 2461 3462 2532 ipsum
3491 2475 3678 2518 recon-

2080 2560 2327 2615 ciliamur
2352 2558 2482 2612 Deo.
2513 2557 2630 2625 Ipse
2661 2565 2744 2610 est
2775 2569 2866 2610 rex
2894 2553 3150 2624 justitia,
3179 2551 3299 2623 quia
3326 2553 3440 2624 ipse
3465 2552 3666 2621 veniet,

2079 2662 2139 2708 ut
2185 2651 2457 2706 discernat
2496 2657 2715 2705 sanctos
2763 2646 2830 2701 ab
2860 2646 3059 2716 impiis.
3089 2645 3230 2702 Idem
3278 2661 3490 2718 quoque
3541 2659 3676 2700 unus

2080 2743 2372 2808 sacerdos,
2420 2749 2475 2796 et
2517 2755 2644 2808 rex,
2688 2739 2809 2812 quia
2859 2740 2923 2792 ad
2966 2739 3387 2809 redemptionem
3433 2737 3673 2793 omnium

2080 2836 2314 2892 hosriam
2348 2835 2457 2891 Deo
2488 2835 2629 2890 Patri
2651 2849 2710 2889 se
2739 2834 2911 2903 ipsum
2941 2832 3162 2901 obtulit,
3199 2842 3252 2889 et
3293 2842 3351 2888 ut
3394 2848 3550 2892 verus
3580 2848 3674 2889 rex

2079 2932 2130 2985 in
2159 2929 2410 3000 praesenti
2437 2928 2636 2985 saecqu
2669 2926 2922 3000 populum
2947 2942 3104 2983 suum
3132 2927 3300 2999 regit,
3328 2936 3381 2983 et
3413 2929 3462 2983 in
3493 2924 3674 2984 futuro

2074 3023 2357 3097 judicabit.

2683 3114 2913 3173 CAPUT
2944 3113 3060 3171 XII.

2289 3230 2363 3286 De
2389 3229 2641 3300 sacrificio
2672 3229 2894 3285 Abrahae
2924 3239 2972 3286 et
3001 3228 3335 3302 promissione
3361 3228 3474 3284 Dei.

2153 3344 2203 3401 I.
2232 3343 2360 3400 Post
2387 3343 2528 3399 hanc
2554 3342 2832 3400 victoriam
2861 3344 3055 3399 factum
3097 3352 3179 3399 est
3201 3343 3423 3400 verbum
3455 3343 3672 3403 Domini

2079 3435 2144 3492 ad
2173 3434 2441 3490 Abraham
2470 3436 2522 3491 in
2552 3435 2668 3491 visu
2691 3479 2706 3505 ,
2742 3435 2866 3489 dum
2898 3443 3044 3491 esset
3083 3434 3148 3490 de
3180 3435 3489 3504 posteritate
3514 3437 3665 3492 solli-

2078 3527 2217 3583 citus
2239 3570 2252 3592 ,
2277 3535 2331 3584 et
2360 3527 2460 3584 sibi
2507 3527 2713 3582 videret
2744 3543 2852 3583 nou
2885 3528 3030 3584 nasci
3064 3526 3262 3596 lilium,
3289 3537 3342 3584 et
3373 3539 3549 3586 tamen
3577 3545 3669 3587 se-

2079 3619 2208 3675 mini
2235 3635 2335 3673 suo
2368 3620 2562 3674 factam
2594 3618 3009 3690 promissionem
3045 3629 3282 3688 teneret,
3307 3623 3484 3675 statim
3512 3623 3568 3676 lit
3593 3622 3670 3678 illi

2077 3713 2129 3768 in
2163 3713 2328 3784 figura
2374 3713 2573 3784 duplex
2621 3713 2906 3784 promissio
2945 3714 3168 3772 seminis
3206 3714 3356 3788 ejus,
3391 3717 3440 3772 id
3471 3727 3552 3773 est
3575 3758 3589 3783 ,
3615 3716 3667 3772 in

2076 3807 2481 3864 similitudinem
2532 3825 2712 3866 arente
2770 3811 2962 3879 maris,
3024 3811 3109 3867 vel
3175 3811 3228 3868 in
3276 3813 3670 3871 multitudinem

2075 3903 2349 3959 stellarum
2374 3903 2496 3959 caeli
2521 3902 2720 3959 futura.

2146 3992 2202 4047 2.
2239 3993 2471 4062 Ejiciens
2500 4007 2628 4063 ergo
2656 3991 2926 4048 Abraham
2962 3992 3102 4050 Deus
3133 3995 3306 4063 foras,
3332 3994 3564 4051 ostendit
3591 3994 3669 4052 illi

2074 4083 2260 4139 stellas
2289 4081 2409 4139 caeli
2432 4125 2448 4150 ,
2477 4083 2692 4138 dicens:
2727 4083 2818 4140 Sic
2847 4085 3034 4155 faciam
3065 4103 3233 4141 semen
3270 4098 3442 4154 tuum,
3476 4088 3525 4143 id
3553 4099 3667 4158 est,

2073 4175 2420 4232 ehristianam
2443 4183 2692 4246 gentem,
2723 4175 2876 4246 cujus
2901 4187 2954 4231 tu
2990 4188 3139 4248 pater
3167 4178 3219 4233 in
3261 4178 3362 4233 fide
3385 4179 3666 4246 subsistis,

2073 4272 2152 4329 sic
2197 4271 2387 4326 faciam
2443 4270 2647 4327 lumine
2693 4270 3104 4329 resurrectionis
3133 4283 3435 4330 coruscare.
3470 4272 3669 4330 Deinde

2230 4451 2393 4530 Cujus
2421 4456 2600 4530 ﬁgura
2616 4472 2706 4528 per
2726 4455 2769 4511 T
2799 4457 3041 4530 litteram.
3076 4455 3130 4530 Id
3161 4457 3354 4528 repetit
3381 4457 3668 4530 aliquoties

2167 4543 2203 4596 ζ.
2237 4539 2289 4582 et
2318 4527 2478 4596 Greg.
2509 4527 2626 4582 Vid.
2679 4530 2797 4592 inf.,
2826 4527 2948 4584 Jnd.
2985 4545 3037 4582 v.
3075 4528 3269 4585 GRIAL.

2141 4597 2282 4654 Ibid.
2313 4597 2463 4654 Hane
2492 4599 2801 4670 allegoriam
2830 4600 3105 4670 eleganter
3130 4599 3452 4656 Prudentius
3485 4616 3665 4665 persc-

2071 4680 2229 4728 cutus
2274 4670 2390 4724 fuit.
2427 4669 2558 4725 Vide
2584 4686 2702 4725 mea
2737 4669 3116 4739 Prudentiana,
3150 4687 3271 4740 pag.
3296 4672 3420 4728 166.
3452 4672 3626 4727 Anev.
3720 4717 3724 4732 ,

2147 4744 2199 4798 6.
2233 4740 2487 4813 "(mentis
2529 4742 2863 4811 prtepulium,
2917 4741 3121 4812 aliquot
3172 4743 3327 4809 Mss.,
3368 4755 3422 4799 et
3479 4745 3663 4813 ltnpr.,

2072 4813 2212 4868 haud
2258 4812 2416 4866 male.
2451 4810 2640 4867 GItIAL.

2146 4886 2198 4939 7.
2231 4883 2434 4937 Nomen
2459 4893 2628 4936 autem
2664 4884 2826 4953 ipsum
2863 4882 3234 4939 Melchisedech
3271 4902 3363 4940 rex
3404 4886 3563 4954 pac's,
3593 4886 3668 4939 vel
3713 4925 3717 4928 ς

2071 4973 2162 5009 rea:
2195 4955 2433 5026 justitiar.
2472 4955 2580 5010 Vox
2624 4955 3014 5011 Melchisedech
3047 4972 3226 5025 regem
3259 4966 3460 5011 tantum
3507 4959 3664 5024 justi-
3717 4993 3722 5000 ς

2082 5027 2170 5082 tia:
2200 5025 2486 5092 'signilicat.
2521 5027 2624 5082 Sed
2659 5026 2780 5093 quia
2809 5026 2949 5083 idem
2985 5042 3078 5082 rex
3108 5039 3224 5081 erat
3252 5028 3450 5092 Saleio,
3482 5030 3662 5083 Saletn

2082 5111 2258 5153 autem
2289 5112 2476 5170 pacem
2505 5095 2790 5168 significat,
2815 5113 2920 5154 non
2965 5098 3197 5154 absurde
3227 5109 3512 5170 utrumque
3534 5115 3666 5154 cott-

2074 5171 2268 5239 junxit.
2299 5169 2489 5224 GBIAL.

2148 5241 2278 5296 Car.
2311 5255 2403 5296 ιιι.
2435 5241 2499 5295 Ν.
2532 5239 2589 5295 2.
2619 5238 2761 5298 Inter
2809 5240 3079 5311 Epistolas
3126 5240 3272 5297 Pauli
3322 5240 3499 5297 Alvari
3528 5241 3662 5297 Cor-

2075 5311 2329 5368 dubcnsis
2358 5311 2426 5366 ad
2460 5313 2751 5368 Auderium
2773 5311 3016 5369 Flavium
3041 5312 3326 5378 Joannem,
3348 5315 3660 5383 episcopum

2078 5384 2472 5456 Ilispalensem,
2503 5385 2704 5439 szeculo
2724 5399 2812 5456 ix,
2841 5401 2974 5456 quas
2995 5383 3167 5456 edidit
3198 5384 3492 5449 Florezius,
3527 5396 3660 5440 tom.

2075 5455 2144 5527 XI
2175 5457 2500 5527 llisp.sacr..
2523 5457 2679 5524 epist.
2704 5454 2761 5527 74,
2791 5454 2914 5527 pag.
2941 5455 3065 5517 IAM,
3092 5457 3351 5527 allegatur
3372 5455 3458 5511 hic
3477 5456 3661 5512 lsidori

2069 5526 2217 5582 locus
2242 5542 2361 5580 eum
2393 5526 2573 5592 aliquo
2603 5526 2890 5582 verborum
2914 5526 3262 5584 discrimine:
3283 5529 3439 5594 Audi,
3467 5529 3539 5581 ait
3571 5529 3663 5581 Al-

2071 5613 2251 5666 varus,
2275 5609 2419 5651 tuum
2442 5596 2708 5652 [siderum
2732 5599 3077 5668 inquicntem:
3101 5597 3464 5669 Multiplicabo
3491 5613 3660 5654 semen

2066 5681 2228 5735 tuum,
2249 5671 2381 5743 sicut
2405 5669 2737 5743 stellascteli,
2761 5671 2814 5723 id
2837 5680 2932 5736 est,
2951 5669 3301 5743 Christianam
3323 5681 3582 5743 gentem...
3611 5679 3665 5725 es

2066 5743 2233 5797 dixit:
2257 5740 2346 5798 Sic
2373 5739 3097 5836 ntultiplit‘lmejttﬂtttum,
3120 5741 3222 5826 hoc
3238 5739 3342 5819 est;
3357 5752 3461 5817 etc.
3487 5741 3662 5801 Aur.

2599 5821 2778 5835 .__....,..
