4100 6344
506 511 610 568 943

505 719 690 776 ci'dere
720 719 1070 789 neglexerunt
1098 717 1121 769 ‘l
1152 717 1250 771 nisi
1275 724 1333 769 ut
1356 712 1688 783 signiﬁcaret
1709 711 1852 782 quod
1888 711 2094 781 parvuli

508 831 619 869 non
676 813 970 869 secundum
1002 827 1136 881 opus
1169 854 1184 879 ,
1233 808 1330 866 sed
1373 807 1670 864 secundum
1722 805 1986 877 originem
2046 806 2101 862 in

502 908 682 978 primo
714 908 933 962 homine
983 913 1196 976 pactum
1256 904 1354 961 Del
1411 903 1838 974 dissipaverunt,
1889 902 1945 958 in
1993 916 2123 973 quo.

2119 1035 2122 1038 -
2204 1004 2385 1052 autem
2413 995 2611 1050 vitulus
2653 1005 2808 1049 tener
2839 993 3114 1064 saginatus
3165 992 3376 1048 Domini
3418 993 3545 1049 Jesu
3589 993 3791 1050 Christi

505 1016 699 1057 omnes
725 1010 1104 1070 peccaverunt.

580 1095 632 1150 6.
666 1093 916 1150 Nascitur
945 1093 1090 1148 enim
1124 1094 1301 1149 omnis
1331 1107 1438 1149 non
1495 1093 1730 1163 proprie,
1790 1093 1887 1150 sed
1937 1092 2103 1161 origi-

507 1187 699 1242 naliter
719 1196 968 1255 peccator
995 1186 1158 1258 (Vide
1192 1202 1302 1241 var.
1336 1186 1503 1256 lect.).
1533 1189 1705 1254 Quem
1737 1187 1841 1243 nisi
1872 1201 2100 1257 regene-

502 1281 641 1335 ratio
673 1278 883 1344 liberet,
921 1279 1118 1348 peribit
1139 1279 1315 1334 anima
1347 1278 1464 1349 ejus
1492 1278 1561 1334 de
1589 1280 1788 1350 popqu
1808 1285 1930 1347 suo,
1966 1282 2090 1351 quia

505 1380 717 1437 pactum
748 1371 842 1426 Dei
876 1373 1080 1428 irritum
1115 1375 1270 1441 iecit,
1297 1373 1511 1442 quando
1560 1373 1613 1428 in
1644 1375 1814 1430 Adam
1866 1374 2101 1447 origina-

502 1463 625 1518 liter
644 1463 808 1520 etiam
833 1465 949 1535 ipse
979 1467 1240 1536 peccavit.

1099 1562 1326 1618 CAPUT
1365 1562 1506 1617 Xl-V.

612 1634 690 1687 De
713 1636 873 1689 tribus
906 1635 1027 1690 viris
1055 1636 1142 1706 qui
1171 1643 1410 1689 venerunt
1445 1635 1513 1689 ad
1540 1635 1707 1691 ilicem
1737 1636 1992 1698 Mambre.

579 1728 634 1781 l.
663 1726 866 1782 Deinde
893 1728 1142 1797 apparuit
1173 1727 1433 1782 Dominus
1480 1728 1713 1784 Abraha:
1749 1730 1803 1786 in
1859 1729 2102 1785 convalle

504 1819 746 1874 Mambre
776 1819 986 1874 sedenti
1044 1821 1095 1874 in
1128 1822 1268 1875 ostio
1326 1821 1654 1875 tabernaculi
1699 1822 1816 1888 sui;
1869 1836 2100 1890 cumque

504 1909 742 1966 levasset
764 1914 971 1976 oculos,
999 1921 1362 1981 apparuerunt
1386 1912 1437 1966 ei
1459 1921 1565 1966 tres
1590 1912 1688 1967 viri
1712 1923 1915 1968 stantes
1940 1913 2099 1983 juxta

1543 501 1601 556 S.
1645 497 1893 555 lSlDUlll
1937 495 2378 554 IllSl’AlJiNSIS
2422 499 2724 558 EPlSCOPl

504 636 717 699 pactum
750 626 842 680 Dei
875 626 1083 681 irritum
1113 624 1236 681 'non
1267 621 1410 686 fecit,
1437 634 1533 676 sea
1582 621 1670 689 qui
1699 631 1823 674 eum
1854 621 2084 674 circum-
2116 620 2171 679 Α

3683 505 3792 562 9M

2273 619 2324 671 7.
2358 618 2512 673 Unde
2563 628 2618 674 et
2665 619 2830 689 pedes
2884 629 3070 676 eorum
3122 621 3279 684 lavit,
3327 628 3388 674 ut
3441 619 3494 674 in
3542 625 3790 676 extremo

2177 720 2183 726 '
2206 711 2392 768 mundi
2420 712 2617 768 lavacri
2645 712 3063 768 viviﬁcationem
3095 713 3494 772 demonstraret
3531 711 3785 776 [irtus-am.

2205 808 2376 865 Pedes
2427 809 2569 864 enim
2642 810 2929 863 novissima
3003 808 3327 878 signiﬁcant.
3391 807 3670 878 Siquidem
3736 817 3792 866 et

2203 901 2510 957 convivium
2537 908 2826 971 praeparat,
2860 899 3081 955 vitulum
3107 900 3314 954 scilicet
3336 902 3657 969 saginatum.
3687 900 3792 957 Iste

2205 1093 2294 1141 est
2341 1099 2561 1155 corpus.
2627 1084 2722 1140 Hic
2779 1091 2863 1140 est
2917 1083 3115 1140 vitulus
3146 1083 3380 1150 Domini,
3433 1085 3526 1154 qui
3577 1093 3793 1152 propter

2204 1180 2434 1236 salutem
2454 1179 2790 1234 credentium
2805 1181 2870 1232 ad
2897 1181 3144 1234 arborem
3160 1180 3336 1233 crucis
3357 1187 3440 1234 est
3461 1179 3789 1234 immolatus.

2204 1270 2303 1327 llic
2329 1280 2415 1328 est
2444 1271 2642 1326 vitulus
2681 1270 2941 1326 dominici
2971 1269 3242 1340 corporis,
3293 1269 3386 1340 qui
3417 1271 3468 1324 in
3501 1270 3792 1342 Evangelio

2205 1380 2304 1436 pro
2329 1375 2614 1435 peccatore
2639 1365 2898 1420 occiditur
2926 1365 3038 1419 ﬁlio
3065 1363 3221 1435 (Luc.
3256 1363 3368 1434 xv).
3473 1371 3479 1377 '

2279 1457 2333 1512 8.
2360 1458 2466 1515 Sed
2493 1467 2548 1514 et
2571 1458 2818 1528 butyrum
2841 1457 2992 1511 'etlac
3013 1471 3137 1511 cum
3159 1470 3322 1510 carne
3348 1455 3502 1510 vituli
3523 1458 3790 1525 apposuit.

2205 1552 2314 1609 Lac
2341 1553 2546 1622 quippe
2569 1552 2764 1619 prisca
2799 1550 2935 1621 legis
2975 1550 3227 1605 habuisse
3257 1550 3480 1619 ﬁguram
3507 1550 3793 1617 Apottolus

2205 1661 2306 1702 nos
2351 1647 2635 1708 admonet,
2666 1645 2850 1699 dicens
2883 1660 2900 1698 :
2955 1643 3055 1699 Lac
3087 1644 3225 1697 vobis
3263 1655 3445 1714 potum
3479 1644 3598 1697 dedi
3627 1683 3640 1706 ,
3687 1659 3790 1696 non

2207 1755 2408 1805 escam;
2443 1739 2672 1792 nondum
2710 1738 2846 1792 enim
2878 1738 3261 1805 poteratia,,sed
3292 1734 3583 1807 θοι-πρε
3621 1737 3793 1789 adhuc

2205 1831 2416 1901 quidem"
2453 1831 2664 1901 potestis
2716 1828 2765 1894 (1
2809 1828 2929 1884 Cor.
2987 1829 3091 1892 In).
3126 1827 3446 1882 Tradiderat
3499 1828 3636 1881 enim
3690 1827 3795 1881 illis

2207 1922 2338 1994 legis
2395 1922 2749 1986 mandatum,
2816 1923 2967 1993 quasi
3023 1922 3102 1976 lac
3137 1921 3202 1976 de
3267 1922 3523 1977 uberibus
3569 1923 3792 1976 duarum

506 2019 650 2061 eum.
682 2009 827 2076 Quos
857 2023 978 2062 cum
1002 2007 1260 2074 vidisset,
1289 2007 1555 2072 adoravit,
1588 2015 1642 2062 et
1693 2007 1763 2060 ait
1789 2025 1803 2063 :
1852 2006 2093 2073 Domine,
2125 2012 2174 2074 Β
2204 2015 2503 2070 tabularum
2532 2027 2870 2083 expressum,
2899 2016 2999 2068 hoc
3019 2019 3122 2079 est,
3153 2013 3558 2068 Testamentum
3582 2013 3721 2068 lidei.

504 2102 553 2156 si
580 2103 746 2156 inveni
766 2103 983 2171 gratiam
1004 2102 1057 2154 in
1077 2103 1238 2156 oculis
1268 2102 1386 2169 tuis,
1411 2101 1642 2156 laventur
1671 2103 1824 2173 pedes
1847 2104 2015 2169 vestri,
2050 2112 2095 2157 et

505 2198 752 2267 requiesct'
759 2207 804 2251 te
827 2197 915 2250 sub
947 2199 1144 2252 arbore.
1643 2246 1646 2249 λ

580 2291 634 2347 2.
669 2289 730 2345 Et
758 2291 889 2346 abiit
942 2292 1209 2346 Abraham
1257 2292 1322 2347 ad
1352 2293 1561 2359 Saram,
1595 2300 1648 2347 et
1690 2291 1850 2364 jussit
1879 2306 1995 2347 eam
2024 2307 2095 2348 ex

506 2384 682 2438 tribus
705 2385 832 2438 satis
862 2383 1041 2440 facere
1067 2385 1453 2440 snbcinertcios
1486 2401 1669 2454 panes,
1697 2401 1829 2456 quos
1850 2386 2100 2454 apposuit

504 2477 611 2532 illis
644 2492 764 2532 eum
792 2479 983 2542 vitulo,
1016 2493 1176 2548 quem
1206 2480 1366 2549 303
1396 2489 1694 2546 paraverat,
1744 2480 1992 2535 similiter
2047 2490 2101 2534 et

504 2572 590 2626 lac
614 2582 667 2627 et
688 2573 963 2644 butyrum.
990 2573 1104 2642 Ipse
1127 2589 1260 2629 vero
1285 2576 1459 2628 stabat
1479 2576 1625 2642 juxta
1650 2589 1745 2629 eos
1765 2576 1864 2629 sub
1884 2576 2098 2631 arbore.

506 2665 750 2731 Cumque
806 2666 1188 2733 comedissent,
1253 2668 1505 2724 dixerunt
1546 2669 1611 2723 ad
1667 2685 1788 2724 eum
1829 2687 1841 2721 :
1881 2668 1979 2723 Ubi
2030 2679 2102 2723 est

505 2756 646 2812 Sara
671 2774 801 2812 uxor
830 2768 919 2813 tua
941 2760 967 2814 Ρ
997 2753 1175 2814 Αίὶιιε
1204 2775 1223 2814 ;
1257 2759 1410 2827 Ecce,
1445 2761 1636 2829 inquit,
1668 2762 1722 2814 in
1774 2760 2129 2822 tabernaculo,

509 2859 621 2916 est;
649 2852 729 2904 cui
760 2853 891 2906 dixit
918 2869 936 2907 .'
981 2851 1258 2907 Revertens
1297 2853 1495 2918 veniam
1524 2854 1591 2906 ad
1631 2865 1678 2908 te
1718 2863 1943 2925 tempore
1976 2855 2096 2921 isto,

505 2954 554 2998 et
587 2946 784 2998 habebit
803 2948 968 3014 [ilium
988 2947 1124 3002 Sara
1167 2964 1298 3001 uxor
1327 2956 1435 3001 tua.

583 3034 635 3087 '5.
671 3036 786 3103 Quo
815 3037 1022 3102 audito,
1053 3039 1186 3093 Sara
1217 3039 1355 3094 risit.
1395 3039 1700 3096 Notandum
1733 3042 1931 3111 quippe
1958 3040 2101 3110 quod

509 3127 782 3182 Abraham
843 3132 1108 3200 triplicem
1166 3133 1358 3188 habent
1401 3133 1622 3201 ﬁguram
1680 3135 1733 3188 in
1781 3135 2094 3204 semetipso.

511 3219 750 3275 Primam
783 3221 1099 3288 Salvatoris,
1131 3225 1363 3292 quando,
1397 3225 1583 3280 relicta
1613 3228 1934 3298 cognatione
1979 3244 2096 3292 sua,

507 3313 657 3368 venit
714 3315 766 3368 in
819 3317 959 3371 hunc
1009 3318 1302 3384 mundum;
1354 3317 1576 3374 alteram
1636 3320 1831 3385 Patris,
1883 3322 2098 3391 quando

2274 2107 2327 2161 9.
2359 2106 2594 2160 Necdum
2624 2108 2765 2161 enim
2791 2117 3037 2175 poterant
3060 2115 3278 2174 promer
3304 2106 3580 2159 infantiam
3606 2120 3796 2160 sensus

2144 2232 2152 2240 ι
2201 2200 2282 2252 sui
2319 2197 2655 2267 Evangelicte
2683 2199 2943 2255 doctrina:
2967 2199 3192 2254 solidam
3223 2209 3278 2254 et
3311 2200 3584 2254 robustum
3614 2213 3792 2254 eseam

2202 2291 2466 2360 accipere.
2501 2291 2757 2361 Butyrum
2789 2301 2968 2347 autem
3019 2291 3352 2346 uberrimum
3410 2301 3463 2345 et
3513 2291 3797 2362 pinguissi-

2203 2403 2348 2443 nium
2407 2390 2817 2460 Evangeliorum
2866 2401 2950 2444 est
2991 2390 3383 2456 testimonium,
3440 2391 3582 2457 quod
3632 2390 3793 2445 veluti

2202 2483 2381 2538 Oleum
2413 2482 2658 2537 ﬁdelibus
2679 2482 2728 2535 in
2758 2480 2966 2551 signum
2987 2483 3161 2536 datur.
3190 2481 3297 2536 Sed
3323 2480 3546 2549 proinde
3569 2482 3791 2536 vitulum

2204 2589 2325 2630 cum
2352 2576 2518 2642 lacte,
2548 2584 2603 2630 et
2633 2576 2882 2644 butyrum
2915 2575 3183 2630 Abraham
3211 2575 3484 2630 edendum
3516 2577 3790 2646 apposuit,

2206 2671 2328 2735 quia
2386 2681 2486 2721 nec
2533 2681 2729 2736 corpus
2784 2665 3020 2730 Domini,
3074 2668 3216 2737 quod
3275 2677 3358 2722 est
3411 2667 3626 2733 vitulus,
3679 2669 3796 2723 sine

2207 2759 2342 2815 lacte
2374 2759 2522 2829 legis.
2553 2774 2653 2817 nec
2684 2761 2767 2813 lac
2820 2760 2954 2830 legis
2979 2762 3097 2814 sine
3131 2761 3342 2830 butyro,
3369 2807 3372 2811 .
3397 2760 3499 2816 hoc
3525 2769 3630 2825 est,
3678 2760 3795 2816 sine

2206 2851 2486 2922 Evangelii
2513 2855 2820 2907 testimonio
2840 2866 2962 2907 esse
2985 2862 3185 2920 potest.

2281 2946 2541 3002 lti."l‘rio
2569 2955 2748 3002 autem
2771 2958 2908 3014 sata,
2954 2947 3097 3004 unde
3126 2947 3257 3003 Sara
3291 2961 3456 3016 partes
3502 2946 3794 3002 subcineri-

2205 3039 2320 3094 cios
2350 3038 2499 3105 fecit,
2531 3039 2689 3094 trium
2741 3039 2972 3094 ﬁliorum
3030 3039 3143 3095 Noe
3199 3041 3483 3108 imaginem
3535 3039 3796 3094 indicave-

2206 3139 2353 3196 runt,
2386 3147 2451 3184 ex
2476 3131 2674 3196 quibus
2701 3145 2862 3186 omne
2906 3145 3077 3200 genus
3134 3129 3424 3184 humanum
3475 3138 3658 3184 natum
3677 3138 3789 3197 est,

2206 3225 2314 3294 qui,
2349 3224 2545 3278 divina:
2576 3223 2826 3278 Trinitati
2855 3224 3158 3284 credentes.
3183 3237 3251 3279 es
3285 3237 3423 3293 aqua
3456 3221 3794 3292 baptismatis

2209 3332 2302 3387 per
2330 3318 2651 3382 Ecclesiam,
2680 3319 2834 3384 cujus
2861 3317 3036 3384 imago
3063 3317 3194 3372 Sara
3225 3327 3361 3378 erat,
3402 3313 3795 3384 conspergendi

506 3403 804 3462 immolavit
833 3409 1046 3464 unicum
1085 3410 1280 3474 lilium;
1317 3412 1527 3466 tertiam
1565 3428 1712 3478 vero,
1746 3430 1863 3483 quae
1893 3415 1943 3468 in
2003 3417 2104 3469 hoc
2135 3404 2180 3468 C
2212 3420 2414 3477 essent,
2439 3419 2496 3466 et
2517 3411 2570 3466 in
2602 3423 2711 3466 uno
2739 3423 2873 3478 pane
2895 3408 3097 3464 Christi
3117 3409 3362 3477 corporis
3390 3407 3699 3475 redigendi.

508 3494 631 3550 loco
660 3505 762 3563 est,
795 3497 1016 3568 ﬁguram
1063 3503 1290 3570 geSIavit
1331 3512 1637 3559 sanctorum
1687 3507 1776 3575 qui
1809 3507 2100 3565 adventum

506 3587 705 3644 Christi
729 3581 847 3645 cum
871 3593 1066 3663 gaudio
1088 3607 1464 3665 susceperunt.

582 3683 633 3735 4.
689 3682 1121 3741 Tabernaculum
1176 3696 1355 3743 autem
1415 3687 1543 3744 illud
1620 3683 1848 3744 Abrabin
1917 3700 2100 3763 typum

507 3783 738 3829 terrente
787 3777 1084 3833 Jerusalem
1143 3779 1370 3843 habuit,
1443 3780 1531 3835 ubi
1607 3783 1782 3852 primo
1860 3793 2101 3852 tempore

506 3867 787 3937 propheta:
819 3877 874 3923 et
901 3869 1133 3938 apostoli
1183 3872 1598 3936 habitaverunt;
1632 3873 1720 3926 tibi
1765 3884 1818 3927 et
1870 3875 2102 3942 primum

424 3955 429 3960 ’
505 3957 767 4013 Dominus
829 3959 1122 4015 adveniens
1182 3977 1211 4015 a
1276 3963 1620 4018 credentibus
1678 3975 1976 4035 exceptus,
2036 3967 2102 4022 ab

421 4035 424 4040 ’
505 4047 800 4103 incredulis
833 4061 911 4105 est
941 4053 992 4105 in
1026 4052 1172 4122 ligno
1211 4067 1520 4123 suspensus.

576 4138 628 4193 5.
662 4141 717 4195 In
752 4140 918 4195 tribus
959 4155 1131 4197 autem
1167 4143 1296 4199 viris
1351 4147 1438 4216 qui
1493 4157 1756 4202 venerunt
1812 4150 1878 4203 ad
1929 4150 2096 4216 illum,

505 4234 717 4291 Domini
750 4237 875 4292 Jesu
909 4239 1109 4294 Christi
1141 4239 1601 4308 praenuntiabatur
1647 4242 1942 4309 adventus,
1977 4259 2098 4298 cum

506 4343 612 4397 quo
643 4330 747 4383 duo
781 4331 953 4401 angeli
987 4333 1403 4399 comitabantur,
1436 4350 1568 4403 quos
1603 4337 1844 4404 plerique
1884 4336 2099 4408 Moysen

504 4430 558 4473 ct
590 4421 754 4473 Eliam
816 4423 1098 4492 accipiunt,
1133 4443 1295 4480 unum
1333 4427 1522 4495 prisca:
1554 4430 1681 4498 legis
1714 4430 1956 4496 latorem,
2009 4433 2099 4501 qui

506 4527 603 4579 per
653 4513 892 4569 eamdem
958 4517 1126 4586 legem
1181 4520 1468 4574 adventum
1544 4521 1751 4576 Domini
1808 4521 2095 4588 indicavit;

507 4605 692 4671 alium,
730 4609 816 4677 qui
845 4610 895 4662 in
931 4609 1034 4664 ﬁne
1059 4613 1240 4665 mundi
1270 4627 1524 4668 venturus
1557 4623 1659 4678 est,
1688 4615 2099 4670 denuntiaturus

506 4701 800 4754 secundum
831 4701 1028 4756 Christi
1062 4705 1374 4772 adventum,
1412 4721 1570 4775 atque
1599 4709 1716 4778 ejus
1750 4707 2099 4778 Evangelium

2282 3506 2369 3562 ll.
2398 3505 2522 3561 llaec
2549 3513 2674 3561 sunt
2702 3504 2794 3558 illa
2827 3504 2928 3559 tria
2945 3513 3057 3558 sata
3077 3519 3200 3572 qua
3223 3501 3482 3557 mulierin
3509 3499 3796 3571 Evaugclio

2115 3645 2120 3651 .
2207 3601 2549 3670 cognoscitur
2599 3597 2954 3654 lermentasse
3009 3597 3222 3668 (Matth.
3271 3611 3401 3661 xm;
3468 3594 3596 3650 Lac.
3652 3594 3790 3665 χιιι).

2207 3693 2396 3764 Asymi
2424 3701 2604 3748 autem
2630 3706 2818 3761 panes,
2845 3705 2912 3745 eo
2931 3690 3076 3758 quod
3107 3690 3228 3743 sine
3267 3687 3532 3743 fermento
3553 3686 3791 3750 malitiae,

2207 3796 2263 3842 et
2319 3788 2439 3842 sine
2480 3801 2700 3856 angore
2753 3784 3043 3854 neQuitiut,
3093 3783 3212 3839 sine
3261 3782 3470 3837 fervore
3524 3793 3793 3849 perversa:

2207 3879 2467 3934 doctrina!
2539 3878 2824 3947 oportebat
2897 3890 3018 3932 esse
3095 3874 3430 3932 credentium
3506 3874 3790 3930 unitatem.

2207 3973 2558 4028 Subcinericii
2591 3981 2770 4027 autem
2803 3973 2943 4038 ideo,
2980 3980 3037 4025 ut
3069 3983 3162 4042 per
3189 3969 3560 4037 pmnitentiam
3601 3975 3793 4037 prate-

2121 4113 2130 4116 _
2207 4067 2433 4121 ritorum
2465 4064 2782 4120 delictorum
2831 4063 3065 4133 Spiritus
3111 4064 3284 4119 sancti
3335 4074 3534 4131 vapore
3559 4051 3789 4126 decocti,

2208 4157 2352 4212 velut
2379 4169 2504 4211 esca
2535 4155 2869 4224 beneplacita
2901 4154 3035 4220 Deo,
3060 4153 3421 4224 acceptabiles
3471 4153 3789 4209 e‘lﬂciantur.

2281 4251 2367 4304 12.
2416 4250 2533 4307 Sub
2588 4252 2782 4306 arbore
2837 4259 3022 4307 autem
3073 4253 3170 4305 eos
3222 4249 3427 4305 sedisse
3467 4287 3483 4317 ,
3527 4248 3792 4320 passionis

2204 4341 2490 4398 dominica:
2518 4351 2636 4397 erat
2659 4343 2896 4411 signum,
2925 4342 3076 4412 cuju
3110 4340 3210 4411 ipsi
3237 4350 3362 4395 sunt
3390 4341 3790 4411 pratdicatores.

2207 4433 2359 4500 Quod
2418 4417 2596 4488 adtem
2647 4434 2912 4502 promittit
2968 4434 3106 4487 Deus
3158 4433 3326 4487 Sat-te
3359 4431 3531 4487 sterili
3578 4430 3743 4484 ﬁlium
3772 4471 3787 4494 ,

2207 4525 2391 4579 dicens
2424 4542 2438 4579 :
2467 4524 2620 4578 Circa
2637 4525 2732 4578 hoc
2761 4533 2957 4590 tempus
2977 4525 3198 4587 veniam,
3231 4535 3336 4578 non
3367 4522 3434 4578 de
3463 4521 3792 4591 temporibus

2208 4618 2494 4687 signiﬁcat,
2522 4617 2617 4672 sed
2651 4618 2719 4673 de
2740 4617 3005 4686 qualitate
3035 4617 3297 4671 adventus
3319 4617 3421 4680 sui,
3452 4615 3666 4684 quando
3697 4629 3792 4683 per

2208 4713 2375 4768 ﬁlium
2409 4714 2798 4782 repromissum
2827 4712 3000 4768 ﬁdelis
3032 4723 3150 4768 erat
3179 4711 3408 4782 populus
3460 4710 3788 4765 nasciturus.

503 4791 705 4849 Judalis
733 4795 1145 4864 praedicaturus;
1203 4799 1342 4852 unde
1399 4809 1454 4854 et
1501 4803 1550 4854 in
1602 4812 1780 4856 monte
1841 4801 2310 4860 Dorninulesla
2378 4814 2459 4859 est
2499 4804 2640 4858 enim
2708 4807 2836 4860 Sara
2891 4803 3127 4868 sterilis,
3173 4807 3272 4858 cur
3322 4818 3424 4873 per
3470 4801 3791 4869 PrOphetam

508 4903 628 4943 cum
661 4887 848 4944 luisset
881 4892 1312 4961 transfiguratus,
1349 4892 1397 4946 hi
1428 4894 1553 4961 duo,
1599 4896 1812 4967 Moyses
1842 4907 1895 4952 et
1927 4897 2092 4964 Elias,

505 4998 626 5038 cum
657 4999 721 5037 eo
748 4986 813 5037 ab
837 4985 1094 5053 apostolis
1121 4988 1213 5041 visi
1246 4996 1370 5042 sunt
1392 4987 1609 5058 (Matth.
1647 4988 1804 5059 xvu).
1887 5059 1892 5064 ἠ
1938 4969 1940 4972 Ι

577 5078 628 5133 6.
664 5078 814 5146 Quod
842 5095 966 5133 vero
988 5080 1258 5134 Abraham
1280 5091 1386 5136 tres
1415 5081 1622 5148 videns,
1654 5063 1817 5137 unum
1835 5063 2097 5156 adoravit,

507 5157 793 5226 Dominum
825 5175 1030 5228 scilicet
1057 5175 1386 5228 Salvatorem
1417 5173 1730 5235 ostendens,
1761 5175 1911 5242 cujus
1941 5174 2101 5229 etiam

427 5256 429 5258 ’
505 5263 792 5319 adventum
816 5275 899 5320 est
929 5267 1290 5335 praestolatus,
1315 5267 1466 5336 juxta
1492 5267 1635 5337 quod
1659 5268 1817 5322 etiam
1846 5267 2102 5344 Dominus
2131 5339 2134 5342 _

2211 5360 2337 5416 Sive
2390 5360 2534 5431 quod
2599 5361 2742 5415 risus
2801 5371 2947 5417 esset
3015 5361 3226 5418 futurus
3281 5358 3444 5430 305
3503 5355 3792 5413 incredulis

505 5355 559 5410 in
589 5357 871 5429 livangelio
897 5361 970 5414 ait
995 5379 1006 5414 :
1039 5361 1300 5415 Abraham
1325 5361 1549 5430 qua'sit'it
1567 5363 1697 5416 diem
1723 5378 1887 5417 nteum
1909 5365 2096 5431 videre,

506 5451 653 5513 vidit.
677 5465 725 5508 et
755 5457 958 5524 gavisus
981 5467 1054 5511 est
1083 5455 1261 5527 (Joan.
1295 5473 1412 5522 vui,
1583 5439 1734 5515 Tunc
1762 5459 1904 5516 enim
1931 5447 2094 5515 lutnri

504 5543 715 5612 aspexit
745 5548 1055 5616 mysterium
1080 5529 1426 5605 sacramenti.

577 5748 705 5824 Cap.
740 5764 849 5824 xiv.
909 5745 974 5802 N.
1037 5747 1123 5803 ll.
1177 5745 1483 5820 Languere,
1532 5742 1805 5818 C‘oinplut.
1851 5755 1905 5801 et
1956 5746 2130 5824 apud_

507 5817 739 5873 Eucher.
767 5819 960 5874 Cum.

434 5955 436 5958 _
586 5889 1112 5962 Ibid:Retinendum
1153 5907 1341 5962 vapore
1366 5907 1460 5960 pro
1484 5891 1683 5962 calore,
1707 5885 1920 5962 ardore,
1967 5889 2095 5959 igni.

433 5983 466 5991 ··
506 5961 690 6015 Atlisis
722 5960 1091 6025 Prudentium,
1131 5959 1247 6031 pag.
1283 5959 1385 6015 9H
1424 5971 1473 6014 et
1505 5959 1662 6016 1035.
1713 5960 1883 6014 AREV.

578 6033 663 6087 l5.
695 6031 846 6088 Ilisos
867 6041 1038 6086 autent
1067 6021 1334 6089 Stirtevuon
1354 6033 1710 6089 estdubitntio.
1740 6039 1803 6092 At
1823 6021 2100 6100 Ambros,

2202 4895 2684 4958 Dominusdicit:
2737 4896 2972 4962 Laetare,
3031 4897 3252 4960 sterilis,
3295 4911 3410 4964 qua:
3465 4910 3565 4948 non
3615 4893 3790 4961 paris;

2205 5003 2414 5054 erumpe
2445 4997 2491 5042 et
2547 4988 2871 5058 clama,qua:
2916 5005 3020 5046 non
3060 4989 3310 5058 parturit,
3344 4988 3582 5056 quoniam
3619 4988 3792 5055 plures

2197 5079 2302 5148 ﬁlii
2327 5081 2538 5135 deserta:
2561 5083 2721 5152 magis
2753 5097 2910 5151 quam
2930 5083 3044 5154 ejus
3073 5097 3186 5148 qute
3210 5081 3353 5135 habet
3399 5081 3581 5145 virum.

2279 5175 2367 5229 15.
2401 5174 2557 5229 Risus
2579 5186 2759 5236 autem
2785 5176 2934 5232 Sam
2982 5191 3085 5232 non
3115 5184 3200 5230 est
3228 5174 3507 5238 dubitatio,
3535 5173 3630 5227 sed
3674 5187 3792 5240 pro-

2209 5269 2408 5337 phetia.
2461 5268 2562 5336 Qui
2623 5269 2762 5326 risus
2819 5268 3090 5336 duplicem
3148 5267 3309 5323 habet
3354 5265 3788 5334 signiﬁcandam.

2205 5455 2471 5525 Christus,
2501 5455 2619 5520 sive
2665 5455 2806 5523 quod
2834 5470 3023 5511 omnes
3051 5453 3317 5510 inimicos
3347 5455 3398 5508 in
3453 5451 3652 5520 judicio
3693 5461 3792 5506 suo

2201 5561 2346 5607 esset
2373 5551 2603 5606 risurus.
2655 5549 2807 5605 Unde
2832 5559 2889 5606 et
2943 5550 3060 5619 ipse
3088 5550 3177 5622 qui
3229 5558 3385 5604 natus
3409 5546 3585 5601 estde
3633 5542 3788 5608 Sara,

2201 5737 2357 5818 epist.
2391 5745 2460 5799 δῦ
2493 5745 2585 5802 lib.
2621 5749 2671 5802 tv
2705 5741 2717 5800 ἐ
2757 5745 2892 5803 Sara
2934 5743 3149 5818 (inquit)
3180 5743 3296 5818 quia
3327 5737 3463 5818 risit,
3506 5741 3782 5818 increduli-

2203 5809 2612 5890 idtitcourguta
2649 5830 2740 5888 est.
2787 5819 2854 5874 Et.
2903 5809 3063 5888 Aug;
3257 5809 3536 5890 delllivitq,
3590 5828 3637 5866 c.
3673 5812 3780 5890 lii;

2207 5885 2358 5954 Οτιοά
2390 5883 2526 5964 ritus
2547 5891 2635 5944 ille
2656 5883 2808 5947 etiam
2829 5891 2872 5947 si
2894 5883 3071 5964 g'auilt'i
3100 5888 3220 5963 fuit,
3265 5883 3431 5941 laiiieti
3473 5884 3636 5957 plena:
3665 5883 3787 5954 ﬁdei

2206 5969 2306 6016 n'on
2333 5963 2452 6034 ριει.
2489 5961 2679 6017 Cum.
2759 5991 2761 5993 -
