4100 6344
424 277 528 337 2η

427 488 572 546 tione
610 494 768 554 atque
799 480 937 535 inter
961 474 1287 546 alienigenas
1317 469 1481 542 pollui
1507 466 1869 537 macularique
1895 479 2007 524 non

424 579 635 645 sinitur,
671 585 729 633 ut
757 575 826 633 sit
850 575 966 629 viro
995 584 1094 627 suo
1122 570 1238 625 sine
1269 565 1473 622 macula
1513 573 1568 620 ct
1591 563 1764 634 ruga?
1794 561 1866 617 .ln
1896 563 2010 631 glo~

423 675 559 732 riam
590 670 785 743 quippe
827 664 1022 722 Christi
1053 670 1199 718 recte
1228 657 1359 714 vivit
1388 655 1649 721 Ecclesia,
1681 661 1739 708 ut
1767 652 2005 724 pulchri-

424 763 552 822 tudo
582 761 698 833 ejus
728 761 899 814 honor
937 755 1006 812 sit
1054 753 1172 808 viro
1201 751 1351 821 ejus,
1398 748 1538 803 sicut
1569 745 1838 803 Abraham
1886 760 2007 813 pru-

423 861 548 929 ptel‘
571 853 722 912 Sam
752 847 1199 926 pulchritudinem
1247 843 1386 899 inter
1413 840 1738 911 alienigenas
1771 838 2007 895 honora-

423 950 747 1111 bagfrEZQuc
774 1029 896 1106 ipsi,
930 1029 1012 1089 cui
1045 1029 1237 1088 dicitur
1266 1029 1319 1086 in
1361 1027 1591 1085 Canticis
1631 1029 1958 1083 canticorum
1986 1044 2001 1081 :

428 1133 474 1189 0
501 1129 713 1205 pulchra
740 1129 871 1184 inter
897 1119 1137 1180 mulieres
1163 1119 1337 1192 (Cant.
1372 1137 1413 1186 1,
1444 1121 1522 1189 7),
1567 1119 1734 1188 ipsius
1765 1117 2004 1188 pulchri-

422 1227 622 1285 tudinis
665 1223 853 1281 merito
903 1234 1056 1290 reges
1097 1215 1327 1272 oli'eruut
1379 1229 1622 1280 munera,
1671 1213 1813 1269 sicut
1858 1214 2005 1268 Sara:

421 1320 611 1378 obtulit
640 1333 731 1373 rex
767 1311 1100 1377 Abimelech,
1135 1311 1253 1382 plus
1283 1309 1336 1364 in
1366 1324 1428 1364 ea
1459 1308 1661 1363 mirans
1691 1306 1879 1362 forma:
1905 1304 2002 1360 de-

421 1428 537 1480 cus,
565 1407 702 1480 quod
744 1421 924 1460 amare
965 1403 1170 1475 potuit,
1215 1408 1272 1457 et
1311 1399 1511 1456 violare
1535 1413 1641 1453 non
1676 1399 1865 1464 potuit.
1916 1397 2010 1452 Est

421 1507 566 1562 enim
597 1514 651 1560 et
681 1511 862 1559 saneta
897 1498 1131 1556 Ecclesia
1165 1495 1389 1552 Domino
1418 1503 1606 1550 nostro
1630 1492 1756 1549 Jesu
1797 1490 2010 1547 Christo

1356 260 1418 319 s.
1457 254 1708 318 131mm
1749 252 2190 314 msesseusns
2229 250 2539 311 EPISCOPI
3245 317 3249 321 ι

426 394 565 456 scire
587 353 708 446 vo‘lo
734 406 748 456 ;
778 395 834 444 et
855 383 1007 456 cuius
1035 380 1105 438 sit
1136 393 1271 436 uxor
1310 392 1428 450 quae
1465 377 1518 432 in
1549 375 1650 432 hac
1700 371 2008 446 peregrina-
2032 375 2088 438 Α
2111 371 2214 428 lius
2241 368 2459 436 dicitur,
2489 379 2544 426 et
2572 371 2822 442 capacius
2848 369 3081 428 auditur.
3122 362 3264 428 Nam"
3287 369 3509 430 interse
3532 371 3698 446 309

3585 251 3698 311 248

2111 480 2299 522 omnes
2345 465 2516 522 sancti
2585 480 2682 537 per
2730 465 2975 523 eamdem
3033 467 3258 538 gratiam
3306 465 3501 524 fratres
3545 479 3695 540 sunt,

2112 577 2340 634 sponsus
2384 571 2564 621 autem
2606 561 2663 620 in
2709 576 2895 619 eorum
2945 562 3206 620 societate
3255 562 3430 620 nullus
3475 563 3703 631 illorum

2112 666 2214 712 es“
2693 748 2920 806 CAPUT
2948 749 3112 806 XVII.

2640 842 2716 898 De
2745 842 2899 898 Isaac
2926 853 2976 898 et
3003 847 3163 915 Agar.

2187 937 2238 992 l.
2275 937 2627 993 Centenarius
2685 936 2863 1007 itaque
2909 935 3178 992 Abraham
3221 939 3406 1008 genuit
3445 955 3513 998 cx
3563 939 3698 1002 Sara

2113 1048 2280 1089 uxore
2318 1048 2414 1087 sua
2458 1032 2643 1097 lilium,
2699 1047 2863 1102 quem
2906 1033 3119 1108 vocavit
3168 1034 3336 1090 Isaac.
3386 1035 3540 1093 Hunc
3575 1053 3697 1096 cum

2112 1127 2334 1182 vidisset
2364 1139 2530 1181 mater
2565 1123 2685 1196 ejus
2717 1124 2985 1181 ludentem
3017 1141 3140 1182 cum
3191 1127 3402 1195 lsmael,
3449 1131 3586 1189 dixit
3629 1134 3697 1190 ad

2113 1220 2380 1276 Abraham
2408 1237 2419 1274 :
2452 1218 2598 1292 Ejice
2651 1218 2890 1273 ancillam
2939 1227 2986 1273 et
3035 1219 3198 1288 ﬁlium
3228 1224 3364 1293 ejus,
3417 1240 3517 1278 non
3564 1226 3698 1282 enim

2113 1314 2274 1370 bteres
2302 1315 2394 1368 erit
2439 1313 2582 1383 ﬁlius
2630 1311 2835 1367 ancillas
2883 1329 2997 1367 cum
3027 1313 3135 1382 ﬁlia
3177 1331 3289 1370 mea
3330 1315 3505 1372 Isaac.
3545 1318 3700 1378 Nunc

2116 1408 2277 1478 igitur
2304 1405 2652 1478 quzrrendum
2681 1415 2763 1460 est
2789 1419 2885 1460 cur
2911 1415 3067 1460 antea
3088 1406 3218 1462 Sara
3249 1408 3419 1464 Voluit
3449 1411 3696 1469 maritum

2114 1501 2183 1557 de
2213 1501 2404 1556 ancilla
2445 1500 2720 1567 suscipere
2757 1497 2942 1563 lilium,
2973 1505 3066 1553 aut
3091 1514 3188 1555 cur
3218 1516 3360 1558 nunc
3379 1516 3503 1558 cum
3529 1513 3700 1564 matre

420 1602 474 1655 in
504 1596 712 1653 occulto
740 1611 894 1649 uxor.
937 1590 1158 1648 Occulte
1183 1590 1400 1660 quippe,
1453 1588 1618 1659 308
1660 1596 1819 1655 atque
1867 1584 2010 1641 intus
2110 1592 2264 1663 jubet
2293 1591 2485 1658 expelli
2512 1591 2694 1655 domo,
2727 1590 2869 1660 quod
2901 1589 3024 1646 fecit
3047 1606 3151 1647 non
3176 1591 3291 1648 zelo
3313 1607 3568 1663 accensa,
3597 1598 3695 1654 sed

421 1694 474 1747 in
506 1685 825 1744 abscondito
862 1692 1071 1741 secreto
1099 1681 1368 1752 spirituali
1416 1681 1594 1735 anima
1649 1682 1880 1734 humana
1927 1679 2011 1734 in-

2119 1684 2380 1756 mysterio
2408 1682 2705 1757 prophetiae
2730 1683 3026 1754 compulsa.
3059 1686 3200 1753 Agar
3222 1685 3416 1756 quippe
3434 1727 3452 1754 ,
3497 1702 3698 1747 secun.

420 1785 591 1842 hmret
620 1781 785 1838 verbo
835 1779 951 1846 Dei,
993 1787 1051 1833 ut
1092 1776 1199 1832 sint
1227 1775 1334 1831 duo
1383 1775 1436 1830 in
1480 1787 1641 1829 carne
1690 1787 1816 1838 una,
1868 1770 2011 1840 quod
2045 1784 2090 1846 Β
2116 1777 2243 1832 dum
2271 1776 2412 1848 quod
2445 1773 2518 1830 ait
2542 1773 2853 1846 Apostolus,
2905 1775 2958 1830 in
3001 1776 3258 1836 servitute
3279 1780 3461 1849 genuit
3507 1794 3699 1840 cama-

421 1879 599 1951 magni
630 1873 860 1947 conjugii
893 1879 1284 1928 sacramentum
1334 1869 1388 1924 in
1427 1867 1643 1924 Christo
1663 1876 1713 1923 et
1739 1865 1792 1922 in
1821 1865 2009 1925 Eccle-

420 1977 499 2031 sia
530 1969 870 2029 Commendat
900 1963 1188 2034 Apostolus
1217 1960 1440 2031 (Ephes.
1468 1958 1547 2032 ν).

495 2067 548 2121 lt.
581 2063 812 2121 Proinde
848 2075 1070 2131 regnum
1112 2067 1385 2114 terrenum
1431 2056 1613 2113 szeculi
1646 2055 1804 2126 hujus
1832 2054 2007 2128 (cujus

419 2161 640 2233 ﬁguram
672 2157 929 2230 gerebant
950 2169 1125 2225 reges,
1155 2154 1246 2224 qui
1265 2153 1452 2206 Saram
1483 2151 1722 2223 polluere
1751 2166 1857 2206 non
1886 2160 2010 2208 sunt

421 2254 693 2327 permissi)
744 2268 846 2308 non
880 2260 964 2307 est
985 2259 1291 2319 expertum,
1335 2262 1435 2302 nec
1480 2246 1685 2303 invenit
1728 2247 2008 2302 ecclesiam

418 2347 702 2419 coniugem
725 2344 944 2408 Christi,
1000 2341 1103 2397 nisi
1135 2355 1257 2395 cum
1291 2338 1493 2394 violare
1523 2338 1766 2394 tentavit.
1820 2338 2010 2394 Divino

419 2439 567 2498 enim
613 2436 922 2494 testimonio
970 2448 1064 2502 per
1117 2431 1274 2488 tidem
1316 2441 1609 2503 martyrum
1650 2431 1836 2499 cessit,
1889 2446 2010 2488 cor-

422 2538 737 2601 reptamque
766 2526 928 2582 etiam
978 2524 1031 2578 in
1059 2522 1447 2594 posterioribus
1486 2521 1702 2594 regibus
1729 2521 2011 2579 honoravit

422 2637 667 2684 munere.
691 2633 856 2698 (quam
885 2617 1213 2688 corruptioni
1244 2630 1357 2672 sua:
1382 2615 1615 2673 subdere
1656 2617 1711 2672 in
1741 2617 2011 2688 prioribus

422 2733 529 2774 non
558 2715 743 2772 valuit.

493 2809 547 2866 5.
580 2808 712 2864 Nam
741 2806 884 2880 quod
912 2812 1042 2862 tunc
1083 2805 1139 2861 in
1177 2804 1368 2863 eodem
1393 2819 1521 2875 rege
1562 2809 1710 2876 prius
1735 2819 1801 2860 ac
1829 2813 2010 2875 poste-

421 2904 534 2960 rius
573 2903 855 2972 figuratum
886 2910 1002 2968 est,
1057 2899 1237 2954 hocin
1283 2899 1388 2954 isto
1427 2911 1593 2966 regno
1637 2896 1912 2968 prioribus
1955 2905 2012 2952 et

421 2993 808 3065 posterioribus
839 2992 1053 3062 regibus
1071 2990 1416 3059 adimpletur.
1447 2989 1582 3045 Cum
1610 2998 1788 3044 autem
1815 2987 2012 3045 dicitur

420 3089 493 3144 de
521 3095 672 3158 patre
695 3101 814 3142 esse
841 3101 997 3142 soror
1015 3083 1214 3140 Christi
1242 3083 1509 3147 Ecclesia,
1559 3099 1664 3138 non
1707 3083 1774 3139 de
1813 3095 2004 3150 matre,

2112 1869 2218 1926 lem
2251 1867 2528 1939 populum.

2185 1965 2242 2019 2.
2267 1962 2397 2018 Sara
2425 1976 2553 2017 vero
2576 1959 2742 2017 libera
2763 1961 3018 2034 populum
3041 1962 3224 2033 genuit
3244 1978 3335 2035 qui
3365 1979 3472 2022 non
3492 1973 3575 2023 est
3604 1981 3693 2025 se-

2111 2056 2344 2111 cundum
2367 2070 2604 2124 carnem,
2635 2054 2731 2111 sed
2768 2055 2823 2111 in
2853 2054 3151 2112 libertatem
3173 2068 3396 2114 vocatus
3435 2067 3547 2130 est,
3587 2076 3693 2133 qua

2112 2152 2362 2208 libertate
2393 2149 2643 2208 liberavit
2671 2165 2793 2206 eum
2821 2148 3092 2209 Christus.
3121 2150 3232 2208 lloc
3261 2153 3422 2224 igitur
3446 2158 3703 2227 mysterio

2115 2249 2438 2321 figurabatur
2466 2248 2701 2320 priorem
2730 2248 2983 2319 populum
3015 2250 3068 2306 in
3084 2250 3340 2308 servitute
3362 2263 3701 2321 peccatorum

2112 2353 2459 2413 generatum,
2509 2338 2749 2396 in‘domo
2790 2339 2960 2410 Sam,
2993 2340 3045 2397 id
3073 2352 3179 2409 est,
3230 2345 3283 2399 in
3313 2343 3550 2404 Ecclesia
3594 2361 3702 2405 non

2113 2450 2334 2491 manere
2365 2435 2417 2490 in
2457 2443 2741 2498 aeternum,
2789 2449 2964 2506 neque
2992 2448 3118 2492 esse
3148 2435 3418 2495 hzeredem
3460 2439 3545 2496 vel
3575 2455 3704 2498 coa-

2113 2541 2312 2586 sortem
2340 2529 2632 2585 cultoribus
2658 2528 2882 2597 Christi,
2918 2544 3020 2585 nec
3069 2545 3189 2588 cum
3241 2531 3350 2589 filio
3398 2533 3591 2605 nobili,
3647 2535 3702 2594 id

2113 2629 2221 2687 est,
2260 2620 2402 2678 fideli
2440 2621 2659 2693 populo,
2702 2636 2926 2694 regnum
2967 2621 3206 2681 catastis
3250 2626 3438 2698 gloriae
3481 2642 3701 2701 posses-

2115 2730 2324 2770 surum.

2187 2807 2240 2862 '5.
2272 2807 2404 2864 Cum
2445 2807 2608 2880 igitur
2647 2809 2872 2879 ejiceret
2907 2808 3180 2868 Abraham
3228 2813 3370 2883 Agar
3395 2813 3468 2871 de
3507 2815 3691 2887 domo,

2116 2898 2320 2970 accepit
2351 2915 2516 2971 panes
2561 2911 2616 2957 et
2654 2910 2828 2958 utrem
2859 2917 3033 2973 aquas,
3062 2911 3118 2961 et
3140 2902 3289 2961 dedit
3319 2904 3482 2976 Agar,
3525 2915 3580 2963 et
3606 2907 3700 2965 im-

2114 2994 2294 3066 posuit
2324 3009 2485 3064 super
2511 2993 2764 3052 humeros
2791 2995 2911 3067 ejus
2940 2995 3219 3061 infantem.
3260 3006 3316 3052 et
3334 2997 3536 3057 dimisit
3557 3014 3700 3059 eam.

2117 3086 2315 3142 Exiens
2340 3096 2517 3142 autem
2557 3089 2717 3158 Agar,
2761 3089 2977 3146 errabat
3027 3088 3080 3144 in
3119 3089 3431 3158 solitudine,
3479 3100 3537 3148 et
3577 3107 3702 3151 cum

425 3199 531 3240 non
563 3191 788 3237 terrente
816 3178 1197 3252 generationis,
1229 3193 1346 3248 Quae
1372 3175 1740 3244 evacuabitur,
1773 3178 1866 3233 sed
1892 3193 2011 3248 gra-
2040 3178 2089 3243 ο
2121 3178 2441 3233 morientem
2469 3176 2554 3232 siti
2586 3177 2746 3232 lilium
2791 3177 3110 3248 projecisset
3139 3179 3241 3236 sub
3278 3178 3506 3249 arbore,
3548 3196 3707 3254 appao

424 3277 512 3330 tite
559 3272 824 3337 caelestis,
870 3287 990 3341 qua:
1030 3270 1082 3325 in
1127 3278 1388 3325 aeternum
1437 3268 1705 3334 manebit,
1765 3268 2015 3338 cognatio

423 3363 851 3421 commendatur.
889 3361 1194 3418 Secundum
1219 3376 1378 3431 quam
1409 3361 1632 3429 gratiam
1663 3375 1832 3430 genus
1862 3373 2013 3416 mor-

425 3460 529 3530 tale
558 3473 661 3513 non
691 3457 923 3522 erimus,
956 3462 1173 3523 accepta
1206 3461 1492 3522 potestate,
1526 3459 1584 3506 ut
1615 3449 1708 3506 lilii
1739 3451 1831 3505 Dei
1857 3465 2015 3506 voce-

369 3593 372 3595 λ
425 3569 566 3618 mur,
611 3560 666 3607 et
707 3551 893 3606 simus.
948 3547 1130 3618 Neque
1161 3548 1306 3602 enim
1336 3545 1561 3616 gratiam
1604 3544 1744 3600 hanc
1783 3545 1850 3599 de
1877 3543 2017 3613 Syn-

423 3660 586 3716 agoga
619 3653 789 3701 matre
832 3641 1030 3698 Christi
1062 3640 1358 3698 secundum
1391 3654 1630 3723 carnem,
1665 3638 1760 3696 sed
1803 3639 1871 3697 de
1900 3640 2014 3697 Deo

425 3748 576 3809 patre
605 3735 962 3808 percepimus.

495 3828 549 3884 6.
597 3829 746 3885 lianc
794 3843 922 3885 vero
969 3827 1340 3898 cognationem
1390 3836 1664 3884 terrenam
1709 3844 1914 3886 vocans
1957 3827 2011 3885 in

425 3921 580 3977 aliam
611 3921 773 3976 vitam
797 3962 812 3986 ,
855 3918 946 3974 ubi
995 3933 1154 3975 nemo
1182 3919 1408 3974 moritur
1429 3959 1445 3984 ,
1491 3933 1689 3988 negare
1727 3935 1826 3976 nos
1856 3919 2014 3975 Chri-

426 4023 542 4070 stus
573 4011 772 4078 docuit,
806 4027 911 4066 non
939 4011 1113 4078 fateri,
1162 4025 1283 4065 cum
1323 4009 1602 4081 discipulis
1639 4010 1753 4065 ait:
1797 4009 1880 4067 Ne
1924 4027 2015 4067 vo-

371 4153 376 4162 .
431 4104 506 4159 bis
535 4103 714 4158 dicatis
739 4110 935 4174 patrem
964 4103 1019 4156 in
1048 4111 1204 4166 terra,
1235 4118 1365 4156 unus
1396 4111 1469 4156 est
1491 4103 1625 4158 enim
1663 4113 1804 4168 pater
1833 4114 2010 4172 vester,

428 4196 515 4265 qui
547 4195 599 4248 in
628 4193 765 4249 caelis
783 4201 858 4247 est
892 4192 1105 4262 (Matth.
1130 4207 1287 4261 XXIII,
1315 4193 1393 4264 9).
1433 4195 1584 4260 Quod
1611 4205 1788 4251 autem
1830 4195 2015 4252 Eccle-

427 4287 508 4345 sia
549 4287 702 4358 cujus
728 4302 860 4343 uxor
881 4287 951 4342 sit
979 4287 1273 4342 occultatur
1295 4288 1626 4360 alienigenis,
1655 4292 1806 4360 cujus
1836 4299 2012 4346 autem

431 4398 585 4440 soror
624 4397 732 4439 non
763 4389 987 4449 tacetur,
1023 4381 1135 4436 haec
1174 4382 1384 4438 interim
1409 4397 1568 4437 Causa
1595 4384 1746 4440 facile
1775 4400 1878 4439 non
1922 4399 2013 4440 oc-

432 4473 624 4542 currit,
659 4473 782 4544 quia
820 4471 1088 4528 occultum
1128 4481 1212 4527 est
1239 4480 1293 4527 et
1342 4470 1558 4528 diilicile
1596 4472 1663 4528 ad
1713 4475 2013 4545 intelligen-

2124 3269 2232 3326 ruit
2281 3268 2330 3325 ei
2382 3268 2602 3338 angelus
2653 3267 2908 3335 Domini,
2959 3280 3015 3326 et
3061 3270 3452 3328 demonstravit
3500 3273 3706 3335 fontem

2119 3374 2296 3430 aquze,
2342 3369 2398 3415 et
2437 3360 2638 3429 potavit
2668 3361 2832 3415 lilium
2863 3375 3040 3417 suum.
3087 3361 3230 3431 Quid
3272 3379 3402 3436 ergo
3441 3365 3707 3438 signiﬁcat

2118 3453 2259 3523 quod
2298 3453 2481 3508 exiens
2510 3455 2652 3524 Agar
2685 3453 2944 3510 infantem
2975 3455 3029 3511 in
3063 3457 3317 3514 humeros
3354 3474 3482 3517 suos
3522 3462 3703 3534 impo-

2119 3545 2266 3599 suit?
2310 3544 2412 3599 nisi
2441 3545 2579 3615 quod
2625 3555 2873 3615 peccator
2900 3548 3124 3617 populus
3152 3558 3207 3605 et
3245 3551 3499 3621 insipiens
3533 3555 3706 3612 cervi-

2117 3651 2234 3692 cem
2286 3637 2471 3690 matris
2519 3652 2630 3691 suze
2680 3637 2974 3709 Synagoga:
3018 3642 3292 3711 gravavit,
3350 3643 3478 3701 dum
3521 3644 3698 3704 dixit:

2117 3729 2346 3803 Sanguis
2367 3732 2477 3802 ejus
2504 3747 2656 3800 super
2701 3749 2792 3785 nos
2831 3741 2877 3787 et
2906 3749 3057 3803 super
3083 3733 3220 3802 filios
3242 3745 3440 3791 nostros
3480 3736 3696 3808 (Matth.

2117 3839 2292 3888 xxvii,
2322 3822 2457 3892 i5)?
2489 3822 2659 3878 Panes
2683 3832 2858 3879 autem
2889 3823 2992 3880 hoc
3021 3825 3348 3895 indicabant,
3373 3830 3515 3900 quod
3547 3840 3702 3889 vetus

2117 3917 2480 3973 sacerdotium
2512 3932 2678 3986 panes
2702 3918 3108 3988 propositionis,
3138 3920 3275 3977 sicut
3304 3922 3567 3994 scriptum
3593 3933 3705 3995 est,

2118 4017 2361 4081 portaret
2384 4024 2587 4076 secum,
2619 4019 2677 4065 et
2702 4019 3119 4068 veterascerent.

2189 4102 2244 4160 4.
2291 4103 2420 4159 Uter
2449 4119 2576 4158 vero
2614 4119 2785 4174 aquae,
2837 4103 2927 4174 qui
2957 4105 3158 4174 deficit,
3185 4106 3404 4166 Iudaica
3444 4111 3664 4180 purilica
3691 4142 3703 4154 -

2116 4197 2192 4254 tio
2241 4196 2638 4267 significabatur
2691 4196 3002 4264 defectura;
3053 4197 3167 4254 sive
3217 4198 3461 4257 doctrina
3511 4217 3702 4262 eorum

2116 4290 2351 4346 carnalis
2381 4289 2432 4344 in
2474 4289 2610 4359 pelle
2641 4298 2850 4345 mortua
2877 4291 3081 4358 clausa,
3111 4289 3164 4345 id
3185 4301 3288 4358 est,
3327 4294 3382 4348 in
3412 4307 3576 4352 carne
3609 4309 3706 4353 ve-

2119 4381 2248 4437 teris
2309 4381 2542 4437 hominis
2597 4380 3053 4452 prrevaricationis
3107 4384 3372 4440 seintentia
3427 4383 3722 4456 damnata,.

2117 4473 2283 4545 310
2309 4488 2430 4544 qua:
2454 4490 2554 4529 nec
2585 4473 2918 4545 refrigerium
2945 4484 3186 4545 praestat.
3216 4491 3316 4533 nec
3345 4478 3504 4534 satiat
3529 4478 3702 4551 sitim,

440 4567 588 4634 dum,
617 4565 884 4635 quomodo
910 4564 1086 4621 anima
1125 4565 1356 4620 humana
1382 4565 1547 4620 verbo
1580 4565 1672 4621 Dei
1709 4567 2008 4638 copuletur,
2040 4575 2094 4637 ι)
2119 4569 2213 4626 sed
2243 4580 2375 4625 testu
2402 4569 2584 4640 tepido
2625 4569 2884 4626 vomitum
2915 4570 3063 4626 facit.
3091 4570 3242 4638 Quod
3275 4586 3403 4628 vero
3429 4573 3484 4629 in
3515 4574 3708 4632 solitu-

440 4657 552 4714 sive
589 4659 894 4722 misceatur,
924 4656 1036 4712 sive
1064 4656 1191 4727 quid
1230 4655 1423 4712 melius
1461 4666 1517 4712 et
1555 4658 1729 4727 aptius
1766 4659 1868 4716 dici
1921 4676 2014 4729 p0-

434 4759 558 4815 test,
598 4765 717 4807 cum
749 4752 820 4807 sit
864 4750 994 4807 illud
1027 4750 1170 4806 Deus
1192 4789 1208 4817 ,
1261 4749 1360 4805 ista
1387 4758 1673 4817 creatura;
1721 4754 2011 4809 secundum

439 4846 542 4900 hoc
571 4844 711 4898 enim
737 4857 965 4912 sponsus
986 4853 1039 4898 et
1075 4857 1295 4913 sponsa,
1346 4843 1429 4899 vel
1461 4843 1540 4898 vir
1566 4853 1620 4899 et
1641 4860 1807 4913 uxor,
1853 4843 2013 4901 Chri-

433 4945 550 4994 stus
586 4945 640 4992 et
669 4935 904 4991 Ecclesia
933 4935 1198 4991 dicuntur.

502 5034 558 5087 7.
590 5030 702 5098 Qua
752 5039 882 5084 vero
925 5029 1240 5099 cognatione
1276 5027 1384 5085 sint
1423 5026 1614 5085 fratres
1666 5029 1910 5086 Chrisms
1960 5039 2016 5088 et

434 5138 620 5179 omnes
662 5119 867 5188 sancti,
914 5122 1080 5189 gratia
1125 5119 1343 5187 divina,
1394 5135 1502 5178 non
1552 5123 2017 5191 consanguinitate

435 5221 662 5280 terrena,
698 5215 800 5271 hoc
824 5221 930 5281 est,
958 5213 1026 5269 de
1050 5224 1224 5287 patre,
1277 5229 1385 5271 non
1415 5215 1484 5272 de
1516 5224 1705 5282 matre,
1749 5224 1804 5272 et
1829 5217 2016 5275 ell'abi-

505 5327 559 5382 5.
601 5327 857 5397 Vulgata:
905 5327 948 5382 0
976 5325 1320 5397 pulcherrima
1345 5328 1478 5382 inter
1501 5328 1756 5383 mulieres.
1793 5329 1963 5384 Λιιεν.

506 5399 560 5453 Δ.
596 5395 913 5468 Correpmm.
946 5395 1054 5462 ΑΙ..
1083 5395 1393 5454 Carrectam.
1424 5397 1618 5455 GRIAL.

509 5471 562 5528 5.
596 5467 720 5521 Cum
750 5467 950 5536 autem,
998 5484 1164 5538 usque
1189 5470 1256 5525 ad
1286 5471 1375 5541 qui
1402 5471 1456 5524 in
1484 5472 1622 5526 culis
1663 5480 1757 5540 est,
1797 5486 1828 5529 e
1853 5487 1902 5529 c.
1927 5472 2017 5530 39.

439 5542 750 5734 ῗὲἒζριιοά
771 5605 940 5665 autern
971 5608 1222 5679 Ecclesia,
1255 5611 1517 5683 usquead
1549 5613 1758 5668 illorum
1787 5624 1884 5681 est,
1914 5629 1946 5671 e
1965 5629 2015 5671 c.

513 5722 527 5734 .
605 5698 748 5734 nun.

476 5683 945 5831 Olbedbwjulgata:
977 5751 1045 5809 Et
1072 5764 1270 5825 patrem
1310 5755 1467 5813 nolite
1490 5755 1824 5814 vocareeabis
1861 5773 2015 5831 super

441 5833 648 5884 terrain.
682 5826 859 5884 'Ausv.

2119 4661 2244 4719 dine
2270 4672 2417 4720 errat
2455 4664 2594 4735 Agar
2620 4678 2741 4720 cum
2771 4664 2880 4720 tilio
2907 4679 3028 4732 suo,
3078 4664 3342 4736 signiﬁcat
3367 4665 3707 4739 Synagogam

2118 4771 2241 4811 cum
2273 4757 2472 4828 popqu
2501 4773 2600 4812 suo
2630 4757 2910 4826 expulsam
2939 4756 3007 4813 de
3047 4766 3187 4814 terra
3217 4772 3337 4826 sua,
3379 4759 3498 4816 sine
3525 4773 3708 4818 sacer-

2118 4849 2266 4906 dotio
2313 4860 2366 4905 et
2407 4849 2672 4906 sacrificio
2703 4850 2757 4906 in
2781 4860 2891 4906 toto
2917 4851 3048 4908 orbe
3075 4867 3274 4919 errare,
3305 4859 3360 4908 et
3389 4852 3554 4922 viam,
3585 4867 3707 4926 quas

2118 4950 2203 4998 est
2241 4942 2505 5009 Christus,
2534 4943 2746 5013 penitus
2773 4943 3041 5010 ignorare.
3079 4942 3231 5011 Quod
3263 4942 3404 4998 illius
3442 4942 3585 4999 illius
3614 4942 3706 5002 siti

2121 5034 2352 5104 deperit,
2400 5034 2632 5090 ostendit
2662 5034 2922 5104 populum,
2953 5033 3153 5090 nullam
3208 5034 3490 5090 habentem
3535 5034 3705 5104 spiri-

2123 5129 2320 5186 tualem
2362 5126 2810 5199 purilicationem.

2195 5219 2249 5276 5.
2279 5219 2432 5288 Quod
2473 5235 2598 5277 vero
2645 5221 2811 5276 lilium
2851 5219 3172 5276 morientem
3215 5219 3301 5278 siti
3353 5217 3457 5275 sub
3503 5218 3705 5280 arbore

2193 5337 2248 5410 ἶ.
2277 5334 2724 5410 εαραεὶιιεᾎιὶιικ.
2755 5345 2809 5410 et
2831 5335 2960 5410 Ded.
2988 5352 3003 5403 ;
3036 5333 3608 5410 al_.,Cautius_._Gats_t..
3701 5395 3708 5410 ι

2194 5408 2323 5463 Car.
2354 5405 2492 5463 ἰνιι.
2539 5407 2603 5463 Ν.
2660 5408 2712 5464 1.
2756 5405 3015 5477 Vulgata:
3060 5406 3210 5482 Ejice
3254 5406 3499 5462 ancillam
3545 5405 3702 5464 hanc.

2125 5478 2447 5606 Alfivilerba
2486 5549 2704 5605 Joannis
2735 5550 2848 5606 haec
2875 5561 2998 5604 sunt
3039 5567 3051 5604 :
3105 5549 3168 5608 Si
3204 5550 3320 5621 quis
3368 5548 3505 5621 silit,
3538 5546 3704 5621 veniat

2121 5621 2189 5675 ad
2238 5639 2335 5688 ine,
2385 5630 2432 5676 et
2477 5621 2634 5675 bibat.
2669 5621 2771 5689 Qui
2799 5622 2959 5675 credit
2987 5623 3040 5677 in
3063 5638 3174 5684 me,
3218 5619 3363 5675 sicut
3404 5620 3535 5674 dicit
3559 5619 3704 5674 Scri-

2120 5703 2309 5820 Rtura,
2356 5693 2574 5763 [lumina
2625 5692 2689 5747 de
2742 5703 2910 5750 ventre
2966 5699 3076 5768 ejus
3132 5695 3295 5765 fluent
3346 5707 3492 5763 aqua
3553 5690 3698 5750 vim.

2169 5779 2292 5820 nev.
