4100 6344
331 327 439 390 εις)

1163 315 1623 388 ΟΠΛΕΞΤΙΟΝΕΒ
1663 315 1732 374 IN
1772 315 1927 374 \‘ET.
1967 315 2263 375 'I‘InS'I'Aki.
2288 348 2357 361 --
2385 320 2452 375 IN
2489 318 2808 379 GENESIN.

3495 325 3604 387 250

325 440 574 519 pmjecit,
606 445 662 497 et
690 437 788 506 sic,
832 435 1241 494 demonstrante
1282 436 1473 507 angelo
1499 482 1514 504 ,
1566 437 1760 505 aspicit
1803 434 1914 493 lon-
1945 440 1993 500 Α
2021 436 2289 507 suscepit?
2328 453 2431 493 non
2459 438 2601 495 enim
2625 437 2858 494 senescit
2894 436 3056 507 Deus,
3096 438 3192 496 sed
3217 438 3336 512 ipsa
3360 453 3604 515 pranun.

329 546 463 603 tem,
493 530 832 606 signiﬁcabat
859 529 1121 602 quosdam
1147 541 1216 585 ex
1255 544 1321 584 eo
1349 529 1546 599 pupqu
1575 527 1640 583 ad
1671 527 1918 584 umbram

325 627 454 700 ligni
480 625 660 684 crucis
687 622 952 695 reIugium
984 621 1270 691 petituros.
1301 620 1453 691 Quod
1482 620 1760 678 exclamat
1783 635 1919 691 puer

325 723 564 796 plorans,
597 728 650 776 et
679 717 949 775 exaudivit
967 732 1091 772 eum
1111 717 1272 783 Deus,
1295 725 1349 771 et
1370 716 1467 782 sic,
1503 716 1915 773 demonstrante

324 813 539 888 angelo,
595 811 787 884 aspicit
817 809 1045 876 fontem,
1098 808 1202 865 hoc
1233 824 1328 878 pro
1364 809 1470 864 illis
1492 808 1665 877 dicit,
1717 809 1811 880 qui
1849 825 1914 864 ex

323 906 526 967 Judmis
563 905 629 960 ad
654 903 931 962 Christum
959 911 1376 967 convertuntur,
1425 915 1489 956 ac
1533 901 1728 955 ﬁentes
1767 910 1918 956 retro

324 1010 477 1059 actos
506 1006 746 1062 errores,
779 994 1173 1064 exaudiuntur,
1211 993 1572 1064 reseratisque
1598 992 1770 1048 oculis
1796 1007 1918 1049 cor-

325 1094 431 1161 (lis,
487 1091 670 1148 vident
716 1089 917 1146 fontem
965 1101 1118 1158 aqum
1175 1087 1330 1152 vivae,
1383 1086 1436 1142 id
1488 1095 1592 1153 est,
1641 1085 1914 1143 Christum

325 1177 517 1248 Filium
551 1187 665 1252 Dei,
697 1185 787 1256 qui
827 1184 994 1239 dicit:
1029 1180 1142 1254 Ego
1172 1199 1282 1237 sunt
1312 1185 1427 1253 fons
1454 1197 1603 1254 aqua
1628 1185 1789 1247 vivat;
1827 1181 1917 1254 qui

321 1286 431 1343 sitit
457 1283 643 1350 reniat,
687 1292 734 1337 et
784 1281 916 1337 bibat
949 1280 1129 1348 (Joan.
1163 1293 1258 1346 vn,
1307 1277 1424 1350 37).
1459 1277 1612 1335 Unde
1638 1287 1697 1336 et
1721 1275 1914 1336 Ismael

321 1376 585 1434 exauditio
615 1376 1020 1447 interpretatur.

397 1473 449 1525 6.
481 1469 721 1541 Angelus
764 1477 942 1524 autem
991 1467 1093 1524 iste
1134 1464 1439 1523 similitudo
1487 1472 1572 1520 est
1613 1462 1768 1529 Elite,
1819 1478 1916 1536 per

317 1578 478 1636 quem
501 1562 731 1634 populus
756 1561 859 1619 iste
885 1559 1192 1618 crediturus
1207 1567 1289 1616 est
1314 1560 1452 1616 sicut
1479 1573 1574 1630 per
1590 1557 1909 1614 Malachiam

319 1657 564 1716 dicitur:
609 1654 744 1713 Ecce
787 1672 882 1728 ego
923 1655 1067 1709 mitte
1109 1654 1249 1710 vobis
1287 1651 1486 1718 Eliam,
1533 1654 1620 1724 qui
1654 1657 1915 1706 convertat

315 1753 480 1808 corda
524 1761 727 1820 patrum
771 1749 826 1804 in
867 1749 1026 1818 ﬁlios.
1072 1747 1271 1803 Verum
1301 1747 1442 1818 quod
1485 1747 1665 1802 statim
1703 1745 1913 1802 vocavit

2026 529 2174 584 tiatiu
2205 529 2273 586 de
2307 529 2520 587 Christo
2537 532 2648 604 jam
2668 532 3065 606 quodaminodo
3088 545 3357 609 senuerat,
3391 542 3606 612 quando

2023 634 2177 679 natus
2207 634 2291 680 est
2316 625 2584 687 Christus.

2093 715 2146 771 ι.
2191 717 2437 775 IncItoata
2486 731 2568 777 est
2612 722 2755 780 enim
2796 723 2867 780 ab
2893 723 3083 794 Adam,
3124 725 3216 783 ubi
3247 727 3446 785 dictum
3475 738 3604 789 est:

2022 811 2188 868 Erunt
2209 815 2309 870 duo
2350 817 2403 869 in
2425 833 2577 872 carne
2609 835 2731 873 una.
2765 819 3168 877 Sacramentutn
3198 822 3327 879 illud
3355 839 3603 896 magnum

2021 905 2074 961 in
2102 905 2318 965 Christo
2356 911 2490 967 etin
2541 911 2803 976 Ecclesia,
2851 922 2908 969 et
2945 915 3271 984 completum
3320 926 3406 974 est
3448 926 3606 975 sexta

2019 1006 2177 1054 mtate
2207 1001 2416 1066 saeculi,
2462 1015 2583 1073 qua:
2628 1013 2847 1060 senecta
2886 1006 3298 1076 signiﬁcabatur
3336 1008 3604 1080 Abrahae,

2017 1089 2139 1161 quia
2168 1090 2338 1161 ipsum
2366 1104 2756 1152 sacramentum
2786 1097 2875 1153 Dei
2895 1097 3005 1168 jam
3036 1100 3333 1171 longaevum
3379 1115 3514 1160 erat.
3539 1102 3607 1160 Et

2018 1194 2266 1241 senectus
2291 1186 2439 1244 Sara:
2478 1186 2531 1241 in
2573 1188 2727 1256 pleb‘e
2777 1191 2890 1260 Dei,
2923 1192 3021 1247 huc
3049 1203 3151 1257 est,
3183 1193 3233 1249 in
3271 1195 3606 1254 multitudine

2017 1279 2423 1349 prophetarum,
2448 1281 2611 1354 312
2660 1281 2762 1338 hoc
2790 1284 2928 1340 idem
2960 1287 3242 1357 signiﬁcat,
3267 1290 3389 1360 quia
3416 1291 3468 1346 in
3500 1291 3606 1348 lino

2016 1383 2320 1446 temporum
2348 1374 2414 1431 ex
2445 1375 2559 1447 ipsa
2586 1375 2742 1448 plebe
2770 1389 3074 1436 sanctarum
3115 1382 3414 1438 animarum
3445 1394 3600 1441 natus

2015 1473 2098 1522 est
2124 1463 2390 1524 Christus.

2087 1556 2141 1612 5.
2180 1557 2445 1616 Sterilitas
2465 1570 2641 1616 autem
2663 1559 2778 1632 ejus
2807 1561 3016 1617 intimat
3045 1563 3182 1635 quod
3208 1566 3257 1618 in
3290 1565 3389 1621 hoc
3410 1566 3606 1622 smculo

2015 1665 2112 1723 spe
2162 1653 2299 1708 salvi
2351 1652 2477 1711 lacti
2535 1671 2740 1723 sutnus,
2800 1667 2852 1712 et
2903 1656 2955 1713 in
3001 1655 3214 1713 Christo
3260 1669 3508 1730 tanquam
3552 1659 3606 1717 in

2024 1747 2171 1802 Isaac
2204 1762 2391 1803 omnes
2418 1748 2527 1804 nati
2569 1763 2775 1804 sumus.
2806 1749 2974 1816 Quem
3022 1760 3231 1819 partum
3275 1751 3509 1807 Ecclesia
3553 1751 3607 1807 itt

314 1846 541 1919 angelus
571 1844 783 1902 Domini
807 1843 972 1914 Agar,
1006 1842 1195 1899 dicens
1229 1859 1243 1896 :
1278 1840 1465 1913 Surge,
1511 1841 1636 1896 tolle
1663 1856 1906 1911 puerum,
1940 1831 1988 1892 B
2017 1838 2121 1894 ﬁne
2151 1848 2450 1910 temporum
2482 1841 2708 1897 mirabili
2753 1842 2848 1898 Dei
2892 1843 3078 1912 gratia,
3112 1858 3217 1899 non
3249 1843 3475 1899 naturali
3519 1842 3603 1900 Ie-

311 1944 439 2015 quia
467 1943 520 1997 in
549 1950 749 2013 gentem
791 1954 1032 2012 magnam
1081 1939 1269 2010 faciam
1312 1953 1449 2002 eum,
1498 1935 1599 1992 hoc
1637 1935 1910 2006 signiﬁca-

313 2033 428 2100 bat,
485 2037 602 2090 sive
640 2031 781 2102 quod
820 2031 1069 2102 copiosus
1117 2029 1424 2087 Iudaeorum
1475 2031 1703 2101 populus
1756 2038 1909 2085 esset

315 2136 639 2198 regnaturus
669 2122 723 2181 in
751 2125 1029 2192 saeculum,
1059 2123 1170 2181 sive
1200 2124 1322 2192 quia
1352 2123 1589 2180 cmlcstis
1617 2122 1767 2194 regni
1797 2121 1910 2192 glo-

317 2220 454 2276 riam
493 2218 835 2275 consecuturi
867 2224 1070 2284 essent,
1121 2214 1214 2288 qui
1241 2230 1306 2273 ex
1333 2217 1412 2272 eis
1444 2214 1804 2272 credidissent
1854 2217 1908 2271 in

311 2311 614 2368 Christum.

387 2407 441 2460 7.
471 2405 626 2474 Quod
654 2414 832 2462 autem
863 2405 1110 2462 eumdem
1144 2404 1412 2476 angelum,
1461 2407 1550 2476 qui
1583 2407 1814 2478 loquitur
1841 2408 1905 2464 ad

317 2501 483 2568 Agar,
535 2498 687 2568 prius
711 2499 958 2567 angelum
1009 2495 1283 2570 Scriptura
1318 2500 1662 2569 praenuntiat,
1712 2499 1907 2556 deinde

317 2589 730 2656 Dentn,Filium
763 2589 857 2647 Dei
887 2605 1010 2647 eum
1062 2591 1228 2646 fuisse
1278 2591 1608 2648 credemlum
1661 2602 1768 2659 est,
1816 2594 1907 2664 qni

315 2699 416 2755 per
435 2683 609 2755 legem
643 2694 698 2739 et
731 2685 1021 2756 prophetas
1046 2698 1262 2756 semper
1285 2685 1494 2740 locutus
1519 2695 1624 2740 est.
1657 2687 1756 2754 Qui
1787 2702 1907 2756 pro-

315 2784 437 2848 pter
463 2774 827 2832 obedientiam
861 2785 1098 2846 paterna:
1151 2777 1438 2832 voluntatis
1479 2780 1701 2847 angelus
1749 2795 1909 2834 voca-

317 2877 443 2934 tur;
488 2867 633 2924 Deus
663 2881 856 2942 autem
901 2869 1198 2925 secundum
1250 2879 1494 2926 naturam
1545 2870 1740 2941 Patris,
1781 2875 1904 2944 quia

315 2975 442 3044 vere
468 2971 524 3019 et
549 2961 669 3034 ipse
689 2961 854 3031 Deus,
886 2961 1025 3018 sicut
1052 2971 1108 3017 et
1139 2963 1337 3018 Pater.-

809 3053 910 3125 εἰ
925 3057 969 3126 ι
1009 3052 1238 3109 CAPUT
1281 3053 1464 3109 XVIII.

495 3147 575 3203 De
602 3164 683 3214 ea,
715 3146 850 3216 quod
875 3144 1057 3201 obtulit
1082 3145 1342 3200 Abraham
1367 3148 1530 3214 ﬁlium
1557 3164 1725 3203 suum.

2013 1935 2308 2000 cunditate,
2341 1936 2666 2007 procreavit.
2699 1935 2814 1992 Jam
2857 1937 3051 1993 deinde
3078 1937 3348 2010 sequentis
3373 1938 3608 1994 historia

2013 2035 2408 2083 sacramentum
2462 2030 2589 2099 quid
2631 2029 2944 2101 imaginarie
2995 2031 3383 2101 portendebat,
3437 2031 3608 2103 inspi-

2012 2119 2260 2175 ciendum
2307 2130 2411 2177 est.
2449 2123 2581 2190 Quis
2612 2138 2738 2193 ergo
2766 2123 2818 2178 in
2851 2124 3125 2179 Abraham
3151 2165 3166 2190 ,
3207 2134 3262 2178 ut
3289 2123 3600 2196 praedictum

2013 2223 2115 2279 est,
2150 2229 2244 2284 per
2275 2214 2419 2270 illam
2464 2216 2884 2271 hnmolationcm
2920 2218 3247 2286 ligurahatur
3269 2258 3284 2284 ,
3319 2218 3418 2272 nisi
3447 2216 3605 2274 Pater

2014 2311 2297 2365 excelsus?
2324 2313 2453 2378 Quis
2481 2311 2530 2364 in
2562 2309 2732 2379 Isaae,
2766 2311 2866 2366 nisi
2897 2310 3180 2366 Christus?

2088 2405 2142 2459 6.
2185 2405 2315 2460 Nam
2341 2408 2476 2461 sicut
2508 2406 2780 2461 Abraham
2824 2406 3037 2461 unicum
3091 2405 3252 2460 lilium
3281 2417 3333 2461 et
3358 2405 3607 2464 dilectum

2013 2498 2123 2553 Deo
2151 2499 2427 2553 victimant
2460 2500 2670 2565 obtulit,
2697 2500 2770 2554 ita
2821 2499 2960 2554 Deus
2994 2499 3151 2554 Pater
3192 2499 3406 2553 unicum
3444 2499 3606 2556 lilium

2010 2605 2162 2643 suum
2216 2606 2311 2659 pro
2371 2591 2524 2646 nobis
2569 2593 2816 2647 omnibus
2863 2593 3098 2646 tradidit.
3157 2591 3223 2647 Et
3272 2591 3410 2647 sicut
3460 2591 3608 2647 Isaac

2012 2685 2121 2752 ipse
2149 2684 2248 2737 sihi
2281 2684 2415 2752 ligna
2461 2687 2710 2755 portavit,
2741 2683 2933 2752 quibus
2973 2694 3088 2738 erat
3117 2683 3490 2754 imponendns,
3536 2684 3606 2741 ita

2009 2785 2061 2828 et
2088 2773 2335 2829 Christus
2384 2777 2612 2847 gestavit
2658 2777 2708 2829 in
2763 2777 3001 2830 humeris
3050 2777 3247 2846 lignum
3297 2777 3495 2842 crucis,
3545 2777 3598 2830 in

2009 2882 2112 2936 quo
2150 2877 2263 2921 erat
2289 2867 2704 2938 cruciﬁgendus.
2741 2868 2852 2923 Du.»
2893 2879 3069 2922 autem
3100 2869 3240 2922 servi
3268 2867 3341 2922 illi
3375 2867 3605 2935 dimissi,

2009 2967 2063 3012 et
2095 2973 2201 3013 non
2251 2961 2489 3030 perducti
2539 2960 2602 3013 ad
2637 2960 2812 3015 locutu
2840 2960 3110 3028 sacriﬁcii,
3155 2959 3367 3015 .ItltIiIBUS
3414 2961 3607 3029 liguru-

2011 3051 2159 3118 bant,
2184 3054 2274 3123 qui
2305 3067 2427 3108 cum
2467 3054 2739 3118 serviliter
2765 3053 3026 3118 viverent,
3059 3061 3113 3107 et
3141 3053 3428 3107 carnaliter
3446 3067 3605 3121 sape-

2013 3157 2171 3213 rent,
2220 3163 2325 3201 non
2358 3147 2725 3216 intelligebant
2754 3145 3107 3201 humilitatem
3130 3146 3348 3212 Christi,
3378 3163 3482 3202 non
3526 3147 3607 3202 in-

385 3238 441 3296 ι.
481 3238 711 3297 labetur
738 3237 932 3294 deinde
970 3237 1242 3294 Abraham
1294 3239 1573 3296 immolare
1600 3242 1815 3298 unicum
1846 3243 1906 3298 ﬁ-
1935 3223 1982 3288 (ἶ
2014 3238 2326 3310 telligcbant
2360 3239 2657 3308 passionem
2688 3238 2906 3307 Christi,
2956 3238 3075 3295 ideo
3106 3256 3212 3295 non
3242 3248 3607 3310 pervenerunt

314 3332 446 3391 lium
471 3347 651 3387 suum.
676 3330 772 3387 Ille
796 3340 977 3387 autem
995 3332 1374 3402 obtemperans
1389 3331 1500 3388 Deo
1523 3334 1682 3390 solvit
1700 3346 1901 3404 votum,

313 3425 504 3483 stravit
528 3424 766 3494 asinum,
790 3424 1048 3494 imposuit
1075 3423 1240 3494 ligna,
1275 3439 1463 3481 servos
1493 3427 1649 3497 longe
1676 3429 1902 3497 dimisit,

314 3519 456 3574 solus
499 3531 627 3574 cum
654 3515 765 3573 ﬁlio
794 3516 1062 3584 ascendit,
1112 3515 1292 3574 triduo
1321 3517 1387 3574 ad
1418 3518 1594 3576 locum
1635 3523 1902 3593 pervenit.

314 3615 619 3686 Antequam
651 3611 865 3668 veniret
892 3613 1034 3667 ﬁlius
1063 3612 1132 3669 ad
1160 3613 1338 3670 locum
1365 3614 1636 3684 sacrilicii,
1662 3615 1778 3689 ipse
1803 3617 1904 3674 sibi

317 3706 675 3764 immolandos
699 3705 840 3777 ligna
868 3707 1118 3775 portavit.

334 3837 343 3848 .
381 3799 436 3856 2.
478 3799 686 3855 Deinde
711 3800 980 3855 Abraham
1024 3798 1202 3869 gladio
1244 3807 1509 3866 armatur,
1538 3810 1594 3857 et
1626 3816 1748 3858 cum
1790 3804 1901 3873 jam

313 3903 447 3963 pene
496 3888 1046 3956 leriret,adtnonetur
1076 3901 1133 3946 ut
1178 3900 1449 3961 parceret;
1477 3899 1531 3950 et
1582 3908 1691 3950 non
1721 3904 1902 3953 tamen

311 3984 426 4040 sine
445 3983 733 4052 sacriﬁcio,
749 3983 866 4039 sine
876 3983 1132 4054 sanguine
1145 3983 1262 4040 fuso
1275 3985 1498 4041 recedit.
1513 3988 1746 4058 Apparet
1760 4005 1906 4044 nam-

312 4093 413 4150 que
455 4078 599 4135 aries
645 4079 698 4134 in
727 4092 894 4149 vepre
933 4077 1203 4135 inhaerens
1241 4078 1520 4147 cornibus,
1571 4080 1898 4150 immolatur,

313 4173 692 4244 peragiturque
732 4170 1078 4228 sacriﬁcium.
1112 4171 1338 4230 Peracto
1377 4174 1668 4240 sacriﬁcio,
1707 4174 1904 4232 dicitur

311 4265 374 4322 ad
416 4265 729 4322 Abraham:
760 4261 1065 4320 Benedicam
1116 4265 1226 4332 tibi,
1285 4275 1332 4321 et
1361 4266 1710 4333 multiplicabo
1733 4284 1902 4324 semen

313 4365 477 4422 tuum,
509 4355 644 4410 sicut
684 4354 859 4410 stellas
887 4356 1032 4423 ccli,
1071 4364 1123 4411 et
1143 4354 1275 4410 velut
1297 4371 1503 4411 arenam
1525 4357 1700 4412 maris.
1727 4357 1904 4413 Possi-

311 4449 445 4506 debit
463 4465 636 4504 semen
663 4457 804 4504 tuum
835 4458 1009 4518 portas
1029 4449 1350 4504 inimicorum
1369 4466 1606 4516 suorum,
1631 4460 1676 4506 et
1699 4451 1902 4507 benedi-

311 4553 486 4599 centur
510 4545 566 4598 in
590 4544 783 4599 semine
821 4553 910 4600 tuo
944 4558 1118 4599 omnes
1137 4552 1305 4617 gentes
1330 4551 1499 4612 terrm,
1539 4545 1660 4615 quia
1688 4545 1902 4603 obedisti

313 4638 419 4694 soci
435 4652 585 4693 mete.

382 4731 438 4787 5.
476 4733 596 4803 Age
621 4747 786 4802 nunc,
815 4732 1092 4789 videamus
1118 4731 1246 4803 quid
1275 4733 1377 4788 sub
1419 4732 1579 4805 hujus
1600 4749 1906 4792 sacramen-

311 4826 353 4882 ti
382 4825 550 4882 laleat
573 4825 853 4897 mysterio.
884 4824 990 4882 Iste
1019 4825 1168 4882 enim
1198 4825 1496 4893 Abraham,
1537 4826 1750 4898 quando
1783 4829 1905 4884 uni-

315 4935 435 4978 cum
461 4919 633 4977 ﬁlium
672 4934 828 4976 suum
849 4918 1104 4991 perduxit
1123 4919 1189 4975 ad
1233 4920 1643 4990 immolandum,
1677 4919 1910 4976 habebat

313 5023 598 5082 personam
632 5011 728 5068 Dei
757 5010 949 5068 Patris.
983 5010 1091 5069 Sed
1134 5010 1261 5084 quid
1291 5017 1396 5080 est,
1425 5009 1568 5084 quod
1589 5026 1713 5069 eum
1741 5028 1907 5071 senex

383 5151 438 5276 ’ἓ
467 5149 664 5276 [gilium
686 5149 805 5207 Dei.
830 5150 1006 5231 .Idem
1046 5149 1140 5209 lib.
1172 5164 1191 5208 ι
1217 5149 1474 5224 adversus
1505 5148 1745 5217 Judaos,
1778 5164 1828 5207 c.
1861 5152 1889 5210 1

435 5261 452 5276 .
589 5239 679 5276 ΑΙ..

313 5233 366 5281 et
393 5225 452 5281 3.
480 5221 679 5278 GBIAL.
830 5221 840 5231 ’

381 5296 512 5352 Car.
555 5308 704 5349 xvttt.
753 5293 820 5349 N.
869 5295 920 5350 I.
967 5293 1134 5366 Ligna
1163 5293 1568 5366 portavit._Quie
1616 5301 1736 5366 post
1784 5293 1900 5351 hate

313 5367 565 5441 leguntur
582 5369 634 5441 in
660 5366 939 5441 Impressis
963 5384 976 5420 :
1006 5364 1134 5433 Quis
1155 5367 1362 5441 aliusjn
1391 5364 1565 5441 Isaac,
1589 5365 1677 5441 qui
1698 5365 1898 5441 lignum

313 5381 634 5453 legunturtn
660 5381 941 5450 Impressts
963 5384 976 5420 :
1006 5381 1134 5433 uuis
1155 5381 1290 5448 atrus
1310 5383 1362 5420 tn
1390 5381 1565 5449 tsaac,
1581 5381 1675 5489 jar
1698 5381 1899 5450 agnum

311 5441 405 5496 sibi
429 5438 668 5513 portabat
704 5437 779 5513 ad
825 5450 1102 5513 uictimam,
1153 5453 1251 5492 ntst
1278 5437 1535 5513 Christum
1622 5452 1898 5513 esunt,qut

311 5507 510 5567 erucem
527 5510 623 5564 sibi
644 5511 712 5563 ad
741 5509 1028 5578 passionem
1052 5511 1158 5580 ipse
1188 5507 1447 5577 portavit?
1471 5515 1526 5563 et
1555 5507 1712 5580 paulo
1744 5517 1895 5580 post:

313 5582 441 5650 Quis
467 5582 604 5637 alius
634 5581 766 5635 aries
796 5578 1143 5635 immolandas
1181 5581 1236 5635 in
1265 5595 1411 5650 repre
1437 5579 1681 5650 cornibus
1719 5578 1897 5633 adita:-

312 5649 489 5710 rebat?
519 5653 618 5707 nisi
645 5651 736 5724 qui
782 5653 947 5707 crucis
995 5651 1223 5724 patibula
1275 5668 1368 5721 pro
1417 5649 1896 5724 nobisoﬂ'erendus

308 5721 667 5798 ominatur!”
688 5731 814 5780 sunt
839 5721 1053 5798 quidem
1098 5723 1260 5778 verba
1289 5721 1588 5798 _Augusti_ni
1635 5737 1732 5786 stt,
1767 5737 1898 5798 con-

311 5739 659 5798 Urgentur!
688 5739 814 5780 SIIIII.
839 5739 1053 5847 (EIIGCIII
1098 5739 1260 5778 verna
1310 5739 1588 5792 nugusunt
1635 5739 1732 5786 ιιι,
1767 5739 1898 5776 (ἶοη-

311 5807 385 5854 tra
421 5795 838 5864 Faustum,cap.
896 5793 1055 5860 5,sed
1087 5804 1232 5851 recte
1254 5792 1450 5850 absunt
1475 5807 1504 5847 a
1526 5791 1900 5864 Manuscriptis

308 5869 546 5930 melioris
560 5877 724 5936 noue.
747 5863 929 5937 neque
940 5866 1081 5926 enim
1097 5865 1392 5936 sunthujus
1408 5865 1539 5933 loci;
1573 5871 1629 5923 et
1663 5863 1899 5924 Isidorus

2011 3331 2078 3386 ad
2109 3332 2283 3388 locum
2314 3333 2588 3387 sacriﬁcii.

2078 3423 2133 3478 7.
2173 3422 2281 3480 Cur
2309 3435 2486 3479 autem
2517 3423 2624 3478 duo
2656 3423 2819 3490 servi,
2851 3425 2953 3480 nisi
2981 3426 3107 3497 quia
3145 3424 3375 3496 populus
3407 3424 3520 3496 ipse
3549 3425 3604 3481 in

2007 3519 2141 3576 duas
2179 3531 2358 3592 partes
2383 3519 2700 3576 dividendus
2741 3522 2891 3576 erat?
2922 3520 3062 3591 quod
3092 3519 3290 3576 factum
3313 3529 3418 3586 est,
3441 3520 3604 3577 Salo-

2007 3627 2166 3668 mone
2210 3625 2486 3683 peccante,
2547 3614 2763 3685 quando
2810 3613 3012 3668 divisus
3054 3622 3136 3668 est
3185 3612 3325 3668 idem
3377 3614 3602 3685 populus

2009 3707 2129 3763 loco
2177 3708 2352 3777 regni,
2415 3722 2518 3761 nun
2579 3724 2766 3763 errore
2821 3707 3147 3775 impietatis;
3196 3705 3392 3776 quibus
3437 3709 3599 3762 etiam

2007 3815 2151 3869 sape
2182 3816 2274 3866 per
2316 3800 2628 3868 prophetam
2666 3799 2893 3853 dicitur:
2928 3798 3263 3852 Adeersatrix
3307 3795 3492 3867 Israel,
3551 3809 3601 3855 et

2007 3893 2391 3965 prtevarieatria:
2434 3891 2574 3946 Juda
2621 3890 2846 3965 (Jerem.
2882 3907 2968 3959 tu,
2994 3891 3048 3958 6,
3075 3891 3152 3961 7).
3195 3892 3390 3948 Asinus
3415 3901 3596 3951 autem

2008 3986 2099 4042 ille
2135 3988 2400 4041 insensata
2430 3996 2514 4040 est
2552 3985 2770 4039 stultitia
2820 3984 3149 4042 Iudmorum.
3196 3984 3295 4040 Ista
3331 3985 3598 4042 iusensata

2008 4079 2229 4135 stultitia
2279 4079 2520 4148 portabat
2549 4080 2722 4135 omnia
2755 4088 3086 4134 sacramenta
3108 4119 3123 4146 ,
3151 4088 3204 4134 et
3225 4078 3368 4150 quod
3394 4078 3599 4136 ferebat

2008 4172 2311 4229 nesciebat?

2076 4266 2130 4321 8.
2172 4264 2288 4321 lattu
2345 4265 2486 4336 quod
2533 4265 2734 4320 dictum
2777 4274 2853 4320 cst
2880 4266 2996 4320 eis:
3030 4265 3340 4338 Exspectate
3368 4265 3452 4322 Itic
3481 4283 3598 4322 cunt

2005 4359 2198 4414 asino:
2223 4367 2491 4430 postquam
2542 4359 2961 4424 ndoravcrimus,
3020 4370 3324 4412 revertemur
3373 4363 3441 4412 ad
3487 4377 3594 4430 vos,

2008 4452 2320 4522 Apostolutn
2346 4451 2469 4507 audi
2500 4452 2764 4505 dicentem
2795 4467 2809 4506 :
2842 4449 3060 4505 th't'tas
3080 4491 3095 4514 ,
3139 4451 3326 4519 inquit,
3359 4467 3423 4504 ea:
3452 4463 3599 4520 parte

2006 4546 2058 4602 in
2089 4545 2254 4600 Israel
2296 4545 2429 4615 facta
2458 4552 2529 4597 est
2576 4541 2753 4611 (llam.
2779 4556 2851 4607 ιι,
2885 4541 2998 4612 ‘23)).
3033 4542 3166 4608 Quid
3189 4553 3292 4608 est,
3318 4553 3600 4612 exspectate

1932 4623 1986 4684 Ι)
2010 4638 2090 4692 hic
2113 4653 2228 4690 cum
2269 4635 2451 4689 asino?
2486 4641 2541 4687 ut
2579 4633 2861 4703 plenitudo,
2889 4633 3079 4703 inquit,
3109 4635 3335 4704 gentium
3356 4636 3592 4700 intraret,

2012 4733 2114 4786 huc
2161 4740 2282 4799 est,
2328 4739 2606 4798 postquam
2649 4726 3071 4793 adoraverimus,
3130 4726 3217 4781 ubi
3273 4727 3596 4784 sacriﬁcium

2009 4824 2294 4881 dominica:
2325 4822 2502 4877 cruris
2535 4819 2810 4889 impletum
2847 4835 2940 4889 per
2985 4828 3174 4888 gentes
3220 4820 3376 4875 literit
3406 4820 3598 4890 prmdi-

2011 4933 2209 4984 catum,
2243 4918 2344 4973 huc
2369 4926 2471 4980 est,
2506 4925 2562 4969 ut
2593 4914 2868 4985 plenitudo
2898 4915 3138 4982 gentium
3169 4912 3413 4970 intraret.

2082 5015 2140 5070 9.
2178 5010 2316 5080 Quid
2350 5018 2433 5065 est
2475 5016 2780 5061 revertemur
2806 5005 2874 5058 ad
2905 5006 3025 5060 ros?
3049 5021 3100 5059 et
3130 5005 3210 5061 sic
3234 5005 3404 5060 omnis
3437 5002 3595 5061 Israel

2004 5149 2104 5208 hac
2129 5149 2196 5204 de
2227 5163 2285 5201 re
2331 5144 2487 5213 paulo
2515 5150 2632 5212 post
2663 5139 2854 5198 eadem
2879 5155 3047 5210 prope
3075 5137 3238 5213 dicet.
3269 5135 3459 5192 GttlAL.

2073 5220 2130 5276 2.
2191 5206 2448 5289 Vulgata,
2495 5206 2747 5278 arenam,
2798 5206 2909 5281 qua:
2969 5206 3040 5265 est
3092 5209 3144 5264 in
3197 5208 3368 5261 littore
3415 5206 3592 5264 maris.

2007 5293 2277 5432 Δλὲνλθε
2313 5375 2468 5423 nunc,
2497 5357 2742 5432 eidemin,
2767 5369 2934 5425 usque
2965 5353 3028 5406 ad
3061 5365 3330 5432 personam
3366 5347 3594 5432 re-

2006 5437 2120 5500 tris,
2162 5423 2486 5502 atquealia,
2534 5428 2761 5499 carptim
2813 5423 2861 5483 ε’
2888 5438 3136 5480 sermone
3176 5427 3400 5491 August.
3430 5423 3490 5478 7t
3525 5426 3592 5479 de

2008 5501 2270 5574 tempore.
2305 5501 2500 5574 GltlAl..
2848 5567 2856 5574 ,
2888 5566 2899 5574 ,
3189 5563 3238 5574 .,.
3276 5564 3307 5574 ..

2076 5563 2134 5633 ϐξ
2166 5576 2228 5630 Et
2253 5577 2385 5629 sicut
2404 5572 2575 5636 Isaac,
2602 5583 2770 5641 usque
2793 5567 2858 5620 ad
2881 5566 3045 5620 locum
3065 5563 3327 5635 sacriﬁcii.
3363 5564 3440 5620 Es
3462 5565 3589 5624 eod.

2003 5664 2170 5706 serui.
2201 5647 2394 5702 ϐιιιΑι..

2077 5724 2130 5776 8.
2174 5719 2432 5786 Vulgata:
2465 5712 2676 5786 Caecitas
2696 5724 2767 5786 ex
2797 5715 2942 5780 parte
2963 5707 3171 5786 contigit
3197 5709 3249 5763 in
3284 5704 3469 5775 Israel,
3496 5705 3590 5766 do-

2003 5810 2095 5852 nec
2123 5781 2389 5863 plenitudo
2420 5785 2644 5859 gentium
2689 5782 2925 5841 intraret.
2950 5781 3122 5838 Alter.
