4100 6344
352 487 464 550 255

1139 523 1142 526 λ
1181 448 1635 554 QUIESTIONES
1675 481 1740 538 IN
1782 461 1940 538 var.
1981 479 2284 574 frESTAM.
2315 478 2469 536 -.—1N
2511 447 2828 562 GENESIN.

3465 455 3468 458 .
3532 455 3641 564 ,ἑῇ

305 655 310 658 ,
359 611 450 675 εἰς.
472 605 564 662 ubi
591 603 926 665 intellectum
953 600 1218 671 percipiat
1245 599 1511 664 altiorem,
1533 599 1650 653 sive
1678 597 1948 651 lavacrum
2059 603 2208 664 peret
2252 594 2476 651 all'ectus
2505 596 2712 661 uxoris,
2742 609 2862 650 cum
2897 593 3072 666 ipsum
3101 567 3343 654 Verbum
3389 567 3488 654 Dei
3515 611 3643 662 caro

295 757 302 762 ,
359 714 551 770 aquae,
597 696 688 765 ubi
751 695 1112 764 purilicetur;
1172 691 1358 761 sicque
1409 690 1604 745 dehinc
1660 688 1988 758 copulatur,

299 851 302 853 λ
358 805 554 864 sponso
586 805 686 844 suo
710 787 955 856 Christo,
989 787 1272 842 adhaerens
1300 784 1377 840 illi
1404 785 1600 854 gloria,
1645 783 1948 839 aeternitate
1987 809 2018 842 ,λ

359 893 410 940 et
438 899 626 955 regno.

961 972 1190 1029 CAPUT
1232 970 1354 1026 XX.

647 1067 722 1122 De
749 1065 1000 1131 Gellium,
1031 1066 1134 1120 sive
1162 1065 1223 1118 de
1251 1073 1412 1118 morte
1433 1062 1678 1116 Abraltaz.

429 1164 481 1221 Ι.
521 1161 663 1230 Quid
689 1160 999 1216 atttem'sibi
1032 1159 1143 1214 vult
1174 1156 1317 1228 quod
1353 1157 1624 1212 Abraham
1669 1162 1786 1225 post
1829 1153 1945 1208 obi-

359 1265 468 1311 tum
498 1254 648 1310 Sarce
680 1252 966 1308 Cethuram
999 1252 1151 1307 duxit
1181 1251 1438 1306 uxorem?
1479 1249 1730 1319 Nunquid
1765 1248 1833 1303 ob
1862 1247 1945 1302 in-

355 1349 767 1418 continentiam,
815 1350 943 1402 dum
991 1355 1136 1401 esset
1175 1354 1335 1401 aetate
1379 1343 1734 1414 grandazvus?
1770 1341 1946 1396 Absit.

357 1444 462 1500 Sed
494 1453 714 1512 propter
747 1441 975 1497 ﬁliorum
999 1439 1453 1509 procreationem,
1479 1437 1605 1491 dum
1636 1436 1710 1490 illi
1741 1450 1944 1497 semen,

358 1536 507 1607 quasi
534 1523 706 1591 stella:
732 1535 878 1609 coeli,
911 1550 977 1605 ex
1004 1534 1151 1588 Isaac
1187 1532 1296 1588 lilio
1329 1531 1774 1601 promitteretnr?
1812 1531 1950 1597 Ergo

301 1676 305 1680 .
359 1622 484 1702 quid
513 1630 618 1686 sibi
660 1630 774 1684 vult
804 1629 906 1684 ista
933 1629 1197 1692 Cethura,
1245 1627 1347 1681 nisi
1377 1627 1501 1695 quia
1553 1625 1691 1678 sicut
1721 1624 1864 1693 Agar
1896 1632 1950 1677 et

294 1787 300 1792 _
364 1721 556 1778 lsmael
587 1721 1028 1788 signiticaverunt
1059 1716 1300 1772 carnales
1339 1714 1547 1770 Veteris
1576 1713 1906 1791 'l‘cstamenti
1933 1753 1946 1777 ,

355 1815 438 1871 sic
463 1824 518 1869 ct
544 1812 809 1888 Cetyura,
859 1822 915 1867 et
945 1811 1040 1866 lilii
1088 1813 1207 1876 ejus
1236 1809 1608 1881 signiﬁcabant
1639 1808 1945 1872 haereticos,

292 1889 312 1974 ξ
358 1907 446 1979 qui
467 1906 619 1981 se_ad
646 1906 1048 1961 Testamentum
1077 1919 1272 1958 novum
1301 1903 1611 1959 existimant
1639 1900 1946 1972 pertinere?

2055 688 2253 745 factum
2283 688 2376 756 sit,
2409 697 2468 744 ut
2501 689 2770 746 habitaret
2794 689 2847 743 in
2880 688 3072 744 nobis?

2638 803 2866 861 CAPUT
2907 802 3071 860 XXII.

2461 897 2539 952 De
2570 899 2735 969 puteis
2761 913 2886 969 quos
2909 898 3042 966 fodit
3066 897 3236 954 Isaac.

2127 990 2179 1046 1.
2222 990 2348 1046 Post
2377 989 2493 1045 hare
2521 991 2691 1046 refert
2713 991 2991 1062 Scriptura
3025 993 3274 1060 verbum,
3301 994 3442 1064 quod
3473 1000 3641 1062 Isaac,

2055 1086 2336 1156 postquam
2373 1086 2642 1142 benedixit
2673 1101 2793 1142 eum
2824 1087 2984 1159 317
3024 1088 3302 1155 Dominus,
3351 1099 3406 1143 et
3439 1090 3644 1161 magni-

2055 1181 2242 1235 licatu's
2269 1187 2354 1235 est
2379 1181 2553 1245 valde,
2579 1193 2863 1250 aggressus
2891 1191 2976 1236 est
3002 1195 3158 1250 Opus,
3191 1192 3246 1236 et
3267 1183 3430 1249 erepit
3461 1183 3644 1238 ledere

2055 1281 2246 1339 puteos
2273 1287 2408 1340 quos
2436 1272 2679 1328 foderant
2709 1273 2856 1344 pueri
2891 1274 3054 1342 patris
3084 1274 3204 1344 ejus
3245 1276 3490 1332 Abrahae.
3537 1278 3644 1333 Sed

1993 1401 1996 1404 -
2056 1365 2360 1420 invidentes
2391 1366 2439 1419 ei
2463 1364 2758 1430 Palaestini,
2795 1365 3186 1423 obstruxerunt
3212 1381 3329 1434 eos;
3364 1370 3646 1437 implentes

2033 1459 2243 1512 'ltumo.
2289 1457 2421 1525 Quis
2467 1465 2549 1512 est
2606 1458 2707 1512 iste
2757 1457 2936 1524 Isaac,
2977 1459 3081 1515 nisi
3132 1459 3380 1516 salvator
3419 1463 3645 1518 ndSter?

2055 1552 2294 1621 quicum
2344 1551 2717 1607 desaendisset
2763 1550 2817 1606 ln
2873 1552 3032 1606 istum
3073 1557 3367 1608 torrentem
3415 1556 3640 1622 Gerara,

2056 1641 2227 1712 primo
2256 1642 2496 1696 omnium
2541 1641 2660 1698 illas
2704 1649 2894 1710 puteos
2941 1641 3128 1697 fodere
3161 1644 3296 1709 vult,
3328 1658 3464 1713 quos
3493 1645 3645 1702 fode-

2056 1749 2175 1791 rant
2206 1737 2354 1806 pueri
2392 1736 2558 1804 patris
2597 1735 2737 1805 ejus;
2773 1735 2827 1791 l'tl
2854 1744 2958 1802 est;
3017 1736 3258 1806 Moyses,
3305 1739 3392 1806 qui
3429 1749 3645 1806 puteum

2056 1827 2188 1898 legis
2220 1827 2448 1894 fuderat,
2484 1827 2676 1893 David,
2725 1825 2985 1881 Salomon
3024 1835 3082 1882 ‘et
3112 1827 3418 1898 Propheue,
3457 1829 3546 1899 qui
3579 1833 3645 1886 li-

2003 1940 2008 1982 -_
2056 1919 2181 1974 bros
2230 1920 2561 1988 scripserunt
2601 1918 2812 1974 Veteris
2861 1918 3218 1992 Testamenti,‘
3269 1930 3405 1990 quos
3460 1931 3640 1984 tamen

425 1999 482 2053 2.
525 1999 628 2055 Sed
676 2007 919 2069 utrasque
965 1998 1281 2076 concubina:
1329 1997 1607 2051 dicuntur.
1645 1996 1768 2050 Sola
1813 1995 1983 2058 Saraj

2057 2020 2268 2069 terrena
2287 2022 2349 2075 et
2362 2013 2575 2069 sordida
2593 2013 2896 2080 repleverat
2927 2014 3281 2084 intelligentia
3309 2015 3641 2076 Iudaeorum.

356 2106 572 2158 semper
601 2100 820 2145 vocatur
855 2106 1014 2156 uxor,
1047 2091 1188 2144 sicut
1232 2090 1492 2157 scriptum
1536 2097 1619 2142 est
1657 2105 1668 2140 :
1709 2086 1831 2140 Una
1871 2097 1944 2140 est
1991 2149 1994 2152 1

356 2185 492 2262 enim
523 2177 756 2238 columba
785 2199 928 2248 mea,
957 2183 1183 2252 perfecta
1213 2197 1324 2235 utea
1355 2179 1530 2256 (Cant.
1562 2195 1634 2244 νι,
1666 2196 1712 2232 υ.
1748 2179 1826 2250 8).
1849 2179 1946 2233 De-
1972 2239 1978 2244 _

358 2280 441 2336 dit
469 2289 648 2336 autem
690 2279 958 2356 Abraham
987 2289 1178 2335 cuncta
1213 2293 1334 2347 qua:
1363 2276 1670 2347 possidebat
1699 2275 1807 2328 lilio
1848 2289 1948 2328 suo

303 2451 306 2454 ί
362 2374 532 2442 Isaae,
579 2375 705 2430 llliis
749 2384 930 2430 autem
975 2374 1394 2430 concubinarum
1446 2372 1670 2441 largitus
1722 2378 1804 2424 est
1834 2383 1949 2424 mu-

300 2544 302 2546 _
361 2463 510 2541 nera,
545 2455 600 2524 et
624 2470 894 2540 separavit
916 2484 1012 2524 eos
1041 2469 1110 2523 ab
1139 2468 1288 2522 lsaae
1318 2466 1426 2520 ﬁlio
1458 2480 1577 2518 suo.

303 2636 310 2640 _
431 2565 484 2620 3.
526 2565 663 2634 Quid
697 2564 802 2634 hoc
827 2565 1122 2634 signiticet,
1150 2562 1248 2616 nisi
1295 2560 1417 2630 quia
1446 2558 1643 2612 dantur
1690 2556 1950 2611 nonnulla

359 2673 584 2715 munera
605 2641 734 2712 ﬁliis
755 2658 921 2728 316
947 2656 1393 2727 concubinarum,
1420 2651 1469 2705 id
1491 2661 1592 2718 est,
1618 2648 1950 2705 carnalium?

357 2752 455 2808 sed
485 2767 590 2824 non
625 2753 947 2821 perveniunt
973 2751 1042 2805 ad
1075 2765 1297 2821 regnum
1343 2748 1659 2818 promissum
1691 2762 1792 2802 nee
1841 2747 1952 2801 ha:-

307 3007 318 3011 _
361 2937 562 3006 Pratter
581 2938 731 2994 Isaac
757 2939 900 2994 enim
929 2937 1111 2992 nullus
1141 2945 1222 2989 est
1255 2935 1449 2997 haeres,
1488 2933 1670 3002 utique
1695 2933 1820 3000 quia
1844 2947 1949 2984 non

311 3105 314 3108 Ι
359 3032 540 3086 carnis
573 3031 686 3096 lilii,
711 3031 805 3087 sed
833 3031 925 3099 lilii
954 3029 1328 3099 promissxonis
1353 3026 1682 3094 deputantur
1713 3025 1763 3077 in
1790 3011 1953 3078 scini-

361 3140 454 3182 ne.
477 3124 684 3190 Deinde
712 3133 956 3202 mortuus
979 3132 1065 3188 est
1080 3122 1349 3190 Abraham
1375 3130 1601 3184 centum.
1616 3118 1952 3188 septuaginta

301 3281 316 3289 ι
362 3219 604 3287 quinque
635 3232 928 3283 annorum,
961 3217 1309 3286 sepultusque
1351 3223 1437 3281 est
1491 3214 1542 3268 in
1569 3213 1824 3283 spelunca
1853 3212 1953 3266 du-

307 3365 314 3369 _
363 3311 513 3382 plici,
561 3311 614 3365 in
645 3313 800 3379 cnjus
843 3310 1088 3376 interiori
1141 3316 1292 3378 parte
1323 3307 1492 3362 Adam
1541 3321 1663 3362 esse
1715 3305 1951 3376 positum

365 3402 584 3458 traditio
608 3401 956 3459 Hebraiorum
988 3409 1232 3457 testatur.

911 3505 1178 3592 eam
1213 3511 1355 3590 xxi.

691 3649 843 3716 Quod
870 3649 1023 3706 Isaac
1053 3665 1170 3703 cum
1202 3636 1424 3701 Rebecca
1454 3633 1591 3699 lusit.

439 3733 493 3822 ἦ.
534 3743 665 3839 Orta
687 3735 881 3839 dehinc
911 3743 1051 3838 fame
1077 3745 1241 3834 super
1290 3772 1509 3825 terram,
1544 3758 1670 3815 abiit
1698 3754 1848 3814 Isaac
1881 3759 1948 3814 ad
2007 3767 2010 3769 '

362 3837 680 3915 Abimelech
710 3837 894 3930 regem
942 3837 1348 3911 Palaestinorum
1378 3855 1430 3910 in
1454 3854 1676 3918 Geram,
1707 3869 1772 3906 ex
1814 3867 1951 3920 pra:-

363 3962 544 4021 cepto,
597 3960 652 4006 et
697 3950 1077 4005 benedictione
1124 3948 1371 4014 Domini;
1427 3935 1608 4014 ibique
1655 3945 1952 4000 ltebcccam

309 4029 592 4120 iurarem
639 4059 790 4099 suam
831 4043 1041 4100 timoris
1074 4056 1235 4097 causa
1283 4041 1436 4096 tinxit
1486 4055 1752 4096 sororem.
1782 4039 1952 4107 Quam

364 4152 460 4194 rex
492 4129 794 4214 alienigena
842 4135 1304 4214 Isaac‘conjugem
1360 4143 1483 4188 tunc
1511 4147 1632 4189 esse
1679 4131 1950 4202 cognovit,

311 4217 316 4222 ’
367 4209 581 4301 quando
608 4245 728 4283 eum
752 4219 873 4283 eum
907 4243 970 4282 ea
1003 4209 1274 4282 ludentem
1303 4225 1456 4283 vidit.

334 4375 338 4378 -
371 4383 388 4402 .
436 4345 673 4413 3.--Quld
700 4355 881 4400 autem
912 4343 1014 4400 sibi
1043 4343 1174 4401 velit
1204 4344 1257 4398 ln
1287 4351 1630 4398 sacramento
1656 4339 1858 4407 Christi
1903 4349 1956 4396 et
2001 4309 2006 4311 ἒ

311 4485 316 4490 .
370 4437 668 4502 Ecclesiae,
694 4438 835 4505 quod
860 4446 1038 4491 tantus
1063 4435 1365 4504 patriarcha
1393 4449 1514 4489 cum
1555 4432 1784 4503 conjuge
1816 4433 1956 4487 luse-

371 4528 466 4597 ril',
487 4531 902 4599 coniugiumque
926 4528 1054 4583 illud
1079 4527 1205 4584 inde
1228 4528 1296 4582 sit
1319 4526 1625 4597 cognitum?
1656 4525 1814 4580 Videt
1836 4540 1959 4593 pro-

366 4621 512 4677 fecto
540 4623 784 4692 quisquis
813 4622 906 4691 (ne
929 4620 1134 4690 aliquid
1174 4619 1407 4674 errando
1437 4619 1490 4673 in
1516 4617 1806 4672 Ecclesiam
1833 4632 1957 4687 pec-
1985 4656 1993 4665 .

366 4716 478 4783 cet)
506 4723 778 4769 secretum
820 4713 918 4768 viri
967 4713 1126 4782 hujus
1160 4713 1213 4778 in
1252 4712 1544 4781 Scripturts
1593 4709 1794 4765 sanctis
1829 4709 1957 4766 dili-

363 4817 558 4877 genter
590 4809 851 4868 intuetur.
879 4795 935 4862 et
970 4807 1196 4874 invenit,
1244 4822 1369 4861 eum
1407 4805 1748 4875 majestatem
1775 4819 1950 4870 suam,
1984 4798 2036 4858 D

311 4936 324 4960 -,
366 4909 472 4969 qua
506 4901 558 4956 in
604 4901 774 4957 turma
820 4898 916 4956 Dei
946 4899 1170 4968 aequalis
1199 4906 1282 4954 est
1311 4898 1493 4964 Patri,
1527 4897 1955 4984 paulisperabs-

366 4995 620 5051 Condisse
643 4994 696 5049 ln
719 4992 892 5050 [arma
920 4993 1060 5050 servi
1079 5021 1098 5059 δ
1140 5001 1200 5047 ut
1228 4990 1344 5061 ejus
1373 5006 1545 5058 capax
1575 5005 1697 5046 esse
1723 4991 1956 5044 humana

351 5085 1091 5158 inlirmitasposset,eoque
1139 5083 1300 5140 modo
1329 5097 1389 5138 se
1411 5081 1957 5154 conjugicongruen-
2004 5133 2007 5135 _

2008 5196 2012 5200 -
2069 5173 2152 5218 est
2198 5163 2338 5232 quod
2388 5173 2598 5231 puteos,
2629 5176 2763 5231 quos
2795 5162 3002 5232 aperuit
3052 5159 3345 5221 Abraham,
3399 5156 3547 5208 Isaac
3579 5157 3653 5209 sic

370 5189 451 5232 tcr
481 5187 711 5232 antaret.

439 5195 451 5207 '
481 5195 711 5248 aptaret.
1363 5233 1372 5244 .
1543 5239 1548 5242 _

439 5270 491 5323 '5.
537 5269 672 5336 Quid
712 5270 856 5326 enim
909 5268 1243 5324 absurdum?
1274 5268 1382 5323 imo
1433 5266 1559 5338 quid
1606 5281 1712 5320 non
1764 5279 1958 5322 conve-

312 5385 320 5396 -
365 5358 579 5414 Mentiar
631 5359 936 5415 Mororum
969 5346 1414 5432 praenuntla‘tioiii
1463 5350 1955 5424 accommodatum,

313 5457 323 5472 '
355 5441 414 5506 'sl
452 5434 710 5523 propheta
745 5439 846 5508 oet
872 5441 1075 5523 aliquid
1105 5437 1325 5507 carnale
1377 5447 1588 5516 luserit,
1619 5458 1676 5505 ut
1700 5463 1822 5506 eum
1863 5461 1954 5504 ca-

308 5632 366 5674 .·;
397 5679 407 5688 μ
441 5581 572 5678 Car:
769 5585 966 5670 Totum
1011 5597 1173 5688 caput
1215 5625 1247 5667 e
1297 5625 1383 5666 ιινι
1440 5605 1508 5666 de
1552 5606 1716 5664 Civit.
1768 5623 1819 5663 c.
1868 5605 1956 5662 34.

307 5801 316 5814 .
609 5773 722 5822 ut.
771 5756 968 5821 Totum
996 5745 1215 5827 captito
1246 5753 1340 5812 lib.
1388 5771 1499 5810 χχιι
1542 5763 1717 5809 contr.
1751 5750 1960 5816 Fausl.,

340 5829 846 5900 eMﬁmsL-a
906 5883 938 5900 ._
991 5887 1076 5900 ,.,
1125 5882 1188 5900 Δ.
1249 5888 1251 5890 .
1337 5887 1368 5896 ._

447 5879 779 5959 ὖλῖέῖἶίῖῖ
804 5879 871 5954 Ν.
899 5883 950 5952 ιι
983 5882 1188 5970 omnia
1217 5887 1384 5970 usque
1408 5895 1475 5956 ad
1515 5893 1862 5966 commutauit,
1887 5907 1958 5970 ex

373 5973 524 6034 hom.
555 5975 624 6033 l3
653 5973 801 6044 Orig.
835 5973 891 6031 in
926 5970 1063 6030 Gen.
1089 5968 1286 6029 Galae.

2123 2105 2177 2159 2.
2221 2105 2330 2160 llos
2361 2115 2483 2159 cum"
2510 2105 2670 2161 vellet
2701 2120 2944 2176 purgare.
2963 2106 3132 2169 Isaac.
3162 2107 3218 2163 id
3244 2115 3348 2173 est,
3383 2107 3645 2166 Dominus

2053 2209 2258 2267 noster,
2304 2209 2357 2255 et
2405 2198 2670 2262 Salvator,
2704 2209 2760 2256 ut
2799 2201 3284 2272 ostenderetqnia
3312 2208 3648 2274 quazcun'que

1996 2348 1998 2350 ,
2054 2291 2140 2346 lex
2186 2301 2241 2346 et
2287 2292 2564 2362 propheue
2610 2291 2906 2358 dixerunt,
2943 2293 3013 2348 de
3066 2308 3126 2368 se
3167 2295 3444 2362 dixerunt;
3487 2298 3646 2354 ritati

2052 2392 2180 2438 sunt
2226 2398 2347 2438 cum
2391 2398 2466 2452 eo.
2504 2383 2818 2454 Philistiim,
2850 2385 2902 2440 id
2932 2393 3044 2456 est,
3075 2385 3247 2454 Judaei
3279 2400 3310 2439 a
3340 2403 3506 2458 regno
3533 2389 3647 2452 χΙ)θί

2053 2475 2238 2542 alieni,
2287 2479 2381 2531 sed
2429 2475 2661 2531 discedit
2707 2476 2776 2531 ab
2807 2478 2908 2532 eis.
2962 2478 3078 2543 Non
3133 2479 3276 2533 enim
3313 2491 3486 2549 potest
3524 2497 3647 2538 esse

2054 2582 2174 2622 cum
2203 2566 2315 2633 eis,
2370 2567 2543 2640 quiin
2577 2555 2751 2637 puteis
2794 2583 2985 2637 aquam
3031 2561 3229 2626 habere
3277 2571 3506 2640 nolunt,
3550 2573 3645 2628 sed

2056 2671 2275 2720 terram.
2324 2661 2391 2715 Et
2418 2661 2550 2720 dicit
2590 2662 2669 2716 eis
2710 2679 2723 2714 :
2757 2660 2891 2716 Ecce
2919 2663 3230 2733 relinquetur
3259 2665 3438 2720 domus
3485 2675 3648 2722 vestra

1999 2817 2010 2822 _
2053 2754 2192 2808 vobis
2220 2755 2442 2807 deserta.

359 2845 536 2912 uilici,
577 2861 692 2913 nec
720 2845 946 2912 Judaei,
987 2845 1108 2914 quin
1161 2841 1393 2897 carnalia
1449 2842 1598 2893 lucra
1650 2848 1949 2894 sectantur.
2000 2909 2006 2913 ἱ

2126 2842 2179 2897 5.
2226 2844 2380 2898 Fodit
2429 2859 2556 2914 ergo
2605 2843 2996 2917 lsaac"novum_
3046 2855 3287 2915 puteum,
3339 2847 3449 2902 imo
3491 2823 3647 2916 pueri

2026 2925 2201 2990 'lsaac
2243 2935 2470 2990 fodiunt.
2521 2935 2679 2989 Pueri
2708 2935 2854 2990 Isaac
2884 2945 3009 2990 sunt
3057 2938 3359 3004 Matthzeus,
3405 2938 3642 3004 Marcus,

2056 3031 2250 3100 Lucas,
2271 3030 2526 3094 Joannes,
2555 3029 2767 3094 Petrus,
2795 3028 3046 3095 Jacobus,
3079 3029 3268 3100 ludas,
3297 3039 3354 3087 et
3373 3033 3649 3100 apostolus

2005 3113 2012 3195 ς
2057 3123 2275 3192 Paulus.
2329 3123 2429 3190 Qui
2483 3136 2671 3177 omnes
2701 3120 2832 3176 Novi
2881 3120 3214 3180 Tcswmenti
3241 3133 3456 3193 puteum
3501 3125 3648 3182 fode-

2059 3228 2204 3286 runt,
2233 3228 2291 3274 et
2321 3220 2639 3273 invenerunt
2667 3232 2860 3288 aquam
2888 3217 3086 3288 vivam,
3121 3231 3240 3286 qua:
3265 3218 3336 3272 sit
3358 3219 3476 3272 lous
3492 3234 3646 3291 aqute

2006 3375 2014 3394 δ
2058 3313 2303 3367 salientis
2339 3311 2390 3365 in
2425 3312 2588 3365 vitam
2616 3319 2895 3366 aeternam.
2931 3309 3034 3366 Sed
3061 3323 3155 3378 pro
3185 3309 3268 3363 his
3288 3309 3464 3364 adhuc
3485 3311 3647 3371 alter-

1978 3387 2024 3465 C
2056 3418 2247 3461 cantur
2276 3406 2350 3460 illi
2383 3407 2470 3476 qui
2520 3417 2729 3460 terrena
2761 3406 2997 3474 sapiunt,
3047 3420 3145 3460 nec
3179 3419 3314 3460 nova
3355 3405 3513 3462 condi
3555 3387 3648 3474 pa-

1998 3565 2004 3570 ,
2060 3499 2284 3564 tiuntur,
2318 3513 2417 3552 nec
2457 3508 2635 3552 vetera
2670 3498 2885 3567 purgari
2914 3515 2927 3549 :
2962 3497 3292 3568 cvangelicis
3319 3499 3495 3566 puteis
3515 3512 3646 3551 con-

2062 3590 2348 3655 tradicunt,
2379 3598 2433 3644 et
2461 3589 2771 3658 apostolicis
2804 3590 3159 3644 adversantur
3179 3626 3194 3652 ,
3224 3598 3276 3643 et
3303 3590 3556 3659 quoniam
3591 3590 3642 3644 in

2059 3684 2307 3762 omnibus
2327 3683 2717 3741 contradicunt.
2751 3681 2807 3735 in
2835 3682 3083 3736 omnibus
3107 3680 3334 3750 litigant,
3361 3681 3559 3736 dicitur
3579 3682 3646 3734 ad

2057 3790 2149 3829 eos
2193 3791 2205 3826 :
2241 3775 2496 3846 Quoniam
2543 3773 2781 3842 indignos
2806 3788 2888 3825 vos
2915 3772 3104 3841 fecistis
3128 3772 3296 3840 gratia
3329 3771 3444 3837 Dei,
3471 3786 3532 3825 ex
3551 3771 3647 3825 Itoc

2050 3867 2164 3938 jam
2197 3857 2263 3918 ad
2289 3875 2456 3934 gentes
2488 3865 2689 3918 ibimus.

2130 3959 2186 4016 li.
2229 3960 2354 4014 Post
2386 3960 2499 4013 haec
2527 3957 2658 4012 fodit
2691 3953 2906 4012 tertium
2953 3964 3169 4026 puteum
3201 3955 3370 4025 Isaac,
3404 3956 3646 4027 appella-

2059 4053 2240 4123 vitque
2269 4065 2466 4106 nomen
2499 4051 2599 4104 loci
2629 4049 2770 4104 illius
2791 4050 3032 4116 latitudo,
3070 4048 3254 4104 dicens
3282 4066 3294 4103 :
3331 4047 3485 4103 Nunc
3510 4050 3646 4111 dila-

2061 4146 2180 4200 tavit
2208 4160 2297 4199 nos
2335 4143 2605 4209 Dominus,
2627 4152 2671 4196 et
2702 4142 2819 4212 fecit
2841 4157 3064 4197 crescere
3084 4158 3236 4213 super
3267 4149 3492 4208 terram;
3519 4157 3649 4197 vere

2061 4237 2202 4294 enim
2257 4236 2510 4290 dilatatus
2541 4246 2628 4290 est
2656 4234 2826 4301 lsaae,
2851 4245 2907 4290 et
2937 4234 3180 4304 implevit
3205 4249 3419 4290 omnem
3452 4243 3649 4289 terram

2060 4331 2287 4386 scicntia
2324 4317 2624 4392 Trinitatis,
2656 4340 2704 4382 et
2752 4330 2805 4382 in
2841 4337 2952 4382 toto
3004 4326 3139 4382 orbe
3167 4325 3507 4381 latitudinem
3552 4326 3650 4380 Ec-

2064 4423 2229 4478 clesia
2256 4423 2373 4477 coll.-
2398 4422 2560 4476 cavit.
2604 4421 2760 4475 Prius
2815 4429 3018 4476 tantum
3051 4421 3102 4474 in
3131 4417 3314 4475 Judma
3338 4429 3452 4474 erat
3495 4429 3651 4474 notus

2065 4515 2204 4572 Deus
2236 4513 2460 4585 (Psalnt.
2495 4516 2677 4584 Lxxv),
2710 4523 2763 4568 ct
2797 4513 2849 4568 iu
2881 4499 3044 4570 Israel
3076 4513 3486 4578 nominabatur;
3511 4526 3652 4566 nunc

2063 4601 2239 4662 autem
2279 4608 2328 4660 in
2376 4621 2590 4660 omnem
2624 4615 2822 4661 terram
2853 4607 3018 4660 exivit
3062 4620 3226 4661 sonus
3251 4621 3462 4673 eorum,
3507 4614 3564 4662 et
3596 4607 3647 4661 in

2066 4701 2202 4755 lines
2238 4698 2384 4754 orbis
2423 4709 2576 4755 terra:
2610 4699 2772 4754 verba
2798 4714 3008 4756 eorum.

2133 4793 2184 4846 ὃ.
2228 4794 2501 4847 Excuntcs
2533 4794 2674 4846 cnim
2709 4794 2860 4862 pueri
2899 4793 3043 4848 Isaac
3076 4807 3168 4864 per
3209 4792 3520 4848 universum
3560 4807 3652 4864 or-

2069 4885 2189 4942 bem
2225 4896 2399 4952 terrui,
2430 4886 2593 4956 318
2625 4884 2876 4940 foderunt
2907 4895 3117 4954 puteos,
3146 4895 3199 4940 ct
3247 4901 3438 4955 aquam
3469 4884 3644 4937 vivant

2068 4979 2317 5033 omnibus
2363 4977 2738 5042 ostenderunt,
2773 4976 3113 5046 baptizantes
3144 4991 3334 5030 omnes
3381 4983 3568 5043 gentes
3602 4973 3652 5024 in

2068 5066 2285 5124 nomine
2318 5069 2513 5133 Patris,
2547 5077 2598 5121 et
2631 5066 2771 5132 Filii,
2808 5074 2861 5122 et
2890 5067 3125 5137 Spiritus
3167 5065 3358 5120 sancti.
3392 5061 3497 5118 Sed
3528 5062 3650 5130 quid

2073 5257 2282 5311 vocavit
2311 5269 2425 5322 eos,
2458 5256 2595 5309 sient
2622 5263 2771 5322 pater
2801 5256 2938 5322 ejus,
2969 5254 3070 5307 nisi
3110 5250 3233 5320 quia
3263 5249 3471 5320 Moyses
3502 5249 3644 5317 apud

2067 5353 2166 5410 nos
2196 5355 2357 5408 etiam
2388 5353 2597 5423 Moyses
2633 5351 2955 5422 appellatur,
2987 5357 3040 5402 et
3073 5347 3334 5415 propheta
3364 5344 3654 5411 unusquis-

2067 5462 2168 5518 que
2191 5461 2288 5503 suo
2314 5446 2530 5502 nomine
2558 5445 2874 5514 appellatur,
2913 5453 3010 5494 nec
3039 5445 3334 5504 mutantur,
3365 5438 3517 5508 quasi
3561 5451 3654 5492 eo-

2144 5605 2281 5660 Ibid.
2339 5603 2405 5658 In
2450 5603 2599 5657 istum
2633 5604 2903 5654 torrentem
2930 5593 3142 5648 Geram.
3181 5594 3245 5646 In
3275 5595 3424 5647 istaut
3467 5603 3653 5645 terram

2070 5678 2256 5732 Gerar.
2278 5678 2440 5742 Itnpr.
2459 5673 2522 5727 In
2549 5675 2699 5726 istam
2730 5668 2908 5722 vallem
2931 5664 3645 5742 (ἐςτιγιι-αιιμίυηὶιιιιξ.μὶιιιιι..

2144 5749 2281 5802 Ibid.
2337 5734 2562 5815 Moyses,
2595 5744 2681 5812 qui
2713 5749 2939 5812 puteum.
2986 5738 3058 5792 Ita
3110 5738 3332 5793 Album.
3370 5734 3602 5788 Grialius
3634 5751 3645 5785 :

2071 5818 2281 5891 Moyses
2306 5817 2756 5891 ριιιειιιιι,οᾼιικν.Λ
3140 5882 3172 5891 __
3276 5878 3312 5891 ﬁ
3365 5875 3411 5891 Μ
3496 5887 3513 5891 _
3566 5819 3578 5825 “

2140 5875 2193 5944 ἐξ
2232 5875 2342 5943 Πὸδ
2375 5901 2489 5941 cum
2516 5886 2679 5939 vellet.
2718 5884 2884 5951 Quam
2932 5897 3044 5935 cum
3077 5882 3239 5951 vellet,
3276 5875 3540 5942 Rufﬂntts,
3595 5880 3652 5927 ιιι

2071 5963 2139 6018 ad
2166 5960 2572 6030 intelligentiam
2599 5948 2882 6016 referatur.
2912 5953 3104 6012 GRIAL.
3151 5948 3165 5968 ’
3387 5972 3392 5976 -
3495 5963 3499 5966 -
3571 5961 3576 5966 -
