4100 6344
547 385 659 445 ass
829 361 900 428 Σ

1580 391 1640 452 S.
1678 390 1930 450 lSlDOBl
1970 393 2410 454 HISPALENSIS
2450 397 2751 456 EPISCOPI

3711 397 3818 471 256

547 503 792 563 rumdem
814 503 1068 562 vocabula
1099 508 1427 578 puteorum?
1455 521 1560 563 non
1598 510 1744 568 enim
1779 511 2025 571 Christus
2072 515 2125 572 in
2155 519 2202 579 Α
2233 533 2336 572 ηοη
2360 519 2820 582 meruit,Domino
2839 521 3232 592 quodammodo
3246 527 3814 608 eidem‘esprobrante,

547 601 628 659 eis
657 601 897 666 nomina,
925 599 1019 657 sed
1043 600 1446 671 intelligentiam
1475 606 1848 661 commutavit.

530 688 537 763 ἓ
618 699 672 753 6.
715 693 841 752 Haec
863 697 1111 768 mystice.
1147 696 1420 753 Moraliter
1448 708 1626 753 autem
1661 699 1812 756 lsaac
1836 703 1974 772 apud
1999 704 2130 760 alie-

541 790 791 861 nigenam
820 799 1034 861 gentem
1058 799 1246 860 puteos
1274 789 1480 847 fodisse
1511 792 1867 862 describitur,
1910 812 2017 868 quo
2047 798 2128 855 vi-

2235 628 2354 668 cum
2379 613 2542 669 dicit:
2573 616 2844 686 Auferetur
2869 633 2900 670 a
2939 619 3078 673 vobis
3105 637 3317 692 raptum
3357 621 3489 692 Dei,
3525 637 3574 683 et
3611 630 3816 689 dabitur

2232 707 2371 777 genti
2389 707 2595 774 facienti
2619 712 2838 779 fructum
2861 711 2974 775 eius
3000 713 3018 783 (
3043 712 3231 770 Matth.
3288 732 3399 784 ut,
3450 719 3575 786 45).
3606 722 3816 781 Primo-

2233 798 2406 872 genita
2433 809 2609 857 autem
2642 803 2753 871 ipsa
2779 805 2942 859 vestis
2964 815 3077 862 erat
3107 809 3475 879 sacerdotalis,
3509 831 3664 885 quam
3697 835 3816 875 ma-

541 885 737 942 delicet
764 884 1014 954 exemplo
1042 884 1335 953 discimus,
1376 894 1433 940 ut
1458 884 1511 942 in
1539 887 1641 942 hac
1672 890 2126 960 peregrinationis
2225 889 2373 960 joros
2396 900 2522 946 natu
2552 907 2673 949 cum
2720 895 3091 954 benedictione
3142 902 3307 970 patris
3355 904 3523 963 induti
3572 907 3814 969 victimas

537 992 776 1033 mrumna
829 977 1012 1046 positi,
1067 976 1455 1048 cogitationum
1499 987 1803 1035 nostrarum
1854 983 2120 1051 profunda

535 1079 882 1142 penetremus
905 1112 920 1134 ,
966 1076 1022 1124 et
1049 1082 1335 1140 quousque
1365 1069 1523 1125 nobis
1551 1087 1695 1127 verse
1745 1074 2121 1143 intelligentize

533 1177 670 1233 aqua
717 1160 1062 1231 respondeat,
1115 1176 1452 1234 nequaquam
1504 1172 1704 1220 nostra:
1751 1165 2119 1237 inquisitionis

533 1269 725 1311 manus
749 1254 818 1310 ab
843 1254 1213 1312 exhaurieuda
1259 1258 1440 1314 cordis
1466 1268 1608 1315 terra
1643 1269 1940 1329 torpeseat.
1970 1265 2116 1333 Quos

529 1356 706 1403 tamen
741 1356 933 1417 puteos
963 1348 1246 1420 allophyli,
1281 1350 1334 1406 id
1364 1361 1470 1418 est,
1497 1353 1761 1410 immundi
1785 1357 2010 1424 spiritus
2034 1360 2118 1414 in-

527 1439 788 1497 sidiantes
818 1442 1049 1508 replent,
1081 1445 1206 1514 quia
1251 1442 1506 1502 nimirum
1555 1448 1816 1506 immundi
1854 1454 2111 1523 spiritus,

525 1549 646 1591 cum
676 1552 776 1591 nos
804 1538 1099 1596 studiosius
1123 1553 1218 1595 cor
1249 1540 1432 1597 fodere
1459 1545 1818 1615 conspiciunt,
1852 1548 2112 1608 molestas

522 1629 676 1686 nobis
708 1630 1065 1688 tentationum
1097 1632 1458 1703 cogitationes
1483 1636 1755 1708 ingerunt.

1089 1725 1321 1783 CAPUT
1362 1727 1550 1788 XXIII.

1049 1817 1129 1872 De
1156 1815 1300 1874 Esau
1327 1828 1377 1875 et
1396 1818 1583 1878 Iacob.

2228 983 2362 1048 Deo,
2390 985 2533 1040 velut
2563 987 2864 1056 pontifices,
2897 990 3220 1052 oll‘e‘rebant.

2297 1075 2349 1130 5.
2395 1077 2503 1133 lloc
2538 1079 2680 1135 dono
2721 1082 2919 1138 terreni
2970 1085 3168 1140 amoris
3215 1087 3482 1146 desiderio
3523 1105 3813 1154 caruerunt

2223 1167 2391 1224 Judmi
2418 1185 2538 1226 cum
2570 1172 2734 1242 gloria
2787 1177 2935 1245 regni
2989 1176 3174 1235 futuri.
3204 1178 3318 1236 iam
3347 1185 3590 1252 sequitur
3616 1187 3811 1246 deinde

2223 1260 2337 1330 ipsa
2369 1260 2674 1317 benedictio
2698 1264 2748 1319 in
2781 1264 2964 1322 Jacob.
2991 1267 3124 1337 Qua:
3151 1280 3328 1328 tamen
3351 1275 3477 1346 quid
3510 1277 3807 1348 figuraliter

2221 1355 2560 1425 indicaverit,
2597 1359 2861 1432 Hippolyti
2888 1364 3139 1436 martyris
3167 1365 3348 1436 verba,
3379 1369 3518 1426 sicut
3547 1385 3608 1427 ea
3628 1375 3810 1431 excel-

2219 1448 2531 1507 lentissimae
2560 1454 2798 1508 scientia:
2825 1469 2888 1510 ac
2913 1455 3176 1514 doctrina:
3204 1459 3557 1536 Hieronymus
3581 1468 3808 1537 replica-

2216 1545 2310 1608 vit,
2344 1545 2396 1600 in
2426 1545 2526 1602 boc
2555 1547 2673 1604 loco
2703 1550 2946 1618 ponenda
2998 1561 3145 1610 sunt.
3206 1554 3372 1620 Isaac,
3410 1557 3601 1631 inquit,
3627 1546 3807 1632 portat

2215 1625 2500 1700 imaginem
2532 1639 2624 1694 Dei
2657 1641 2845 1710 patris,
2879 1642 3120 1699 Rebecca
3150 1645 3381 1714 Spiritus
3429 1625 3803 1720 sancti,'Esau

2213 1729 2395 1798 pepuli
2421 1730 2634 1800 prioris,
2661 1739 2714 1787 et
2734 1731 2953 1801 diaboli,
2979 1733 3144 1792 Jacob
3166 1736 3440 1807 Ecclesiae.
3459 1741 3801 1802 siveChristi.

2214 1822 2471 1881 Senuisse
2539 1824 2685 1884 lsaac
2739 1832 3256 1890 consummationem
3311 1837 3458 1895 orbis
3519 1842 3799 1910 ostendit;

511 1957 514 1962 .
589 1909 642 1966 1.
685 1908 851 1981 igitur
875 1908 1044 1980 Isaac,
1077 1911 1203 1967 dum
1231 1923 1449 1985 rogaret
1487 1913 1771 1974 Dominum
1808 1928 1870 1976 ut
1891 1930 2108 1992 pareret
2136 1927 2187 1992 Β
2210 1919 2379 1976 oculis
2407 1919 2687 1992 caligasse,
2712 1922 2869 1980 fidem
2900 1926 3127 1995 periisse
3153 1927 3222 1985 de
3246 1932 3473 2002 mundo,
3505 1943 3562 1992 et
3588 1908 3803 2008 religio;

515 2015 654 2056 uxor
681 2000 802 2072 ejus
826 2043 843 2069 ,
869 2017 989 2071 qua!
1015 2000 1216 2059 sterilis
1240 2014 1378 2071 erat,
1412 2009 1682 2065 concessit
1707 2008 1965 2068 Dominus
1987 2030 2108 2086 quas

514 2092 841 2166 postulabat.
873 2093 1335 2168 Illidebanturque
1364 2099 1565 2168 gemini
1608 2100 1663 2157 in
1689 2112 1846 2160 utero
1873 2104 1993 2172 ejus
2027 2107 2109 2164 in-

511 2187 650 2245 clusi
698 2189 967 2258 angustia.
1011 2189 1165 2260 Quze,
1216 2191 1346 2249 dum
1394 2205 1706 2267 angeretur,
1755 2200 2108 2270 interrogavit

514 2281 824 2353 Dominum,
871 2285 1194 2359 accepitque
1238 2303 1564 2360 responsum
1597 2310 1614 2349 :
1663 2293 1799 2351 Duas
1836 2309 2007 2367 gentes
2048 2300 2104 2356 in

507 2395 652 2442 utero
683 2395 769 2441 tuo
794 2395 936 2456 sunt,
966 2397 1014 2444 et
1039 2389 1146 2444 duo
1175 2391 1359 2459 populi
1387 2393 1452 2448 de
1478 2402 1649 2450 ventre
1673 2404 1763 2450 tuo
1784 2397 2101 2467 dividentur,

506 2480 828 2552 populusque
851 2482 1098 2554 populum
1119 2485 1403 2552 superabit,
1432 2497 1481 2541 et
1503 2491 1669 2561 major
1694 2491 1874 2547 stridet
1889 2493 2096 2551 minori.

509 2569 662 2639 Quod
691 2573 986 2643 ﬁguraliter
1010 2571 1236 2642 factum,
1267 2577 1431 2635 etiam
1464 2579 1596 2650 ipsis
1620 2579 1818 2639 Judais
1849 2601 1956 2641 non
1981 2602 2098 2644 cre-

507 2664 760 2722 dentibus
790 2675 975 2724 notum
1005 2677 1090 2725 est
1108 2712 1123 2736 .
1150 2672 1382 2742 qualiter
1403 2675 1634 2745 populus
1663 2678 1918 2735 Ecclesim
1958 2682 2097 2752 Syn-

506 2768 691 2827 agoga:
723 2759 976 2829 populum
999 2763 1296 2830 superavit,
1319 2773 1375 2820 et
1398 2767 1672 2837 quomodo
1699 2769 1854 2839 plebs
1883 2770 2098 2828 Judmo-

503 2860 621 2903 rum
665 2858 907 2923 tempore
939 2853 1112 2920 major
1151 2855 1321 2912 servit
1369 2858 1566 2915 minori
1600 2861 1798 2931 popqu
1833 2861 2094 2922 Christia-

506 2952 721 2996 norum.

571 3031 627 3087 2.
671 3033 944 3105 Siquidem
975 3051 1030 3092 et
1071 3037 1125 3093 in
1173 3039 1401 3111 singulis
1431 3043 1588 3100 nobis
1611 3043 1716 3100 hoc
1747 3044 1850 3103 dici
1875 3058 2087 3121 potest,

499 3130 643 3201 quod
671 3132 790 3188 dum
817 3142 1010 3204 gentes
1054 3145 1111 3192 et
1139 3135 1247 3191 duo
1280 3139 1462 3208 populi
1496 3151 1623 3196 sunt
1651 3142 1786 3197 intra
1820 3159 1921 3200 nos
1946 3187 1960 3212 ,
2009 3147 2091 3203 vi-

501 3225 697 3280 tiorum
734 3225 940 3281 scilicet
969 3238 1130 3299 atque
1187 3229 1484 3299 virtutum;
1516 3235 1678 3307 319
1707 3236 1798 3292 sed
1846 3238 1945 3294 iste
1985 3238 2088 3296 mi-

2215 2013 2300 2070 nis
2322 2015 2500 2071 lumen
2532 2025 2656 2073 ante
2681 2033 2804 2074 eum
2836 2020 3136 2091 neglectum
3165 2039 3287 2082 esse
3305 2027 3594 2100 signiﬁcat.

2282 2105 2335 2161 8.
2377 2107 2530 2176 Quod
2560 2109 2700 2166 ﬁlius
2749 2112 2924 2182 major
2969 2125 3217 2184 vocatur,
3249 2121 3490 2192 acceptio
3538 2123 3669 2195 legis
3712 2133 3800 2184 est

2208 2198 2537 2257 Judaeorum.
2587 2202 2741 2272 Quod
2786 2220 2938 2262 escas
2983 2207 3100 2278 ejus
3147 2218 3308 2281 atque
3336 2222 3583 2284 capturas
3627 2218 3799 2292 diligit

2206 2302 2393 2362 pater,
2423 2293 2666 2351 homines
2710 2306 2835 2354 sunt
2861 2299 2930 2355 ab
2957 2313 3145 2358 errore
3171 2303 3383 2372 salvati,
3412 2321 3546 2378 quos
3574 2324 3670 2379 per
3694 2311 3796 2368 do-

2204 2387 2431 2444 ctrinam
2464 2389 2640 2459 justus
2678 2393 2905 2464 quisque
2959 2404 3208 2454 venatur.
3253 2397 3444 2457 Sermo
3493 2402 3656 2476 320
3697 2404 3794 2464 Dei

2204 2477 2596 2537 benedictionis
2644 2491 2728 2540 est
2778 2486 3153 2555 repromissio,
3197 2497 3252 2546 et
3275 2503 3401 2562 spes
3426 2494 3576 2565 regni
3606 2494 3790 2566 futuri,

2203 2571 2258 2628 in
2283 2587 2390 2642 quo
2418 2589 2538 2630 cum
2564 2574 2780 2633 Christo
2808 2580 2979 2636 sancti
3025 2584 3298 2653 regnaturi
3346 2594 3492 2654 sunt,
3526 2597 3580 2644 et
3605 2604 3789 2650 verum

2202 2665 2492 2723 Sabbatum
2524 2669 2866 2731 celebraturi.
2896 2673 3136 2734 Rebecca
3165 2677 3323 2749 plena
3351 2679 3557 2753 Spiritu
3578 2693 3789 2755 sancto.

2200 2769 2253 2816 et
2282 2760 2457 2819 sciens
2474 2764 2615 2835 quod
2642 2765 2880 2825 audisset
2901 2779 3186 2843 antequam
3209 2785 3445 2846 pareret,
3472 2779 3596 2851 quia
3618 2782 3789 2850 major

2197 2854 2399 2911 serviet
2445 2857 2661 2927 minori,
2712 2861 2883 2929 magis
2925 2871 3103 2920 autem
3133 2865 3301 2923 forma
3333 2868 3564 2940 Spiritus
3590 2874 3785 2943 sancti,

2197 2960 2313 3017 qua:
2328 2946 2499 3003 futura
2515 2959 2736 3007 noverat
2756 2956 2811 3007 ln
2827 2952 3065 3020 Christo.
3080 2957 3133 3012 in
3152 2956 3318 3015 Jacob
3334 2969 3461 3018 ante
3477 2964 3783 3023 meditatur.

2267 3039 2320 3094 7.
2363 3039 2622 3113 Loquitur
2645 3042 2713 3099 ad
2744 3044 2909 3101 filium
2934 3047 3198 3107 minorem
3230 3069 3244 3105 :
3286 3050 3431 3109 Vade
3463 3051 3533 3109 lfd
3559 3074 3782 3129 gregem,

2194 3138 2242 3185 et
2267 3131 2440 3204 στείρα
2481 3133 2611 3190 mihi
2636 3136 2754 3191 inde
2781 3137 2914 3194 duos
2944 3139 3140 3208 tradas,
3164 3143 3512 3216 praefigurans
3533 3162 3782 3210 carneum

2193 3221 2488 3282 Salvatoris
2511 3225 2823 3297 adventum,
2855 3231 2910 3286 in
2931 3246 3038 3303 quo
3059 3247 3152 3290 eos
3178 3234 3261 3291 vel
3282 3237 3514 3296 maxime
3535 3239 3785 3301 liberaret

503 3334 602 3374 "0,.
627 3330 731 3386 ρει,
768 3320 854 3374 me
900 3321 1092 3392 major.
1123 3321 1353 3396 semper
1380 3327 1524 3382 enim
1565 3331 1746 3397 ριητρε
1777 3341 1903 3386 sum
1955 3334 2083 3390 mal;
2114 3339 2160 3405 ε
2195 3316 2286 3385 qui
2317 3319 2551 3386 peccatis
2582 3321 2901 3381 tenebantur
2937 3325 3181 3384 obnoxii.
3213 3325 3491 3400 Siquidem
3524 3332 3576 3389 in
3607 3335 3782 3393 omni-

500 3428 660 3484 quam
687 3414 836 3478 boni,
857 3424 912 3470 et
938 3417 1064 3474 vitia
1099 3421 1465 3477 numerosiora
1492 3423 1777 3480 virtutibus
1805 3435 1950 3481 sunt.
1977 3427 2086 3485 Sed

501 3513 684 3562 tamen
709 3515 764 3562 et
789 3509 841 3565 in
875 3510 1038 3567 nobis
1059 3513 1232 3583 gratia
1258 3513 1353 3570 Dei
1384 3517 1615 3586 populus
1639 3520 1895 3589 populum
1923 3537 2086 3591 supe-

497 3604 598 3663 rat,
627 3609 682 3655 et
713 3600 887 3668 major
934 3605 1094 3658 servit
1132 3605 1348 3662 minori.
1381 3608 1552 3664 Servit
1596 3611 1738 3666 enim
1767 3627 1892 3668 caro
1919 3615 2085 3686 spiri-

496 3694 596 3754 tul.
631 3703 684 3748 et
709 3695 835 3750 vitia
869 3698 1156 3772 virtutibus
1187 3701 1419 3768 cedunt;
1454 3703 1698 3773 procedit
1729 3715 1909 3763 autem
1943 3709 2083 3766 Esau

493 3783 698 3853 primus
727 3789 895 3853 rufus,
923 3799 977 3844 et
1008 3801 1148 3848 totus
1177 3803 1427 3864 tanquam
1456 3796 1572 3864 pilis
1605 3797 1860 3857 hirsutus.

565 3875 620 3930 '5.
666 3875 868 3934 Deinde
891 3881 1019 3935 exiit
1044 3881 1210 3938 frater
1235 3884 1351 3954 ejus
1394 3885 1578 3954 Jacob,
1633 3899 1686 3944 et
1730 3907 1918 3948 manus
1965 3894 2084 3963 ejus

497 3967 728 4036 implexa
758 3980 872 4025 erat
900 3973 1152 4029 calcaneo
1180 3973 1341 4031 Esau.
1373 3977 1476 4033 Sed
1504 3994 1600 4034 cur
1621 3981 1709 4037 ille
1740 3992 1880 4038 totus
1910 3988 2080 4054 rufus,

495 4069 546 4113 et
577 4060 836 4129 biSpidus,
872 4065 969 4119 nisi
998 4065 1117 4136 quia
1172 4067 1315 4134 prior
1365 4071 1589 4139 populus
1616 4074 1994 4144 prophetarum
2026 4087 2082 4135 et

490 4149 688 4207 Christi
733 4153 828 4209 fuit
861 4170 1052 4212 cruore
1093 4157 1346 4228 pollutus,
1386 4175 1450 4216 ac
1486 4167 1687 4233 peccati
1729 4178 1783 4222 et
1829 4171 2082 4239 nequitia:

493 4245 742 4315 squalore
770 4249 972 4305 exstitit
1002 4252 1398 4309 circumdatus?
1442 4253 1608 4323 Cujus
1633 4258 1751 4314 ideo
1773 4261 1948 4318 minor
1972 4264 2084 4319 cal-

490 4356 712 4396 canemu
743 4344 930 4413 tenuit,
960 4347 1080 4417 quia
1140 4349 1363 4419 mystice
1394 4350 1654 4422 majorem
1686 4354 1935 4426 populum
1982 4358 2082 4414 mi-

489 4447 588 4489 nor
617 4446 960 4501 superaturus
986 4447 1149 4495 esset.

2190 3409 2288 3464 bus
2312 3410 2608 3483 Scripturis
2665 3413 2806 3471 h:edi
2863 3431 2962 3487 pro
3010 3421 3380 3488 peccatoribus
3424 3427 3777 3494 accipiuntur.

2187 3501 2337 3570 Quod
2364 3511 2546 3561 autem
2576 3505 2704 3561 duos
2723 3507 2942 3578 jubetur
2962 3497 3179 3583 ἔσει-το,
3207 3513 3434 3573 duorum
3461 3519 3778 3592 populorum

2185 3593 2516 3666 signiﬁcatur
2543 3601 2859 3670 assumptio.

2255 3689 2308 3752 8,
2349 3689 2501 3759 Quod
2561 3703 2760 3751 teneros
2801 3703 2857 3750 et
2907 3696 3084 3762 bonos.
3132 3697 3336 3758 dociles
3381 3711 3437 3759 et
3465 3702 3780 3765 innocentes

2187 3780 2397 3837 animos
2427 3783 2714 3853 signiﬁcat.
2746 3785 2891 3841 Stola
2923 3786 3063 3844 Esau
3095 3788 3226 3848 ﬁdes
3255 3800 3311 3849 et
3331 3793 3621 3865 Scriptura
3648 3807 3776 3857 sunt

2186 3875 2553 3948 Hebraeorum,
2599 3894 2718 3951 quae
2771 3879 2875 3936 illis
2905 3881 3077 3951 primo
3107 3883 3243 3939 datae
3271 3895 3414 3952 sunt,
3443 3895 3496 3943 et
3527 3898 3776 3958 postmo-

2184 3974 2309 4031 dum
2340 3977 2617 4047 gentilium
2671 3975 2888 4034 indutus
2941 3989 3026 4038 est
3073 3983 3321 4054 populus.
3373 3983 3544 4042 Pelles
3570 3997 3770 4062 autem,

2183 4085 2303 4140 qua:
2332 4069 2450 4140 ejus
2474 4069 2708 4128 brachiis
2731 4071 3081 4130 circumdatae
3130 4084 3276 4143 sunt,
3327 4085 3541 4149 peccata
3570 4081 3772 4140 utrius-

2185 4176 2287 4232 que
2345 4161 2536 4232 plebis,
2593 4178 2711 4233 qua:
2757 4161 3002 4224 Christus
3041 4165 3095 4223 in
3155 4171 3471 4230 extensione
3516 4189 3769 4234 manuum

2183 4257 2326 4314 cruci
2355 4271 2537 4313 secum
2569 4257 2758 4316 afﬁxit.

2254 4351 2308 4406 9.
2348 4350 2502 4419 Quod
2529 4350 2681 4407 Isaac
2705 4351 2951 4420 quaerita
2968 4352 3135 4410 Iacob
3155 4368 3253 4412 cur
3268 4363 3376 4413 tam
3406 4358 3514 4416 cito
3539 4363 3764 4432 venerit,

2183 4441 2473 4499 admiratur
2497 4445 2728 4499 celerem
2751 4444 3086 4502 credentium
3118 4446 3297 4506 fidem.
3338 4448 3488 4518 Quod
3533 4453 3638 4509 cibi
3663 4455 3770 4512 de-

559 4525 611 4580 4.
659 4525 787 4580 Nam
818 4527 958 4595 quod
1008 4529 1108 4585 iste
1160 4530 1299 4587 Esau
1356 4533 1704 4605 primogenita
1736 4553 1829 4594 sua
1863 4550 2081 4612 propter
2185 4537 2463 4594 lectabiles
2492 4537 2810 4605 oﬁeruutur,
2869 4539 3040 4595 hostia
3093 4541 3309 4610 placens
3358 4542 3467 4600 Deo
3513 4546 3658 4602 salus
3684 4558 3767 4605 est

487 4629 661 4670 escam
688 4615 835 4673 fratri
860 4634 959 4674 suo
987 4620 1157 4676 eidem
1190 4624 1385 4689 juniori
1412 4628 1778 4697 venumdedit,
1821 4646 1884 4687 ac
1932 4643 2081 4704 post-
2184 4639 2547 4718 peccatorum.
2578 4629 2732 4699 Quod
2758 4639 2876 4700 post
2900 4645 3052 4688 esum
3092 4632 3331 4704 sequitur
3360 4634 3681 4703 benedictio,
3713 4650 3768 4696 et
3825 4711 3832 4718 ι

485 4707 700 4763 modum
730 4719 947 4780 paterna
995 4714 1362 4773 benedictione
1391 4719 1492 4775 sibi
1541 4721 1800 4791 promissa
1843 4725 2078 4794 privatus
2107 4724 2300 4813 Dejus
2348 4717 2517 4780 odore
2584 4723 2896 4794 perfruitur.
2950 4725 3202 4810 νῑτίυιοΨ
3255 4730 3662 4787 Femineam“
3712 4742 3769 4790 θι
3825 4751 3839 4818 ξ

484 4811 586 4869 est,
612 4805 871 4871 signiﬁcat
901 4810 1150 4866 eumdem
1179 4811 1525 4870 lsraelitieum
1571 4818 1848 4886 populum,
1879 4819 1990 4890 qui,
2017 4829 2074 4876 ut
2107 4805 2151 4813 ’
2181 4815 2334 4887 regni
2361 4824 2543 4886 aperta
2573 4830 2707 4874 voce
2758 4818 3085 4885 pronuntiat.
3117 4805 3323 4876 Taliter
3358 4823 3500 4878 enim
3544 4822 3802 4918 benedio,
3828 4807 3834 4843 ⁵

486 4894 657 4918 an...
1202 4904 1213 4916 .
1418 4906 1451 4918 ..
1568 4907 1637 4918 η..
1994 4917 1997 4918 ν
2211 4908 2222 4918 .
2395 4907 2437 4918 ..
2599 4909 2610 4918 .
2707 4909 2791 4918 -...
2899 4909 2913 4918 .
2988 4910 3002 4918 .
3165 4911 3176 4918 .
3367 4912 3379 4918 -
3451 4913 3463 4918 _
3532 4915 3544 4918 _

486 4894 657 4951 Exodi
705 4897 900 4952 iudicat
931 4899 1082 4967 liber,
1137 4904 1521 4975 primogenitus
1565 4907 1705 4962 filius
1738 4917 2072 4978 nuncupatus
2177 4908 2354 4965 citur:
2390 4907 2524 4963 Ecce
2543 4909 2672 4963 odor
2693 4909 2791 4980 filii
2809 4909 2932 4975 mei,
2955 4910 3087 4965 sicut
3107 4911 3238 4965 odor
3264 4912 3380 4985 agri
3405 4913 3563 4982 pleni.
3588 4914 3766 4975 Odore
3787 4894 3833 5003 ’,ί

483 4998 561 5042 est
586 4987 781 5058 (Exod.
817 5008 888 5058 tv,
921 4992 1051 5065 29.);
1093 4996 1180 5065 qui
1214 5007 1428 5068 propter
1459 5001 1738 5068 praesentis
1774 5003 1954 5058 smculi
1985 5003 2068 5059 lu-
2177 5003 2411 5060 nominis
2434 5004 2661 5072 Christi,
2694 5005 2838 5059 sicut
2863 5018 3009 5076 ager.
3040 5003 3272 5059 mundus
3303 5005 3572 5077 impletur,
3609 5008 3763 5080 cujus
3799 4997 3813 5026 ¹

479 5094 567 5134 cru
602 5097 705 5136 non
736 5083 908 5140 solum
944 5088 1200 5151 primatus
1238 5092 1318 5144 sui
1365 5091 1621 5147 honorem
1654 5092 1852 5156 amisit,
1884 5110 2068 5151 verum
2173 5107 2256 5154 est
2285 5097 2585 5154 benedictio
2637 5099 2701 5154 de
2749 5115 2867 5156 rore
2919 5099 3058 5165 cali,
3104 5098 3210 5156 ho‘c
3252 5108 3354 5169 est,
3387 5099 3454 5156 de
3474 5099 3761 5162 verborum

480 5176 641 5233 etiam
665 5190 714 5233 et
742 5179 889 5249 regni
915 5181 1146 5236 caelestis
1170 5184 1447 5253 prmmium
1475 5196 1829 5253 praeparatum
1846 5187 2069 5258 adipisci
2172 5189 2353 5260 pluvia
2383 5189 2709 5246 divinorum.

628 5333 1236 5436 pI-Sffoy-ttdltlli-entzigt
1274 5341 1839 5436 miliaad-ingerunt,
1890 5343 2051 5400 verba

2229 5345 2359 5436 Car.
2395 5362 2546 5436 sint.
2579 5345 2724 5436 Ni.
2761 5345 3111 5436 Primogegita
3142 5362 3316 5436 autem
3343 5346 3624 5436 ingratis
3650 5360 3759 5436 erat

479 5415 604 5491 lunt
626 5398 937 5491 {beauties
972 5398 1182 5490 Mor-aL:
1208 5398 1256 5464 (Ξ.
1414 5411 1603 5469 Cursu.
1781 5398 1838 5491 _'
2155 5398 3674 5491 sacerdotalisige—s‘Hieronimiiiiebrui'ci‘s'iraditiouibus
3697 5424 3754 5483 in

554 5474 692 5574 Illud.
739 5479 813 5574 AA!)
843 5480 1195 5574 ermJurieuda
1223 5482 1408 5574 cordis,
1442 5494 1601 5574 tergi.
1650 5484 1721 5574 lt?
1772 5485 1932 5574 Greg.
1964 5486 2054 5574 rat!
2157 5474 2527 5574 buturi-ocnus:
2561 5491 2758 5574 GRIAL.
2823 5474 2941 5574 .JJ

480 5547 833 5653 Eximio-ﬂendi}.
865 5553 1034 5604 cordis
1091 5553 1487 5653 iiiterna,FVal.
1521 5556 1756 5627 Compl.,
1809 5547 2051 5627 etvapud
2227 5560 2671 5653 l{uidit-iu[gata3
2706 5561 3181 5653 fruetus
3206 5570 3344 5653 eius;
3364 5565 3537 5653 Αξιεῐ.
3580 5635 3620 5653 n
3696 5637 3730 5653 η

483 5617 648 5702 Such:
679 5621 857 5700 lfordis
885 5632 1108 5704 terrena,
1145 5617 1518 5686 Ιηιιδτξϐηιειῐ..
1658 5617 1671 5627 ’
1743 5617 1751 5620 ⁷
1948 5617 1960 5627 ’
2324 5617 2671 5702 Πίονοῆξιηιηε
2705 5617 3010 5757 τιὶξιὶοαυὶί;
3571 5635 3755 5710 Expli-

555 5688 688 5743 Ibrd.
740 5692 1033 5746 Studiosius
1082 5711 1170 5747 cor
1216 5697 1409 5757 fodere.
1462 5699 1532 5752 Ita
1583 5698 1718 5757 apud
1743 5700 1902 5757 Greg.
1938 5698 2048 5757 ΛΙ..
2153 5704 2469 5757 εαυιι.ειοιιά
2499 5703 2717 5757 Bedam.
2797 5720 2940 5757 nm.
3745 5733 3755 5756 α

555 5688 688 5767 Ibid.
740 5692 1033 5746 Stmliosius
1082 5711 1170 5747 cor
1215 5697 1409 5766 fodere.
1462 5699 1532 5752 Ita
1583 5698 1718 5765 apud
1743 5700 1902 5766 Greg.
1938 5698 2048 5766 AL,
2153 5704 2307 5766 cavit,
2331 5704 2469 5767 apud
2499 5688 2717 5760 liedam.
2746 5688 2940 5760 Culta.
2989 5688 3004 5700 ’
3247 5688 3364 5693 "ﬁ
3410 5688 3456 5709 τ
3505 5688 3542 5692 γ’
3575 5688 3755 5756 Mr".

482 5762 782 5864 σοιῖζοςξεγς,
814 5772 871 5816 et
908 5779 1003 5826 pro
1037 5762 1294 5821 molestas.
1328 5768 1442 5864 Val.
1480 5762 1758 5864 colugéstas'.
1788 5762 1976 5825 GniaL.
2034 5762 2042 5766 ⁷
2231 5762 2305 5826 9.-
2330 5762 2460 5828 Ecce
2481 5773 2830 5864 odolrdrsque
2850 5777 2916 5864 ad
2955 5778 3123 5864 πείθω
3143 5781 3261 5850 erit,
3297 5779 3459 5864 verba
3487 5789 3612 5835 sunt
3643 5780 3755 5864 .Au-

600 5834 630 5864 .g'
757 5832 1067 5864 ‘...:....:....--
1110 5838 1346 5864 :....-_....a
1432 5851 1475 5864 ι-
1574 5857 1660 5864 _-_
1750 5848 2032 5864 --A--.-___-._a
2165 5852 2279 5864 ....-.
2357 5859 2445 5864 ...η
2519 5860 2539 5864 -

552 5831 686 5888 Ibid.
730 5832 1369 5934 Cogitatiogeslinzerunt.
1406 5840 1479 5896 Ita
1524 5831 1679 5914 Creg.
1714 5839 2055 5924 Imruerguut,
2161 5831 2931 5934 EISS.,.¥antftlgiVif.;Ctlp.

552 5856 686 5888 ιυια.
730 5856 1067 5901 uoguauoues
1109 5856 1160 5891 tu
1198 5856 1369 5893 erum.
1406 5856 1479 5896 Ita
1524 5856 1679 5914 breg.
1714 5856 2055 5915 lmruerguut,
2161 5856 2325 5913 gusu,
2357 5859 2445 5900 xvr
2475 5856 2543 5900 oe
2570 5856 2757 5920 Ctvit.,
2809 5863 2931 5928 cap.
2977 5856 3069 5921 57,
3123 5865 3194 5909 no

479 5898 572 5956 lib.
601 5919 680 5970 ο..
712 5913 766 5963 et
794 5905 932 5977 apud
967 5907 1127 5966 Eucb.
1160 5856 1350 5968 ἔδω..
1983 5915 1991 5924 '
2027 5945 2031 5950 -
2168 5915 2406 5974 mutatis.
2437 5912 2625 5974 Gmac.
2781 5933 2788 5940 -
2838 5925 2846 5930 -
2935 5928 3000 5955 ..ο
3063 5947 3079 5957 ,.
3121 5928 3144 5935 ευ
3170 5929 3194 5935 η-
