4100 6344
257 167 364 230 257

1082 161 1535 239 QUAESTIONES
1575 168 1642 227 IN
1685 167 1844 227 \‘ET.
1883 167 2182 232 TESTAII.
2213 206 2282 224 -ε
2307 170 2374 234 IN
2411 170 2722 238 GENESIN.

3443 183 3550 244 258

326 287 415 346 I0.
456 285 526 344 Et
553 284 618 342 de
639 282 950 359 pinguedine
977 293 1146 353 terror,
1193 289 1293 345 hoc
1322 297 1424 358 est,
1469 290 1534 343 de
1560 303 1850 361 congrega-
1873 287 1926 349 Δ
1952 303 2194 360 carnem,
2213 293 2380 361 idest,
2400 296 2598 366 populo
2630 296 2814 366 lsrael,
2840 303 2895 352 et
2917 298 3110 369 patria,
3133 298 3186 356 id
3208 306 3315 370 est,
3333 300 3554 362 .Ieroso-

252 381 400 437 tione
446 378 790 450 populorum.
862 377 1248 436 Multitudinem
1309 383 1575 451 instruenti,
1629 392 1675 438 et
1722 383 1845 452 vini,

251 475 358 533 hoc
387 487 492 537 est.
527 475 834 544 multitudo,
863 492 1022 549 quam
1074 479 1278 551 colligit
1307 481 1626 537 frumentum
1678 490 1731 537 et
1773 483 1846 537 vi-

251 587 380 628 num
426 572 480 627 in
530 582 871 629 sacramento
925 573 1164 644 corporis
1217 584 1271 631 et
1323 576 1599 648 sanguinis
1637 576 1738 631 sui.
1772 574 1850 630 Illi

253 666 500 722 serviunt
525 663 704 735 populi
731 679 798 721 ex
814 666 1062 722 omnibus
1085 669 1332 738 gentibus
1355 669 1420 723 ad
1444 685 1563 725 eum
1583 669 1850 724 conversi.

255 755 432 827 Ipsum
462 757 690 813 adorant
716 758 908 825 tribus,
944 759 995 814 id
1018 768 1122 828 est,
1148 761 1328 832 pepuli
1351 777 1414 818 ex
1444 761 1853 818 circumcisione

252 847 555 905 credentes.
611 848 727 920 Ipse
780 859 865 907 est
896 849 1154 907 Dominus
1184 853 1406 909 fratrum
1453 870 1695 922 suorum,
1728 855 1852 924 quia

252 938 394 1009 plebi
440 939 752 995 dominatur
796 939 1128 999 Iudaeorum.
1182 943 1340 1017 321
1392 944 1570 1014 Ipsum
1625 946 1856 1001 aderant

256 1029 352 1084 filii
385 1030 575 1086 matris
604 1030 744 1101 ejus,
801 1032 923 1104 quia
956 1043 1010 1089 et
1049 1033 1166 1103 ipse
1194 1036 1488 1092 secundum
1519 1052 1735 1093 carnem
1785 1051 1854 1092 ex

252 1137 315 1176 ea
347 1130 505 1178 natus
550 1132 654 1178 est.
699 1122 874 1194 Ipsum
923 1125 1014 1195 qui
1045 1126 1379 1183 maledixerit
1407 1129 1723 1186 maledictus
1748 1138 1850 1195 est,

251 1223 307 1270 et
331 1216 425 1287 qui
452 1216 811 1284 benedixerit,
837 1217 1296 1277 benedictionibus
1323 1222 1638 1293 replebitur.

323 1327 416 1385 Il.
457 1328 729 1398 Christus,
760 1331 999 1402 inquam,
1036 1345 1218 1390 noster
1267 1352 1332 1390 ex
1389 1352 1483 1394 ore
1537 1339 1715 1410 populi
1746 1338 1852 1394 Pa-

258 1430 395 1479 trem
428 1423 724 1494 ignorantis
756 1426 1109 1495 benedicitur,
1143 1428 1194 1484 id
1216 1440 1316 1498 est,
1343 1432 1609 1490 veraciter
1634 1433 1850 1491 dicitur.

255 1511 363 1571 Sed
389 1514 528 1571 alius
557 1532 585 1572 a
635 1517 836 1576 Iudaeis
890 1520 1132 1578 benedici
1169 1534 1401 1592 putatur,
1453 1525 1543 1598 qui
1572 1527 1639 1582 ab
1663 1529 1740 1584 eis
1766 1545 1855 1585 er-

258 1608 506 1662 rantibus
529 1620 895 1680 exspectatur.
921 1613 1061 1670 Ecce
1084 1615 1509 1674 benedictionem
1535 1620 1849 1688 promissam

257 1709 537 1769 repetente
566 1703 792 1775 majore,
832 1707 1045 1777 expavit
1072 1707 1236 1774 Isaac,
1271 1721 1324 1764 et
1346 1711 1506 1766 alium
1539 1728 1596 1768 se
1626 1729 1721 1784 pro
1748 1714 1855 1769 alio

256 1791 598 1852 benedixisse
645 1798 955 1867 cognoscit;
1003 1814 1101 1855 nec
1144 1808 1323 1858 tamen
1369 1802 1674 1875 indignatur
1701 1822 1857 1863 reve-

257 1885 368 1941 lato
389 1887 492 1943 sibi
515 1902 879 1958 sacramento,
913 1892 1006 1946 sed
1037 1887 1320 1949 confirmat
1350 1894 1774 1954 benedictionem
1805 1900 1858 1956 in

257 1978 394 2046 ﬁlio,
426 1979 612 2037 dicens
641 1999 655 2036 :
681 1981 932 2038 Benedixi
961 2000 1096 2054 eum,
1126 1995 1175 2040 et
1204 1985 1495 2043 benedictus
1519 1999 1613 2046 est.

332 2089 418 2145 I2.
462 2091 590 2148 Haec
619 2100 701 2148 est
727 2092 1033 2150 benedictio
1064 2097 1232 2166 prima
1279 2098 1444 2167 Isaac,
1475 2117 1594 2171 quae
1623 2101 1743 2158 data
1775 2113 1860 2160 est

255 2181 453 2237 minori
486 2183 685 2253 populo
710 2183 1154 2256 Christianarum,
1187 2190 1282 2245 sed
1334 2207 1508 2261 neque
1541 2205 1713 2253 tamen
1744 2210 1859 2251 ma-

251 2273 429 2343 jorem
471 2272 638 2329 lilium
666 2284 879 2331 constat
930 2277 1138 2346 penitus
1168 2279 1331 2336 luisse
1369 2282 1704 2353 despectum,
1733 2286 1856 2356 quia

257 2381 385 2423 cum
418 2367 696 2424 intraverit
746 2371 1025 2441 plenitudo
1051 2374 1309 2443 gentium,
1336 2386 1458 2432 tunc
1487 2379 1661 2434 omnis
1692 2380 1853 2438 Israel

253 2462 437 2518 salvus
460 2463 585 2518 erit.
619 2465 779 2534 Cujus
811 2475 988 2522 tamen
1019 2470 1272 2524 secundm
1305 2472 1695 2530 benedictionis
1725 2491 1855 2544 pro-

255 2554 498 2625 phelatio
531 2557 645 2613 haec
668 2569 747 2613 cst
776 2576 788 2612 :
823 2557 887 2614 In
920 2561 1229 2631 pinguedine
1259 2575 1423 2633 terrm,
1455 2575 1500 2620 et
1530 2568 1580 2622 in
1609 2584 1722 2623 rore
1743 2568 1858 2624 caeli

255 2650 472 2722 desuper
491 2652 584 2705 erit
618 2652 897 2707 benedictio
927 2662 1051 2718 tua;
1081 2665 1135 2710 et
1162 2657 1212 2710 in
1246 2658 1564 2730 pinguedine
1600 2669 1777 2726 terrm,
1803 2659 1854 2716 id

254 2754 358 2811 est,
421 2746 475 2800 in
535 2747 860 2805 fecunditate
887 2765 1093 2818 rerum,
1119 2762 1168 2804 et
1195 2751 1430 2822 potentia
1454 2752 1625 2823 regni,
1651 2770 1770 2825 quae
1799 2754 1853 2812 in

259 2835 347 2892 illo
371 2841 574 2908 popqu
598 2841 724 2905 fuit;
766 2842 898 2926 etin
944 2857 1067 2899 rore
1096 2843 1218 2900 cmli
1247 2848 1351 2900 erit
1405 2845 1708 2903 benedictio
1742 2856 1850 2921 tua,

256 2930 307 2986 itl
353 2942 460 2999 est,
491 2934 545 2989 in
576 2935 803 3005 eloquiis
834 2937 947 2994 Dei.

1956 385 2119 457 lyma,
2141 389 2452 444 etomnibus
2467 390 2770 460 regionibus
2791 389 3156 458 .ludazaa,abiit
3178 392 3229 448 in
3254 405 3440 465 gentes
3463 408 3553 451 ac-

1955 478 2160 548 cipiens
2174 481 2274 537 sibi
2291 481 2414 538 inde
2429 481 2746 551 Ecelesiam,
2767 494 2822 540 ut
2849 483 3164 555 impleretur
3185 485 3325 556 quod
3351 485 3555 544 dictum

1953 580 2036 627 est
2066 588 2080 625 :
2117 570 2319 628 Vocabo
2349 574 2542 644 plebem
2571 592 2734 629 meant
2765 593 2866 630 non
2894 577 3087 647 plebem
3129 594 3312 648 meam,
3355 588 3404 633 et
3451 593 3555 634 non

1954 662 2194 721 dilectam
2225 669 2418 738 plebem
2448 669 2705 724 dilectam.
2739 666 2807 723 Et
2851 670 2948 725 erit
2995 671 3049 726 in
3088 672 3202 728 loco
3229 672 3316 728 ubi
3360 672 3557 728 dictum

1954 762 2029 810 est
2055 771 2073 810 :
2107 754 2231 811 Non
2263 757 2403 828 plebs
2429 775 2540 815 mea
2566 775 2676 827 vos,
2707 759 2778 814 ibi
2805 761 3121 817 vocabuntur
3144 761 3244 833 ﬁlii
3269 761 3369 821 Dei
3397 764 3518 822 uiui.

2523 897 2750 958 CAPUT
2790 899 2984 957 XXIV.

2180 992 2258 1051 De
2299 996 2444 1051 scala
2491 1012 2647 1067 quam
2673 996 2727 1052 in
2768 997 2960 1054 visione
2983 998 3111 1054 vidit
3154 997 3342 1055 Iacob.

2032 1111 2084 1165 I.
2127 1109 2364 1182 Pergens
2404 1119 2586 1168 autem
2615 1110 2786 1168 Iacob
2816 1111 2868 1168 in
2899 1111 3361 1182 Mesopotamiam,
3407 1108 3556 1170 venit

1958 1204 2012 1261 in
2039 1205 2218 1261 locum
2251 1205 2340 1260 ubi
2366 1220 2508 1261 nunc
2536 1203 2848 1262 Bethlehem
2873 1216 3120 1276 vocatur,
3164 1215 3220 1262 et
3248 1204 3428 1278 posuit
3445 1204 3552 1262 sub

1957 1298 2132 1369 capite
2160 1313 2261 1355 suo
2293 1298 2522 1370 lapidem
2563 1315 2840 1370 magnum.
2877 1299 2942 1356 Et
2992 1299 3268 1356 dormiens
3289 1298 3415 1356 vidit
3441 1312 3557 1356 sca-

1959 1391 2064 1446 lam
2120 1391 2434 1459 subnixam,
2492 1390 2810 1448 innitentem
2868 1392 3030 1462 caelo,
3082 1400 3138 1449 et
3189 1393 3410 1462 angelos
3465 1388 3559 1447 Dei

1958 1485 2312 1541 ascendentes
2341 1495 2397 1541 et
2437 1485 2853 1543 descendentes.
2905 1485 3018 1542 Hoc
3062 1485 3213 1553 viso,
3265 1486 3556 1555 evigilavit,

1959 1577 2215 1648 unxitque
2258 1577 2512 1646 lapidem,
2560 1577 2784 1637 dicens:
2821 1578 2954 1633 Vere
2999 1577 3082 1633 hic
3105 1577 3289 1633 domus
3320 1576 3415 1633 Dei
3457 1583 3558 1644 est,

1887 1677 1931 1740 Β
1959 1683 2006 1728 et
2031 1682 2178 1744 porta
2208 1673 2342 1728 cali.
2371 1673 2433 1729 Et
2462 1672 2542 1728 his
2569 1670 2727 1730 dictis
2754 1672 3004 1730 discessit
3030 1685 3272 1728 somnus.

2034 1763 2091 1818 2.
2132 1763 2364 1821 Somnus
2411 1762 2512 1820 iste
2543 1763 2731 1830 Iacob,
2766 1779 2934 1835 mors,
2985 1764 3103 1819 sive
3156 1761 3332 1832 passio
3359 1758 3561 1816 Christi

1963 1870 2066 1914 est.
2094 1858 2255 1930 Lapis
2276 1859 2342 1914 ad
2367 1867 2528 1930 caput
2549 1859 2686 1930 ejus,
2712 1860 2801 1930 qui
2824 1859 3143 1914 nominatim
3167 1855 3564 1929 quodammodo

1963 1951 2138 2007 dictus
2187 1959 2273 2007 est
2320 1951 2483 2007 etiam
2525 1962 2735 2018 unctus,
2767 1951 3040 2007 Christum
3073 1950 3372 2022 signiﬁcat;
3404 1955 3565 2019 caput

1965 2044 2110 2099 enim
2144 2043 2241 2100 viri
2270 2045 2517 2100 Christus
2538 2053 2641 2099 est.
2673 2043 2803 2110 Quis
2830 2044 2973 2100 enim
2998 2042 3167 2098 nescit
3197 2041 3466 2097 Christum
3495 2038 3566 2096 ab

1966 2139 2217 2194 unctione
2246 2137 2550 2210 appellari?
2576 2137 2777 2193 Domus
2806 2149 2982 2193 autem
3012 2137 3128 2204 Dei,
3155 2136 3278 2208 quia
3309 2134 3380 2192 ibi
3405 2143 3565 2190 natus

1963 2239 2047 2285 est
2066 2229 2316 2286 Christus
2343 2231 2395 2286 in
2431 2230 2766 2288 Bethlehem.
2803 2230 2961 2286 Porta
2992 2245 3122 2285 vero
3158 2229 3305 2295 cmli,
3338 2229 3460 2300 quia
3485 2225 3563 2284 ibi

1963 2322 2017 2377 in
2048 2331 2244 2378 terram
2270 2323 2584 2380 descendit:
2617 2322 2742 2379 inde
2765 2322 2959 2378 iterum
2989 2321 3056 2377 ad
3078 2324 3276 2378 emtum
3299 2317 3564 2376 ascendit.

1965 2413 2182 2470 Erectio
2213 2424 2391 2471 autem
2421 2415 2613 2485 lapidis
2643 2414 2969 2472 resurrectio
2994 2411 3193 2470 Christi
3219 2422 3324 2469 est.

2035 2509 2090 2565 5.
2132 2508 2302 2564 Porro
2327 2509 2468 2565 scala
2496 2507 2742 2564 Christus
2791 2519 2895 2575 est,
2944 2507 3036 2578 qui
3084 2506 3215 2563 dixit
3249 2523 3262 2560 :
3299 2504 3411 2578 Ego
3451 2519 3564 2560 sum

1963 2603 2066 2658 ria.
2101 2603 2205 2658 Per
2243 2604 2381 2658 hanc
2433 2603 2750 2668 ascendunt,
2801 2612 2856 2658 et
2912 2601 3246 2658 descendunt
3276 2599 3477 2669 angeli,
3509 2597 3565 2656 in

1965 2696 2164 2767 quibus
2195 2695 2476 2766 significati
2529 2705 2658 2750 sunt
2698 2695 3063 2765 evangelista,
3098 2703 3151 2749 et
3180 2692 3564 2763 praedicatores

1962 2787 2186 2845 ChriSti.
2216 2787 2584 2844 Aseendentes
2630 2786 2837 2857 utique,
2899 2801 3018 2840 cum
3058 2785 3123 2840 ad
3156 2781 3556 2854 intelligendam
3599 2807 3604 2814 ο

1962 2881 2081 2951 ejus
2112 2880 2762 2952 supereminentissimam
2785 2879 3119 2935 divinitatem
3147 2877 3413 2934 excedunt
3440 2875 3562 2931 uni-

1962 2990 2172 3032 versam
2203 2985 2526 3039 creaturam,
2555 2983 2612 3029 ut
2632 2987 2753 3029 eum
2777 2971 3119 3028 inveniautin
3142 2968 3404 3040 principio
3435 2979 3564 3024 ver-

328 3047 416 3102 15.
450 3046 580 3116 Ipsis
635 3052 774 3106 enim
808 3053 1034 3124 primum
1088 3056 1289 3112 credita
1318 3065 1443 3113 sunt
1481 3058 1694 3129 eloquia
1737 3058 1853 3126 Dci,
1885 3087 1933 3154 ο
1964 3065 2115 3135 bum,
2146 3067 2313 3124 Deum
2343 3066 2485 3137 apud
2515 3066 2706 3134 Deum,
2729 3081 2824 3137 per
2845 3080 3005 3137 quem
3037 3061 3173 3120 facta
3202 3070 3330 3118 sunt
3350 3061 3552 3118 omnia.

256 3151 308 3197 et
331 3142 464 3211 legis
485 3143 854 3204 Testamenta.
884 3147 1031 3203 I'ines
1055 3149 1252 3221 gladio,
1275 3149 1326 3205 id
1345 3160 1449 3217 est,
1468 3152 1588 3222 quia
1609 3151 1858 3224 sanguini

257 3235 482 3306 populus
516 3236 618 3292 istc
655 3238 866 3294 deditus
917 3257 1106 3298 necem
1137 3242 1192 3297 in
1229 3243 1440 3300 Christo
1470 3245 1551 3300 vel
1584 3245 1859 3315 prophetis

258 3329 519 3384 exercuit.
551 3325 614 3382 Et
647 3330 794 3401 fratri
842 3342 926 3385 tuo
970 3334 1172 3400 servies,
1222 3333 1414 3390 minori
1445 3335 1626 3405 utique
1655 3335 1860 3392 scilicet

262 3419 456 3488 populo
484 3417 814 3477 Christiano.
833 3421 1169 3495 Tempusquc
1197 3423 1598 3497 venietquandn
1616 3429 1858 3484 excutias

259 3519 310 3566 et
349 3511 530 3567 solvas
556 3513 743 3585 jugum
775 3513 841 3570 de
867 3517 1166 3572 cervicibus
1208 3519 1335 3584 tuis,
1365 3518 1514 3588 dum,
1555 3537 1650 3592 per
1677 3523 1861 3592 cogni-

261 3602 460 3659 tioncm
497 3606 619 3661 lidei
649 3607 711 3660 ad
743 3607 969 3679 gratiam
1003 3609 1203 3665 Christi
1232 3625 1553 3680 conversus,
1593 3613 1862 3682 deposue-

263 3699 337 3753 ris
359 3699 678 3773 onuslegis,
705 3702 918 3771 quando
941 3703 1050 3772 jam
1074 3720 1176 3759 non
1200 3720 1386 3762 servus
1409 3707 1587 3778 populi
1613 3709 1856 3776 minoris,

261 3793 354 3850 sed
387 3809 484 3862 per
515 3793 672 3850 fidem
702 3796 864 3852 frater
889 3797 1190 3855 vocaberis.

334 3907 423 3962 II.
469 3906 633 3979 Igitur
663 3908 803 3965 Esau
826 3919 948 3982 post
980 3912 1404 3970 benedictionem
1447 3912 1613 3984 patris
1644 3913 1860 3971 invidiae

263 4001 494 4057 stimulis
525 4004 844 4070 concitatus,
877 4021 1062 4062 necem
1097 4006 1246 4063 fratri
1301 4022 1401 4063 suo
1445 4009 1613 4065 Iacob
1641 4010 1862 4066 fraudu-

263 4092 438 4150 lenter
465 4096 752 4167 excogitat.
816 4097 929 4154 Iloc
981 4101 1230 4156 nimirum
1263 4113 1318 4156 et
1344 4103 1600 4159 Iudaicus
1631 4104 1858 4174 populus

263 4185 312 4240 in
349 4186 570 4244 Christo
600 4189 1020 4260 praemeditatus,
1051 4209 1157 4248 non
1184 4194 1355 4249 solum
1413 4195 1694 4252 Dominum
1725 4197 1861 4264 pati-

265 4279 388 4335 bulo
414 4282 596 4338 crucis
626 4283 865 4352 tradidit,
914 4301 1098 4341 verum
1139 4287 1300 4342 etiam
1331 4289 1616 4346 credentes
1672 4289 1726 4345 in
1769 4289 1860 4346 illo

266 4388 437 4444 usque
459 4373 527 4428 ad
557 4374 873 4434 effusionem
913 4377 1190 4448 sanguinis
1228 4377 1538 4451 persecutus
1562 4391 1662 4439 est.
1694 4383 1861 4440 Iacob

2035 3180 2092 3234 4.
2136 3177 2538 3235 Deseendentes
2568 3185 2769 3242 autem,
2802 3184 2859 3230 ut
2897 3189 3021 3230 eum
3068 3172 3339 3229 inveniant
3367 3171 3564 3227 factum

1965 3287 2029 3328 ex
2081 3270 2330 3336 muliere,
2381 3269 2580 3325 factum
2628 3269 2729 3325 sub
2785 3268 2924 3338 lege,
2970 3276 3028 3322 ut
3068 3281 3162 3323 eos
3191 3265 3281 3337 qui
3309 3263 3412 3322 sub
3448 3263 3568 3334 lego

1964 3373 2122 3424 erant
2168 3364 2479 3421 redimeret.
2529 3363 2588 3418 In
2641 3361 2731 3418 illa
2778 3360 2921 3417 enim
2974 3359 3135 3431 323
3175 3357 3317 3415 scala
3359 3372 3389 3414 a
3421 3366 3565 3413 terra

1963 3473 2134 3528 usque
2161 3457 2214 3512 in
2244 3457 2465 3522 ccelum,
2503 3469 2531 3508 a
2557 3469 2722 3510 carne
2747 3467 2916 3524 usque
2935 3452 3004 3507 ad
3029 3450 3296 3521 spiritum.
3320 3448 3566 3505 carnales

1964 3549 2324 3620 proliciendo,
2371 3549 2518 3603 velut
2544 3543 2912 3610 ascendendo,
2963 3540 3265 3613 spirituales
3290 3540 3453 3604 fiunt;
3494 3535 3562 3592 ad

1965 3657 2103 3716 quos
2133 3643 2274 3697 lacte
2305 3639 2625 3696 nutriendos
2654 3639 2818 3694 etiam
2853 3636 2952 3706 ipsi
2999 3632 3309 3704 spirituales
3337 3631 3564 3687 descen-

1964 3736 2100 3792 dunt
2122 3731 2546 3806 quodammodo,
2574 3746 2696 3785 cum
2725 3729 2805 3785 eis
2836 3742 2940 3782 non
2971 3730 3195 3795 possunt
3215 3721 3382 3793 loqui,
3407 3718 3561 3792 quasi

1964 3824 2359 3898 Spiritualibus,
2385 3823 2480 3878 sed
2504 3822 2655 3893 quasi
2703 3817 3032 3876 carnalibus.
3239 3904 3243 3905 ν
3503 3901 3546 3905 __

2035 3917 2090 3972 5.
2112 3913 2231 3983 Ipse
2270 3923 2353 3971 est
2383 3927 2596 3969 sursum
2625 3911 2679 3966 in
2707 3911 2882 3981 capite
2903 3921 3039 3974 suo;
3072 3907 3188 3975 ipse
3215 3904 3467 3963 deorsum
3501 3902 3558 3962 in

1965 4023 2194 4079 corpore
2224 4023 2342 4074 suo,
2376 4005 2518 4077 quod
2549 4013 2632 4060 est
2663 4002 2926 4059 Ecclesia.
2971 4000 3146 4071 Ipsum
3176 4013 3307 4070 ergo
3357 3996 3554 4054 scalam

1967 4101 2336 4172 intelligimus,
2362 4099 2484 4168 quia
2513 4098 2630 4168 ipse
2651 4095 2793 4152 dixit
2821 4111 2836 4150 :
2866 4092 2980 4164 Ego
2999 4109 3112 4148 sum
3140 4092 3242 4148 via.
3276 4089 3356 4146 Ad
3384 4090 3558 4160 ipsum

1967 4211 2096 4264 ergo
2123 4193 2448 4260 ascenditur,
2483 4201 2539 4246 ut
2580 4191 2633 4245 in
2659 4187 2890 4246 excelsis
2911 4185 3260 4257 intelligatur.
3293 4184 3359 4240 Et
3384 4182 3451 4240 ad
3481 4183 3562 4254 ip—

1965 4304 2086 4345 sum
2132 4285 2496 4352 descenditur,
2527 4292 2588 4338 ut
2617 4284 2670 4337 in
2701 4281 2956 4338 membris
3002 4280 3115 4335 suis
3161 4277 3411 4351 parvulus
3461 4289 3562 4332 nu-

1969 4382 2176 4437 triatur.
2214 4379 2279 4433 Et
2312 4394 2406 4449 per
2432 4377 2582 4432 illum
2619 4390 2679 4432 se
2704 4376 2940 4447 erigunt,
2984 4385 3040 4430 ut
3083 4388 3206 4430 eum
3253 4372 3564 4429 sublimiter

265 4475 444 4521 autem
494 4465 649 4522 dolos
697 4468 908 4538 fugiens
972 4469 1154 4527 fratris
1177 4512 1193 4537 ,
1247 4472 1408 4544 322
1463 4474 1642 4530 relicta
1698 4473 1858 4530 domo
1884 4485 1942 4548 ι)
1967 4485 2232 4545 spectent.
2261 4473 2361 4528 Per
2391 4471 2563 4542 ipsum
2591 4472 2751 4528 etiam
2781 4485 2840 4526 se
2869 4468 3176 4535 ltumiliant,
3204 4476 3265 4522 ut
3305 4482 3428 4524 eum
3468 4481 3564 4522 suo

266 4561 461 4630 patria,
488 4562 571 4618 vel
596 4564 927 4634 parentibus,
950 4565 1093 4621 vadit
1116 4566 1170 4622 in
1197 4568 1468 4638 regionem
1493 4569 1860 4642 longinquam,

267 4663 320 4709 ut
342 4654 610 4724 acciperet
640 4656 744 4713 sibi
775 4673 1019 4714 uxorem.

339 4749 429 4806 I5.
449 4747 565 4804 Non
579 4749 732 4809 aliter
745 4751 1004 4821 Christus,
1023 4755 1222 4812 relictis
1241 4756 1549 4828 parentibus
1563 4758 1860 4816 secundum

341 4919 450 5003 Il).
477 4927 530 4982 Μ
536 4929 860 4986 altitudinem
891 4935 1153 5002 frumenti,
1185 4933 1370 4998 πλήθος
1394 4939 1542 4993 σίτου
1582 4937 1670 4992 καί
1698 4935 1859 5003 οἴνου,

465 5003 844 5079 Abundantium
873 4999 1006 5079 dtxit
1037 4999 1189 5079 Vulg.
1213 5010 1318 5062 Sed
1353 5007 1542 5060 mirqu
1567 5009 1704 5076 apud
1729 4999 1857 5063 Am;

277 5072 534 5149 brnsium,
573 5074 664 5127 lib.
697 5075 764 5149 de
793 5076 980 5139 .lacoh,
1009 5072 1378 5132 abundantiam
1407 5079 1532 5149 legi,
1575 5072 1696 5133 cum
1723 5080 1858 5133 mul-

277 5147 542 5221 titudinem
595 5147 736 5221 apud
787 5150 1139 5221 Augustinum
1175 5152 1431 5221 legamus.
1470 5147 1613 5205 Nam
1671 5151 1861 5207 eadem
1920 5162 1924 5166 '

278 5217 558 5270 tralatione
577 5217 825 5274 videntur
849 5219 1007 5273 ambo
1031 5223 1131 5276 usi.
1165 5217 1356 5277 ϐιῐιιιι..

340 5286 486 5341 Ibid.
521 5285 1026 5367 Quantcolligit,_ita
1050 5296 1183 5363 Aug.
1211 5307 1263 5367 et
1297 5295 1454 5361 lmpr.
1493 5295 1622 5362 Qua:
1641 5295 1860 5367 colligit,

281 5357 396 5434 M‘ss.
429 5376 510 5434 ο2
546 5360 801 5434 mendose
822 5357 1286 5434 {colligiturEnim
1313 5357 1596 5421 multitudo
1618 5357 1863 5424 comtan

282 5428 435 5484 nione
469 5429 838 5486 Eucltaristize.

344 5500 484 5581 Ibid.
541 5498 670 5581 Filii
722 5507 901 5581 metris
930 5507 1038 5576 ejus
1068 5523 1132 5564 es
1162 5507 1318 5579 Vulg.
1373 5507 1567 5576 Patris,
1616 5509 1864 5581 August.,

282 5575 738 5656 ex‘S_ept‘uaginta.
770 5574 959 5656 Gntst.

347 5646 436 5731 ιιι.
477 5643 589 5731 Em:
608 5661 725 5731 ore"
745 5649 1483 5731 populiﬁl’at‘retn_igtto:antis,
1507 5671 1572 5714 ex
1613 5657 1867 5731 lmpress.

284 5724 334 5773 et
358 5717 645 5790 Augustin.
679 5716 762 5773 Ex}
786 5735 872 5776 ore
904 5719 1097 5794 Patris,
1131 5716 1256 5782 Mss.
1289 5716 1482 5786 Cutis.

1966 4568 2204 4625 blimiter
2232 4584 2294 4625 ac
2325 4574 2688 4636 temperanter
2716 4565 3057 4620 annuntieut.

2039 4664 2091 4722 ϐ.
2124 4663 2250 4720 Post
2278 4663 2412 4719 hanc
2440 4661 2698 4718 visionem
2726 4659 2850 4716 inde
2869 4658 3036 4716 Iacob
3065 4658 3166 4714 iter
3198 4655 3402 4714 faciens
3429 4655 3565 4714 vidit

1965 4773 2115 4825 oves,
2151 4765 2206 4814 et
2232 4767 2494 4828 pastores,
2527 4763 2581 4811 et
2607 4763 2824 4826 puteum
2855 4767 3006 4823 aqua:
3038 4750 3195 4818 vivas,
3226 4760 3281 4806 et
3324 4747 3559 4821 lapidem

2039 4937 2177 4996 Ibid.
2215 4937 2489 5009 Repetente
2533 4935 2750 5008 majore,
2801 4947 2867 4991 ex
2913 4933 3144 5006 August.
3196 4936 3255 4988 et
3301 4927 3558 4999 Impress.

1969 5011 2204 5072 Petente.
2236 5011 2363 5066 Mss.
2393 5009 2594 5082 (inut.
3026 5074 3042 5082 _
3132 5074 3144 5082 _
3319 5070 3332 5082 ,

2041 5064 2146 5138 ἐξ.
2163 5064 2279 5138 Sed
2306 5064 2464 5151 neque
2489 5080 2757 5151 majorem,
2786 5091 2956 5149 usque
2977 5074 3044 5133 ad
3063 5074 3234 5131 salvus
3261 5070 3377 5138 erit,
3395 5064 3558 5124 verba

1966 5165 2091 5213 sunt
2120 5149 2450 5223 Hieronymi,
2492 5149 2627 5228 ibid.
2668 5149 2860 5228 (ζιιιιλιη
2929 5218 2943 5228 ⁸
3153 5216 3165 5228 ,
3292 5226 3304 5228 _
3354 5208 3430 5228 λλ

2039 5208 2356 5312 ιρἰεηιιῖ
2402 5208 2582 5296 populi
2630 5221 2864 5291 minoris,
2894 5218 2991 5286 al.,
3034 5216 3216 5274 servies
3243 5208 3434 5283 populo
3459 5208 3559 5264 mi—

1967 5301 2102 5356 nori.
2136 5296 2328 5355 GRIAL.
3283 5352 3296 5366 .
3509 5350 3521 5363 .

2045 5372 2132 5427 ιι.
2176 5369 2369 5436 Grial.,
2421 5365 2719 5436 mendose,
2767 5381 2871 5421 non
2918 5360 3086 5418 solum
3141 5355 3365 5412 Domino
3412 5361 3564 5426 patr-

1971 5443 2110 5500 bula.
2143 5445 2312 5498 Anev.

2042 5493 2366 5572 iiiéI'Iiiv.
2419 5512 2482 5569 Ν.
2531 5511 2588 5567 2.
2637 5511 2864 5566 Somnus
2908 5505 3002 5560 iste
3053 5499 3236 5570 Iacob,
3290 5511 3465 5624 ιιεὲοο
3490 5493 3560 5553 ad

2042 5597 2312 5624 ..ηονηηιιν
2334 5585 2657 5624 ηηηιηριερηι
2691 5581 2805 5624 hmn
2830 5593 2895 5624 ex
2922 5576 3016 5624 lib.
3043 5589 3116 5624 xu
3139 5581 3324 5624 contra
3394 5577 3560 5624 aust..

1972 5597 2312 5658 temperanter
2333 5585 2661 5658 annuntient,
2690 5581 2805 5636 htcc
2830 5593 2896 5635 ex
2921 5576 3016 5632 lib.
3043 5589 3116 5630 ιιι
3139 5576 3560 5658 οιρηιςοᾼιθειιῇ,

1973 5677 2023 5716 c.
2055 5644 2148 5726 Gil),
2180 5661 2258 5713 vel
2288 5674 2458 5714 sertn.
2485 5657 2554 5712 79
2584 5644 2658 5712 de
2699 5659 2972 5724 tempore;
3013 5661 3138 5707 nam
3186 5644 3376 5703 eadem
3418 5647 3568 5694 utm-

1973 5733 2151 5806 bique.
2187 5731 2380 5789 GRIAL.

3563 5840 3599 5850 ης
