4100 6344
473 383 584 445 2σὸ

1512 379 1574 437 8.
1615 375 1870 439 ISIDOBI
1905 374 2355 454 lllSPALENSlS
2392 374 2702 440 EPlSCOPl

3642 372 3751 438 961

538 499 635 556 25.
673 496 779 556 Sed
819 489 945 569 quia
975 494 1174 553 bonum
1203 501 1287 552 est
1315 499 1376 550 ut
1417 492 1583 552 etiam
1612 492 1731 550 inec
1759 492 1866 549 vita
1896 491 2055 548 latius
2085 493 2133 556 Α
2161 504 2448 551 recusante
2478 503 2690 551 noctem
2719 489 2855 559 Liae,
2886 498 2945 548 ut
2969 489 3166 550 Rachel
3196 490 3378 566 pomis
3404 504 3572 550 suave
3597 491 3753 551 olen-

468 589 817 649 innotesoens
844 588 1160 661 popularem
1191 586 1416 661 gloriam
1455 595 1754 653 mereatur,
1799 585 2056 657 injustam

468 691 555 741 est
571 693 752 741 autem
793 692 852 740 ut
893 698 1014 740 eam
1061 689 1444 752 consequatur,
1477 681 1524 736 si
1559 691 1860 736 amatorem
1899 693 2054 734 suum

466 773 914 833 administrandis
933 775 1316 832 ecclesiasticis
1344 774 1488 830 curis
1519 785 1704 844 aptum
1727 782 1781 830 et
1805 771 2057 829 idoneum

467 867 524 926 in
548 867 662 925 otio
685 867 911 934 detinet,
945 882 1046 924 nec
1067 865 1445 937 gubernationi
1476 869 1782 922 communis
1811 863 2059 920 utilitatis

465 959 730 1034 impertit,
761 970 1046 1032 propterea
1079 959 1172 1016 Lis
1207 960 1383 1016 sorori
1405 975 1520 1016 suae
1539 959 1672 1016 dicit
1702 999 1719 1014 .
1757 958 1956 1013 Parum
1983 967 2059 1011 est

468 1055 562 1111 tibi
589 1057 728 1128 quod
754 1055 922 1110 virum
946 1069 1115 1109 meum
1149 1053 1411 1127 accepisti,
1434 1055 1646 1127 insuper
1667 1063 1715 1108 et
1743 1050 2059 1123 mandrago-

467 1163 555 1202 ras
583 1147 682 1217 ﬁlii
705 1149 806 1202 ιιιεί
823 1146 899 1201 vis
924 1146 1196 1216 accipere?

537 1243 630 1300 21.
659 1242 761 1300 Per
797 1256 964 1298 unum
995 1242 1168 1298 virum
1216 1239 1529 1314 signiﬁcans
1557 1255 1652 1297 eos
1691 1253 1880 1297 omnes
1929 1237 2019 1309 qui
2042 1277 2060 1306 ,

471 1349 595 1394 cum
626 1335 735 1392 sint
757 1333 950 1406 agendi
979 1335 1177 1392 virtute
1204 1333 1434 1402 habiles,
1477 1345 1531 1390 et
1559 1331 1707 1404 digni
1735 1331 1928 1403 quibus
1972 1345 2062 1386 reo

469 1431 645 1504 gimen
676 1429 938 1488 Ecclesiae
963 1431 1333 1488 committatur
1371 1429 1438 1484 ad
1474 1426 1894 1500 dispensandum
1939 1424 2064 1482 ﬁdei

469 1533 893 1594 sacramentum,
953 1525 1052 1591 illi,
1110 1523 1324 1583 accensi
1375 1522 1551 1579 studio
1587 1520 1849 1579 doctrinas
1905 1529 2066 1591 atque

469 1618 789 1692 indagandae
817 1627 873 1678 et
895 1618 1331 1690 contemplanda:
1373 1617 1674 1687 sapientiae,
1705 1629 1764 1671 se
1792 1614 1861 1670 ab
1886 1611 2063 1668 omni-

469 1712 573 1771 bus
603 1713 875 1771 actionum
907 1715 1173 1770 molestiis
1227 1727 1505 1769 removere
1544 1720 1706 1782 atque
1735 1710 1788 1767 in
1818 1707 1930 1764 otio
1978 1707 2065 1765 di-

478 1806 663 1900 scendi
723 1815 890 1877 atque
930 1805 1159 1862 docendi
1209 1807 1395 1861 volunt
1444 1802 1747 1860 considere.
1797 1802 1870 1857 lta
1936 1816 2066 1872 ergo

2160 584 2304 640 tibus
2343 593 2399 641 et
2429 585 2577 641 clare
2608 582 2908 639 nitentibus
2941 584 3194 654 potiatur.

2231 676 2320 732 29.
2358 681 2489 744 Quae
2517 675 2809 748 aliquando
2835 675 3046 745 etipsa,
3099 683 3390 746 prastante
3435 673 3752 733 misericor—

2161 769 2248 826 dia
2281 768 2398 836 Dei,
2431 783 2527 839 per
2572 785 2634 826 se
2683 769 2854 840 ipsam
2911 767 3082 840 parit;
3132 769 3222 823 vix
3251 767 3464 824 tandem
3513 769 3754 839 quidem,

2161 865 2282 935 quia
2302 879 2582 935 perrarum
2609 875 2716 930 est,
2747 872 2844 919 ut:
2891 861 2959 917 In
3005 863 3259 934 principio
3288 872 3400 918 erat
3430 861 3686 927 Verbum,
3711 873 3758 917 et

2169 955 2396 1012 Verbum
2439 965 2549 1012 erat
2588 939 2732 1028 apud
2775 955 2962 1026 Deam,
2993 965 3040 1010 et
3095 955 3230 1012 Dens
3259 964 3366 1010 erat
3416 954 3661 1019 Verbum,
3706 963 3762 1009 et

2162 1049 2422 1122 quidquid
2466 1049 2536 1106 de
2579 1049 2681 1107 hac
2710 1065 2770 1108 re
2820 1053 2910 1123 pie
2952 1047 3335 1120 sapienterque
3381 1047 3597 1116 dicitur,
3641 1051 3761 1103 sine

2164 1141 2543 1212 phantasmate
2572 1143 2806 1199 carnalis
2856 1140 3209 1213 cogitationis
3249 1149 3306 1198 et
3355 1139 3646 1196 salubriter
3678 1140 3760 1195 vel

2164 1249 2231 1293 ex
2265 1243 2419 1305 parte
2456 1237 2724 1308 capiatur.

2237 1331 2329 1389 50.
2352 1332 2476 1390 Alio
2499 1349 2715 1406 quoque
2742 1348 2905 1390 sensu
2933 1331 3084 1389 Liam
3115 1341 3172 1390 et
3203 1331 3409 1389 Rachel
3453 1330 3760 1389 Victorinus

2169 1437 2399 1502 martyr,
2427 1437 2483 1484 et
2511 1430 2692 1486 caueri
2742 1429 2795 1486 in
2837 1429 3195 1486 similitudine
3225 1427 3484 1485 Ecclesiae
3521 1427 3606 1484 vel
3632 1428 3765 1497 Syn-

2169 1535 2353 1593 agogae
2397 1523 2730 1594 interpretati
2773 1532 2919 1580 sunt.
2965 1523 3116 1580 Liam
3151 1523 3297 1579 enim
3341 1522 3600 1592 majorem
3631 1529 3758 1576 natu

2169 1613 2471 1688 Synagoga:
2502 1616 2741 1674 tenuisse
2763 1617 3078 1674 existimant
3104 1627 3312 1691 typum,
3342 1616 3466 1687 quia
3499 1616 3645 1687 prior
3666 1612 3762 1671 Dei

2169 1711 2357 1782 genuit
2379 1712 2656 1782 populum.
2681 1711 2746 1766 Et
2762 1711 2978 1782 quidem
3019 1720 3076 1768 et
3095 1710 3269 1768 oculis
3298 1710 3493 1782 legitur
3516 1706 3761 1779 gravida,

2169 1802 2298 1876 quia
2330 1801 2415 1860 lex
2448 1818 2544 1874 per
2597 1803 2819 1874 Moysen
2861 1802 2984 1858 data
3039 1812 3295 1876 cooperta
3350 1809 3437 1859 est
3475 1808 3637 1873 atque
3685 1797 3765 1856 si-

471 1889 678 1954 dictutix
730 1905 816 1952 est
873 1913 888 1951 :
941 1893 1140 1951 Parum
1195 1904 1271 1949 est
1320 1893 1410 1948 tibi
1454 1893 1592 1966 quod
1632 1893 1875 1963 accepisti
1902 1893 2066 1947 virum
2096 1889 2350 1967 Bgnata.

470 2007 663 2057 meum,
688 1990 897 2062 insuper
937 1999 983 2044 et
1014 1990 1383 2060 mandragores
1410 1987 1507 2057 ﬁlii
1538 1987 1636 2040 mei
1669 1986 1743 2040 vis
1788 1985 2067 2056 accipere!

473 2084 602 2140 acsi
631 2082 946 2140 diceretur:
991 2081 1187 2138 Parum
1232 2090 1312 2139 est
1361 2080 1502 2149 quod
1530 2077 1776 2136 homines
1802 2079 1869 2133 ad
1910 2077 2069 2134 labo-

475 2192 590 2234 rem
622 2192 799 2234 rerum
829 2176 1187 2250 gerendarum
1222 2174 1553 2231 ιιθεεεθιιιίοι
1601 2173 1654 2229 in
1703 2173 1817 2230 otio
1861 2171 2070 2229 detinet

475 2267 586 2323 vita
609 2267 997 2336 studiosorum,
1027 2269 1249 2339 insuper
1271 2275 1326 2323 et
1368 2266 1678 2338 popularem
1723 2264 1952 2336 gloriam
1983 2277 2069 2320 re-

476 2360 660 2432 quirit.

543 2449 636 2506 25.
669 2449 923 2516 Proinde,
959 2461 1019 2508 ut
1046 2451 1187 2522 juste
1206 2465 1324 2508 eam
1349 2460 1642 2521 comparet,
1693 2451 1934 2522 impertit
1960 2449 2070 2506 lla-

479 2543 602 2602 cbel
630 2546 802 2602 virum
834 2547 1014 2604 sorori
1042 2562 1156 2602 sua:
1181 2545 1270 2602 illa
1298 2557 1474 2614 nocte,
1507 2556 1563 2602 ut
1590 2546 1798 2603 scilicet
1836 2547 1926 2618 qui
1959 2546 2069 2603 vir-

477 2647 593 2697 tate
610 2639 876 2696 laboriosa
896 2640 1145 2712 regimini
1165 2640 1484 2712 populorum
1503 2641 1891 2698 accommodati
1919 2650 2064 2710 sunt,

479 2730 695 2788 etiarnsi
727 2732 971 2788 scientia:
1001 2747 1193 2790 vacare
1216 2734 1549 2806 delegerint,
1591 2733 1884 2805 suscipiant
1903 2751 2071 2807 expe-

473 2823 724 2882 rientiam
780 2825 1175 2894 tentationum,
1235 2844 1598 2901 curarumque
1649 2828 1916 2886 sarcinam
1967 2845 2066 2901 pro

481 2918 710 2976 utilitate
756 2921 1056 2986 communi,
1083 2936 1152 2977 ne
1202 2923 1315 2993 ipsa
1364 2922 1608 2979 doctrina
1650 2925 1950 2994 sapientia,
1980 2928 2068 2981 cui

471 3025 665 3068 vacare
691 3019 1013 3078 statuerant,
1050 3012 1479 3084 blaspltemetttr,
1517 3031 1692 3086 neque
1739 3016 2068 3088 adipiscatur

474 3101 544 3158 ab
581 3103 1007 3173 imperitioribus
1060 3105 1270 3176 populis
1322 3107 1780 3166 existimationem
1831 3109 2064 3178 bonam,

472 3192 639 3266 329
661 3196 806 3265 quod
847 3196 938 3251 illa
971 3211 1130 3268 poma
1153 3197 1484 3269 signiﬁcant,
1514 3211 1570 3257 et
1619 3203 1762 3274 quod
1811 3219 2066 3262 necessa-

473 3297 613 3339 rium
645 3294 731 3341 est
757 3285 823 3341 ad
854 3287 1284 3346 exhortationem
1315 3291 1659 3352 discentium.

546 3374 639 3430 26.
677 3377 786 3434 Sed
819 3379 976 3450 plane
1008 3389 1067 3436 ut
1094 3382 1232 3439 hanc
1254 3399 1440 3442 curam
1465 3388 1760 3458 suscipiant
1787 3390 1842 3447 vi
1870 3407 2071 3464 cogun-

474 3479 586 3540 tur,
609 3473 740 3530 satis
765 3483 820 3530 et
853 3475 955 3533 hoc
993 3478 1355 3550 signiﬁcatum
1403 3492 1488 3540 est
1517 3485 1658 3554 quod
1711 3501 1832 3543 cum
1864 3488 2073 3547 veniret

476 3564 548 3622 de
586 3583 715 3639 agro
745 3568 934 3636 Jacob,
969 3575 1206 3631 occurrit
1236 3575 1288 3632 ei
1338 3575 1458 3644 Lia,
1512 3593 1744 3653 eumque
1797 3583 2068 3652 detinens,

480 3661 550 3716 ait
582 3677 599 3716 :
631 3664 712 3718 Ad
743 3681 821 3722 me
845 3667 1078 3734 intrabis,
1126 3672 1353 3727 conduxi
1383 3671 1517 3728 enim
1548 3684 1595 3729 te
1625 3691 1718 3744 pro
1763 3679 2073 3752 mandrago-

478 3755 555 3810 ris
581 3755 680 3825 ﬁlii
710 3759 828 3814 mei.
862 3758 1136 3834 Tanquam
1165 3763 1375 3822 diceret
1415 3780 1429 3820 :
1469 3765 1754 3836 Doctrinae,
1786 3786 1946 3841 quam
1991 3772 2074 3827 di-

481 3846 623 3919 ligis,
658 3849 739 3907 vis
765 3853 1016 3911 conferre
1051 3855 1244 3914 bonam
1275 3857 1630 3931 Opinionem?
1679 3863 1790 3919 noli
1817 3863 2073 3934 defugere

479 3939 781 3996 officiosum
821 3942 1082 4000 laborem.
1135 3945 1264 4004 llaec
1310 3948 1365 4003 in
1411 3948 1656 4007 Ecclesia
1686 3952 1798 4021 geri
1828 3954 2073 4025 quisquis

476 4030 774 4088 adverterit
811 4035 1019 4102 cernit,
1061 4046 1120 4094 et
1172 4041 1480 4110 experimur
1511 4041 1566 4098 in
1617 4043 1881 4114 exemplis
1927 4045 2072 4116 quod

479 4122 827 4195 intelligimus
865 4128 918 4184 in
948 4128 1116 4187 libris.

547 4215 638 4272 27.
671 4217 803 4286 Quis
834 4234 941 4277 non
984 4220 1168 4278 videat
1194 4223 1296 4280 hoc
1326 4225 1439 4300 geri
1475 4235 1589 4285 toto
1622 4228 1756 4287 orbe
1780 4237 2071 4299 terrarum,

478 4310 666 4367 venire
689 4310 934 4370 homines
969 4313 1038 4370 ab
1065 4316 1318 4384 operibus
1372 4319 1581 4390 szeculi,
1612 4330 1666 4379 et
1693 4323 1773 4379 ire
1799 4323 1852 4379 in
1904 4324 2073 4380 otium

483 4403 872 4474 cognoscendae
911 4416 964 4462 et
983 4409 1411 4480 contemplanda
1438 4413 1701 4484 veritatis,
1731 4423 1986 4488 tanquam
2019 4420 2072 4473 in

480 4494 789 4564 amplexum
845 4496 1065 4566 llaehel,
1118 4511 1172 4556 et
1217 4503 1393 4574 excipi
1441 4504 1511 4561 de
1560 4513 1870 4564 transverso
1897 4510 2074 4566 eccle-

479 4584 692 4643 slastica
724 4589 1067 4660 necessitate,
1098 4603 1260 4663 atque
1297 4595 1537 4653 ordinari
1578 4598 1632 4656 in
1663 4599 1924 4670 laborem,
1954 4611 2074 4661 tan-

479 4693 639 4749 quam
668 4678 760 4735 Lia
786 4681 1000 4738 dicente
1033 4684 1149 4738 :Ad
1180 4702 1259 4741 me
1281 4687 1532 4745 intrabis!

547 4770 641 4827 38.
671 4773 881 4841 Quibus
910 4785 1059 4833 caste
1113 4779 1427 4851 mysterium
1483 4783 1576 4840 Dei
1607 4783 2069 4857 dispensantibus,

478 4862 532 4921 in
561 4877 720 4922 nocte
775 4865 936 4938 hujus
965 4872 1143 4927 saeculi
1184 4873 1324 4929 ﬁlios
1349 4886 1611 4945 generent
1643 4880 1786 4948 ﬁdei,
1821 4882 2070 4939 laudatur

478 4971 507 5010 a
535 4958 747 5030 populis
772 4959 936 5016 etiam
963 4960 1054 5019 illa
1076 4961 1204 5034 vita,
1239 4967 1397 5040 cujus
1428 4985 1615 5027 amore
1645 4977 1889 5031 conversi
1914 4991 2066 5047 spent

478 5053 658 5110 seculi
703 5054 1064 5127 reliquerunt,
1087 5067 1145 5115 et
1191 5075 1260 5117 ex
1289 5060 1449 5133 cujus
1491 5066 1828 5136 professione
1865 5069 1934 5125 ad
1966 5069 2070 5126 ιιιί-

477 5145 760 5202 nisterium
810 5148 1064 5220 regenda:
1121 5151 1295 5223 plebis
1331 5158 1592 5227 assumpti
1623 5167 1769 5213 sunt.
1815 5158 1871 5215 ld
1919 5162 2065 5217 enim

477 5248 641 5308 agunt
688 5240 742 5297 in
791 5242 1043 5299 omnibus
1074 5242 1349 5302 laboribus
1401 5250 1533 5317 suis,
1585 5259 1639 5307 ut
1683 5251 1769 5307 illa
1805 5253 2069 5322 professio

477 5343 585 5399 quo
622 5347 681 5388 se
705 5344 1084 5391 converterant
1119 5336 1264 5410 (quia
1291 5340 1428 5396 tales
1457 5349 1696 5398 rectores
1716 5344 1933 5414 populis
1963 5345 2069 5402 de-

477 5419 576 5492 dit)
608 5423 770 5482 latius
793 5437 849 5485 et
868 5429 1068 5488 clarius
1097 5431 1450 5503 gloriﬁcetur.
1479 5444 1732 5507 tanquam
1765 5437 1931 5496 Jacob
1958 5455 2064 5497 non

515 5677 532 5695 ³
550 5601 652 5695 26.
671 5601 957 5695 Defigere.
977 5614 1523 5695 amciosumlaborem,
1554 5633 1619 5676 ex
1639 5619 1789 5695 _Aug.
1802 5693 1809 5695 ξ
1823 5629 1878 5677 et
1901 5622 2061 5694 lmpr.

480 5675 684 5809 ἔέἵίἶε
728 5675 878 5752 οι]ιὸἱὶ
938 5675 1202 5756 latiorem,
1255 5686 1377 5746 Mss.
1409 5731 1423 5757 ,
1482 5675 1586 5748 n'on
1637 5691 1709 5748 ita
1738 5675 2063 5767 “aegiiii'e'r'.

546 5823 835 5914 ιςιξοε
854 5837 1096 5914 geperent
1122 5829 1273 5899 fidei,
1309 5835 1533 5907 August.
1583 5848 1636 5896 ct
1675 5840 1839 5914 impr.
1903 5839 2064 5900 Filios

475 5895 1018 5963 generentDci,'Mss.
1053 5895 1269 5958 omit;
1391 5895 1421 5907 '
1597 5895 1631 5896 η
1679 5895 1806 5934 -έ-τῖ

2245 1989 2409 2060 33o
2435 1989 2524 2045 51.
2549 1988 2781 2045 Rachael
2823 1998 3002 2044 autem
3030 1987 3213 2059 junior
3240 1996 3298 2046 et
3329 1986 3574 2060 pulchra,
3609 1984 3760 2058 prius

2172 2082 2398 2149 sterilis,
2428 2091 2484 2137 et
2519 2081 2857 2153 postmodum
2913 2080 3158 2147 fecunda,
3190 2077 3484 2136 similitudo
3529 2087 3612 2136 est
3660 2076 3764 2132 Ec-

2173 2175 2375 2231 clesiae.
2433 2175 2645 2242 Junior,
2690 2175 2817 2246 quia
2866 2184 3108 2246 tempore
3173 2173 3460 2246 posterior.
3511 2171 3760 2238 Pulchra,

2172 2267 2298 2338 quia
2328 2281 2558 2335 corpore
2595 2275 2652 2324 et
2706 2269 2898 2339 spiritu
2947 2276 3154 2323 sancta.
3212 2266 3366 2323 Oculi
3404 2265 3522 2338 ejus
3557 2261 3764 2332 decori,

2174 2358 2302 2431 quia
2337 2358 2689 2431 Evangelium
2723 2360 3036 2429 prospicere
3061 2368 3399 2417 meruerunt.
3445 2360 3575 2428 Qua:
3601 2359 3762 2417 etiam

2173 2449 2362 2507 tandiu
2391 2452 2596 2509 sterilis
2619 2451 2740 2521 fuit,
2757 2467 3038 2525 quousque
3063 2453 3347 2526 Synagoga
3385 2454 3640 2527 populum
3665 2467 3762 2526 ge-

2172 2543 2417 2601 nerahat.

2243 2637 2335 2693 52.
2364 2637 2474 2694 Cur
2495 2647 2674 2696 autem
2695 2639 2862 2697 Jacob
2883 2654 2980 2712 pro
3023 2639 3222 2697 Rachel
3254 2640 3498 2709 servivit,
3538 2649 3594 2697 et
3639 2653 3766 2710 sup-

2172 2732 2391 2803 ponitur
2412 2733 2462 2788 ei
2490 2731 2588 2788 Lia
2630 2734 2824 2804 major,
2873 2732 2974 2790 nisi
3005 2735 3130 2805 quia
3162 2731 3444 2801 Dominus,
3475 2741 3533 2788 ut
3581 2731 3768 2790 Eccle-

2170 2826 2306 2883 siam
2352 2838 2675 2899 assumeret,
2730 2832 2877 2900 prius
2906 2829 3007 2886 sibi
3058 2828 3394 2902 Synagogam
3442 2827 3765 2899 conjunxit?

2171 2917 2419 2979 Servitus
2449 2923 2631 2995 itaque
2665 2924 2833 2994 ipsius
2881 2923 3054 2981 Jacob
3103 2932 3311 2995 septem
3366 2938 3628 2979 annorum
3667 2936 3766 2995 pro

2170 3014 2381 3073 duabus
2410 3018 2668 3075 uxoribus
2696 3016 2855 3087 hujus
2881 3019 3004 3074 vita:
3032 3017 3314 3089 praesentis
3355 3026 3565 3089 tempus
3593 3014 3763 3087 signi-

2174 3107 2323 3177 ﬁcat,
2349 3125 2469 3181 quac
2497 3125 2594 3182 per
2623 3121 2831 3182 septem
2861 3111 2979 3168 dies
3009 3112 3260 3178 volvitur,
3295 3112 3347 3168 in
3375 3125 3478 3182 qua
3511 3110 3767 3167 Dominus

2169 3203 2397 3261 formam
2426 3205 2567 3261 servi
2610 3205 2839 3277 accepit,
2881 3202 3056 3263 factus
3099 3205 3358 3262 obedicns
3415 3214 3650 3276 paterna:
3683 3219 3774 3259 vo.

2094 3272 2142 3339 ο
2173 3297 2364 3357 luntati
2391 3313 2562 3370 usque
2600 3298 2668 3354 ad
2713 3272 2962 3355 mortem.
2999 3297 3095 3354 Ille
3123 3298 3268 3353 enim
3301 3272 3628 3369 pro'ovibus
3652 3310 3771 3353 ser-

2173 3391 2273 3458 vit,
2297 3400 2354 3447 et
2375 3390 2634 3447 Dominus
2666 3401 2850 3448 noster
2878 3392 2991 3447 ait:
3021 3387 3076 3445 Ν
3081 3407 3144 3445 οη
3165 3391 3302 3446 venit
3331 3388 3379 3442 F
3381 3389 3506 3446 ilius
3549 3387 3770 3444 hominis

2174 3488 2478 3555 ministrari,
2510 3487 2601 3542 sed
2629 3487 2945 3543 ministrare.

2244 3582 2337 3640 35.
2361 3580 2456 3638 llle
2475 3593 2607 3638 oves
2631 3579 2799 3652 pavit,
2830 3589 2886 3636 et
2915 3579 3170 3636 Dominus
3200 3580 3251 3635 in
3283 3576 3569 3649 Evangelio
3597 3576 3727 3634 dicit
3752 3593 3770 3635 :

2177 3673 2293 3746 Ego
2347 3690 2462 3730 sitm
2516 3684 2690 3751 pastor
2731 3675 2915 3729 bonus.
2961 3673 3055 3729 Ille
3085 3672 3348 3728 mercedis
3381 3671 3530 3727 lucro
3559 3671 3769 3726 varium

2175 3768 2281 3826 sibi
2322 3783 2489 3840 pecus
2541 3767 2787 3833 abstulit,
2840 3765 3088 3823 Christus
3141 3764 3476 3822 diversarum
3531 3764 3768 3836 gentium

2176 3861 2492 3917 varietatem
2523 3861 2744 3916 sibimet
2772 3859 3137 3932 congregavit.
3169 3857 3262 3914 llle
3293 3867 3401 3913 tres
3431 3856 3609 3928 virgas
3652 3873 3772 3912 am-

2177 3956 2375 4027 putatis
2403 3955 2697 4012 cortieihus
2725 3956 2779 4011 in
2800 3955 2968 4012 alveis
2990 3969 3245 4025 aquarum
3272 3951 3545 4024 opposuit,
3575 3961 3632 4007 ut
3671 3965 3770 4008 ea-

2178 4063 2299 4104 rum
2332 4048 2791 4117 contemplatione
2829 4047 3319 4118 multiplicarentur
3346 4043 3464 4117 ejus
3512 4059 3671 4100 oves.
3704 4043 3768 4100 Et

2178 4139 2439 4197 Dominus
2466 4150 2653 4198 noster
2693 4139 2747 4196 in
2772 4155 2909 4212 aqua
2949 4140 3285 4211 baptismatis
3325 4136 3486 4194 trium
3517 4150 3772 4208 personae

2177 4245 2295 4287 rum
2339 4231 2556 4288 nomina
2585 4232 2779 4300 Patris,
2809 4243 2865 4290 et
2911 4231 3049 4298 Filii,
3097 4243 3148 4288 et
3182 4230 3412 4303 Spiritus
3442 4228 3638 4299 sancti,
3669 4244 3770 4301 po-

2175 4324 2306 4395 pulo
2359 4324 2504 4381 ﬁdeli
2557 4325 2860 4397 proposuit,
2890 4335 2949 4382 ut
2993 4327 3221 4399 quisque
3268 4325 3371 4383 hoc
3398 4315 3561 4398 pleno
3607 4323 3771 4383 corde

2177 4419 2550 4492 perspexerit,
2576 4418 2843 4477 efﬁciatur
2870 4419 2992 4479 ovis
3031 4419 3150 4478 Dei.

2733 4535 2962 4594 CAPUT
3013 4533 3199 4593 XXVI.

2099 4669 2156 4735 Β
2182 4628 2256 4688 De
2295 4635 2422 4704 fuga
2453 4630 2617 4688 Iacob
2647 4640 2693 4688 et
2728 4629 2958 4735 Rachel,
2973 4648 3089 4715 qua:
3126 4637 3299 4703 furata
3331 4639 3404 4688 est
3445 4630 3567 4687 deos
3605 4629 3769 4705 patris

2248 4795 2300 4850 l.
2333 4795 2464 4853 Post
2507 4796 2722 4870 longam
2773 4795 2934 4869 igitur
2969 4795 3288 4854 servitutem
3317 4839 3332 4863 ,
3383 4811 3545 4868 quam
3599 4794 3769 4852 Jacoh
3833 4822 3839 4834 ο

2175 4889 2315 4960 apud
2341 4904 2589 4946 socerum
2621 4905 2779 4946 suum
2830 4905 2929 4960 pro
2988 4889 3270 4956 uxoribus,
3305 4889 3447 4944 velut
3494 4887 3767 4956 mercede,

2174 4984 2453 5049 sustinuit,
2495 4985 2751 5056 pratcepit
2773 4983 2824 5040 ei
2850 4984 3111 5042 Dominus
3139 4993 3198 5041 ut
3223 4991 3588 5042 reverteretur
3607 4982 3659 5039 in
3681 4996 3773 5054 pa-

2174 5079 2332 5135 triam
2356 5094 2533 5136 suam.
2563 5078 2737 5146 'l‘une,
2767 5080 3049 5151 ignorante
3087 5094 3300 5146 socero,
3329 5094 3452 5136 cum
3504 5077 3772 5133 uxoribus

2175 5179 2233 5228 et
2260 5172 2520 5229 comitatu
2551 5173 2880 5244 properavit.
2916 5171 3100 5229 Laban
3131 5181 3310 5228 autem
3341 5181 3665 5228 consecutus
3685 5179 3773 5226 est

2173 5278 2297 5321 eum
2355 5267 2408 5321 in
2455 5273 2694 5321 montem
2747 5264 2950 5322 Galaad
3003 5279 3123 5322 cum
3142 5263 3369 5337 “furore,
3422 5272 3584 5336 atque
3633 5261 3770 5320 idola
3814 5299 3848 5335 μ

2173 5374 2294 5430 qua:
2334 5359 2537 5418 Rachel
2565 5361 2736 5418 furata
2775 5369 2892 5419 erat
2913 5359 3056 5432 apud
3085 5375 3206 5418 cum
3227 5358 3530 5433 requisivit,
3555 5371 3656 5416 nec
3681 5372 3771 5414 re-

2175 5451 2338 5524 perit.

2248 5628 2387 5706 ibid.
2421 5629 2737 5706 Apopulis,
2761 5631 2918 5706 _Aug.
2959 5633 3022 5688 ab
3072 5634 3343 5706 apostolis,
3384 5630 3529 5706 Mss.
3566 5630 3763 5706 Gntsa.

2247 5700 3154 5780 Ibid.Administerium'regendie
3205 5706 3397 5780 plebis.
3449 5704 3532 5759 Ad
3561 5705 3764 5761 miseri.

2176 5774 2582 5846 cordiarrt,Aug.
2610 5783 2666 5830 et
2696 5774 2854 5846 lmpr.
2887 5774 3081 5834 GaitL.
3205 5774 3221 5780 ⁷
3534 5789 3548 5816 '

2248 5843 2401 5925 ἔξω).
2425 5843 2610 5925 ρεισδε
2640 5843 2886 5925 concern,
2915 5851 3142 5925 August.
3177 5848 3288 5919 AL,
3317 5866 3418 5919 qua
3461 5867 3532 5925 ac.
3567 5851 3763 5925 Gnttt.

2248 5915 2337 5970 55.
2359 5916 2584 5986 Quisque
2611 5919 2952 5979 retinendum
2985 5915 3216 5990 videtur,
3273 5915 3489 5980 tametsi
3521 5918 3764 5984 nonnulli
