4100 6344
319 364 428 424 265

1151 355 1613 428 ρυιετιοωεε
1652 355 1720 415 ια
1762 355 1919 415 VET.
1964 354 2264 416 TESTAM.
2295 360 2366 401 -’-
2389 355 2458 416 IN
2497 354 2812 416 GENESIN.

3499 364 3607 425 306

390 481 447 537 2.
486 477 626 549 Quid
659 477 820 551 igitur
847 473 948 532 sibi
979 474 1081 531 hoc
1111 474 1285 545 ipsum
1327 473 1620 548 ﬁguraliter
1646 473 1794 539 velit,
1820 473 1912 528 in-
1939 475 1992 535 Α
2088 469 2142 529 8.
2185 470 2287 541 Qui
2315 481 2700 544 congregantes
2727 469 2970 529 fecerunt
2997 470 3293 540 tumulum,
3321 486 3482 547 quem
3508 490 3606 536 νο.

321 572 654 646 spiciendum
693 578 798 626 est.
853 569 1012 640 331
1065 567 1201 622 Dum
1255 565 1438 624 Labant
1462 565 1709 638 superius
1753 565 1913 620 aliam

321 675 470 740 gerat
497 677 804 736 personam,
834 675 976 716 nunc
1010 669 1186 716 tamen
1218 658 1419 717 diaboli
1467 669 1650 734 typum
1697 659 1908 730 ﬁgurat.

326 763 504 818 Laban
532 758 728 832 quippe
768 756 1158 825 interpretatur
1185 755 1478 814 dealbatio.
1511 755 1791 813 Dealbatio
1818 769 1914 811 au-

2021 563 2160 620 cavit
2185 563 2368 622 Laban
2401 566 2660 621 tumulum
2689 565 2862 632 testis,
2898 573 2953 621 et
2981 562 3147 622 Iacob
3173 579 3424 624 acervum
3455 571 3606 627 testi-

2021 659 2206 713 monii.
2238 657 2382 716 Inter
2404 659 2594 718 ﬁdeles
2614 662 2783 730 enim,
2813 670 2920 718 tam
2949 661 3182 730 Iudaeos,
3211 679 3370 735 quam
3394 676 3608 738 gentes,

2021 753 2171 810 testis
2201 764 2284 812 est
2313 754 2447 826 lapis
2477 754 2723 812 eminens
2755 755 2810 812 in
2849 753 3253 815 similitudinem
3284 758 3482 817 Christi
3508 800 3525 829 ,
3553 758 3614 819 et

326 856 430 916 tem
455 854 705 912 diabolus
726 867 833 910 non
858 849 1299 909 inconvenienter
1327 850 1611 923 accipitur,
1654 851 1744 921 qui
1790 864 1912 905 cum
2021 864 2245 909 acervus
2267 851 2524 923 lapidum,
2553 851 2642 923 qui
2672 861 2758 908 est
2785 851 3072 910 multitudo
3102 854 3458 914 credentium.

326 949 392 1008 sit
427 964 496 1008 ex
521 948 711 1006 merito
740 947 1080 1018 tenebrosus,
1121 944 1466 1017 transﬁgurat
1494 957 1554 1001 se
1580 941 1635 999 in
1663 942 1912 1014 angelum

325 1044 476 1102 lucis.

397 1138 452 1193 3.
497 1134 630 1192 Huic
658 1133 881 1192 servivit
907 1133 1074 1191 Iacob
1099 1174 1115 1203 ,
1149 1133 1204 1190 id
1234 1141 1356 1202 est,
1387 1147 1457 1192 ex
1483 1141 1638 1205 parte
1661 1128 1917 1203 reprobo-

328 1249 443 1290 rum
483 1230 739 1289 Iudaicus
779 1230 1046 1300 populus,
1093 1243 1158 1285 ex
1202 1228 1358 1300 cujus
1403 1221 1566 1286 carne
1611 1228 1918 1284 incarnatus

329 1323 583 1381 Dominus
609 1324 774 1379 venit.
807 1323 987 1378 Potest
1017 1320 1180 1378 etiam
1212 1336 1308 1393 per
1338 1319 1518 1378 Laban
1559 1319 1789 1377 mundus
1829 1319 1920 1376 hic

323 1417 571 1485 exprimi,
598 1415 689 1487 qui
719 1431 839 1473 cum
871 1414 1056 1473 furore
1083 1415 1251 1473 Iacob
1278 1415 1634 1487 persequitur,
1663 1416 1786 1487 quia
1809 1414 1920 1472 ele-

327 1523 439 1568 ctus
467 1527 742 1584 quosque,
775 1511 862 1582 qui
895 1509 1272 1581 Redemptoris
1301 1510 1472 1566 nostri
1500 1509 1741 1566 membra
1769 1516 1916 1577 sunt,

329 1605 696 1676 persequendo
725 1603 1031 1674 opprimere
1055 1611 1299 1659 conatur.
1327 1602 1496 1674 Hujus
1518 1602 1710 1669 filiam,
1734 1602 1784 1657 id
1808 1609 1917 1669 est,

329 1713 421 1750 seu
470 1694 698 1764 mundi,
748 1710 844 1751 seu
890 1694 1131 1763 diaboli,
1177 1693 1342 1751 Iacob
1378 1693 1639 1765 abstulit,
1669 1710 1791 1751 cum
1818 1692 1919 1751 sibi

329 1786 570 1841 Christus
604 1787 899 1842 Ecclesiam
935 1802 1000 1844 ex
1032 1787 1332 1859 gentilitate
1361 1788 1659 1859 conjunxit.
1683 1803 1842 1860 quam
1865 1796 1923 1845 et

2580 942 2808 1001 CAPUT
2843 943 3052 1002 XXVII.

2415 1036 2494 1096 De
2520 1039 2657 1095 lucta
2680 1036 2840 1094 Iacob
2869 1055 2986 1094 cum
3013 1041 3217 1113 angelo.

2099 1129 2148 1185 l.
2193 1129 2285 1187 His
2328 1131 2653 1200 transactis,
2704 1132 2874 1189 Iacob
2921 1132 3084 1189 mittit
3131 1135 3346 1190 nuntios
3374 1134 3440 1192 ad
3471 1119 3611 1194 es...

2025 1223 2245 1281 fratrem
2289 1239 2484 1292 suum,
2514 1224 2679 1283 mittit
2723 1235 2778 1283 et
2824 1243 3066 1284 munera.
3100 1227 3229 1286 Post
3257 1228 3371 1286 haec
3396 1273 3411 1298 ,
3443 1241 3615 1288 trans-

2025 1315 2200 1374 ductis
2227 1317 2474 1374 omnibus
2504 1317 2620 1375 suis
2663 1333 2759 1388 per
2808 1327 3102 1377 torrentem
3130 1361 3147 1388 ,
3197 1321 3311 1392 ipse
3355 1324 3617 1381 remansit

2025 1411 2195 1468 solus.
2226 1410 2297 1469 Et
2319 1425 2446 1470 ecce
2481 1410 2562 1469 vir
2585 1411 2889 1469 luctabatur
2915 1427 3038 1472 cum
3069 1413 3160 1470 illo
3183 1453 3200 1482 ,
3234 1416 3618 1488 praevaluitque

2027 1505 2075 1559 ei
2106 1503 2303 1570 Iacob,
2347 1519 2448 1562 nec
2497 1503 2706 1562 dimisit
2752 1519 2876 1563 eum
2903 1546 2922 1576 ,
2971 1506 3144 1563 donec
3187 1492 3615 1568 benedictionem

2029 1603 2397 1668 extorqueret,
2427 1611 2752 1670 sacrumque
2779 1596 2944 1655 Israel
2975 1613 3172 1656 nomen
3199 1602 3491 1671 acciperet.

2099 1688 2156 1744 2.
2197 1689 2256 1745 In
2287 1706 2393 1762 quo
2420 1690 2785 1762 principaliter
2817 1693 3139 1748 sacramenti
3166 1692 3416 1748 dominici
3447 1694 3620 1766 imago

2032 1785 2369 1855 praefigurata
2399 1793 2503 1841 est.
2534 1785 2627 1842 Vir
2668 1785 2813 1842 enim
2841 1784 2934 1842 ille
2959 1793 3145 1859 typum
3168 1785 3366 1841 Christi
3396 1787 3621 1842 eviden-

331 1878 394 1931 dc
423 1880 582 1932 domn
612 1879 779 1949 patris
806 1879 1101 1949 abstrahit,
1134 1881 1256 1952 quia
1287 1881 1336 1937 ei
1369 1895 1464 1953 per
1493 1882 1808 1953 prophetam
1838 1882 1922 1938 di-
1954 1882 2004 1946 Β
2032 1877 2238 1935 tissime
2278 1887 2541 1952 gesserat.
2589 1878 2690 1937 Cui
2739 1887 2919 1937 tamen
2975 1878 3098 1937 ideo
3146 1879 3425 1950 praevaluit
3461 1879 3628 1936 Jaciib

330 1971 399 2024 cit
426 1989 437 2023 :
475 1967 786 2025 Obliviscere
835 1973 1083 2043 papulum
1131 1983 1274 2028 tuum
1296 2013 1314 2042 ,
1346 1981 1396 2029 et
1427 1975 1637 2030 domum
1662 1977 1824 2048 patris
1855 1976 1929 2032 tui

331 2057 551 2129 (Psalm.
591 2077 741 2130 XLIV,
780 2063 890 2132 II).

403 2155 453 2209 .5.
492 2154 628 2220 Quid
657 2170 787 2209 vero
819 2155 869 2210 in
904 2155 1060 2211 idolis
1087 2197 1102 2223 ,
1156 2155 1258 2212 nisi
1305 2157 1529 2214 avaritia
1569 2159 1931 2232 designatur?

329 2247 470 2302 unde
496 2255 552 2303 et
578 2263 672 2316 per
703 2249 924 2336 I’anl’um
949 2250 1146 2305 dicitur
1170 2267 1184 2306 :
1212 2247 1281 2304 Et
1302 2253 1543 2320 avaritia,
1575 2267 1689 2324 qua:
1714 2264 1788 2309 est
1815 2255 1930 2310 ido-

333 2337 495 2393 lorum
524 2342 738 2394 servitus
767 2338 990 2412 (Coloss.
1021 2342 1124 2413 in).
1168 2342 1350 2399 Laban
1381 2358 1509 2414 ergo
1534 2346 1757 2403 veniens
1788 2347 1929 2418 apud

338 2429 523 2496 Iacob,
554 2431 697 2487 idola
729 2448 838 2489 non
868 2434 1098 2502 invenit,
1133 2436 1293 2506 quia,
1324 2438 1562 2494 osterisis
1589 2437 1779 2496 mundi
1809 2442 1928 2497 the-

335 2525 502 2580 sauris
531 2567 544 2592 ,
577 2526 825 2584 diabolus
855 2529 907 2582 in
935 2527 1300 2600 Redemptore
1334 2539 1525 2588 nostro
1554 2532 1775 2604 vestigia
1802 2547 1932 2590 con-

341 2617 686 2687 cupiscentia:
716 2629 944 2676 terrenae
974 2636 1079 2677 non
1106 2623 1325 2693 reperit.
1358 2622 1466 2680 Sed
1495 2638 1614 2696 quae
1636 2621 1802 2682 Iacob
1824 2641 1929 2684 non

338 2705 546 2780 habuit,
577 2725 638 2766 ea
670 2710 875 2769 Rachel
903 2712 1144 2771 sedendo
1172 2715 1474 2787 cooperuit.

407 2803 459 2859 5.
501 2804 608 2863 Per
636 2803 836 2866 Rachel
861 2809 1062 2882 quippe
1085 2851 1102 2879 ,
1131 2824 1252 2881 qua
1282 2812 1398 2868 ovis
1421 2811 1617 2869 dicitur
1639 2851 1656 2882 ,
1689 2814 1931 2873 Ecclesia

338 2896 616 2971 ﬁguratur.
657 2899 864 2959 Sedere
889 2909 1068 2960 autem
1093 2913 1178 2961 est
1204 2903 1565 2964 humilitatem
1599 2908 1932 2978 paenitentia:

337 3003 591 3064 appetere
619 3035 636 3062 ,
659 2997 799 3052 sicut
827 2999 1086 3068 scriptum
1114 3012 1197 3056 εει
1229 3017 1242 3054 :
1277 2999 1490 3073 Surgite
1513 3042 1530 3069 ,
1554 3011 1824 3073 postquam
1848 3019 1931 3060 sc-

338 3087 513 3144 derilis
563 3086 789 3160 (Psalm.
822 3091 1027 3162 cxxvt).
1080 3090 1282 3148 Rachel
1333 3107 1462 3164 ergo
1509 3093 1746 3151 sedendo
1792 3094 1931 3152 idola

338 3181 659 3253 cooperuit,
691 3183 817 3254 quia
861 3193 1046 3240 sancta
1084 3184 1326 3241 Ecclesia
1351 3183 1627 3244 Christum
1657 3204 1889 3261 sequens
1914 3229 1931 3259 ,

2033 1973 2214 2044 utique
2267 1973 2507 2044 volenti,
2561 1982 2622 2032 ut
2673 1974 2990 2049 mysterium
3049 1975 3303 2047 ﬁguraret
3359 1974 3628 2045 passionis

2030 2067 2230 2125 Christi
2255 2109 2271 2136 ,
2304 2069 2393 2126 ubi
2422 2070 2569 2127 visus
2599 2077 2683 2127 est
2711 2067 2880 2125 Iacob
2909 2067 2965 2124 in
2991 2066 3300 2124 Iudaeorum
3332 2074 3488 2140 typo,
3523 2067 3626 2123 hoc

2031 2170 2136 2227 est,
2170 2160 2223 2216 in
2255 2161 2501 2232 corporis
2530 2161 2614 2219 sui
2647 2161 2833 2218 sobole
2862 2161 3211 2233 praavaluisse
3242 2159 3372 2228 Deo,
3396 2170 3448 2215 et
3473 2161 3624 2232 quasi

2031 2269 2154 2312 cum
2189 2255 2401 2311 inﬁrmo
2420 2295 2439 2324 ,
2470 2254 2543 2312 ita
2569 2270 2690 2313 cum
2719 2270 2884 2313 carne
2915 2255 3034 2326 ejus
3065 2255 3332 2312 luctamen
3365 2255 3501 2311 inire
3526 2294 3540 2321 ,
3575 2263 3628 2309 et

2032 2348 2368 2406 invalescere
2399 2349 2450 2404 in
2474 2349 2726 2420 passione
2752 2347 2892 2420 ejus,
2921 2347 3060 2405 sicut
3086 2346 3350 2420 scriptum
3373 2355 3477 2415 est,
3502 2361 3626 2404 cum

2033 2443 2314 2500 dicereut:
2347 2442 2623 2518 Cruciﬁge,
2655 2445 2918 2516 cruci/iga.

2103 2539 2156 2595 3.
2200 2535 2268 2592 Et
2298 2547 2478 2594 tamen
2518 2536 2686 2594 Iacob
2727 2536 3161 2595 benedictionem
3201 2537 3270 2593 ab
3311 2536 3501 2594 eodem
3541 2549 3630 2592 an-

2032 2629 2153 2702 gelo
2179 2672 2194 2697 ,
2225 2643 2386 2701 quem
2434 2631 2609 2686 victor
2650 2638 3047 2699 superaverat,
3093 2628 3421 2702 impetravit.
3468 2630 3630 2701 Cujus

2037 2724 2266 2780 nominis
2298 2722 2570 2794 impositio
2600 2723 2787 2794 utique
2818 2722 3127 2781 benedictio
3153 2723 3276 2779 fuit.
3306 2725 3631 2794 Interpreta-

2038 2825 2126 2873 tur
2156 2826 2333 2872 autem
2357 2815 2524 2872 Israel
2554 2815 2731 2871 in'dens
2761 2813 2950 2883 Deum,
2981 2815 3122 2886 quod
3148 2816 3255 2872 erit
3277 2817 3330 2871 in
3358 2815 3464 2871 ﬁne
3492 2831 3632 2887 prae-

2037 2911 2202 2965 mium
2252 2918 2585 2966 sanctorum.
2634 2908 2832 2979 Tetigit
2878 2922 3040 2980 porro
3084 2907 3160 2964 illi
3217 2906 3359 2964 idem
3408 2906 3631 2978 angelus

2038 3002 2380 3060 latitudinem
2427 3000 2682 3069 femoris,
2728 3009 2786 3058 et
2831 3000 3082 3058 claudum
3129 3000 3384 3058 reddidit.
3437 2999 3633 3069 Sicque

2037 3105 2155 3152 erat
2186 3110 2325 3151 unus
2358 3104 2412 3151 et
2440 3093 2585 3151 idem
2609 3093 2797 3160 Iacob,
2822 3103 2878 3149 et
2910 3092 3243 3163 benedictus,
3269 3092 3593 3150 et’claudns.

2110 3189 2164 3244 4.
2206 3187 2529 3244 Benedictus
2571 3185 2630 3243 in
2671 3184 2754 3242 his
2798 3185 2892 3257 qui
2933 3187 2990 3242 in
3039 3186 3314 3244 Christum
3345 3202 3409 3244 ex
3440 3187 3632 3248 eodem

339 3273 462 3327 vitia
493 3284 725 3330 terrenae
755 3275 1213 3346 concupiscentia:
1245 3292 1340 3349 per
1370 3278 1725 3337 humilitatem
1759 3283 1933 3353 pmni-
1962 3289 2010 3357 ο
2042 3281 2240 3355 populo
2283 3281 2672 3348 crediderunt,
2714 3289 2875 3353 atque
2924 3282 2976 3337 in
3023 3281 3334 3340 inﬁdelibus
3385 3282 3632 3339 claudus.

341 3365 524 3420 tentis
564 3369 862 3437 cooperuit.
917 3367 993 3424 De
1043 3368 1145 3425 hac
1190 3372 1534 3441 coopertione
1562 3373 1813 3430 vitiorum
1843 3391 1938 3448 per

347 3454 667 3528 Prophetam
696 3460 891 3516 dicitur
927 3478 941 3514 :
985 3459 1130 3516 Beati
1157 3479 1375 3532 quorum
1416 3466 1642 3522 remissa:
1670 3476 1788 3522 sunt
1837 3467 1943 3524 ini-

345 3555 576 3619 quitates,
605 3561 657 3607 et
679 3569 898 3625 quorum
927 3561 1058 3610 tecta
1087 3567 1207 3611 sunt
1237 3567 1449 3628 peccata
1475 3556 1698 3629 (Psalm.
1730 3559 1900 3632 xxxi).

415 3651 469 3706 6.
510 3650 620 3708 Nos
659 3651 819 3724 igitur
866 3651 1065 3712 Rachel
1096 3653 1187 3710 illa
1229 3654 1497 3726 signavit,
1543 3657 1635 3728 qui
1677 3656 1817 3714 idola
1856 3673 1941 3716 se-

348 3741 528 3801 dendo
585 3747 880 3816 premimus
911 3787 929 3815 ,
983 3746 1032 3804 si
1089 3746 1275 3818 culpas
1329 3748 1568 3805 avaritiae
1634 3751 1944 3820 paenitendo

347 3836 685 3895 damnamus.
747 3841 882 3908 Quae
927 3841 1110 3912 utique
1162 3841 1399 3899 avaritize
1455 3844 1786 3899 immunditia
1835 3859 1944 3901 non

349 3933 466 3991 illos
494 3935 588 4007 qui
616 3934 846 3992 viriliter
875 3945 1099 3992 currunt
1146 3935 1414 4008 impedit,
1461 3938 1655 4007 quibus
1699 3937 1896 3994 dicitur
1928 3957 1940 3992 :

352 4025 582 4082 Viriliter
601 4028 756 4100 agite,
779 4037 826 4084 et
850 4030 1169 4098 confer-tatur
1191 4046 1280 4085 cor
1299 4041 1519 4086 vestrum
1541 4029 1767 4100 (Psalm.
1794 4048 1944 4100 xxvt,

354 4120 464 4189 I4).
516 4121 626 4178 Sed
681 4121 764 4176 his
809 4122 1042 4178 maxime
1088 4124 1268 4180 evenit
1296 4124 1408 4195 qui,
1442 4125 1592 4193 quasi
1639 4124 1946 4184 eﬁ‘entinato

349 4230 536 4287 gressu
593 4217 942 4288 gradientes,
993 4233 1088 4288 per
1130 4217 1496 4275 blandimenta
1547 4218 1729 4276 saeculi
1778 4220 1946 4277 resol-

349 4308 568 4366 tutntur.

423 4405 478 4460 7.
521 4399 678 4460 Unde
699 4412 754 4460 et
772 4404 884 4460 illic
905 4405 1148 4475 ejusdem
1175 4404 1429 4460 Rachelis
1455 4405 1570 4462 haec
1592 4407 1754 4462 verba
1777 4418 1902 4464 sunt
1929 4427 1944 4466 :

351 4495 510 4552 Juxta
535 4496 953 4551 consuetudinem
977 4497 1286 4568 feminarum
1315 4513 1450 4550 nunc
1481 4498 1668 4552 accidit
1697 4498 1822 4552 mihi
1843 4515 1864 4566 ;
1894 4499 1946 4556 id

351 4598 448 4653 est,
475 4588 630 4659 quasi
645 4587 940 4646 ‘muliebria
966 4602 1026 4643 se
1048 4587 1248 4643 habere
1276 4586 1530 4643 innotuit.
1561 4587 1741 4644 Laban
1766 4599 1944 4647 autem

2042 3373 2176 3432 Nam
2209 3375 2432 3432 femoris
2460 3373 2578 3445 ejus
2606 3388 2826 3444 nervus,
2857 3376 2940 3430 vel
2972 3373 3220 3444 latitudo,
3248 3376 3466 3446 generis
3495 3375 3634 3430 mul-

2043 3469 2219 3528 titudo
2248 3479 2353 3527 est.
2399 3469 2586 3525 Plures
2623 3467 2823 3540 quippe
2851 3477 2978 3525 sunt
3019 3469 3076 3525 in
3117 3470 3285 3540 stirpe
3310 3511 3325 3537 ,
3357 3469 3517 3541 333
3544 3469 3636 3540 qui

2043 3562 2435 3634 degenerantes
2465 3575 2494 3616 a
2524 3559 2630 3616 ﬁde
2656 3570 2864 3631 patrum
2891 3600 2907 3628 ,
2945 3569 3001 3616 et
3027 3576 3055 3613 a
3083 3560 3366 3630 praeceptis
3397 3559 3636 3616 auctoris

2044 3656 2127 3712 sui
2155 3656 2457 3721 deviantes,
2488 3654 2543 3710 in
2573 3655 2773 3711 erroris
2800 3655 2881 3709 sui
2909 3654 3120 3709 semitis
3147 3652 3472 3709 ctaudicant.

2118 3749 2174 3805 5.
2217 3748 2296 3804 De
2317 3747 2510 3817 quibus
2542 3746 2857 3817 prophetica
2883 3746 3084 3800 dictum
3116 3753 3199 3800 est
3227 3762 3240 3798 :
3271 3741 3341 3799 Et
3365 3741 3632 3798 claudica-

2045 3849 2227 3896 verunt
2253 3858 2287 3895 a
2313 3839 2503 3896 semitis
2533 3839 2659 3895 suis.
2705 3839 2809 3907 Qui
2841 3847 3016 3895 tamen
3057 3837 3285 3909 populus
3318 3844 3476 3909 post,
3507 3837 3637 3893 sub.

2047 3937 2233 3993 tractis
2277 3935 2381 3992 sibi
2430 3934 2633 3992 viribus
2660 3975 2677 4004 ,
2721 3949 2828 3991 non
2872 3933 3048 3990 solum
3098 3933 3404 4001 claudicat,
3447 3933 3542 3990 sed
3583 3941 3642 3989 et

2049 4029 2345 4100 torpescit,
2379 4040 2449 4083 ne
2475 4025 2619 4084 ultra
2641 4024 2754 4098 jam
2785 4039 3047 4099 generare
3074 4025 3215 4081 ﬁlios
3242 4026 3430 4096 possit.
3478 4023 3642 4081 Denio

2047 4140 2152 4196 que
2181 4121 2324 4195 quod
2352 4122 2551 4194 adjecit
2577 4122 2720 4179 idem
2747 4123 3050 4194 patriarcha
3077 4162 3094 4192 ,
3122 4121 3325 4178 vidisse
3371 4136 3432 4178 se
3467 4119 3638 4178 Deum
3746 4135 3752 4146 ·

2048 4216 2188 4272 facie
2227 4215 2294 4272 ad
2323 4215 2516 4271 faciem
2543 4255 2562 4283 ,
2603 4230 2724 4272 cum
2768 4217 3015 4286 superius
3045 4213 3217 4271 virum
3248 4228 3432 4272 secum
3460 4222 3645 4269 narret

2049 4307 2214 4365 fuisse
2234 4308 2521 4373 luctatum,
2550 4307 2602 4363 id
2627 4306 2891 4379 signiﬁcat
2912 4306 3153 4378 quidem,
3176 4306 3316 4378 quod
3339 4305 3481 4362 idem
3497 4302 3644 4364 Deus

2051 4402 2212 4493 homo
2237 4411 2358 4460 erat
2387 4402 2597 4459 futurus
2620 4402 2709 4472 qui
2739 4416 2859 4457 cum
2888 4400 3056 4457 Iacob
3084 4399 3286 4473 populo
3323 4398 3642 4459 luctaretur.
3719 4470 3723 4474 _

2601 4494 2830 4552 CAPUT
2870 4491 3106 4550 XXVIII.

2182 4586 2260 4644 De
2286 4586 2447 4656 Dina,
2478 4595 2525 4644 et
2558 4598 2711 4660 partu
2740 4586 2976 4656 Rachel,
3004 4596 3052 4642 et
3080 4587 3278 4644 incestu
3304 4585 3505 4645 Ruben.

352 4689 636 4751 postquam
660 4692 980 4750 persecutus
1003 4689 1149 4737 esset
1171 4681 1360 4748 Iacob,
1393 4681 1555 4754 332
1578 4694 1630 4739 et
1654 4684 1948 4744 invenisset
1973 4677 2028 4742 D
2126 4681 2177 4737 1ο
2218 4682 2346 4738 Ροει
2375 4682 2491 4738 ιικο
2517 4681 2734 4738 SiChem
2759 4722 2775 4748 ο
2809 4681 2950 4737 ﬁlius
2977 4679 3183 4737 Ηθῐηοι·
3208 4721 3225 4749 ,
3257 4680 3448 4737 Dina!!!
3479 4681 3642 4738 “liam

350 4787 471 4828 eutn
503 4815 518 4837 ,
550 4782 604 4829 et
633 4773 799 4829 locuti
831 4782 1013 4830 essent
1044 4772 1184 4830 inter
1217 4788 1276 4830 se
1304 4774 1550 4831 ineuntes
1577 4775 1752 4833 fmdus
1777 4823 1793 4848 ,
1827 4779 1949 4836 tulit

351 4863 518 4922 Iacob
554 4866 788 4936 lapidem
817 4907 832 4933 ,
865 4876 920 4922 et
947 4867 1121 4923 erexit
1153 4867 1304 4924 illum
1335 4868 1391 4925 iu
1427 4868 1638 4929 titulum
1665 4911 1682 4940 ,
1709 4872 1949 4947 dixitque

353 4955 612 5017 fratribus
639 4960 751 5017 suis
777 4977 791 5014 :
819 4960 1013 5029 Afferte
1042 4960 1264 5032 lapides.

358 5136 604 5216 Impressi
637 5137 894 5194 exhibent
913 5139 1180 5216 quisquis;
1209 5153 1332 5195 nam
1354 5138 1572 5211 quisque
1589 5153 1688 5210 pro
1715 5144 1946 5216 quisquis

357 5213 484 5264 satis
516 5211 771 5264 usitatum
797 5220 900 5265 est.
931 5215 1098 5266 Ansv.

423 5281 551 5355 Car.
582 5297 733 5355 xxvi.
780 5279 844 5336 Ν.
886 5280 1154 5355 2._Laban
1196 5285 1405 5355 quippe,
1443 5296 1613 5355 usque
1651 5285 1718 5341 ad
1756 5289 1948 5346 accidit

357 5354 510 5481 gilii,
560 5352 724 5408 verba
776 5362 901 5408 sunt
950 5352 1136 5426 Greg.,
1193 5352 1452 5410 lib."xxx
1507 5354 1697 5418 Moral.
1749 5372 1800 5414 c.
1857 5361 1947 5424 I6.

405 5441 548 5480 ωλι..

405 5441 548 5480 λιιι.

430 5494 722 5621 5.Α88ιιρνε
749 5506 920 5552 autem
948 5505 1043 5553 est.
1097 5496 1253 5570 Apud
1301 5496 1560 5557 Grialium
1611 5499 1951 5562 desideratur

430 5605 446 5621 .
491 5584 654 5621 ‘REV.

359 5578 766 5714 mi.AI5notuit_
794 5653 893 5714 pro
918 5649 1096 5697 notum
1139 5636 1284 5713 fecit.
1330 5641 1661 5714 Isidoruset
1703 5648 1950 5704 nonnulli

363 5713 516 5788 etiam
548 5728 615 5788 eo
651 5711 1340 5788 elatiquiores_innatescere
1381 5717 1555 5788 active
1583 5712 1948 5788 usurpabant.

363 5783 613 5860 Quamvis
643 5783 771 5838 ferri
806 5782 970 5852 possit
995 5782 1410 5860 inientes,_quod
1440 5785 1679 5860 Grialius
1710 5782 1950 5860 exhibet,

344 5857 524 5946 ‘malui
557 5861 760 5914 tamen
783 5866 1051 5926 reponere
1078 5873 1199 5913 cum
1230 5858 1454 5916 Alborn.
1485 5859 1739 5920 ineuntes.
1781 5857 1947 5922 Annv.

684 5938 960 6015 Piruou.
990 5937 1347 6022 LXXXIII.

2050 4775 2219 4833 Iacob
2267 4775 2502 4832 violavit.
2555 4775 2658 4844 Qui
2707 4781 2830 4846 post
2871 4774 3212 4831 concubitum
3263 4774 3384 4845 ejus
3425 4772 3646 4831 familia)

2050 4869 2216 4927 Israel
2246 4868 2487 4926 voluerat
2511 4867 2731 4926 sociari.
2752 4868 2924 4936 Quem
2955 4867 3178 4924 Simeon
3199 4877 3255 4925 et
3279 4865 3407 4925 Levi
3427 4867 3643 4932 fratres,

2055 4965 2380 5040 virginitatis
2407 4963 2633 5022 sororia:
2665 4962 2931 5032 vindices,
2961 4961 3089 5020 dolo
3117 4976 3239 5020 cum
3269 4960 3417 5019 omni
3443 4957 3647 5032 pupula

2128 5147 2259 5204 Car.
2293 5160 2460 5202 xxvst.
2488 5144 2552 5201 N.
2588 5144 2640 5199 I.
2670 5143 2737 5200 Et
2766 5159 2880 5203 ecce
2907 5145 2984 5200 air
3023 5142 3311 5199 luctabatur
3348 5155 3463 5195 cum
3505 5142 3602 5197 illo
3623 5184 3642 5212 ,

2059 5234 2230 5292 usque
2256 5218 2324 5274 ad
2352 5217 2771 5292 claudicat'erunt
2795 5234 2827 5270 a
2855 5217 3046 5292 semitis
3084 5214 3192 5292 suis
3211 5253 3227 5279 ,
3251 5226 3317 5268 ex
3348 5226 3436 5267 xv:
3455 5212 3532 5292 de
3557 5213 3649 5271 Ci-

2061 5283 2181 5359 vitI,
2212 5307 2330 5361 cap.
2365 5289 2458 5346 39.
2494 5288 2611 5372 Viti.
2638 5289 2955 5371 itemserm.
2985 5287 3054 5342 80
3074 5285 3142 5340 de
3166 5295 3427 5352 tempore.
3449 5283 3652 5370 Curat.

2132 5364 2188 5415 5.
2231 5362 2494 5415 Subtract.
2541 5360 2640 5415 sib.
2684 5360 2910 5415 mribus.
2943 5374 3007 5415 es
3039 5357 3152 5414 Pal.
3198 5355 3312 5415 AL.
3354 5365 3506 5414 tactis
3552 5357 3654 5415 srbs

2132 5364 2188 5421 5.
2231 5360 2494 5419 subtract.
2541 5360 2640 5416 sib.
2684 5360 2910 5428 uiribus,
2943 5374 3007 5415 es
3039 5360 3152 5414 Pal.
3198 5360 3312 5426 AL,
3354 5360 3474 5414 tacti

2059 5432 2464 5514 "sufﬂam-
2563 5501 2583 5514 .
2846 5500 2979 5514 ....,.
3072 5499 3108 5514 η
3148 5500 3161 5512 .
3200 5500 3236 5514 ..
3383 5500 3474 5514 ....

2134 5506 2275 5561 Ibid.
2312 5504 2529 5561 Narrcl.
2562 5501 2638 5560 Ita
2668 5514 2821 5562 vetus
2843 5500 3039 5558 Editio.
3069 5499 3304 5559 Grialius
3335 5500 3501 5559 edidit
3522 5517 3651 5557 nar-

2057 5579 2478 5706 “(uitiatum
2525 5647 2590 5703 N.
2629 5647 2676 5702 Ι.
2722 5646 2827 5702 Sed
2861 5645 2985 5716 quid
3023 5645 3122 5702 sibi
3163 5646 3284 5702 velit
3310 5688 3325 5714 ,
3365 5659 3534 5716 usque
3581 5640 3653 5697 ad

2062 5725 2249 5797 gaudet
2276 5722 2426 5797 etiam
2447 5721 2499 5773 in
2526 5718 2770 5797 delictis:
2785 5717 2958 5797 Yerba
3001 5727 3129 5776 sunt
3153 5719 3401 5793 Gregor.,
3437 5717 3650 5774 Pastor.

2065 5787 2199 5869 part.
2231 5809 2314 5862 ut,
2343 5790 2710 5848 admonitione
2738 5788 2830 5846 30.
2860 5787 3050 5851 Gem.
3185 5797 3188 5803 ‘

3207 5953 3254 6022 0
