4100 6344
434 413 542 471 26³1

1503 408 1563 464 S.
1605 406 1853 465 lSlDURl
1892 405 2331 466 lllSPALENSlS
2371 408 2677 468 EPISCOPI

3608 411 3718 471 ξοδ

430 530 550 598 ejus
574 504 980 582 interfecerunt.
1006 520 1111 579 Sed
1134 519 1261 591 quid
1286 518 1389 575 sibi
1418 517 1568 587 velit,
1600 520 1743 590 quod
1763 521 2019 591 scriptum
2050 529 2102 589 Α
2127 522 2387 577 Abraham
2406 524 2535 579 duos
2563 523 2703 593 ﬁlios
2723 521 2902 577 habuit
2923 537 2943 578 .'
2971 538 3132 577 unum
3160 522 3225 578 de
3249 522 3459 594 ancilla,
3485 532 3531 581 et
3556 540 3721 581 unum

429 629 515 677 est
540 634 557 675 :
585 617 814 690 Egresss
841 626 915 674 est
944 617 1107 683 Dina,
1134 626 1189 671 ut
1216 616 1408 672 uideret
1436 614 1675 671 mulieres
1713 616 1935 687 regionis
1961 616 2025 671 ii-

427 713 551 769 Iitts.
585 714 755 781 Quam
784 728 903 767 cum
934 712 1141 766 vidisset
1173 708 1423 776 Sicltem,
1454 707 1598 778 ﬁlius
1628 706 1849 776 Hemor,
1882 710 2027 778 prin-

428 822 544 879 ceps
574 815 724 865 terrm
752 804 928 872 illius,
953 803 1236 870 adamarit,
1258 811 1308 857 et
1328 802 1527 871 rapuit,
1554 802 1893 873 dormiuitque
1912 818 2027 857 cum

424 899 539 966 illa,
571 899 616 953 vi
646 898 935 970 apprimens
960 897 1207 967 virginem
1227 936 1243 963 ,
1273 904 1320 951 rt
1346 896 1704 967 conglutinata
1734 907 1810 952 est
1851 898 2027 953 anima

425 994 539 1067 ejus
564 1010 681 1048 cum
708 1009 790 1060 ea,
826 994 1116 1061 tristemque
1142 990 1406 1046 blanditiis
1435 991 1705 1047 deﬁnivit?

501 1086 558 1141 2.
602 1086 734 1142 Dina
759 1085 956 1156 quippe
978 1094 1035 1138 ut
1064 1083 1318 1140 mulieres
1341 1083 1524 1139 videat
1549 1092 1827 1138 extraneae
1852 1080 2024 1151 regio-

428 1180 515 1236 nis
541 1177 839 1251 egreditur,
870 1176 1089 1247 quando
1118 1191 1457 1247 unaquaeque
1497 1190 1654 1232 mens
1675 1213 1694 1244 ,
1723 1187 1821 1231 sua
1848 1172 2025 1231 studia

423 1272 702 1343 negligens
727 1314 742 1341 ,
774 1270 1022 1327 actiones
1066 1269 1271 1326 alienas
1311 1285 1507 1326 curans
1530 1312 1547 1339 ,
1600 1275 1754 1325 extra
1782 1267 2024 1323 habitum

424 1376 585 1437 atque
629 1373 784 1423 extra
826 1365 1073 1421 ordinem
1118 1365 1395 1436 proprium
1432 1374 1708 1437 evagatur.
1736 1365 1907 1431 Quam
1938 1362 2024 1420 Si-

421 1461 602 1527 ehem,
626 1458 874 1530 princeps
899 1469 1078 1525 terrm,
1106 1459 1383 1530 opprimit,
1407 1460 1529 1530 quia
1554 1459 1807 1516 videlicet
1828 1460 2023 1517 inven-

422 1563 529 1610 tam
559 1555 613 1610 in
642 1554 787 1610 curis
816 1554 1174 1611 exterioribus
1198 1555 1449 1611 diabolus
1478 1554 1794 1626 corrumpit.

490 1648 547 1703 5.
591 1646 663 1703 Et
707 1650 1037 1719 agglutinata
1086 1657 1171 1705 est
1214 1650 1392 1706 anima
1436 1650 1555 1720 ejus
1594 1666 1719 1706 cum
1754 1665 1847 1715 ea,
1897 1648 2023 1719 quia

419 1742 625 1795 unitam
664 1739 768 1797 sibi
818 1756 915 1812 per
962 1742 1297 1814 iniquitatem
1347 1743 1609 1814 respicit;
1653 1751 1710 1799 et
1736 1744 1860 1814 quia
1899 1756 2019 1797 cum

430 1848 588 1891 mens
618 1849 652 1891 a
680 1834 835 1905 culpa
863 1836 1156 1907 resipiscit,
1179 1836 1508 1904 bumiliatur,
1536 1849 1699 1909 atque
1725 1837 2020 1893 admissum

2130 616 2196 672 de
2218 615 2400 673 libera.
2431 616 2562 675 Haec
2588 627 2768 675 autem
2797 626 2923 675 sunt
2950 618 3056 674 duo
3092 614 3460 675 Testamenta.
3504 616 3563 674 lu
3612 633 3727 689 quo

2130 713 2292 784 Agar,
2334 729 2455 785 quas
2497 714 2797 773 concubina
2842 714 2981 784 fuit,
3028 714 3084 771 in
3134 713 3342 770 Veteris
3390 713 3727 774 Testa-cuti

2130 807 2347 873 ponitur
2377 815 2529 880 typo.
2578 807 2693 867 Una
2740 818 2826 867 est
2863 823 3010 865 enim
3036 807 3274 879 perfecta
3298 808 3541 866 columba
3571 810 3721 883 geni-

2128 900 2245 957 trici
2274 916 2419 971 suae,
2454 918 2576 974 qum
2603 904 2755 976 virgo
2781 912 2965 970 casta,
2991 900 3173 974 regina
3194 944 3211 972 ,
3242 914 3440 973 sponsa
3470 904 3585 977 regi
3616 904 3721 962 Ec-

2128 994 2307 1055 clesia:
2336 1012 2435 1070 per
2460 995 2813 1071 Emgdium
2840 998 3081 1070 jungitur
3110 996 3345 1054 Christo.

2593 1131 2763 1210 εδδ
2781 1134 3012 1194 CAPUT
3061 1124 3257 1191 xxix.

2302 1244 2384 1307 De
2410 1246 2446 1307 Ι
2452 1250 2577 1322 uda,
2609 1251 2814 1324 quando
2836 1250 3072 1307 dormivit
3109 1267 3227 1307 cum
3254 1254 3392 1306 nuru
3418 1262 3529 1308 sua.

2198 1366 2254 1423 l.
2292 1365 2413 1423 Jam
2462 1365 2661 1423 deinde
2707 1365 2859 1423 Judte
2903 1367 3098 1422 iactum
3152 1364 3581 1432 consideremus,
3625 1360 3719 1436 qui

2126 1473 2249 1516 cum
2296 1474 2394 1515 sua
2452 1475 2593 1516 nuru
2633 1459 2948 1529 concubuit,
2988 1458 3114 1530 quid
3154 1456 3541 1530 signiﬁcaverit
3580 1454 3718 1514 futu-

2126 1567 2266 1608 rum.
2302 1552 2356 1608 ln
2387 1552 2623 1610 Thamar
2672 1568 2801 1626 ergo
2849 1568 2986 1609 nuru
3030 1551 3181 1609 Judte
3213 1550 3530 1625 intelligitur
3562 1552 3718 1621 plebs

2125 1645 2328 1704 Judtea.
2358 1646 2456 1704 Cui
2483 1648 2551 1705 de
2581 1640 2725 1704 tribu
2756 1646 2891 1705 Juda
2934 1662 3091 1720 reges
3123 1657 3377 1719 tanquam
3409 1647 3590 1703 mariti
3620 1645 3717 1701 ad-

2125 1737 2471 1809 hibebantur,
2503 1740 2697 1796 merito
2725 1755 2922 1796 nomen
2966 1740 3085 1811 ejus
3112 1740 3405 1795 amaritudo
3448 1741 3714 1811 interpre-

2128 1838 2288 1886 tatur.
2322 1831 2442 1901 Ipsa
2464 1832 2609 1888 enim
2644 1831 2874 1888 Domino
2905 1830 3041 1889 fellis
3064 1832 3311 1900 poculum
3351 1832 3515 1888 dedit.

428 1926 565 1984 ﬂere
593 1937 860 1995 conatur;
891 1938 1178 1999 corruptor
1202 1937 1383 1987 autem
1429 1943 1553 2000 spes
1595 1943 1659 1985 ac
1705 1929 2023 1987 securitates
2049 1946 2099 2011 Β
2140 1976 2141 1979 η
2196 1924 2252 1980 2.
2294 1924 2412 1982 Duo
2438 1927 2582 1983 enim
2609 1941 2812 1998 genera
2834 1924 3138 1998 principum
3162 1926 3251 1995 qui
3276 1942 3383 1985 non
3410 1936 3558 1983 recte
3579 1942 3714 1997 ope-

419 2034 619 2076 vacuas
648 2029 775 2077 ante
800 2022 986 2078 oculos
1012 2030 1204 2091 vocat,
1229 2032 1489 2092 quatenus
1534 2020 1818 2078 utilitatem
1850 2021 2018 2078 tristi-

425 2113 515 2169 tiae
544 2114 709 2187 334
736 2115 1049 2185 subtrahat;
1080 2123 1229 2175 recte
1249 2115 1361 2173 illic
1396 2117 1704 2189 adjungitur
1726 2118 2019 2190 tristemque

428 2206 696 2263 blanditiis
725 2209 927 2265 delinit.

487 2303 542 2359 ι.
585 2302 745 2359 Modo
772 2301 917 2360 enim
948 2302 1085 2360 facta
1114 2303 1349 2360 aliorum
1374 2304 1624 2377 graviora
1646 2344 1662 2371 ,
1694 2304 1858 2361 modo
1882 2303 2017 2361 nihil

416 2410 537 2454 esse
594 2398 738 2469 quod
800 2409 1166 2470 perpetratum
1223 2409 1344 2467 est,
1398 2401 1559 2457 modo
1611 2401 2015 2457 misericordem

416 2492 586 2549 Deum
614 2494 875 2563 l0quitur,
905 2496 1067 2551 modo
1095 2494 1270 2552 adhuc
1312 2504 1523 2567 tempus
1563 2498 1900 2568 subsequens
1947 2495 2014 2551 ad

416 2587 790 2657 pmnitentiam
841 2590 1146 2660 pollicetur.
1199 2589 1268 2647 Ut
1316 2592 1442 2647 dum
1488 2608 1582 2662 per
1634 2594 1750 2647 haec
1795 2593 2016 2661 decepta

417 2696 574 2738 tuens
596 2682 835 2748 ducitur,
859 2685 930 2740 ab
952 2686 1251 2742 intentione
1276 2687 1608 2753 pmnitentiaz
1634 2686 2011 2756 suspendatur,

420 2784 687 2847 quatenus
716 2785 845 2833 tunc
874 2778 1024 2834 nulla
1056 2780 1195 2835 bona
1227 2780 1692 2858 percipiat,.quam
1717 2794 1859 2834 nunc
1878 2779 2014 2833 mala

417 2868 571 2925 nulla
619 2872 982 2937 contristant;
1025 2882 1080 2928 et
1120 2881 1249 2929 tunc
1280 2873 1490 2943 plenius
1520 2871 1773 2928 obruatur
1816 2871 2015 2943 suppli-

416 2964 536 3032 ciis,
572 2979 691 3035 quae
721 2980 865 3021 nunc
892 2965 1091 3033 gaudet
1117 2967 1281 3020 etiam
1310 2966 1363 3021 in
1394 2965 1621 3021 delictis.

488 3056 543 3111 5.
587 3057 789 3113 Dehinc
819 3058 1054 3128 loquitur
1083 3058 1228 3114 Deus
1258 3058 1326 3113 ad
1352 3057 1539 3126 Jacob,
1575 3067 1631 3113 ut
1660 3056 1930 3113 habitaret
1958 3058 2014 3115 in

418 3156 632 3215 Bethel.
665 3158 745 3215 lbi
774 3157 973 3215 Rachel
1022 3172 1144 3213 cum
1185 3166 1400 3228 pareret
1448 3156 1729 3227 Benjamin
1756 3198 1769 3221 ,
1804 3166 2011 3213 mortua

419 3262 525 3310 est.
570 3253 677 3310 Sed
706 3253 833 3325 quid
864 3252 965 3309 sibi
995 3254 1109 3309 Vult
1138 3252 1279 3324 quod
1308 3267 1429 3310 cum
1459 3253 1704 3309 eumdem
1735 3252 2012 3322 Benjamitt

418 3345 623 3402 Rachel
658 3354 875 3417 pareret
901 3386 916 3414 ,
946 3346 1158 3402 vocavit
1198 3360 1397 3402 nomen
1444 3348 1563 3416 ejus
1586 3385 1602 3414 ,
1647 3345 1787 3414 ﬁlius
1815 3344 2012 3402 doloris
2036 3370 2084 3437 ο

415 3439 514 3494 mei
532 3480 549 3507 ,
581 3438 683 3495 nisi
711 3438 948 3495 futurum
980 3439 1310 3510 prophetans
1336 3440 1408 3496 ex
1437 3439 1556 3510 ejus
1588 3440 1730 3496 tribu
1759 3438 2006 3506 Paulum,

414 3532 508 3603 qui
552 3530 813 3603 afﬂigeret
854 3532 996 3589 ﬁlios
1028 3532 1283 3592 Ecclesia:
1312 3533 1705 3604 persecutionis
1732 3547 1845 3591 sum
1877 3546 2011 3591 tem.

414 3640 544 3696 pore
563 3626 586 3680 ?

484 3718 537 3773 6.
581 3716 750 3773 Aliter
773 3733 867 3789 per
889 3717 1165 3789 Benjamin
1197 3719 1469 3775 terreatris
1498 3718 1830 3791 ﬁgurabatur
1854 3717 2012 3775 Jeru-

414 3809 581 3867 salem
611 3853 624 3878 ,
659 3826 779 3881 quae
809 3820 894 3866 est
940 3810 993 3865 in
1034 3811 1177 3867 tribu
1206 3811 1447 3881 ejusdem
1487 3811 1762 3879 Beniamin
1786 3854 1803 3880 ,
1853 3810 2010 3880 cujus

415 3904 654 3972 populus
718 3904 864 3973 gravi
920 3915 1147 3959 matrem
1199 3906 1386 3962 dolore
1436 3905 1636 3970 aii‘ecit,
1686 3904 2011 3960 eil’undendo

412 3994 728 4063 sanguinem
778 3994 1185 4064 prophetatum.
1236 3996 1463 4066 insuper
1505 3995 1667 4049 etiam
1718 3994 1771 4050 in
1822 4011 2008 4051 necem

411 4084 611 4141 Christi
640 4086 819 4156 impiis
847 4087 1193 4142 acclamando
1223 4090 1442 4142 vocabus
1470 4105 1484 4142 :
1520 4087 1749 4157 Sanguis
1778 4093 1891 4157 ejus
1920 4104 2012 4143 su-

415 4194 504 4250 per
528 4195 641 4247 nos,
671 4190 717 4233 et
746 4196 896 4251 super
923 4179 1058 4249 filios
1089 4192 1285 4235 nostros
1318 4180 1537 4249 (Matth.
1570 4195 1721 4235 xxvu
1743 4219 1758 4246 ,
1792 4178 1905 4249 25).
1928 4180 2010 4234 ln-

408 4284 569 4330 terea
602 4273 788 4329 Ruben
817 4275 1250 4344 eottcupiscentia
1285 4274 1761 4341 motusltbidinis,
1798 4276 1849 4327 in
1882 4287 2010 4328 con-

410 4371 608 4425 cubina
653 4370 822 4439 patris
869 4372 951 4424 sui
1001 4382 1244 4441 pril‘Ct'pS
1273 4368 1557 4436 ell‘erbuit;
1586 4367 1728 4435 quod
1775 4366 2010 4423 incestus

417 4462 623 4517 crimen
658 4478 763 4516 non
790 4461 1137 4525 scriberetur,
1166 4463 1265 4516 nisi
1288 4463 1463 4518 lutura
1489 4461 1809 4534 perversitas
1838 4461 2009 4515 Israe-

411 4546 548 4609 litici
580 4554 758 4623 populi
793 4555 1257 4623 praenuntiaretur.

487 4645 539 4703 7.
586 4652 904 4720 Quanquam
932 4658 989 4704 et
1026 4648 1080 4704 in
1124 4651 1219 4705 illo
1246 4650 1334 4718 qui
1370 4650 1475 4706 hoc
1513 4651 1783 4705 commisit
1830 4652 2008 4706 consi-

2126 2020 2382 2076 rabantur
2432 2021 2486 2077 in
2530 2021 2705 2091 plebe,
2738 2036 2905 2076 unum
2938 2034 3123 2076 eorum
3157 2021 3247 2092 qui
3289 2023 3537 2086 oberant,
3580 2021 3718 2077 alte-

2124 2128 2241 2169 rum
2280 2128 2467 2169 eorum
2519 2115 2609 2184 qui
2640 2113 2774 2169 nihil
2816 2112 3132 2185 proderant,
3180 2112 3619 2187 significabantur
3654 2114 3711 2171 in

2125 2202 2331 2260 duobus
2363 2202 2486 2259 ﬁliis
2535 2202 2713 2272 ludas,
2742 2219 2971 2275 quorum
3016 2218 3153 2260 unus
3199 2214 3315 2261 erat
3358 2220 3535 2263 saevus
3586 2215 3712 2263 ante

2122 2296 2316 2365 Deum,
2348 2296 2483 2351 alter
2534 2295 2588 2351 in
2630 2302 2829 2353 terram
2861 2296 3121 2354 fundebat
3157 2300 3366 2367 semen,
3412 2313 3482 2356 ne
3525 2313 3708 2358 semen

2123 2393 2278 2451 daret
2304 2389 2370 2446 ad
2396 2390 2786 2447 fecundandam
2815 2390 3069 2447 Thamar.

2194 2484 2249 2541 5.
2290 2484 2400 2541 Nec
2435 2492 2562 2541 sunt
2604 2485 2836 2556 amplius
2878 2499 3037 2556 quam
3076 2483 3186 2541 duo
3207 2499 3401 2557 genera
3435 2484 3710 2541 hominum

2122 2578 2327 2635 inutilia
2368 2579 2552 2649 generi
2592 2581 2827 2635 humano
2857 2594 3062 2635 :unum
3116 2579 3448 2645 nocentium,
3477 2578 3708 2636 alterum

2120 2677 2380 2741 praestare
2424 2670 2743 2738 nolentium,
2772 2679 2847 2737 et,
2878 2669 2927 2727 si
2952 2670 3081 2742 quid
3110 2670 3240 2727 boni
3282 2672 3481 2728 habent
3527 2672 3577 2727 in
3607 2671 3710 2729 hac

2122 2772 2334 2823 terrena
2362 2764 2495 2833 vita,
2522 2763 2884 2836 perdentium,
2927 2774 3180 2838 tanquam
3210 2765 3265 2822 in
3294 2776 3437 2823 terra
3476 2765 3708 2824 funden-

2119 2861 2271 2916 tiuta.
2304 2859 2438 2929 Quia
2485 2859 2540 2914 in
2570 2859 2715 2915 malo
2752 2860 2899 2931 prior
2952 2869 3035 2916 est
3064 2858 3157 2931 qui
3201 2869 3383 2927 nocet,
3411 2875 3570 2929 quam
3614 2861 3708 2918 ille

2117 2954 2339 3024 quinon
2381 2953 2624 3026 prodest,
2672 2952 2797 3011 ideo
2844 2954 3018 3023 major
3066 2953 3262 3010 dicitur
3283 2954 3572 3026 malignus,
3604 2950 3708 3013 ille

2117 3056 2292 3107 autem
2323 3062 2572 3118 sequens,
2606 3047 2699 3119 qui
2732 3046 2989 3105 fundebat
3024 3049 3079 3104 in
3108 3056 3328 3104 terram.

2188 3140 2245 3197 4.
2284 3141 2490 3198 Nomen
2534 3157 2749 3215 quoque
2797 3142 3042 3213 majoris,
3091 3141 3182 3213 qui
3226 3139 3522 3197 vocabatur
3576 3137 3704 3206 Her,

2115 3234 2503 3308 interpretatur
2534 3236 2767 3307 pellicias
2797 3275 2814 3304 ,
2845 3234 3095 3308 qualibus
3125 3235 3321 3291 tunicis
3363 3232 3535 3290 induti
3580 3241 3705 3289 sunt

2115 3328 2279 3401 primi
2309 3329 2572 3395 homines,
2604 3328 2659 3385 in
2689 3342 2905 3400 pinnam
2949 3326 3310 3383 damnationis
3353 3340 3466 3383 sure
3493 3324 3703 3381 dimissi

2114 3442 2182 3485 ex
2212 3427 2480 3498 paradiso.
2514 3424 2801 3496 Sequantis
2830 3433 3009 3482 autem
3042 3439 3261 3493 nomen,
3289 3421 3382 3496 qui
3411 3420 3703 3479 vocabatur

2112 3520 2287 3588 Onan,
2315 3518 2698 3590 interpretatur
2722 3533 2911 3575 mceror
2933 3533 3128 3575 eorum.

2182 3647 2233 3699 ὅ.
2274 3641 2533 3709 Quorum,
2565 3638 2671 3696 nisi
2702 3636 2897 3710 quibus
2922 3637 3055 3695 nihil
3085 3635 3329 3709 prodest,
3358 3649 3482 3693 cum
3502 3625 3701 3693 habeat

2113 3735 2260 3792 unde
2288 3732 2546 3806 prodesse
2572 3732 2767 3804 possit,
2798 3742 2960 3803 atque
3002 3731 3057 3787 id
3087 3731 3270 3803 perdat
3296 3730 3349 3788 in
3379 3731 3559 3788 terra?
3589 3730 3700 3788 Ma-

2109 3828 2200 3900 jus
2242 3842 2401 3899 porro
2442 3828 2643 3883 malum
2694 3837 2778 3884 est
2818 3826 3012 3881 ablatae
3059 3826 3207 3892 vita,
3252 3824 3397 3897 quod
3437 3826 3701 3897 signiﬁcat

2112 3923 2291 3993 pellis,
2324 3937 2481 3992 quam
2525 3937 2630 3977 non
2660 3921 2875 3992 adjntte,
2903 3920 3046 3992 quod
3094 3920 3363 3992 signiﬁcat
3401 3935 3589 3977 maror
3613 3934 3699 3975 eo—

2112 4031 2267 4080 rum;
2298 4016 2438 4070 Deus
2488 4023 2664 4069 tamen
2704 4016 2891 4069 ambos
2935 4014 3201 4071 occidisse
3246 4014 3422 4069 dictus
3453 4023 3557 4070 est.
3600 4013 3697 4072 Ubi

2113 4109 2371 4179 ﬁguratur
2396 4123 2619 4179 regnum
2653 4108 2849 4163 talibus
2880 4107 3186 4164 hominibus
3217 4107 3529 4165 abstulisse.

2185 4201 2235 4254 6.
2282 4200 2492 4256 Tertius
2520 4215 2648 4255 vero
2680 4201 2817 4257 ﬁlius
2846 4200 3019 4273 ludar,
3051 4202 3192 4272 quod
3234 4202 3309 4257 illi
3340 4201 3551 4258 mulieri
3590 4213 3699 4257 non

2107 4292 2366 4363 jungitur,
2401 4292 2664 4363 signiﬁcat
2716 4304 2926 4363 tempus
2963 4310 3030 4350 ex
3074 4310 3183 4366 quo
3212 4310 3368 4365 reges
3399 4296 3569 4366 plebis
3591 4293 3699 4351 Jun

2110 4385 2347 4439 diuorum
2373 4394 2656 4455 eruperunt
2683 4389 2750 4444 de
2772 4388 2915 4444 tribu
2942 4388 3080 4444 Juda
3112 4405 3218 4444 non
3252 4390 3390 4444 lieri.

2184 4478 2347 4549 336
2374 4478 2431 4533 7.
2474 4476 2599 4532 Ideo
2628 4490 2745 4534 erat
2788 4479 3002 4547 quidem
3036 4480 3180 4535 ﬁlius
3208 4478 3391 4544 ludat;
3439 4477 3535 4534 sed
3571 4486 3697 4535 eum

2108 4571 2344 4627 Thamar
2384 4573 2632 4627 maritum
2676 4587 2783 4628 non
2835 4573 3151 4643 accipiebat,
3206 4574 3331 4644 quia
3361 4576 3479 4629 e'rat
3505 4572 3696 4629 eadem

2110 4668 2282 4723 tribus
2312 4666 2468 4734 Juda,
2520 4667 2613 4724 sed
2648 4669 2751 4736 iam
2801 4667 2861 4722 iu
2904 4670 3103 4738 populo
3153 4670 3467 4731 uemoinde
3507 4685 3699 4739 regna-

417 4745 635 4801 deretur
656 4758 780 4800 esse
804 4746 1081 4817 ﬂagitium,
1114 4747 1167 4801 in
1198 4745 1491 4816 Scripturis
1519 4754 1694 4800 tamen
1725 4745 2002 4817 prophetia

2116 4758 2223 4814 bat.
2257 4758 2409 4814 Unde
2434 4768 2491 4813 et
2518 4774 2713 4814 nomen
2746 4758 2863 4831 ejus
2893 4760 3018 4817 Sela
3052 4762 3432 4829 interpretatur
3468 4762 3697 4816 dimissis

294 4914 299 4919 α
412 4848 495 4897 est
546 4841 869 4895 futurorum.
920 4841 1159 4911 Namque
1204 4854 1296 4910 per
1354 4841 1541 4897 Ruben
1592 4842 2001 4912 primogenitum

411 4934 641 5004 pepulus
670 4934 1057 5003 primogenitae
1098 4934 1258 4989 lsrael
1290 4950 1357 4990 ex
1390 4933 1804 4991 circumcisione
1839 4936 2002 5005 signi-

412 5029 623 5092 ﬁcatur,
655 5032 741 5097 qui
780 5041 952 5083 torum
985 5031 1297 5084 concubinae
1330 5032 1543 5099 poiluil,
1591 5030 1640 5084 id
1681 5040 1792 5095 est,
1828 5032 1997 5099 iugem

412 5118 623 5177 Veteris
638 5120 967 5177 Testamenti
991 5135 1133 5190 saepe
1152 5121 1553 5190 praevaricando
1566 5123 1997 5178 comtnacotavit.

482 5215 537 5270 8.
578 5214 732 5283 Quod
778 5228 951 5271 autem
994 5210 1046 5277 in
1100 5198 1393 5271 concubina
1445 5214 1531 5272 lex
1564 5214 1773 5273 Veteris
1810 5214 1999 5271 Testa-

411 5312 574 5367 tnenti
624 5316 887 5382 ponatur,
934 5312 1129 5369 Paulus
1172 5314 1449 5385 apostolus
1492 5314 1711 5383 docuit,
1757 5314 1942 5371 dicens
1981 5332 1994 5371 :

390 5490 396 5494 ε
478 5452 535 5506 5.
582 5448 921 5522 Hwniliatur,
948 5453 1110 5522 Greg.
1143 5452 1224 5505 Ad
1254 5468 1307 5507 se
1335 5452 1574 5515 ducitur;
1608 5446 1669 5514 L,
1691 5451 1992 5517 addicitur;

406 5522 485 5576 sic
516 5519 656 5593 enim
688 5524 809 5576 alibi
843 5519 1093 5593 loquitur,
1134 5534 1191 5578 ut
1220 5524 1553 5581 ostendimus
1583 5523 1647 5577 ad
1692 5540 1743 5581 c.
1790 5522 1855 5579 19
1893 5537 1991 5576 cx-

406 5596 570 5664 posit.
603 5592 979 5664 Denteronoiu.
1015 5594 1205 5651 GRIAL.

486 5664 622 5740 Ibid.
656 5659 891 5740 Fiouent.
926 5664 1055 5740 God.
1102 5671 1127 5723 1
1150 5708 1167 5735 ,
1212 5665 1499 5740 resipiscit,
1527 5665 1804 5740 addicitur,
1832 5672 1989 5740 atque

407 5737 726 5793 humiliatur.
756 5735 900 5790 Flor.
932 5734 988 5805 2,
1014 5740 1295 5807 resipiscit,
1314 5734 1610 5803 addicitur,
1642 5739 1697 5792 id
1726 5748 1797 5792 est
1824 5734 1990 5790 humi-

406 5889 649 5936 sanctum
680 5878 993 5951 Gregorium
1026 5881 1307 5951 legendum
1337 5878 1613 5939 addicitur.
1638 5884 1808 5939 Ausv.

478 5951 608 6008 Car.
640 5964 787 6009 ms."
829 5949 893 6008 Ν.
930 5950 979 6007 l.
1015 5949 1135 6008 Jain
1185 5955 1368 6011 dehinc
1400 5997 1416 6023 ,
1448 5970 1617 6027 usque
1646 5956 1726 6013 'ad
1759 5956 1987 6027 fatebun-

2108 4855 2242 4925 ejas.
2296 4852 2411 4907 Non
2460 4855 2732 4923 pertinent
2779 4869 2911 4909 sane
2964 4854 3030 4909 ad
3080 4854 3217 4909 hanc
3253 4854 3695 4924 signiﬁcationem

2110 4947 2207 5000 viri
2239 4948 2409 5003 Sancti
2434 4954 2489 5000 et
2514 4946 2660 5014 justi,
2692 4946 2806 5016 qui,
2835 4948 2956 5003 licet
2985 4948 3079 5002 illo
3106 4956 3349 5018 tempore
3376 4947 3595 5011 inierint,
3626 4945 3695 4999 ad
3740 5000 3751 5019 AA

2109 5040 2314 5095 Novum
2376 5049 2552 5094 tamen
2588 5042 2859 5109 pertinent
2887 5043 3313 5105 Testamentum,
3340 5038 3426 5095 cui
3467 5038 3697 5108 propbe-
3737 5034 3751 5055 ³

2108 5134 2269 5187 tando
2308 5133 2541 5187 scienter
2584 5134 2743 5189 utiles
2784 5135 3017 5201 fuerunt,
3070 5133 3245 5204 qualis
3294 5129 3459 5185 David
3490 5128 3588 5183 fuit
3628 5142 3697 5182 eo

2106 5241 2182 5281 san
2207 5240 2237 5279 e
2261 5232 2504 5291 tempore
2533 5241 2638 5298 quo
2673 5226 2788 5299 jam
2812 5226 2997 5284 iudica
3018 5232 3259 5298 coeperat
3278 5236 3434 5295 reges
3458 5236 3524 5278 ex
3555 5218 3696 5275 tribu

2102 5318 2235 5376 inda
2265 5335 2370 5375 non
2398 5320 2616 5377 habere.

2103 5461 2211 5518 tur,
2249 5450 2411 5506 verba
2441 5459 2577 5523 sunt,
2595 5452 2757 5523 Aug.,
2784 5450 2882 5509 lib.
2911 5465 3023 5507 snt
3051 5456 3242 5507 contra
3267 5447 3478 5517 Faus‘t.,
3509 5458 3540 5503 a
3568 5456 3691 5518 cap.

2103 5516 2204 5586 83,
2229 5539 2396 5591 usque
2426 5524 2492 5577 ad
2517 5516 2605 5579 87.
2643 5516 2834 5580 Bitian.

2169 5595 2311 5649 Ibid.
2352 5595 2566 5650 Deinde.
2600 5595 2770 5652 Grial.
2799 5598 2853 5652 in
2884 5603 3003 5653 not.
3033 5594 3241 5651 dehinc.
3265 5593 3439 5649 Δίων.

2168 5665 2233 5739 2.
2267 5664 2448 5739 Sttjvus
2495 5674 2616 5721 ante
2663 5664 2851 5723 Deum.
2897 5666 3157 5739 Nequam,
3188 5663 3689 5739 Δνιιιεε]ξιιιτιηθρὸς,

2085 5737 2263 5794 "LXX.
2295 5736 2584 5809 Haliqnus,
2605 5739 2682 5793 vel
2710 5757 2897 5807 smvus,
2920 5734 3061 5809 apud
3095 5734 3622 5809 Bcdam.’M*alignt'ts
3647 5741 3695 5791 et

410 5811 601 5874 tiatur;
652 5817 757 5884 quo
806 5810 1208 5884 comprobatur,
1231 5809 1418 5884 Griaiii
1457 5810 1764 5881 conjectura
1789 5851 1803 5876 ,
1844 5808 1985 5878 apud
2098 5818 2409 5884 reparante
2431 5807 2741 5884 Dominum,
2765 5813 2904 5884 Aug.
2940 5807 3219 5867 Hebraica:
3236 5816 3348 5884 γη.
3382 5807 3529 5863 ϐιιω

2988 5811 3219 5867 ebraica:
3242 5816 3348 5872 ν’π.
3382 5806 3576 5863 ΟιιιΑι.

2168 5880 2219 5935 5.
2259 5882 2432 5956 Quam
2461 5899 2563 5956 non
2602 5876 2820 5955 adjutaz,
2852 5876 2931 5941 Ex
2961 5885 3098 5955 Aug.
3128 5887 3184 5939 et
3235 5880 3499 5956 lmpress.
3521 5876 3691 5949 Quam

2095 5969 2197 6013 non
2249 5952 2454 6024 habitat,
2488 5955 2615 6012 Mss.
2647 5952 2837 6013 Garat.
