4100 6344
367 397 477 463 269

1185 399 1648 470 ρυιῑδτιοΝεδ
1684 399 1754 458 ΙΝ
1795 399 1955 458 VET.
1997 401 2296 461 TESTAM.
2322 403 2478 460 —lN
2519 403 2836 462 GENESIN.

3551 408 3661 482 270

441 522 500 580 8.
540 519 661 578 Non
703 525 788 578 est
810 519 1205 592 computandus
1238 519 1478 578 Herodes
1519 519 1688 589 Major
1715 517 1769 574 iu
1808 518 1955 588 regi-
1985 521 2042 582 Α
2065 520 2201 587 Quia
2222 537 2289 578 ex
2319 521 2571 578 omnibus
2608 521 3094 594 praenuntiantibus
3123 522 3398 582 Christum
3427 525 3543 596 ipse
3571 533 3658 587 vi-

369 617 471 676 bus
495 615 638 690 ejus,
665 625 916 690 tanquam
960 616 1188 671 maritus
1219 615 1472 670 Thamar.
1505 615 1634 670 Erat
1663 614 1804 670 enint
1833 613 1963 670 alie-

369 714 582 785 nigena,
618 727 718 768 nec
757 713 806 768 ei
848 719 1193 768 sacramento
1250 711 1345 766 illo
1387 708 1629 782 mysticae
1674 709 1961 776 unctionis,

368 817 624 881 tanquam
665 808 938 880 conjugali
964 806 1165 864 laedere
1205 807 1534 873 cohaerebat,
1570 807 1666 863 sed
1705 815 1959 875 tanquam

367 915 658 962 cxtraneus
693 903 1110 971 dominabatur;
1143 917 1302 973 quam
1334 910 1655 974 potestatem
1683 917 1712 957 a
1756 899 1958 958 Roma-

367 998 472 1067 nis,
503 1007 560 1054 et
589 1012 618 1051 a
647 997 862 1054 Caesare
901 1005 1211 1068 acceperat,
1257 1005 1312 1052 et
1343 997 1423 1054 sic
1467 996 1588 1067 ejus
1627 995 1724 1052 ﬁlii
1765 1003 1961 1053 tetrar—

367 1091 505 1159 clue,
535 1083 764 1163 quorum
793 1102 910 1146 erat
949 1106 1089 1147 unus
1119 1089 1360 1147 Herodes
1406 1089 1574 1161 patris
1603 1090 1821 1147 nomine
1859 1106 1958 1162 ap-

367 1184 616 1256 pellatus,
645 1182 881 1255 quicum
913 1182 1087 1242 Pilato
1127 1183 1180 1240 in
1208 1184 1465 1256 passione
1495 1183 1708 1242 Domini
1734 1199 1960 1243 concor~

366 1275 624 1423 (1³31⁸1³ιί
651 1379 780 1436 ergo
805 1364 1118 1435 alienigenae
1139 1378 1310 1437 usque
1333 1364 1470 1423 adeo
1493 1380 1601 1420 non
1624 1361 1958 1434 deputaban-

312 1455 317 1458 ’
366 1471 450 1517 tur
478 1461 532 1515 in
575 1475 744 1534 regno
793 1459 886 1517 illo
917 1461 1144 1534 mystico
1171 1461 1506 1528 Judazorum,
1539 1470 1598 1516 ut
1642 1461 1743 1530 ipsi
1781 1457 1956 1515 Judaei

363 1555 577 1627 publice
626 1557 928 1612 clamarent
972 1553 1287 1613 frendentes
1334 1555 1595 1612 adversus
1643 1552 1957 1610 Christum:

365 1649 482 1706 Nos
519 1667 624 1705 non
649 1650 894 1706 habemus
939 1666 1128 1723 regem,
1177 1651 1279 1706 nisi
1319 1649 1575 1706 Casarem
1616 1647 1798 1720 (Joan.
1839 1661 1954 1714 xtx,

363 1743 478 1813 15).
509 1741 698 1815 Neque
729 1743 833 1800 hoc
853 1758 1066 1810 verum,
1109 1744 1212 1800 nisi
1259 1743 1348 1800 illa
1378 1743 1671 1801 universali
1705 1741 1954 1798 domina-

361 1838 509 1896 tione
539 1839 924 1896 Romanorum.
948 1838 1158 1910 Quippe
1181 1839 1346 1895 etiam
1373 1840 1552 1896 Caesar
1573 1852 1668 1895 rex
1697 1848 1814 1896 erat
1847 1851 1954 1892 non

2065 614 2166 684 dit,
2196 618 2338 687 quod
2372 618 2524 674 multi
2553 618 2704 690 justi,
2746 625 2803 674 et
2827 619 3105 690 propheta:
3136 621 3424 691 cupierunt
3446 624 3652 696 videre,

2065 719 2116 767 et
2142 728 2246 768 non
2272 713 2544 770 viderunt.

2139 805 2227 862 M.
2268 806 2537 863 Salutavit
2583 823 2649 865 ex
2678 816 2854 878 utero,
2885 810 3103 878 agnovit
3149 811 3436 882 perfectius
3458 829 3528 872 ex
3553 829 3652 872 co-

2065 899 2280 966 lumba;
2314 910 2368 957 et
2416 900 2538 957 ideo
2567 913 2818 974 tanquam
2869 884 3221 964 Odollamites
3253 923 3378 967 vere
3409 910 3652 968 testimo-

2063 993 2208 1050 nium
2243 994 2514 1062 perhibuit
2565 996 2618 1051 in
2667 1011 2824 1069 aqua.
2868 997 3026 1054 Venit
3068 1008 3248 1056 autem
3297 1001 3554 1060 Dominus
3580 1006 3652 1062 ad

2062 1103 2191 1146 oves
2219 1089 2540 1159 tondendas,
2577 1089 2680 1146 hoc
2725 1099 2830 1159 est,
2860 1094 3236 1150 exonerandas
3266 1096 3492 1154 sarcinis
3522 1113 3652 1169 pec-

2062 1194 2329 1254 catorum,
2383 1202 2454 1244 ex
2503 1187 2700 1258 quibus
2749 1187 3002 1245 Ecclesiae
3048 1188 3278 1248 laudatae
3316 1192 3370 1248 in
3411 1193 3651 1250 Canticis

2061 1282 2394 1339 canticorum
2442 1282 2634 1340 dentes
2690 1291 2874 1340 essent
2911 1284 3058 1340 velut
3101 1300 3232 1355 grex
3294 1287 3641 1344 detonsarum
3693 1315 3701 1348 l

2063 1371 2239 1448 (Cant.
2270 1376 2368 1447 tv).

2136 1467 2225 1524 15.
2265 1466 2384 1524 Jam
2426 1466 2624 1524 deinde
2668 1467 2908 1525 Thamar
2934 1468 3172 1528 habiturn
3219 1479 3412 1538 mutat,
3442 1487 3564 1529 nam
3591 1477 3652 1530 et

2061 1570 2380 1616 commutatis
2427 1560 2830 1630 interpretatur.
2884 1559 3117 1618 Thamar
3162 1573 3332 1619 mutat
3383 1566 3645 1634 habiturn,

2062 1663 2233 1709 mutat
2261 1661 2316 1708 et
2345 1667 2567 1718 nomen,
2597 1661 2654 1709 et
2676 1654 2734 1707 iit
2761 1653 2829 1708 de
2858 1652 3137 1724 Synagogzt
3167 1655 3427 1731 Ecclesia.
3461 1657 3566 1714 Sed
3593 1667 3654 1714 ut

2063 1745 2116 1803 in
2143 1761 2206 1803 ea
2251 1761 2446 1802 nomen
2478 1762 2701 1816 prorsus
2748 1746 3121 1802 amaritudinis
3170 1758 3403 1806 maneat.
3435 1749 3548 1805 Non
3581 1751 3648 1808 il-

2064 1841 2172 1896 lius
2213 1840 2606 1905 amaritudinis,
2653 1841 2707 1896 in
2751 1856 2854 1910 qua
2889 1839 3114 1895 Domine
3153 1840 3218 1897 fel
3270 1840 3598 1898 ministravit
3633 1860 3646 1896 :

359 1921 587 2007 proprie
603 1933 940 2004 Iudaeorum,
971 1933 1067 1991 sed
1105 1942 1164 1989 ut
1191 1933 1469 1990 Christum
1500 1941 1781 2004 negarent,
1813 1939 1869 1988 et
1898 1942 1958 1990 ut
1990 1942 2032 2004 Β
2060 1936 2154 1992 sed
2189 1933 2332 1990 illius
2368 1935 2420 1989 in
2464 1950 2565 2004 qua
2599 1933 2789 1990 Petrus
2827 1947 3009 1990 amare
3060 1933 3247 2000 ﬂevit;
3281 1950 3400 1988 nam
3434 1943 3489 1989 et
3510 1934 3646 1991 Juda

359 2027 488 2087 huic
514 2028 884 2098 adularentur,
915 2029 1038 2086 ideo
1069 2043 1131 2085 se
1179 2027 1272 2085 tali
1302 2042 1438 2086 voce
1477 2028 1821 2084 damnarunt.
1855 2026 1952 2084 lllo

359 2125 503 2182 enim
533 2131 801 2194 tempore,
831 2138 940 2195 quo
965 2122 1077 2194 jam
1103 2123 1172 2179 de
1206 2121 1352 2178 tribu
1379 2120 1518 2179 Juda
1547 2136 1773 2190 regnum
1805 2121 1955 2177 defe-

357 2226 527 2288 cerat,
563 2217 886 2276 veniendum
930 2224 1051 2273 erat
1093 2214 1310 2272 Christo
1356 2230 1488 2273 vero
1534 2214 1804 2272 Salvatori
1847 2213 1954 2270 Do-

357 2310 507 2368 mino
567 2319 778 2384 nostro,
829 2308 926 2382 qui
981 2323 1092 2368 non
1143 2309 1385 2374 obesset,
1435 2309 1771 2382 multumque
1826 2323 1952 2380 pro-

358 2403 558 2462 desset.
1052 2461 1054 2464 ,

432 2497 522 2553 10.
564 2495 657 2556 Sic
703 2497 846 2554 enim
891 2496 1065 2554 fuerat
1116 2496 1529 2567 prophetatum:
1572 2492 1700 2550 Non
1752 2493 1954 2563 deﬁciet

361 2591 602 2662 princeps
621 2607 686 2647 σε
707 2591 888 2658 Iuda,-
909 2606 1069 2662 neque
1096 2591 1206 2646 dna:
1234 2590 1298 2646 de
1324 2589 1600 2662 [certioribus
1631 2590 1768 2662 ejus,
1793 2589 1954 2644 donec

361 2688 551 2752 veniat,
579 2687 663 2743 cui
703 2688 983 2760 repositum
1027 2694 1122 2755 est,
1147 2695 1197 2742 et
1223 2687 1333 2758 ipse
1365 2687 1462 2742 erit
1495 2685 1803 2753 exspectatio
1829 2701 1954 2756 gen-

366 2782 515 2837 tiam.
548 2779 668 2838 Jam
709 2782 813 2838 isto
835 2789 1078 2852 tempore
1123 2796 1286 2838 omne
1331 2795 1547 2852 quoque
1581 2779 1953 2850 magisterium

367 2870 702 2940 Iudaeorum,
750 2882 806 2931 et
853 2879 1102 2945 mystica,
1162 2872 1307 2930 unde
1355 2872 1550 2930 Christi
1597 2873 1950 2940 vocabantur,

371 2966 555 3022 unctio
585 2967 698 3036 ipsa
725 2965 1019 3034 defecerat,
1058 2967 1352 3024 secundum
1383 2965 1720 3037 prophetiam
1767 2966 1955 3022 Danie-

364 3058 454 3116 iis.
505 3058 658 3116 Tunc
694 3060 838 3117 venit
885 3061 968 3116 cui
1008 3062 1285 3133 repositum
1315 3060 1479 3133 (Dan.
1516 3073 1600 3129 ιι,
1645 3058 1760 3131 24).
1792 3059 1951 3131 387

368 3153 462 3226 qui
491 3163 578 3210 est
615 3154 949 3225 exspectatio
972 3156 1236 3224 gentium,
1279 3166 1336 3212 et
1376 3164 1568 3211 unctus
1597 3163 1680 3211 est
1725 3154 1956 3210 Sanctus

362 3254 673 3304 sanctorum
701 3247 826 3304 oleo
856 3248 1228 3305 exsultationis
1277 3265 1389 3319 prae
1420 3249 1772 3321 participibus
1815 3248 1952 3302 suis.

2059 2029 2247 2085 Latine
2277 2027 2547 2083 confessio
2574 2039 2676 2082 est.
2705 2025 3046 2083 Confessioni
3068 2043 3195 2098 ergo
3222 2027 3524 2083 amaritudo
3550 2030 3650 2084 mi-

2059 2131 2298 2189 sceatur,
2330 2132 2382 2176 ut
2413 2136 2539 2176 vera
2575 2119 2886 2190 pmnitentia
2920 2119 3298 2190 przesignetur.

2131 2215 2223 2274 16.
2268 2215 2376 2270 Hac
2408 2213 2718 2284 pti‘llilelllia
2751 2206 3072 2268 fecundatur
3104 2213 3341 2268 Ecclesia
3391 2214 3442 2269 in
3473 2213 3649 2270 omni-

2058 2310 2159 2367 bus
2206 2307 2454 2379 gentibus
2493 2307 2806 2364 constituta.
2848 2305 3145 2376 Oportebat
3184 2307 3327 2362 enim
3375 2306 3650 2365 Christum

2058 2406 2191 2477 pati,
2221 2416 2274 2461 et
2317 2417 2601 2474 resurgere
2647 2401 2803 2458 tertia
2847 2401 2955 2468 die,
2985 2401 3150 2472 338
3194 2409 3248 2456 et
3279 2401 3558 2472 praedicari
3589 2404 3647 2460 in

2059 2499 2278 2556 nomine
2326 2498 2442 2567 ejus
2475 2497 2843 2566 paenitentiam
2880 2502 2936 2551 et
2984 2493 3358 2551 remissionem
3389 2506 3635 2566 peccato.-

2057 2610 2174 2650 rum
2215 2607 2313 2666 per
2360 2605 2549 2647 omnes
2579 2597 2787 2658 gentes,
2829 2587 3209 2656 incipientibus
3258 2601 3288 2642 a
3313 2587 3637 2644 Jerusalem.

2057 2688 2188 2743 Nam
2225 2696 2281 2743 et
2326 2686 2438 2755 ipse
2481 2683 2694 2739 habitus
2738 2679 3038 2736 meretricis
3069 2671 3348 2736 confessio
3397 2693 3634 2750 peccato-

2059 2799 2175 2838 rum
2209 2790 2310 2837 est.
2342 2779 2548 2849 Typum
2591 2777 2786 2847 quippe
2837 2776 3092 2831 Ecclesiae
3133 2775 3270 2845 gerit
3309 2774 3542 2831 Thamar
3570 2790 3645 2832 ex

2058 2875 2306 2947 gentibus
2336 2884 2594 2938 evocatus,
2646 2870 2845 2926 sedens
2881 2884 3002 2925 cum
3054 2868 3156 2924 hoc
3196 2867 3384 2924 habitu
3422 2867 3492 2924 ad
3520 2884 3648 2938 por-

2060 2979 2165 3026 tam
2201 2969 2430 3032 Henam,
2466 2965 2547 3021 vel
2588 2962 2838 3030 Henaim,
2868 2962 3012 3034 quod
3039 2961 3422 3035 interpretatur
3455 2965 3647 3035 fontes.

2131 3065 2219 3119 17.
2260 3063 2507 3118 Cucurrit
2549 3061 2718 3128 enim,
2753 3059 2896 3114 velut
2924 3073 3114 3115 cervus
3151 3058 3216 3114 ad
3260 3059 3431 3114 fontes
3470 3073 3643 3130 aqua-

2060 3173 2205 3223 rum,
2239 3155 2524 3227 pervenire
2552 3155 2616 3211 ad
2644 3169 2829 3209 semen
2861 3152 3109 3208 Abrahae.
3146 3153 3256 3208 lllic
3283 3166 3314 3208 a
3340 3167 3446 3208 non
3477 3167 3645 3225 agno-

2059 3260 2245 3310 scente
2276 3251 2490 3318 fetatnr,
2517 3250 2639 3320 quia
2667 3248 2736 3302 de
2763 3248 2852 3302 illa
2885 3246 3193 3312 pricdictum
3224 3255 3307 3303 est
3329 3262 3349 3302 :
3380 3245 3641 3318 Populus,

433 3341 523 3397 11.
565 3339 734 3397 Natus
782 3350 866 3397 est
913 3343 1059 3398 enim
1106 3342 1335 3400 Herodis
1393 3341 1609 3414 Majoris
1657 3350 1948 3424 tempore,
1980 3333 2027 3398 ϐ
2055 3362 2205 3419 quem
2235 3361 2341 3400 non
2378 3343 2612 3415 cognovi,
2645 3341 2847 3396 servivit
2894 3340 3039 3395 mihi.
3066 3340 3288 3409 Accepit
3329 3339 3385 3394 in
3426 3341 3646 3396 occulto

361 3445 556 3504 passus
600 3441 688 3491 est
726 3442 908 3492 autem
938 3434 1166 3492 Herodis
1193 3435 1415 3491 Minoris
1444 3435 1748 3492 tetrarchae.
1783 3433 1953 3505 Hujus

362 3527 543 3597 itaque
587 3527 854 3584 venientis
911 3528 980 3586 ad
1050 3543 1180 3587 oves
1252 3545 1371 3599 quae
1442 3531 1710 3600 perierant
1760 3529 1952 3586 domus

361 3619 549 3690 Israel,
581 3620 808 3692 ﬁguram
839 3622 1008 3692 gessit
1048 3621 1148 3677 iste
1175 3621 1360 3690 .ludas,
1406 3636 1530 3678 cum
1577 3624 1680 3678 iret
1717 3622 1784 3678 ad
1833 3632 1952 3678 ton-

360 3715 567 3771 dendas
594 3730 726 3772 oves
753 3729 880 3776 suas
905 3716 960 3771 in
983 3714 1228 3785 Thanna,
1261 3717 1402 3786 quod
1437 3715 1824 3788 interpretatur
1859 3718 1953 3772 tie-

361 3808 568 3879 ﬁciens.
611 3808 732 3865 Jam
781 3809 925 3866 enim
972 3809 1244 3868 defecerat
1293 3812 1545 3882 princeps
1591 3827 1658 3868 ex
1699 3812 1858 3880 Juda,
1896 3822 1951 3869 et

359 3918 522 3960 omne
551 3905 943 3973 magisterium,
967 3915 1128 3978 atque
1150 3908 1330 3964 unctio
1349 3907 1680 3978 Judmorum,
1706 3917 1764 3965 ut
1793 3911 1948 3966 venio

356 4005 441 4052 ret
476 3996 567 4052 cui
594 3996 886 4067 repositum
913 4007 1049 4054 erat.

430 4087 522 4146 12.
572 4089 728 4145 Venit
752 4100 930 4146 autem
955 4105 1077 4147 cum
1123 4107 1223 4148 suo
1249 4103 1466 4163 pastore
1491 4094 1834 4160 Odollamite,
1861 4094 1948 4151 cui

266 4213 269 4215 -
355 4195 553 4237 nomen
583 4180 760 4239 Hiras.
805 4183 872 4238 Et
915 4184 1300 4254 interpretatur
1325 4186 1678 4244 Odollamites
1708 4189 1950 4247 testimo-

356 4273 502 4329 nium
530 4273 585 4330 in
612 4290 772 4346 aqua.
814 4274 950 4332 Cttnt
992 4278 1094 4335 hoc
1138 4279 1294 4349 plane
1345 4281 1648 4336 testimonio
1694 4283 1950 4339 Dominus
1997 4341 2001 4345 ,

357 4366 529 4436 venit,
586 4368 789 4425 habens
836 4369 1054 4440 quidem
1110 4372 1473 4428 testimonium
1508 4376 1681 4444 majus
1720 4376 1946 4433 Joanne.

355 4459 466 4516 Sed
497 4471 681 4518 tamen
715 4477 934 4534 propter
965 4480 1094 4522 oves
1123 4465 1364 4524 infirmas
1407 4468 1509 4524 hoc
1535 4469 1838 4526 testimonio
1867 4479 1951 4525 est

359 4567 489 4609 usus
515 4555 570 4609 in
600 4571 760 4626 aqua.
791 4554 926 4612 Nam
955 4566 1014 4613 et
1055 4559 1171 4628 ipse
1195 4559 1370 4624 l-liras,
1398 4559 1540 4629 quod
1580 4575 1776 4616 nomen
1805 4561 1949 4617 illius

359 4653 595 4719 pastoris
629 4653 748 4714 iuit,
781 4655 1170 4723 interpretatur
1197 4656 1375 4711 fratris
1407 4658 1510 4712 mei
1541 4657 1698 4712 visio.

2055 3439 2338 3504 annulum,
2371 3435 2576 3492 monile
2605 3443 2662 3490 et
2703 3433 2931 3504 virgam,
2966 3433 3090 3504 quia
3117 3433 3402 3488 vocatione
3443 3434 3640 3504 signa-

2056 3547 2163 3605 tur,
2187 3534 2575 3606 justiiicatione
2598 3531 2908 3594 decoratur,
2931 3527 3320 3599 glorificatione
3347 3527 3640 3585 exaltatttr.

2124 3629 2215 3684 18.
2259 3628 2398 3693 Quos
2427 3625 2560 3679 enim
2591 3621 2987 3692 prtedcstinanit,
3018 3620 3136 3674 illos
3164 3630 3218 3676 et
3252 3622 3450 3675 vocarit
3472 3638 3494 3689 ;
3519 3637 3648 3694 quos

2052 3731 2224 3776 autem
2242 3721 2453 3784 vocarit,
2475 3718 2592 3771 illos
2619 3726 2666 3770 et
2683 3714 2994 3788 jnsti/icavit
3013 3716 3172 3782 {quos
3196 3725 3370 3767 autem
3383 3715 3647 3784 justi/ica-

2051 3815 2141 3881 uit,
2177 3815 2294 3868 illos
2319 3821 2363 3866 et
2395 3811 2701 3882 gloriﬁcavit
2736 3809 3076 3881 (Rom.vm).
3117 3807 3221 3864 Sed
3255 3808 3389 3873 lucc,
3425 3817 3481 3863 ιιι
3505 3808 3641 3875 dixi,

2053 3907 2226 3964 adhuc
2258 3907 2309 3961 in
2344 3905 2578 3970 occulto,
2607 3903 2696 3957 ubi
2721 3902 2777 3955 fit
2806 3909 2861 3958 et
2882 3901 3162 3969 conceptio
3194 3910 3392 3956 sancta:
3420 3901 3640 3957 uberta-

2054 4006 2143 4057 tis.
2177 3999 2402 4054 Mittitur
2431 4007 2613 4052 autem
2643 3995 2940 4066 promissus
2987 3995 3194 4061 haedus,
3238 4003 3490 4065 tanquam
3524 4007 3637 4050 mc-

2053 4099 2254 4155 retrici.
2313 4095 2511 4152 Haedus
2561 4095 2910 4162 esprohratio
2953 4092 3180 4162 peccati.
3237 4091 3340 4146 Per
3387 4093 3636 4147 eumdem

2053 4191 2451 4253 Odollamitent,
2502 4195 2753 4258 tanquam
2797 4187 3184 4254 increpantem,
3232 4192 3288 4239 et
3328 4183 3637 4240 dicentem:

2053 4283 2324 4339 Generatio
2364 4282 2671 4351 viperarum.
2726 4280 2831 4335 Sed
2879 4294 2981 4334 non
3014 4292 3132 4333 eam
3184 4277 3389 4332 invenit
3433 4272 3649 4348 peccati

2053 4378 2423 4449 exprobratio,
2455 4389 2615 4446 quam
2659 4373 2882 4430 mutavit
2922 4373 3276 4430 confessionis
3317 4373 3646 4430 amaritudo.

2124 4475 2212 4529 19.
2257 4473 2383 4528 Post
2413 4486 2540 4527 vero
2559 4469 2670 4541 jam
2699 4468 2986 4540 publicatis
3013 4467 3178 4538 signis
3208 4467 3391 4522 annuli
3419 4508 3434 4534 ,
3466 4465 3644 4523 moni-

2053 4569 2120 4624 lis
2147 4577 2200 4623 et
2222 4569 2411 4637 virgae,
2443 4567 2574 4621 vicit
2606 4574 2811 4620 temere
2828 4561 3134 4632 iudicantes
3155 4560 3391 4630 Judteos,
3414 4575 3644 4632 quorum
3743 4558 3746 4559 ⁷

2050 4661 2157 4730 jam
2204 4673 2489 4730 personam
2537 4657 2707 4713 Judas
2749 4657 2866 4724 ipse
2909 4655 3175 4726 gestabat.
3221 4654 3324 4720 Qui
3380 4653 3646 4724 hodieque
3705 4685 3715 4696 ιι

428 4742 514 4798 15.
567 4743 709 4799 Vidit
756 4745 980 4801 omnino
1026 4747 1244 4804 fratrem
1293 4764 1450 4806 suum
1496 4749 1750 4805 Joannes.
1807 4750 1944 4805 Fra-
1975 4757 2254 4823 Ddlcnnt,
2286 4771 2389 4810 non
2439 4754 2580 4808 hunc
2617 4752 2868 4822 populum
2913 4765 3033 4806 esse
3061 4748 3282 4814 Christi,
3313 4759 3412 4806 nec
3444 4747 3646 4803 habere

357 4844 493 4890 trem
521 4837 824 4892 secundum
853 4854 1035 4895 semen
1065 4842 1314 4899 Abrabm.
1352 4842 1648 4896 secundum
1673 4845 1946 4912 cognatio-

358 4944 478 4982 nem
514 4929 701 4985 Maria:
741 4931 931 4987 matris
976 4934 1117 5004 ejus,
1168 4943 1223 4989 et
1266 4935 1539 4990 Elisabeth
1587 4947 1770 4990 matris
1809 4954 1942 5004 suae,

356 5021 718 5094 eamdemque
753 5025 1034 5081 Dominum
1086 5037 1140 5080 et
1188 5025 1357 5082 Deum
1409 5043 1587 5082 suum.
1635 5030 1767 5094 Quia
1810 5031 1950 5085 sicut

355 5117 468 5189 ipse
491 5121 569 5174 ait
599 5134 617 5176 :
643 5113 730 5175 Ex
757 5120 1082 5190 plenitudine
1125 5124 1236 5195 ejus
1265 5123 1482 5193 accepit.
1513 5121 1658 5178 Vidit
1704 5125 1946 5191 omnino,

356 5219 407 5265 et
435 5209 560 5266 ideo
591 5210 646 5266 in
681 5214 818 5266 natis
847 5213 1138 5269 mulierum
1191 5215 1363 5283 major
1412 5214 1506 5269 illo
1536 5228 1641 5270 non
1692 5218 1945 5272 surrexit.

422 5350 477 5405 8.
504 5348 752 5424 Herodis
775 5351 970 5424 Magni,
995 5367 1092 5424 seu
1136 5352 1374 5424 Maioris,
1405 5351 1769 5422 genealogiam
1799 5351 1958 5406 exhi-

356 5421 444 5478 bet
490 5422 773 5478 Calmetus
823 5421 881 5480 in
938 5423 1169 5478 Diction.
1220 5421 1366 5479 Bibl.
1416 5421 1656 5479 Herodes
1705 5427 1952 5491 Antipas,

356 5493 473 5564 ejus
499 5493 670 5567 filius,
709 5496 810 5549 fuit
835 5497 1078 5567 quicum
1125 5495 1300 5551 Pilato
1347 5495 1400 5550 in
1447 5496 1696 5566 passione
1743 5494 1955 5550 Domini

357 5564 730 5622 cottcordavit.
764 5564 938 5623 Alli-2V.

421 5637 478 5695 9.
520 5635 592 5693 Et
619 5636 746 5693 huic
770 5640 1129 5705 adulanntur,
1176 5655 1243 5695 ex
1276 5642 1413 5711 Aug.
1445 5646 1501 5696 et
1546 5638 1673 5695 Mss.
1709 5636 1776 5692 Et
1821 5639 1957 5693 hunc

358 5708 659 5782 adorarent,
689 5713 834 5782 apud
867 5713 1083 5769 Bedatn.
1112 5711 1303 5767 GHIAL.

427 5781 568 5839 Ibid.
593 5780 917 5839 ﬁniendum
948 5794 1058 5839 erat
1079 5782 1282 5839 Christo
1311 5799 1428 5838 vero
1450 5781 1710 5839 Saluatori
1735 5780 1960 5837 Domino

361 5868 551 5926 nostra,
584 5870 654 5912 ex
684 5860 822 5926 Aug.
861 5864 918 5913 et
945 5856 1197 5926 ltupress.
1239 5855 1557 5910 Veniendum
1585 5866 1692 5908 erat
1719 5855 1787 5907 ad
1814 5853 1965 5907 (lin-i-

361 5934 487 5980 stttm
510 5943 688 5983 rerum
714 5925 1041 5984 salvatorem
1060 5928 1339 5982 Dominum
1355 5938 1606 5991 nostrum,
1623 5927 1747 5979 Mss.
1771 5925 1962 5980 GttlAL.

425 5999 513 6056 10.
555 5999 654 6057 Cui
699 6001 982 6068 repositum
1023 6008 1157 6093 erat.
1206 5999 1544 6061 Retiuuimus
1574 5997 1734 6057 verba
1797 5993 1963 6064 LXX,

2053 4865 2150 4904 nos
2180 4863 2365 4903 semen
2417 4846 2666 4909 Ahraht‘e,
2731 4845 2824 4898 sed
2871 4843 3093 4911 prolatis
3137 4841 3455 4896 certissimis
3482 4841 3647 4896 docu-

2054 4945 2243 5000 mentis
2280 4954 2479 4997 nostrae
2512 4939 2832 5003 vocationis,
2875 4935 3272 5006 justificationis
3298 4943 3353 4989 et
3381 4933 3647 5004 glorifica-
3695 4949 3708 5000 γ
3765 4938 3773 4946 ’

2054 5039 2233 5101 tionis,
2263 5036 2380 5090 sine
2411 5034 2575 5089 dubio
2605 5031 3037 5098 confttndeutnr;
3081 5042 3132 5086 et
3163 5045 3261 5086 nos
3292 5029 3459 5100 magis
3481 5041 3643 5094 quam
3688 5036 3696 5067 ί

2053 5146 2112 5186 se
2137 5130 2461 5199 justiiicatos
2507 5141 2628 5183 esse
2661 5125 2988 5181 fatebuntur.
3025 5122 3252 5193 Pignora
3303 5119 3446 5190 enim
3477 5117 3644 5172 refert

2053 5216 2252 5272 habere
2301 5229 2482 5270 secum
2513 5211 2774 5268 Ecclesia.
2818 5213 3116 5268 Accusatur
3157 5208 3298 5264 enim
3336 5222 3366 5262 a
3405 5205 3639 5267 Judeis.

2062 5328 2258 5421 quibus
2290 5347 2458 5403 utitur
2487 5346 2708 5421 Aug._et
2750 5345 2974 5421 inferius
3013 5344 3092 5421 bis
3133 5350 3490 5421 repetuntan
3501 5343 3645 5410 quod

2063 5412 2168 5479 non
2192 5421 2442 5485 advertit,
2475 5412 2758 5490 qui-Vulg.
2804 5418 2902 5490 Hd.
2935 5418 3096 5490 verba
3121 5412 3643 5490 substituit.antan.

2137 5493 2222 5548 11.
2268 5485 2507 5546 Ηρνοάιί
2532 5485 2765 5544 minoris.
2809 5488 3035 5544 Herodis
3076 5485 3368 5556 tetrarchte,
3414 5489 3555 5559 Aug.
3589 5491 3645 5543 et

2061 5563 2536 5635 lmpress.Gmst..
2636 5633 2665 5635 _
3153 5631 3163 5635 Α
3290 5631 3321 5635 _
3369 5631 3400 5635 __
3543 5583 3546 5586 ’

2135 5629 2223 5692 16.
2265 5637 2343 5690 Ad
2385 5647 2582 5707 portam
2615 5633 2842 5707 flutant,
2884 5632 2960 5707 vel
2993 5629 3238 5686 Henaim.
3290 5631 3644 5707 Reliqueruus

2066 5709 2207 5766 LXX
2238 5701 2428 5764 vocem
2455 5707 2738 5763 Hebrasam
2769 5702 3007 5774 Henaint,
3034 5717 3157 5774 qius
3183 5703 3390 5769 oculos,
3420 5702 3503 5758 vel
3526 5701 3642 5774 fon-

2085 5867 2216 5907 illel'.
2249 5867 2387 5906 trau.
2421 5867 2586 5906 11801³-
2619 5867 2674 5904 ιιι
2697 5867 2818 5907 ειν.
2845 5867 3048 5905 XXXVIII
3076 5867 3212 5906 De".
3243 5867 3436 5901 υΙιΙΔΙ...

2072 5995 2114 6054 G
2146 5923 2229 5977 t9.
2271 5921 2399 5977 Post
2448 5936 2562 5977 vero
2600 5922 2702 5977 iam
2742 5915 3032 5992 pumicatis.
3063 5919 3188 5979 1am
3216 5915 3462 5986 publicis,
3501 5918 3638 5988 Aug.

2121 6010 2263 6052 λιιι..

2121 6010 2263 6052 λιιι..
