4086 6350
407 5485 410 5488 ⁴
493 5504 665 5564 nostra
702 5493 847 5564 dicti,

508 231 650 304 1050

1576 225 1633 290 S.
1674 223 1923 290 ISiDORl
1965 223 2407 290 iliSPALENSiS
2449 222 2756 292 EPISCOPI

3643 230 3793 292 {080

2407 352 3791 380 —————_——————-——.——.

1607 433 2048 518 INCIPIT
2124 435 2716 522 HISTORIA.

551 575 1077 650 109LGothorum
1093 573 1514 643 antiquissimam
1529 587 1646 628 esse
1661 585 1872 643 gentem
1889 583 2093 630 certmn
2125 575 2172 633 Α
2201 587 2361 640 super
2393 572 2660 626 liomanos
2689 573 2960 629 irruerunt
2986 571 3312 644 agminibus,
3341 575 3646 634 vehementi
3679 580 3794 640 vir-

506 679 589 726 est
613 687 626 723 :
657 685 884 740 quorum
903 669 1165 740 originem
1190 668 1402 736 quidam
1427 666 1493 720 de
1517 666 1722 735 Magog,
1752 665 2095 734 ﬁlioJaphet,

502 765 845 834 suspicantur
876 763 1028 819 educi
1062 779 1088 815 a
1118 760 1466 816 similitudine
1498 761 1697 815 ultima:
1740 759 1961 828 syllaba:
1982 801 1997 824 ,
2045 766 2100 816 ct

503 859 674 929 magis
698 858 766 915 de
807 857 1088 916 Ezechiele
1142 855 1395 926 prepheta
1448 854 1499 910 id
1546 854 1876 921 colligentes.
1934 855 2098 908 ltetro

500 961 678 1011 autem
715 951 944 1008 eruditio
991 965 1086 1004 eos
1116 949 1281 1016 magis
1302 948 1466 1003 Getas
1508 962 1664 1016 quam
1691 945 1804 1014 Gog
1833 953 1888 998 et
1917 944 2097 1014 διαεος

502 1045 772 1115 appellare
798 1043 1105 1100 consuevit.
1147 1040 1290 1096 Gens
1339 1039 1628 1093 fortissima
1663 1039 1822 1093 etiam
1855 1036 2095 1092 Judaeum

505 1147 701 1195 terram
729 1145 999 1195 vastalura
1045 1136 1384 1195 describitur.

572 1228 626 1284 ‘2.
660 1227 1036 1298 interpretatio
1088 1238 1264 1284 autem
1303 1227 1534 1282 nominis
1566 1241 1751 1281 eorum
1779 1225 1829 1279 in
1857 1225 2091 1294 linguam

506 1329 742 1378 nostram
780 1321 918 1389 tccti,
951 1336 1057 1392 quo
1098 1320 1425 1391 significatur
1449 1317 1740 1386 fortitudo;
1771 1327 1826 1376 et
1853 1332 1912 1372 re
1943 1330 2091 1393 vera,

503 1415 646 1470 nulla
679 1413 820 1470 enim
849 1430 979 1484 gens
1023 1415 1074 1469 in
1117 1413 1248 1469 orbe
1292 1413 1386 1467 fuit
1422 1427 1541 1482 quae
1593 1411 1889 1465 Romanum
1925 1409 2095 1479 impe-

506 1507 643 1563 rium
676 1508 809 1561 adeo
832 1507 1129 1578 fatigaverit
1159 1515 1217 1562 ut
1242 1506 1315 1561 hi.
1346 1505 1437 1560 isti
1464 1505 1605 1560 enim
1635 1513 1757 1559 sunt
1777 1519 1911 1573 quos
1932 1503 2092 1558 etiam

503 1599 807 1656 Alexander
829 1599 1073 1656 vitandos
1106 1600 1492 1669 pronuntiavit,
1533 1599 1768 1670 Pyrrhus
1801 1597 2090 1668 pertimuit,

503 1688 684 1745 Caesar
711 1688 1006 1748 exhorruit.
1037 1689 1144 1762 (Ea:
1175 1689 1354 1760 Oros.)
1381 1689 1479 1744 Per
1510 1690 1673 1748 multa
1721 1691 1914 1759 quippe
1949 1700 2093 1744 retro

499 1780 942 1840 smcula'dueibus
971 1785 1049 1837 usi
1077 1793 1221 1850 sunt,
1240 1791 1419 1852 postea
1445 1783 1675 1851 regibus,
1693 1798 1916 1852 quorum
1935 1796 2094 1850 opor-

503 1884 581 1931 tet
607 1883 848 1944 tempera
869 1890 963 1946 per
985 1873 1226 1931 ordinem
1265 1875 1459 1940 cursim
1485 1891 1545 1932 ex
1557 1889 1771 1945 ponere,
1801 1882 1971 1943 etquo
1990 1888 2090 1930 no-

2203 671 2314 718 tute
2353 674 2542 718 cuncta
2583 662 2760 733 gladio
2793 671 2847 718 et
2892 663 3293 732 depraedationis
3331 677 3626 728 vastantes.
3672 669 3794 730 Ad.

2201 771 2386 811 versus
2457 772 2589 826 quos
2639 757 2780 812 idem
2837 759 3223 814 Constantinus
3275 761 3442 817 aciem
3507 765 3794 838 instruxit,

2201 851 2507 923 ingentique
2533 853 2829 908 certamine
2877 852 2961 908 vix
2995 862 3272 924 superatos
3304 855 3440 914 ultra
3484 843 3793 920 Danubium

2198 946 2419 1016 expulit,
2473 961 2534 1001 ae
2562 947 2788 1004 diversis
2823 948 3070 1020 gentibus
3101 950 3316 1006 virtutis
3363 950 3534 1020 gloria
3581 952 3792 1020 clarus,

2199 1042 2291 1096 sed
2325 1042 2390 1095 de
2414 1041 2707 1097 Gothorum
2747 1043 2965 1098 victoria
3008 1045 3237 1113 amplius
3278 1045 3566 1113 gloriosus.
3617 1046 3796 1114 Quem

2200 1133 2446 1201 Romani,
2477 1136 2812 1196 acclamante
2839 1145 3050 1204 senatu,
3093 1137 3304 1207 publica
3334 1138 3490 1202 laude
3519 1143 3796 1208 prosecuti

2198 1238 2319 1280 sunt
2349 1227 2489 1295 quod
2514 1236 2710 1282 tantam
2741 1239 2952 1300 gentem
2980 1227 3189 1296 vicerit,
3219 1229 3359 1300 quod
3390 1232 3616 1302 patriam
3650 1250 3798 1289 rem-

2198 1318 2460 1389 publicam
2491 1319 2885 1380 reformaverit.

2268 1399 2478 1470 6.}Era
2514 1431 2680 1483 covn,
2730 1431 2869 1470 anno
2916 1432 2948 1471 v
3008 1416 3217 1486 imperii
3277 1417 3530 1485 Valentis,
3581 1421 3790 1488 primu.-

2196 1504 2493 1563 Gothorum
2523 1511 2698 1578 gentis
2728 1508 3248 1566 administrationem
3280 1513 3515 1582 suscepit
3547 1514 3789 1567 Athana-

2198 1601 2362 1666 ricus,
2391 1616 2620 1669 regnans
2651 1617 2820 1657 annos
2850 1618 2980 1669 xm,
3031 1603 3142 1672 qui,
3195 1605 3568 1673 persecutione
3593 1605 3778 1660 crude-

2198 1691 2397 1752 lissima
2429 1694 2686 1752 adversus
2720 1695 2877 1751 ﬁdem
2908 1704 3197 1762 commota,
3248 1696 3412 1753 voluit
3442 1714 3501 1752 se
3536 1711 3792 1754 exercere

2197 1794 2380 1839 contra
2409 1785 2638 1852 Gothos,
2687 1789 2774 1858 qui
2812 1789 2862 1843 in
2894 1798 3052 1858 gente
3078 1804 3169 1844 sua
3201 1788 3485 1844 Christiani
3516 1792 3791 1847 habeban-

2199 1883 2301 1940 tur,
2349 1889 2418 1930 ex
2451 1875 2641 1946 quibus
2679 1877 2962 1950 plurimos,
3007 1877 3096 1948 qui
3147 1878 3310 1932 idolis
3357 1879 3633 1936 immolare
3682 1898 3789 1937 non

506 1966 649 2022 mine
674 1975 904 2036 actuque
925 1966 1280 2036 regnaverint,
1301 1965 1365 2020 de
1391 1964 1624 2019 historiis
1643 1966 1799 2019 libata
1822 1977 2084 2020 retexere.
2119 1955 2168 2018 Β
2195 1969 2596 2039 acquieverunt,
2630 1980 2889 2041 martyres
2920 1970 3047 2026 fecit
3072 1988 3086 2037 ;
3133 1970 3366 2041 reliquos
3394 1982 3570 2026 autem
3604 1974 3789 2029 multis

574 2057 628 2112 '5.
661 2060 819 2113 Anno
848 2066 974 2113 ante
1016 2073 1178 2114 teram
1223 2059 1492 2114 conditam
1525 2074 1619 2126 xu,
1653 2059 1776 2112 dum
1824 2074 1918 2129 pro
1946 2058 2086 2113 ειττὶ-

504 2153 697 2222 piendo
727 2152 1034 2224 reipublicte
1067 2152 1313 2224 imperio,
1357 2155 1454 2209 Cn.
1487 2153 1770 2224 Pompeius
1807 2163 1859 2208 et
1898 2152 1956 2207 C.
1995 2153 2089 2212 Ju-

501 2245 606 2300 lius
651 2243 830 2300 Caesar
871 2259 1021 2300 arma
1068 2245 1242 2300 civilia
1293 2246 1729 2312 commovissem,
1785 2245 1978 2312 Gothi,
2022 2245 2087 2299 ad

497 2336 844 2408 premendum
869 2337 1124 2408 Pompeio
1148 2338 1430 2403 auxilium,
1458 2337 1509 2393 in
1535 2334 1868 2393 Thessaliam
1894 2339 2087 2394 adver-

495 2447 589 2488 sus
616 2433 886 2490 Cmsarcm
919 2435 1200 2504 pugnaturi
1232 2443 1512 2490 venerunt.
1567 2435 1667 2491 Ubi
1690 2437 1815 2492 dum
1845 2438 1897 2492 in
1929 2438 2086 2493 Pom-

495 2524 603 2594 peii
647 2526 890 2580 exercitu
943 2525 1253 2597 .‘Ethiopes,
1300 2526 1434 2594 indi,
1467 2528 1664 2596 Persae,
1696 2528 1859 2596 Medi,
1887 2531 2083 2601 Grzcci,

497 2615 739 2679 Armetri,
774 2613 1012 2687 Scylhm,
1044 2632 1106 2674 ac
1130 2620 1349 2689 reliqua:
1380 2618 1613 2674 Orientis
1638 2633 1822 2689 gentes
1847 2630 2085 2678 evocata:

497 2708 756 2766 adversus
784 2707 983 2765 Iulium
1035 2711 1404 2782 dimicassent,
1451 2715 1534 2770 isti
1568 2730 1677 2784 prie
1723 2720 1932 2773 cmteris
1962 2719 2087 2773 Gre-

501 2809 606 2862 επτὶ
639 2809 832 2866 fortius
856 2811 1191 2869 restiterunt.
1221 2814 1458 2882 Quorum
1490 2817 1672 2870 Cmsar
1699 2817 1852 2886 capia
1887 2827 1939 2871 et
1977 2815 2086 2870 vir-

500 2907 610 2957 tute
645 2902 892 2960 turbatus
934 2906 1104 2962 fertur
1139 2907 1314 2978 fugam
1366 2909 1652 2965 meditatus
1682 2927 1820 2977 es.~c,
1851 2912 1954 2966 nisi
1984 2928 2089 2968 nox

492 2992 679 3060 praelio
725 2995 888 3052 ﬁnem
939 2996 1198 3053 dedisset.
1248 2999 1397 3054 Tune
1439 3003 1619 3056 Caesar
1670 3002 1743 3056 ait
1786 3017 1884 3058 nec
1926 3003 2087 3058 Pom-

492 3087 669 3154 peium
702 3087 845 3143 scire
868 3089 1104 3156 vincere,
1140 3106 1238 3145 nec
1264 3092 1534 3148 Caesarem
1570 3109 1723 3162 posse
1747 3095 1908 3150 vinci.
1953 3095 2086 3149 Nam

495 3176 541 3229 si
572 3176 860 3248 Pompeius
889 3181 1102 3235 vincere
1135 3191 1337 3248 nosset,
1373 3181 1533 3256 hodie
1561 3198 1682 3238 cum
1727 3194 1832 3238 tam
1875 3186 2082 3255 aSperis

495 3265 628 3323 viris
654 3269 922 3325 Caesarem
951 3284 1275 3340 superasset.

2192 2079 2227 2133 p
2245 2065 2654 2119 .rsecutionibus
2677 2065 2918 2130 allectos,
2940 2064 3063 2118 dum
3082 2079 3177 2133 pro
3194 2064 3528 2119 multitudine
3545 2065 3790 2120 horreret

2194 2155 2521 2225 interﬁcere,
2543 2156 2686 2212 dedit
2712 2157 3002 2223 licentiam,
3031 2157 3138 2211 imo
3157 2157 3320 2226 magis
3339 2156 3511 2227 coegit
3533 2156 3598 2212 de
3623 2171 3787 2227 regno

2193 2263 2289 2303 ετιο
2313 2249 2488 2318 exire,
2515 2258 2672 2319 atque
2698 2250 2748 2303 in
2785 2249 3006 2304 Romani
3032 2249 3130 2304 soli
3157 2250 3390 2320 migrare
3415 2248 3736 2320 provincias.

2259 2344 2316 2397 ⁸1.
2348 2343 2475 2397 Era
2506 2357 2663 2408 coxv,
2694 2357 2833 2397 anno
2864 2357 2956 2398 xm
2985 2344 3192 2412 imperii
3231 2343 3484 2410 Valentis,
3533 2343 3692 2399 Gothi
3725 2345 3781 2400 in

2193 2432 2382 2488 Istrum
2431 2434 2690 2490 adversus
2731 2437 3045 2505 semetipsos
3097 2435 3150 2490 in
3195 2434 3524 2492 Athanarico
3570 2446 3626 2492 et
3663 2438 3791 2493 Fria

2195 2524 2417 2596 digerno
2465 2527 2623 2581 divisi
2675 2537 2821 2591 sunt,
2875 2528 3095 2582 alternis
3129 2543 3248 2584 sese
3274 2530 3509 2585 etv-dibus
3536 2530 3782 2600 depopu-

2192 2615 2393 2672 lantes.
2436 2617 2536 2672 Sed
2565 2619 2919 2674 Athanaricus
2951 2619 3323 2688 Fridigernum
3355 2620 3588 2676 Valentis
3617 2622 3790 2690 impe-

2191 2711 2385 2764 ratoris
2427 2710 2682 2782 suifragio
2731 2721 2967 2782 superat.
3021 2711 3191 2781 iiujus
3244 2713 3320 2768 rei
3360 2717 3528 2782 gratia
3577 2713 3783 2784 legatos

2187 2817 2309 2859 eum
2339 2803 2650 2858 muneribus
2677 2803 2741 2858 ad
2773 2804 3021 2859 eumdem
3074 2805 3452 2875 imperatorem
3486 2807 3666 2872 mittit,
3729 2815 3788 2862 et

2191 2898 2438 2952 doctores
2469 2907 2685 2966 propter
2707 2898 3100 2967 suscipiendam
3124 2899 3439 2954 Christiana:
3471 2900 3591 2955 iidei
3620 2915 3789 2970 regu—

2193 2989 2296 3044 lam
2328 2992 2516 3060 poscit.
2548 2989 2746 3047 Valens
2773 3003 2952 3047 autem
2991 3007 3021 3046 τι
3058 2993 3290 3048 veritate
3323 2996 3464 3063 ιι]
3503 2993 3782 3052 catholicis

2193 3085 2312 3141 iidei
2343 3087 2549 3152 devius,
2570 3095 2623 3141 ct
2645 3086 2855 3142 Arianae
2883 3087 3103 3143 interesis
3133 3087 3483 3157 perversitate
3511 3088 3779 3156 detentus,

2193 3179 2370 3233 missis
2417 3177 2686 3232 htcreticis
2741 3178 3131 3246 sacerdotibus,
3181 3179 3388 3234 Gothos
3436 3181 3782 3249 persuasione

2191 3269 2421 3326 nefanda
2469 3271 2549 3326 sui
2593 3273 2791 3328 erroris
2831 3273 3066 3342 dogmati
3109 3275 3430 3344 aggregavil,
3477 3280 3532 3327 et
3580 3273 3632 3328 in
3675 3282 3777 3328 tam

563 3366 617 3418 4.
667 3363 796 3420 Era
850 3381 1060 3423 cexcw.
1106 3368 1263 3424 Anno
1304 3371 1512 3439 imperii
1559 3370 1824 3426 Valeriani
1870 3380 1925 3427 et
1962 3371 2087 3428 Gal-
2117 3341 2162 3404 Ο
2196 3365 2504 3435 praclarum
2553 3377 2764 3434 gentem
2811 3367 2954 3420 virus
3005 3365 3318 3435 pestiferum
3361 3367 3570 3422 semine
3598 3369 3778 3435 perni-

494 3454 620 3512 lieni
651 3458 845 3527 primo,
893 3458 1078 3526 Gothi,
1129 3463 1286 3533 ιιο
1330 3461 1606 3517 descensis
1649 3465 1916 3519 montibus
1939 3464 2087 3534 Alpi-

491 3545 612 3616 bus,
665 3549 860 3619 quibus
900 3552 1294 3622 inhabitabant,
1351 3554 1641 3626 Grazciam,
1696 3557 2080 3624 Macedoniam,

491 3641 741 3708 Pontum,
801 3645 984 3702 Asiam
1040 3658 1201 3718 atque
1250 3648 1517 3721 lilyricum
1565 3659 1927 3706 vastaverunt.
2004 3651 2081 3705 Ex

491 3735 688 3805 quibus
729 3735 998 3809 illyricum
1033 3749 1083 3795 ct
1113 3741 1483 3796 Macedoniam
1519 3741 1585 3795 15
1617 3741 1787 3796 ferme
1817 3743 1971 3796 annis
2000 3752 2082 3797 te-

491 3838 748 3885 nuerunt.
783 3831 986 3887 Deinde
1014 3849 1042 3886 a
1067 3833 1293 3889 Claudio
1318 3834 1643 3904 lmperatore
1665 3834 1903 3904 superati
1927 3834 2082 3890 sedes

492 3923 733 3991 proprias
765 3930 1032 3991 repetunt.
1083 3925 1306 3980 Romani
1349 3936 1524 3980 autem
1569 3925 1845 3980 Claudium
1898 3927 2080 3997 Augu-

491 4022 633 4066 stum
670 4029 766 4082 pro
795 4029 860 4071 eo
890 4017 1030 4087 quod
1059 4027 1166 4073 tam
1200 4018 1546 4074 fortissimam
1575 4027 1785 4089 gentem
1819 4035 1848 4073 a
1890 4020 2082 4074 limbus

491 4106 801 4174 reipublica:
834 4109 1170 4177 removisset,
1227 4111 1423 4183 insigni
1454 4113 1616 4181 gloria
1651 4112 1998 4178 honorantes,
2027 4111 2080 4166 in

499 4198 617 4254 foro
647 4200 726 4253 illi
765 4216 984 4256 aureum
1032 4204 1302 4275 clypeum,
1354 4205 1407 4259 in
1440 4205 1690 4274 capitolio
1729 4219 1943 4260 auream
1975 4215 2082 4260 sta-

495 4300 642 4345 tuam
666 4293 1088 4352 etillocaverunt.

565 4386 616 4439 5.
654 4383 783 4439 [Era
826 4401 1077 4456 cccmx,
1112 4403 1252 4444 anno
1295 4405 1420 4444 xxvt
1468 4390 1674 4459 imperii
1720 4390 2076 4460 Constantini,

493 4474 674 4543 GOthi,
709 4478 1078 4534 Sarmatarum
1108 4483 1379 4552 regionem
1405 4483 1665 4554 aggressi,
1695 4483 2080 4553 eopiosissimis

566 4635 614 4690 Ι.
650 4634 984 4709 liierouym.,
1016 4639 1065 4694 in
1091 4639 1287 4707 Qumst.
1324 4640 1479 4707 iieb.,
1511 4643 1707 4697 Genes.
1744 4659 1774 4696 x
1804 4661 1815 4696 :
1845 4641 1912 4697 Et
1938 4653 2078 4698 certe

2193 3461 2339 3513 cioso
2370 3457 2676 3523 transfodit,
2728 3458 2912 3528 sicque
2936 3473 3171 3514 errorem
3219 3474 3378 3527 quem
3427 3474 3618 3515 recens
3659 3472 3781 3514 crc-

2191 3549 2384 3604 dulitas
2411 3549 2598 3617 ebibit,
2632 3552 2821 3615 tenuit,
2857 3550 3054 3619 diuque
3083 3552 3342 3606 servavit.

2261 3642 2315 3697 8.
2340 3641 2491 3702 Tune
2516 3640 2737 3697 Gulfiias
2758 3656 2945 3698 eorum
2967 3641 3265 3697 Gothorum
3286 3641 3569 3712 cpiscopus
3592 3643 3780 3702 Gothi-

2195 3751 2283 3790 cas
2308 3736 2511 3791 litteras
2535 3736 2792 3802 condidit,
2814 3745 2871 3790 et
2891 3737 3181 3805 scripturas
3201 3735 3334 3790 Novi
3355 3751 3418 3791 ac
3445 3735 3654 3793 Veteris
3681 3738 3782 3794 Te-

2189 3829 2439 3882 stamenti
2465 3827 2517 3881 in
2547 3827 2788 3883 eamdem
2811 3828 3042 3896 linguam
3082 3827 3365 3882 convertit.
3392 3827 3550 3882 Gothi
3575 3838 3777 3896 autem,

2189 3924 2367 3978 statim
2396 3934 2450 3976 ut
2483 3923 2680 3977 litteras
2697 3933 2749 3977 ct
2773 3923 2939 3992 legem
2966 3921 3164 3977 habere
3192 3931 3490 3988 coeperunt,
3513 3920 3778 3978 instruxe-

2189 4024 2314 4069 runt
2336 4016 2436 4070 sibi
2460 4016 2718 4081 dogmatis
2745 4015 2828 4069 sui
2864 4015 3153 4079 Ecclesias,
3203 4015 3321 4069 talia
3353 4013 3508 4083 juxta
3529 4017 3778 4071 currulem

2187 4107 2372 4162 Arium
2409 4106 2476 4160 de
2505 4107 2618 4175 ipsa
2647 4106 2924 4162 divinitate
2948 4107 3263 4162 documenta
3291 4115 3554 4169 tenentes.
3583 4116 3640 4162 ut
3669 4124 3782 4160 fit,"

2188 4198 2376 4253 derent
2391 4199 2577 4252 Filium
2598 4198 2738 4252 Patri
2762 4199 3041 4268 majestate
3067 4215 3183 4254 esse
3201 4200 3556 4268 minorem,‘et
3576 4210 3694 4255 acte:
3711 4204 3774 4252 n1-

2188 4299 2296 4345 tate
2317 4291 2690 4360 posteriorem.
2709 4291 2964 4364 Spiritum
2992 4301 3171 4349 autem
3193 4304 3460 4361 sanetum,
3489 4307 3587 4347 nec
3612 4293 3774 4347 Datim

2187 4398 2327 4449 esse,
2375 4399 2549 4452 neque
2603 4383 2957 4438 substantiam
3009 4384 3180 4439 Patris
3228 4386 3486 4448 existere,
3535 4384 3631 4439 sed
3687 4398 3777 4450 per

2188 4474 2377 4530 Filium
2417 4484 2655 4532 creatum
2687 4490 2826 4548 esse,
2872 4477 3150 4550 utriusque
3183 4476 3478 4531 ministerio
3509 4466 3770 4543 deditum,

2185 4635 2260 4690 ita
2290 4635 2554 4700 Lalzbeus,
2591 4644 2642 4690 et
2669 4650 2788 4692 cum
2822 4648 2885 4688 eo
2915 4633 3193 4689 Florezius
3221 4650 3233 4697 ;
3267 4635 3317 4688 in
3345 4631 3594 4688 Editione
3625 4631 3772 4687 Gria’

491 4705 685 4788 Gothos
715 4705 887 4788 ouuth
929 4705 1062 4764 retia
1099 4705 1286 4764 eruditi
1317 4705 1477 4786 magis
1505 4713 1652 4769 Getas
1683 4731 1832 4785 quam
1877 4714 1984 4788 Gog
2033 4729 2078 4773 ct
2112 4725 2157 4786 ι)
2191 4707 2268 4771 lii.
2293 4709 2471 4788 ιῖξῘη-υε
2511 4709 2675 4788 bene;
2696 4707 2932 4788 εςςωιάο-
2965 4705 3351 4788 ῙέῖξδάοιηὛἫίιξε
3385 4705 3769 4788 Ιίξὲιθηίίυῐξξβίξ

495 4777 545 4830 Μ
555 4796 684 4850 ngog
715 4782 976 4850 appellare
997 4795 1380 4836 consueverant.

565 4799 684 4848 πασῃ
715 4799 744 4834 u
784 4799 976 4850 peuare
997 4799 1380 4836 cottsucrcrant.

565 4849 697 4902 Ibid.
733 4799 1035 4927 galliarum,
1063 4867 1164 4927 etc.
1203 4858 1312 4924 AL,
1351 4853 1634 4910 Gothorum
1667 4857 2076 4927 antfqnissintum

491 4935 595 4975 esse
621 4939 833 4991 regnum
883 4925 1012 4978 ibid.
1055 4925 1216 4980 Retro
1266 4939 1435 4980 autent
1465 4929 1748 4982 eruditio...
1783 4925 2075 4993 consuluit;

490 4993 561 5044 ai.
587 5033 598 5050 ,
634 4993 854 5048 Romani
882 5004 1046 5050 autem
1088 4999 1280 5053 aliti...
1318 5008 1702 5052 Consuevernnt.
1764 4999 1891 5053 Ibicl.
1939 4998 2074 5056 Gens

491 5063 844 5136 (artissima...
884 5068 1202 5122 describitur.
1243 5072 1514 5124 Umtttitur
1548 5071 1620 5134 id,
1666 5081 1716 5122 nt
1750 5071 1910 5122 tnulta
1945 5073 2070 5136 alia,

498 5133 548 5188 in
605 5137 802 5211 rudici:
854 5137 1155 5211 Labbeann.
1210 5139 1514 5205 Fabricius,
1574 5133 1624 5194 in
1685 5133 2068 5211 liibliograph.,

494 5206 744 5281 pag._48,
780 5208 958 5264 laudat
988 5210 1276 5267 Fabianum
1325 5212 1552 5276 'i‘ttrncr,
1599 5213 1684 5278 qui
1717 5213 1782 5266 de
1805 5206 2073 5281 praeueni-

493 5277 790 5352 liudinguu:
836 5282 1031 5335 veteris
1061 5281 1328 5346 Gorhicm,
1373 5293 1427 5336 et
1468 5277 1858 5352 Sttrnhilmmn,
1890 5285 1979 5352 qui
2009 5284 2078 5340 de

492 5350 696 5421 origine
726 5353 912 5412 linguae
935 5354 1170 5406 GOliIICtP.
1199 5353 1542 5421 scripserunt.
1571 5358 1738 5409 AREV.

563 5417 700 5474 Ibid.
728 5421 798 5497 Δ1η
820 5425 1056 5497 linguam
1086 5417 1466 5497 nostram—tecti,
1495 5442 1592 5495 quo
1617 5443 1632 5489 ;
1680 5427 1777 5488 al.,
1808 5425 1859 5477 in
1891 5427 2065 5497 lingua

887 5497 1042 5564 quod.
1077 5497 1299 5549 Alvarus
1331 5494 1699 5550 (Iordultensis
1731 5494 2062 5564 qumtlam'ex

493 5560 591 5620 hoc
610 5566 762 5618 Isidm
778 5567 792 5619 i
810 5560 923 5618 loro
937 5562 1182 5636 sumpsit.
1196 5569 1343 5631 Vide,
1364 5568 1482 5631 inl'.,
1498 5581 1611 5621 not.
1629 5568 1689 5619 ad
1712 5560 1763 5622 n.
1787 5567 1875 5622 GI.
1896 5579 1929 5621 Α
1942 5584 2062 5623 nev.

560 5636 613 5692 5.
659 5639 753 5694 Alit
783 5640 950 5703 illum,
977 5657 1071 5706 pro
1092 5637 1313 5706 Julinm,
1347 5643 1464 5694 etei
1494 5655 1590 5711 pro
1619 5641 1849 5706 Ctt’sttt'i;
1881 5652 1932 5697 et
1962 5655 2069 5702 mc-

493 5703 696 5777 4tttui5e,
721 5727 815 5777 pro
843 5703 1110 5766 metutam;
1137 5727 1261 5766 esse.
1288 5703 1458 5767 Aser.

565 5776 616 5831 4.
639 5776 772 5836 zEm
804 5783 946 5852 29L;
978 5785 1076 5855 aL,
1106 5783 1380 5850 mendose,
1409 5782 1669 5858 wra‘ili.
1704 5782 1830 5842 ibid.
1869 5781 2064 5842 Primo.

2185 4796 2289 4834 trra
2320 4778 2445 4842 2‘35,
2478 4794 2615 4830 anno
2649 4779 2699 4830 5.
2733 4779 2936 4832 Montes
2985 4777 3146 4847 Alpes
3181 4778 3502 4830 vocabantur
3543 4775 3770 4847 quilibet

2181 4859 2391 4904 montes
2440 4849 2660 4904 excelsi.
2721 4847 2854 4904 Vide
2903 4843 3204 4920 Etynt'olog.
3258 4847 3349 4907 lib.
3395 4862 3506 4912 xiv,
3553 4843 3672 4916 eap.
3707 4843 3760 4913 8,

2181 4937 2327 4976 num.
2368 4921 2453 4974 18.
2481 4923 2650 4975 Ancv.
3431 4971 3440 4979 ρ

2253 4990 2390 5045 Ibid.
2428 4989 2565 5045 Afra
2588 4989 2717 5047 569.
2741 4990 2795 5046 id
2823 4991 3155 5048 retinendum
3183 5009 3196 5058 ;
3229 4989 3318 5044 alii
3347 4988 3478 5044 alios
3510 5003 3768 5046 numeros

2180 5063 2434 5120 indicant.
2463 5063 2565 5119 Pro
2595 5063 2793 5130 amitti,
2825 5068 3082 5119 mendose
3109 5066 3242 5132 apul
3274 5060 3438 5117 Grial.
3471 5061 3554 5115 i6.
3587 5064 3762 5116 Anuv.

2251 5138 2303 5190 ϐ.
2358 5134 2494 5190 Αἶγα
2541 5135 2661 5190 407.
2719 5135 2964 5192 Perezius
2995 5136 3159 5190 edidit
3199 5134 3329 5199 408,
3360 5148 3479 5189 cum
3514 5141 3659 5199 nota,
3692 5132 3764 5188 al.

2181 5207 2312 5273 407';
2363 5209 2455 5262 sed
2503 5206 2604 5260 hoc
2647 5222 2826 5262 verum
2880 5218 2983 5271 est,
3027 5205 3168 5274 quod
3200 5220 3262 5258 ex
3300 5205 3470 5260 Fastis
3497 5203 3765 5259 idacianis

2183 5280 2408 5344 alii-que
2475 5280 2834 5332 monumentis
2902 5278 3175 5332 Florezius
3238 5276 3591 5340 demonstrat.
3664 5275 3765 5330 Pro

2173 5349 2383 5416 a/fectos
2430 5351 2550 5403 dum
2601 5366 2731 5417 pro;
2775 5353 2841 5404 al.
2873 5350 3095 5417 afﬂictos
3134 5349 3258 5402 dum
3302 5362 3450 5417 prie;
3493 5353 3546 5408 ct
3575 5355 3765 5418 postea

2176 5423 2226 5474 in
2256 5421 2603 5475 Romanorum
2636 5423 2854 5488 migrare
2883 5421 3214 5489 provinciam.
3241 5420 3413 5474 Ant-:v.

2247 5492 2300 5548 7.
2336 5493 2463 5555 Alii,
2493 5502 2632 5545 trans
2673 5488 2890 5546 Istrum.
2925 5531 2937 5546 .
2971 5493 3294 5563 pOpulantes,
3331 5488 3517 5548 Grialii
3557 5488 3761 5558 Editio,

2175 5565 2226 5618 in
2250 5565 2483 5619 Islriunz.
2514 5567 2550 5617 Δ
2563 5577 2681 5617 nev.

2248 5637 2302 5689 8.
2346 5634 2524 5704 Neque
2547 5635 2900 5707 substituti/nn.
2927 5635 3168 5692 Labbeus
3191 5651 3348 5707 neque
3373 5648 3435 5707 ea;
3454 5632 3758 5707 534581033150-

2177 5707 2253 5763 De
2281 5701 2494 5772 Gullila,
2526 5719 2613 5762 aut
2649 5706 2882 5772 Wnllila,
2914 5707 3109 5766 dictum
3147 5709 3195 5762 in
3225 5701 3332 5764 not.
3366 5705 3432 5762 ad
3459 5701 3762 5762 Chronicon

2179 5793 2304 5838 num
2383 5778 2503 5837 105.
2563 5777 2859 5856 Fabricius,
2907 5793 3034 5854 pag.
3085 5779 3150 5840 ἐξ
3198 5778 3477 5852 Bibliogr.,
3509 5778 3758 5838 recenset
