4086 6350
390 265 527 326 1065

387 393 411 433 a
427 377 654 445 Litorio,
678 361 930 435 Romante
947 379 1151 438 militia:
1164 381 1319 452 duce,
1341 384 1547 446 Hunnis
1567 393 1969 465 auxiliantibus,

386 473 666 542 effugatur.
697 471 930 528 Litorius
949 484 1127 531 autem
1151 517 1168 544 ,
1198 477 1324 533 dum
1359 481 1589 549 primum
1633 498 1723 539 res
1745 501 1969 557 prospe-

385 579 470 619 ras
498 562 756 619 adversus
784 564 988 621 Gothos
1028 568 1316 638 gessisset,
1349 571 1526 628 denuo
1554 574 1857 634 daemonum
1895 580 1969 635 si-

382 655 501 726 gnis
537 656 952 727 aruspicumque
999 665 1272 730 responsis
1301 662 1585 734 deceptus,
1618 668 1820 725 bellum
1846 685 1969 727 cum

380 747 572 805 Gothis
603 751 974 821 imprudenter
1010 753 1160 823 iniit,
1193 757 1498 830 amissoque
1527 760 1775 818 Romano
1813 780 1969 820 exer-

381 837 489 896 citu
513 883 529 908 ,
561 842 943 899 miserabiliter
970 858 1252 916 superatus
1280 850 1500 905 interiit.
1527 852 1781 925 Fecitque
1810 857 1970 914 intel-

381 933 472 1004 ligi
515 944 774 1004 quantum
821 937 913 992 illa
939 954 1059 1009 quae
1095 955 1216 996 cum
1259 942 1448 999 eodem
1479 947 1637 1015 periit
1680 949 1966 1008 multitudo

379 1025 637 1097 prodesse
666 1029 927 1098 potuerit,
952 1029 999 1085 si
1029 1030 1132 1087 fide
1154 1034 1333 1104 potius
1363 1052 1524 1108 quam
1542 1038 1828 1098 fallacibus
1856 1044 1967 1101 da:-

378 1118 682 1174 moniorum
723 1123 950 1176 ostentis
989 1124 1066 1178 uti
1105 1126 1404 1183 maluisset.

446 1208 537 1265 25.
579 1210 854 1290 Exstincto
877 1215 1035 1283 igitur
1054 1215 1280 1284 Litorio,
1297 1235 1426 1286 pace
1447 1219 1645 1280 deinde
1657 1223 1964 1284 Theudere-

374 1299 476 1356 dus
492 1317 612 1357 cum
628 1302 882 1360 Romanis
895 1306 1047 1375 inita,
1061 1308 1235 1364 denuo
1246 1310 1502 1370 adversus
1517 1313 1756 1382 Hunnos,
1775 1319 1964 1374 Gallia-

372 1412 493 1454 rum
509 1399 812 1467 provincias
841 1415 986 1456 saeva
1007 1403 1348 1473 p0pulatione
1368 1416 1665 1477 vastantes,
1689 1421 1850 1482 atque
1872 1429 1964 1468 ur-

371 1487 472 1544 bes
493 1489 748 1558 plurimas
768 1503 1091 1561 evertentes,
1112 1495 1163 1550 in
1181 1496 1778 1573 campiscatalaunicis,
1811 1506 1964 1560 auxi-

370 1580 536 1637 liante
548 1583 728 1651 Aetio,
752 1585 887 1642 duce
908 1586 1172 1658 Romano,
1187 1600 1376 1660 aperto
1393 1593 1558 1649 Marte
1570 1597 1831 1666 conflixit,
1859 1597 1963 1654 ibi-

370 1687 473 1743 que
488 1675 778 1743 praeliando
795 1677 967 1734 victor
979 1681 1246 1736 occubuit.
1268 1681 1426 1738 Gothi
1444 1692 1642 1754 autem,
1673 1687 1962 1744 dimicante

1421 275 1737 338 HISTORIA
1777 282 1867 339 DE
1909 284 2205 349 REGIBUS
2243 291 2646 358 GOTHORUM.

3516 326 3652 383 1066

2002 400 2052 460 Δ
2077 401 2295 458 ditatem
2320 409 2645 476 possideant.
2661 413 2813 471 Adeo
2827 427 3004 476 autem
3028 422 3144 482 haec
3155 409 3289 498 gens
3307 430 3523 490 horrida
3545 450 3650 508 est,

2076 501 2132 546 ut
2173 508 2292 550 cum
2324 496 2518 556 famem
2558 503 2612 558 in
2651 505 2790 562 bello
2820 509 3002 567 fuerit‘
3025 496 3202 589 passa,
3255 537 3441 582 venam
3472 496 3656 602 tangat

2073 586 2218 654 equi,
2244 595 2299 642 et
2311 589 2394 677 sic
2416 594 2663 650 excludat
2682 598 2874 657 hausto
2903 608 3169 677 sanguine
3190 586 3418 672 famem.

2142 679 2231 733 30.
2249 665 2385 737 ,ιΕὼ
2404 701 2560 757 cnxc,
2589 703 2730 746 anno
2748 693 2920 763 primo
2944 697 3155 769 imperii
3183 703 3652 780 Marciani,Turis-

2077 773 2329 841 mundus,
2382 778 2524 836 filius
2557 781 2894 842 Theuderedi
2917 833 2933 859 ,
2975 797 3289 860 provehitur
3327 803 3395 855 ad
3428 773 3652 875 regnum

2070 870 2215 915 anno
2241 879 2367 919 uno.
2401 866 2505 934 Qui
2529 869 2656 926 dum
2689 872 2742 928 in
2769 876 2899 945 ipsis
2921 883 3071 951 regni
3101 886 3184 939 sui
3209 890 3450 946 exordiis
3474 866 3654 954 feralis

2069 963 2133 1005 ac
2163 955 2354 1011 noxius
2372 959 2584 1018 hostilia
2614 967 2917 1038 inspiraret,
2937 982 2990 1029 et
3016 977 3181 1032 multa
3207 993 3389 1052 ageret
3414 985 3654 1044 insolen-

2071 1043 2197 1112 tius,
2216 1061 2246 1100 a
2259 1047 2596 1111 Theuderico
2611 1066 2667 1112 et
2687 1057 2998 1133 Frigdarico
3024 1043 3282 1126 fratribus
3309 1082 3392 1130 est
3413 1079 3651 1137 occisus.

2142 1136 2232 1190 51.
2267 1139 2397 1196 ιιΕιιι
2424 1160 2599 1214 cnxcr,
2619 1164 2763 1207 anno
2793 1168 2830 1207 ιι
2862 1157 3070 1226 imperii
3097 1161 3369 1231 Marciani,
3396 1136 3650 1226 Thetide;

2068 1229 2232 1300 ricus,
2267 1244 2385 1302 post
2415 1237 2702 1297 fraternam
2733 1260 2941 1315 necem,
2972 1250 3024 1304 in
3059 1267 3280 1325 regnum
3325 1261 3642 1333 succedens,

2068 1324 2352 1395 imperavit
2380 1329 2535 1387 annis
2585 1349 2698 1401 xm,
2747 1341 2838 1407 qui
2888 1357 2984 1410 pro
3029 1359 3096 1400 eo
3131 1324 3295 1416 quod
3338 1324 3651 1420 imperatori

2068 1416 2225 1471 Avito
2243 1421 2795 1494 sumendiimperialis
2822 1430 3016 1502 fastigii
3050 1452 3172 1493 cum
3192 1439 3357 1497 Gallis
3387 1416 3651 1508 auxilium

2067 1509 2405 1577 praebuisset,
2427 1513 2495 1567 ab
2522 1514 2807 1582 Aquitania
2836 1524 2889 1576 in
2916 1521 3226 1594 Hispaniam
3249 1570 3264 1596 ,
3299 1547 3419 1587 cum
3442 1535 3652 1607 ingenti

2065 1601 2404 1659 multitudine
2434 1609 2726 1675 exercitus,
2759 1621 2812 1667 et
2844 1629 2966 1670 cum
2992 1617 3205 1678 licentia
3227 1624 3468 1694 ejusdem
3498 1601 3650 1688 Aviti

2067 1696 2432 1767 imperatoris,
2463 1702 2784 1775 ingreditur,
2809 1722 2950 1763 anno
2992 1714 3140 1782 regni
3173 1718 3382 1786 quinto.
3404 1719 3502 1776 Cui
3522 1737 3649 1778 cum

2146 1763 2160 1765 ,
2414 1763 2425 1767 -
2522 1763 2551 1773 ,,
2769 1763 2783 1775 ,
2994 1763 3140 1782 ην--
3176 1763 3382 1786 Ί-....ν.
3409 1763 3502 1776 ν...
3524 1763 3647 1778 νυ...

368 1763 789 1834 Thurisxnundo,
804 1767 1141 1826 Theuderedi
1164 1775 1304 1844 regis
1319 1774 1597 1840 filio,adeo
1621 1777 1827 1835 fortiter
1841 1795 1959 1838 con-
1989 1768 2036 1829 Β
2065 1804 2261 1861 magna
2294 1795 2446 1863 copia
2485 1810 2579 1852 rex
2620 1800 2916 1858 Suevorum
2948 1805 3292 1867 Recchiarius
3333 1829 3647 1890 occurrens,

369 1858 534 1890 (vI-oga:
578 1869 697 1890 cunni
756 1871 811 1890 ne
844 1863 982 1890 ἕλικι..
1015 1865 1235 1890 ..-τω-...μ
1267 1867 1505 1890 -_...I:-.-_.
1559 1880 1601 1890 ,ι
1629 1881 1741 1890 μ--.
1792 1888 1799 1890 ξ
1848 1889 1851 1890 ,
2081 1877 2093 1890 ι
2191 1880 2203 1890 ι
2277 1882 2288 1890 .
2449 1885 2461 1890 -
2522 1887 2532 1890 -

367 1858 537 1929 gressi
577 1869 720 1927 suut,
756 1871 816 1917 ut
843 1863 982 1919 inter
1013 1865 1240 1935 primum
1267 1867 1508 1936 praelium
1551 1880 1604 1926 et
1627 1881 1956 1942 postremum

369 1957 605 2007 trecenta
649 1953 762 2012 fere
793 1956 962 2012 millia
1002 1957 1280 2015 hominum
1317 1961 1368 2015 in
1406 1976 1471 2017 eo
1505 1967 1802 2023 certamine
1829 1983 1955 2038 pro-

363 2050 688 2099 strarentur.

431 2132 524 2189 26.
549 2134 708 2190 Multa
732 2137 921 2193 eodem
946 2146 1188 2211 tempore
1214 2143 1336 2198 cceli
1367 2152 1420 2199 et
1454 2153 1611 2201 terrae
1640 2148 1788 2219 signa
1818 2165 1954 2219 prae-

361 2235 663 2295 cesserunt,
687 2243 913 2298 quorum
934 2232 1187 2303 prodigiis
1205 2242 1313 2290 tam
1340 2237 1557 2293 crudele
1574 2239 1770 2294 bellum
1793 2241 1954 2313 signi-

362 2317 639 2373 ficaretur.
662 2317 819 2386 Nam,
851 2322 1082 2378 assiduis
1119 2329 1519 2384 terraemotibus
1544 2329 1720 2400 factis,
1740 2348 1769 2387 a
1802 2345 1952 2403 parte

358 2409 595 2467 Orientis
611 2412 733 2467 luna
763 2412 968 2470 fuscata
986 2426 1067 2472 est
1082 2460 1097 2486 ,
1120 2433 1149 2471 a
1172 2420 1300 2475 solis
1323 2435 1515 2477 occasu
1538 2425 1691 2479 stella
1713 2437 1951 2484 cometes

359 2503 626 2575 apparuit,
645 2515 804 2577 atque
825 2507 1026 2578 ingenti
1051 2514 1417 2582 magnitudine
1445 2515 1753 2586 aliquandiu
1777 2519 1945 2575 fulsit.

357 2594 441 2650 Ab
456 2597 734 2667 Aquilonis
758 2600 909 2670 plaga
934 2603 1130 2658 caelum
1156 2607 1374 2674 rubens,
1396 2608 1536 2665 sicut
1558 2611 1694 2680 ignis
1711 2623 1800 2667 aut
1825 2629 1949 2671 san-

357 2689 476 2760 guis
495 2687 741 2746 eﬂectum
756 2699 857 2758 est,
878 2695 1150 2761 permistis
1167 2713 1262 2766 per
1283 2699 1493 2769 igneum
1517 2702 1770 2761 ruborem
1792 2708 1947 2764 lineis

356 2779 671 2838 clarioribus
689 2783 741 2839 iu
768 2785 1002 2854 speciem
1024 2788 1297 2846 hastarum
1332 2794 1660 2852 rutilantium
1687 2798 1949 2857 deformao

353 2872 445 2927 tis.
468 2871 578 2929 Nec
612 2875 807 2931 mirum
853 2886 911 2932 ut
943 2889 1048 2934 tam
1085 2881 1284 2950 ingenti
1315 2899 1577 2942 caesorum
1600 2901 1780 2962 strage
1810 2893 1947 2949 divi-

353 2964 501 3022 nitus
531 2977 636 3023 tam
679 2970 844 3025 multa
877 2971 1149 3043 signorum
1178 2974 1640 3036 demonstraretur
1682 2986 1939 3042 ostensio.

421 3058 516 3115 27.
547 3058 726 3116 Hunni
775 3072 980 3133 autem,
1006 3080 1174 3138 usque
1218 3069 1285 3124 ad
1330 3072 1752 3132 internecionem
1805 3092 1942 3148 pene

348 3152 477 3209 etesi
507 3168 629 3209 cum
659 3170 787 3226 rege
810 3158 966 3230 117
992 3174 1090 3214 suo
1111 3161 1314 3231 Athila,
1343 3166 1550 3222 relictis
1583 3168 1787 3238 Galliis,
1833 3172 1937 3228 lta-

349 3243 476 3300 liam
501 3247 833 3318 perfugiunt,
856 3251 1147 3322 aliquantis
1172 3255 1478 3313 civitatibus
1498 3259 1737 3330 irruptis.
1763 3263 1861 3332 Qui
1882 3275 1937 3322 et

346 3333 420 3390 ibi
453 3337 646 3405 partim
679 3337 820 3394 fame
847 3383 860 3407 ,
892 3342 1086 3412 partim
1113 3344 1423 3403 caelestibus
1455 3349 1621 3421 plagis
1649 3356 1932 3425 percussi,

347 3426 691 3486 interierunt.
734 3431 898 3490 Misso
935 3434 1158 3506 insuper
1209 3453 1239 3494 a
1288 3439 1556 3498 Marciano
1607 3443 1933 3515 imperatore

341 3521 613 3593 exercitu,
637 3523 762 3579 forti
795 3526 947 3597 plaga
979 3528 1283 3598 caeduntur,
1307 3531 1591 3603 affectique
1619 3537 1844 3593 nimium
1867 3554 1929 3596 ac

341 3607 621 3678 diminuti,
655 3614 810 3671 sedes
852 3617 1098 3688 proprias
1128 3631 1417 3691 repetunt,
1449 3625 1515 3679 ad
1547 3641 1680 3696 quas
1710 3644 1803 3683 rex
1836 3645 1930 3687 eo-

340 3716 458 3759 rum
485 3706 674 3773 Attila,
725 3725 884 3780 mox,
927 3721 987 3767 ut
1015 3717 1310 3782 remeavit,
1347 3720 1613 3776 occubuit.

410 3795 502 3854 28.
522 3799 654 3856 Post
674 3802 791 3874 ejus
814 3803 1018 3860 obitum
1038 3805 1353 3863 Hunnorum
1369 3825 1500 3879 gens
1528 3813 1744 3883 proprio
1764 3827 1823 3872 se
1843 3815 1926 3872 in-

338 3907 502 3960 super
521 3893 731 3949 excidio
755 3893 1073 3953 devastavit.
1103 3899 1401 3972 Statimque
1428 3903 1567 3959 inter
1581 3905 1717 3962 filios
1729 3907 1843 3977 ejus
1857 3908 1925 3965 de

336 3982 630 4039 obtinendo
652 3999 822 4055 regno
849 4002 1040 4058 magna
1059 3998 1388 4048 suntexorta
1417 3998 1731 4054 certamina.
1747 3998 1920 4071 Atque

338 4074 416 4129 ita
437 4075 632 4142 Hunni,
652 4077 742 4147 qui
769 4085 846 4132 tot
863 4080 1104 4138 cladibus
1120 4092 1276 4139 antea
1301 4084 1547 4142 diminuti
1564 4089 1793 4158 fuerant,
1809 4108 1920 4148 rur-

334 4179 456 4220 sum
490 4169 688 4223 mutuis
728 4183 848 4225 sese
877 4171 1066 4241 gladiis
1093 4174 1464 4231 conciderunt.
1490 4177 1546 4232 In
1573 4180 1765 4248 quibus
1788 4182 1918 4241 illud

333 4259 531 4315 mirum
544 4269 648 4330 est,
664 4272 740 4329 ut,
760 4264 885 4318 dum
899 4279 1059 4321 omne
1073 4269 1314 4336 praelium
1333 4271 1712 4329 detrimentum
1727 4275 1922 4332 habeat

332 4353 650 4422 populorum
674 4396 687 4420 ,
727 4355 817 4411 isti
853 4357 970 4413 vice
994 4374 1146 4415 versa
1187 4363 1430 4418 cadendo
1467 4365 1763 4432 proficiant.
1810 4369 1916 4425 Sed

331 4443 556 4514 proinde
578 4455 661 4501 est
688 4450 814 4518 quia
845 4450 899 4505 in
921 4449 1263 4524 disciplinam
1292 4454 1529 4513 fidelium
1563 4460 1724 4529 positi
1767 4471 1912 4532 sunt,

329 4538 470 4593 sicut
499 4541 726 4610 populus
760 4553 844 4598 est
868 4545 1039 4616 gentis
1068 4545 1376 4604 Persarum.

399 4630 489 4685 29.
502 4630 656 4702 Virga
683 4635 826 4688 enim
844 4634 1043 4692 furoris
1060 4637 1149 4693 Dei
1165 4651 1311 4708 sunt,
1326 4644 1597 4713 etquoties
1623 4645 1916 4718 indignatio

327 4723 444 4792 ejus
467 4723 726 4781 adversus
749 4726 932 4783 fideles
956 4731 1213 4798 procedit,
1235 4747 1330 4803 per
1347 4749 1439 4790 eos
1457 4735 1810 4808 flagellantur,
1833 4754 1910 4811 ut,

326 4833 513 4874 eorum
544 4821 923 4880 afflictionibus
947 4829 1235 4895 emendati,
1268 4845 1296 4884 a
1330 4833 1512 4888 seculi
1542 4836 1832 4905 cupiditate
1861 4849 1914 4896 et

323 4923 546 4986 peccato
567 4921 885 4989 semetipsos
905 4931 1212 4990 coerceant,
1237 4934 1290 4980 et
1311 4927 1549 4985 ccelestis
1576 4933 1728 5001 regni
1743 4932 1913 4989 haere-

527 5067 890 5148 Eopufatione.
921 5074 1031 5140 AL,
1060 5076 1473 5148 depopulatione.
1518 5081 1686 5135 Anuv.

392 5137 486 5193 26.
527 5139 779 5224 Gri_ali_u_s,
807 5137 1134 5224 directus—est:
1167 5147 1297 5224 Ibid.
1327 5149 1453 5203 Tam
1480 5152 1691 5224 ingenti.
1720 5153 1904 5211 Flore-

320 5207 582 5288 ziuﬁs_cutn
616 5207 922 5288 Labbeonin
940 5225 1041 5269 tam
1068 5219 1278 5288 ingenti.
1314 5225 1485 5277 Αιιεν.

522 5281 764 5358 ζι-νιιριὶε.
797 5285 1058 5351 Labbeus,
1102 5280 1414 5358 interruptis.
1451 5296 1616 5348 Anuv.

391 5347 482 5407 50.
526 5347 1066 5431 Qtnniaexemplaria
1098 5347 1437 5431 consentiunt
1467 5362 1517 5418 in
1537 5347 1648 5420 tera
1676 5365 1800 5431 490,
1850 5377 1904 5424 et

318 5433 460 5476 anno
483 5425 654 5503 primo
685 5426 968 5503 Marciani;
1021 5439 1074 5484 et
1103 5430 1158 5485 id
1187 5433 1395 5488 videtur
1427 5449 1544 5489 esse
1578 5425 1806 5503 positum
1834 5454 1899 5496 ex

317 5494 759 5581 metiteldsidori,
794 5509 847 5579 ut
893 5508 1037 5581 patet
1082 5516 1146 5556 ex
1197 5505 1320 5581 turis
1363 5494 1730 5581 sequentibus,
1757 5519 1808 5564 et
1834 5494 1899 5566 ex

317 5560 478 5618 ldacii
501 5560 769 5645 Ghronico
798 5560 1135 5645 interpolato,
1165 5578 1248 5628 cui
1277 5577 1389 5630 hare
1415 5560 1730 5645 sup’putand‘i
1762 5560 1898 5636 ratio

315 5634 580 5704 congruit.
614 5636 877 5694 Craterum
906 5634 994 5694 alii
1025 5634 1190 5718 aliain
1214 5634 1611 5715 chronologi'am
1657 5664 1896 5718 sequun-

317 5709 434 5770 tur;
479 5719 800 5790 exmq‘uorum
851 5714 1112 5790 sententia
1146 5716 1444 5790 Marcianus
1475 5709 1704 5790 regnare
1734 5709 1896 5790 coepit

313 5787 457 5832 anno
516 5775 640 5846 450,
695 5781 780 5836 cui
833 5783 1121 5852 respondet
1164 5801 1270 5839 aera
1312 5788 1438 5842 488.
1472 5775 1892 5862 Grialius,7ﬁlirus

793 5878 1056 5941 ΡΔΤιιοι.
1102 5879 1456 5976 ΙιξὶΧΧΙΠ.

2062 1877 2384 1938 duodecimo
2413 1885 2481 1938 ab
2506 1887 2870 1947 Asturicensis
2901 1896 3050 1952 urbis
3079 1899 3352 1969 milliario,
3384 1908 3525 1977 apud
3547 1877 3648 1966 fin-'-

2061 1972 2206 2059 vium
2235 1976 2324 2044 qui
2358 1977 2590 2036 Urbicus
2622 1986 2924 2055 appellatur
2949 2031 2964 2056 ,
3002 1992 3135 2046 inito
3165 2011 3287 2050 mox
3317 1972 3646 2072 ceriauiine,

2058 2057 2343 2134 superatus
2369 2080 2480 2141 est,
2506 2075 2660 2129 caesis
2678 2076 2976 2134 Suevorum
3008 2087 3166 2157 118
3195 2090 3519 2159 agminibus,
3547 2093 3647 2149 ali-

2056 2159 2270 2227 quantis
2289 2163 2478 2231 captis,
2499 2165 2851 2240 plurimisque
2882 2172 3097 2244 fugatis.
3116 2178 3236 2248 ipse
3247 2193 3521 2250 postremo
3548 2202 3647 2244 rex

2057 2250 2166 2307 telo
2203 2255 2419 2310 saucius
2458 2256 2611 2328 fugit,
2657 2265 3014 2336 praesidioque
3051 2286 3270 2327 suorum
3315 2291 3525 2346 carens,
3575 2281 3645 2340 ad

2065 2343 2245 2402 locum
2286 2348 2572 2409 Portucale
2601 2356 2840 2424 capitur,
2865 2360 3081 2430 regique
3119 2365 3452 2425 Theuderico
3492 2343 3646 2440 vivus

2054 2436 2298 2495 offertur.

2125 2529 2215 2584 52.
2245 2532 2365 2601 Quo
2396 2548 2698 2610 perempto,
2723 2544 2902 2603 multis
2928 2547 3018 2620 qui
3048 2549 3114 2609 de
3143 2553 3324 2626 priore
3349 2564 3644 2627 certamine

2050 2625 2432 2694 superfuerant
2461 2646 2584 2690 sese
2625 2635 2965 2697 tradentibus
2989 2684 3002 2708 ,
3043 2625 3336 2717 aliquantis
3363 2625 3643 2714 nihilomi;

2050 2733 2151 2774 nus
2199 2723 2513 2795 trucidatis,
2556 2744 2780 2800 regnum
2827 2751 2965 2804 pene
2997 2739 3326 2800 destructum
3358 2757 3481 2817 est,
3518 2753 3642 2810 fini.

2052 2819 2272 2883 tumque
2301 2816 2603 2876 Suevorum
2637 2839 2881 2894 regnum.
2907 2830 3117 2906 Reliqui
3149 2849 3328 2895 autem
3353 2816 3518 2901 Suevi
3541 2849 3640 2918 qui

2051 2918 2426 2967 remanserant
2474 2913 2527 2967 in
2579 2926 2818 2975 extrema
2870 2934 3020 2992 parte
3069 2927 3372 3001 Gallaeciae,
3404 2913 3638 2998 Massila

2049 2997 2238 3067 filium,
2268 3005 2482 3062 nomine
2512 3007 2910 3078 Maldram,sibi
2938 3032 3117 3089 regem
3137 2997 3506 3085 constituunt:
3541 3047 3634 3090 re-

2049 3105 2209 3161 gnum
2228 3105 2513 3164 reparatur
2527 3099 2850 3161 Suevorum.
2868 3106 3065 3166 Occiso
3088 3112 3430 3190 Recchiario,
3451 3120 3635 3180 Theu-

2044 3181 2258 3240 dericns
2287 3187 2355 3242 de
2375 3186 2627 3248 Gallzecia
2649 3194 2716 3250 ad
2745 3195 3078 3258 Lusitaniam
3100 3204 3268 3264 victor
3299 3181 3594 3270 succedens
3613 3255 3634 3284 ,

2045 3275 2172 3333 dum
2237 3279 2630 3342 Emeritensem
2683 3289 2869 3347 urbem
2936 3294 3234 3366 depraedari
3303 3305 3632 3380 moliretur,

2038 3381 2237 3428 sancta:
2268 3378 2519 3448 martyris
2558 3376 2778 3438 Eulaliae
2820 3389 3049 3444 ostentis
3087 3395 3406 3462 perterritus
3431 3439 3449 3466 ,
3505 3376 3632 3459 cuni

2038 3463 2185 3519 omni
2215 3465 2459 3534 protinus
2495 3471 2736 3527 exercitu
2779 3473 3034 3546 discedit,
3080 3490 3136 3536 et
3161 3483 3364 3541 Gallias
3407 3463 3624 3558 repetit.

2108 3554 2201 3612 55.
2229 3558 2350 3613 Mox
2378 3560 2570 3617 deinde
2591 3573 2796 3633 partem
2823 3584 2978 3626 unam
3001 3574 3290 3643 exercitus,
3321 3579 3456 3636 duce
3470 3554 3625 3640 'Ceu-

2040 3647 2164 3715 rila,
2196 3650 2263 3703 ad
2291 3651 2540 3706 Baeticam
2561 3656 2892 3725 provinciam
2908 3663 3088 3729 mittit,
3111 3675 3317 3734 partem
3337 3669 3496 3726 aliam
3518 3674 3623 3731 sub

2033 3739 2316 3810 Singerico
2333 3753 2389 3799 et
2411 3744 2711 3815 Nepotiano
2735 3750 2959 3810 ducibus
2986 3756 3051 3811 ad
3078 3757 3388 3819 Gallmciam
3411 3765 3615 3837 dirigit,

2028 3837 2118 3908 qui
2142 3835 2350 3894 Suevos
2378 3842 2520 3908 apud
2563 3841 2765 3900 Lucum
2813 3862 2953 3904 saeva
2997 3851 3400 3922 depraedatione
3429 3835 3613 3916 vas—ta;

2031 3937 2240 3984 verunt.
2267 3930 2326 3986 In
2351 3932 2539 3989 Galliis
2565 3944 2742 3992 autem
2773 3939 3104 4012 Agrippinus
3133 3960 3315 4003 comes
3353 3959 3410 4006 et
3445 3952 3613 4022 civis,

2028 4021 2242 4094 [Egidio
2266 4027 2451 4083 comiti
2477 4028 2721 4087 Romano
2741 4036 2988 4105 tumulus,
3025 4047 3081 4094 ut
3106 4039 3403 4100 Gothorum
3434 4062 3616 4106 mere-

2036 4125 2186 4171 retur
2213 4119 2410 4175 auxilia
2436 4161 2452 4187 ,
2500 4121 2804 4181 Narbonam
2835 4129 3048 4186 tradidit
3091 4132 3447 4195 Theuderico.
3484 4141 3616 4199 Post

2030 4208 2238 4280 aliquot
2261 4211 2422 4280 legati
2449 4227 2478 4266 a
2510 4212 2898 4274 Remismundo
2923 4220 3147 4280 Masdrze
3175 4225 3286 4282 filio
3313 4243 3442 4301 rege
3472 4231 3614 4289 Sue-

2026 4315 2219 4356 vorum
2245 4304 2417 4372 missi,
2438 4305 2503 4359 ad
2535 4306 2930 4367 Theudericum
2950 4328 3231 4385 venerunt,
3263 4336 3447 4391 pacem
3472 4327 3611 4381 ami-

2024 4395 2314 4467 citiamque
2349 4411 2654 4467 poscentes.
2699 4402 2960 4463 Similiter
2993 4408 3361 4471 Theudericus
3399 4419 3465 4473 ad
3498 4420 3607 4476 Re.

1946 4501 2002 4564 D
2028 4484 2389 4543 mismundutn
2424 4492 2650 4547 remittit
2676 4509 2797 4550 cum
2829 4513 3100 4556 armorum
3131 4503 3437 4574 adjectione
3462 4550 3475 4571 ,
3522 4509 3606 4565 'vel

2023 4594 2344 4650 munerum,
2386 4582 2588 4639 directa
2639 4587 2801 4643 etiam
2834 4594 3061 4663 conjuge
3086 4635 3101 4658 ,
3149 4610 3308 4664 quam
3353 4597 3601 4657 haberet.

2019 4672 2289 4730 Sullanem
2317 4693 2528 4750 quoque
2553 4679 2786 4752 legatum
2819 4686 2999 4742 denuo
3032 4687 3405 4746 Theudericus
3435 4693 3602 4750 mittit

2017 4765 2084 4820 ad
2113 4765 2578 4828 Rernismundum.
2599 4775 2720 4843 Qui,
2754 4790 3003 4833 reversus
3024 4778 3090 4833 ad
3115 4778 3334 4850 Gallias,
3352 4783 3600 4842 Theude~

2016 4857 2185 4912 ricum
2215 4860 2283 4915 ab
2313 4861 2507 4920 Eurico
2531 4865 2698 4922 fratre
2731 4882 2828 4922 suo
2861 4869 3060 4940 reperit
3086 4870 3449 4930 interfectum.

2084 4948 2322 5007 54ηλΕι-ιι
2356 4970 2462 5022 mv,
2493 4971 2619 5012 ann.
2645 4958 2855 5028 imperii
2883 4959 3078 5018 Leonis
3095 4965 3450 5032 vut,Euricus
3479 4975 3596 5042 pari

2011 5081 2377 5140 Theuderedis.
2409 5087 2580 5144 Aauv.

2080 5156 2170 5241 ἔδίὲ
2211 5157 2509 5241 Portucafe.
2542 5160 2650 5226 AL,
2677 5159 3077 5233 Portumcalem,
3110 5169 3196 5224 vel
3235 5167 3591 5241 Portucafem,
3688 5217 3690 5219 ›

2008 5227 2091 5283 vel
2125 5227 2405 5283 Portalem.
2440 5232 2610 5286 Ansv.

2077 5297 2165 5385 59:.
2197 5299 2451 5385 futtili-te.
2474 5302 2780 5385 Eloresius,
2809 5313 2940 5362 tom.
2977 5306 3045 5364 Vl
3092 5309 3240 5378 llisp.
3274 5325 3438 5385 sacr.,
3492 5330 3594 5385 ap-

2006 5371 2166 5449 pend.
2197 5371 2773 5449 ?,_ediditChronicon
2822 5386 3114 5449 martyrum
3169 5371 3400 5439 auctoris
3426 5371 3590 5441 vetu-

2002 5442 2244 5522 stissimj,
2264 5441 2318 5522 in
2333 5457 2439 5511 quo
2454 5446 2729 5522 mentigtit
2754 5441 3197 5505 sanctte'Eulalim
3217 5452 3587 5522 Erneritensis,

2002 5527 2109 5566 non
2137 5513 2599 5593 “Rarchiuonensis.
2629 5514 2762 5572 Vide
2798 5533 3150 5577 commentar.
3203 5524 3268 5577 ad
3302 5513 3585 5593 Prudent.,

2003 5597 2141 5661 pag."
2136 5581 2694 5661 941._P_ro‘Maf_dram,
2725 5599 2799 5656 et,
2833 5606 2979 5644 num.
3012 5607 3149 5661 seq.,
3181 5594 3423 5661 Maldraz,
3461 5581 3589 5650 Edi:

2001 5654 2073 5735 tio
2105 5653 2287 5735 Grialii
2318 5655 2474 5735 habet
2500 5653 2795 5735 dlasdrttm,
2817 5672 2871 5715 et
2896 5653 3145 5735 Mgsdrtc,
3171 5668 3262 5720 sed
3295 5653 3584 5735 prasferen-

1998 5726 2123 5801 dunt
2140 5724 2344 5779 videtur
2365 5725 2640 5801 Mafdram,
2668 5743 2771 5786 etc.
2801 5747 2918 5786 cum
2945 5724 3208 5801 Floreziu,
3231 5724 3375 5790 etita
3393 5736 3587 5791 scribi-

1999 5803 2087 5852 tur
2109 5796 2208 5852 hoc
2235 5812 2428 5854 nomen
2458 5799 2509 5854 in
2543 5801 2769 5858 Historia
2785 5803 3110 5871 Suevorum.
3138 5796 3584 5874 num.88..Aaev.

3081 5899 3156 5960 3ft
