4086 6350
361 359 498 423 1069

1399 353 1719 418 HISTORIA
1758 354 1849 415 DE
1881 347 2178 414 REGIBUS
2218 353 2624 419 GOTIIORUM.

3479 337 3636 443 ⁴ιοιο

357 469 632 534 catholicis
662 466 929 541 episcopis
958 463 1109 526 daret
1145 467 1201 526 ln
1230 481 1398 526 unum
1450 470 1590 541 apud
1623 471 1934 528 Toletanam
1964 467 2020 530 Δ
2044 485 2095 525 v.
2128 468 2232 530 iste
2263 474 2522 531 adversus
2561 473 2959 537 Cordubensein
3007 481 3194 544 urbem
3241 488 3484 560 praelium
3519 481 3635 554 tuo-

357 565 547 623 urbem
576 562 881 628 convenire,
912 568 968 618 et
1005 575 1338 634 quzecunque
1379 562 1448 619 ad
1497 561 1752 620 Ecclesiae
1781 563 1943 622 disci-

356 658 559 731 plinam
614 653 914 710 necessaria
972 655 1331 720 exstitissent,
1389 655 1556 711 libere
1610 654 1945 728 licenterque

355 751 664 823 disponere.
736 751 812 808 Eo
865 761 1167 824 regnante,
1233 751 1360 808 dum
1416 752 1742 810 Francorum
1790 770 1943 825 reges

331 843 482 901 cum
534 842 762 899 infinitis
804 845 970 915 copiis
1002 845 1054 899 in
1105 842 1416 912 llispaniam
1469 846 1866 916 convenissent,
1890 856 1944 904 et

349 938 816 997 Tarraconensem
843 937 1173 1008 provinciam
1204 937 1348 996 bello
1371 939 1787 1011 depopularent,
1831 942 1942 997 Go-

355 1033 455 1098 thi,
482 1030 617 1087 duce
646 1029 991 1098 Theudisclo,
1036 1030 1280 1087 obicibus
1307 1032 1582 1103 Hispaniae
1616 1034 1939 1102 interclusis,

355 1123 687 1179 Francorum
709 1121 1007 1179 exercitum
1030 1120 1196 1178 multa
1239 1139 1358 1180 cum
1379 1122 1741 1180 admiratione
1774 1123 1942 1180 victo-

354 1216 446 1270 riae
489 1223 921 1285 prostraverunt.
950 1211 1068 1269 Dux
1115 1211 1260 1272 idem
1286 1258 1302 1282 ,
1356 1232 1515 1287 prece
1545 1227 1706 1288 atque
1737 1216 1940 1288 ingenti

355 1301 581 1372 pecunia
633 1303 736 1360 sibi
797 1303 996 1371 oblata,
1029 1305 1174 1362 viam
1223 1306 1359 1377 fugae
1411 1305 1657 1363 hostibus
1710 1309 1941 1364 residuis

354 1399 511 1451 unius
553 1397 658 1452 diei
690 1397 971 1468 noctisque
1000 1399 1176 1468 spatio
1230 1393 1482 1469 praebuit.
1526 1396 1731 1456 Caetera
1765 1397 1939 1456 infeli-

352 1489 491 1542 cium
515 1487 695 1553 turba,
724 1483 811 1543 cui
833 1491 1102 1544 transitus
1124 1489 1305 1544 collati
1328 1490 1585 1560 temporis
1617 1507 1721 1547 non
1752 1506 1940 1548 occur-

351 1581 452 1647 rit,
488 1578 784 1636 Cothorum
829 1592 1108 1651 perempta
1148 1582 1347 1650 gladiio
1394 1584 1646 1639 concidit.

422 1671 510 1726 42.
526 1670 653 1727 Post
670 1681 776 1727 tam
794 1670 965 1728 felicis
983 1685 1290 1730 successum
1308 1674 1566 1741 victoriae,
1583 1683 1727 1731 trans
1743 1675 1935 1732 fretum

356 1761 658 1819 inconsulte
686 1762 847 1820 Gothi
875 1779 932 1820 se
954 1773 1254 1835 gesserunt.
1287 1766 1551 1838 Denique,
1574 1767 1701 1823 dum
1739 1769 1937 1824 adver-

347 1865 440 1909 sus
463 1855 680 1921 milites,
705 1853 794 1925 qui
817 1855 1033 1924 Septem
1063 1856 1336 1925 oppidum,
1363 1856 1531 1928 pulsis
1553 1857 1766 1926 Gothis,
1789 1861 1937 1916 inva-

346 1955 554 2016 serant,
584 1943 781 2003 Oceani
834 1948 965 2003 f'reta
1006 1948 1345 2015 transissent,
1404 1949 1654 2020 idemque
1699 1961 1938 2008 castrum

349 2049 540 2108 magna
584 2037 638 2093 vi
694 2038 1003 2094 certaminis
1042 2047 1440 2112 espugnarent,
1491 2039 1808 2099 adveniente
1852 2041 1939 2099 die

349 2125 654 2194 Dominico,
682 2130 1045 2199 deposuerunt
1069 2146 1239 2199 arma,
1281 2146 1349 2187 ne
1379 2131 1521 2188 diem
1564 2147 1778 2189 sacrum
1808 2151 1938 2206 prae-
1982 2119 2001 2164 ⁷

349 2217 422 2275 lio
451 2219 805 2277 funestarent.
833 2219 945 2277 Hac
969 2221 1123 2292 igitut
1155 2221 1441 2280 occasione
1469 2237 1704 2293 reperta,
1737 2225 1936 2283 milites

343 2315 633 2383 repentino
659 2311 880 2369 incursu
909 2311 1168 2385 aggressi,
1205 2322 1499 2372 exercitum
1540 2315 1672 2374 mari
1705 2321 1937 2392 undique

346 2408 598 2475 terraque
651 2404 985 2473 conclusum,
1019 2405 1277 2479 ignavum
1307 2419 1466 2481 atque
1495 2411 1754 2470 inermem
1801 2415 1936 2472 adeo

345 2505 773 2567 prostraverunt,
789 2506 927 2555 utne
949 2513 1086 2554 unus
1103 2499 1315 2571 quidem
1333 2513 1638 2572 soperesset
1659 2510 1746 2576 qui
1775 2514 1938 2562 tanta;

340 2589 514 2648 cladis
539 2591 809 2648 excidium
840 2593 1161 2663 praeteriret.

420 2685 507 2737 45.
565 2682 677 2741 Nec
730 2697 918 2755 mora,
966 2685 1226 2757 praevenit
1277 2697 1422 2743 mors
1480 2685 1659 2744 debita
1729 2690 1931 2759 princi-

347 2793 493 2849 pem.
546 2775 867 2835 Vulneratur
910 2779 1053 2836 enim
1105 2793 1136 2836 a
1181 2785 1414 2852 quodam
1471 2779 1523 2837 in
1575 2784 1793 2854 palatio,
1844 2786 1935 2856 qui

343 2869 655 2945 iamdudum
687 2873 950 2930 dementis
1001 2872 1256 2944 speciem,
1295 2882 1354 2931 ut
1403 2889 1582 2948 regem
1637 2876 1929 2947 deciperet,

325 2963 716 3022 '~~siniulaverat.
747 2964 926 3021 Finxit
975 2965 1120 3021 enim
1166 2974 1282 3022 arte
1332 2967 1615 3035 insaniam,
1670 2967 1932 3038 perfodit-

344 3068 448 3127 que
503 3055 831 3127 principem,
880 3071 988 3128 quo
1032 3057 1256 3116 vulnere
1293 3059 1387 3116 ille
1418 3069 1716 3130 prostratus
1765 3076 1939 3124 oecus

337 3148 496 3215 buit,
544 3155 598 3205 et
635 3150 688 3204 vi
734 3147 894 3221 gladii
936 3150 1299 3222 indignantem
1353 3151 1585 3208 animam
1633 3154 1952 3210 exhalavit)

343 3239 540 3298 Fertur
569 3252 748 3298 autem
778 3238 921 3298 inter
945 3239 1260 3300 effusionem
1306 3245 1579 3318 sanguinis
1619 3248 1929 3316 coniurasse

342 3347 414 3391 ne
460 3334 582 3406 quis
627 3333 956 3392 interficeret
1004 3350 1407 3408 percussorem,
1467 3337 1656 3394 dicens
1703 3353 1764 3394 se
1801 3354 1930 3395 con-

343 3438 530 3498 gruam
554 3426 734 3484 meriti
763 3427 1036 3498 recepisse
1083 3427 1518 3496 vicissitudinem,
1550 3430 1688 3499 quod
1723 3437 1777 3485 et
1816 3430 1932 3501 ipse

340 3519 584 3588 privatus
613 3519 802 3574 ducem
832 3532 986 3573 suum
1011 3518 1328 3575 sollicitatus
1351 3518 1642 3576 occiderat.

403 3615 558 3684 122
569 3611 660 3667 44.
681 3613 808 3666 Ᾱῐιτει
829 3616 1082 3680 'anxxvt,
1107 3629 1233 3668 ann.
1261 3616 1454 3684 imper.
1476 3612 1758 3670 Justiuiani
1773 3632 1928 3683 xxtu,

343 3704 670 3775 interempto
699 3699 903 3762 Thetidi
933 3705 1289 3762 Theudisclus
1338 3705 1630 3776 superioris
1673 3709 1931 3778 principis

343 3795 450 3856 dux
490 3797 683 3857 Gothis
725 3801 1034 3870 praeficitur,
1066 3815 1295 3870 regnans
1347 3814 1472 3854 ann.
1519 3816 1557 3866 ι,
1607 3816 1819 3856 menses
1851 3817 1927 3868 ιιι,

342 3893 436 3965 qui
484 3893 610 3949 dum
668 3897 1018 3964 plurimorum
1076 3902 1354 3964 potentum
1412 3894 1678 3950 connubia
1736 3896 1933 3964 prosti-

344 3986 550 4041 tutione
580 3987 786 4056 publica
823 3987 1140 4051 macularet,
1169 3996 1223 4041 et
1244 3985 1314 4040 ob
1338 3985 1450 4041 haec
1479 3985 1773 4041 instrueret
1812 3987 1930 4041 ani-

343 4090 492 4132 mum
525 4076 591 4130 ad
623 4092 813 4132 necem
838 4074 1129 4132 multarum
1151 4117 1166 4143 ,
1193 4086 1494 4146 praeventus
1521 4078 1933 4147 coniuratorum

344 4183 504 4223 manu
542 4165 749 4238 ilispali
803 4169 945 4224 inter
973 4169 1158 4240 epulas
1185 4171 1478 4240 iugulatur,
1539 4169 1934 4240 confossusque

344 4260 521 4332 gladio
557 4261 934 4330 exstinguitur.

423 4353 514 4408 45.
545 4352 674 4409 Era
708 4370 977 4420 oLxxxvu,
1015 4354 1202 4421 imper.
1237 4353 1517 4409 Justiniani
1561 4371 1707 4425 xxiv,
1733 4356 1936 4411 exstin-

342 4452 432 4502 cto
474 4444 819 4513 Theudisclo,
844 4445 999 4518 Agila
1027 4462 1124 4502 rex
1153 4447 1496 4502 constituitur
1527 4463 1756 4518 regnans
1803 4463 1932 4504 ann.

416 4645 502 4716 d3.
548 4643 690 4698 Mors
717 4644 922 4708 debila;
953 4645 1050 4709 ai.,
1083 4662 1219 4716 more
1266 4646 1469 4700 deinde.
1504 4646 1655 4712 Quod
1699 4648 1932 4716 additur,

333 4713 991 4788 indignantemiam'mam,
1051 4715 1262 4771 videtur
1319 4727 1589 4788 sumptum
1647 4733 1713 4774 ex
1747 4713 1936 4774 ultimo

343 4785 505 4842 versu
536 4785 797 4841 Eueidos
829 4803 846 4840 τ

470 4895 680 4961 Vitaque
702 4912 815 4948 cum
835 4901 1026 4962 gemitu
1050 4897 1174 4960 fugit
1197 4899 1443 4962 indignata
1462 4901 1555 4951 sub
1575 4901 1786 5018 iambi-as.

1579 5005 1582 5008 .
1633 4980 1754 5018 nev.

1579 4980 1754 5019 ABEV.

412 5078 507 5134 44.
549 5073 760 5133 Annum
790 5075 1075 5133 Iustiniani
1105 5076 1178 5131 25
1208 5092 1328 5131 cum
1355 5077 1571 5133 Lahbeo
1610 5088 1662 5133 et
1689 5079 1934 5138 Florezio

341 5150 598 5216 as‘cripsi;
642 5150 695 5203 iu
725 5147 976 5202 Editione
1003 5149 1185 5203 Grialii
1211 5163 1380 5202 anuus
1415 5148 1507 5214 2:2,
1544 5166 1640 5216 per
1667 5166 1930 5219 errorem,

337 5231 401 5272 ut
431 5221 660 5284 videtur,
713 5219 1034 5287 assignatur.
1085 5219 1188 5272 Pro
1228 5235 1422 5272 menses
1455 5231 1554 5273 tres
1586 5222 1638 5274 in
1668 5222 1932 5279 Chronico

341 5289 744 5363 ﬁ'isigothorum
789 5301 871 5344 est
919 5307 1114 5363 menses
1153 5306 1261 5354 sex,
1317 5290 1422 5343 dies
1477 5291 1761 5358 tredecim;
1794 5295 1932 5363 apud

337 5359 616 5416 Labbeum
649 5363 859 5416 diverso
891 5361 1198 5431 charaCtor'e
1224 5377 1416 5431 menses
1458 5370 1666 5431 septem.
1695 5359 1865 5418 Ani-2v.

415 5432 506 5487 45.
541 5433 636 5487 Hic
685 5434 844 5504 etiam
890 5434 943 5484 in
997 5430 1241 5504 Editione
1280 5429 1477 5504 Grialii
1514 5429 1621 5504 iper
1671 5451 1926 5504 errorem,

343 5501 413 5556 de
439 5518 544 5573 quo
574 5518 735 5576 supra
765 5503 946 5576 iugera
970 5503 1622 5576 prmcedenti,_apponitnr
1640 5520 1811 5560 annus
1839 5501 1930 5576 θλ

379 5585 442 5626 ro
473 5589 613 5628 anno
633 5573 727 5638 Ἡ,
758 5573 847 5642 qui
876 5574 926 5626 in
955 5584 1078 5626 nota
1101 5587 1196 5642 pro
1219 5573 1368 5627 varia
1394 5574 1624 5628 lectione
1650 5573 1928 5633 indicatur.

343 5585 442 5695 Ero
473 5589 613 5628 anno
633 5585 727 5638 24,
758 5585 847 5642 qut
876 5590 926 5626 in
955 5585 1078 5626 nota
1101 5587 1196 5642 pro
1219 5587 1368 5627 varia
1394 5585 1624 5628 Iecnone
1651 5585 1928 5633 indicatur.

341 5663 346 5668 ν
396 5655 474 5714 rat
503 5646 663 5703 etiam
696 5645 838 5701 varia
872 5644 1029 5700 lectio
1074 5658 1176 5714 pro
1221 5657 1360 5709 aera;
1391 5645 1486 5698 sed
1516 5645 1655 5701 idem
1684 5663 1934 5705 numerus

342 5711 447 5772 δδῖ
485 5719 536 5774 in
571 5731 714 5797 testu
746 5732 796 5773 et
829 5721 878 5771 in
913 5711 1519 5797 notaﬁexprimebaturg.
1550 5717 1726 5785 itaque
1782 5721 1932 5789 igno-

343 5803 472 5844 rans
516 5791 768 5860 quidnam
825 5789 1291 5860 potiusPerczius
1324 5789 1576 5856 voluerit,
1611 5804 1726 5844 eam
1755 5801 1933 5846 notam

345 5859 558 5927 sustuli,
591 5877 693 5932 qua
726 5861 859 5916 nihil
885 5859 1024 5918 aliud
1051 5875 1209 5929 quam
1260 5873 1511 5914 numerus
1553 5875 1696 5926 aera»,
1747 5865 1832 5933 qui
1883 5865 1941 5933 in,

1957 4565 2014 4629 Ι)

2050 579 2199 630 rens,
2223 564 2348 622 dum
2393 567 2448 622 in
2478 577 2848 639 contemptum
2896 575 3177 634 catholicae
3206 581 3480 654 religionis
3509 585 3638 646 bea-

2049 657 2238 712 tissimi
2287 661 2540 733 martyris
2568 660 2766 718 Aciscli
2808 663 3055 735 iniuriaut
3089 669 3332 738 inferret,
3368 674 3635 735 hostium-

2048 763 2150 816 que
2204 763 2267 805 ac
2320 750 2687 821 iumentorum
2734 769 2927 812 cruore
2969 763 3178 815 sacrum
3233 764 3466 834 sepulcri
3517 768 3636 839 eius

2047 839 2319 906 iocum,-ut
2340 842 2668 913 profanator,
2689 846 2975 917 pollueret,
2996 850 3128 907 inito
3145 853 3402 910 adversus
3424 855 3634 915 Cordu-

2049 931 2240 989 benses
2255 935 2396 991 cives
2417 938 2729 1007 certamine,
2746 954 2930 1010 poenas
2949 939 3157 1014 dignas,
3181 948 3380 1004 sanctis
3393 947 3631 1007 inferen-

2050 1022 2210 1092 tibus,
2235 1029 2448 1083 meruit.
2471 1028 2600 1086 Nam
2624 1031 2747 1087 belli
2774 1036 3055 1101 praesentis
3086 1037 3290 1095 ultione
3321 1054 3626 1110 percussus,

2047 1124 2099 1171 et
2123 1115 2289 1173 filium
2330 1119 2400 1176 ibi
2424 1135 2543 1176 cum
2569 1123 2722 1193 copia
2747 1127 3021 1184 exercitus
3047 1128 3386 1186 interfectum
3413 1133 3593 1190 amisit
3618 1178 3634 1203 ,

2046 1214 2100 1261 et
2122 1209 2430 1264 thesaurum
2460 1227 2674 1268 omnem
2701 1229 2821 1270 cum
2845 1217 3144 1289 insignibus
3169 1219 3360 1290 Opibus
3377 1223 3636 1293 perdidit.

2116 1296 2205 1353 46.
2231 1298 2350 1368 Ipse
2380 1301 2569 1370 victus,
2600 1319 2663 1360 ac
2687 1305 2981 1364 miserabili
3034 1322 3180 1368 metu
3212 1314 3442 1385 fugatus,
3475 1315 3638 1374 Eme-

2043 1386 2200 1441 ritam
2259 1402 2320 1444 se
2390 1394 2610 1460 recepit.
2668 1393 2942 1454 Adversus
2984 1415 3141 1470 quem
3201 1403 3486 1474 interiecto
3541 1409 3639 1465 ali-

2045 1479 2228 1548 quanti
2276 1483 2535 1550 temporis
2604 1487 2800 1558 spatio,
2849 1489 3240 1563 Athanagildus
3298 1493 3637 1566 tyrannidem

2043 1569 2302 1639 regnandi
2342 1572 2632 1642 cupiditate
2676 1577 2961 1649 arripiens,
2991 1582 3118 1638 dum
3170 1587 3472 1643 exercitum
3522 1591 3640 1662 eius

2043 1673 2231 1718 contra
2262 1679 2322 1720 se
2348 1664 2550 1737 Hispali
2575 1667 2798 1724 missum
2833 1673 3029 1731 virtute
3053 1675 3268 1735 militari
3286 1690 3635 1753 prostrasset,

2041 1755 2286 1811 videntes
2314 1753 2473 1813 Gothi
2514 1761 2734 1831 proprio
2766 1777 2825 1818 se
2867 1766 3035 1822 everti
3085 1769 3312 1838 excidio,
3366 1783 3422 1829 et
3470 1773 3640 1847 magis

2045 1855 2346 1903 metuentes
2385 1863 2454 1904 ne
2483 1849 2798 1921 Hispaniam
2843 1853 3041 1913 milites
3066 1855 3293 1916 Romani
3324 1863 3504 1920 auxilii
3552 1879 3638 1923 σοι

2045 1937 2259 1994 casione
2307 1939 2641 2011 invaderent,
2670 1945 2949 2016 Agiiauem
2982 1948 3235 2008 Emerita
3288 1951 3634 2026 interﬁciunt,

2044 2037 2100 2084 et
2120 2027 2455 2102 Athanagildi
2486 2048 2608 2090 sese
2630 2036 2878 2106 regimini
2914 2039 3272 2100 tradiderunt.

2117 2123 2207 2178 47.
2233 2123 2360 2180 ΛΕΓᾶ
2379 2141 2542 2194 nxcn,
2568 2144 2708 2184 anno
2733 2131 2930 2203 imper.
2959 2131 3246 2192 Justiniani
3278 2154 3428 2206 χχιιι,
3457 2141 3639 2199 occiso

2047 2215 2292 2285 Agilane,
2327 2217 2715 2290 Athanagiidus
2743 2239 2970 2295 regnum
2997 2228 3138 2296 quod
3169 2228 3445 2287 invaserat
3473 2236 3640 2292 tenuit

2045 2323 2169 2362 ann.
2200 2326 2308 2364 xiv.
2341 2311 2437 2366 Hic
2459 2327 2578 2367 cum
2599 2313 2910 2383 iamdudum
2943 2329 3152 2388 sumpta
3183 2323 3492 2394 tyrannide,
3514 2319 3637 2397 Agi-

2043 2398 2220 2456 lauem
2263 2417 2430 2472 regno
2480 2404 2691 2474 privare
2726 2418 3031 2476 conaretur,
3068 2407 3222 2482 123
3274 2413 3503 2470 militum
3533 2417 3637 2473 sibi

2041 2491 2238 2545 auxilia
2286 2491 2352 2547 ab
2407 2493 2730 2564 imperatore
2770 2496 3077 2554 Justiniano
3111 2514 3449 2572 poposcerat,
3500 2521 3638 2578 quos

2039 2591 2228 2648 postea
2250 2587 2571 2643 submovere
2597 2603 2626 2642 a
2655 2588 2848 2645 iinibus
2875 2592 3026 2662 regni
3060 2595 3280 2651 molitus
3307 2611 3414 2651 non
3439 2597 3632 2667 patuit.

2041 2673 2314 2729 Adversus
2354 2689 2489 2746 quos
2517 2677 2798 2751 hucusque
2831 2679 3140 2738 conflictum
3184 2694 3288 2742 est.
3321 2685 3635 2759 Frequenti-

2039 2763 2140 2821 hus
2185 2775 2343 2824 antea
2372 2769 2570 2839 praeliis
2619 2774 2766 2842 caesi,
2820 2789 2958 2829 nunc
3006 2791 3135 2831 vero
3190 2775 3369 2833 multis
3424 2779 3636 2837 casibus

2039 2855 2197 2914 fracti
2225 2868 2384 2930 atque
2415 2860 2570 2916 finiti.
2620 2861 2864 2920 Decessit
2904 2875 3079 2921 autem
3111 2867 3500 2937 Athanagiidus
3527 2866 3636 2925 To-

2043 2947 2137 3005 leti
2171 2953 2384 3020 prepria
2411 2963 2582 3009 morte
2607 2993 2624 3022 ,
2648 2965 2875 3013 vacante
2903 2972 3071 3030 regno
3108 2959 3381 3015 mensibus
3412 2977 3465 3016 v.

2109 3039 2198 3096 48.
2225 3041 2354 3099 ιλΕιέι
2385 3059 2506 3112 ncv,
2535 3061 2662 3102 ann.
2691 3063 2730 3102 ιι
2755 3048 2966 3118 imperii
3008 3047 3202 3108 Justini
3230 3052 3475 3122 Minoris,
3513 3062 3637 3125 post

2039 3133 2452 3208 Athanagildum
2483 3135 2651 3193 Liuva
2682 3139 2930 3196 Narbone
2960 3140 3152 3198 Gothis
3202 3145 3510 3212 praficitur,
3553 3157 3634 3201 re-

2037 3243 2208 3300 gnans
2234 3243 2358 3284 ann.
2394 3244 2472 3297 ιιι,
2501 3231 2591 3302 qui
2622 3231 2860 3287 secundo
2889 3243 3051 3300 anno,
3083 3245 3364 3306 postquam
3403 3237 3634 3307 adeptus

2034 3329 2118 3376 est
2168 3320 2543 3392 principatum,
2593 3321 2965 3394 Leovigildum
3022 3325 3243 3382 fratrem
3297 3342 3402 3384 non
3457 3328 3632 3385 solum

2035 3428 2432 3486 successorem,
2464 3417 2558 3472 sed
2587 3426 2642 3473 et
2671 3419 2984 3488 participem
3016 3422 3167 3492 regni
3197 3422 3302 3478 sibi
3330 3425 3630 3490 constituit,

2036 3505 2417 3577 Hispaniasque
2476 3509 2927 3565 administrationi
2981 3513 3246 3582 praefecit,
3305 3513 3421 3582 ipse
3445 3514 3632 3570 Gallias

2031 3611 2201 3668 regno
2252 3606 2554 3654 contentus.
2601 3598 2799 3669 Sicque
2846 3614 3072 3670 regnum
3113 3601 3250 3658 duos
3280 3605 3444 3672 cepit,
3501 3605 3627 3659 dum

2035 3691 2180 3745 nulla
2215 3699 2453 3760 potestas
2485 3691 2692 3759 patiens
2719 3693 2988 3747 consortis
3017 3694 3106 3748 sit.
3133 3695 3266 3749 Huic
3286 3704 3465 3750 autem
3491 3709 3631 3752 unus

2033 3788 2241 3836 tantum
2271 3795 2444 3836 annus
2494 3781 2549 3835 in
2577 3781 2765 3837 ordine
2799 3790 3102 3853 temporum
3133 3792 3413 3853 reputatur
3440 3785 3625 3841 Liuva:

2035 3875 2203 3944 regis,
2235 3873 2431 3942 reliqui
2456 3872 2768 3941 Leovigildo
2799 3875 2951 3930 fratri
2981 3885 3424 3933 annumerantur.

2105 3966 2197 4021 49.
2231 3966 2361 4023 Era
2408 3983 2551 4037 ucvi,
2605 3982 2730 4022 ann.
2788 3985 2846 4024 ιιι
2897 3969 3090 4040 imper.
3141 3971 3336 4027 Justini
3385 3972 3630 4038 Minoris,

2036 4055 2379 4128 Leovigildus
2410 4058 2632 4130 adeptus
2665 4061 2934 4129 l-lispanire
2956 4071 3007 4117 et
3041 4061 3227 4118 Gallim
3250 4065 3628 4136 principatum,

2036 4153 2297 4223 ampliare
2349 4167 2572 4223 regnum
2608 4153 2751 4209 bello
2779 4163 2833 4210 et
2862 4169 3058 4226 augere
3105 4170 3235 4225 opes
3260 4158 3463 4211 statuit.
3497 4157 3631 4213 Stu-

2037 4247 2127 4301 dio
2152 4247 2352 4317 quippe
2383 4249 2501 4316 eius
2532 4248 2822 4315 exercitus,
2845 4249 3206 4305 concordante
3225 4247 3428 4317 favore,
3460 4253 3634 4306 victo-

2034 4338 2259 4406 riarum,
2293 4340 2459 4394 multa
2489 4341 2744 4408 przeclare
2770 4343 2990 4396 sortitus
3017 4353 3120 4397 est.
3141 4339 3446 4399 Cantabros
3478 4359 3630 4400 nam-

2038 4446 2142 4504 que
2172 4433 2274 4487 iste
2303 4430 2550 4499 obtinuit,
2583 4430 2834 4503 Aregiam
2871 4432 2975 4489 iste
3000 4436 3162 4505 cepit,
3195 4434 3416 4491 Sabaria
3445 4434 3513 4490 ab
3562 4450 3630 4492 eo

2044 4643 2191 4689 textu
2214 4632 2524 4703 apparebat,
2549 4631 2943 4690 continebatur.
2966 4636 3023 4690 in
3051 4635 3300 4691 Editione
3324 4637 3505 4691 Grialii
3533 4637 3627 4690 dc-

2039 4706 2307 4760 sideratur
2335 4706 2540 4776 corpori
2571 4717 2692 4777 post
2719 4707 2954 4761 Asciscli.
2986 4707 3111 4770 Alii,
3145 4708 3376 4777 inferret,
3409 4708 3628 4762 ouium-

2037 4793 2156 4847 qtte,
2181 4794 2243 4830 ac
2262 4780 2611 4847 jumentorum
2639 4776 2849 4830 horrore
2875 4794 3099 4840 sacrum,
3133 4776 3240 4847 etc.
3272 4781 3445 4830 Aul-tv.

2111 4848 2201 4902 46.
2235 4839 2517 4916 Hispalim.
2551 4849 2622 4900 ita
2653 4849 2924 4902 Florezius
2973 4862 3096 4901 cum
3148 4846 3386 4902 Labbeo.
3443 4849 3626 4904 Editio

2041 4916 2223 4972 Grialii
2255 4931 2307 4971 et
2337 4919 2476 4984 alia»,
2510 4917 2738 4986 Hispali.
2769 4919 2942 4971 Ani-1v.

2109 4989 2199 5044 47.
2241 4989 2438 5052 Fracti,
2466 4998 2620 5056 atque
2659 4990 2811 5054 ﬁniti.
2840 4986 3115 5042 Florezius
3139 5003 3258 5042 cum
3289 4989 3407 5042 aliis
3435 4990 3584 5044 addit
3609 5008 3624 5044 :

2037 5057 2223 5113 Fidem
2251 5060 2556 5113 catholicam
2603 5061 2795 5112 occulte
2842 5059 3022 5123 tenuit,
3072 5069 3121 5114 et
3150 5058 3455 5114 Christiania
3481 5062 3628 5116 valde

2035 5132 2306 5184 benevolus
2347 5132 2461 5201 fuit.
2495 5134 2664 5185 Anuv.

2107 5220 2346 5276 48./Ero
2374 5220 2498 5286 605,
2519 5236 2657 5274 anno
2677 5221 2898 5292 secundo
2920 5222 3142 5292 imperii,
3171 5229 3273 5275 etc.
3297 5221 3355 5275 id
3386 5222 3624 5277 netinen-

2036 5293 2161 5347 dum
2186 5308 2306 5345 cum
2336 5292 2579 5345 Editione
2602 5291 2784 5346 Grialii
2808 5291 3036 5347 ostendit
3055 5293 3350 5357 Florezius,
3377 5293 3624 5362 quamvis

2036 5365 2156 5418 alia:
2187 5363 2459 5417 Editiones
2491 5363 2626 5417 alios
2653 5376 2907 5417 numeros
2936 5364 3227 5418 ascribunt.
3270 5363 3490 5418 Liuvam
3521 5366 3622 5419 tri-

2038 5434 2141 5506 bus
2170 5443 2375 5488 tantum
2421 5435 2573 5488 annis
2602 5445 2859 5506 regnasse
2899 5451 2964 5506 ex
2998 5433 3207 5489 Isidoro
3231 5435 3534 5506 colligitur;
3569 5447 3624 5491 at

2029 5503 2359 5560 Biclarensis
2389 5507 2621 5576 quinque
2651 5504 2766 5574 eius
2790 5504 2941 5574 regni
2968 5519 3139 5560 annos
3168 5503 3467 5576 enumerat.
3499 5508 3626 5561 Post

2035 5585 2299 5646 reputatur
2328 5573 2489 5631 verba
2522 5573 2692 5647 cium
2740 5573 2876 5647 regis
2906 5578 2955 5629 in
2989 5578 3109 5630 aliis
3152 5575 3486 5634 Editionibus
3514 5593 3621 5632 non

2038 5657 2269 5712 exstant,
2304 5659 2357 5701 et
2387 5646 2659 5701 abundare
2710 5645 2812 5699 ait‘
2838 5645 3124 5702 Florczius.
3161 5649 3272 5718 Ego
3298 5649 3619 5704 crediderim

2037 5719 2316 5788 legendum
2341 5717 2459 5771 hinc
2480 5727 2669 5785 autem,
2699 5725 2858 5787 atque
2882 5719 2951 5771 ita
2965 5721 3122 5773 'recte
3143 5717 3388 5790 precedit
3411 5735 3620 5775 sensus.

2039 5792 2210 5845 Ansv.

2114 5860 2200 5916 49.
2245 5857 2378 5913 /Era
2407 5859 2531 5914 606.
2587 5858 2854 5929 Labbeus,
2906 5859 3039 5916 .Era
3069 5861 3204 5929 607,
3251 5863 3388 5932 quod
3432 5861 3627 5916 rationi
