4086 6350
516 304 684 371 ,10⁸11

1620 293 1679 352 S.
1718 292 1971 353 lSlDORl
2008 290 2457 352 HISPALENSIS
2496 292 2804 352 EPlSCOPl

3681 302 3813 358 107%

543 414 719 475 omnis
742 414 954 473 devicta
984 419 1091 480 est,
1119 414 1401 468 cesserunt
1426 404 1589 464 etiam
1617 409 1782 463 armis
1825 407 1968 464 illius
1996 408 2120 478 plu-
2147 414 2198 470 Α
2298 406 2387 463 55.
2410 408 2683 480 Synodum
2713 409 2904 468 deinde
2924 410 3297 482 episcoporum
3323 412 3390 468 ad
3416 413 3813 476 condemnatio.

514 508 517 513 ’
543 512 697 567 rimae
724 506 953 565 rebelles
984 500 1253 573 Hispaniae
1282 499 1464 556 urbes.
1493 497 1650 553 Fudit
1674 513 1885 570 quoque
1913 498 2129 554 diverso

544 601 729 673 praelio
751 596 968 661 milites.
998 604 1055 652 et
1076 592 1321 666 quaedam
1346 599 1523 648 castra
1550 590 1618 645 ab
1648 590 1727 647 eis
1759 601 2019 661 occupata
2052 592 2129 647 di-

543 693 789 753 micando
809 693 1031 764 recepit.
1052 687 1524 759 Hermenegildum
1548 685 1741 743 deinde
1769 688 1936 742 ﬁlium
1965 688 2129 757 impe-

540 788 635 842 riis
668 785 782 842 suis
809 783 1257 857 tyrannizantem,
1306 780 1585 836 obsessum
1606 779 1968 848 exsuperavit.
2000 778 2129 835 Pos-

544 886 774 934 tremum
804 875 1006 931 bellum
1034 872 1226 931 Suevis
1258 871 1821 947 intulit,.regnumque
1859 884 2044 927 eorum
2074 868 2127 923 in

539 967 660 1038 jura
704 964 879 1038 gentis
922 978 1036 1019 suae
1063 963 1196 1018 mira
1226 961 1502 1017 celeritate
1532 960 1845 1017 transmisit.
1879 958 2129 1031 Hispania

540 1076 732 1131 magna
762 1074 829 1115 ex
861 1066 1015 1129 parte
1041 1055 1261 1127 potitus.
1283 1053 1415 1109 Nam
1465 1061 1621 1110 antea
1672 1069 1805 1125 gens
1832 1054 2127 1110 GOthorum

539 1151 778 1221 angustis
799 1148 994 1205 ﬁnibus
1024 1146 1351 1211 arctabatur,
1382 1143 1477 1201 sed
1501 1144 1783 1201 oﬁ‘uscavit
1802 1145 1857 1200 in
1886 1159 1952 1201 eo
1980 1159 2130 1201 error

538 1242 826 1313 impietatis
869 1240 1095 1313 gloriam
1128 1247 1287 1294 tantae
1316 1237 1549 1293 virtutis.

608 1335 699 1391 50.
731 1332 972 1403 Denique
1012 1330 1227 1386 Arianae
1271 1328 1508 1400 perﬁdiae
1551 1328 1735 1385 furore
1774 1328 2031 1399 repletus,
2074 1328 2127 1384 in

537 1427 830 1485 catholicos
851 1424 1224 1496 persecutione
1247 1430 1538 1487 commota,
1565 1420 1824 1490 plurimos
1844 1423 2129 1494 episcopo-

512 1520 657 1574 ‘rum
683 1515 873 1573 exsilio
914 1513 1189 1584 relegavit.
1230 1510 1596 1566 Ecclesiarum
1640 1510 1798 1583 124
1846 1511 2048 1568 reditus
2076 1519 2134 1570 et

508 1608 511 1611 “
538 1607 814 1680 privilegia
845 1604 1087 1670 abstulit,
1115 1602 1313 1659 multos
1334 1616 1546 1673 quoque
1570 1602 1864 1657 terroribus
1888 1602 1943 1656 in
1977 1604 2131 1658 A'ria-

538 1715 663 1757 nam
712 1696 1069 1768 pestilentiam
1119 1693 1354 1765 impulit,
1404 1693 1839 1765 plerosque'sine
1888 1709 2133 1763 persecu-

2230 514 2353 555 nem
2375 500 2587 555 Arianae
2614 501 2831 559 haeresis
2856 544 2871 568 ,
2903 503 2969 557 de
2997 504 3219 560 diversis
3245 504 3510 574 Hispaniae
3558 517 3613 562 et
3631 508 3813 570 Gallia

2232 591 2515 660 provinciis
2530 603 2832 664 congregat.
2859 594 3011 666 125
3026 593 3121 649 Cui
3139 594 3367 651 concilio
3384 594 3523 650 idem
3538 597 3813 667 religiosis

2229 679 2398 735 simus
2412 682 2656 752 princeps
2672 682 2929 754 interfuit,
2952 695 3205 756 gestaque
3225 687 3341 757 ejus
3359 689 3643 758 praesentia
3658 704 3748 746 sua
3760 701 3814 749 et

2230 770 2623 841 subscriptione
2638 772 2887 841 ﬁrmavit,
2901 775 3154 831 abdicans
3166 793 3288 832 cum
3306 779 3556 836 omnibus
3571 782 3680 836 suis
3700 798 3817 852 per-

2230 858 2430 928 ﬁdiam,
2451 878 2609 933 quam
2627 864 2899 934 hucusque
2910 866 3199 923 Gothorum
3223 871 3471 941 populus,
3490 871 3621 929 Ario
3635 874 3817 932 docen-

2234 961 2308 1020 te,
2324 953 2602 1022 didicerat,
2621 967 2676 1013 et
2700 958 2993 1029 praedicans
3014 963 3173 1017 trium
3199 977 3547 1032 personarum
3565 968 3817 1025 unitatem

2232 1049 2284 1103 in
2317 1050 2505 1117 Deum,
2535 1052 2728 1108 Filium
2768 1069 2795 1108 a
2824 1054 2983 1111 Patre
3008 1057 3544 1117 consubstantialiter
3586 1061 3820 1133 genitum

2231 1154 2374 1208 esse,
2403 1142 2665 1215 Spiritum
2696 1155 2940 1203 sanctum
2996 1146 3433 1219 inseparabiliter
3480 1170 3510 1209 a
3542 1154 3702 1212 Patre
3730 1156 3820 1212 Fi-

2231 1233 2409 1303 lioque
2444 1236 2757 1305 procedere,
2806 1247 2861 1295 et
2892 1254 3011 1296 esse
3042 1243 3321 1300 amborum
3351 1260 3512 1301 unum
3542 1247 3822 1317 Spiritum,

2234 1325 2373 1382 unde
2424 1337 2478 1382 et
2507 1344 2672 1386 unum
2700 1340 2847 1388 sunt.

2303 1416 2395 1473 54.
2454 1419 2576 1490 Egit
2617 1423 2776 1477 etiam
2809 1424 3041 1494 gloriose
3081 1426 3281 1484 bellum
3310 1429 3567 1487 adversus
3602 1432 3822 1489 infestas

2234 1518 2420 1580 gentes
2451 1512 2575 1567 ﬁdei
2622 1525 2873 1584 suscepto
2922 1519 3140 1574 auxilio.
3199 1521 3419 1577 Francis
3470 1522 3611 1578 enim
3663 1539 3822 1580 sexa-

2234 1606 2380 1676 ginta
2428 1608 2594 1663 ferme
2635 1610 2857 1666 millium
2914 1624 3238 1671 armatorum
3286 1617 3455 1686 copiis
3508 1618 3707 1675 Gallias
3751 1621 3826 1675 ir-

2235 1698 2533 1765 ruentibus,
2587 1700 2754 1756 misso
2804 1700 3024 1758 Claudio
3082 1705 3218 1762 duce
3266 1706 3531 1763 adversus
3555 1724 3672 1777 eos,
3704 1710 3824 1779 glo-

539 1791 687 1847 tione
733 1789 941 1846 illectos
965 1802 1097 1844 auro
1140 1785 1407 1857 rebusque
1451 1786 1678 1855 decepit.
1710 1786 1887 1843 Ausus
1916 1802 2128 1858 quoque
2160 1779 2207 1840 Β
2235 1787 2378 1843 rioso
2439 1789 2783 1859 triumphavit
2839 1802 3054 1848 eventu.
3119 1794 3274 1850 Nulla
3330 1813 3561 1867 unquam
3621 1799 3674 1854 in
3729 1800 3823 1857 lii-

538 1883 683 1939 inter
711 1889 906 1937 caetera
932 1880 1157 1936 haeresis
1182 1892 1291 1934 suae
1316 1879 1560 1948 contagia
1587 1878 1748 1934 etiam
1800 1880 2133 1949 rebaptizare

512 1973 864 2041 catholicos,
894 1980 950 2029 et
988 1984 1094 2026 non
1121 1970 1293 2024 solum
1334 1983 1399 2023 ex
1426 1968 1603 2038 plebe,
1640 1970 1732 2025 sed
1761 1971 1925 2026 etiam
1953 1987 2020 2027 ex
2047 1988 2130 2027 sa-

539 2063 833 2122 cerdotalis
862 2062 1067 2119 ordinis
1096 2060 1372 2133 dignitate,
1404 2060 1543 2117 sicut
1567 2060 1903 2119 Vincentium
1925 2065 2133 2121 Caesar-

510 2152 915 2227 ‘august‘anum,
943 2156 1011 2212 de
1036 2154 1290 2226 episeopo
1330 2163 1629 2223 apostatam
1670 2155 1890 2227 factum,
1922 2167 1977 2216 et
2022 2168 2131 2215 tan-

540 2267 700 2323 quam
729 2266 760 2305 a
782 2249 921 2306 cmlo
950 2249 1005 2303 in
1033 2246 1300 2305 infernum
1329 2248 1649 2318 projectum.

611 2341 699 2398 51.
714 2340 930 2397 Exstitit
943 2348 1123 2396 autem
1141 2349 1194 2395 et
1209 2339 1527 2411 quibusdam
1539 2354 1759 2396 suorum
1773 2343 2127 2413 perniciosus,

537 2448 660 2491 nam
686 2447 1031 2503 quoscunque
1060 2432 1424 2488 nobilissimos
1452 2446 1515 2487 ac
1550 2431 1955 2501 potentissimos
1977 2434 2125 2504 vidit,

534 2536 629 2584 aut
644 2527 819 2597 capite
843 2527 1130 2596 truncavit,
1151 2536 1263 2594 aut,
1283 2526 1700 2598 opibusablatis,
1726 2530 2059 2601 proscripsit,
2077 2541 2132 2589 et

534 2621 865 2694 proscriptos
890 2620 942 2675 in
969 2620 1221 2676 exsilium
1248 2620 1417 2675 misit.
1443 2620 1656 2677 Fiscum
1689 2637 1902 2692 quoque
1926 2626 2130 2693 primus

535 2712 637 2769 iste
651 2710 1016 2780 locupletavit,
1033 2711 1344 2782 primusque
1361 2712 1609 2768 aerarium
1629 2713 1695 2769 de
1718 2713 1921 2782 rapinis
1932 2715 2128 2771 civium

532 2805 876 2876 hostiumque
890 2803 1157 2861 manubiis
1172 2804 1661 2877 auxit.Primusque
1672 2807 1834 2862 etiam
1849 2807 1991 2864 inter
2002 2823 2129 2866 suos

532 2896 698 2966 regali
729 2903 878 2952 veste
902 2905 1121 2965 opertus
1149 2895 1203 2950 in
1233 2895 1369 2951 solio
1399 2895 1621 2951 resedit.
1650 2896 1784 2953 Nam
1831 2907 1955 2954 ante
1982 2914 2125 2966 eum,

531 2998 588 3046 et
632 2989 844 3043 habitus
880 2996 936 3043 et
978 3001 1266 3043 consessus
1313 2986 1617 3042 communis
1655 2999 1712 3044 ut
1744 2989 1942 3060 p0pulo
1972 2992 2041 3045 ita
2074 3000 2128 3047 et

531 3083 748 3155 regibus
779 3090 922 3139 erat.
954 3081 1208 3137 Condidit
1237 3082 1398 3137 etiam
1430 3083 1705 3139 civitatem
1734 3085 1787 3141 in
1810 3084 2120 3152 Celtiberia,

2235 1881 2434 1953 spaniis
2464 1882 2760 1940 Gothorum
2806 1886 3047 1954 victoria,
3093 1889 3176 1944 vel
3209 1890 3378 1959 major
3425 1892 3477 1945 in
3522 1892 3698 1958 bello,
3740 1897 3825 1952 vel

2234 1974 2425 2029 similis
2469 1977 2692 2031 exstitit.
2738 1975 2997 2035 Prosuati
3040 1990 3164 2038 sunt
3207 1982 3352 2037 enim
3380 1993 3433 2038 et
3471 1984 3613 2053 capti
3659 1986 3825 2042 multa

2233 2066 2401 2122 millia
2434 2068 2691 2139 hostium,
2726 2072 2942 2128 residua
2986 2088 3112 2129 vero
3154 2076 3425 2132 exercitus
3452 2092 3598 2147 pars,
3629 2087 3824 2148 prater

2233 2174 2386 2231 spem
2417 2162 2471 2217 in
2499 2162 2673 2235 fugam
2704 2180 2883 2235 versa,
2916 2166 3107 2224 Gothis
3144 2180 3264 2239 post
3293 2179 3498 2241 tergum
3538 2172 3825 2244 insequen-

2236 2252 2399 2322 tibus,
2460 2270 2626 2325 usque
2672 2256 2727 2313 in
2772 2259 2923 2330 regni
2972 2259 3056 2315 sui
3107 2259 3302 2317 ﬁnibus
3356 2277 3493 2318 caesa
3537 2273 3641 2322 est.
3672 2265 3825 2336 Saepe

2233 2351 2394 2405 etiam
2426 2357 2482 2405 et
2522 2352 2753 2409 lacertos
2809 2365 2996 2411 contra
3029 2356 3396 2413 Romanorum
3428 2361 3746 2418 insolentias
3772 2372 3825 2419 et

2234 2440 2555 2510 irruptiones
2585 2442 2885 2501 Vasconum
2929 2446 3115 2502 movit.
3150 2446 3302 2505 Unde
3332 2464 3439 2506 non
3464 2454 3635 2531 magis
3686 2452 3825 2510 bella

2234 2542 2516 2604 tractasse,
2556 2550 2715 2606 quam
2770 2540 2944 2607 potius
2988 2550 3223 2611 gentem,
3274 2543 3426 2612 quasi
3474 2544 3526 2599 iu
3562 2544 3825 2615 palaestra

2234 2627 2360 2684 ludo
2381 2672 2394 2697 ,
2423 2644 2518 2699 pro
2549 2646 2647 2685 uso
2676 2632 2990 2688 certaminis
3018 2634 3227 2691 videtur
3256 2637 3583 2695 exercuisse.

2304 2718 2395 2776 55.
2426 2720 2739 2779 Provincias
2766 2734 2942 2780 autem
2967 2741 3100 2795 quas
3123 2738 3273 2797 pater
3294 2729 3437 2784 bello
3462 2731 3821 2804 conquisivit,

2233 2817 2336 2869 iste
2353 2828 2482 2884 pace
2496 2816 2851 2883 conservavit,
2875 2818 3127 2888 aequitate
3140 2822 3424 2891 disposuit,
3453 2822 3824 2881 moderamine

2232 2905 2389 2959 rexit.
2426 2905 2546 2959 Fuit
2580 2914 2754 2961 autem
2792 2907 3046 2976 placidus,
3080 2910 3242 2979 mitis,
3278 2911 3502 2981 egregiae
3536 2912 3822 2982 bonitatis;

2235 3008 2541 3070 tantamque
2573 3000 2626 3054 in
2656 3002 2800 3056 vultu
2830 3003 3056 3073 gratiam
3087 3003 3286 3067 habuit,
3321 3015 3374 3061 et
3404 3016 3601 3062 tantam
3625 3009 3678 3063 in
3708 3009 3825 3065 ani-

2232 3106 2320 3145 mo
2375 3090 2754 3159 benignitatem
2801 3092 2985 3162 gessit,
3037 3103 3095 3147 ut
3142 3094 3377 3149 omnium
3424 3097 3694 3153 mentibus
3742 3100 3824 3154 in-

532 3154 691 3246 quam
740 3189 808 3229 ex
863 3172 1081 3228 nomine
1136 3171 1228 3226 ﬁlii
1254 3213 1269 3238 ,
1325 3172 1639 3243 Recopolim
1698 3176 2012 3231 nominavit.
2068 3178 2123 3232 In
2153 3154 2201 3220 θ
2231 3183 2422 3248 ﬂuens,
2445 3185 2604 3238 etiam
2628 3183 2795 3238 malos
2816 3184 2880 3238 ad
2906 3184 3153 3241 aﬂectum
3176 3187 3375 3241 amoris
3400 3188 3480 3245 sui
3503 3174 3823 3248 attraheret.

533 3267 742 3338 legibus
791 3281 1005 3335 quoque
1060 3280 1122 3319 ea
1170 3280 1292 3335 quae
1338 3266 1407 3320 ab
1452 3266 1646 3322 Eurieo
1694 3268 1968 3325 incondite
2007 3286 2130 3325 con-

534 3359 722 3416 stituta
756 3357 1098 3425 videbantur,
1129 3358 1387 3424 correxit,
1422 3356 1683 3427 plurimas
1732 3358 1875 3429 leges
1918 3370 2128 3429 praeter-

534 3453 729 3509 missas
756 3450 1039 3521 adjiciens,
1061 3450 1342 3522 plerasque
1368 3451 1670 3521 superﬂuas
1701 3452 1980 3511 auferens.
2023 3454 2129 3511 Re-

532 3549 721 3620 gnavit
772 3556 951 3603 autem
999 3561 1125 3601 ann.
1174 3560 1327 3612 xvtu,
1371 3544 1655 3602 defunctus
1703 3548 1921 3618 propria
1952 3560 2130 3605 morte

535 3642 732 3699 Toleti.

602 3737 695 3793 5‘2.
727 3733 857 3792 lira
897 3748 1109 3801 ncxxtv,
1154 3748 1282 3789 ann.
1309 3749 1369 3791 ιιι
1412 3735 1605 3804 imper.
1636 3732 1901 3801 Mauricii,
1940 3733 2131 3791 Leovi-

533 3828 678 3901 gildo
713 3826 986 3893 defuncto,
1018 3825 1158 3881 ﬁlius
1198 3827 1315 3895 ejus
1356 3826 1660 3883 Recaredus
1694 3843 1860 3897 regno
1901 3839 1983 3883 est
2040 3844 2131 3885 co-

536 3927 781 3985 ronatus,
822 3918 968 3973 cultu
1025 3918 1278 3987 praeditus
1308 3917 1597 3989 religionis,
1643 3929 1696 3974 et
1724 3921 1961 3988 paternis
2010 3934 2130 3974 mo-

536 4010 685 4066 ribus
714 4009 871 4077 longe
888 4007 1203 4082 .dissimilis.
1237 4008 1477 4078 Namque
1513 4009 1607 4064 ille
1654 4009 1987 4080 irreligiosus
2010 4052 2024 4076 ,
2077 4019 2132 4067 et

537 4102 678 4158 bello
701 4098 1151 4170 promptissimus,
1174 4100 1262 4155 hic
1289 4100 1390 4156 (ide
1421 4101 1538 4171 pius
1570 4109 1625 4157 et
1656 4116 1785 4168 pace
1810 4104 2127 4170 praeclarus;

539 4195 632 4252 ille
659 4209 929 4250 armorum
969 4194 1174 4250 artibus
1200 4196 1373 4266 gentis
1424 4196 1710 4267 imperium
1741 4197 1995 4267 dilatans,
2043 4198 2131 4253 hic

540 4285 803 4357 gloriosus
830 4286 1075 4343 eamdem
1108 4297 1317 4356 gentem
1367 4286 1491 4342 ﬁdei
1541 4289 1779 4357 trophaeo
1809 4289 2127 4345 sublimans.

540 4376 597 4434 In
629 4377 758 4448 ipsis
801 4378 941 4434 enim
990 4380 1136 4450 regni
1186 4379 1269 4434 sui
1317 4380 1552 4436 exordiis
1602 4381 1923 4441 Catholicam
1973 4382 2130 4439 ﬁdem

540 4473 764 4544 adeptus
795 4473 953 4529 totius
992 4474 1229 4529 Gothica
1254 4475 1428 4545 gentis
1451 4477 1696 4546 populos,
1731 4476 1899 4531 inoliti
1929 4479 2128 4534 erroris

541 4563 660 4621 labe
689 4564 930 4629 deserta,
974 4564 1042 4619 ad
1082 4564 1280 4619 cultum
1324 4576 1484 4621 rectae
1514 4567 1639 4622 ﬁdei
1690 4579 1924 4623 revocat.

515 4689 835 4752 temporum
874 4694 979 4752 non
1006 4677 1268 4752 congruit.
1300 4678 1513 4752 Grotius
1537 4688 1590 4752 et
1619 4679 1862 4752 Labbeus
1882 4724 1897 4750 ,
1931 4682 2120 4752 adepto

545 4747 812 4819 Hispania:
861 4749 1171 4817 principatu,
1222 4749 1419 4802 omisso
1466 4747 1671 4803 Galliae.
1716 4751 1818 4804 Pro
1879 4747 2123 4815 praeclare

538 4823 747 4875 sortitus
765 4829 857 4882 est,
878 4820 1119 4874 Lahbetts
1141 4819 1315 4889 praeda
1340 4820 1601 4874 resortitus
1630 4829 1724 4875 est.
1751 4822 1851 4875 Pro
1875 4823 2117 4887 Sabaria,

540 4892 629 4945 alii
655 4891 888 4945 historici
916 4890 1203 4946 Sabandia.
1236 4890 1528 4958 Florezius,
1552 4906 1673 4946 cum
1702 4891 1886 4946 Grotio
1918 4913 1930 4946 :
1958 4892 2120 4947 Fudit

537 4979 739 5033 quoque
767 4961 962 5035 diverso
983 4962 1158 5025 prwlio
1180 4961 1372 5014 Justim‘
1398 4962 1607 5027 milites,
1644 4978 1776 5035 quos
1816 4963 2123 5035 Athanagil-

539 5031 733 5087 dus'ad
775 5031 1025 5103 anguium
1052 5041 1360 5095 evocaverat,
1413 5041 1459 5085 et
1504 5032 1736 5103 quedam
1774 5044 1963 5096 castra,
2009 5031 2117 5089 étc.

541 5104 617 5159 De
637 5102 807 5158 sancti
834 5100 1229 5172 Hermenegildi
1274 5103 1412 5173 bello
1442 5112 1495 5159 et
1515 5100 1789 5173 martyrio
1812 5105 1989 5158 recole
2014 5147 2029 5169 ,
2073 5106 2117 5160 si

541 5176 733 5244 placet,
766 5173 907 5231 dicta
933 5173 989 5228 in
1018 5172 1343 5240 lsidorianis,
1375 5188 1489 5243 cep.
1551 5174 1639 5238 79,
1668 5172 1743 5228 ’n.
1773 5172 1845 5226 25
1876 5183 1931 5229 et
1960 5188 2115 5246 seqq.

540 5248 710 5302 Aaev.

609 5314 699 5369 5t.
726 5313 956 5381 Exstitit,
982 5323 1085 5371 etc.
1117 5315 1307 5373 Sermo
1332 5314 1863 5385 estrrderbeovigildo,
1911 5324 1968 5370 ut
1996 5332 2117 5385 per-

540 5388 783 5456 spicuum
836 5392 940 5442 est.
985 5385 1197 5453 Riscus,
1245 5397 1373 5442 tom.
1415 5384 1565 5439 XXX
1611 5384 1761 5456 Hisp.
1795 5400 1958 5453 sacr.,
1996 5384 2117 5456 pag.

542 5454 667 5518 130,
723 5458 914 5510 merito
965 5456 1309 5523 reprehendit
1356 5454 1720 5511 Ambrosium
1749 5454 2013 5525 Morales,
2063 5454 2121 5512 et

541 5524 879 5581 Franciscum
909 5526 977 5582 de
1008 5528 1224 5594 Padilla,
1266 5528 1356 5595 qui
1409 5526 1461 5580 id
1488 5526 1554 5582 de
1588 5527 1871 5583 Vincentio
1899 5524 2118 5583 (imar-

539 5603 836 5667 augustano
864 5607 1200 5667 acceperant.
1240 5604 1408 5654 Ant-3v.

646 5612 836 5651 nstano
864 5612 1200 5667 acceperant.
1240 5612 1408 5654 Anev.

609 5612 701 5723 ξε.
744 5667 890 5721 Anna
919 5678 1119 5734 quarto.
1156 5670 1229 5723 Ita
1257 5669 1490 5724 correxit
1536 5668 1807 5725 Florezius
1836 5684 1903 5724 ex
1944 5669 2115 5724 Bicla-

544 5738 687 5809 [ensi
702 5747 771 5809 et
790 5738 907 5792 aliis
936 5738 1067 5793 locis
1096 5739 1254 5809 hujus
1282 5737 1552 5804 Chronici,
1601 5755 1719 5794 cum
1769 5741 1822 5795 in
1870 5737 2118 5796 Editione

548 5804 733 5867 Grialii
761 5808 1027 5883 legeretur
1076 5804 1212 5867 anno
1257 5814 1420 5866 tertio.
1476 5811 1579 5866 Pro
1626 5812 1785 5885 gentis
1824 5813 2113 5884 imperium,

2231 3276 2380 3331 Adeo
2421 3275 2677 3347 liberalis,
2710 3286 2769 3332 ut
2816 3293 2945 3347 opes
2975 3278 3323 3348 privatorum,
3360 3289 3416 3336 et
3460 3281 3822 3342 Ecclesiarum

2233 3368 2450 3438 praedia,
2499 3384 2616 3437 qua:
2662 3377 2880 3438 paterna
2926 3368 3069 3424 labes
3100 3368 3229 3424 ﬁsco
3277 3371 3664 3437 associaverat,
3714 3374 3824 3443 juri

2230 3459 2450 3529 proprio
2475 3467 2829 3536 restauraret.
2858 3458 3009 3514 Adeo
3038 3458 3296 3526 clemens,
3322 3470 3379 3515 ut
3422 3463 3604 3533 populi
3630 3464 3824 3521 tributa

2230 3563 2373 3617 saepe
2406 3547 2743 3619 indulgentiae
2775 3548 3055 3618 largitione
3086 3550 3317 3605 laxaret.

2304 3637 2396 3694 56.
2416 3637 2608 3695 Multos
2628 3638 2790 3694 etiam
2809 3639 2999 3694 ditavit
3024 3640 3207 3707 rebus,
3238 3642 3497 3711 plurimos
3513 3644 3825 3704 sublimavit

2233 3727 2546 3783 honoribus.
2576 3731 2715 3799 Opes
2744 3744 2871 3784 suas
2917 3730 2967 3783 in
2998 3731 3243 3799 miseris,
3290 3733 3573 3790 thesauros
3613 3753 3740 3794 suos
3770 3736 3823 3793 in

2230 3822 2415 3891 egenis
2442 3821 2763 3887 recondens,
2797 3822 2972 3877 sciens
3003 3823 3069 3877 ad
3098 3823 3213 3879 haec
3261 3825 3339 3880 illi
3377 3825 3543 3883 fuisse
3572 3830 3822 3887 collatum

2233 3929 2476 3984 regnum,
2499 3924 2557 3968 ut
2577 3914 2942 3969 eosalubriter
2961 3914 3241 3983 frueretur,
3264 3918 3416 3973 bonis
3437 3920 3603 3975 initiis
3623 3921 3822 3981 bonum

2233 4005 2390 4060 finem
2421 4006 2665 4075 adeptus.
2688 4006 2872 4062 Fidem
2895 4010 3037 4061 enim
3069 4016 3228 4063 recta:
3257 4010 3459 4078 gloriae,
3494 4027 3649 4082 quam
3672 4014 3820 4070 initio

2234 4098 2380 4166 regni
2412 4098 2681 4167 percepit,
2708 4098 2996 4153 novissime
3026 4099 3235 4169 publica
3259 4102 3598 4159 confessione
3644 4105 3821 4175 paeni-

2234 4191 2414 4246 tentia:
2460 4192 2768 4246 cumulavit.
2803 4191 2977 4247 Toleti
3008 4191 3115 4248 ﬁne
3166 4194 3387 4264 paciﬁco
3437 4196 3673 4266 transiit,
3729 4197 3819 4269 qui

2233 4283 2473 4353 regnavit
2502 4298 2670 4339 annos
2704 4298 2796 4338 xv.

2309 4374 2467 4445 126
2505 4373 2592 4428 57.
2621 4372 2751 4428 jEra
2782 4390 3032 4441 ncxxxtx,
3062 4391 3157 4430 an.
3190 4379 3400 4447 imperii
3432 4379 3672 4437 Mauricii
3702 4393 3814 4449 xtx,

2234 4476 2354 4536 post
2381 4466 2711 4523 Recaredum
2737 4484 2912 4538 regem
2946 4481 3130 4539 regnat
3165 4470 3323 4525 Liuva
3349 4472 3489 4528 ﬁlius
3509 4475 3624 4544 ejus
3643 4492 3732 4533 an.
3756 4494 3811 4543 ll,

2236 4558 2451 4627 ignobili
2493 4560 2707 4628 quidem
2762 4570 2931 4615 matre
2985 4564 3332 4631 progenitus,
3376 4565 3788 4623 sedvirtutisin

2227 4673 2316 4727 alii
2345 4684 2542 4744 gentem
2572 4674 2806 4741 imperio.
2840 4674 2943 4729 Pro
2966 4675 3187 4738 detersa,
3217 4675 3511 4743 Florezius,
3543 4694 3667 4735 cum
3694 4681 3811 4736 Edi-

2230 4744 2376 4799 tione
2402 4745 2609 4811 Grialii,
2643 4746 2864 4799 deserta.
2884 4746 3100 4800 Grotius
3121 4746 3398 4811 ,Labheus
3426 4758 3481 4802 et
3507 4761 3698 4805 auctor
3729 4752 3809 4806 Vi-
3874 4778 3879 4783 ο

2228 4827 2294 4869 tte
2321 4816 2492 4869 sancti
2522 4815 2728 4882 lsidori,
2779 4816 2919 4887 apud
2971 4816 3370 4887 Bollandianos,
3422 4823 3646 4879 detersa.
3680 4822 3808 4877 Vide

2226 4896 2404 4964 notam
2428 4886 2493 4938 ad
2525 4901 2671 4964 num:
2699 4888 2763 4964 ίξ)
2788 4883 2944 4955 hujus
2976 4887 3108 4941 Vitae
3140 4892 3193 4942 in
3230 4883 3561 4959 Isidorianis,
3608 4907 3806 4964 appeu-

2224 4956 2343 5009 dice
2369 4957 2422 5023 2,
2460 4965 2591 5012 tom.
2624 4957 2691 5010 ll.
2726 4957 2896 5010 Anev.

2298 5026 2699 5101 53._Fl_orezius
2748 5043 2867 5101 cum
2923 5025 3126 5101 Grgtio.
3170 5031 3417 5101 unitatem
3456 5032 3507 5085 in
3541 5031 3674 5101 Deo,
3704 5031 3805 5088 Fi-

2225 5097 2370 5153 lium.
2404 5097 2670 5163 Lahbeus,
2696 5100 2959 5163 unitatem,
2999 5097 3161 5153 Deum
3188 5099 3405 5155 Filium.
3438 5104 3612 5157 Λιιεν.
3645 5148 3658 5161 .

2294 5170 2381 5225 54.
2426 5169 2547 5233 Alii,
2596 5170 2718 5237 ﬁdei
2754 5180 3000 5235 suscepta:
3040 5170 3257 5234 auxilio.
3294 5174 3397 5228 Pro
3438 5176 3612 5228 movit.
3665 5174 3806 5229 Unde

2222 5239 2333 5313 alii,
2368 5241 2538 5294 movit.
2564 5239 2713 5313 _Ubi.
2763 5241 2835 5293 Ex
2867 5239 3026 5313 Floro
3050 5244 3263 5313 videtur
3291 5253 3563 5313 sumptum
3613 5261 3807 5299 inoeere

2222 5310 2440 5388 lacertos
2470 5314 2519 5365 ιιι
2554 5310 2968 5388 fiue_proaeuiii_
2983 5328 2994 5363 :
3038 5310 3391 5388 Imperium...
3416 5310 3537 5388 '_snb
3580 5314 3805 5388 Trojano

2221 5382 2452 5454 principe
2480 5392 2638 5438 morat
2670 5382 2904 5436 lacertos.
2936 5382 3040 5437 Pro
3072 5385 3383 5454 certaminis,
3416 5382 3803 5442 Labbeus’mti-

2222 5452 2400 5508 litatis.
2430 5455 2603 5508 Anev.

2294 5522 2383 5581 55.
2428 5523 2707 5579 Florezius
2729 5525 2981 5579 nonnulla
3011 5526 3233 5592 addidit,
3261 5544 3378 5594 quae
3409 5528 3657 5582 Labbeus
3683 5528 3802 5583 cha—

2220 5608 2427 5652 ractcre
2456 5595 2668 5669 diversi)
2698 5595 2863 5650 edidit
2897 5615 2909 5647 :
2947 5597 3117 5651 ﬂexit.
3154 5595 3312 5651 Multi
3338 5614 3535 5669 quoque
3565 5598 3803 5652 adversus

2220 5684 2333 5723 eum
2388 5667 2712 5737 tyrannidem
2768 5683 3025 5720 assumere
3082 5667 3377 5737 cupientes,
3438 5667 3617 5722 detecti
3666 5678 3798 5734 sunt,

2218 5736 2423 5815 suisque
2449 5736 2834 5815 machinationis
2855 5739 3124 5801 consilium
3147 5736 3357 5815 implere
3377 5756 3480 5797 non
3505 5744 3799 5812 potuerant.

2219 5808 2345 5866 Fuit
2373 5816 2564 5875 autem,
2590 5818 2697 5867 etc.
2741 5808 2911 5865 Ansv.

3866 4938 3885 4975 ς
