4086 6350
324 283 501 373 ’1075

1358 307 1672 368 HISTORIA
1721 299 1808 364 DE
1851 304 2148 367 REGIBUS
2185 307 2584 366 GOTHORUM.

3473 315 3498 370 1
3509 314 3612 373 076

360 432 484 486 dole
527 427 828 500 insignitus.
869 427 1036 496 Quem
1080 426 1132 480 in
1181 426 1352 497 primo
1393 428 1524 482 ﬂore
1555 425 1932 482 adolescentia
1962 423 2014 482 Δ
2041 435 2142 497 ret,
2166 427 2388 498 ejusque
2427 427 2708 484 thesaurus
2756 422 3054 493 redemptio
3090 423 3349 483 existeret
3373 427 3614 496 captivo-

360 522 708 589 Wictericus,
737 527 950 590 sumpta
991 518 1303 590 tyrannide,
1328 520 1616 574 innocuum
1645 531 1811 587 regno
1841 516 1936 572 de—

356 614 481 684 iecit
507 657 523 682 ,
574 613 905 684 pracisaque
932 612 1118 669 dextra
1151 610 1347 669 occidit
1371 626 1512 667 anno
1541 612 1713 666 atatis
1738 625 1829 676 xx;
1858 623 1935 664 re-

353 708 442 777 gni
465 721 595 763 vero
623 723 676 760 η.

424 800 511 854 58.
554 800 683 856 .IEra
712 815 888 866 nexu,
935 813 1024 854 an.
1073 799 1203 868 imp.
1247 798 1487 854 Mauricii
1517 813 1626 864 xxr,
1662 798 1934 852 exstincto

352 891 618 958 Liuvane,
643 891 962 948 Wictericus
994 906 1238 960 regnum,
1263 891 1406 961 quod
1437 891 1650 946 vivente
1680 890 1771 944 illo
1794 891 1933 944 inva-

351 996 532 1051 serat,
563 985 798 1041 vindicat
820 1000 945 1040 ann.
976 1001 1070 1040 vn.
1116 987 1209 1040 Vir
1232 985 1446 1054 quidem
1480 993 1732 1039 strenuus
1762 983 1813 1037 in
1841 997 1929 1036 ar-

349 1094 560 1133 morum
601 1087 751 1142 arte,
799 1078 894 1132 sed
946 1087 1121 1132 tamen
1172 1091 1366 1146 expers
1394 1075 1650 1131 victoria.
1693 1075 1932 1143 Namque

347 1167 606 1224 adversus
633 1170 860 1224 militem
901 1170 1197 1223 Romanum
1226 1169 1466 1239 pralium
1514 1183 1655 1237 sape
1691 1166 1928 1234 molitus,

347 1261 479 1316 nihil
505 1261 637 1316 satis
666 1261 902 1332 gloriose
932 1261 1092 1329 gessit
1122 1271 1316 1329 prater
1343 1261 1482 1330 quod
1526 1262 1725 1316 milites
1769 1275 1932 1330 quos-

346 1352 467 1406 dam
504 1354 772 1423 Segontia
800 1368 895 1423 per
938 1351 1100 1407 duces
1123 1353 1373 1407 obtinuit.
1419 1353 1514 1408 Hic
1545 1352 1595 1407 in
1629 1353 1730 1407 vita
1765 1352 1932 1420 pluri-

345 1462 431 1501 ma
461 1447 642 1502 illicita
676 1447 819 1510 fecit,
848 1447 900 1499 in
934 1455 1105 1499 morte
1135 1456 1309 1500 autem
1333 1489 1346 1512 ,
1381 1448 1502 1515 quia
1532 1445 1706 1514 gladio
1732 1459 1927 1510 onera-

343 1550 430 1596 tus
487 1542 678 1608 fuerat,
723 1541 900 1612 gladio
946 1540 1123 1610 periit.
1207 1540 1348 1594 Mors
1387 1540 1582 1608 quippe
1629 1538 1926 1592 innocentis

343 1632 514 1687 inulta
560 1635 610 1686 in
650 1632 741 1687 illo
790 1647 895 1687 non
939 1631 1072 1688 fuit:
1118 1633 1256 1686 inter
1300 1630 1487 1700 epulas
1537 1629 1684 1684 enim
1714 1628 1924 1696 prandii

341 1724 717 1793 conjuratione
745 1724 1094 1793 quorumdam
1118 1733 1199 1777 est
1223 1722 1554 1787 interfectus,
1584 1736 1777 1790 corpus
1807 1721 1923 1790 ejus

340 1814 519 1868 viliter
549 1821 631 1869 est
662 1823 1000 1884 exportatum
1034 1823 1191 1883 atque
1214 1814 1500 1881 sepultum.

413 1903 503 1961 59.
528 1905 652 1961 Era
672 1922 908 1974 ncnux,
926 1922 1012 1961 an.
1039 1906 1166 1975 imp.
1202 1906 1452 1961 Phocalis
1480 1915 1688 1971 octavo,
1710 1904 1927 1960 Gunde-

339 2014 521 2054 marus
551 2010 671 2070 post
711 1999 1058 2055 Wictericum
1086 2008 1271 2069 regnat
1309 2014 1396 2053 an.
1423 2015 1481 2054 il.
1523 1998 1623 2054 Hic
1653 1999 1925 2054 Vascones

337 2107 440 2147 una
478 2092 825 2161 expeditione
872 2090 1139 2156 vastavit,
1204 2092 1308 2145 alia
1355 2091 1578 2146 militem
1626 2090 1922 2144 Romanum

337 2183 574 2239 obsedit.
616 2184 786 2238 Morte
814 2183 1026 2252 propria
1060 2182 1231 2237 Toleti
1261 2181 1514 2237 decessit.

408 2266 496 2332 60.
539 2274 666 2330 ιΈΓἎ
709 2291 844 2342 nec,
887 2291 975 2330 an.
1014 2275 1224 2344 imperii
1268 2275 1496 2331 Heraclii
1545 2291 1600 2329 ll.
1648 2275 1922 2331 Sisebutus

335 2367 816 2424 christianissimus
854 2376 972 2436 post
1002 2367 1435 2434 Gundemarum,
1468 2367 1534 2422 ad
1567 2367 1745 2438 regale
1769 2366 1923 2421 fasti-

333 2461 482 2530 gium
513 2470 789 2527 evocatur,
824 2469 1011 2530 regnat
1041 2476 1170 2516 ann.
1201 2477 1314 2528 vni,
1337 2475 1508 2514 mens.
1534 2475 1618 2525 vl;
1652 2461 1739 2528 qui
1773 2460 1923 2515 initio

333 2555 712 2626 regniJudaos
732 2555 796 2609 ad
823 2555 980 2611 fidem
1003 2554 1359 2610 Christianam
1385 2566 1726 2623 permovens,
1754 2567 1920 2606 amu-

335 2649 588 2704 lationem
639 2648 855 2718 quidem
904 2647 1089 2703 habuit
1119 2689 1132 2714 ,
1165 2647 1255 2702 sed
1286 2661 1392 2701 non
1420 2645 1719 2700 secundum
1747 2644 1922 2699 scien-

333 2743 463 2798 tiam
491 2762 503 2808 ;
537 2751 804 2812 potestate
837 2741 978 2797 enim
1010 2742 1266 2811 compulit
1312 2756 1446 2812 quos
1474 2755 1772 2810 provocare
1801 2741 1920 2795 fidei

333 2835 545 2890 ratione
566 2835 820 2904 oportuit.
844 2835 973 2900 Sed,
999 2834 1135 2889 sicut
1157 2843 1240 2890 est
1269 2833 1552 2902 scriptum,
1574 2833 1687 2890 sive
1715 2847 1811 2902 per
1832 2846 1921 2889 oc-

333 2927 630 2992 casionem,
661 2927 774 2982 sive
797 2940 896 2996 per
925 2925 1224 2990 veritatem,
1254 2925 1422 2980 donec
1441 2923 1688 2979 Christus
1713 2939 1918 2979 annun-

331 3020 515 3076 tiatur.
557 3018 677 3074 Fuit
698 3027 873 3073 autem
904 3018 1116 3086 eloquio
1149 3016 1372 3084 nitidus,
1408 3016 1676 3071 sententia
1706 3016 1914 3083 doctus,

331 3112 554 3168 scicntia
585 3112 881 3167 litterarum
908 3125 1098 3180 magna
1122 3125 1187 3166 ex
1225 3118 1373 3178 parte
1402 3109 1659 3165 imbutus.
1693 3109 1750 3164 In
1769 3109 1916 3180 judi-

331 3202 428 3258 ciis
475 3202 677 3272 iustitia
717 3213 771 3258 et
801 3203 997 3272 pietate
1038 3210 1291 3257 strenuus
1330 3216 1394 3257 ac
1417 3202 1912 3272 prastantissimus,

333 3298 846 3368 mentebenignus,
887 3300 1037 3369 127
1070 3297 1354 3366 splendore
1405 3297 1566 3366 regni.
1591 3298 1912 3365 praecipuus,

329 3392 384 3445 in
435 3390 642 3446 bellicis
693 3405 906 3459 quoque
950 3388 1288 3445 documentis
1334 3403 1399 3442 ac
1442 3388 1682 3443 victoriis
1712 3388 1910 3444 clarus.

402 3485 491 3540 6i.
525 3483 751 3540 Astures
781 3484 923 3538 enim
970 3481 1294 3537 rebellantes
1319 3523 1334 3548 ,
1370 3480 1537 3535 misso
1564 3480 1823 3542 exercitu,
1860 3481 1914 3534 in

328 3576 586 3632 ditionem
620 3591 770 3632 suam
818 3574 1048 3631 reduxit.
1091 3572 1370 3629 Ruccones
1424 3572 1694 3626 montibus
1734 3571 1914 3626 arduis

328 3671 561 3739 undique
581 3678 863 3737 conseptos
890 3682 986 3736 per
1011 3665 1173 3720 duces
1199 3662 1381 3720 evicit.
1407 3663 1484 3717 De
1504 3662 1759 3718 Romanis
1777 3678 1914 3732 quo-

327 3767 432 3831 Que
475 3772 710 3829 prasens
760 3759 841 3812 bis
882 3758 1110 3813 feliciter
1160 3755 1528 3824 triumphavit,
1556 3763 1610 3808 et
1655 3754 1912 3823 quasdam

328 3868 518 3908 eorum
544 3852 706 3907 urbes
737 3850 1093 3921 expugnando
1121 3847 1223 3903 sibi
1256 3847 1523 3916 subjecit,
1556 3845 1798 3901 residuas
1839 3847 1916 3901 in-

330 3954 409 4002 ter
441 3945 636 4001 fretum
670 3960 856 4000 omnes
905 3942 1208 3999 exinanivit
1235 3988 1248 4010 ,
1284 3956 1415 4008 quas
1444 3954 1576 4008 gens
1615 3939 1911 3995 Gothorum

326 4047 448 4107 post
475 4038 525 4092 in
551 4038 806 4092 ditionem
838 4050 988 4092 suam
1031 4034 1185 4090 facile
1229 4033 1455 4104 redegit.
1515 4031 1664 4086 Adeo
1685 4040 1808 4102 post
1836 4032 1915 4088 vi-

325 4131 552 4188 etoriam
596 4131 838 4186 clemens
863 4171 879 4198 ,
914 4136 974 4184 ut
1023 4128 1216 4182 multos
1241 4126 1307 4181 ab
1341 4124 1578 4180 exercitu
1609 4137 1708 4178 suo
1735 4122 1914 4178 hostili

326 4224 505 4294 prada
537 4224 591 4278 in
623 4222 930 4278 servitutem
970 4221 1250 4286 redactos,
1283 4217 1455 4287 pretio
1481 4217 1642 4281 dato,
1673 4215 1916 4271 absolve—

400 4383 489 4438 57.
524 4381 660 4450 (Col.
689 4377 944 4447 praced.)
975 4375 1426 4450 Florezius,_cum
1457 4368 1912 4450 Editi‘onenGrialii

327 4462 379 4506 et
394 4440 704 4518 Biclarensi,
721 4440 1002 4504 aunumi9
1022 4445 1254 4518 Mauricii
1271 4444 1540 4518 designat;
1561 4440 1800 4518 aliialios
1815 4454 1884 4496 an

328 4538 428 4577 nos
451 4524 625 4577 minus
643 4510 776 4576 bene
808 4521 1062 4575 iudicant.
1090 4516 1221 4570 Vide
1238 4522 1350 4568 not.
1371 4510 1435 4565 a'd
1456 4527 1600 4565 num.
1622 4510 1705 4564 52.
1741 4513 1910 4565 Auev.
1942 4528 1995 4589 ι)

399 4595 487 4649 58.
535 4593 589 4647 1η
650 4594 894 4646 Editione
941 4589 1166 4652 Grialii,
1220 4600 1371 4639 error
1430 4590 1512 4636 est
1564 4597 1908 4636 numerorum

326 4665 529 4719 scilicet
574 4680 750 4726 nam,
803 4678 896 4727 pro
948 4675 1120 4720 nexu,
1169 4655 1310 4725 quod
1355 4652 1649 4727 Florezius.
1672 4652 1908 4727 notavit;

328 4734 420 4789 sed
463 4751 566 4789 non
611 4721 859 4801 advertit,
907 4740 963 4784 ut
1000 4721 1232 4795 videtur,
1266 4725 1512 4801 mendum
1555 4721 1810 4801 aﬁrialio
1858 4723 1910 4777 in

329 4809 519 4860 erratis
570 4793 898 4874 corrigendis
949 4793 1559 4874 emendatumufuisse."
1599 4793 1908 4874 Florezius,

326 4890 446 4929 cum
480 4864 740 4938 Labbeof
765 4873 1039 4943 Segontia,
1075 4869 1260 4924 Grialii
1287 4866 1489 4931 Editio,
1522 4865 1791 4933 Sagontia,
1822 4864 1912 4918 alii

328 4945 590 5014 Segontia.
628 4948 802 5000 Anzv.
1468 5007 1486 5014 _
1530 4975 1533 4979 -

401 5004 486 5071 δὲ).
532 5019 786 5072 Octavum
817 5014 1068 5069 Phocatis
1098 5024 1292 5064 annum
1320 5023 1441 5062 cum
1468 5006 1680 5061 Labbeo
1707 5014 1762 5059 et
1785 5004 1910 5058 Flo-

327 5089 472 5141 rezio
503 5090 856 5148 restituimus,
908 5098 1027 5138 cum
1081 5084 1133 5135 in
1188 5078 1435 5132 Editione
1482 5076 1667 5148 Grialii
1713 5085 1765 5128 ct
1785 5076 1912 5148 aliis

326 5171 500 5213 annus
549 5167 730 5213 sextus
779 5146 1043 5226 iudicetur
1091 5146 1909 5226 per_librariorum.ipcuriacm,

328 5239 419 5282 aut
454 5229 731 5282 Editorum
758 5215 1155 5295 negligentiam.
1182 5219 1446 5295 (laterum
1467 5215 1608 5295 quod
1637 5215 1912 5295 Floreaitls

325 5309 496 5363 notat,
529 5302 580 5353 in
615 5283 864 5354 Editione
905 5283 1094 5352 Crialii
1129 5291 1384 5363 mendose
1406 5283 1572 5363 fuisse
1610 5300 1770 5363 aram
1793 5283 1908 5363 548

325 5379 450 5436 post
480 5357 584 5425 648
612 5371 964 5440 designatam,
1019 5381 1128 5440 non
1181 5360 1407 5440 advertit
1447 5359 1607 5440 etiam
1640 5357 1746 5440 hoc
1782 5357 1911 5437 loco

325 5425 569 5495 errorem
590 5444 642 5496 iu
667 5425 857 5495 erratis
883 5425 1307 5491 animadversum
1331 5439 1384 5485 et
1404 5436 1703 5484 correctum
1719 5425 1907 5481 fuisse.

325 5510 429 5564 Alii
464 5528 603 5566 anno
630 5513 801 5565 atatis
833 5511 918 5565 16.
953 5509 1127 5560 Aasv.

399 5581 487 5638 60.
533 5583 880 5644 Permovens;
919 5580 1017 5644 al.,
1067 5589 1379 5644 promoverat.
1429 5569 1735 5644 Florezius,
1789 5581 1910 5644 cum

327 5635 566 5719 Labbeo,
588 5635 599 5637 ἡ
624 5671 712 5722 per
735 5635 1037 5722 reriialepti
1061 5635 1288 5701 Christus
1325 5644 1679 5722 annuntialur,
1709 5640 1765 5693 in
1816 5635 1915 5690 hoc

329 5717 560 5792 gaudeo,»
582 5717 632 5778 etv
648 5725 899 5794 gaudebo.
938 5718 1058 5794 Fuit
1076 5726 1280 5794 autem,
1313 5724 1419 5768 etc.
1440 5717 1617 5794 VABEV.

401 5777 515 5850 61.7
535 5777 673 5853 ἰ)οεῖ
687 5777 913 5860 reduxit,
961 5791 1204 5847 Labbeus
1233 5777 1549 5843 charactere
1574 5780 1788 5860 cursivo
1817 5777 1912 5846 ad-

2038 535 2175 574 rum.
2221 520 2374 576 Hunc
2398 519 2490 573 alii
2516 518 2734 590 proprio
2763 517 2975 583 morbo,
3000 516 3090 572 alii
3116 516 3472 574 immoderato
3500 532 3617 574 me-

2036 610 2322 667 dicamenti
2369 611 2584 676 haustu,
2627 609 2718 664 alii
2743 622 2951 665 veneno
2981 616 3226 663 asserunt
3248 607 3613 667 interfectum.

2035 703 2202 774 Cujus
2237 705 2416 760 exitus
2443 719 2549 759 non
2577 703 2740 758 modo
2772 701 3033 772 religiosis
3050 743 3065 768 ,
3092 701 3187 756 sed
3213 700 3376 756 etiam
3398 701 3618 771 optimis

2036 795 2183 851 laicis
2213 797 2418 851 exstitit
2460 797 2750 850 luctuosus.
2793 793 3001 848 Relicto
3043 791 3319 847 Recaredo
3347 792 3459 846 filio
3489 806 3614 861 par-

2034 888 2191 953 vulo,
2247 889 2335 958 qui
2386 898 2505 956 post
2567 887 2730 956 patris
2772 885 2976 940 obitum
3025 883 3279 954 princeps
3323 897 3613 954 paucorum

2035 981 2264 1048 dierum,
2299 989 2469 1037 morte
2502 978 2909 1041 interveniente,
2937 977 3180 1032 habetur.

2105 1071 2194 1126 62.
2233 1071 2359 1125 IEra
2399 1088 2574 1137 ncux,
2611 1087 2736 1124 anu.
2767 1068 2972 1138 imperii
3005 1067 3231 1123 Heraclii
3261 1083 3313 1132 x,
3345 1066 3618 1138 gloriosis-

2033 1160 2201 1216 simus
2240 1161 2469 1216 Suintila
2509 1163 2677 1232 gratia
2719 1161 2894 1214 divina
2920 1159 3071 1229 regni
3117 1159 3352 1228 suscepit
3381 1168 3612 1228 sceptra.

2033 1254 2135 1308 Iste
2155 1254 2254 1309 sub
2283 1268 2409 1323 rege
2438 1254 2683 1308 Sisebuto
2705 1253 2852 1308 ducis
2877 1261 3063 1306 nactus
3091 1251 3344 1320 ofﬁcium,
3373 1250 3613 1306 Romana

2033 1346 2567 1414 castra-perdomavit
2600 1387 2613 1408 ,
2647 1345 2928 1400 Ruccones
2976 1345 3269 1413 superavit.
3320 1342 3612 1412 Postquam

2032 1452 2160 1490 vero
2202 1438 2405 1506 apicem
2451 1437 2644 1503 fastigii
2675 1436 2866 1504 regalis
2895 1435 3232 1501 conscendit,
3267 1435 3428 1491 urbes
3472 1435 3613 1490 resi-

2029 1531 2162 1585 duas
2177 1545 2306 1600 quas
2331 1531 2381 1584 in
2418 1531 2687 1599 Hispaniis
2711 1531 2949 1586 Romana
2970 1547 3158 1587 manus
3181 1533 3400 1602 agebat,
3425 1532 3614 1601 pralio

2029 1633 2276 1676 conserto
2302 1623 2562 1686 obtinuit,
2598 1633 2913 1690 auctamque
2944 1625 3194 1693 triumphi
3225 1625 3448 1692 gloriam
3499 1638 3612 1692 pra

2030 1717 2238 1770 cateris
2275 1717 2487 1784 regibus
2534 1713 2787 1769 felicitate
2819 1716 3048 1770 mirabili
3079 1716 3392 1785 reportavit.
3423 1715 3614 1772 Totius

1957 1784 2002 1842 Β
2033 1806 2298 1874 Hispania
2336 1804 2474 1859 infra
2518 1804 2714 1859 Oceani
2742 1804 2936 1858 fretum
2969 1784 3275 1859 monarchia
3325 1803 3473 1873 regni
3503 1803 3616 1875 pri-

2029 1910 2148 1950 mus
2191 1895 2329 1951 idem
2377 1896 2598 1964 p0titus,
2654 1896 2794 1964 quod
2826 1896 2955 1950 nulli
3012 1904 3156 1951 retro
3185 1895 3482 1966 principum
3531 1903 3616 1952 est

2027 1987 2302 2043 collatum.
2344 1988 2507 2043 Auxit
2547 2003 2612 2043 eo
2649 1989 2831 2057 pralio
2858 1988 3071 2044 virtutis
3094 1989 3213 2058 ejus
3239 1987 3449 2043 titulum
3475 1988 3614 2043 duo-

2027 2096 2144 2135 rum
2164 2081 2498 2150 patritiorum
2526 2079 2799 2144 obtentus,
2830 2095 3056 2150 quorum
3080 2080 3304 2135 alterum
3331 2077 3613 2148 prudentia

2026 2187 2180 2226 suum
2211 2170 2360 2236 fecit,
2384 2174 2611 2228 alterum
2640 2171 2838 2226 virtute
2861 2172 3026 2241 pralii
3053 2172 3153 2228 sibi
3182 2171 3430 2241 subjecit.

2097 2263 2187 2322 65.
2245 2264 2440 2319 Habuit
2487 2279 2697 2334 quoque
2737 2272 2792 2318 et
2840 2263 2993 2319 initio
3026 2263 3173 2333 regni
3215 2263 3614 2332 expeditionem

2025 2366 2210 2412 contra
2247 2359 2490 2411 incursus
2539 2355 2838 2410 Vasconum
2888 2354 3346 2411 Tarraconensem
3395 2353 3614 2422 provin-

2025 2449 2164 2503 ciam
2188 2446 2575 2513 infestantium,
2611 2447 2697 2502 ubi
2728 2447 2862 2502 adeo
2886 2446 3173 2515 montivagi
3197 2444 3376 2514 populi
3405 2453 3612 2499 terrore

2025 2541 2287 2597 adventus
2332 2541 2449 2611 ejus
2497 2539 2734 2610 perculsi
2792 2549 2948 2604 sunt,
2981 2546 3041 2592 ut
3092 2537 3403 2603 confestim,
3458 2535 3612 2604 quasi

2025 2634 2202 2690 debita
2249 2635 2370 2705 jura
2414 2642 2732 2699 noscentes,
2793 2631 3030 2687 remissis
3079 2630 3198 2685 telis
3239 2635 3296 2685 et
3348 2625 3612 2696 expeditis

2023 2729 2090 2784 ad
2144 2743 2355 2798 precem
2397 2727 2642 2781 manibus
2667 2767 2683 2792 ,
2721 2724 2990 2796 supplices
3027 2721 3076 2778 ei
3129 2720 3267 2776 colla
3318 2717 3609 2774 submitte—

2023 2828 2163 2885 rent,
2197 2818 2407 2874 obsides
2448 2819 2676 2886 darent,
2732 2817 2890 2887 128
2915 2812 3144 2881 Ologitiu
3188 2811 3457 2870 civitatem
3497 2808 3608 2864 Go-

2024 2913 2236 2967 thorum
2268 2911 2549 2980 stipendiis
2587 2910 2697 2965 suis
2743 2920 2797 2964 et
2819 2907 3088 2962 laboribus
3113 2905 3430 2968 conderent,
3454 2900 3613 2972 polli-

2023 3012 2206 3059 centes
2238 3005 2354 3073 ejus
2375 3018 2541 3074 regno
2566 3002 2864 3072 ditionique
2891 3014 3100 3070 parere,
3130 3007 3183 3054 et
3204 2995 3462 3069 quidquid
3507 2995 3607 3051 im-

2024 3106 2303 3166 peraretur
2331 3096 2568 3150 efficere.

2097 3186 2187 3243 64.
2223 3189 2421 3241 Prater
2468 3187 2562 3241 has
2613 3184 2858 3241 militaris
2896 3182 3081 3253 gloria
3131 3180 3318 3236 laudes
3361 3178 3606 3250 plurima

2018 3280 2073 3334 in
2116 3295 2182 3335 eo
2223 3281 2383 3350 regiae
2428 3279 2726 3349 maiestatis
2774 3277 3024 3343 virtutes,
3075 3275 3206 3330 ﬁdes
3232 3313 3248 3340 ,
3289 3272 3637 3342 prudentia,_

2018 3372 2278 3426 industria
2301 3414 2316 3438 ,
2345 3372 2399 3426 in
2425 3370 2642 3442 judiciis
2666 3368 3015 3434 examinatio,
3043 3375 3259 3423 strenua
3290 3364 3343 3420 in
3371 3361 3608 3435 regendo

2017 3481 2183 3537 regno
2251 3482 2417 3532 cura,
2477 3467 2747 3536 pracipua
2805 3465 2944 3519 circa
2997 3476 3189 3517 omnes
3245 3458 3609 3514 munificentia

2017 3559 2217 3631 largus,
2249 3575 2374 3628 erga
2426 3559 2727 3629 indigentes
2759 3566 2814 3613 et
2842 3559 3027 3626 inopes
3077 3552 3446 3609 misericordia
3478 3550 3611 3605 satis

2017 3660 2316 3720 promptus.
2363 3651 2434 3705 Ita
2480 3659 2537 3704 ut
2578 3665 2682 3705 non
2724 3649 2898 3704 solum
2951 3649 3202 3716 princeps
3250 3643 3612 3712 populorum,

2016 3742 2110 3796 sed
2147 3743 2306 3796 etiam
2340 3750 2493 3810 pater
2521 3754 2815 3810 pauperum
2849 3737 3028 3791 vocari
3059 3735 3130 3790 sit
3151 3733 3364 3802 dignus.

2084 3835 2172 3889 65.
2216 3833 2386 3904 Hujus
2441 3834 2580 3887 filius
2613 3831 2930 3901 ,Racimirus
2986 3828 3038 3883 in
3088 3823 3415 3882 consortium
3458 3819 3628 3894 regni.

2017 3936 2352 3995 assumptus,
2388 3926 2500 3995 pari
2527 3940 2647 3981 cum
2681 3931 2830 3993 patre
2856 3920 2991 3977 solio
3016 3919 3350 3984 conlatatur,
3376 3917 3429 3970 in
3457 3913 3610 3984 cujus
3690 3933 3694 3936 ν

2016 4019 2241 4074 infantia
2272 4020 2345 4073 ita
2375 4032 2545 4072 sacra
2589 4016 2783 4071 indolis
2829 4011 3082 4082 splendor
3109 4008 3342 4071 emicat,
3375 4016 3433 4061 ut
3459 4005 3510 4059 in
3541 4018 3610 4060 eo

2023 4120 2076 4166 et
2117 4111 2320 4165 meritis
2343 4118 2393 4163 et
2419 4109 2566 4162 vultu
2599 4117 2936 4177 paternarum
2968 4102 3222 4156 virtutum
3249 4097 3453 4168 efﬁgies
3476 4109 3614 4164 pra-

2020 4213 2260 4260 notetur.
2304 4203 2407 4258 Pro
2451 4216 2558 4272 quo
2601 4197 2906 4255 exorandus
2932 4205 3014 4250 est
3039 4193 3159 4250 cali
3186 4201 3347 4262 atque
3387 4187 3606 4244 humani

2021 4360 2096 4413 dit
2126 4374 2214 4426 per
2261 4358 2442 4410 ducem
2471 4369 2621 4408 suum
2652 4350 3004 4426 Hechilauem,
3037 4344 3178 4426 quod
3218 4342 3494 4426 Flo‘rezius
3523 4355 3609 4395 se-

2021 4414 2178 4484 cutus
2223 4439 2324 4483 est.
2367 4426 2610 4481 Labbeus
2651 4433 2703 4477 et
2731 4422 2948 4476 Grotius
2995 4414 3245 4473 omittunt
3270 4414 3362 4467 alii
3393 4428 3604 4484 veneno.

2022 4480 2389 4563 Pro—habetur,
2423 4493 2722 4559 Florezius,
2753 4507 2870 4545 cum
2895 4490 3131 4563 Labbeo,
3157 4486 3318 4550 abiit;
3347 4483 3442 4539 sed
3463 4480 3604 4550 apud

2023 4571 2293 4626 Labbeuut
2328 4562 2604 4636 legendum
2628 4573 2765 4636 pulp
2794 4563 2932 4636 obiit.
2969 4562 3140 4615 Anev.
3248 4625 3261 4636 _
3473 4630 3484 4636 Δ
3555 4621 3567 4632 θ

2094 4643 2183 4696 6‘2.
2218 4640 2280 4693 In
2310 4625 2598 4709 Hispaniis.
2626 4625 2989 4709 ita_Labbetls,
3024 4625 3609 4709 et_mendum“puto.i_u

2025 4693 2273 4766 Editioue
2302 4693 2508 4770 Grialii,
2541 4708 2594 4760 iu
2654 4704 2919 4771 Hispanis,
2965 4693 3103 4769 quod
3137 4698 3298 4751 etiam
3333 4693 3609 4771 Florezius

2022 4782 2303 4845 expressit.
2330 4781 2433 4833 Pro
2483 4767 2836 4846 patriciorujn,
2867 4772 2950 4846 alii
2984 4767 3376 4846 prwfectolrum.
3397 4767 3571 4846 Annv:

2561 4849 2671 4918 al.,?
2732 4831 3000 4918 Olo’gicus,‘
3054 4831 3146 4918 al.,
3200 4835 3485 4918 Ollogitum.
3548 4831 3607 4918 illi

2025 4901 2449 4978 hisﬁn'oruinibus
2479 4901 2705 4986 propriis
2737 4901 2958 4986 multum
2984 4901 3239 4986 'variant_
3266 4901 3510 4986 (Iudices,
3548 4912 3604 4982 ut

2024 4974 2408 5061 iiécéb‘actpro
2443 4974 2736 5050 R'uccbnes;
2784 4993 2836 5037 et
2870 4980 3178 5036 Riccimirus
3217 4977 3335 5046 'pro
3377 4974 3606 5027 Hacimi-

2024 5065 2337 5119 rtt8.AREV.
3051 5122 3059 5124 ᾗ
3177 5119 3190 5124 _
3251 5117 3264 5124 _
3440 5123 3443 5124 ν
3550 5113 3564 5124 _

2091 5117 2346 5191 δίιίξίιιεεο
2384 5130 2502 5182 vivo
2522 5125 2746 5181 Suintila
2788 5119 3197 5193 scripta.Atqui_
3223 5117 3524 5193 damnatur
3550 5117 3604 5168 in

2021 5185 2319 5261 conciliari]
2333 5200 2617 5263 Toletano,
2638 5198 2688 5250 in
2709 5211 2812 5264 quo
2827 5185 3390 5270 subscribit'lsidoru’s.
3409 5185 3613 5270 Psosgz.

2093 5256 2624 5331 iiiéioimcuualem
2648 5256 2807 5336 quam
2827 5264 3072 5339 Perezius
3095 5260 3411 5339 attigit,.cur
3431 5256 3606 5339 Istue.

2021 5327 2396 5402 rus'h’ocvloco
2427 5327 2706 5411 Suintilam
2743 5344 3020 5405 tantopore
3042 5327 3248 5411 laudet,
3267 5327 3608 5411 -in.copcilio

2022 5398 2440 5473 veroﬂ'i‘OIetano
2463 5420 2652 5477 quarto
2673 5398 2911 5471 damnet,
2935 5404 3162 5473 explicui
3186 5403 3240 5457 in
3266 5398 3602 5464 lsidorianis.

2017 5502 2133 5557 cap.
2166 5489 2260 5558 79,
2289 5499 2434 5539 num.
2466 5479 2538 5535 20
2566 5490 2798 5558 et_seqq_.
2846 5481 3016 5531 Ansv.
3200 5551 3212 5558 Δ
3250 5545 3263 5558 ο

2090 5550 2180 5612 65.
2224 5556 2477 5610 Concessa
2499 5553 2707 5621 patrio;
2737 5553 2833 5614 al.,
2865 5561 3102 5621 consessu
3126 5550 3328 5621 patrio;
3350 5550 3404 5598 et
3428 5553 3608 5621 ascert-

2018 5608 2178 5684 sionev
2209 5608 2306 5698 pro
2342 5608 2653 5698 successione
2669 5608 2700 5686 ,’
2716 5628 2771 5677 et
2791 5608 3098 5691 comparatis
3126 5608 3215 5674 'vel
3250 5608 3605 5683 comportatis,

2019 5716 2118 5772 pro
2146 5696 2471 5770 computatis.
2503 5696 2673 5754 Αιιῑγ.
