4086 6350
375 293 511 353 1081

1434 293 1521 351 DE
1562 290 1738 352 VIRIS
1778 290 2234 352 ILLUSTRIBUS
2272 292 2496 352 LIBER.

3496 297 3634 357 1082

374 413 560 485 praeliu
589 411 846 469 adversus
871 422 992 469 eum
1022 450 1037 478 ,
1068 411 1240 483 primo
1266 412 1503 484 fugatur,
1534 412 1735 471 deinde
1758 420 1947 484 captus
1970 413 2023 475 Α
2051 412 2186 469 vina
2212 409 2492 469 Trinitatis
2531 409 2791 480 emergit,
2823 406 2891 465 de
2918 405 3192 466 Gallicana
3220 406 3519 469 Gothorum
3550 431 3635 471 re-

374 507 654 564 occiditur.

447 598 540 657 88.
571 599 703 658 Era
738 615 928 669 cum,
961 600 1229 658 exstincto
1257 601 1595 670 Reechiario,
1626 601 1811 670 Suevi,
1861 604 1953 674 qui

376 703 747 750 remanserant
793 694 846 749 in
879 702 1120 750 extrema
1173 702 1325 764 parte
1362 692 1663 761 Callaeciae,
1694 694 1952 751 Maldrsm

375 783 607 840 Massilm
633 784 796 840 ﬁlium
829 800 1008 856 regem
1033 784 1133 841 sibi
1160 785 1510 840 constituunt.
1541 787 1665 841 Mox
1707 785 1952 842 bifariam

373 875 564 943 divisi,
610 891 729 946 pars
759 876 1103 945 Frantanem,
1128 892 1251 948 pars
1271 876 1528 933 Maldram
1560 893 1740 947 regem
1770 879 1955 949 appel-

374 968 639 1037 lant.,Nec
664 985 835 1029 mora.
861 970 1127 1027 Frantane
1153 981 1387 1037 mortuo,
1414 971 1594 1040 Suevi,
1616 972 1706 1042 qui
1734 987 1855 1027 cum
1888 987 1954 1028 eo

373 1071 550 1131 erant,
585 1062 1045 1119 Recchimundnm
1078 1074 1401 1134 sequuntur,
1455 1072 1529 1131 et,
1583 1080 1702 1120 cum
1753 1064 1956 1121 Maldra

372 1168 501 1223 pace
527 1156 681 1222 inita,
706 1156 907 1226 pariter
940 1157 1097 1228 136
1118 1167 1296 1226 partes
1330 1156 1614 1213 Lusitania:
1640 1156 1956 1226 deprtedan-

373 1258 480 1305 tur.
501 1250 701 1306 Maldra
734 1262 909 1308 autem
941 1254 1097 1309 tertio
1124 1253 1275 1325 regni
1298 1269 1440 1310 anno
1462 1271 1492 1311 a
1523 1254 1634 1311 suis
1658 1254 1955 1326 jugulatur.

439 1348 530 1405 89.
580 1348 705 1404 Era
730 1366 966 1407 cuxcns.
1000 1350 1198 1407 Maldra
1228 1350 1530 1417 interfecto,
1565 1353 1703 1407 inter
1732 1352 1955 1407 Fruma-

369 1438 506 1494 rium
534 1448 587 1495 et
613 1439 1054 1496 Remismundum
1075 1442 1244 1497 oritur
1272 1442 1339 1496 de
1368 1442 1519 1511 regni
1552 1452 1814 1512 potestate
1841 1444 1954 1499 dis-

368 1532 579 1599 sensio;
621 1533 713 1588 sed
746 1533 1056 1589 Frumarius
1092 1549 1212 1590 cum
1256 1549 1415 1589 manu
1445 1534 1765 1602 Snevornm,
1793 1550 1954 1605 quam

370 1622 619 1688 habebat,
650 1624 941 1680 Flaviensis
995 1626 1142 1682 urbis
1187 1635 1504 1686 conventum
1559 1630 1706 1698 gravi
1765 1627 1958 1684 evertit

369 1715 599 1771 excidio.
656 1714 1071 1772 Remismundus
1142 1727 1317 1774 autem
1374 1719 1557 1778 .vicina
1602 1720 1703 1775 sibi
1759 1720 1958 1791 pariter

2053 510 2212 581 gione
2240 508 2340 563 hoc
2361 503 2667 575 pestiferum
2700 504 2843 559 virus
2867 501 3119 570 efferens,
3145 512 3201 559 et
3231 510 3395 560 totam
3417 515 3632 578 gentem

2055 604 2350 662 Suevorum
2372 600 2584 658 lethalis
2606 598 2976 671 perfidiietabe
2996 597 3260 656 inﬁciens.
3286 599 3463 655 Multis
3483 600 3637 658 dein-

2056 695 2122 750 de
2157 693 2455 750 Suevorum
2481 692 2697 761 regibus
2721 689 2772 744 in
2815 689 3012 745 Ariana
3056 688 3247 751 haeresi
3276 690 3640 758 permanenti-

2054 784 2177 850 btts,
2209 786 2423 839 tandem
2452 781 2598 854 regni
2616 788 2932 852 potestatem
2963 779 3358 836 Theudemirus
3378 782 3633 852 suscepit.

2125 878 2215 934 9i.
2244 879 2345 945 Qui
2392 876 2670 933 conlestim
2691 916 2707 942 ,
2764 876 2978 932 Ariana:
3007 873 3296 945 impietatis
3324 889 3506 930 errore
3534 874 3641 932 de-

2055 983 2299 1042 structo,
2368 976 2572 1031 Suevos
2642 972 2924 1029 catholica:
2992 972 3112 1028 ﬁdei
3168 970 3446 1037 reddidit,
3496 971 3641 1026 inni-

2058 1074 2201 1122 tente
2250 1066 2499 1131 Martino,
2543 1063 2853 1120 monasterii
2881 1062 3183 1119 Dumiensis
3231 1062 3505 1132 episcoyo,
3539 1061 3642 1117 ﬁde

2055 1169 2110 1216 et
2159 1159 2381 1216 scientia
2437 1160 2582 1214 claro
2610 1199 2628 1226 ,
2678 1156 2832 1228 cujus
2886 1157 3062 1214 studio
3114 1166 3170 1213 et
3222 1171 3326 1227 pas
3388 1155 3641 1211 Ecclesic

2055 1251 2309 1321 ampliata
2365 1259 2489 1317 est,
2544 1260 2599 1306 et
2638 1251 2800 1307 multa
2853 1250 2905 1305 in
2965 1248 3354 1305 Ecclesiasticis
3407 1246 3645 1316 discipli-

2056 1348 2139 1402 nis
2195 1345 2458 1401 Callaecia:
2514 1344 2825 1415 regionibus
2883 1344 3145 1400 instituta.
3214 1342 3343 1398 Post
3397 1340 3646 1397 Theude-

2058 1442 2250 1494 mirum
2294 1438 2429 1493 Miro
2475 1437 2769 1493 Snevorum
2827 1436 3071 1508 princeps
3121 1434 3373 1501 efﬁcitur,
3412 1444 3644 1503 regnans

2057 1545 2183 1586 ann.
2218 1545 2333 1587 xut.
2372 1530 2470 1586 Hic
2505 1529 2701 1584 bellum
2731 1530 2964 1584 secundo
2995 1528 3146 1599 regni
3204 1535 3390 1584 contra
3436 1525 3646 1579 Rucco—

2058 1639 2153 1681 nes
2186 1624 2384 1680 intulit.
2415 1622 2618 1679 Deinde
2649 1624 2700 1676 in
2731 1623 2982 1678 auxilium
3005 1621 3315 1693 Leovigildo
3346 1619 3644 1675 Gothorum

2062 1717 2176 1789 regi
2217 1718 2475 1773 adversus
2514 1716 2766 1771 rebellem
2819 1715 2983 1770 filium
3021 1714 3429 1787 expugnandum
3458 1711 3648 1781 Hispa-

368 1806 755 1875 Auregensium
787 1818 840 1863 et
866 1806 1126 1865 Lucensis
1170 1819 1466 1866 conventus
1495 1812 1760 1867 maritima
1788 1826 1956 1882 pupu—
1985 1809 2034 1872 B
2061 1810 2155 1867 lim
2187 1811 2378 1881 pergit,
2410 1809 2588 1879 ibique
2618 1807 2900 1863 terminum
2928 1806 3052 1861 vitae
3075 1805 3266 1861 clausit

370 1896 525 1953 latur.

437 1989 528 2047 90.
546 1991 675 2048 Era
694 2009 788 2056 nn,
816 1991 1096 2050 Frumario
1122 1993 1806 2064 mortuo,Remismundus,
1832 2011 1951 2053 om-

368 2080 523 2138 nibus
544 2085 735 2141 Suevis
757 2085 810 2140 in
839 2100 991 2141 suam
1019 2084 1273 2143 ditionem
1309 2088 1470 2158 regali
1488 2088 1611 2158 jure
1640 2091 1899 2146 revocatis
1933 2130 1950 2156 ,

365 2187 553 2244 pacem
580 2192 701 2231 cum
749 2174 999 2232 Gallmcis
1059 2178 1333 2245 reformat,
1383 2178 1587 2248 legatos
1643 2179 1860 2236 foederis
1887 2181 1954 2235 ad

2140 1862 3030 1973 iri-7‘35.iltﬁcvﬂeboricuslilius
3062 1898 3113 1953 in
3142 1913 3362 1968 regnum
3385 1897 3644 1973 succedit,

2055 2013 2215 2068 quem
2230 1997 2628 2052 adolescentem
2644 1994 2883 2059 Andeca,
2912 2002 3122 2064 sumpta
3156 1990 3456 2064 tyrannide,
3485 2005 3650 2062 regno

2056 2090 2247 2160 privat,
2278 2097 2333 2144 et
2364 2085 2681 2143 monachum
2707 2085 2904 2140 factum
2949 2085 3000 2139 in
3054 2081 3379 2139 monasterio
3408 2080 3647 2148 damnat,

2059 2197 2156 2252 pro
2184 2196 2289 2251 quo
2319 2196 2425 2235 non
2460 2178 2553 2236 diu
2583 2186 2667 2235 est
2700 2177 2862 2233 dilata
2892 2179 3180 2232 sententia.
3215 2175 3346 2232 Nam
3378 2171 3652 2243 Leovigil-

367 2263 755 2325 Theudericnm
780 2285 961 2341 regem
987 2270 1281 2327 Gothorum
1306 2272 1532 2336 mittit,a
1565 2289 1670 2344 quo
1685 2275 1845 2330 etiam
1862 2290 1957 2344 per
2062 2276 2185 2342 dus,
2216 2274 2514 2332 Gothorum
2547 2288 2661 2339 rex,
2694 2272 2885 2327 Suevis
2935 2284 3059 2325 mox
3106 2269 3301 2325 bellum
3344 2258 3597 2325 inferens
3628 2307 3647 2337 ,

366 2359 590 2428 legatos,
620 2370 673 2417 et
691 2371 931 2429 arma,et
951 2363 1257 2434 conjugem,
1285 2380 1443 2435 quam
1462 2364 1704 2431 haberet,
1729 2366 1953 2435 accepit.

365 2450 494 2508 Inde
521 2453 588 2508 ad
615 2453 946 2510 Lusitaniam
986 2456 1196 2511 transit.
1221 2456 1580 2512 Conimbriam
1622 2472 1753 2528 pace
1792 2459 1951 2515 dece-

2059 2367 2283 2424 obtento
2310 2368 2498 2423 eodem
2530 2379 2715 2437 regno,
2747 2364 3094 2420 Andecanem
3125 2360 3340 2430 dejecit,
3368 2367 3527 2430 atque
3552 2359 3651 2415 de-

2057 2470 2293 2526 tunsum,
2312 2469 2434 2530 post
2457 2458 2604 2529 regni
2631 2458 2915 2525 honorem,
2943 2452 3257 2526 presbyterii
3284 2449 3466 2507 ofﬁcio
3496 2445 3649 2505 min-

363 2552 508 2616 plam
536 2545 735 2617 diripit.
763 2546 1079 2619 Olyssipona
1101 2564 1313 2621 quoque
1328 2550 1396 2606 ab
1415 2566 1479 2607 eo
1500 2560 1811 2620 occupatur,
1835 2552 1952 2607 cive
2054 2554 2272 2624 cipavit.
2297 2553 2388 2609 Sic
2416 2553 2557 2608 enim
2587 2552 2822 2622 oportuit
2852 2557 2908 2605 ut
2931 2549 3071 2620 quod
3100 2547 3214 2618 ipse
3239 2544 3351 2615 regi
3382 2557 3480 2599 suo
3503 2543 3652 2597 lece-

361 2642 591 2711 suo,qui
615 2641 691 2696 illi
716 2651 967 2711 praeerat,
988 2644 1234 2701 tradente
1252 2644 1492 2702 Lusidio.
1526 2646 1695 2717 Hujus
1713 2655 1953 2717 tempore
2058 2656 2180 2714 rat,
2222 2662 2411 2703 rursus
2460 2645 2602 2701 idem
2652 2658 2886 2714 congrnn
2946 2639 3312 2696 vicissitudine
3354 2644 3644 2707 pateretur.

362 2732 521 2804 Ajax,
545 2734 765 2791 natione
787 2733 989 2804 Galate,
1020 2734 1242 2794 eﬁectus
1271 2748 1508 2809 apostata
1532 2738 1784 2807 Arianus,
1816 2739 1956 2795 inter
2060 2741 2301 2813 Regnum
2333 2750 2511 2797 autem
2551 2740 2848 2797 Suevorum
2876 2736 3108 2792 deletum
3158 2735 3211 2789 in
3242 2731 3447 2789 Gothos
3475 2740 3651 2788 trans-

363 2824 589 2894 Suevos,
617 2828 757 2898 regis
786 2829 868 2885 sui
890 2830 1116 2897 auxilio,
1149 2830 1318 2887 hostis
1342 2831 1619 2888 catholicae
1648 2831 1772 2887 ﬁdei
1796 2841 1851 2887 et
1869 2832 1955 2887 di-
2066 2835 2259 2903 fertur,
2291 2835 2433 2906 quod
2464 2834 2726 2890 mansisse
2752 2845 2974 2889 cssxvn
3003 2828 3159 2885 annis
3187 2827 3461 2885 scribitur.

2132 2977 2222 3031 91.
2254 2979 2388 3033 Miro
2436 2986 2602 3048 cmptt
2628 2990 2732 3031 tera
2766 2989 2918 3042 nstx,
2942 2989 3006 3031 ex
3033 2972 3226 3029 concil.
3284 2984 3323 3027 ιι
3356 2968 3645 3027 Bracchar.

2059 3040 2273 3173 Ρεῗιῇῗί.
2304 3119 2567 3183 Lnbbeus,
2595 3129 2775 3173 contra
2807 3117 3067 3173 Romanos
3091 3115 3371 3170 Roecones.
3419 3111 3475 3167 In
3515 3117 3643 3183 nota

2065 3189 2290 3259 Perezii,
2322 3180 2582 3248 Ruccones
2612 3191 2664 3243 in
2696 3199 2791 3244 uel.
2817 3190 2960 3258 cod.,
2995 3189 3134 3257 quod
3179 3186 3363 3259 ipsum
3389 3190 3564 3239 exstat
3594 3180 3647 3259 in

2062 3269 2244 3337 textu,
2277 3254 2471 3337 atque
2492 3260 2627 3337 adeo
2654 3261 2884 3337 fortasse
2911 3254 2962 3314 in
3009 3254 3131 3337 nota
3178 3254 3455 3337 legendum
3491 3258 3653 3337 esset

2067 3322 2508 3387 Roccunestide
2564 3332 2914 3387 Biclarensem
2942 3370 2957 3396 ,
3003 3330 3068 3384 ad
3111 3322 3307 3383 annum
3341 3322 3651 3396 572,inira,

2065 3402 2312 3460 Lahbcus
2347 3421 2361 3457 :
2391 3404 2644 3458 Adversus
2679 3404 2915 3458 rebellem
2944 3393 3123 3471 ﬁlium
3162 3398 3230 3471 ad
3256 3393 3652 3467 expugnandam

431 3457 519 3541 90:
549 3458 679 3541 inde
706 3460 777 3514 ad
792 3461 1389 3541 Lusitaniam._C_itatur
1417 3465 1469 3541 in
1516 3467 1749 3541 epistola
1771 3468 1951 3541 Innoc.
1984 3461 1996 3515 ε

2065 3454 2324 3541 ﬁniitth
2350 3454 3009 3537 .asi,'.;'.'.-t¢'iaiim;.i
3024 3454 3027 3455 ί
3042 3454 3249 3525 clausit.
3278 3454 3449 3523 A'nair.

356 3524 429 3605 [il
450 3528 522 3605 ad
549 3529 761 3605 Petrum
787 3534 1131 3605 Compostcll.
1165 3532 1419 3603 Isidorus,
1454 3536 1505 3590 in
1549 3524 1854 3605 'Chronicis,
1882 3539 1951 3595 de
2065 3524 2771 3600 ἡ’Ϊίιῖέὲόὶιέξίἶῆγὲὶξέδᾶξ

360 3596 577 3683 ῧθψὲῗο
608 3602 761 3683 “imo
788 3596 1095 3683 άθβδεῖήε·
1150 3676 1163 3683 ,
1405 3596 1416 3603 ⁷
1444 3676 1465 3683 _
1522 3678 1569 3683 η
1838 3596 1853 3605 ’
2129 3596 2671 3669 ἒέίλὰάὲεᾶίίηνῦθί.
2692 3596 2833 3669 θέω.
2868 3628 2965 3683 pro
2988 3612 3216 3665 Andeca.

2129 3683 2272 3739 Ibid.
2297 3684 2628 3756 Presbyterii.
2653 3684 2763 3754 AL,
2788 3677 3096 3756 presbyteri;
3142 3691 3198 3737 et
3226 3677 3526 3751 congruenti
3548 3688 3646 3747 pro

2061 3771 2304 3827 congrua.
2338 3758 2511 3813 Ansv.

360 3886 3640 3957 Μ

1150 4099 1309 4175 138
1358 4047 2033 4184 SANGTI
2108 4067 2805 4186 ISIDORI

1654 4285 2070 4340 HISPALENSIS
2103 4286 2390 4340 EPISCOPI

804 4444 1073 4671 DE
1151 4446 1690 4599 VIRIS
1786 4449 3161 4603 ILLUSTRIBUS.

1815 4691 2193 4777 LIBER.

1732 4910 2225 5018 praefatio.

372 2962 375 3003 ῗ
431 2966 524 3024 88.
556 2965 669 3023 Nec
710 2985 874 3025 mora.
903 2970 960 3027 ld
987 2972 1277 3041 genuinum
1328 2984 1453 3042 puto
1497 2989 1621 3030 cum
1650 2973 1868 3031 Labbeo
1896 2982 1954 3031 et

360 3058 503 3114 aliis.
537 3058 721 3117 Grialii
756 3064 939 3129 editio,
970 3082 1063 3120 nec
1085 3083 1225 3123 mox.
1255 3067 1427 3123 Attev.

358 3168 381 3191 ,ε
432 3130 521 3188 89.
556 3132 1009 3202 Remismundum;
1031 3137 1127 3203 al.,
1155 3137 1590 3207 Reccimuntlum;
1616 3139 1713 3207 al.,
1743 3139 1953 3195 Recchi-
1994 3167 1999 3171 -

360 3224 627 3302 mundum,
659 3227 740 3280 vel
778 3227 1205 3302 Hec/timendum.
1252 3229 1356 3302 Pro
1387 3230 1778 3300 Auregensium,
1810 3232 1952 3302 quod

359 3291 638 3372 Elorezius
681 3299 1070 3372 praeferendum
1119 3302 1212 3365 ait,
1270 3301 1364 3356 alii
1419 3291 1786 3368 Aurieusium}
1829 3291 1949 3372 'alii,

360 3364 703 3436 Arigensium.
733 3370 899 3423 Anev.

356 3668 573 3795 ARIlzbvid.
632 3668 923 3729 Revocalis.
954 3674 1265 3743 Florezius,
1293 3690 1414 3733 cum
1443 3676 1689 3748 Labbeo,
1735 3683 1951 3736 uocatis.

1861 4831 2156 4847 ἣ

430 5086 482 5141 1.
517 5085 763 5153 Quamuis
798 5089 1032 5161 superius
1061 5089 1270 5161 plurimi
1296 5099 1523 5147 veterum
1553 5102 1895 5151 tractaturum
1936 5099 2069 5153 inter
2115 5099 2323 5157 ercos
2366 5110 2411 5155 et
2462 5099 2677 5155 Latinos
2704 5108 2977 5170 scriptores
3007 5098 3291 5155 doctissimi
3314 5106 3622 5156 mutentur

358 5186 528 5235 tamen
553 5198 668 5237 reor
696 5184 802 5256 ipse
830 5184 983 5239 etiam
1011 5201 1295 5254 paucorum
1322 5190 1623 5244 memoriam
1644 5189 1835 5260 facere,
1863 5208 2083 5263 quorum
2122 5195 2385 5251 lectionem
2414 5195 2585 5251 recolo
2610 5210 2689 5248 me
2716 5193 2973 5264 attigisse.

358 5316 395 5371 Ῑ·
433 5318 591 5391 139
719 5320 941 5392 xyw”:
969 5336 1104 5393 ρθρει
1134 5322 1432 5383 Romanus.
2059 5332 2125 5391 γ.
2411 5333 2591 5401 Osius,
2622 5334 2792 5402 episc.
2823 5333 3207 5392 Cordubensis.

710 5414 1031 5486 Macrobius,
1059 5417 1337 5476 diaconus.
2063 5426 2149 5482 Vl.
2412 5427 2676 5483 Toranius
2706 5427 2952 5497 Ruﬁnus,
2975 5430 3253 5502 presbyter
3265 5429 3640 5503 Aquileiensis.

356 5501 443 5558 Ill.
714 5506 1049 5583 Philastrius,
1077 5524 1167 5581 ep.
1197 5511 1513 5571 Brixiensis.
1602 5546 1603 5551 γ
2056 5517 2172 5573 vn.
2406 5519 2774 5589 Verecundus,
2806 5536 2896 5590 ep.
2921 5501 3223 5579 Africanus.

357 5593 445 5651 IV.
701 5599 1034 5671 Theodorus,
1064 5618 1151 5675 ep.
1184 5605 1616 5678 MopsueSteuus.
1828 5654 1831 5659 .
2061 5612 2193 5672 Ylll.
2405 5611 2733 5680 Victorinus,
2763 5613 3065 5683 episcoous.

356 5750 371 5765 "
424 5734 1016 5829 affigit!
1032 5742 1722 5829 Hieronxmoetqennadio.
1741 5751 1946 5829 Pgnsz.
1972 5789 2027 5829 ῃ
2053 5751 2254 5829 Isidori
2277 5749 2339 5829 de
2375 5747 2512 5829 Viris
2540 5748 2843 5829 illustribus.
2865 5746 3137 5829 ΙζάὶιξρηιεδΔ
3159 5751 3313 5829 huius
3340 5747 3478 5829 libri,
3515 5762 3639 5829 mss.

424 5789 654 5863 Ibid/ni
692 5789 1412 5887 ίῐέἰάόἑίξιὶὶἰὲὲῐρἱιΐἙὸἜεῈ
1430 5789 1760 5896 ἷιῖἑὲἑῖἱῖἑῖῖ
1784 5789 1946 5881 ἵέἵὲἐ
1972 5789 2027 5850 Ῑ)
2053 5789 2396 5893 amnis:
2412 5789 3643 5893 ὶίὲἷεὶὲιίἷῖξᾶξὶἇνῖῶῖ’ἤὲἷὲἁὲῗέ’ἑιέἱῖἶίᾰὲυηῐῖἇ

1954 5983 1996 6005 ἡ
