  <div class='ocr_page' id='page_1' title='image "/cluster/home/n/w/nwhite01/storage/ocr_20150623/83/hvd.32044015469448/547.png"; bbox 0 0 4086 6350; ppageno 0'>
   <div class='ocr_carea' id='block_1_1' title="bbox 445 349 1617 429">
    <p class='ocr_par' dir='ltr' id='par_1_1' title="bbox 445 349 1617 429">
     <span class='ocr_line' id='line_1_1' title="bbox 445 349 1617 429; baseline -0.015 -8"><span class='ocrx_word' id='word_1_1' title='bbox 445 362 539 421; x_wconf 85' lang='lat' dir='ltr'><strong>IX.</strong></span> <span class='ocrx_word' id='word_1_2' title='bbox 798 356 1007 427; x_wconf 80' lang='lat' dir='ltr'><strong>ltatius,</strong></span> <span class='ocrx_word' id='word_1_3' title='bbox 1038 352 1319 429; x_wconf 81' lang='lat' dir='ltr'><strong>episcOpus</strong></span> <span class='ocrx_word' id='word_1_4' title='bbox 1345 349 1617 408; x_wconf 83' lang='lat' dir='ltr'><strong>Galleciae.</strong></span> 
     </span>
    </p>
   </div>
   <div class='ocr_carea' id='block_1_2' title="bbox 450 443 1605 517">
    <p class='ocr_par' dir='ltr' id='par_1_2' title="bbox 450 443 1605 517">
     <span class='ocr_line' id='line_1_2' title="bbox 450 443 1605 517; baseline -0.01 -6"><span class='ocrx_word' id='word_1_5' title='bbox 450 454 515 511; x_wconf 85' lang='lat' dir='ltr'><strong>X.</strong></span> <span class='ocrx_word' id='word_1_6' title='bbox 800 447 1083 514; x_wconf 84' lang='lat' dir='ltr'><strong>Eusebius,</strong></span> <span class='ocrx_word' id='word_1_7' title='bbox 1118 461 1206 517; x_wconf 92' lang='lat' dir='ltr'><strong>ep.</strong></span> <span class='ocrx_word' id='word_1_8' title='bbox 1240 443 1605 499; x_wconf 80' lang='lat' dir='ltr'><strong>Dorolitanns.</strong></span> 
     </span>
    </p>
   </div>
   <div class='ocr_carea' id='block_1_3' title="bbox 452 528 1908 609">
    <p class='ocr_par' dir='ltr' id='par_1_3' title="bbox 452 528 1908 609">
     <span class='ocr_line' id='line_1_3' title="bbox 452 528 1908 609; baseline -0.011 -7"><span class='ocrx_word' id='word_1_9' title='bbox 452 528 539 602; x_wconf 81' lang='lat' dir='ltr'><strong>XI.</strong></span> <span class='ocrx_word' id='word_1_10' title='bbox 802 541 1056 605; x_wconf 84' lang='lat' dir='ltr'><strong>Cerealis,</strong></span> <span class='ocrx_word' id='word_1_11' title='bbox 1086 554 1173 609; x_wconf 86' lang='lat' dir='ltr'><strong>ep.</strong></span> <span class='ocrx_word' id='word_1_12' title='bbox 1208 537 1594 593; x_wconf 78' lang='lat' dir='ltr'><strong>Castellancns.</strong></span> <span class='ocrx_word' id='word_1_13' title='bbox 1630 536 1681 589; x_wconf 93' lang='lat' dir='ltr'><strong>in</strong></span> <span class='ocrx_word' id='word_1_14' title='bbox 1710 532 1908 589; x_wconf 74' lang='lat' dir='ltr'><strong>Africa.</strong></span> 
     </span>
    </p>
   </div>
   <div class='ocr_carea' id='block_1_4' title="bbox 447 630 1703 703">
    <p class='ocr_par' dir='ltr' id='par_1_4' title="bbox 447 630 1703 703">
     <span class='ocr_line' id='line_1_4' title="bbox 447 630 1703 703; baseline -0.012 -6"><span class='ocrx_word' id='word_1_15' title='bbox 447 640 564 697; x_wconf 87' lang='lat' dir='ltr'>XII.</span> <span class='ocrx_word' id='word_1_16' title='bbox 804 633 1131 699; x_wconf 88' lang='lat' dir='ltr'><strong>Ferrandus,</strong></span> <span class='ocrx_word' id='word_1_17' title='bbox 1164 632 1422 687; x_wconf 83' lang='lat' dir='ltr'><strong>diaconus</strong></span> <span class='ocrx_word' id='word_1_18' title='bbox 1453 630 1703 703; x_wconf 82' lang='lat' dir='ltr'><strong>Cartliag.</strong></span> 
     </span>
    </p>
   </div>
   <div class='ocr_carea' id='block_1_5' title="bbox 451 725 1546 797">
    <p class='ocr_par' dir='ltr' id='par_1_5' title="bbox 451 725 1546 797">
     <span class='ocr_line' id='line_1_5' title="bbox 451 725 1546 797; baseline -0.007 -10"><span class='ocrx_word' id='word_1_19' title='bbox 451 733 586 789; x_wconf 85' lang='lat' dir='ltr'><strong>XIII.</strong></span> <span class='ocrx_word' id='word_1_20' title='bbox 805 727 1016 795; x_wconf 88' lang='lat' dir='ltr'><strong>Petrus,</strong></span> <span class='ocrx_word' id='word_1_21' title='bbox 1050 726 1284 797; x_wconf 89' lang='lat' dir='ltr'><strong>episcop.</strong></span> <span class='ocrx_word' id='word_1_22' title='bbox 1316 725 1546 779; x_wconf 86' lang='lat' dir='ltr'><strong>Ilerden.</strong></span> 
     </span>
    </p>
   </div>
   <div class='ocr_carea' id='block_1_6' title="bbox 452 813 1581 889">
    <p class='ocr_par' dir='ltr' id='par_1_6' title="bbox 452 813 1581 889">
     <span class='ocr_line' id='line_1_6' title="bbox 452 813 1581 889; baseline -0.01 -14"><span class='ocrx_word' id='word_1_23' title='bbox 452 820 589 876; x_wconf 80' lang='lat' dir='ltr'><strong>XIV.</strong></span> <span class='ocrx_word' id='word_1_24' title='bbox 802 816 1163 879; x_wconf 80' lang='lat' dir='ltr'><strong>Marcellinus,</strong></span> <span class='ocrx_word' id='word_1_25' title='bbox 1194 813 1492 884; x_wconf 75' lang='lat' dir='ltr'><strong>presbyter.</strong></span> <span class='ocrx_word' id='word_1_26' title='bbox 1572 867 1581 889; x_wconf 33' lang='grc' dir='ltr'>ι</span> 
     </span>
    </p>
   </div>
   <div class='ocr_carea' id='block_1_7' title="bbox 453 902 1662 974">
    <p class='ocr_par' dir='ltr' id='par_1_7' title="bbox 453 902 1662 974">
     <span class='ocr_line' id='line_1_7' title="bbox 453 902 1662 974; baseline -0.008 -7"><span class='ocrx_word' id='word_1_27' title='bbox 453 902 567 967; x_wconf 83' lang='lat' dir='ltr'><strong>XV.</strong></span> <span class='ocrx_word' id='word_1_28' title='bbox 806 908 994 964; x_wconf 90' lang='lat' dir='ltr'><strong>ltatius</strong></span> <span class='ocrx_word' id='word_1_29' title='bbox 1019 907 1228 972; x_wconf 85' lang='lat' dir='ltr'><strong>Clarus,</strong></span> <span class='ocrx_word' id='word_1_30' title='bbox 1260 920 1347 974; x_wconf 87' lang='lat' dir='ltr'><strong>ep.</strong></span> <span class='ocrx_word' id='word_1_31' title='bbox 1378 906 1662 973; x_wconf 78' lang='lat' dir='ltr'><strong>Ilispanus.</strong></span> 
     </span>
    </p>
   </div>
   <div class='ocr_carea' id='block_1_8' title="bbox 453 997 1542 1068">
    <p class='ocr_par' dir='ltr' id='par_1_8' title="bbox 453 997 1542 1068">
     <span class='ocr_line' id='line_1_8' title="bbox 453 997 1542 1068; baseline -0.006 -10"><span class='ocrx_word' id='word_1_32' title='bbox 453 1001 591 1058; x_wconf 80' lang='lat' dir='ltr'><strong>XVI.</strong></span> <span class='ocrx_word' id='word_1_33' title='bbox 804 1001 1045 1063; x_wconf 89' lang='lat' dir='ltr'><strong>Siricius,</strong></span> <span class='ocrx_word' id='word_1_34' title='bbox 1074 1006 1223 1068; x_wconf 89' lang='lat' dir='ltr'><strong>pont.</strong></span> <span class='ocrx_word' id='word_1_35' title='bbox 1250 997 1542 1052; x_wconf 81' lang='lat' dir='ltr'><strong>Romanus.</strong></span> 
     </span>
    </p>
   </div>
   <div class='ocr_carea' id='block_1_9' title="bbox 457 1082 2037 1163">
    <p class='ocr_par' dir='ltr' id='par_1_9' title="bbox 457 1082 2037 1163">
     <span class='ocr_line' id='line_1_9' title="bbox 457 1082 2037 1163; baseline -0.006 -16"><span class='ocrx_word' id='word_1_36' title='bbox 457 1082 617 1148; x_wconf 81' lang='lat' dir='ltr'><strong>XVII.</strong></span> <span class='ocrx_word' id='word_1_37' title='bbox 802 1090 1072 1155; x_wconf 86' lang='lat' dir='ltr'><strong>Paulinus,</strong></span> <span class='ocrx_word' id='word_1_38' title='bbox 1102 1089 1379 1163; x_wconf 71' lang='lat' dir='ltr'><strong>presbyter</strong></span> <span class='ocrx_word' id='word_1_39' title='bbox 1406 1087 1713 1153; x_wconf 86' lang='lat' dir='ltr'><strong>Mediolan.,</strong></span> <span class='ocrx_word' id='word_1_40' title='bbox 1744 1091 1926 1156; x_wconf 89' lang='lat' dir='ltr'><strong>postea</strong></span> <span class='ocrx_word' id='word_1_41' title='bbox 1950 1097 2037 1153; x_wconf 89' lang='lat' dir='ltr'><strong>ep.</strong></span> 
     </span>
    </p>
   </div>
   <div class='ocr_carea' id='block_1_10' title="bbox 880 1184 1139 1242">
    <p class='ocr_par' dir='ltr' id='par_1_10' title="bbox 880 1184 1139 1242">
     <span class='ocr_line' id='line_1_10' title="bbox 880 1184 1139 1242; baseline -0.012 -1"><span class='ocrx_word' id='word_1_42' title='bbox 880 1184 1139 1242; x_wconf 82' lang='lat' dir='ltr'><strong>Nolanus.</strong></span> 
     </span>
    </p>
   </div>
   <div class='ocr_carea' id='block_1_11' title="bbox 456 1270 1473 1345">
    <p class='ocr_par' dir='ltr' id='par_1_11' title="bbox 456 1270 1473 1345">
     <span class='ocr_line' id='line_1_11' title="bbox 456 1270 1473 1345; baseline -0.002 -15"><span class='ocrx_word' id='word_1_43' title='bbox 456 1270 638 1330; x_wconf 87' lang='lat' dir='ltr'><strong>XVIII.</strong></span> <span class='ocrx_word' id='word_1_44' title='bbox 812 1275 1006 1345; x_wconf 88' lang='lat' dir='ltr'><strong>Proba,</strong></span> <span class='ocrx_word' id='word_1_45' title='bbox 1040 1290 1175 1331; x_wconf 85' lang='lat' dir='ltr'><strong>uxor</strong></span> <span class='ocrx_word' id='word_1_46' title='bbox 1204 1273 1473 1344; x_wconf 81' lang='lat' dir='ltr'><strong>Adelphii.</strong></span> 
     </span>
    </p>
   </div>
   <div class='ocr_carea' id='block_1_12' title="bbox 454 1361 2044 1440">
    <p class='ocr_par' dir='ltr' id='par_1_12' title="bbox 454 1361 2044 1440">
     <span class='ocr_line' id='line_1_12' title="bbox 454 1361 2044 1440; baseline -0.003 -18"><span class='ocrx_word' id='word_1_47' title='bbox 454 1366 597 1423; x_wconf 88' lang='lat' dir='ltr'><strong>XIX.</strong></span> <span class='ocrx_word' id='word_1_48' title='bbox 810 1366 1046 1424; x_wconf 79' lang='lat' dir='ltr'><strong>Joannes</strong></span> <span class='ocrx_word' id='word_1_49' title='bbox 1085 1368 1507 1440; x_wconf 84' lang='lat' dir='ltr'><strong>Cbrysostomus</strong></span> <span class='ocrx_word' id='word_1_50' title='bbox 1528 1406 1543 1431; x_wconf 88' lang='lat'><strong>,</strong></span> <span class='ocrx_word' id='word_1_51' title='bbox 1583 1364 1753 1437; x_wconf 87' lang='lat' dir='ltr'><strong>episc.</strong></span> <span class='ocrx_word' id='word_1_52' title='bbox 1784 1361 2044 1420; x_wconf 87' lang='lat' dir='ltr'><strong>Constan-</strong></span> 
     </span>
    </p>
   </div>
   <div class='ocr_carea' id='block_1_13' title="bbox 890 1461 1058 1530">
    <p class='ocr_par' dir='ltr' id='par_1_13' title="bbox 890 1461 1058 1530">
     <span class='ocr_line' id='line_1_13' title="bbox 890 1461 1058 1530; baseline 0 -15"><span class='ocrx_word' id='word_1_53' title='bbox 890 1461 1058 1530; x_wconf 91' lang='lat' dir='ltr'><strong>tlnop.</strong></span> 
     </span>
    </p>
   </div>
   <div class='ocr_carea' id='block_1_14' title="bbox 455 1549 1413 1622">
    <p class='ocr_par' dir='ltr' id='par_1_14' title="bbox 455 1549 1413 1622">
     <span class='ocr_line' id='line_1_14' title="bbox 455 1549 1413 1622; baseline -0.001 -16"><span class='ocrx_word' id='word_1_54' title='bbox 455 1549 576 1607; x_wconf 83' lang='lat' dir='ltr'><strong>XX.</strong></span> <span class='ocrx_word' id='word_1_55' title='bbox 812 1551 1091 1622; x_wconf 81' lang='lat' dir='ltr'><strong>Sedulius,</strong></span> <span class='ocrx_word' id='word_1_56' title='bbox 1116 1551 1413 1622; x_wconf 81' lang='lat' dir='ltr'><strong>presbyter.</strong></span> 
     </span>
    </p>
   </div>
   <div class='ocr_carea' id='block_1_15' title="bbox 456 1640 1565 1711">
    <p class='ocr_par' dir='ltr' id='par_1_15' title="bbox 456 1640 1565 1711">
     <span class='ocr_line' id='line_1_15' title="bbox 456 1640 1565 1711; baseline -0.001 -12"><span class='ocrx_word' id='word_1_57' title='bbox 456 1640 601 1699; x_wconf 85' lang='lat' dir='ltr'><strong>XXI.</strong></span> <span class='ocrx_word' id='word_1_58' title='bbox 818 1643 1111 1709; x_wconf 78' lang='lat' dir='ltr'><strong>Possidius,</strong></span> <span class='ocrx_word' id='word_1_59' title='bbox 1146 1658 1233 1711; x_wconf 90' lang='lat' dir='ltr'><strong>ep.</strong></span> <span class='ocrx_word' id='word_1_60' title='bbox 1262 1643 1565 1698; x_wconf 75' lang='lat' dir='ltr'><strong>Africanus.</strong></span> 
     </span>
    </p>
   </div>
   <div class='ocr_carea' id='block_1_16' title="bbox 458 1731 1578 1804">
    <p class='ocr_par' dir='ltr' id='par_1_16' title="bbox 458 1731 1578 1804">
     <span class='ocr_line' id='line_1_16' title="bbox 458 1731 1578 1804; baseline 0.001 -16"><span class='ocrx_word' id='word_1_61' title='bbox 458 1732 627 1789; x_wconf 86' lang='lat' dir='ltr'><strong>XXII.</strong></span> <span class='ocrx_word' id='word_1_62' title='bbox 819 1731 1133 1799; x_wconf 82' lang='lat' dir='ltr'><strong>Primaslus,</strong></span> <span class='ocrx_word' id='word_1_63' title='bbox 1167 1748 1253 1804; x_wconf 90' lang='lat' dir='ltr'><strong>ep.</strong></span> <span class='ocrx_word' id='word_1_64' title='bbox 1281 1731 1578 1789; x_wconf 80' lang='lat' dir='ltr'><strong>Africanus.</strong></span> 
     </span>
    </p>
   </div>
   <div class='ocr_carea' id='block_1_17' title="bbox 459 1824 1671 1898">
    <p class='ocr_par' dir='ltr' id='par_1_17' title="bbox 459 1824 1671 1898">
     <span class='ocr_line' id='line_1_17' title="bbox 459 1824 1671 1898; baseline -0.001 -18"><span class='ocrx_word' id='word_1_65' title='bbox 459 1824 641 1882; x_wconf 83' lang='lat' dir='ltr'><strong>XXIII.</strong></span> <span class='ocrx_word' id='word_1_66' title='bbox 820 1826 1113 1892; x_wconf 84' lang='lat' dir='ltr'><strong>Proterius,</strong></span> <span class='ocrx_word' id='word_1_67' title='bbox 1145 1841 1230 1898; x_wconf 86' lang='lat' dir='ltr'><strong>ep.</strong></span> <span class='ocrx_word' id='word_1_68' title='bbox 1266 1825 1671 1881; x_wconf 86' lang='lat' dir='ltr'><strong>Alexandrinus.</strong></span> 
     </span>
    </p>
   </div>
   <div class='ocr_carea' id='block_1_18' title="bbox 461 1906 1669 1987">
    <p class='ocr_par' dir='ltr' id='par_1_18' title="bbox 461 1906 1669 1987">
     <span class='ocr_line' id='line_1_18' title="bbox 461 1906 1669 1987; baseline -0.002 -15"><span class='ocrx_word' id='word_1_69' title='bbox 461 1906 657 1974; x_wconf 87' lang='lat' dir='ltr'><strong>XXIV.</strong></span> <span class='ocrx_word' id='word_1_70' title='bbox 825 1916 1200 1985; x_wconf 88' lang='lat' dir='ltr'><strong>Paschasiuus,</strong></span> <span class='ocrx_word' id='word_1_71' title='bbox 1232 1932 1319 1987; x_wconf 84' lang='lat' dir='ltr'><strong>ep.</strong></span> <span class='ocrx_word' id='word_1_72' title='bbox 1355 1916 1669 1974; x_wconf 85' lang='lat' dir='ltr'><strong>Siciliensis.</strong></span> 
     </span>
    </p>
   </div>
   <div class='ocr_carea' id='block_1_19' title="bbox 462 2006 1380 2066">
    <p class='ocr_par' dir='ltr' id='par_1_19' title="bbox 462 2006 1380 2066">
     <span class='ocr_line' id='line_1_19' title="bbox 462 2006 1380 2066; baseline -0.002 -3"><span class='ocrx_word' id='word_1_73' title='bbox 462 2006 633 2063; x_wconf 93' lang='lat' dir='ltr'><strong>XXV.</strong></span> <span class='ocrx_word' id='word_1_74' title='bbox 825 2008 1067 2066; x_wconf 84' lang='lat' dir='ltr'><strong>Julianus</strong></span> <span class='ocrx_word' id='word_1_75' title='bbox 1088 2007 1380 2063; x_wconf 87' lang='lat' dir='ltr'><strong>Pomerius.</strong></span> 
     </span>
    </p>
   </div>
   <div class='ocr_carea' id='block_1_20' title="bbox 463 2099 1736 2172">
    <p class='ocr_par' dir='ltr' id='par_1_20' title="bbox 463 2099 1736 2172">
     <span class='ocr_line' id='line_1_20' title="bbox 463 2099 1736 2172; baseline -0.001 -16"><span class='ocrx_word' id='word_1_76' title='bbox 463 2101 655 2157; x_wconf 86' lang='lat' dir='ltr'><strong>X-XVI.</strong></span> <span class='ocrx_word' id='word_1_77' title='bbox 828 2100 1099 2172; x_wconf 81' lang='lat' dir='ltr'><strong>Eugipius,</strong></span> <span class='ocrx_word' id='word_1_78' title='bbox 1122 2099 1284 2155; x_wconf 83' lang='lat' dir='ltr'><strong>abbas</strong></span> <span class='ocrx_word' id='word_1_79' title='bbox 1310 2099 1736 2155; x_wconf 86' lang='lat' dir='ltr'><strong>Lucullanensls.</strong></span> 
     </span>
    </p>
   </div>
   <div class='ocr_carea' id='block_1_21' title="bbox 466 2188 1913 2265">
    <p class='ocr_par' dir='ltr' id='par_1_21' title="bbox 466 2188 1913 2265">
     <span class='ocr_line' id='line_1_21' title="bbox 466 2188 1913 2265; baseline -0.003 -14"><span class='ocrx_word' id='word_1_80' title='bbox 466 2192 680 2251; x_wconf 71' lang='lat' dir='ltr'><strong>XXVII.</strong></span> <span class='ocrx_word' id='word_1_81' title='bbox 828 2192 1159 2265; x_wconf 87' lang='lat' dir='ltr'><strong>Fulgentius,</strong></span> <span class='ocrx_word' id='word_1_82' title='bbox 1190 2206 1277 2262; x_wconf 87' lang='lat' dir='ltr'><strong>ep.</strong></span> <span class='ocrx_word' id='word_1_83' title='bbox 1309 2190 1604 2262; x_wconf 81' lang='lat' dir='ltr'><strong>Ruspensis</strong></span> <span class='ocrx_word' id='word_1_84' title='bbox 1635 2191 1687 2245; x_wconf 90' lang='lat' dir='ltr'><strong>in</strong></span> <span class='ocrx_word' id='word_1_85' title='bbox 1708 2188 1913 2247; x_wconf 75' lang='lat' dir='ltr'><strong>Africa.</strong></span> 
     </span>
    </p>
   </div>
   <div class='ocr_carea' id='block_1_22' title="bbox 467 2282 1946 2357">
    <p class='ocr_par' dir='ltr' id='par_1_22' title="bbox 467 2282 1946 2357">
     <span class='ocr_line' id='line_1_22' title="bbox 467 2282 1946 2357; baseline -0.008 -10"><span class='ocrx_word' id='word_1_86' title='bbox 467 2288 703 2346; x_wconf 79' lang='lat' dir='ltr'><strong>XXVIII.</strong></span> <span class='ocrx_word' id='word_1_87' title='bbox 815 2285 1129 2351; x_wconf 80' lang='lat' dir='ltr'><strong>Eucherius,</strong></span> <span class='ocrx_word' id='word_1_88' title='bbox 1160 2300 1248 2357; x_wconf 83' lang='lat' dir='ltr'><strong>ep.</strong></span> <span class='ocrx_word' id='word_1_89' title='bbox 1280 2283 1656 2355; x_wconf 82' lang='lat' dir='ltr'><strong>Lugdunensis</strong></span> <span class='ocrx_word' id='word_1_90' title='bbox 1681 2282 1946 2340; x_wconf 62' lang='lat' dir='ltr'><strong>Francia.</strong></span> 
     </span>
    </p>
   </div>
   <div class='ocr_carea' id='block_1_23' title="bbox 467 2372 1981 2451">
    <p class='ocr_par' dir='ltr' id='par_1_23' title="bbox 467 2372 1981 2451">
     <span class='ocr_line' id='line_1_23' title="bbox 467 2372 1981 2451; baseline -0.008 -10"><span class='ocrx_word' id='word_1_91' title='bbox 467 2382 661 2443; x_wconf 85' lang='lat' dir='ltr'><strong>XXIX.</strong></span> <span class='ocrx_word' id='word_1_92' title='bbox 822 2379 1073 2447; x_wconf 76' lang='lat' dir='ltr'><strong>Hilarius,</strong></span> <span class='ocrx_word' id='word_1_93' title='bbox 1106 2395 1194 2451; x_wconf 88' lang='lat' dir='ltr'><strong>ep.</strong></span> <span class='ocrx_word' id='word_1_94' title='bbox 1226 2378 1576 2434; x_wconf 72' lang='lat' dir='ltr'><strong>Arelatensis.</strong></span> <span class='ocrx_word' id='word_1_95' title='bbox 1938 2372 1947 2381; x_wconf 79' lang='grc'><strong><em>“</em></strong></span> <span class='ocrx_word' id='word_1_96' title='bbox 1978 2372 1981 2375; x_wconf 81' lang='grc'><em>’</em></span> 
     </span>
    </p>
   </div>
   <div class='ocr_carea' id='block_1_24' title="bbox 467 2468 1812 2543">
    <p class='ocr_par' dir='ltr' id='par_1_24' title="bbox 467 2468 1812 2543">
     <span class='ocr_line' id='line_1_24' title="bbox 467 2468 1812 2543; baseline -0.006 -12"><span class='ocrx_word' id='word_1_97' title='bbox 467 2474 639 2531; x_wconf 80' lang='lat' dir='ltr'><strong>XXX.</strong></span> <span class='ocrx_word' id='word_1_98' title='bbox 825 2472 1133 2543; x_wconf 83' lang='lat' dir='ltr'><strong>Apringius,</strong></span> <span class='ocrx_word' id='word_1_99' title='bbox 1154 2485 1243 2542; x_wconf 87' lang='lat' dir='ltr'><strong>ep.</strong></span> <span class='ocrx_word' id='word_1_100' title='bbox 1266 2469 1543 2537; x_wconf 86' lang='lat' dir='ltr'><strong>Pacensis,</strong></span> <span class='ocrx_word' id='word_1_101' title='bbox 1579 2468 1632 2525; x_wconf 88' lang='lat' dir='ltr'><strong>in</strong></span> <span class='ocrx_word' id='word_1_102' title='bbox 1661 2468 1812 2540; x_wconf 81' lang='lat' dir='ltr'><strong>IIIsp.</strong></span> 
     </span>
    </p>
   </div>
   <div class='ocr_carea' id='block_1_25' title="bbox 468 2566 1516 2636">
    <p class='ocr_par' dir='ltr' id='par_1_25' title="bbox 468 2566 1516 2636">
     <span class='ocr_line' id='line_1_25' title="bbox 468 2566 1516 2636; baseline -0.005 -12"><span class='ocrx_word' id='word_1_103' title='bbox 468 2567 663 2624; x_wconf 86' lang='lat' dir='ltr'><strong>XXXI.</strong></span> <span class='ocrx_word' id='word_1_104' title='bbox 822 2566 1173 2633; x_wconf 88' lang='lat' dir='ltr'><strong>Justinianus,</strong></span> <span class='ocrx_word' id='word_1_105' title='bbox 1206 2566 1516 2636; x_wconf 80' lang='lat' dir='ltr'><strong>imperator.</strong></span> 
     </span>
    </p>
   </div>
   <div class='ocr_carea' id='block_1_26' title="bbox 468 2657 1684 2729">
    <p class='ocr_par' dir='ltr' id='par_1_26' title="bbox 468 2657 1684 2729">
     <span class='ocr_line' id='line_1_26' title="bbox 468 2657 1684 2729; baseline -0.004 -12"><span class='ocrx_word' id='word_1_106' title='bbox 468 2660 689 2717; x_wconf 82' lang='lat' dir='ltr'><strong>XXXII.</strong></span> <span class='ocrx_word' id='word_1_107' title='bbox 815 2659 1120 2724; x_wconf 84' lang='lat' dir='ltr'><strong>Facundus,</strong></span> <span class='ocrx_word' id='word_1_108' title='bbox 1143 2675 1231 2729; x_wconf 93' lang='lat' dir='ltr'><strong>ep.</strong></span> <span class='ocrx_word' id='word_1_109' title='bbox 1264 2657 1684 2715; x_wconf 84' lang='lat' dir='ltr'><strong>Hermianensis.</strong></span> 
     </span>
    </p>
   </div>
   <div class='ocr_carea' id='block_1_27' title="bbox 468 2750 1649 2821">
    <p class='ocr_par' dir='ltr' id='par_1_27' title="bbox 468 2750 1649 2821">
     <span class='ocr_line' id='line_1_27' title="bbox 468 2750 1649 2821; baseline -0.005 -11"><span class='ocrx_word' id='word_1_110' title='bbox 468 2752 711 2811; x_wconf 77' lang='lat' dir='ltr'><strong>XXXIII.</strong></span> <span class='ocrx_word' id='word_1_111' title='bbox 820 2752 1169 2818; x_wconf 88' lang='lat' dir='ltr'><strong>Justinianus,</strong></span> <span class='ocrx_word' id='word_1_112' title='bbox 1197 2766 1285 2821; x_wconf 90' lang='lat' dir='ltr'><strong>ep.</strong></span> <span class='ocrx_word' id='word_1_113' title='bbox 1315 2750 1649 2807; x_wconf 74' lang='lat' dir='ltr'><strong>Valentinus.</strong></span> 
     </span>
    </p>
   </div>
   <div class='ocr_carea' id='block_1_28' title="bbox 467 2843 1550 2916">
    <p class='ocr_par' dir='ltr' id='par_1_28' title="bbox 467 2843 1550 2916">
     <span class='ocr_line' id='line_1_28' title="bbox 467 2843 1550 2916; baseline -0.006 -12"><span class='ocrx_word' id='word_1_114' title='bbox 467 2845 708 2911; x_wconf 78' lang='lat' dir='ltr'><strong>XXXIV.</strong></span> <span class='ocrx_word' id='word_1_115' title='bbox 818 2846 1025 2914; x_wconf 88' lang='lat' dir='ltr'><strong>Justus,</strong></span> <span class='ocrx_word' id='word_1_116' title='bbox 1057 2860 1144 2916; x_wconf 88' lang='lat' dir='ltr'><strong>ep.</strong></span> <span class='ocrx_word' id='word_1_117' title='bbox 1167 2843 1550 2915; x_wconf 83' lang='lat' dir='ltr'><strong>Urgellitanns.</strong></span> 
     </span>
    </p>
   </div>
   <div class='ocr_carea' id='block_1_29' title="bbox 467 2935 1573 3013">
    <p class='ocr_par' dir='ltr' id='par_1_29' title="bbox 467 2935 1573 3013">
     <span class='ocr_line' id='line_1_29' title="bbox 467 2935 1573 3013; baseline -0.008 -14"><span class='ocrx_word' id='word_1_118' title='bbox 467 2941 690 3013; x_wconf 74' lang='lat' dir='ltr'><strong>XXXV.</strong></span> <span class='ocrx_word' id='word_1_119' title='bbox 818 2939 1095 3009; x_wconf 77' lang='lat' dir='ltr'><strong>Martinus,</strong></span> <span class='ocrx_word' id='word_1_120' title='bbox 1126 2952 1214 3010; x_wconf 85' lang='lat' dir='ltr'><strong>ep.</strong></span> <span class='ocrx_word' id='word_1_121' title='bbox 1251 2935 1573 2995; x_wconf 86' lang='lat' dir='ltr'><strong>Dnmiensis.</strong></span> 
     </span>
    </p>
   </div>
   <div class='ocr_carea' id='block_1_30' title="bbox 471 3031 1512 3102">
    <p class='ocr_par' dir='ltr' id='par_1_30' title="bbox 471 3031 1512 3102">
     <span class='ocr_line' id='line_1_30' title="bbox 471 3031 1512 3102; baseline -0.004 -14"><span class='ocrx_word' id='word_1_122' title='bbox 471 3032 711 3089; x_wconf 76' lang='lat' dir='ltr'><strong>XXXVI.</strong></span> <span class='ocrx_word' id='word_1_123' title='bbox 815 3032 1027 3099; x_wconf 87' lang='lat' dir='ltr'><strong>Avitus,</strong></span> <span class='ocrx_word' id='word_1_124' title='bbox 1060 3048 1147 3102; x_wconf 89' lang='lat' dir='ltr'><strong>ep.</strong></span> <span class='ocrx_word' id='word_1_125' title='bbox 1175 3031 1512 3086; x_wconf 90' lang='lat' dir='ltr'><strong>Viennensis.</strong></span> 
     </span>
    </p>
   </div>
   <div class='ocr_carea' id='block_1_31' title="bbox 470 3120 1163 3183">
    <p class='ocr_par' dir='ltr' id='par_1_31' title="bbox 470 3120 1163 3183">
     <span class='ocr_line' id='line_1_31' title="bbox 470 3120 1163 3183; baseline -0.004 -2"><span class='ocrx_word' id='word_1_126' title='bbox 470 3120 735 3181; x_wconf 85' lang='lat' dir='ltr'><strong>XXXVII.</strong></span> <span class='ocrx_word' id='word_1_127' title='bbox 827 3124 1163 3183; x_wconf 80' lang='lat' dir='ltr'><strong>Dracontius.</strong></span> 
     </span>
    </p>
   </div>
   <div class='ocr_carea' id='block_1_32' title="bbox 470 3215 1500 3289">
    <p class='ocr_par' dir='ltr' id='par_1_32' title="bbox 470 3215 1500 3289">
     <span class='ocr_line' id='line_1_32' title="bbox 470 3215 1500 3289; baseline -0.008 -12"><span class='ocrx_word' id='word_1_128' title='bbox 470 3215 768 3277; x_wconf 83' lang='lat' dir='ltr'><strong>XXXVIII.</strong></span> <span class='ocrx_word' id='word_1_129' title='bbox 820 3216 1027 3286; x_wconf 87' lang='lat' dir='ltr'><strong>Victor,</strong></span> <span class='ocrx_word' id='word_1_130' title='bbox 1060 3231 1147 3289; x_wconf 92' lang='lat' dir='ltr'><strong>ep.</strong></span> <span class='ocrx_word' id='word_1_131' title='bbox 1176 3215 1500 3273; x_wconf 78' lang='lat' dir='ltr'><strong>&#39;I‘unnensis.</strong></span> 
     </span>
    </p>
   </div>
   <div class='ocr_carea' id='block_1_33' title="bbox 470 3307 1644 3379">
    <p class='ocr_par' dir='ltr' id='par_1_33' title="bbox 470 3307 1644 3379">
     <span class='ocr_line' id='line_1_33' title="bbox 470 3307 1644 3379; baseline -0.009 -6"><span class='ocrx_word' id='word_1_132' title='bbox 470 3310 716 3373; x_wconf 76' lang='lat' dir='ltr'><strong>XXXIX.</strong></span> <span class='ocrx_word' id='word_1_133' title='bbox 824 3310 1084 3378; x_wconf 81' lang='lat' dir='ltr'><strong>Joannes,</strong></span> <span class='ocrx_word' id='word_1_134' title='bbox 1115 3324 1202 3379; x_wconf 89' lang='lat' dir='ltr'><strong>ep.</strong></span> <span class='ocrx_word' id='word_1_135' title='bbox 1233 3307 1644 3379; x_wconf 80' lang='lat' dir='ltr'><strong>Constantinop.</strong></span> 
     </span>
    </p>
   </div>
   <div class='ocr_carea' id='block_1_34' title="bbox 470 3399 1616 3473">
    <p class='ocr_par' dir='ltr' id='par_1_34' title="bbox 470 3399 1616 3473">
     <span class='ocr_line' id='line_1_34' title="bbox 470 3399 1616 3473; baseline -0.005 -16"><span class='ocrx_word' id='word_1_136' title='bbox 470 3400 587 3457; x_wconf 82' lang='lat' dir='ltr'><strong>XL.</strong></span> <span class='ocrx_word' id='word_1_137' title='bbox 827 3400 1138 3473; x_wconf 72' lang='lat' dir='ltr'><strong>Gregorius,</strong></span> <span class='ocrx_word' id='word_1_138' title='bbox 1166 3415 1300 3470; x_wconf 83' lang='lat' dir='ltr'><strong>papa</strong></span> <span class='ocrx_word' id='word_1_139' title='bbox 1325 3399 1616 3455; x_wconf 81' lang='lat' dir='ltr'><strong>Romanus.</strong></span> 
     </span>
    </p>
   </div>
   <div class='ocr_carea' id='block_1_35' title="bbox 473 3492 1444 3563">
    <p class='ocr_par' dir='ltr' id='par_1_35' title="bbox 473 3492 1444 3563">
     <span class='ocr_line' id='line_1_35' title="bbox 473 3492 1444 3563; baseline -0.006 -12"><span class='ocrx_word' id='word_1_140' title='bbox 473 3495 611 3553; x_wconf 85' lang='lat' dir='ltr'><strong>XLI.</strong></span> <span class='ocrx_word' id='word_1_141' title='bbox 824 3492 1090 3559; x_wconf 86' lang='lat' dir='ltr'><strong>Leander,</strong></span> <span class='ocrx_word' id='word_1_142' title='bbox 1121 3509 1208 3563; x_wconf 91' lang='lat' dir='ltr'><strong>ep.</strong></span> <span class='ocrx_word' id='word_1_143' title='bbox 1241 3492 1444 3561; x_wconf 80' lang='lat' dir='ltr'><strong>IIiSpal.</strong></span> 
     </span>
    </p>
   </div>
   <div class='ocr_carea' id='block_1_36' title="bbox 472 3581 1633 3655">
    <p class='ocr_par' dir='ltr' id='par_1_36' title="bbox 472 3581 1633 3655">
     <span class='ocr_line' id='line_1_36' title="bbox 472 3581 1633 3655; baseline -0.004 -13"><span class='ocrx_word' id='word_1_144' title='bbox 472 3586 637 3644; x_wconf 82' lang='lat' dir='ltr'><strong>XLII.</strong></span> <span class='ocrx_word' id='word_1_145' title='bbox 826 3584 1173 3651; x_wconf 72' lang='lat' dir='ltr'><strong>Lucinianus,</strong></span> <span class='ocrx_word' id='word_1_146' title='bbox 1201 3599 1287 3655; x_wconf 89' lang='lat' dir='ltr'><strong>ep.</strong></span> <span class='ocrx_word' id='word_1_147' title='bbox 1320 3581 1633 3655; x_wconf 78' lang='lat' dir='ltr'><strong>Carthagin.</strong></span> 
     </span>
    </p>
   </div>
   <div class='ocr_carea' id='block_1_37' title="bbox 472 3676 1601 3748">
    <p class='ocr_par' dir='ltr' id='par_1_37' title="bbox 472 3676 1601 3748">
     <span class='ocr_line' id='line_1_37' title="bbox 472 3676 1601 3748; baseline -0.002 -15"><span class='ocrx_word' id='word_1_148' title='bbox 472 3678 656 3736; x_wconf 74' lang='lat' dir='ltr'><strong>XLIII.</strong></span> <span class='ocrx_word' id='word_1_149' title='bbox 823 3678 1076 3746; x_wconf 81' lang='lat' dir='ltr'><strong>Severus,</strong></span> <span class='ocrx_word' id='word_1_150' title='bbox 1105 3692 1191 3748; x_wconf 83' lang='lat' dir='ltr'><strong>ep.</strong></span> <span class='ocrx_word' id='word_1_151' title='bbox 1230 3676 1601 3733; x_wconf 74' lang='lat' dir='ltr'><strong>Malacitantts.</strong></span> 
     </span>
    </p>
   </div>
   <div class='ocr_carea' id='block_1_38' title="bbox 475 3768 1574 3839">
    <p class='ocr_par' dir='ltr' id='par_1_38' title="bbox 475 3768 1574 3839">
     <span class='ocr_line' id='line_1_38' title="bbox 475 3768 1574 3839; baseline -0.004 -13"><span class='ocrx_word' id='word_1_152' title='bbox 475 3770 661 3828; x_wconf 79' lang='lat' dir='ltr'><strong>XLIV.</strong></span> <span class='ocrx_word' id='word_1_153' title='bbox 828 3769 1087 3837; x_wconf 86' lang='lat' dir='ltr'><strong>Joannes,</strong></span> <span class='ocrx_word' id='word_1_154' title='bbox 1115 3783 1205 3839; x_wconf 90' lang='lat' dir='ltr'><strong>ep.</strong></span> <span class='ocrx_word' id='word_1_155' title='bbox 1236 3768 1574 3824; x_wconf 88' lang='lat' dir='ltr'><strong>Gerundens.</strong></span> 
     </span>
    </p>
   </div>
   <div class='ocr_carea' id='block_1_39' title="bbox 476 3860 1634 3937">
    <p class='ocr_par' dir='ltr' id='par_1_39' title="bbox 476 3860 1634 3937">
     <span class='ocr_line' id='line_1_39' title="bbox 476 3860 1634 3937; baseline -0.009 -11"><span class='ocrx_word' id='word_1_156' title='bbox 476 3862 643 3927; x_wconf 66' lang='lat' dir='ltr'><strong>XLV.</strong></span> <span class='ocrx_word' id='word_1_157' title='bbox 831 3863 1145 3937; x_wconf 76' lang='lat' dir='ltr'><strong>Eutropius,</strong></span> <span class='ocrx_word' id='word_1_158' title='bbox 1175 3876 1262 3933; x_wconf 86' lang='lat' dir='ltr'><strong>ep.</strong></span> <span class='ocrx_word' id='word_1_159' title='bbox 1294 3860 1634 3917; x_wconf 82' lang='lat' dir='ltr'><strong>Valentinus.</strong></span> 
     </span>
    </p>
   </div>
   <div class='ocr_carea' id='block_1_40' title="bbox 478 3994 2065 4072">
    <p class='ocr_par' dir='ltr' id='par_1_40' title="bbox 478 3994 2065 4072">
     <span class='ocr_line' id='line_1_40' title="bbox 478 3994 2065 4072; baseline 0.001 -21"><span class='ocrx_word' id='word_1_160' title='bbox 478 3997 720 4072; x_wconf 74' lang='lat' dir='ltr'><strong>pleraque</strong></span> <span class='ocrx_word' id='word_1_161' title='bbox 742 4005 964 4072; x_wconf 55' lang='lat' dir='ltr'><strong>veterum</strong></span> <span class='ocrx_word' id='word_1_162' title='bbox 993 3998 1186 4067; x_wconf 81' lang='lat' dir='ltr'><strong>scripta</strong></span> <span class='ocrx_word' id='word_1_163' title='bbox 1209 3998 1643 4072; x_wconf 75' lang='lat' dir='ltr'><strong>perstringuntur.</strong></span> <span class='ocrx_word' id='word_1_164' title='bbox 1667 3995 1829 4051; x_wconf 84' lang='lat' dir='ltr'><strong>Notas</strong></span> <span class='ocrx_word' id='word_1_165' title='bbox 1844 3994 2065 4072; x_wconf 73' lang='lat' dir='ltr'><strong>Joannis</strong></span> 
     </span>
    </p>
   </div>
   <div class='ocr_carea' id='block_1_41' title="bbox 482 4064 2063 4139">
    <p class='ocr_par' dir='ltr' id='par_1_41' title="bbox 482 4064 2063 4139">
     <span class='ocr_line' id='line_1_41' title="bbox 482 4064 2063 4139; baseline 0 -16"><span class='ocrx_word' id='word_1_166' title='bbox 482 4064 734 4138; x_wconf 73' lang='lat' dir='ltr'><strong>Baptista:</strong></span> <span class='ocrx_word' id='word_1_167' title='bbox 765 4068 954 4133; x_wconf 85' lang='lat' dir='ltr'><strong>Perez,</strong></span> <span class='ocrx_word' id='word_1_168' title='bbox 1008 4064 1264 4135; x_wconf 76' lang='lat' dir='ltr'><strong>expresso</strong></span> <span class='ocrx_word' id='word_1_169' title='bbox 1320 4064 1452 4139; x_wconf 69' lang='lat' dir='ltr'><strong>ejns&#39;</strong></span> <span class='ocrx_word' id='word_1_170' title='bbox 1485 4070 1702 4126; x_wconf 79' lang='lat' dir='ltr'><strong>nomine</strong></span> <span class='ocrx_word' id='word_1_171' title='bbox 1724 4108 1741 4133; x_wconf 90' lang='lat'><strong>,</strong></span> <span class='ocrx_word' id='word_1_172' title='bbox 1772 4064 2063 4139; x_wconf 73' lang='lat' dir='ltr'><strong>proferam.</strong></span> 
     </span>
    </p>
   </div>
   <div class='ocr_carea' id='block_1_42' title="bbox 482 4138 2066 4210">
    <p class='ocr_par' dir='ltr' id='par_1_42' title="bbox 482 4138 2066 4210">
     <span class='ocr_line' id='line_1_42' title="bbox 482 4138 2066 4210; baseline -0.002 -16"><span class='ocrx_word' id='word_1_173' title='bbox 482 4139 725 4210; x_wconf 86' lang='lat' dir='ltr'><strong>Aliarum</strong></span> <span class='ocrx_word' id='word_1_174' title='bbox 754 4149 999 4193; x_wconf 86' lang='lat' dir='ltr'><strong>notarunt</strong></span> <span class='ocrx_word' id='word_1_175' title='bbox 1028 4153 1292 4210; x_wconf 83' lang='lat' dir='ltr'><strong>summam</strong></span> <span class='ocrx_word' id='word_1_176' title='bbox 1322 4138 1571 4210; x_wconf 77' lang='lat' dir='ltr'><strong>colligam</strong></span> <span class='ocrx_word' id='word_1_177' title='bbox 1590 4184 1604 4205; x_wconf 87' lang='lat'><strong>,</strong></span> <span class='ocrx_word' id='word_1_178' title='bbox 1638 4138 1869 4193; x_wconf 74' lang='lat' dir='ltr'><strong>laudatis</strong></span> <span class='ocrx_word' id='word_1_179' title='bbox 1895 4138 2066 4191; x_wconf 79' lang='lat' dir='ltr'><strong>norni-</strong></span> 
     </span>
    </p>
   </div>
   <div class='ocr_carea' id='block_1_43' title="bbox 485 4209 2060 4279">
    <p class='ocr_par' dir='ltr' id='par_1_43' title="bbox 485 4209 2060 4279">
     <span class='ocr_line' id='line_1_43' title="bbox 485 4209 2060 4279; baseline -0.001 -16"><span class='ocrx_word' id='word_1_180' title='bbox 485 4209 640 4264; x_wconf 90' lang='lat' dir='ltr'><strong>nibus</strong></span> <span class='ocrx_word' id='word_1_181' title='bbox 666 4218 945 4265; x_wconf 89' lang='lat' dir='ltr'><strong>auctorum</strong></span> <span class='ocrx_word' id='word_1_182' title='bbox 973 4253 987 4277; x_wconf 93' lang='lat'><strong>,</strong></span> <span class='ocrx_word' id='word_1_183' title='bbox 1027 4209 1214 4275; x_wconf 64' lang='lat' dir='ltr'><strong>Mirasi,</strong></span> <span class='ocrx_word' id='word_1_184' title='bbox 1241 4209 1481 4275; x_wconf 63' lang='lat' dir='ltr'><strong>SCIIOIII,</strong></span> <span class='ocrx_word' id='word_1_185' title='bbox 1516 4210 1764 4273; x_wconf 82' lang='lat' dir='ltr'><strong>Fabricii,</strong></span> <span class='ocrx_word' id='word_1_186' title='bbox 1799 4210 2060 4279; x_wconf 85' lang='lat' dir='ltr'><strong>Aguirrii,</strong></span> 
     </span>
    </p>
   </div>
   <div class='ocr_carea' id='block_1_44' title="bbox 486 4280 2070 4349">
    <p class='ocr_par' dir='ltr' id='par_1_44' title="bbox 486 4280 2070 4349">
     <span class='ocr_line' id='line_1_44' title="bbox 486 4280 2070 4349; baseline -0.001 -13"><span class='ocrx_word' id='word_1_187' title='bbox 486 4280 740 4349; x_wconf 84' lang='lat' dir='ltr'><strong>Florezii,</strong></span> <span class='ocrx_word' id='word_1_188' title='bbox 794 4281 1027 4337; x_wconf 80' lang='lat' dir='ltr'><strong>Editoris</strong></span> <span class='ocrx_word' id='word_1_189' title='bbox 1054 4296 1275 4349; x_wconf 85' lang='lat' dir='ltr'><strong>operum</strong></span> <span class='ocrx_word' id='word_1_190' title='bbox 1308 4282 1523 4335; x_wconf 76' lang='lat' dir='ltr'><strong>Patrum</strong></span> <span class='ocrx_word' id='word_1_191' title='bbox 1555 4280 1967 4349; x_wconf 84' lang='lat' dir='ltr'><strong>Toletanorum,</strong></span> <span class='ocrx_word' id='word_1_192' title='bbox 2013 4290 2070 4336; x_wconf 90' lang='lat' dir='ltr'><strong>et</strong></span> 
     </span>
    </p>
   </div>
   <div class='ocr_carea' id='block_1_45' title="bbox 487 4352 2062 4420">
    <p class='ocr_par' dir='ltr' id='par_1_45' title="bbox 487 4352 2062 4420">
     <span class='ocr_line' id='line_1_45' title="bbox 487 4352 2062 4420; baseline 0 -13"><span class='ocrx_word' id='word_1_193' title='bbox 487 4353 784 4417; x_wconf 65' lang='lat' dir='ltr'><strong>Zaccarias;</strong></span> <span class='ocrx_word' id='word_1_194' title='bbox 812 4353 899 4420; x_wconf 88' lang='lat' dir='ltr'><strong>qui</strong></span> <span class='ocrx_word' id='word_1_195' title='bbox 930 4364 1249 4418; x_wconf 77' lang='lat' dir='ltr'><strong>posuemus,</strong></span> <span class='ocrx_word' id='word_1_196' title='bbox 1276 4355 1407 4407; x_wconf 86' lang='lat' dir='ltr'><strong>utin</strong></span> <span class='ocrx_word' id='word_1_197' title='bbox 1438 4352 1741 4407; x_wconf 90' lang='lat' dir='ltr'><strong>lsidorianis</strong></span> <span class='ocrx_word' id='word_1_198' title='bbox 1763 4353 2062 4419; x_wconf 81' lang='lat' dir='ltr'><strong>observavi,</strong></span> 
     </span>
    </p>
   </div>
   <div class='ocr_carea' id='block_1_46' title="bbox 487 4423 2066 4493">
    <p class='ocr_par' dir='ltr' id='par_1_46' title="bbox 487 4423 2066 4493">
     <span class='ocr_line' id='line_1_46' title="bbox 487 4423 2066 4493; baseline 0 -15"><span class='ocrx_word' id='word_1_199' title='bbox 487 4424 633 4478; x_wconf 88' lang='lat' dir='ltr'><strong>hunc</strong></span> <span class='ocrx_word' id='word_1_200' title='bbox 672 4424 843 4478; x_wconf 90' lang='lat' dir='ltr'><strong>solum</strong></span> <span class='ocrx_word' id='word_1_201' title='bbox 870 4423 1067 4478; x_wconf 77' lang='lat' dir='ltr'><strong>librum</strong></span> <span class='ocrx_word' id='word_1_202' title='bbox 1093 4438 1161 4481; x_wconf 86' lang='lat' dir='ltr'><strong>ex</strong></span> <span class='ocrx_word' id='word_1_203' title='bbox 1191 4424 1439 4480; x_wconf 78' lang='lat' dir='ltr'><strong>omnibus</strong></span> <span class='ocrx_word' id='word_1_204' title='bbox 1471 4424 1657 4480; x_wconf 78' lang='lat' dir='ltr'><strong>Isidori</strong></span> <span class='ocrx_word' id='word_1_205' title='bbox 1683 4425 1936 4493; x_wconf 78' lang='lat' dir='ltr'><strong>operibus</strong></span> <span class='ocrx_word' id='word_1_206' title='bbox 1963 4440 2066 4482; x_wconf 82' lang='lat' dir='ltr'><strong>no-</strong></span> 
     </span>
    </p>
   </div>
   <div class='ocr_carea' id='block_1_47' title="bbox 488 4494 1187 4557">
    <p class='ocr_par' dir='ltr' id='par_1_47' title="bbox 488 4494 1187 4557">
     <span class='ocr_line' id='line_1_47' title="bbox 488 4494 1187 4557; baseline 0 -8"><span class='ocrx_word' id='word_1_207' title='bbox 488 4496 779 4550; x_wconf 82' lang='lat' dir='ltr'><strong>tationibus</strong></span> <span class='ocrx_word' id='word_1_208' title='bbox 809 4494 1187 4557; x_wconf 76' lang='lat' dir='ltr'><strong>illustraverat,</strong></span> 
     </span>
    </p>
   </div>
   <div class='ocr_carea' id='block_1_48' title="bbox 488 4564 2066 4633">
    <p class='ocr_par' dir='ltr' id='par_1_48' title="bbox 488 4564 2066 4633">
     <span class='ocr_line' id='line_1_48' title="bbox 488 4564 2066 4633; baseline -0.001 -11"><span class='ocrx_word' id='word_1_209' title='bbox 488 4568 647 4622; x_wconf 88' lang='lat' dir='ltr'><strong>ticam</strong></span> <span class='ocrx_word' id='word_1_210' title='bbox 688 4564 951 4629; x_wconf 87' lang='lat' dir='ltr'><strong>Fabricii,</strong></span> <span class='ocrx_word' id='word_1_211' title='bbox 992 4564 1047 4617; x_wconf 89' lang='lat' dir='ltr'><strong>in</strong></span> <span class='ocrx_word' id='word_1_212' title='bbox 1076 4580 1174 4633; x_wconf 75' lang='lat' dir='ltr'><strong>qua</strong></span> <span class='ocrx_word' id='word_1_213' title='bbox 1207 4564 1343 4618; x_wconf 87' lang='lat' dir='ltr'><strong>liber</strong></span> <span class='ocrx_word' id='word_1_214' title='bbox 1377 4564 1462 4619; x_wconf 86' lang='lat' dir='ltr'><strong>hic</strong></span> <span class='ocrx_word' id='word_1_215' title='bbox 1503 4565 1693 4619; x_wconf 89' lang='lat' dir='ltr'><strong>lsidori</strong></span> <span class='ocrx_word' id='word_1_216' title='bbox 1740 4567 2066 4632; x_wconf 81' lang='lat' dir='ltr'><strong>continetur,</strong></span> 
     </span>
    </p>
   </div>
   <div class='ocr_carea' id='block_1_49' title="bbox 489 4634 2068 4704">
    <p class='ocr_par' dir='ltr' id='par_1_49' title="bbox 489 4634 2068 4704">
     <span class='ocr_line' id='line_1_49' title="bbox 489 4634 2068 4704; baseline -0.001 -10"><span class='ocrx_word' id='word_1_217' title='bbox 489 4638 750 4694; x_wconf 88' lang='lat' dir='ltr'><strong>excudere</strong></span> <span class='ocrx_word' id='word_1_218' title='bbox 771 4634 1078 4699; x_wconf 80' lang='lat' dir='ltr'><strong>festinabat,</strong></span> <span class='ocrx_word' id='word_1_219' title='bbox 1104 4636 1347 4703; x_wconf 88' lang='lat' dir='ltr'><strong>quamvis</strong></span> <span class='ocrx_word' id='word_1_220' title='bbox 1372 4651 1438 4689; x_wconf 88' lang='lat' dir='ltr'><strong>ne</strong></span> <span class='ocrx_word' id='word_1_221' title='bbox 1460 4635 1510 4689; x_wconf 93' lang='lat' dir='ltr'><strong>id</strong></span> <span class='ocrx_word' id='word_1_222' title='bbox 1530 4636 1743 4704; x_wconf 87' lang='lat' dir='ltr'><strong>quidem</strong></span> <span class='ocrx_word' id='word_1_223' title='bbox 1766 4636 2068 4703; x_wconf 76' lang='lat' dir='ltr'><strong>perfecerit.</strong></span> 
     </span>
    </p>
   </div>
   <div class='ocr_carea' id='block_1_50' title="bbox 490 4705 2069 4776">
    <p class='ocr_par' dir='ltr' id='par_1_50' title="bbox 490 4705 2069 4776">
     <span class='ocr_line' id='line_1_50' title="bbox 490 4705 2069 4776; baseline -0.001 -12"><span class='ocrx_word' id='word_1_224' title='bbox 490 4708 547 4764; x_wconf 89' lang='lat' dir='ltr'><strong>In</strong></span> <span class='ocrx_word' id='word_1_225' title='bbox 580 4708 753 4763; x_wconf 90' lang='lat' dir='ltr'><strong>indice</strong></span> <span class='ocrx_word' id='word_1_226' title='bbox 782 4708 1015 4761; x_wconf 86' lang='lat' dir='ltr'><strong>virorum</strong></span> <span class='ocrx_word' id='word_1_227' title='bbox 1052 4705 1341 4776; x_wconf 85' lang='lat' dir='ltr'><strong>illustrium</strong></span> <span class='ocrx_word' id='word_1_228' title='bbox 1369 4721 1524 4774; x_wconf 82' lang='lat' dir='ltr'><strong>quem</strong></span> <span class='ocrx_word' id='word_1_229' title='bbox 1556 4707 1810 4761; x_wconf 84' lang='lat' dir='ltr'><strong>Perezius</strong></span> <span class='ocrx_word' id='word_1_230' title='bbox 1851 4712 2069 4776; x_wconf 70' lang='lat' dir='ltr'><strong>praemi-</strong></span> 
     </span>
    </p>
   </div>
   <div class='ocr_carea' id='block_1_51' title="bbox 489 4775 2069 4848">
    <p class='ocr_par' dir='ltr' id='par_1_51' title="bbox 489 4775 2069 4848">
     <span class='ocr_line' id='line_1_51' title="bbox 489 4775 2069 4848; baseline 0.001 -15"><span class='ocrx_word' id='word_1_231' title='bbox 489 4779 577 4844; x_wconf 87' lang='lat' dir='ltr'><strong>sit,</strong></span> <span class='ocrx_word' id='word_1_232' title='bbox 606 4794 752 4832; x_wconf 92' lang='lat' dir='ltr'><strong>num.</strong></span> <span class='ocrx_word' id='word_1_233' title='bbox 785 4778 873 4845; x_wconf 85' lang='lat' dir='ltr'><strong>I7,</strong></span> <span class='ocrx_word' id='word_1_234' title='bbox 900 4778 1183 4831; x_wconf 87' lang='lat' dir='ltr'><strong>notabatur</strong></span> <span class='ocrx_word' id='word_1_235' title='bbox 1216 4793 1227 4829; x_wconf 90' lang='lat'><strong>:</strong></span> <span class='ocrx_word' id='word_1_236' title='bbox 1281 4775 1535 4848; x_wconf 55' lang='lat' dir='ltr'><strong>Paulinus</strong></span> <span class='ocrx_word' id='word_1_237' title='bbox 1566 4775 2069 4848; x_wconf 76' lang='lat' dir='ltr'><strong>prccsbyterMedio-</strong></span> 
     </span>
    </p>
   </div>
   <div class='ocr_carea' id='block_1_52' title="bbox 490 4846 2067 4919">
    <p class='ocr_par' dir='ltr' id='par_1_52' title="bbox 490 4846 2067 4919">
     <span class='ocr_line' id='line_1_52' title="bbox 490 4846 2067 4919; baseline 0 -16"><span class='ocrx_word' id='word_1_238' title='bbox 490 4850 712 4904; x_wconf 81' lang='lat' dir='ltr'><strong>lanensis</strong></span> <span class='ocrx_word' id='word_1_239' title='bbox 733 4890 746 4913; x_wconf 94' lang='lat'><strong>,</strong></span> <span class='ocrx_word' id='word_1_240' title='bbox 786 4860 959 4919; x_wconf 73' lang='lat' dir='ltr'><strong>postea</strong></span> <span class='ocrx_word' id='word_1_241' title='bbox 1004 4850 1268 4919; x_wconf 75' lang='lat' dir='ltr'><strong>episc0pus</strong></span> <span class='ocrx_word' id='word_1_242' title='bbox 1308 4846 1573 4903; x_wconf 78' lang='lat' dir='ltr'><strong>Nolanus.</strong></span> <span class='ocrx_word' id='word_1_243' title='bbox 1602 4848 1713 4903; x_wconf 89' lang='lat' dir='ltr'><strong>IIoc</strong></span> <span class='ocrx_word' id='word_1_244' title='bbox 1734 4846 2067 4918; x_wconf 82' lang='lat' dir='ltr'><strong>postremum</strong></span> 
     </span>
    </p>
   </div>
   <div class='ocr_carea' id='block_1_53' title="bbox 490 4918 2071 4989">
    <p class='ocr_par' dir='ltr' id='par_1_53' title="bbox 490 4918 2071 4989">
     <span class='ocr_line' id='line_1_53' title="bbox 490 4918 2071 4989; baseline 0.003 -15"><span class='ocrx_word' id='word_1_245' title='bbox 490 4919 827 4988; x_wconf 64' lang='lat' dir='ltr'><strong>praetermisi.</strong></span> <span class='ocrx_word' id='word_1_246' title='bbox 879 4918 1073 4974; x_wconf 79' lang='lat' dir='ltr'><strong>Confer</strong></span> <span class='ocrx_word' id='word_1_247' title='bbox 1124 4930 1302 4973; x_wconf 88' lang='lat' dir='ltr'><strong>notam</strong></span> <span class='ocrx_word' id='word_1_248' title='bbox 1353 4919 1418 4972; x_wconf 88' lang='lat' dir='ltr'><strong>ad</strong></span> <span class='ocrx_word' id='word_1_249' title='bbox 1471 4934 1590 4989; x_wconf 90' lang='lat' dir='ltr'><strong>cap.</strong></span> <span class='ocrx_word' id='word_1_250' title='bbox 1648 4921 1737 4986; x_wconf 86' lang='grc'><strong>17,</strong></span> <span class='ocrx_word' id='word_1_251' title='bbox 1780 4936 1929 4975; x_wconf 90' lang='lat' dir='ltr'><strong>num.</strong></span> <span class='ocrx_word' id='word_1_252' title='bbox 1976 4919 2071 4978; x_wconf 74' lang='lat'><strong>2|.</strong></span> 
     </span>
    </p>
   </div>
   <div class='ocr_carea' id='block_1_54' title="bbox 491 4990 2071 5061">
    <p class='ocr_par' dir='ltr' id='par_1_54' title="bbox 491 4990 2071 5061">
     <span class='ocr_line' id='line_1_54' title="bbox 491 4990 2071 5061; baseline 0.001 -16"><span class='ocrx_word' id='word_1_253' title='bbox 491 4991 641 5059; x_wconf 85' lang='lat' dir='ltr'><strong>Quod</strong></span> <span class='ocrx_word' id='word_1_254' title='bbox 671 4990 902 5061; x_wconf 81' lang='lat' dir='ltr'><strong>Isidorus</strong></span> <span class='ocrx_word' id='word_1_255' title='bbox 928 4992 1039 5061; x_wconf 86' lang='lat' dir='ltr'><strong>ait,</strong></span> <span class='ocrx_word' id='word_1_256' title='bbox 1072 4991 1300 5057; x_wconf 81' lang='lat' dir='ltr'><strong>quamvis</strong></span> <span class='ocrx_word' id='word_1_257' title='bbox 1342 4992 1577 5061; x_wconf 82' lang='lat' dir='ltr'><strong>superius</strong></span> <span class='ocrx_word' id='word_1_258' title='bbox 1599 5031 1613 5056; x_wconf 92' lang='lat'><strong>,</strong></span> <span class='ocrx_word' id='word_1_259' title='bbox 1646 5002 1791 5047; x_wconf 86' lang='lat' dir='ltr'><strong>recte</strong></span> <span class='ocrx_word' id='word_1_260' title='bbox 1820 4991 2071 5047; x_wconf 83' lang='lat' dir='ltr'><strong>Perezins</strong></span> 
     </span>
    </p>
   </div>
   <div class='ocr_carea' id='block_1_55' title="bbox 491 5060 2071 5133">
    <p class='ocr_par' dir='ltr' id='par_1_55' title="bbox 491 5060 2071 5133">
     <span class='ocr_line' id='line_1_55' title="bbox 491 5060 2071 5133; baseline 0 -16"><span class='ocrx_word' id='word_1_261' title='bbox 491 5061 742 5133; x_wconf 79' lang='lat' dir='ltr'><strong>explicuit</strong></span> <span class='ocrx_word' id='word_1_262' title='bbox 767 5060 838 5133; x_wconf 84' lang='lat' dir='ltr'><strong>de</strong></span> <span class='ocrx_word' id='word_1_263' title='bbox 864 5060 1013 5133; x_wconf 86' lang='lat' dir='ltr'><strong>libris</strong></span> <span class='ocrx_word' id='word_1_264' title='bbox 1039 5062 1278 5132; x_wconf 78' lang='lat' dir='ltr'><strong>ejusdem</strong></span> <span class='ocrx_word' id='word_1_265' title='bbox 1307 5060 1608 5130; x_wconf 81' lang='lat' dir='ltr'><strong>argumenti</strong></span> <span class='ocrx_word' id='word_1_266' title='bbox 1664 5079 1695 5117; x_wconf 88' lang='lat' dir='ltr'><strong>a</strong></span> <span class='ocrx_word' id='word_1_267' title='bbox 1734 5062 2071 5133; x_wconf 78' lang='lat' dir='ltr'><strong>Hieronymo</strong></span> 
     </span>
    </p>
   </div>
   <div class='ocr_carea' id='block_1_56' title="bbox 492 5132 2070 5203">
    <p class='ocr_par' dir='ltr' id='par_1_56' title="bbox 492 5132 2070 5203">
     <span class='ocr_line' id='line_1_56' title="bbox 492 5132 2070 5203; baseline 0.001 -16"><span class='ocrx_word' id='word_1_268' title='bbox 492 5132 860 5188; x_wconf 37' lang='lat' dir='ltr'><strong>et’Gennadio</strong></span> <span class='ocrx_word' id='word_1_269' title='bbox 911 5132 1245 5202; x_wconf 84' lang='lat' dir='ltr'><strong>conscriptis.</strong></span> <span class='ocrx_word' id='word_1_270' title='bbox 1300 5133 1651 5188; x_wconf 79' lang='lat' dir='ltr'><strong>Nihilominus</strong></span> <span class='ocrx_word' id='word_1_271' title='bbox 1701 5132 2070 5203; x_wconf 34' lang='lat' dir='ltr'><strong>Miraeus,’qui</strong></span> 
     </span>
    </p>
   </div>
   <div class='ocr_carea' id='block_1_57' title="bbox 492 5203 2073 5274">
    <p class='ocr_par' dir='ltr' id='par_1_57' title="bbox 492 5203 2073 5274">
     <span class='ocr_line' id='line_1_57' title="bbox 492 5203 2073 5274; baseline -0.001 -15"><span class='ocrx_word' id='word_1_272' title='bbox 492 5203 632 5260; x_wconf 89' lang='lat' dir='ltr'><strong>hanc</strong></span> <span class='ocrx_word' id='word_1_273' title='bbox 667 5203 1122 5274; x_wconf 65' lang='lat' dir='ltr'><strong>praelatiuncnlam</strong></span> <span class='ocrx_word' id='word_1_274' title='bbox 1146 5204 1425 5273; x_wconf 81' lang='lat' dir='ltr'><strong>appendici</strong></span> <span class='ocrx_word' id='word_1_275' title='bbox 1448 5205 1514 5260; x_wconf 88' lang='lat' dir='ltr'><strong>de</strong></span> <span class='ocrx_word' id='word_1_276' title='bbox 1534 5205 1815 5259; x_wconf 80' lang='lat' dir='ltr'><strong>duodecim</strong></span> <span class='ocrx_word' id='word_1_277' title='bbox 1844 5204 2073 5272; x_wconf 80' lang='lat' dir='ltr'><strong>scripto-</strong></span> 
     </span>
    </p>
   </div>
   <div class='ocr_carea' id='block_1_58' title="bbox 491 5274 2070 5344">
    <p class='ocr_par' dir='ltr' id='par_1_58' title="bbox 491 5274 2070 5344">
     <span class='ocr_line' id='line_1_58' title="bbox 491 5274 2070 5344; baseline 0.001 -14"><span class='ocrx_word' id='word_1_278' title='bbox 491 5276 638 5330; x_wconf 88' lang='lat' dir='ltr'><strong>ribus</strong></span> <span class='ocrx_word' id='word_1_279' title='bbox 667 5275 1043 5331; x_wconf 80' lang='lat' dir='ltr'><strong>ecclesiasncis</strong></span> <span class='ocrx_word' id='word_1_280' title='bbox 1072 5275 1345 5344; x_wconf 81' lang='lat' dir='ltr'><strong>praetixam</strong></span> <span class='ocrx_word' id='word_1_281' title='bbox 1370 5276 1599 5340; x_wconf 85' lang='lat' dir='ltr'><strong>videbat,</strong></span> <span class='ocrx_word' id='word_1_282' title='bbox 1636 5277 1753 5329; x_wconf 76' lang='lat' dir='ltr'><strong>tunc</strong></span> <span class='ocrx_word' id='word_1_283' title='bbox 1787 5274 2070 5333; x_wconf 83' lang='lat' dir='ltr'><strong>duodecim</strong></span> 
     </span>
    </p>
   </div>
   <div class='ocr_carea' id='block_1_59' title="bbox 492 5345 2071 5415">
    <p class='ocr_par' dir='ltr' id='par_1_59' title="bbox 492 5345 2071 5415">
     <span class='ocr_line' id='line_1_59' title="bbox 492 5345 2071 5415; baseline 0.001 -15"><span class='ocrx_word' id='word_1_284' title='bbox 492 5347 667 5411; x_wconf 88' lang='lat' dir='ltr'><strong>capita</strong></span> <span class='ocrx_word' id='word_1_285' title='bbox 720 5362 824 5401; x_wconf 91' lang='lat' dir='ltr'><strong>non</strong></span> <span class='ocrx_word' id='word_1_286' title='bbox 871 5361 995 5403; x_wconf 84' lang='lat' dir='ltr'><strong>esse</strong></span> <span class='ocrx_word' id='word_1_287' title='bbox 1028 5347 1217 5403; x_wconf 83' lang='lat' dir='ltr'><strong>Isidori</strong></span> <span class='ocrx_word' id='word_1_288' title='bbox 1258 5362 1322 5402; x_wconf 88' lang='lat' dir='ltr'><strong>ex</strong></span> <span class='ocrx_word' id='word_1_289' title='bbox 1350 5362 1412 5403; x_wconf 86' lang='lat' dir='ltr'><strong>ea</strong></span> <span class='ocrx_word' id='word_1_290' title='bbox 1468 5345 1767 5415; x_wconf 72' lang='lat' dir='ltr'><strong>colligebat.</strong></span> <span class='ocrx_word' id='word_1_291' title='bbox 1802 5345 2071 5401; x_wconf 74' lang='lat' dir='ltr'><strong>Zaccnrim</strong></span> 
     </span>
    </p>
   </div>
   <div class='ocr_carea' id='block_1_60' title="bbox 493 5417 2074 5489">
    <p class='ocr_par' dir='ltr' id='par_1_60' title="bbox 493 5417 2074 5489">
     <span class='ocr_line' id='line_1_60' title="bbox 493 5417 2074 5489; baseline -0.004 -14"><span class='ocrx_word' id='word_1_292' title='bbox 493 5418 655 5489; x_wconf 61' lang='lat' dir='ltr'><strong>etiam</strong></span> <span class='ocrx_word' id='word_1_293' title='bbox 686 5418 991 5489; x_wconf 9' lang='lat' dir='ltr'><strong>rnonnnttus</strong></span> <span class='ocrx_word' id='word_1_294' title='bbox 1037 5420 1323 5489; x_wconf 74' lang='lat' dir='ltr'><strong>scrupqu</strong></span> <span class='ocrx_word' id='word_1_295' title='bbox 1376 5419 1640 5489; x_wconf 76' lang='lat' dir='ltr'><strong>restabat,</strong></span> <span class='ocrx_word' id='word_1_296' title='bbox 1687 5418 1817 5489; x_wconf 70' lang='lat' dir='ltr'><strong>quia</strong></span> <span class='ocrx_word' id='word_1_297' title='bbox 1864 5417 2074 5475; x_wconf 76' lang='lat' dir='ltr'><strong>scilicet</strong></span> 
     </span>
    </p>
   </div>
   <div class='ocr_carea' id='block_1_61' title="bbox 494 5487 2068 5560">
    <p class='ocr_par' dir='ltr' id='par_1_61' title="bbox 494 5487 2068 5560">
     <span class='ocr_line' id='line_1_61' title="bbox 494 5487 2068 5560; baseline 0.001 -19"><span class='ocrx_word' id='word_1_298' title='bbox 494 5487 764 5560; x_wconf 79' lang='lat' dir='ltr'><strong>Honorius</strong></span> <span class='ocrx_word' id='word_1_299' title='bbox 827 5487 1321 5560; x_wconf 76' lang='lat' dir='ltr'><strong>Angustodunensis</strong></span> <span class='ocrx_word' id='word_1_300' title='bbox 1381 5488 1653 5558; x_wconf 76' lang='lat' dir='ltr'><strong>exemplar</strong></span> <span class='ocrx_word' id='word_1_301' title='bbox 1720 5487 2068 5560; x_wconf 68' lang='lat' dir='ltr'><strong>Isidorianum</strong></span> 
     </span>
    </p>
   </div>
   <div class='ocr_carea' id='block_1_62' title="bbox 497 5557 2071 5627">
    <p class='ocr_par' dir='ltr' id='par_1_62' title="bbox 497 5557 2071 5627">
     <span class='ocr_line' id='line_1_62' title="bbox 497 5557 2071 5627; baseline 0.003 -14"><span class='ocrx_word' id='word_1_302' title='bbox 497 5569 685 5614; x_wconf 89' lang='lat' dir='ltr'><strong>nactus</strong></span> <span class='ocrx_word' id='word_1_303' title='bbox 710 5557 1083 5627; x_wconf 48' lang='lat' dir='ltr'><strong>fueratfcujus</strong></span> <span class='ocrx_word' id='word_1_304' title='bbox 1112 5562 1318 5616; x_wconf 89' lang='lat' dir='ltr'><strong>initium</strong></span> <span class='ocrx_word' id='word_1_305' title='bbox 1342 5562 1570 5615; x_wconf 80' lang='lat' dir='ltr'><strong>essetab</strong></span> <span class='ocrx_word' id='word_1_306' title='bbox 1595 5560 1742 5613; x_wconf 84' lang='lat' dir='ltr'><strong>Osio.</strong></span> <span class='ocrx_word' id='word_1_307' title='bbox 1780 5557 1975 5614; x_wconf 86' lang='lat' dir='ltr'><strong>Verum</strong></span> <span class='ocrx_word' id='word_1_308' title='bbox 2002 5561 2071 5617; x_wconf 84' lang='lat' dir='ltr'><strong>de</strong></span> 
     </span>
    </p>
   </div>
   <div class='ocr_carea' id='block_1_63' title="bbox 500 5630 2067 5701">
    <p class='ocr_par' dir='ltr' id='par_1_63' title="bbox 500 5630 2067 5701">
     <span class='ocr_line' id='line_1_63' title="bbox 500 5630 2067 5701; baseline 0.001 -18"><span class='ocrx_word' id='word_1_309' title='bbox 500 5632 598 5685; x_wconf 87' lang='lat' dir='ltr'><strong>hac</strong></span> <span class='ocrx_word' id='word_1_310' title='bbox 626 5631 935 5685; x_wconf 84' lang='lat' dir='ltr'><strong>diversitate</strong></span> <span class='ocrx_word' id='word_1_311' title='bbox 962 5633 1346 5701; x_wconf 78' lang='lat' dir='ltr'><strong>exemplarium</strong></span> <span class='ocrx_word' id='word_1_312' title='bbox 1379 5632 1489 5684; x_wconf 82' lang='lat' dir='ltr'><strong>dixi</strong></span> <span class='ocrx_word' id='word_1_313' title='bbox 1516 5630 1626 5699; x_wconf 89' lang='lat' dir='ltr'><strong>jam</strong></span> <span class='ocrx_word' id='word_1_314' title='bbox 1659 5631 1710 5685; x_wconf 91' lang='lat' dir='ltr'><strong>in</strong></span> <span class='ocrx_word' id='word_1_315' title='bbox 1740 5630 2067 5697; x_wconf 86' lang='lat' dir='ltr'><strong>Isidorianis,</strong></span> 
     </span>
    </p>
   </div>
   <div class='ocr_carea' id='block_1_64' title="bbox 500 5701 2066 5768">
    <p class='ocr_par' dir='ltr' id='par_1_64' title="bbox 500 5701 2066 5768">
     <span class='ocr_line' id='line_1_64' title="bbox 500 5701 2066 5768; baseline 0.003 -15"><span class='ocrx_word' id='word_1_316' title='bbox 500 5701 605 5754; x_wconf 91' lang='lat' dir='ltr'><strong>loc.</strong></span> <span class='ocrx_word' id='word_1_317' title='bbox 634 5703 726 5757; x_wconf 91' lang='lat' dir='ltr'><strong>cit.</strong></span> <span class='ocrx_word' id='word_1_318' title='bbox 763 5702 872 5758; x_wconf 87' lang='lat' dir='ltr'><strong>Etsi</strong></span> <span class='ocrx_word' id='word_1_319' title='bbox 899 5715 1075 5757; x_wconf 90' lang='lat' dir='ltr'><strong>autem</strong></span> <span class='ocrx_word' id='word_1_320' title='bbox 1106 5704 1337 5758; x_wconf 88' lang='lat' dir='ltr'><strong>Isidorus</strong></span> <span class='ocrx_word' id='word_1_321' title='bbox 1360 5701 1436 5756; x_wconf 86' lang='lat' dir='ltr'><strong>ait</strong></span> <span class='ocrx_word' id='word_1_322' title='bbox 1462 5716 1520 5756; x_wconf 90' lang='lat' dir='ltr'><strong>se</strong></span> <span class='ocrx_word' id='word_1_323' title='bbox 1539 5718 1727 5757; x_wconf 90' lang='lat' dir='ltr'><strong>eorum</strong></span> <span class='ocrx_word' id='word_1_324' title='bbox 1749 5703 2066 5768; x_wconf 88' lang='lat' dir='ltr'><strong>scriptorum</strong></span> 
     </span>
    </p>
   </div>
   <div class='ocr_carea' id='block_1_65' title="bbox 490 5773 2068 5863">
    <p class='ocr_par' dir='ltr' id='par_1_65' title="bbox 490 5773 2068 5863">
     <span class='ocr_line' id='line_1_65' title="bbox 490 5773 2068 5863; baseline 0.004 -37"><span class='ocrx_word' id='word_1_325' title='bbox 490 5775 808 5863; x_wconf 66' lang='lat' dir='ltr'><strong>memoriam</strong></span> <span class='ocrx_word' id='word_1_326' title='bbox 855 5776 1064 5855; x_wconf 79' lang='lat' dir='ltr'><strong>Iacere,</strong></span> <span class='ocrx_word' id='word_1_327' title='bbox 1107 5789 1332 5851; x_wconf 87' lang='lat' dir='ltr'><strong>quorum</strong></span> <span class='ocrx_word' id='word_1_328' title='bbox 1376 5773 1657 5835; x_wconf 77' lang='lat' dir='ltr'><strong>lectionem</strong></span> <span class='ocrx_word' id='word_1_329' title='bbox 1687 5775 1954 5832; x_wconf 85' lang='lat' dir='ltr'><strong>recolebat</strong></span> <span class='ocrx_word' id='word_1_330' title='bbox 2007 5789 2068 5832; x_wconf 90' lang='lat' dir='ltr'><strong>se</strong></span> 
     </span>
    </p>
   </div>
   <div class='ocr_carea' id='block_1_66' title="bbox 1452 222 2635 302">
    <p class='ocr_par' dir='ltr' id='par_1_66' title="bbox 1452 222 2635 302">
     <span class='ocr_line' id='line_1_66' title="bbox 1452 222 2635 302; baseline -0.008 -9"><span class='ocrx_word' id='word_1_331' title='bbox 1452 234 1513 293; x_wconf 80' lang='lat'><strong>8.</strong></span> <span class='ocrx_word' id='word_1_332' title='bbox 1551 228 1799 297; x_wconf 74' lang='lat' dir='ltr'><strong>ISIDOIII</strong></span> <span class='ocrx_word' id='word_1_333' title='bbox 1840 222 2285 289; x_wconf 81' lang='lat' dir='ltr'><strong>IIISPALENSIS</strong></span> <span class='ocrx_word' id='word_1_334' title='bbox 2327 223 2635 302; x_wconf 79' lang='lat' dir='ltr'><strong>EPISCOPI</strong></span> 
     </span>
    </p>
   </div>
   <div class='ocr_carea' id='block_1_67' title="bbox 1257 4480 2151 4553">
    <p class='ocr_par' dir='ltr' id='par_1_67' title="bbox 1257 4480 2151 4553">
     <span class='ocr_line' id='line_1_67' title="bbox 1257 4480 2151 4553; baseline 0.002 -8"><span class='ocrx_word' id='word_1_335' title='bbox 1257 4494 1344 4547; x_wconf 79' lang='lat' dir='ltr'><strong>uia</strong></span> <span class='ocrx_word' id='word_1_336' title='bbox 1377 4480 1753 4551; x_wconf 66' lang='lat' dir='ltr'><strong>bibliothecam</strong></span> <span class='ocrx_word' id='word_1_337' title='bbox 1782 4480 2067 4553; x_wconf 62' lang='lat' dir='ltr'><strong>ocelesias-</strong></span> <span class='ocrx_word' id='word_1_338' title='bbox 2094 4480 2151 4547; x_wconf 75' lang='grc' dir='ltr'><strong>Ι)</strong></span> 
     </span>
    </p>
   </div>
   <div class='ocr_carea' id='block_1_68' title="bbox 3581 224 3721 288">
    <p class='ocr_par' dir='ltr' id='par_1_68' title="bbox 3581 224 3721 288">
     <span class='ocr_line' id='line_1_68' title="bbox 3581 224 3721 288; baseline -0.007 -7"><span class='ocrx_word' id='word_1_339' title='bbox 3581 224 3721 288; x_wconf 71' lang='grc'><strong>1081</strong></span> 
     </span>
    </p>
   </div>
   <div class='ocr_carea' id='block_1_69' title="bbox 2066 326 3381 419">
    <p class='ocr_par' dir='ltr' id='par_1_69' title="bbox 2066 326 3381 419">
     <span class='ocr_line' id='line_1_69' title="bbox 2066 326 3381 419; baseline -0.002 -22"><span class='ocrx_word' id='word_1_340' title='bbox 2066 339 2119 407; x_wconf 69' lang='grc' dir='ltr'><strong>Α</strong></span> <span class='ocrx_word' id='word_1_341' title='bbox 2142 340 2321 397; x_wconf 85' lang='lat' dir='ltr'><strong>XLVI.</strong></span> <span class='ocrx_word' id='word_1_342' title='bbox 2493 342 2775 407; x_wconf 79' lang='lat' dir='ltr'><strong>ltiaximus,</strong></span> <span class='ocrx_word' id='word_1_343' title='bbox 2804 354 2889 410; x_wconf 85' lang='lat' dir='ltr'><strong>ep.</strong></span> <span class='ocrx_word' id='word_1_344' title='bbox 2921 326 3381 419; x_wconf 60' lang='lat' dir='ltr'><strong>Caesaraugustam</strong></span> 
     </span>
    </p>
   </div>
   <div class='ocr_carea' id='block_1_70' title="bbox 2554 430 3098 487">
    <p class='ocr_par' dir='ltr' id='par_1_70' title="bbox 2554 430 3098 487">
     <span class='ocr_line' id='line_1_70' title="bbox 2554 430 3098 487; baseline -0.004 0"><span class='ocrx_word' id='word_1_345' title='bbox 2554 433 2822 487; x_wconf 83' lang='lat' dir='ltr'><strong>Hactenus</strong></span> <span class='ocrx_word' id='word_1_346' title='bbox 2845 430 3098 486; x_wconf 88' lang='lat' dir='ltr'><strong>Isidorus.</strong></span> 
     </span>
    </p>
   </div>
   <div class='ocr_carea' id='block_1_71' title="bbox 2172 524 3404 603">
    <p class='ocr_par' dir='ltr' id='par_1_71' title="bbox 2172 524 3404 603">
     <span class='ocr_line' id='line_1_71' title="bbox 2172 524 3404 603; baseline 0.005 -28"><span class='ocrx_word' id='word_1_347' title='bbox 2172 596 2173 603; x_wconf 10' lang='grc' dir='ltr'>γ</span> <span class='ocrx_word' id='word_1_348' title='bbox 2563 524 2699 579; x_wconf 83' lang='lat' dir='ltr'><strong>Hinc</strong></span> <span class='ocrx_word' id='word_1_349' title='bbox 2723 525 2956 589; x_wconf 87' lang='lat' dir='ltr'><strong>Braulio,</strong></span> <span class='ocrx_word' id='word_1_350' title='bbox 2982 540 3069 596; x_wconf 87' lang='lat' dir='ltr'><strong>ep.</strong></span> <span class='ocrx_word' id='word_1_351' title='bbox 3100 525 3404 603; x_wconf 70' lang='lat' dir='ltr'><strong>Cresaraug.</strong></span> 
     </span>
    </p>
   </div>
   <div class='ocr_carea' id='block_1_72' title="bbox 2139 616 3104 688">
    <p class='ocr_par' dir='ltr' id='par_1_72' title="bbox 2139 616 3104 688">
     <span class='ocr_line' id='line_1_72' title="bbox 2139 616 3104 688; baseline -0.002 -14"><span class='ocrx_word' id='word_1_352' title='bbox 2139 616 2345 675; x_wconf 85' lang='lat' dir='ltr'><strong>XLVII.</strong></span> <span class='ocrx_word' id='word_1_353' title='bbox 2494 618 2749 683; x_wconf 90' lang='lat' dir='ltr'><strong>Isidorus,</strong></span> <span class='ocrx_word' id='word_1_354' title='bbox 2781 634 2866 688; x_wconf 90' lang='lat' dir='ltr'><strong>ep.</strong></span> <span class='ocrx_word' id='word_1_355' title='bbox 2900 618 3104 687; x_wconf 87' lang='lat' dir='ltr'><strong>Ilispal.</strong></span> 
     </span>
    </p>
   </div>
   <div class='ocr_carea' id='block_1_73' title="bbox 2651 728 3205 787">
    <p class='ocr_par' dir='ltr' id='par_1_73' title="bbox 2651 728 3205 787">
     <span class='ocr_line' id='line_1_73' title="bbox 2651 728 3205 787; baseline 0.002 -2"><span class='ocrx_word' id='word_1_356' title='bbox 2651 728 2878 787; x_wconf 84' lang='lat' dir='ltr'><strong>CAPUT</strong></span> <span class='ocrx_word' id='word_1_357' title='bbox 2917 728 3205 786; x_wconf 74' lang='lat' dir='ltr'><strong>PRIMUM.</strong></span> 
     </span>
    </p>
   </div>
   <div class='ocr_carea' id='block_1_74' title="bbox 2210 822 3731 898">
    <p class='ocr_par' dir='ltr' id='par_1_74' title="bbox 2210 822 3731 898">
     <span class='ocr_line' id='line_1_74' title="bbox 2210 822 3731 898; baseline 0.004 -20"><span class='ocrx_word' id='word_1_358' title='bbox 2210 822 2263 879; x_wconf 71' lang='grc' dir='ltr'><strong>Ξ.</strong></span> <span class='ocrx_word' id='word_1_359' title='bbox 2280 823 2478 895; x_wconf 86' lang='lat' dir='ltr'><strong>Xystus</strong></span> <span class='ocrx_word' id='word_1_360' title='bbox 2495 823 2782 897; x_wconf 82' lang='lat' dir='ltr'><strong>episcOpus</strong></span> <span class='ocrx_word' id='word_1_361' title='bbox 2805 823 3061 880; x_wconf 69' lang='lat' dir='ltr'><strong>Romanas</strong></span> <span class='ocrx_word' id='word_1_362' title='bbox 3079 825 3246 891; x_wconf 86' lang='lat' dir='ltr'><strong>urbis,</strong></span> <span class='ocrx_word' id='word_1_363' title='bbox 3261 832 3314 881; x_wconf 91' lang='lat' dir='ltr'><strong>et</strong></span> <span class='ocrx_word' id='word_1_364' title='bbox 3335 834 3557 898; x_wconf 83' lang='lat' dir='ltr'><strong>martyr,</strong></span> <span class='ocrx_word' id='word_1_365' title='bbox 3580 842 3731 884; x_wconf 81' lang='lat' dir='ltr'><strong>com-</strong></span> 
     </span>
    </p>
   </div>
   <div class='ocr_carea' id='block_1_75' title="bbox 2142 914 3729 987">
    <p class='ocr_par' dir='ltr' id='par_1_75' title="bbox 2142 914 3729 987">
     <span class='ocr_line' id='line_1_75' title="bbox 2142 914 3729 987; baseline 0.004 -17"><span class='ocrx_word' id='word_1_366' title='bbox 2142 916 2319 987; x_wconf 87' lang='lat' dir='ltr'><strong>posuit</strong></span> <span class='ocrx_word' id='word_1_367' title='bbox 2338 916 2401 970; x_wconf 85' lang='lat' dir='ltr'><strong>ad</strong></span> <span class='ocrx_word' id='word_1_368' title='bbox 2432 916 2599 971; x_wconf 90' lang='lat' dir='ltr'><strong>instar</strong></span> <span class='ocrx_word' id='word_1_369' title='bbox 2622 914 2924 973; x_wconf 81' lang='lat' dir='ltr'><strong>Salomonis</strong></span> <span class='ocrx_word' id='word_1_370' title='bbox 2943 916 3133 971; x_wconf 89' lang='lat' dir='ltr'><strong>librum</strong></span> <span class='ocrx_word' id='word_1_371' title='bbox 3156 916 3594 985; x_wconf 79' lang='lat' dir='ltr'><strong>Proverbiorutu,</strong></span> <span class='ocrx_word' id='word_1_372' title='bbox 3620 930 3729 977; x_wconf 86' lang='lat' dir='ltr'><strong>tam</strong></span> 
     </span>
    </p>
   </div>
   <div class='ocr_carea' id='block_1_76' title="bbox 2141 1007 3730 1083">
    <p class='ocr_par' dir='ltr' id='par_1_76' title="bbox 2141 1007 3730 1083">
     <span class='ocr_line' id='line_1_76' title="bbox 2141 1007 3730 1083; baseline 0.003 -19"><span class='ocrx_word' id='word_1_373' title='bbox 2141 1008 2292 1064; x_wconf 86' lang='lat' dir='ltr'><strong>brevi</strong></span> <span class='ocrx_word' id='word_1_374' title='bbox 2323 1008 2566 1080; x_wconf 89' lang='lat' dir='ltr'><strong>eloquio,</strong></span> <span class='ocrx_word' id='word_1_375' title='bbox 2602 1017 2657 1063; x_wconf 91' lang='lat' dir='ltr'><strong>ut</strong></span> <span class='ocrx_word' id='word_1_376' title='bbox 2691 1007 2849 1083; x_wconf 67' lang='grc' dir='ltr'><strong>ιω</strong></span> <span class='ocrx_word' id='word_1_377' title='bbox 2879 1010 2930 1062; x_wconf 93' lang='lat' dir='ltr'><strong>in</strong></span> <span class='ocrx_word' id='word_1_378' title='bbox 2964 1008 3184 1080; x_wconf 80' lang='lat' dir='ltr'><strong>singulis</strong></span> <span class='ocrx_word' id='word_1_379' title='bbox 3205 1010 3485 1066; x_wconf 87' lang='lat' dir='ltr'><strong>versiculis</strong></span> <span class='ocrx_word' id='word_1_380' title='bbox 3505 1012 3730 1083; x_wconf 72' lang='lat' dir='ltr'><strong>singula:</strong></span> 
     </span>
    </p>
   </div>
   <div class='ocr_carea' id='block_1_77' title="bbox 2142 1098 3733 1172">
    <p class='ocr_par' dir='ltr' id='par_1_77' title="bbox 2142 1098 3733 1172">
     <span class='ocr_line' id='line_1_77' title="bbox 2142 1098 3733 1172; baseline 0.003 -16"><span class='ocrx_word' id='word_1_381' title='bbox 2142 1100 2476 1170; x_wconf 76' lang='lat' dir='ltr'><strong>explicentur</strong></span> <span class='ocrx_word' id='word_1_382' title='bbox 2508 1100 2809 1157; x_wconf 63' lang='lat' dir='ltr'><strong>sententias.</strong></span> <span class='ocrx_word' id='word_1_383' title='bbox 2844 1098 2940 1155; x_wconf 89' lang='lat' dir='ltr'><strong>Cui</strong></span> <span class='ocrx_word' id='word_1_384' title='bbox 2967 1100 3182 1172; x_wconf 85' lang='lat' dir='ltr'><strong>quidem</strong></span> <span class='ocrx_word' id='word_1_385' title='bbox 3207 1104 3463 1170; x_wconf 84' lang='lat' dir='ltr'><strong>opusculo</strong></span> <span class='ocrx_word' id='word_1_386' title='bbox 3494 1104 3733 1160; x_wconf 65' lang='lat' dir='ltr'><strong>haeretici</strong></span> 
     </span>
    </p>
   </div>
   <div class='ocr_carea' id='block_1_78' title="bbox 2142 1188 3727 1264">
    <p class='ocr_par' dir='ltr' id='par_1_78' title="bbox 2142 1188 3727 1264">
     <span class='ocr_line' id='line_1_78' title="bbox 2142 1188 3727 1264; baseline 0.002 -19"><span class='ocrx_word' id='word_1_387' title='bbox 2142 1191 2385 1264; x_wconf 66' lang='lat' dir='ltr'><strong>quaedam</strong></span> <span class='ocrx_word' id='word_1_388' title='bbox 2443 1200 2626 1249; x_wconf 90' lang='lat' dir='ltr'><strong>contra</strong></span> <span class='ocrx_word' id='word_1_389' title='bbox 2675 1190 3090 1245; x_wconf 81' lang='lat' dir='ltr'><strong>ecclesiasticam</strong></span> <span class='ocrx_word' id='word_1_390' title='bbox 3135 1188 3295 1246; x_wconf 75' lang='lat' dir='ltr'><strong>ﬁdem</strong></span> <span class='ocrx_word' id='word_1_391' title='bbox 3346 1191 3727 1263; x_wconf 83' lang='lat' dir='ltr'><strong>inseruerunt,</strong></span> 
     </span>
    </p>
   </div>
   <div class='ocr_carea' id='block_1_79' title="bbox 2145 1284 3731 1360">
    <p class='ocr_par' dir='ltr' id='par_1_79' title="bbox 2145 1284 3731 1360">
     <span class='ocr_line' id='line_1_79' title="bbox 2145 1284 3731 1360; baseline 0.005 -21"><span class='ocrx_word' id='word_1_392' title='bbox 2145 1302 2249 1357; x_wconf 91' lang='lat' dir='ltr'><strong>quo</strong></span> <span class='ocrx_word' id='word_1_393' title='bbox 2270 1285 2498 1349; x_wconf 79' lang='lat' dir='ltr'><strong>facilius,</strong></span> <span class='ocrx_word' id='word_1_394' title='bbox 2516 1284 2615 1341; x_wconf 91' lang='lat' dir='ltr'><strong>sub</strong></span> <span class='ocrx_word' id='word_1_395' title='bbox 2646 1284 2857 1341; x_wconf 87' lang='lat' dir='ltr'><strong>nomine</strong></span> <span class='ocrx_word' id='word_1_396' title='bbox 2886 1287 3017 1340; x_wconf 91' lang='lat' dir='ltr'><strong>tanti</strong></span> <span class='ocrx_word' id='word_1_397' title='bbox 3049 1287 3317 1360; x_wconf 87' lang='lat' dir='ltr'><strong>martyris,</strong></span> <span class='ocrx_word' id='word_1_398' title='bbox 3352 1303 3731 1360; x_wconf 82' lang='lat' dir='ltr'><strong>perversurum</strong></span> 
     </span>
    </p>
   </div>
   <div class='ocr_carea' id='block_1_80' title="bbox 2146 1377 3735 1453">
    <p class='ocr_par' dir='ltr' id='par_1_80' title="bbox 2146 1377 3735 1453">
     <span class='ocr_line' id='line_1_80' title="bbox 2146 1377 3735 1453; baseline 0.004 -20"><span class='ocrx_word' id='word_1_399' title='bbox 2146 1377 2454 1450; x_wconf 81' lang='lat' dir='ltr'><strong>dogmatum</strong></span> <span class='ocrx_word' id='word_1_400' title='bbox 2482 1378 3072 1453; x_wconf 83' lang='lat' dir='ltr'><strong>reciperetur&#39;assertio.</strong></span> <span class='ocrx_word' id='word_1_401' title='bbox 3096 1377 3203 1434; x_wconf 89' lang='lat' dir='ltr'><strong>Sed</strong></span> <span class='ocrx_word' id='word_1_402' title='bbox 3225 1381 3269 1436; x_wconf 91' lang='lat' dir='ltr'><strong>is</strong></span> <span class='ocrx_word' id='word_1_403' title='bbox 3291 1380 3378 1451; x_wconf 90' lang='lat' dir='ltr'><strong>qui</strong></span> <span class='ocrx_word' id='word_1_404' title='bbox 3408 1382 3735 1440; x_wconf 84' lang='lat' dir='ltr'><strong>catholicum</strong></span> 
     </span>
    </p>
   </div>
   <div class='ocr_carea' id='block_1_81' title="bbox 2146 1467 3734 1540">
    <p class='ocr_par' dir='ltr' id='par_1_81' title="bbox 2146 1467 3734 1540">
     <span class='ocr_line' id='line_1_81' title="bbox 2146 1467 3734 1540; baseline 0.002 -15"><span class='ocrx_word' id='word_1_405' title='bbox 2146 1485 2267 1525; x_wconf 90' lang='lat' dir='ltr'><strong>sese</strong></span> <span class='ocrx_word' id='word_1_406' title='bbox 2314 1468 2580 1537; x_wconf 87' lang='lat' dir='ltr'><strong>meminit,</strong></span> <span class='ocrx_word' id='word_1_407' title='bbox 2637 1467 2910 1538; x_wconf 89' lang='lat' dir='ltr'><strong>probando</strong></span> <span class='ocrx_word' id='word_1_408' title='bbox 2950 1469 3130 1538; x_wconf 77' lang='lat' dir='ltr'><strong>legat,</strong></span> <span class='ocrx_word' id='word_1_409' title='bbox 3161 1478 3214 1524; x_wconf 88' lang='lat' dir='ltr'><strong>et</strong></span> <span class='ocrx_word' id='word_1_410' title='bbox 3242 1484 3303 1524; x_wconf 91' lang='lat' dir='ltr'><strong>ea</strong></span> <span class='ocrx_word' id='word_1_411' title='bbox 3352 1486 3470 1540; x_wconf 68' lang='lat' dir='ltr'><strong>quae</strong></span> <span class='ocrx_word' id='word_1_412' title='bbox 3518 1473 3734 1528; x_wconf 87' lang='lat' dir='ltr'><strong>veritati</strong></span> 
     </span>
    </p>
   </div>
   <div class='ocr_carea' id='block_1_82' title="bbox 2148 1561 3745 1639">
    <p class='ocr_par' dir='ltr' id='par_1_82' title="bbox 2148 1561 3745 1639">
     <span class='ocr_line' id='line_1_82' title="bbox 2148 1561 3745 1639; baseline 0.003 -20"><span class='ocrx_word' id='word_1_413' title='bbox 2148 1562 2415 1619; x_wconf 89' lang='lat' dir='ltr'><strong>contraria</strong></span> <span class='ocrx_word' id='word_1_414' title='bbox 2464 1578 2570 1617; x_wconf 93' lang='lat' dir='ltr'><strong>non</strong></span> <span class='ocrx_word' id='word_1_415' title='bbox 2602 1568 2726 1617; x_wconf 91' lang='lat' dir='ltr'><strong>sunt</strong></span> <span class='ocrx_word' id='word_1_416' title='bbox 2770 1561 3015 1631; x_wconf 85' lang='lat' dir='ltr'><strong>recipiat.</strong></span> <span class='ocrx_word' id='word_1_417' title='bbox 3047 1561 3270 1629; x_wconf 83' lang='lat' dir='ltr'><strong>Quidam</strong></span> <span class='ocrx_word' id='word_1_418' title='bbox 3321 1574 3499 1623; x_wconf 87' lang='lat' dir='ltr'><strong>autem</strong></span> <span class='ocrx_word' id='word_1_419' title='bbox 3548 1575 3745 1639; x_wconf 80' lang='lat' dir='ltr'><strong>putant</strong></span> 
     </span>
    </p>
   </div>
   <div class='ocr_carea' id='block_1_83' title="bbox 2151 1654 3739 1730">
    <p class='ocr_par' dir='ltr' id='par_1_83' title="bbox 2151 1654 3739 1730">
     <span class='ocr_line' id='line_1_83' title="bbox 2151 1654 3739 1730; baseline 0.002 -20"><span class='ocrx_word' id='word_1_420' title='bbox 2151 1654 2397 1710; x_wconf 88' lang='lat' dir='ltr'><strong>eumdem</strong></span> <span class='ocrx_word' id='word_1_421' title='bbox 2448 1654 2641 1711; x_wconf 90' lang='lat' dir='ltr'><strong>librum</strong></span> <span class='ocrx_word' id='word_1_422' title='bbox 2685 1655 2752 1712; x_wconf 88' lang='lat' dir='ltr'><strong>ab</strong></span> <span class='ocrx_word' id='word_1_423' title='bbox 2802 1656 3105 1727; x_wconf 81' lang='lat' dir='ltr'><strong>haereticis,</strong></span> <span class='ocrx_word' id='word_1_424' title='bbox 3130 1671 3237 1713; x_wconf 92' lang='lat' dir='ltr'><strong>non</strong></span> <span class='ocrx_word' id='word_1_425' title='bbox 3278 1655 3525 1730; x_wconf 88' lang='lat' dir='ltr'><strong>aXysto,</strong></span> <span class='ocrx_word' id='word_1_426' title='bbox 3573 1655 3739 1713; x_wconf 78' lang='lat' dir='ltr'><strong>fuisse</strong></span> 
     </span>
    </p>
   </div>
   <div class='ocr_carea' id='block_1_84' title="bbox 2074 1725 3741 1819">
    <p class='ocr_par' dir='ltr' id='par_1_84' title="bbox 2074 1725 3741 1819">
     <span class='ocr_line' id='line_1_84' title="bbox 2074 1725 3741 1819; baseline -0.001 -18"><span class='ocrx_word' id='word_1_427' title='bbox 2074 1725 2124 1786; x_wconf 78' lang='grc' dir='ltr'><strong>Β</strong></span> <span class='ocrx_word' id='word_1_428' title='bbox 2151 1748 2431 1803; x_wconf 90' lang='lat' dir='ltr'><strong>dictatum.</strong></span> <span class='ocrx_word' id='word_1_429' title='bbox 2462 1746 2674 1802; x_wconf 76' lang='lat' dir='ltr'><strong>Refellit</strong></span> <span class='ocrx_word' id='word_1_430' title='bbox 2694 1756 2870 1802; x_wconf 90' lang='lat' dir='ltr'><strong>autem</strong></span> <span class='ocrx_word' id='word_1_431' title='bbox 2897 1746 3036 1805; x_wconf 86' lang='lat' dir='ltr'><strong>hanc</strong></span> <span class='ocrx_word' id='word_1_432' title='bbox 3058 1726 3365 1819; x_wconf 87' lang='lat' dir='ltr'><strong>opinionem</strong></span> <span class='ocrx_word' id='word_1_433' title='bbox 3386 1725 3741 1807; x_wconf 75' lang='lat' dir='ltr'><strong>beatissimus</strong></span> 
     </span>
    </p>
   </div>
   <div class='ocr_carea' id='block_1_85' title="bbox 2152 1837 3744 1911">
    <p class='ocr_par' dir='ltr' id='par_1_85' title="bbox 2152 1837 3744 1911">
     <span class='ocr_line' id='line_1_85' title="bbox 2152 1837 3744 1911; baseline 0 -16"><span class='ocrx_word' id='word_1_434' title='bbox 2152 1841 2480 1911; x_wconf 79' lang='lat' dir='ltr'><strong>Augustinus</strong></span> <span class='ocrx_word' id='word_1_435' title='bbox 2507 1880 2521 1906; x_wconf 93' lang='lat'><strong>,</strong></span> <span class='ocrx_word' id='word_1_436' title='bbox 2572 1840 2660 1910; x_wconf 90' lang='lat' dir='ltr'><strong>qui</strong></span> <span class='ocrx_word' id='word_1_437' title='bbox 2700 1840 2753 1894; x_wconf 92' lang='lat' dir='ltr'><strong>in</strong></span> <span class='ocrx_word' id='word_1_438' title='bbox 2794 1841 3023 1911; x_wconf 89' lang='lat' dir='ltr'><strong>quodam</strong></span> <span class='ocrx_word' id='word_1_439' title='bbox 3075 1856 3240 1911; x_wconf 90' lang='lat' dir='ltr'><strong>opere</strong></span> <span class='ocrx_word' id='word_1_440' title='bbox 3286 1854 3385 1896; x_wconf 88' lang='lat' dir='ltr'><strong>suo</strong></span> <span class='ocrx_word' id='word_1_441' title='bbox 3433 1837 3503 1895; x_wconf 86' lang='lat' dir='ltr'><strong>ab</strong></span> <span class='ocrx_word' id='word_1_442' title='bbox 3548 1837 3744 1895; x_wconf 78' lang='lat' dir='ltr'><strong>eodem</strong></span> 
     </span>
    </p>
   </div>
   <div class='ocr_carea' id='block_1_86' title="bbox 2153 1932 3450 2004">
    <p class='ocr_par' dir='ltr' id='par_1_86' title="bbox 2153 1932 3450 2004">
     <span class='ocr_line' id='line_1_86' title="bbox 2153 1932 3450 2004; baseline -0.002 -16"><span class='ocrx_word' id='word_1_443' title='bbox 2153 1942 2388 2004; x_wconf 84' lang='lat' dir='ltr'><strong>martyre</strong></span> <span class='ocrx_word' id='word_1_444' title='bbox 2417 1932 2519 1988; x_wconf 89' lang='lat' dir='ltr'><strong>hoc</strong></span> <span class='ocrx_word' id='word_1_445' title='bbox 2545 1947 2678 2004; x_wconf 92' lang='lat' dir='ltr'><strong>opus</strong></span> <span class='ocrx_word' id='word_1_446' title='bbox 2707 1933 3060 2004; x_wconf 89' lang='lat' dir='ltr'><strong>compositum</strong></span> <span class='ocrx_word' id='word_1_447' title='bbox 3089 1948 3208 1990; x_wconf 90' lang='lat' dir='ltr'><strong>esse</strong></span> <span class='ocrx_word' id='word_1_448' title='bbox 3239 1933 3450 1991; x_wconf 79' lang='lat' dir='ltr'><strong>fatetur.</strong></span> 
     </span>
    </p>
   </div>
   <div class='ocr_carea' id='block_1_87' title="bbox 2775 2023 3111 2083">
    <p class='ocr_par' dir='ltr' id='par_1_87' title="bbox 2775 2023 3111 2083">
     <span class='ocr_line' id='line_1_87' title="bbox 2775 2023 3111 2083; baseline 0 -3"><span class='ocrx_word' id='word_1_449' title='bbox 2775 2023 3011 2083; x_wconf 80' lang='lat' dir='ltr'><strong>CAPUT</strong></span> <span class='ocrx_word' id='word_1_450' title='bbox 3050 2025 3111 2083; x_wconf 91' lang='lat' dir='ltr'><strong>II.</strong></span> 
     </span>
    </p>
   </div>
   <div class='ocr_carea' id='block_1_88' title="bbox 2226 2116 3745 2191">
    <p class='ocr_par' dir='ltr' id='par_1_88' title="bbox 2226 2116 3745 2191">
     <span class='ocr_line' id='line_1_88' title="bbox 2226 2116 3745 2191; baseline -0.001 -15"><span class='ocrx_word' id='word_1_451' title='bbox 2226 2120 2280 2176; x_wconf 75' lang='lat'><strong>5.</strong></span> <span class='ocrx_word' id='word_1_452' title='bbox 2304 2120 2605 2177; x_wconf 81' lang='lat' dir='ltr'><strong>Macrobius</strong></span> <span class='ocrx_word' id='word_1_453' title='bbox 2630 2120 2890 2177; x_wconf 90' lang='lat' dir='ltr'><strong>diaconus</strong></span> <span class='ocrx_word' id='word_1_454' title='bbox 2916 2120 3152 2175; x_wconf 88' lang='lat' dir='ltr'><strong>studium</strong></span> <span class='ocrx_word' id='word_1_455' title='bbox 3183 2116 3353 2175; x_wconf 86' lang='lat' dir='ltr'><strong>sancti</strong></span> <span class='ocrx_word' id='word_1_456' title='bbox 3384 2116 3635 2191; x_wconf 79' lang='lat' dir='ltr'><strong>Cypriani</strong></span> <span class='ocrx_word' id='word_1_457' title='bbox 3664 2117 3745 2174; x_wconf 88' lang='lat' dir='ltr'><strong>in-</strong></span> 
     </span>
    </p>
   </div>
   <div class='ocr_carea' id='block_1_89' title="bbox 2156 2211 3751 2291">
    <p class='ocr_par' dir='ltr' id='par_1_89' title="bbox 2156 2211 3751 2291">
     <span class='ocr_line' id='line_1_89' title="bbox 2156 2211 3751 2291; baseline -0.001 -23"><span class='ocrx_word' id='word_1_458' title='bbox 2156 2214 2479 2291; x_wconf 70' lang='lat' dir='ltr'><strong>geniumque</strong></span> <span class='ocrx_word' id='word_1_459' title='bbox 2516 2224 2753 2279; x_wconf 86' lang='lat' dir='ltr'><strong>secutus,</strong></span> <span class='ocrx_word' id='word_1_460' title='bbox 2782 2211 3093 2283; x_wconf 77' lang='lat' dir='ltr'><strong>complexus</strong></span> <span class='ocrx_word' id='word_1_461' title='bbox 3126 2219 3209 2267; x_wconf 79' lang='lat' dir='ltr'><strong>est</strong></span> <span class='ocrx_word' id='word_1_462' title='bbox 3239 2225 3473 2281; x_wconf 86' lang='lat' dir='ltr'><strong>congrua</strong></span> <span class='ocrx_word' id='word_1_463' title='bbox 3502 2225 3567 2266; x_wconf 90' lang='lat' dir='ltr'><strong>ex</strong></span> <span class='ocrx_word' id='word_1_464' title='bbox 3594 2218 3751 2267; x_wconf 66' lang='grc' dir='ltr'><strong>ιλιι-οι</strong></span> 
     </span>
    </p>
   </div>
   <div class='ocr_carea' id='block_1_90' title="bbox 2157 2304 3745 2385">
    <p class='ocr_par' dir='ltr' id='par_1_90' title="bbox 2157 2304 3745 2385">
     <span class='ocr_line' id='line_1_90' title="bbox 2157 2304 3745 2385; baseline -0.004 -21"><span class='ocrx_word' id='word_1_465' title='bbox 2157 2324 2261 2379; x_wconf 90' lang='lat' dir='ltr'><strong>que</strong></span> <span class='ocrx_word' id='word_1_466' title='bbox 2287 2311 2637 2367; x_wconf 82' lang='lat' dir='ltr'><strong>Testamento</strong></span> <span class='ocrx_word' id='word_1_467' title='bbox 2667 2306 2924 2362; x_wconf 83' lang='lat' dir='ltr'><strong>adversus</strong></span> <span class='ocrx_word' id='word_1_468' title='bbox 2952 2305 3213 2361; x_wconf 88' lang='lat' dir='ltr'><strong>versutias</strong></span> <span class='ocrx_word' id='word_1_469' title='bbox 3247 2304 3626 2385; x_wconf 67' lang='lat' dir='ltr'><strong>haereticorum</strong></span> <span class='ocrx_word' id='word_1_470' title='bbox 3652 2319 3745 2359; x_wconf 87' lang='lat' dir='ltr'><strong>ca-</strong></span> 
     </span>
    </p>
   </div>
   <div class='ocr_carea' id='block_1_91' title="bbox 2160 2392 3750 2475">
    <p class='ocr_par' dir='ltr' id='par_1_91' title="bbox 2160 2392 3750 2475">
     <span class='ocr_line' id='line_1_91' title="bbox 2160 2392 3750 2475; baseline -0.004 -18"><span class='ocrx_word' id='word_1_471' title='bbox 2160 2404 2348 2475; x_wconf 91' lang='lat' dir='ltr'><strong>pitula,</strong></span> <span class='ocrx_word' id='word_1_472' title='bbox 2383 2403 2449 2458; x_wconf 90' lang='lat' dir='ltr'><strong>de</strong></span> <span class='ocrx_word' id='word_1_473' title='bbox 2477 2400 2683 2457; x_wconf 90' lang='lat' dir='ltr'><strong>scilicet</strong></span> <span class='ocrx_word' id='word_1_474' title='bbox 2713 2399 2809 2457; x_wconf 91' lang='lat' dir='ltr'><strong>Dei</strong></span> <span class='ocrx_word' id='word_1_475' title='bbox 2852 2399 3023 2455; x_wconf 85' lang='lat' dir='ltr'><strong>Patris</strong></span> <span class='ocrx_word' id='word_1_476' title='bbox 3070 2399 3371 2470; x_wconf 82' lang='lat' dir='ltr'><strong>majestate,</strong></span> <span class='ocrx_word' id='word_1_477' title='bbox 3406 2406 3460 2452; x_wconf 92' lang='lat' dir='ltr'><strong>et</strong></span> <span class='ocrx_word' id='word_1_478' title='bbox 3501 2396 3620 2451; x_wconf 84' lang='lat' dir='ltr'><strong>Filii</strong></span> <span class='ocrx_word' id='word_1_479' title='bbox 3653 2392 3750 2451; x_wconf 87' lang='lat' dir='ltr'><strong>Dei</strong></span> 
     </span>
    </p>
   </div>
   <div class='ocr_carea' id='block_1_92' title="bbox 2158 2490 3751 2568">
    <p class='ocr_par' dir='ltr' id='par_1_92' title="bbox 2158 2490 3751 2568">
     <span class='ocr_line' id='line_1_92' title="bbox 2158 2490 3751 2568; baseline -0.006 -14"><span class='ocrx_word' id='word_1_480' title='bbox 2158 2497 2412 2564; x_wconf 67' lang='lat' dir='ltr'><strong>adventu,</strong></span> <span class='ocrx_word' id='word_1_481' title='bbox 2442 2494 2559 2568; x_wconf 88' lang='lat' dir='ltr'><strong>ejus</strong></span> <span class='ocrx_word' id='word_1_482' title='bbox 2600 2492 2990 2559; x_wconf 85' lang='lat' dir='ltr'><strong>incarnatione,</strong></span> <span class='ocrx_word' id='word_1_483' title='bbox 3042 2490 3153 2546; x_wconf 87' lang='lat' dir='ltr'><strong>sive</strong></span> <span class='ocrx_word' id='word_1_484' title='bbox 3185 2490 3455 2562; x_wconf 89' lang='lat' dir='ltr'><strong>passione,</strong></span> <span class='ocrx_word' id='word_1_485' title='bbox 3508 2502 3751 2545; x_wconf 87' lang='lat' dir='ltr'><strong>resurre-</strong></span> 
     </span>
    </p>
   </div>
   <div class='ocr_carea' id='block_1_93' title="bbox 2159 2580 3751 2659">
    <p class='ocr_par' dir='ltr' id='par_1_93' title="bbox 2159 2580 3751 2659">
     <span class='ocr_line' id='line_1_93' title="bbox 2159 2580 3751 2659; baseline -0.008 -11"><span class='ocrx_word' id='word_1_486' title='bbox 2159 2594 2357 2659; x_wconf 90' lang='lat' dir='ltr'><strong>ctione,</strong></span> <span class='ocrx_word' id='word_1_487' title='bbox 2389 2600 2442 2645; x_wconf 79' lang='lat' dir='ltr'><strong>et</strong></span> <span class='ocrx_word' id='word_1_488' title='bbox 2485 2588 2797 2645; x_wconf 82' lang='lat' dir='ltr'><strong>ascensione</strong></span> <span class='ocrx_word' id='word_1_489' title='bbox 2843 2587 2896 2641; x_wconf 91' lang='lat' dir='ltr'><strong>in</strong></span> <span class='ocrx_word' id='word_1_490' title='bbox 2926 2584 3113 2651; x_wconf 72' lang='lat' dir='ltr'><strong>eteius,</strong></span> <span class='ocrx_word' id='word_1_491' title='bbox 3145 2582 3365 2653; x_wconf 83' lang='lat' dir='ltr'><strong>parique</strong></span> <span class='ocrx_word' id='word_1_492' title='bbox 3393 2580 3574 2647; x_wconf 89' lang='lat' dir='ltr'><strong>modo,</strong></span> <span class='ocrx_word' id='word_1_493' title='bbox 3605 2589 3662 2636; x_wconf 90' lang='lat' dir='ltr'><strong>et</strong></span> <span class='ocrx_word' id='word_1_494' title='bbox 3685 2580 3751 2637; x_wconf 88' lang='lat' dir='ltr'><strong>de</strong></span> 
     </span>
    </p>
   </div>
   <div class='ocr_carea' id='block_1_94' title="bbox 2161 2672 3752 2755">
    <p class='ocr_par' dir='ltr' id='par_1_94' title="bbox 2161 2672 3752 2755">
     <span class='ocr_line' id='line_1_94' title="bbox 2161 2672 3752 2755; baseline -0.008 -12"><span class='ocrx_word' id='word_1_495' title='bbox 2161 2687 2421 2743; x_wconf 84' lang='lat' dir='ltr'><strong>electione</strong></span> <span class='ocrx_word' id='word_1_496' title='bbox 2443 2682 2696 2755; x_wconf 80' lang='lat' dir='ltr'><strong>gentium,</strong></span> <span class='ocrx_word' id='word_1_497' title='bbox 2721 2690 2773 2735; x_wconf 91' lang='lat' dir='ltr'><strong>et</strong></span> <span class='ocrx_word' id='word_1_498' title='bbox 2798 2677 3173 2748; x_wconf 87' lang='lat' dir='ltr'><strong>reprobatione</strong></span> <span class='ocrx_word' id='word_1_499' title='bbox 3192 2675 3523 2734; x_wconf 69' lang='lat' dir='ltr'><strong>Jutlteorum.</strong></span> <span class='ocrx_word' id='word_1_500' title='bbox 3548 2672 3752 2730; x_wconf 87' lang='lat' dir='ltr'><strong>Deinde</strong></span> 
     </span>
    </p>
   </div>
   <div class='ocr_carea' id='block_1_95' title="bbox 2160 2764 3752 2849">
    <p class='ocr_par' dir='ltr' id='par_1_95' title="bbox 2160 2764 3752 2849">
     <span class='ocr_line' id='line_1_95' title="bbox 2160 2764 3752 2849; baseline -0.007 -16"><span class='ocrx_word' id='word_1_501' title='bbox 2160 2776 2386 2849; x_wconf 87' lang='lat' dir='ltr'><strong>subjecit</strong></span> <span class='ocrx_word' id='word_1_502' title='bbox 2415 2774 2574 2831; x_wconf 87' lang='lat' dir='ltr'><strong>etiam</strong></span> <span class='ocrx_word' id='word_1_503' title='bbox 2604 2782 2797 2829; x_wconf 63' lang='lat' dir='ltr'><strong>cratera</strong></span> <span class='ocrx_word' id='word_1_504' title='bbox 2828 2772 2893 2826; x_wconf 91' lang='lat' dir='ltr'><strong>ad</strong></span> <span class='ocrx_word' id='word_1_505' title='bbox 2926 2772 3208 2825; x_wconf 89' lang='lat' dir='ltr'><strong>utilitatem</strong></span> <span class='ocrx_word' id='word_1_506' title='bbox 3234 2766 3356 2824; x_wconf 79' lang='lat' dir='ltr'><strong>vita:</strong></span> <span class='ocrx_word' id='word_1_507' title='bbox 3378 2777 3431 2823; x_wconf 86' lang='lat' dir='ltr'><strong>et</strong></span> <span class='ocrx_word' id='word_1_508' title='bbox 3452 2764 3752 2836; x_wconf 61' lang='lat' dir='ltr'><strong>disciplinae</strong></span> 
     </span>
    </p>
   </div>
   <div class='ocr_carea' id='block_1_96' title="bbox 2160 2858 3752 2940">
    <p class='ocr_par' dir='ltr' id='par_1_96' title="bbox 2160 2858 3752 2940">
     <span class='ocr_line' id='line_1_96' title="bbox 2160 2858 3752 2940; baseline -0.008 -14"><span class='ocrx_word' id='word_1_509' title='bbox 2160 2869 2433 2940; x_wconf 78' lang='lat' dir='ltr'><strong>religionis</strong></span> <span class='ocrx_word' id='word_1_510' title='bbox 2456 2864 2800 2939; x_wconf 86' lang='lat' dir='ltr'><strong>pertinentia,</strong></span> <span class='ocrx_word' id='word_1_511' title='bbox 2827 2864 3001 2919; x_wconf 89' lang='lat' dir='ltr'><strong>omnia</strong></span> <span class='ocrx_word' id='word_1_512' title='bbox 3028 2862 3142 2917; x_wconf 71' lang='lat' dir='ltr'><strong>haec</strong></span> <span class='ocrx_word' id='word_1_513' title='bbox 3168 2861 3223 2917; x_wconf 92' lang='lat' dir='ltr'><strong>in</strong></span> <span class='ocrx_word' id='word_1_514' title='bbox 3252 2868 3466 2916; x_wconf 89' lang='lat' dir='ltr'><strong>centum</strong></span> <span class='ocrx_word' id='word_1_515' title='bbox 3497 2858 3752 2915; x_wconf 86' lang='lat' dir='ltr'><strong>distincta</strong></span> 
     </span>
    </p>
   </div>
   <div class='ocr_carea' id='block_1_97' title="bbox 2048 2961 2436 3039">
    <p class='ocr_par' dir='ltr' id='par_1_97' title="bbox 2048 2961 2436 3039">
     <span class='ocr_line' id='line_1_97' title="bbox 2048 2961 2436 3039; baseline -0.015 -18"><span class='ocrx_word' id='word_1_516' title='bbox 2048 3034 2053 3039; x_wconf 27' lang='lat'><em>.</em></span> <span class='ocrx_word' id='word_1_517' title='bbox 2161 2961 2436 3032; x_wconf 80' lang='lat' dir='ltr'><strong>capitulis.</strong></span> 
     </span>
    </p>
   </div>
   <div class='ocr_carea' id='block_1_98' title="bbox 2770 3024 3121 3083">
    <p class='ocr_par' dir='ltr' id='par_1_98' title="bbox 2770 3024 3121 3083">
     <span class='ocr_line' id='line_1_98' title="bbox 2770 3024 3121 3083; baseline -0.009 0"><span class='ocrx_word' id='word_1_518' title='bbox 2770 3025 2995 3083; x_wconf 81' lang='lat' dir='ltr'><strong>CAPUT</strong></span> <span class='ocrx_word' id='word_1_519' title='bbox 3037 3024 3121 3083; x_wconf 91' lang='lat' dir='ltr'>III.</span> 
     </span>
    </p>
   </div>
   <div class='ocr_carea' id='block_1_99' title="bbox 2088 3101 3754 3188">
    <p class='ocr_par' dir='ltr' id='par_1_99' title="bbox 2088 3101 3754 3188">
     <span class='ocr_line' id='line_1_99' title="bbox 2088 3101 3754 3188; baseline -0.008 -6"><span class='ocrx_word' id='word_1_520' title='bbox 2088 3101 2136 3168; x_wconf 70' lang='grc' dir='ltr'>Ο</span> <span class='ocrx_word' id='word_1_521' title='bbox 2232 3124 2290 3181; x_wconf 72' lang='grc' dir='ltr'><strong>ι.</strong></span> <span class='ocrx_word' id='word_1_522' title='bbox 2311 3120 2649 3187; x_wconf 80' lang='lat' dir='ltr'><strong>Philastrius,</strong></span> <span class='ocrx_word' id='word_1_523' title='bbox 2675 3116 2968 3176; x_wconf 82' lang='lat' dir='ltr'><strong>Brixiensis</strong></span> <span class='ocrx_word' id='word_1_524' title='bbox 2986 3115 3299 3188; x_wconf 73' lang='lat' dir='ltr'><strong>episcopus.</strong></span> <span class='ocrx_word' id='word_1_525' title='bbox 3327 3116 3430 3174; x_wconf 80' lang='lat' dir='ltr'><strong>IIie</strong></span> <span class='ocrx_word' id='word_1_526' title='bbox 3451 3114 3615 3186; x_wconf 81' lang='lat' dir='ltr'><strong>Ionge</strong></span> <span class='ocrx_word' id='word_1_527' title='bbox 3629 3121 3754 3170; x_wconf 86' lang='lat' dir='ltr'><strong>ante</strong></span> 
     </span>
    </p>
   </div>
   <div class='ocr_carea' id='block_1_100' title="bbox 2161 3208 3757 3284">
    <p class='ocr_par' dir='ltr' id='par_1_100' title="bbox 2161 3208 3757 3284">
     <span class='ocr_line' id='line_1_100' title="bbox 2161 3208 3757 3284; baseline -0.006 -11"><span class='ocrx_word' id='word_1_528' title='bbox 2161 3215 2530 3275; x_wconf 75' lang='lat' dir='ltr'><strong>beatissimum</strong></span> <span class='ocrx_word' id='word_1_529' title='bbox 2552 3212 2904 3284; x_wconf 75' lang='lat' dir='ltr'><strong>Augustinum</strong></span> <span class='ocrx_word' id='word_1_530' title='bbox 2926 3210 3093 3267; x_wconf 87' lang='lat' dir='ltr'><strong>edidit</strong></span> <span class='ocrx_word' id='word_1_531' title='bbox 3117 3211 3313 3268; x_wconf 82' lang='lat' dir='ltr'><strong>librum</strong></span> <span class='ocrx_word' id='word_1_532' title='bbox 3332 3210 3403 3266; x_wconf 90' lang='lat' dir='ltr'><strong>de</strong></span> <span class='ocrx_word' id='word_1_533' title='bbox 3422 3208 3757 3276; x_wconf 72' lang='lat' dir='ltr'><strong>Iizeresihus,</strong></span> 
     </span>
    </p>
   </div>
   <div class='ocr_carea' id='block_1_101' title="bbox 2161 3301 3758 3379">
    <p class='ocr_par' dir='ltr' id='par_1_101' title="bbox 2161 3301 3758 3379">
     <span class='ocr_line' id='line_1_101' title="bbox 2161 3301 3758 3379; baseline -0.003 -16"><span class='ocrx_word' id='word_1_534' title='bbox 2161 3309 2398 3378; x_wconf 85' lang='lat' dir='ltr'><strong>singulas</strong></span> <span class='ocrx_word' id='word_1_535' title='bbox 2427 3320 2667 3377; x_wconf 84' lang='lat' dir='ltr'><strong>quasque</strong></span> <span class='ocrx_word' id='word_1_536' title='bbox 2708 3305 3120 3369; x_wconf 83' lang='lat' dir='ltr'><strong>demonstrans,</strong></span> <span class='ocrx_word' id='word_1_537' title='bbox 3153 3304 3271 3359; x_wconf 83' lang='lat' dir='ltr'><strong>sive</strong></span> <span class='ocrx_word' id='word_1_538' title='bbox 3297 3317 3418 3379; x_wconf 64' lang='lat' dir='ltr'><strong>qua</strong></span> <span class='ocrx_word' id='word_1_539' title='bbox 3460 3304 3514 3357; x_wconf 90' lang='lat' dir='ltr'><strong>in</strong></span> <span class='ocrx_word' id='word_1_540' title='bbox 3562 3301 3758 3373; x_wconf 81' lang='lat' dir='ltr'><strong>populo</strong></span> 
     </span>
    </p>
   </div>
   <div class='ocr_carea' id='block_1_102' title="bbox 2162 3394 3759 3466">
    <p class='ocr_par' dir='ltr' id='par_1_102' title="bbox 2162 3394 3759 3466">
     <span class='ocr_line' id='line_1_102' title="bbox 2162 3394 3759 3466; baseline -0.003 -10"><span class='ocrx_word' id='word_1_541' title='bbox 2162 3400 2468 3457; x_wconf 72' lang='lat' dir='ltr'><strong>Judaaorum</strong></span> <span class='ocrx_word' id='word_1_542' title='bbox 2500 3408 2626 3455; x_wconf 89' lang='lat' dir='ltr'><strong>ante</strong></span> <span class='ocrx_word' id='word_1_543' title='bbox 2657 3398 3080 3453; x_wconf 89' lang='lat' dir='ltr'><strong>incarnationem</strong></span> <span class='ocrx_word' id='word_1_544' title='bbox 3117 3394 3314 3451; x_wconf 85' lang='lat' dir='ltr'><strong>Christi</strong></span> <span class='ocrx_word' id='word_1_545' title='bbox 3345 3395 3592 3461; x_wconf 82' lang='lat' dir='ltr'><strong>luerunt,</strong></span> <span class='ocrx_word' id='word_1_546' title='bbox 3627 3408 3759 3466; x_wconf 86' lang='lat' dir='ltr'><strong>quas</strong></span> 
     </span>
    </p>
   </div>
   <div class='ocr_carea' id='block_1_103' title="bbox 2164 3485 3764 3564">
    <p class='ocr_par' dir='ltr' id='par_1_103' title="bbox 2164 3485 3764 3564">
     <span class='ocr_line' id='line_1_103' title="bbox 2164 3485 3764 3564; baseline -0.004 -15"><span class='ocrx_word' id='word_1_547' title='bbox 2164 3491 2352 3564; x_wconf 75' lang='lat' dir='ltr'><strong>viginti</strong></span> <span class='ocrx_word' id='word_1_548' title='bbox 2377 3501 2499 3547; x_wconf 91' lang='lat' dir='ltr'><strong>octo</strong></span> <span class='ocrx_word' id='word_1_549' title='bbox 2526 3498 2843 3556; x_wconf 87' lang='lat' dir='ltr'><strong>enumerat,</strong></span> <span class='ocrx_word' id='word_1_550' title='bbox 2874 3490 2991 3545; x_wconf 87' lang='lat' dir='ltr'><strong>sive</strong></span> <span class='ocrx_word' id='word_1_551' title='bbox 3020 3502 3139 3559; x_wconf 63' lang='lat' dir='ltr'><strong>qua!</strong></span> <span class='ocrx_word' id='word_1_552' title='bbox 3170 3495 3290 3559; x_wconf 86' lang='lat' dir='ltr'><strong>post</strong></span> <span class='ocrx_word' id='word_1_553' title='bbox 3319 3485 3529 3543; x_wconf 88' lang='lat' dir='ltr'><strong>Domini</strong></span> <span class='ocrx_word' id='word_1_554' title='bbox 3560 3486 3764 3545; x_wconf 65' lang='grc' dir='ltr'><strong>δάνεια</strong></span> 
     </span>
    </p>
   </div>
   <div class='ocr_carea' id='block_1_104' title="bbox 2165 3580 3765 3649">
    <p class='ocr_par' dir='ltr' id='par_1_104' title="bbox 2165 3580 3765 3649">
     <span class='ocr_line' id='line_1_104' title="bbox 2165 3580 3765 3649; baseline -0.001 -10"><span class='ocrx_word' id='word_1_555' title='bbox 2165 3593 2276 3640; x_wconf 91' lang='lat' dir='ltr'><strong>tum</strong></span> <span class='ocrx_word' id='word_1_556' title='bbox 2321 3583 2639 3649; x_wconf 88' lang='lat' dir='ltr'><strong>Salvatoris,</strong></span> <span class='ocrx_word' id='word_1_557' title='bbox 2673 3582 2930 3638; x_wconf 89' lang='lat' dir='ltr'><strong>adversus</strong></span> <span class='ocrx_word' id='word_1_558' title='bbox 2979 3581 3301 3641; x_wconf 76' lang='lat' dir='ltr'><strong>catholicam</strong></span> <span class='ocrx_word' id='word_1_559' title='bbox 3343 3580 3505 3639; x_wconf 78' lang='lat' dir='ltr'><strong>ﬁdem</strong></span> <span class='ocrx_word' id='word_1_560' title='bbox 3551 3588 3765 3637; x_wconf 72' lang='lat' dir='ltr'><strong>exorta</strong></span> 
     </span>
    </p>
   </div>
   <div class='ocr_carea' id='block_1_105' title="bbox 2164 3671 3761 3747">
    <p class='ocr_par' dir='ltr' id='par_1_105' title="bbox 2164 3671 3761 3747">
     <span class='ocr_line' id='line_1_105' title="bbox 2164 3671 3761 3747; baseline -0.004 -15"><span class='ocrx_word' id='word_1_561' title='bbox 2164 3686 2314 3743; x_wconf 75' lang='lat' dir='ltr'><strong>sunt,</strong></span> <span class='ocrx_word' id='word_1_562' title='bbox 2344 3690 2481 3747; x_wconf 80' lang='lat' dir='ltr'><strong>quas</strong></span> <span class='ocrx_word' id='word_1_563' title='bbox 2512 3676 2655 3731; x_wconf 86' lang='lat' dir='ltr'><strong>idem</strong></span> <span class='ocrx_word' id='word_1_564' title='bbox 2680 3685 2901 3747; x_wconf 77' lang='lat' dir='ltr'><strong>contem</strong></span> <span class='ocrx_word' id='word_1_565' title='bbox 2924 3674 3111 3743; x_wconf 66' lang='lat' dir='ltr'><strong>viginti</strong></span> <span class='ocrx_word' id='word_1_566' title='bbox 3152 3683 3277 3730; x_wconf 85' lang='lat' dir='ltr'><strong>octo</strong></span> <span class='ocrx_word' id='word_1_567' title='bbox 3312 3687 3439 3730; x_wconf 78' lang='lat' dir='ltr'><strong>esse</strong></span> <span class='ocrx_word' id='word_1_568' title='bbox 3479 3671 3761 3741; x_wconf 69' lang='lat' dir='ltr'><strong>describit,</strong></span> 
     </span>
    </p>
   </div>
   <div class='ocr_carea' id='block_1_106' title="bbox 2165 3764 3765 3839">
    <p class='ocr_par' dir='ltr' id='par_1_106' title="bbox 2165 3764 3765 3839">
     <span class='ocr_line' id='line_1_106' title="bbox 2165 3764 3765 3839; baseline -0.004 -14"><span class='ocrx_word' id='word_1_569' title='bbox 2165 3769 2306 3825; x_wconf 89' lang='lat' dir='ltr'><strong>sicut</strong></span> <span class='ocrx_word' id='word_1_570' title='bbox 2336 3768 2403 3823; x_wconf 90' lang='lat' dir='ltr'><strong>de</strong></span> <span class='ocrx_word' id='word_1_571' title='bbox 2430 3783 2498 3824; x_wconf 93' lang='lat' dir='ltr'><strong>eo</strong></span> <span class='ocrx_word' id='word_1_572' title='bbox 2544 3768 2682 3823; x_wconf 92' lang='lat' dir='ltr'><strong>idem</strong></span> <span class='ocrx_word' id='word_1_573' title='bbox 2711 3767 2795 3822; x_wconf 92' lang='lat' dir='ltr'><strong>vir</strong></span> <span class='ocrx_word' id='word_1_574' title='bbox 2823 3781 3030 3837; x_wconf 73' lang='lat' dir='ltr'><strong>magna:</strong></span> <span class='ocrx_word' id='word_1_575' title='bbox 3058 3766 3244 3839; x_wconf 63' lang='lat' dir='ltr'><strong>gloriae</strong></span> <span class='ocrx_word' id='word_1_576' title='bbox 3299 3764 3677 3837; x_wconf 51' lang='lat' dir='ltr'><strong>Augustinus,</strong></span> <span class='ocrx_word' id='word_1_577' title='bbox 3709 3772 3765 3819; x_wconf 84' lang='lat' dir='ltr'><strong>et</strong></span> 
     </span>
    </p>
   </div>
   <div class='ocr_carea' id='block_1_107' title="bbox 2166 3859 3094 3930">
    <p class='ocr_par' dir='ltr' id='par_1_107' title="bbox 2166 3859 3094 3930">
     <span class='ocr_line' id='line_1_107' title="bbox 2166 3859 3094 3930; baseline 0.006 -11"><span class='ocrx_word' id='word_1_578' title='bbox 2166 3859 2358 3921; x_wconf 79' lang='lat' dir='ltr'><strong>doctor</strong></span> <span class='ocrx_word' id='word_1_579' title='bbox 2384 3860 2745 3930; x_wconf 81' lang='lat' dir='ltr'><strong>clarissimus,</strong></span> <span class='ocrx_word' id='word_1_580' title='bbox 2768 3859 3043 3921; x_wconf 74' lang='lat' dir='ltr'><strong>meminit.</strong></span> <span class='ocrx_word' id='word_1_581' title='bbox 3069 3914 3094 3926; x_wconf 82' lang='lat'><strong><em>,</em></strong></span> 
     </span>
    </p>
   </div>
   <div class='ocr_carea' id='block_1_108' title="bbox 2165 3996 3762 4073">
    <p class='ocr_par' dir='ltr' id='par_1_108' title="bbox 2165 3996 3762 4073">
     <span class='ocr_line' id='line_1_108' title="bbox 2165 3996 3762 4073; baseline 0 -20"><span class='ocrx_word' id='word_1_582' title='bbox 2165 3998 2429 4073; x_wconf 79' lang='lat' dir='ltr'><strong>attigisse,</strong></span> <span class='ocrx_word' id='word_1_583' title='bbox 2489 4006 2666 4053; x_wconf 90' lang='lat' dir='ltr'><strong>tamen</strong></span> <span class='ocrx_word' id='word_1_584' title='bbox 2714 3999 2765 4073; x_wconf 85' lang='lat' dir='ltr'><strong>id</strong></span> <span class='ocrx_word' id='word_1_585' title='bbox 2798 4013 2905 4054; x_wconf 91' lang='lat' dir='ltr'><strong>non</strong></span> <span class='ocrx_word' id='word_1_586' title='bbox 2950 3999 3024 4073; x_wconf 80' lang='lat' dir='ltr'><strong>ita</strong></span> <span class='ocrx_word' id='word_1_587' title='bbox 3080 3996 3484 4073; x_wconf 84' lang='lat' dir='ltr'><strong>intelligendum</strong></span> <span class='ocrx_word' id='word_1_588' title='bbox 3541 4004 3658 4073; x_wconf 78' lang='lat' dir='ltr'><strong>est,</strong></span> <span class='ocrx_word' id='word_1_589' title='bbox 3705 4004 3762 4073; x_wconf 81' lang='lat' dir='ltr'><strong>ut</strong></span> 
     </span>
    </p>
   </div>
   <div class='ocr_carea' id='block_1_109' title="bbox 2167 4067 3766 4143">
    <p class='ocr_par' dir='ltr' id='par_1_109' title="bbox 2167 4067 3766 4143">
     <span class='ocr_line' id='line_1_109' title="bbox 2167 4067 3766 4143; baseline 0.001 -20"><span class='ocrx_word' id='word_1_590' title='bbox 2167 4067 2412 4143; x_wconf 73' lang='lat' dir='ltr'><strong>omnes,</strong></span> <span class='ocrx_word' id='word_1_591' title='bbox 2438 4084 2577 4143; x_wconf 75' lang='lat' dir='ltr'><strong>quos</strong></span> <span class='ocrx_word' id='word_1_592' title='bbox 2606 4072 2868 4137; x_wconf 78' lang='lat' dir='ltr'><strong>nominat,</strong></span> <span class='ocrx_word' id='word_1_593' title='bbox 2892 4070 3185 4143; x_wconf 74' lang='lat' dir='ltr'><strong>scriptores</strong></span> <span class='ocrx_word' id='word_1_594' title='bbox 3225 4067 3447 4143; x_wconf 83' lang='lat' dir='ltr'><strong>legerit;</strong></span> <span class='ocrx_word' id='word_1_595' title='bbox 3492 4068 3587 4121; x_wconf 86' lang='lat' dir='ltr'><strong>sed</strong></span> <span class='ocrx_word' id='word_1_596' title='bbox 3632 4067 3766 4143; x_wconf 75' lang='lat' dir='ltr'><strong>satis</strong></span> 
     </span>
    </p>
   </div>
   <div class='ocr_carea' id='block_1_110' title="bbox 2168 4139 3766 4265">
    <p class='ocr_par' dir='ltr' id='par_1_110' title="bbox 2168 4139 3766 4265">
     <span class='ocr_line' id='line_1_110' title="bbox 2168 4139 3766 4265; baseline -0.001 -71"><span class='ocrx_word' id='word_1_597' title='bbox 2168 4141 2418 4265; x_wconf 85' lang='lat' dir='ltr'><strong>est</strong></span> <span class='ocrx_word' id='word_1_598' title='bbox 2450 4139 2733 4211; x_wconf 81' lang='lat' dir='ltr'><strong>plerosque</strong></span> <span class='ocrx_word' id='word_1_599' title='bbox 2757 4150 2845 4195; x_wconf 93' lang='lat' dir='ltr'><strong>aut</strong></span> <span class='ocrx_word' id='word_1_600' title='bbox 2872 4142 3048 4210; x_wconf 88' lang='lat' dir='ltr'><strong>aliqua</strong></span> <span class='ocrx_word' id='word_1_601' title='bbox 3068 4141 3394 4210; x_wconf 79' lang='lat' dir='ltr'><strong>singulorum</strong></span> <span class='ocrx_word' id='word_1_602' title='bbox 3426 4153 3588 4207; x_wconf 82' lang='lat' dir='ltr'><strong>Opera</strong></span> <span class='ocrx_word' id='word_1_603' title='bbox 3617 4139 3766 4193; x_wconf 90' lang='lat' dir='ltr'><strong>evol-</strong></span> 
     </span>
     <span class='ocr_line' id='line_1_111' title="bbox 2171 4224 2542 4265; baseline 0 0"><span class='ocrx_word' id='word_1_604' title='bbox 2171 4224 2332 4265; x_wconf 91' lang='lat' dir='ltr'><strong>vertt.</strong></span> <span class='ocrx_word' id='word_1_605' title='bbox 2414 4227 2542 4265; x_wconf 74' lang='lat' dir='ltr'><strong>nev.</strong></span> 
     </span>
    </p>
   </div>
   <div class='ocr_carea' id='block_1_111' title="bbox 2171 4224 2542 4267">
    <p class='ocr_par' dir='ltr' id='par_1_111' title="bbox 2171 4224 2542 4267">
     <span class='ocr_line' id='line_1_112' title="bbox 2171 4224 2542 4267; baseline -0.003 -2"><span class='ocrx_word' id='word_1_606' title='bbox 2171 4224 2332 4267; x_wconf 72' lang='lat' dir='ltr'><strong>VCI‘II.</strong></span> <span class='ocrx_word' id='word_1_607' title='bbox 2367 4224 2542 4266; x_wconf 65' lang='lat' dir='ltr'><strong>AREV.</strong></span> 
     </span>
    </p>
   </div>
   <div class='ocr_carea' id='block_1_112' title="bbox 2238 4278 3770 4354">
    <p class='ocr_par' dir='ltr' id='par_1_112' title="bbox 2238 4278 3770 4354">
     <span class='ocr_line' id='line_1_113' title="bbox 2238 4278 3770 4354; baseline -0.001 -19"><span class='ocrx_word' id='word_1_608' title='bbox 2238 4278 2292 4337; x_wconf 72' lang='lat'><strong>9.</strong></span> <span class='ocrx_word' id='word_1_609' title='bbox 2313 4280 2632 4354; x_wconf 75' lang='lat' dir='ltr'><strong>Xystus.VeI</strong></span> <span class='ocrx_word' id='word_1_610' title='bbox 2653 4281 2856 4353; x_wconf 91' lang='lat' dir='ltr'><strong>primus</strong></span> <span class='ocrx_word' id='word_1_611' title='bbox 2882 4298 3021 4339; x_wconf 90' lang='lat' dir='ltr'><strong>anno</strong></span> <span class='ocrx_word' id='word_1_612' title='bbox 3033 4282 3229 4338; x_wconf 87' lang='lat' dir='ltr'><strong>Christi</strong></span> <span class='ocrx_word' id='word_1_613' title='bbox 3252 4282 3369 4348; x_wconf 87' lang='lat' dir='ltr'><strong>II7,</strong></span> <span class='ocrx_word' id='word_1_614' title='bbox 3386 4280 3471 4336; x_wconf 86' lang='lat' dir='ltr'><strong>vel</strong></span> <span class='ocrx_word' id='word_1_615' title='bbox 3500 4278 3770 4354; x_wconf 83' lang='lat' dir='ltr'><strong>secundus</strong></span> 
     </span>
    </p>
   </div>
   <div class='ocr_carea' id='block_1_113' title="bbox 2169 4351 3770 4425">
    <p class='ocr_par' dir='ltr' id='par_1_113' title="bbox 2169 4351 3770 4425">
     <span class='ocr_line' id='line_1_114' title="bbox 2169 4351 3770 4425; baseline -0.002 -17"><span class='ocrx_word' id='word_1_616' title='bbox 2169 4368 2309 4410; x_wconf 89' lang='lat' dir='ltr'><strong>anno</strong></span> <span class='ocrx_word' id='word_1_617' title='bbox 2333 4351 2464 4411; x_wconf 68' lang='lat'><strong>257.</strong></span> <span class='ocrx_word' id='word_1_618' title='bbox 2494 4355 2590 4410; x_wconf 86' lang='lat' dir='ltr'><strong>Hic</strong></span> <span class='ocrx_word' id='word_1_619' title='bbox 2611 4398 2626 4421; x_wconf 96' lang='lat'><strong>,</strong></span> <span class='ocrx_word' id='word_1_620' title='bbox 2656 4351 2710 4409; x_wconf 84' lang='lat' dir='ltr'><strong>et</strong></span> <span class='ocrx_word' id='word_1_621' title='bbox 2739 4356 2825 4425; x_wconf 83' lang='lat' dir='ltr'><strong>qui</strong></span> <span class='ocrx_word' id='word_1_622' title='bbox 2855 4363 3150 4423; x_wconf 84' lang='lat' dir='ltr'><strong>sequuntur</strong></span> <span class='ocrx_word' id='word_1_623' title='bbox 3182 4354 3437 4425; x_wconf 77' lang='lat' dir='ltr'><strong>tredecim</strong></span> <span class='ocrx_word' id='word_1_624' title='bbox 3456 4394 3471 4418; x_wconf 95' lang='lat'><strong>,</strong></span> <span class='ocrx_word' id='word_1_625' title='bbox 3504 4366 3677 4425; x_wconf 86' lang='lat' dir='ltr'><strong>usque</strong></span> <span class='ocrx_word' id='word_1_626' title='bbox 3700 4351 3770 4425; x_wconf 81' lang='lat' dir='ltr'><strong>ad</strong></span> 
     </span>
    </p>
   </div>
   <div class='ocr_carea' id='block_1_114' title="bbox 2175 4422 3772 4493">
    <p class='ocr_par' dir='ltr' id='par_1_114' title="bbox 2175 4422 3772 4493">
     <span class='ocr_line' id='line_1_115' title="bbox 2175 4422 3772 4493; baseline -0.002 -14"><span class='ocrx_word' id='word_1_627' title='bbox 2175 4426 2538 4487; x_wconf 78' lang='lat' dir='ltr'><strong>Marcellinum</strong></span> <span class='ocrx_word' id='word_1_628' title='bbox 2562 4468 2579 4491; x_wconf 92' lang='lat'><strong>,</strong></span> <span class='ocrx_word' id='word_1_629' title='bbox 2600 4441 2673 4481; x_wconf 79' lang='lat' dir='ltr'><strong>ex</strong></span> <span class='ocrx_word' id='word_1_630' title='bbox 2697 4422 2856 4483; x_wconf 75' lang='lat' dir='ltr'><strong>unico</strong></span> <span class='ocrx_word' id='word_1_631' title='bbox 2882 4422 3169 4493; x_wconf 71' lang='lat' dir='ltr'><strong>esetuplari</strong></span> <span class='ocrx_word' id='word_1_632' title='bbox 3194 4424 3376 4481; x_wconf 77' lang='lat' dir='ltr'><strong>PoItis</strong></span> <span class='ocrx_word' id='word_1_633' title='bbox 3399 4424 3597 4487; x_wconf 87' lang='lat' dir='ltr'><strong>sancti,</strong></span> <span class='ocrx_word' id='word_1_634' title='bbox 3629 4422 3772 4493; x_wconf 90' lang='lat' dir='ltr'><strong>apud</strong></span> 
     </span>
    </p>
   </div>
   <div class='ocr_carea' id='block_1_115' title="bbox 2174 4492 3772 4563">
    <p class='ocr_par' dir='ltr' id='par_1_115' title="bbox 2174 4492 3772 4563">
     <span class='ocr_line' id='line_1_116' title="bbox 2174 4492 3772 4563; baseline -0.004 -11"><span class='ocrx_word' id='word_1_635' title='bbox 2174 4497 2480 4555; x_wconf 69' lang='lat' dir='ltr'><strong>CIIISIIBUI</strong></span> <span class='ocrx_word' id='word_1_636' title='bbox 2512 4497 2815 4553; x_wconf 78' lang='lat' dir='ltr'><strong>Caurieusia</strong></span> <span class='ocrx_word' id='word_1_637' title='bbox 2837 4492 3086 4555; x_wconf 70' lang='lat' dir='ltr'><strong>dimcesis</strong></span> <span class='ocrx_word' id='word_1_638' title='bbox 3117 4495 3365 4563; x_wconf 73' lang='lat' dir='ltr'><strong>descripti</strong></span> <span class='ocrx_word' id='word_1_639' title='bbox 3384 4502 3528 4547; x_wconf 91' lang='lat' dir='ltr'><strong>sunt.</strong></span> <span class='ocrx_word' id='word_1_640' title='bbox 3555 4495 3609 4545; x_wconf 94' lang='lat' dir='ltr'><strong>In</strong></span> <span class='ocrx_word' id='word_1_641' title='bbox 3645 4492 3772 4547; x_wconf 87' lang='lat' dir='ltr'><strong>reli-</strong></span> 
     </span>
    </p>
   </div>
   <div class='ocr_carea' id='block_1_116' title="bbox 2171 4564 3767 4637">
    <p class='ocr_par' dir='ltr' id='par_1_116' title="bbox 2171 4564 3767 4637">
     <span class='ocr_line' id='line_1_117' title="bbox 2171 4564 3767 4637; baseline -0.001 -18"><span class='ocrx_word' id='word_1_642' title='bbox 2171 4571 2288 4637; x_wconf 89' lang='lat' dir='ltr'><strong>quis</strong></span> <span class='ocrx_word' id='word_1_643' title='bbox 2321 4570 2467 4623; x_wconf 79' lang='lat' dir='ltr'><strong>Iibris</strong></span> <span class='ocrx_word' id='word_1_644' title='bbox 2516 4569 2961 4621; x_wconf 80' lang='lat' dir='ltr'><strong>desiderabantur</strong></span> <span class='ocrx_word' id='word_1_645' title='bbox 2982 4608 2996 4631; x_wconf 97' lang='lat'><strong>,</strong></span> <span class='ocrx_word' id='word_1_646' title='bbox 3029 4567 3116 4636; x_wconf 92' lang='lat' dir='ltr'><strong>qui</strong></span> <span class='ocrx_word' id='word_1_647' title='bbox 3157 4570 3224 4621; x_wconf 89' lang='lat' dir='ltr'><strong>ab</strong></span> <span class='ocrx_word' id='word_1_648' title='bbox 3254 4565 3381 4620; x_wconf 85' lang='lat' dir='ltr'><strong>Osio</strong></span> <span class='ocrx_word' id='word_1_649' title='bbox 3412 4564 3767 4633; x_wconf 86' lang='lat' dir='ltr'><strong>incipiebant,</strong></span> 
     </span>
    </p>
   </div>
   <div class='ocr_carea' id='block_1_117' title="bbox 2171 4637 3768 4707">
    <p class='ocr_par' dir='ltr' id='par_1_117' title="bbox 2171 4637 3768 4707">
     <span class='ocr_line' id='line_1_118' title="bbox 2171 4637 3768 4707; baseline -0.004 -13"><span class='ocrx_word' id='word_1_650' title='bbox 2171 4653 2223 4694; x_wconf 88' lang='lat' dir='ltr'><strong>et</strong></span> <span class='ocrx_word' id='word_1_651' title='bbox 2252 4654 2318 4693; x_wconf 81' lang='lat' dir='ltr'><strong>ex</strong></span> <span class='ocrx_word' id='word_1_652' title='bbox 2347 4641 2461 4707; x_wconf 89' lang='lat' dir='ltr'><strong>ipso</strong></span> <span class='ocrx_word' id='word_1_653' title='bbox 2488 4649 2542 4691; x_wconf 90' lang='lat' dir='ltr'><strong>et</strong></span> <span class='ocrx_word' id='word_1_654' title='bbox 2564 4639 2870 4692; x_wconf 84' lang='lat' dir='ltr'><strong>Marcellino</strong></span> <span class='ocrx_word' id='word_1_655' title='bbox 2901 4654 3063 4691; x_wconf 86' lang='lat' dir='ltr'><strong>unum</strong></span> <span class='ocrx_word' id='word_1_656' title='bbox 3099 4637 3332 4693; x_wconf 79' lang='lat' dir='ltr'><strong>fecerant</strong></span> <span class='ocrx_word' id='word_1_657' title='bbox 3357 4647 3536 4707; x_wconf 69' lang='lat' dir='ltr'><strong>caput.</strong></span> <span class='ocrx_word' id='word_1_658' title='bbox 3565 4638 3768 4707; x_wconf 65' lang='lat' dir='ltr'><strong>Penes.</strong></span> 
     </span>
    </p>
   </div>
   <div class='ocr_carea' id='block_1_118' title="bbox 2246 4705 3774 4780">
    <p class='ocr_par' dir='ltr' id='par_1_118' title="bbox 2246 4705 3774 4780">
     <span class='ocr_line' id='line_1_119' title="bbox 2246 4705 3774 4780; baseline -0.001 -18"><span class='ocrx_word' id='word_1_659' title='bbox 2246 4705 2384 4763; x_wconf 67' lang='lat' dir='ltr'><strong>Ibid.</strong></span> <span class='ocrx_word' id='word_1_660' title='bbox 2415 4712 2718 4780; x_wconf 82' lang='lat' dir='ltr'><strong>composuit,</strong></span> <span class='ocrx_word' id='word_1_661' title='bbox 2742 4720 2845 4765; x_wconf 88' lang='lat' dir='ltr'><strong>etc.</strong></span> <span class='ocrx_word' id='word_1_662' title='bbox 2879 4709 3182 4763; x_wconf 84' lang='lat' dir='ltr'><strong>Seutentias</strong></span> <span class='ocrx_word' id='word_1_663' title='bbox 3209 4722 3328 4780; x_wconf 72' lang='lat' dir='ltr'><strong>esse</strong></span> <span class='ocrx_word' id='word_1_664' title='bbox 3356 4706 3508 4780; x_wconf 79' lang='lat' dir='ltr'><strong>Xyin</strong></span> <span class='ocrx_word' id='word_1_665' title='bbox 3534 4705 3774 4774; x_wconf 87' lang='lat' dir='ltr'><strong>philoso-</strong></span> 
     </span>
    </p>
   </div>
   <div class='ocr_carea' id='block_1_119' title="bbox 2170 4777 3774 4851">
    <p class='ocr_par' dir='ltr' id='par_1_119' title="bbox 2170 4777 3774 4851">
     <span class='ocr_line' id='line_1_120' title="bbox 2170 4777 3774 4851; baseline -0.002 -18"><span class='ocrx_word' id='word_1_666' title='bbox 2170 4779 2284 4851; x_wconf 85' lang='lat' dir='ltr'><strong>phi,</strong></span> <span class='ocrx_word' id='word_1_667' title='bbox 2306 4795 2409 4834; x_wconf 92' lang='lat' dir='ltr'><strong>non</strong></span> <span class='ocrx_word' id='word_1_668' title='bbox 2436 4777 2704 4850; x_wconf 83' lang='lat' dir='ltr'><strong>martyris,</strong></span> <span class='ocrx_word' id='word_1_669' title='bbox 2730 4781 2801 4834; x_wconf 88' lang='lat' dir='ltr'><strong>ait</strong></span> <span class='ocrx_word' id='word_1_670' title='bbox 2838 4780 3145 4851; x_wconf 86' lang='lat' dir='ltr'><strong>llieronym.</strong></span> <span class='ocrx_word' id='word_1_671' title='bbox 3182 4778 3248 4832; x_wconf 86' lang='lat' dir='ltr'><strong>ad</strong></span> <span class='ocrx_word' id='word_1_672' title='bbox 3271 4777 3701 4851; x_wconf 82' lang='lat' dir='ltr'><strong>Ctesiphontem,</strong></span> <span class='ocrx_word' id='word_1_673' title='bbox 3721 4785 3774 4831; x_wconf 92' lang='lat' dir='ltr'><strong>et</strong></span> 
     </span>
    </p>
   </div>
   <div class='ocr_carea' id='block_1_120' title="bbox 2174 4849 3772 4918">
    <p class='ocr_par' dir='ltr' id='par_1_120' title="bbox 2174 4849 3772 4918">
     <span class='ocr_line' id='line_1_121' title="bbox 2174 4849 3772 4918; baseline -0.003 -13"><span class='ocrx_word' id='word_1_674' title='bbox 2174 4849 2301 4905; x_wconf 74' lang='lat' dir='ltr'><strong>itvnt</strong></span> <span class='ocrx_word' id='word_1_675' title='bbox 2336 4851 2553 4916; x_wconf 78' lang='lat' dir='ltr'><strong>Ezech.,</strong></span> <span class='ocrx_word' id='word_1_676' title='bbox 2584 4858 2636 4904; x_wconf 91' lang='lat' dir='ltr'><strong>et</strong></span> <span class='ocrx_word' id='word_1_677' title='bbox 2667 4866 2682 4904; x_wconf 91' lang='lat' dir='ltr'><strong>t</strong></span> <span class='ocrx_word' id='word_1_678' title='bbox 2712 4852 2802 4904; x_wconf 92' lang='lat' dir='ltr'><strong>lib.</strong></span> <span class='ocrx_word' id='word_1_679' title='bbox 2856 4850 2908 4903; x_wconf 91' lang='lat' dir='ltr'><strong>in</strong></span> <span class='ocrx_word' id='word_1_680' title='bbox 2939 4849 3273 4903; x_wconf 74' lang='lat' dir='ltr'><strong>.I0vinianunt</strong></span> <span class='ocrx_word' id='word_1_681' title='bbox 3294 4890 3307 4912; x_wconf 93' lang='lat'><strong>,</strong></span> <span class='ocrx_word' id='word_1_682' title='bbox 3364 4863 3470 4918; x_wconf 90' lang='lat' dir='ltr'><strong>quo</strong></span> <span class='ocrx_word' id='word_1_683' title='bbox 3513 4850 3772 4918; x_wconf 86' lang='lat' dir='ltr'><strong>deceptus</strong></span> 
     </span>
    </p>
   </div>
   <div class='ocr_carea' id='block_1_121' title="bbox 2172 4919 3375 4989">
    <p class='ocr_par' dir='ltr' id='par_1_121' title="bbox 2172 4919 3375 4989">
     <span class='ocr_line' id='line_1_122' title="bbox 2172 4919 3375 4989; baseline -0.003 -10"><span class='ocrx_word' id='word_1_684' title='bbox 2172 4919 2417 4987; x_wconf 69' lang='lat' dir='ltr'><strong>Ruﬁnus,</strong></span> <span class='ocrx_word' id='word_1_685' title='bbox 2445 4931 2499 4976; x_wconf 90' lang='lat' dir='ltr'><strong>et</strong></span> <span class='ocrx_word' id='word_1_686' title='bbox 2524 4930 2778 4975; x_wconf 83' lang='lat' dir='ltr'><strong>retractat</strong></span> <span class='ocrx_word' id='word_1_687' title='bbox 2808 4922 3148 4989; x_wconf 84' lang='lat' dir='ltr'><strong>Augustinus.</strong></span> <span class='ocrx_word' id='word_1_688' title='bbox 3176 4920 3375 4975; x_wconf 66' lang='lat' dir='ltr'><strong>Panes.</strong></span> 
     </span>
    </p>
   </div>
   <div class='ocr_carea' id='block_1_122' title="bbox 2245 4988 3772 5056">
    <p class='ocr_par' dir='ltr' id='par_1_122' title="bbox 2245 4988 3772 5056">
     <span class='ocr_line' id='line_1_123' title="bbox 2245 4988 3772 5056; baseline -0.003 -11"><span class='ocrx_word' id='word_1_689' title='bbox 2245 4989 2384 5045; x_wconf 82' lang='lat' dir='ltr'><strong>Ibid.</strong></span> <span class='ocrx_word' id='word_1_690' title='bbox 2414 4994 2492 5047; x_wconf 83' lang='lat' dir='ltr'><strong>Ab</strong></span> <span class='ocrx_word' id='word_1_691' title='bbox 2525 4993 2814 5056; x_wconf 66' lang='lat' dir='ltr'><strong>Itusreticis,</strong></span> <span class='ocrx_word' id='word_1_692' title='bbox 2842 4988 2915 5045; x_wconf 87' lang='lat' dir='ltr'><strong>aii.</strong></span> <span class='ocrx_word' id='word_1_693' title='bbox 2940 4992 3200 5055; x_wconf 82' lang='lat' dir='ltr'><strong>Gelasius,</strong></span> <span class='ocrx_word' id='word_1_694' title='bbox 3226 4990 3291 5044; x_wconf 80' lang='grc'><strong>15</strong></span> <span class='ocrx_word' id='word_1_695' title='bbox 3309 4988 3543 5045; x_wconf 90' lang='lat' dir='ltr'><strong>distinct.</strong></span> <span class='ocrx_word' id='word_1_696' title='bbox 3569 4989 3772 5043; x_wconf 71' lang='lat' dir='ltr'><strong>Penes.</strong></span> 
     </span>
    </p>
   </div>
   <div class='ocr_carea' id='block_1_123' title="bbox 2244 5059 3774 5133">
    <p class='ocr_par' dir='ltr' id='par_1_123' title="bbox 2244 5059 3774 5133">
     <span class='ocr_line' id='line_1_124' title="bbox 2244 5059 3774 5133; baseline -0.003 -16"><span class='ocrx_word' id='word_1_697' title='bbox 2244 5062 2384 5117; x_wconf 83' lang='lat' dir='ltr'><strong>Ibid.</strong></span> <span class='ocrx_word' id='word_1_698' title='bbox 2400 5061 2535 5133; x_wconf 80' lang='lat' dir='ltr'><strong>Quid</strong></span> <span class='ocrx_word' id='word_1_699' title='bbox 2554 5063 2889 5118; x_wconf 73' lang='lat' dir='ltr'><strong>Sf&#39;ttlietttlum</strong></span> <span class='ocrx_word' id='word_1_700' title='bbox 2919 5064 2990 5119; x_wconf 69' lang='lat' dir='ltr'><strong>sit</strong></span> <span class='ocrx_word' id='word_1_701' title='bbox 3009 5063 3075 5119; x_wconf 91' lang='lat' dir='ltr'><strong>de</strong></span> <span class='ocrx_word' id='word_1_702' title='bbox 3106 5062 3385 5133; x_wconf 79' lang='lat' dir='ltr'><strong>Proverbii</strong></span> <span class='ocrx_word' id='word_1_703' title='bbox 3418 5060 3573 5133; x_wconf 80' lang='lat' dir='ltr'><strong>Xysti</strong></span> <span class='ocrx_word' id='word_1_704' title='bbox 3598 5059 3774 5133; x_wconf 74' lang='lat' dir='ltr'><strong>noui-</strong></span> 
     </span>
    </p>
   </div>
   <div class='ocr_carea' id='block_1_124' title="bbox 2175 5130 3773 5203">
    <p class='ocr_par' dir='ltr' id='par_1_124' title="bbox 2175 5130 3773 5203">
     <span class='ocr_line' id='line_1_125' title="bbox 2175 5130 3773 5203; baseline -0.003 -15"><span class='ocrx_word' id='word_1_705' title='bbox 2175 5149 2243 5189; x_wconf 89' lang='lat' dir='ltr'><strong>ne</strong></span> <span class='ocrx_word' id='word_1_706' title='bbox 2268 5130 2513 5203; x_wconf 78' lang='lat' dir='ltr'><strong>vulgatis.</strong></span> <span class='ocrx_word' id='word_1_707' title='bbox 2539 5134 2948 5203; x_wconf 82' lang='lat' dir='ltr'><strong>docetMiraeus,</strong></span> <span class='ocrx_word' id='word_1_708' title='bbox 2969 5133 3033 5187; x_wconf 81' lang='lat' dir='ltr'><strong>ad</strong></span> <span class='ocrx_word' id='word_1_709' title='bbox 3066 5150 3182 5201; x_wconf 86' lang='lat' dir='ltr'><strong>cap.</strong></span> <span class='ocrx_word' id='word_1_710' title='bbox 3212 5130 3574 5187; x_wconf 39' lang='lat' dir='ltr'><strong>’I7Gennadii.</strong></span> <span class='ocrx_word' id='word_1_711' title='bbox 3598 5131 3773 5185; x_wconf 74' lang='lat' dir='ltr'><strong>Anev.</strong></span> 
     </span>
    </p>
   </div>
   <div class='ocr_carea' id='block_1_125' title="bbox 2247 5203 3776 5273">
    <p class='ocr_par' dir='ltr' id='par_1_125' title="bbox 2247 5203 3776 5273">
     <span class='ocr_line' id='line_1_126' title="bbox 2247 5203 3776 5273; baseline -0.003 -14"><span class='ocrx_word' id='word_1_712' title='bbox 2247 5206 2301 5259; x_wconf 78' lang='grc'><strong>5.</strong></span> <span class='ocrx_word' id='word_1_713' title='bbox 2335 5206 2655 5261; x_wconf 78' lang='lat' dir='ltr'><strong>Macrobius.</strong></span> <span class='ocrx_word' id='word_1_714' title='bbox 2685 5206 2839 5272; x_wconf 88' lang='lat' dir='ltr'><strong>Apud</strong></span> <span class='ocrx_word' id='word_1_715' title='bbox 2884 5204 3215 5258; x_wconf 85' lang='lat' dir='ltr'><strong>Ccnnadium</strong></span> <span class='ocrx_word' id='word_1_716' title='bbox 3260 5204 3454 5258; x_wconf 84' lang='lat' dir='ltr'><strong>dicitur</strong></span> <span class='ocrx_word' id='word_1_717' title='bbox 3492 5203 3776 5273; x_wconf 76' lang='lat' dir='ltr'><strong>presbyter</strong></span> 
     </span>
    </p>
   </div>
   <div class='ocr_carea' id='block_1_126' title="bbox 2175 5274 3773 5344">
    <p class='ocr_par' dir='ltr' id='par_1_126' title="bbox 2175 5274 3773 5344">
     <span class='ocr_line' id='line_1_127' title="bbox 2175 5274 3773 5344; baseline -0.005 -9"><span class='ocrx_word' id='word_1_718' title='bbox 2175 5280 2322 5344; x_wconf 82' lang='lat' dir='ltr'><strong>Afer,</strong></span> <span class='ocrx_word' id='word_1_719' title='bbox 2358 5278 2671 5339; x_wconf 69' lang='lat' dir='ltr'><strong>Ita-relictis,</strong></span> <span class='ocrx_word' id='word_1_720' title='bbox 2706 5276 3028 5329; x_wconf 76' lang='lat' dir='ltr'><strong>ttonntianus</strong></span> <span class='ocrx_word' id='word_1_721' title='bbox 3048 5318 3060 5339; x_wconf 96' lang='lat'><strong>,</strong></span> <span class='ocrx_word' id='word_1_722' title='bbox 3089 5277 3202 5330; x_wconf 90' lang='lat' dir='ltr'><strong>sive</strong></span> <span class='ocrx_word' id='word_1_723' title='bbox 3233 5275 3544 5331; x_wconf 84' lang='lat' dir='ltr'><strong>Montensis.</strong></span> <span class='ocrx_word' id='word_1_724' title='bbox 3568 5274 3773 5344; x_wconf 66' lang='lat' dir='ltr'><strong>Paul.</strong></span> 
     </span>
    </p>
   </div>
   <div class='ocr_carea' id='block_1_127' title="bbox 2247 5342 3772 5417">
    <p class='ocr_par' dir='ltr' id='par_1_127' title="bbox 2247 5342 3772 5417">
     <span class='ocr_line' id='line_1_128' title="bbox 2247 5342 3772 5417; baseline -0.002 -15"><span class='ocrx_word' id='word_1_725' title='bbox 2247 5342 2384 5402; x_wconf 82' lang='lat' dir='ltr'><strong>Ibid.</strong></span> <span class='ocrx_word' id='word_1_726' title='bbox 2415 5348 2647 5413; x_wconf 71' lang='lat' dir='ltr'><strong>MITIEIIS,</strong></span> <span class='ocrx_word' id='word_1_727' title='bbox 2667 5346 2770 5400; x_wconf 86' lang='lat' dir='ltr'><strong>hoc</strong></span> <span class='ocrx_word' id='word_1_728' title='bbox 2796 5349 2932 5409; x_wconf 90' lang='lat' dir='ltr'><strong>loco,</strong></span> <span class='ocrx_word' id='word_1_729' title='bbox 2958 5362 3019 5399; x_wconf 81' lang='lat' dir='ltr'><strong>ac</strong></span> <span class='ocrx_word' id='word_1_730' title='bbox 3043 5361 3185 5417; x_wconf 65' lang='lat' dir='ltr'><strong>saepe</strong></span> <span class='ocrx_word' id='word_1_731' title='bbox 3209 5346 3362 5410; x_wconf 90' lang='lat' dir='ltr'><strong>alibi,</strong></span> <span class='ocrx_word' id='word_1_732' title='bbox 3391 5354 3541 5399; x_wconf 83' lang='lat' dir='ltr'><strong>notas</strong></span> <span class='ocrx_word' id='word_1_733' title='bbox 3564 5342 3772 5417; x_wconf 75' lang='lat' dir='ltr'><strong>Perezii</strong></span> 
     </span>
    </p>
   </div>
   <div class='ocr_carea' id='block_1_128' title="bbox 2176 5414 3772 5491">
    <p class='ocr_par' dir='ltr' id='par_1_128' title="bbox 2176 5414 3772 5491">
     <span class='ocr_line' id='line_1_129' title="bbox 2176 5414 3772 5491; baseline -0.004 -15"><span class='ocrx_word' id='word_1_734' title='bbox 2176 5437 2273 5491; x_wconf 90' lang='lat' dir='ltr'><strong>per</strong></span> <span class='ocrx_word' id='word_1_735' title='bbox 2311 5434 2557 5491; x_wconf 12' lang='lat' dir='ltr'><strong>errorem,</strong></span> <span class='ocrx_word' id='word_1_736' title='bbox 2608 5420 2815 5491; x_wconf 67' lang='lat' dir='ltr'><strong>Loaisas</strong></span> <span class='ocrx_word' id='word_1_737' title='bbox 2864 5414 3227 5491; x_wconf 43' lang='lat' dir='ltr'><strong>ascribit.&#39;An</strong></span> <span class='ocrx_word' id='word_1_738' title='bbox 3271 5428 3455 5491; x_wconf 64' lang='lat' dir='ltr'><strong>autem</strong></span> <span class='ocrx_word' id='word_1_739' title='bbox 3485 5418 3648 5491; x_wconf 65' lang='lat' dir='ltr'><strong>idem</strong></span> <span class='ocrx_word' id='word_1_740' title='bbox 3691 5414 3772 5491; x_wconf 72' lang='lat' dir='ltr'><strong>sit</strong></span> 
     </span>
    </p>
   </div>
   <div class='ocr_carea' id='block_1_129' title="bbox 2177 5487 3771 5559">
    <p class='ocr_par' dir='ltr' id='par_1_129' title="bbox 2177 5487 3771 5559">
     <span class='ocr_line' id='line_1_130' title="bbox 2177 5487 3771 5559; baseline -0.002 -12"><span class='ocrx_word' id='word_1_741' title='bbox 2177 5487 2499 5549; x_wconf 82' lang='lat' dir='ltr'><strong>Macrobius,</strong></span> <span class='ocrx_word' id='word_1_742' title='bbox 2530 5490 2597 5545; x_wconf 90' lang='lat' dir='ltr'><strong>de</strong></span> <span class='ocrx_word' id='word_1_743' title='bbox 2630 5504 2739 5558; x_wconf 79' lang='lat' dir='ltr'><strong>quo</strong></span> <span class='ocrx_word' id='word_1_744' title='bbox 2761 5488 3091 5555; x_wconf 69' lang='lat' dir='ltr'><strong>Gennadius,</strong></span> <span class='ocrx_word' id='word_1_745' title='bbox 3115 5505 3234 5559; x_wconf 77' lang='lat' dir='ltr'><strong>cap.</strong></span> <span class='ocrx_word' id='word_1_746' title='bbox 3266 5489 3329 5557; x_wconf 76' lang='lat'><strong>5,</strong></span> <span class='ocrx_word' id='word_1_747' title='bbox 3349 5504 3455 5544; x_wconf 72' lang='lat' dir='ltr'><strong>non</strong></span> <span class='ocrx_word' id='word_1_748' title='bbox 3482 5487 3555 5541; x_wconf 87' lang='lat' dir='ltr'><strong>ita</strong></span> <span class='ocrx_word' id='word_1_749' title='bbox 3582 5487 3771 5558; x_wconf 76' lang='lat' dir='ltr'><strong>explo-</strong></span> 
     </span>
    </p>
   </div>
   <div class='ocr_carea' id='block_1_130' title="bbox 2178 5564 2816 5618">
    <p class='ocr_par' dir='ltr' id='par_1_130' title="bbox 2178 5564 2816 5618">
     <span class='ocr_line' id='line_1_131' title="bbox 2178 5564 2816 5618; baseline -0.009 0"><span class='ocrx_word' id='word_1_750' title='bbox 2178 5574 2352 5618; x_wconf 87' lang='lat' dir='ltr'><strong>ratum</strong></span> <span class='ocrx_word' id='word_1_751' title='bbox 2385 5564 2609 5616; x_wconf 82' lang='lat' dir='ltr'><strong>videtur.</strong></span> <span class='ocrx_word' id='word_1_752' title='bbox 2647 5566 2816 5616; x_wconf 75' lang='lat' dir='ltr'><strong>Ansv.</strong></span> 
     </span>
    </p>
   </div>
   <div class='ocr_carea' id='block_1_131' title="bbox 2215 5629 3444 5705">
    <p class='ocr_par' dir='ltr' id='par_1_131' title="bbox 2215 5629 3444 5705">
     <span class='ocr_line' id='line_1_132' title="bbox 2215 5629 3444 5705; baseline -0.002 -18"><span class='ocrx_word' id='word_1_753' title='bbox 2215 5634 2299 5705; x_wconf 43' lang='grc' dir='ltr'><strong>Α.</strong></span> <span class='ocrx_word' id='word_1_754' title='bbox 2345 5633 2447 5687; x_wconf 83' lang='lat' dir='ltr'><strong>Hic</strong></span> <span class='ocrx_word' id='word_1_755' title='bbox 2476 5637 2643 5705; x_wconf 86' lang='lat' dir='ltr'><strong>longe.</strong></span> <span class='ocrx_word' id='word_1_756' title='bbox 2678 5637 2831 5705; x_wconf 83' lang='lat' dir='ltr'><strong>Anno</strong></span> <span class='ocrx_word' id='word_1_757' title='bbox 2846 5629 3068 5705; x_wconf 75' lang='lat' dir='ltr'><strong>Christi</strong></span> <span class='ocrx_word' id='word_1_758' title='bbox 3089 5630 3214 5686; x_wconf 76' lang='lat'><strong>580.</strong></span> <span class='ocrx_word' id='word_1_759' title='bbox 3247 5631 3444 5705; x_wconf 67' lang='lat' dir='ltr'><strong>Panas.</strong></span> 
     </span>
    </p>
   </div>
   <div class='ocr_carea' id='block_1_132' title="bbox 2174 5699 3770 5834">
    <p class='ocr_par' dir='ltr' id='par_1_132' title="bbox 2174 5699 3770 5834">
     <span class='ocr_line' id='line_1_133' title="bbox 2174 5699 3770 5834; baseline 0.003 -77"><span class='ocrx_word' id='word_1_760' title='bbox 2174 5703 2389 5834; x_wconf 44' lang='lat' dir='ltr'><strong>Pziléizd.</strong></span> <span class='ocrx_word' id='word_1_761' title='bbox 2429 5699 2669 5779; x_wconf 58' lang='lat' dir='ltr'><strong>August,</strong></span> <span class='ocrx_word' id='word_1_762' title='bbox 2714 5704 2782 5761; x_wconf 88' lang='lat' dir='ltr'><strong>ad</strong></span> <span class='ocrx_word' id='word_1_763' title='bbox 2828 5701 3291 5774; x_wconf 81' lang='lat' dir='ltr'><strong>Quodvultdeum,</strong></span> <span class='ocrx_word' id='word_1_764' title='bbox 3338 5703 3405 5761; x_wconf 87' lang='lat' dir='ltr'><strong>de</strong></span> <span class='ocrx_word' id='word_1_765' title='bbox 3446 5699 3770 5772; x_wconf 62' lang='lat' dir='ltr'><strong>“arcibus.</strong></span> 
     </span>
    </p>
   </div>
  </div>
