4086 6350
321 336 458 398 1089

1379 324 1466 382 DE
1507 321 1688 379 VlBlS
1726 319 2174 377 ILLUSTRIBUS
2214 318 2444 376 LIBER.

3451 331 3584 390 1090

321 449 466 522 nymi
489 441 821 516 presbyteri,
855 440 1010 513 155
1029 453 1147 510 quae
1187 452 1353 508 usque
1390 436 1545 491 hodie
1575 436 1628 489 in
1657 434 1896 490 Valentis
1927 442 1976 501 Α
2004 434 2304 504 multasque
2348 449 2470 489 cum
2522 433 2680 489 beato
2729 434 3016 506 Fulgentio
3064 439 3458 507 propositiones
3508 448 3589 500 al-

322 539 544 608 Augusti
585 535 862 602 imperium
901 533 1040 588 edita
1073 531 1397 589 declaratur.
1426 528 1622 582 dehinc
1649 527 1714 580 ab
1763 541 1903 580 anno

323 631 495 702 primo
539 625 830 682 Theodosii
879 623 1100 693 Augusti
1151 638 1320 690 usque
1376 623 1428 674 in
1458 634 1654 673 annum
1697 617 1906 687 imperii

323 723 518 782 Leonis
544 729 790 775 octavum
823 716 1158 786 subjunctam
1219 713 1459 782 sequitur
1503 709 1800 777 historiam,
1855 709 1907 763 in

324 833 426 888 qua
493 815 662 884 magis
738 811 1090 866 Barbararum
1149 806 1384 878 gentium
1463 806 1602 860 bella
1672 802 1908 858 crudelia

325 920 542 977 narrat,
591 923 710 978 qute
765 907 1100 977 premebant,
1130 904 1456 973 Hispaniam.
1522 901 1763 957 Decessit
1812 900 1911 954 sub

326 1005 504 1061 Leone
537 1003 799 1072 principe,
855 999 1038 1054 ultima
1076 997 1188 1068 jam
1241 1011 1378 1066 pene
1423 1004 1721 1062 senectute,
1775 993 1913 1050 sicut

326 1097 486 1156 etiam
513 1093 842 1167 praefationis
871 1106 982 1148 sua
1013 1092 1413 1148 demonstratur
1441 1088 1658 1144 indicio.

956 1222 1182 1280 CAPUT
1220 1223 1290 1277 X.

405 1328 492 1384 12.
524 1326 814 1391 Eusebius,
851 1324 1170 1380 Dorolitanae
1213 1322 1360 1376 urbis
1393 1321 1701 1390 episcopus.
1737 1317 1833 1372 llic
1864 1318 1916 1373 in

330 1429 475 1477 cuitu
502 1417 954 1474 Chalcedonensis
992 1414 1204 1470 concilii
1235 1412 1764 1467 contra°Dioscorum
1808 1409 1918 1463 ha:-

332 1513 558 1569 reticum
580 1509 959 1566 Alexandrinas
983 1507 1132 1562 urbis
1158 1507 1465 1576 episcopum
1484 1503 1679 1558 librum
1706 1502 1914 1566 obtulit,

333 1621 398 1662 ac
429 1603 679 1675 prinsenti
714 1602 920 1674 synodo
960 1615 1146 1654 omnes
1191 1599 1428 1668 Diqscori
1460 1611 1673 1652 errores
1707 1605 1760 1649 et
1808 1594 1920 1648 bla-

334 1695 607 1768 sphemias
649 1693 912 1748 recitavit.
956 1691 1106 1746 Hunc
1145 1691 1287 1745 enim
1332 1703 1394 1743 ac
1434 1697 1676 1742 sanetum
1709 1685 1920 1738 Flavia-

338 1803 465 1843 num
508 1784 1158 1852 Constantinoliolitanum
1189 1782 1496 1850 episcopum
1529 1779 1668 1834 idem
1701 1779 1919 1832 Diosco-

337 1895 430 1936 rus
468 1880 519 1934 in
556 1877 829 1948 Ephesiua
861 1875 1093 1930 secunda
1148 1874 1353 1945 synodo
1389 1871 1919 1928 excommunicatio-

337 1970 424 2024 nis
455 1968 723 2023 sententia
751 1966 1043 2036 dejecerat,
1074 1978 1139 2018 eo
1167 1964 1306 2033 quod
1351 1979 1445 2032 pro
1486 1962 1784 2016 orthodoxa
1819 1961 1920 2014 lide

337 2070 522 2117 contra
563 2060 792 2116 haeresim
831 2066 1207 2127 repugnarent.
1246 2057 1395 2111 Unde
1429 2065 1611 2126 postea
1641 2055 1782 2109 idem
1817 2055 1923 2108 Eu-

338 2151 520 2206 sebius
577 2151 631 2205 in
698 2146 1125 2202 (lbalcedonensi
1198 2147 1402 2216 synodo
1457 2145 1922 2200 innumerabilium

339 2244 602 2300 malorum
650 2239 768 2310 ejus
809 2241 1066 2304 crimina,
1113 2239 1194 2293 vel
1244 2238 1602 2308 blaSphemias
1646 2238 1920 2307 detegens,

339 2334 697 2390 damnationis
747 2331 863 2400 ejus
911 2329 1232 2384 sententiam
1285 2344 1445 2397 super
1491 2344 1612 2383 eum
1663 2343 1692 2382 a
1739 2336 1924 2381 sancto

340 2425 570 2481 concilio
617 2426 963 2495 imprecatur,
996 2421 1225 2487 scilicet,
1261 2430 1318 2474 ut
1345 2420 1485 2490 quod
1515 2420 1657 2490 juste
1689 2420 1778 2474 ille
1809 2419 1926 2475 aliis

342 2514 617 2581 intulerat,
641 2513 693 2569 in
715 2528 780 2568 eo
800 2513 943 2582 juste
965 2518 1384 2578 retorqueretur.

949 2641 1176 2698 CAPUT
1228 2642 1318 2698 XI.

419 2736 505 2803 '15;
519 2743 772 2811 Cerealis,
789 2743 1206 2799 Castellanensis
1223 2743 1478 2799 Ecclesia:
1491 2745 1794 2814 episcopus.
1811 2743 1924 2810 Hic,

345 2837 473 2894 dum
505 2837 644 2907 apud
678 2835 1176 2906 Carthaginiensem
1204 2836 1400 2890 Africa:
1427 2837 1713 2906 provinciae
1741 2839 1925 2892 urbem

346 2928 605 2994 venisset,
652 2927 718 2983 de
759 2926 865 2982 ﬁde
901 2937 1101 2982 sancta:
1133 2926 1408 2982 Trinitatis
1439 2943 1558 2983 cum
1585 2928 1924 2995 Maximiano,

344 3019 774 3076 Ammonitarum
795 3017 1069 3088 episcopo,
1099 3028 1444 3074 concertatus
1471 3029 1574 3085 est,
1599 3019 1931 3088 respondens

348 3111 799 3185 propositionibus
849 3112 987 3180 ejus,
1030 3125 1135 3167 non
1179 3112 1513 3182 eloquiorum
1565 3115 1927 3182 argumentis,

347 3209 442 3267 sed
489 3209 554 3265 de
611 3207 933 3266 testimoniis
991 3217 1295 3262 sanctarum
1351 3208 1768 3278 Scripturarum.
1826 3209 1930 3263 Ex-
1961 3222 2004 3285 ο

347 3314 457 3362 stat
481 3304 583 3361 hoc
613 3306 785 3375 ipsum
816 3304 1056 3373 ejusdem
1088 3305 1403 3374 opusculum
1447 3321 1637 3362 novem
1665 3315 1720 3361 et
1743 3305 1928 3361 decem

349 3400 758 3470 responsionum
788 3398 1032 3468 capitulis
1060 3397 1462 3468 praesignatum.

947 3525 1172 3582 CAPUT
1211 3525 1324 3580 XII.

422 3634 507 3688 14.
535 3630 856 3694 Ferrandus,
886 3626 1340 3697 Carthaginiensis
1371 3624 1622 3682 Ecclesiae
1652 3626 1930 3694 diaconus,

357 3721 518 3796 ιω
538 3722 759 3776 multum
790 3721 840 3773 in
867 3719 1036 3773 sacris
1067 3717 1355 3786 Scripturis
1385 3716 1629 3772 ﬂoruisse
1653 3718 1929 3783 asseritur,

351 3868 437 3912 tor
460 3850 796 3916 Priscilliani,
820 3847 978 3903 fuerit
1002 3847 1283 3916 episcopus
1308 3846 1668 3912 Lamecensns,
1697 3851 1927 3901 asseruit

349 3925 578 3998 quidem
614 3920 972 3998 Quesnellius,
1001 3918 1134 3998 “sed.
1158 3918 1443 3998 luosetiam
1492 3916 1777 3998 incertum“
1782 3932 1921 3981 esse,

353 3987 494 4053 i'dem
525 3987 798 4050 Florezius
829 3989 1081 4045 ostendit.
1122 3987 1282 4042 ldacii
1311 3987 1610 4042 Cill‘OlliCtm
1644 4000 1696 4042 et
1739 3987 1926 4042 Fastos

355 4069 519 4124 habes
541 4067 592 4119 in
618 4065 709 4118 cit.
741 4063 874 4116 Bibl.
902 4059 1169 4122 Calland.,
1203 4068 1332 4114 tom.
1381 4057 1457 4124 X,
1491 4073 1544 4126 p.
1576 4057 1700 4112 3'25.
1752 4063 1922 4112 Anuv.

427 4133 612 4192 12.1n
643 4144 791 4199 coetu,
835 4143 940 4187 etc.
967 4133 1191 4186 Actione
1242 4132 1274 4183 3
1322 4129 1521 4199 Concil.
1569 4129 1820 4183 Chalced.
1852 4159 1922 4171 —-

355 4208 493 4264 Ibid.
528 4198 808 4273 Ephesius.
841 4208 993 4258 Anno
1017 4200 1210 4256 Christi
1236 4198 1364 4254 448.
1391 4232 1461 4242 --
1487 4198 1622 4253 Ibid.
1655 4199 1927 4254 Chalde-

355 4279 518 4336 nensi.
549 4276 700 4330 Anno
725 4275 848 4330 451.
881 4273 1079 4327 Punsz.

429 4349 566 4403 Ibid.
604 4348 678 4400 De
708 4347 936 4399 Eusebio
992 4343 1200 4396 Dor-ilmi
1250 4342 1533 4408 episcopo,
1565 4354 1618 4398 et
1649 4342 1715 4396 de
1749 4355 1933 4397 sancto

357 4422 607 4478 Flaviano
640 4417 899 4472 Harunius
933 4414 1048 4467 fuse
1078 4413 1186 4482 agit
1210 4417 1258 4463 in
1289 4414 1606 4475 Annalibus,
1640 4423 1692 4468 et
1723 4414 1774 4466 in
1819 4424 1928 4467 not.

356 4493 424 4546 ad
451 4489 882 4561 Martyrologium
917 4484 1123 4561 Poma,
1149 4482 1329 4561 die-18
1377 4482 1647 4561 februarii.
1707 4484 1761 4537 In
1809 4485 1931 4537 Edi-

358 4565 504 4618 tione
533 4553 1050 4621 GrialiifmendOse,
1081 4553 1393 4606 Borolitana:
1417 4554 1572 4605 urbis.
1597 4556 1770 4607 Ann.

434 4636 519 4688 15.
556 4631 764 4693 Exstat,
793 4638 894 4681 etc.
925 4643 1043 4680 cum
1073 4626 1188 4678 aliis
1222 4624 1270 4676 in
1299 4625 1704 4692 Haereseologia.
1734 4625 1932 4682 Pensz.

433 4704 571 4757 Ibid.
604 4700 913 4756 Gennadius
939 4698 1214 4750 Cerealem
1240 4694 1629 4758 Castulensem,
1656 4711 1748 4748 seu
1778 4696 1936 4749 Cata-

361 4776 634 4831 lanensem
688 4771 1000 4839 episcopum
1052 4775 1313 4829 recenset,
1361 4781 1481 4834 cap.
1535 4765 1621 4830 96,
1672 4782 1775 4839 quo
1823 4769 1938 4821 loco

364 4847 620 4900 videndus
662 4836 890 4895 bii—rteus.
945 4839 1047 4890 Pro
1076 4847 1393 4889 concertatus
1423 4847 1530 4900 est,
1573 4836 1765 4891 melius
1795 4845 1940 4892 esset

362 4915 700 4976 concertavit;
730 4911 822 4966 sed
853 4909 974 4962 illud
999 4909 1288 4976 genuinum
1322 4907 1548 4960 videtur.
1582 4909 1688 4960 .Pru
1733 4909 1938 4961 Ammo-

364 4989 608 5047 nitarum,
637 4980 826 5036 alicubi
856 4981 1041 5048 legitur
1074 4978 1396 5040 Arianorum,
1431 4992 1523 5031 seu
1548 4977 1936 5046 Africanorum,

363 5059 460 5113 se’d
500 5053 776 5123 legendum
815 5051 1036 5123 Videtur
1057 5049 1512 5123 Ariontanitarum.
1555 5050 1727 5123 Natat
1752 5050 1938 5123 Flore-

365 5131 499 5192 zius,
523 5118 577 5181 iii
598 5122 890 5192 exemplari
912 5119 1159 5173 ltiariana:
1191 5118 1376 5171 deesse
1398 5120 1459 5170 de
1476 5127 1598 5172 ante
1615 5120 1936 5174 testimoniis.

363 5200 534 5254 Auuv.

437 5266 874 5334 N.Rescriptum.
909 5261 1204 5334 Editu_s_est
1232 5257 1937 5334 RomzeabAchilleStatio.

439 5341 575 5394 Ibid.
615 5328 751 5404 Quid
781 5334 1005 5404 prodest.
1036 5328 1208 5404 idem
1255 5329 1468 5404 scripsit
1500 5329 1785 5404 Pontianus
1823 5332 1940 5399 epi-

369 5425 561 5480 scopus
589 5397 717 5465 Ai'er
758 5397 824 5460 ad
854 5401 1209 5480 Justi_iiiaiitint
1266 5399 1394 5480 imp,
1428 5429 1496 5438 —
1540 5397 1677 5480 ibid.
1711 5397 1939 5480 Sihqu'ig.

368 5470 561 5536 Contra
600 5479 785 5535 delinit
828 5472 1018 5529 conuii.
1053 5487 1082 5522 v
1121 5470 1607 5537 ConstantinOpol.,
1640 5480 1742 5526 act.
1769 5474 1801 5527 5
1830 5488 1844 5534 ;
1878 5473 1944 5528 de

368 5551 653 5607 Theodoro
703 5551 1091 5616 Mopsuesteno,
1124 5540 1385 5616 vide_2i,_
1416 5552 1602 5609 quiest.
1633 5541 1940 5616 ἵζε-Ρεῐιεῑο

364 5639 367 5642 ·
435 5621 578 5676 Ibid.
605 5612 906 5676 Ferrandus
945 5614 1202 5668 diaconus
1235 5612 1415 5664 ﬁoruit
1460 5627 1600 5664 anno
1645 5613 1768 5666 507.
1819 5615 1944 5682 Ejus

370 5690 532 5762 opera
564 5693 702 5748 edita
729 5693 957 5762 exstant,
985 5683 1345 5762 Parieneticus
1385 5682 1448 5734 ad
1477 5681 1736 5762 Reginum
1768 5681 1944 5738 Comi-

371 5755 500 5831 tém,
527 5763 789 5830 epistola,
816 5755 1071 5831 breviatio
1097 5766 1381 5831 canonum,
1413 5755 1730 5831 etclhidem
1750 5771 1788 5831 7a
1812 5772 1945 5831 non-

375 5821 531 5897 nullis
555 5821 836 5894 ascribitur
863 5828 981 5885 Vita
1006 5825 1172 5883 sancti
1201 5821 1463 5900 Fulgentii
1499 5825 1789 5898 ltuspensis
1834 5829 1971 5913 θρὶξ

1962 4525 2012 4583 D

2009 528 2172 583 ternis
2202 528 2444 597 epistolis
2490 528 2738 584 habuisse
2777 540 3042 584 narratur.
3088 531 3194 587 Iste
3219 534 3282 586 ad
3314 535 3585 605 Pelagium

2007 629 2061 674 et
2097 621 2400 675 Anatolium
2431 621 2700 676 Romanos
2751 620 3004 676 diaconos
3049 625 3392 681 consulentes
3437 643 3583 693 eum,

2011 718 2186 766 utrum
2203 712 2361 767 liceat
2382 727 2702 782 quemquam
2730 711 2986 766 damnare
3010 724 3128 780 post
3152 725 3399 781 mortem,
3419 720 3587 774 edidit

2011 806 2358 872 rescriptum,
2396 803 2484 857 ubi
2517 804 2655 858 inter
2684 803 2788 858 alia
2815 805 2895 860 sic
2938 805 3150 860 locutus
3199 815 3300 873 est,
3357 809 3581 865 dicens:

2018 911 2038 944 ‹
2073 895 2206 962 Quid
2247 895 2467 964 prodest
2496 896 2884 950 dormientibus
2917 897 3206 952 Ecclesium
3240 902 3589 968 perturbare?

2011 986 2066 1040 Si
2088 987 2206 1053 quis
2242 986 2417 1042 adhuc
2454 989 2506 1040 in
2537 1002 2762 1056 corpore
2808 988 2999 1041 mortis
3041 987 3200 1057 hujus
3227 1001 3509 1045 accusatus
3537 1001 3593 1046 et

2013 1078 2319 1144 damnatus,
2351 1088 2636 1149 antequam
2668 1087 2966 1134 mereretur
2993 1080 3223 1146 absolvi,
3258 1080 3325 1135 de
3353 1081 3593 1136 Ecclesia

2017 1176 2200 1237 raptus
2239 1177 2344 1234 est,
2376 1166 2581 1224 absolvi
2623 1186 2728 1226 non
2785 1180 2959 1239 potest
2997 1171 3230 1225 humano
3261 1172 3486 1242 judicio.
3533 1172 3592 1230 Si

2017 1262 2137 1332 quis
2157 1272 2439 1318 accusatus
2481 1271 2536 1318 et
2580 1263 2858 1319 absolutus
2905 1264 2957 1318 in
3003 1280 3132 1332 pace
3173 1265 3456 1320 catholica:
3497 1266 3596 1320 Ec-

2018 1353 2195 1407 clesiae
2256 1352 2504 1406 transivit
2551 1354 2617 1408 ad
2667 1355 2856 1422 Deum,
2916 1356 3259 1411 condemnari
3292 1371 3396 1411 non
3429 1367 3598 1428 potest

2021 1446 2246 1501 ulterius
2297 1446 2532 1500 humano
2577 1448 2799 1514 judicio.
2856 1448 2912 1504 Si
2963 1451 3082 1518 quis
3137 1462 3415 1505 accusatus
3473 1463 3598 1507 ante

2022 1539 2164 1593 diem
2194 1537 2333 1592 sacri
2373 1536 2632 1591 examinis
2669 1540 2943 1607 repentina
2985 1544 3263 1596 vocatione
3301 1552 3600 1610 prmventus

2021 1637 2123 1697 est,
2169 1628 2306 1684 intra
2339 1630 2514 1684 sinum
2545 1629 2732 1683 matris
2764 1631 3026 1686 Ecclesiae
3053 1634 3393 1699 constitutus,
3424 1633 3601 1690 divino

2024 1721 2396 1791 intelligendus
2434 1732 2519 1776 est
2551 1721 2754 1790 judicio
2794 1723 3077 1791 reservari,
3108 1735 3162 1778 et
3188 1725 3255 1779 de
3287 1727 3386 1779 hoc
3427 1725 3601 1781 nullus

1952 1825 1999 1886 Β
2025 1816 2184 1869 homo
2217 1822 2392 1882 potest
2421 1813 2755 1868 manifestam
2789 1815 3033 1883 proferre
3063 1817 3404 1886 sententiam,
3437 1817 3522 1872 cui
3553 1817 3601 1871 si

2023 1905 2165 1959 Deus
2207 1903 2591 1973 indulgentiam
2632 1903 2800 1969 dedit,
2837 1903 2971 1957 nihil
2999 1912 3160 1959 nocet
3191 1916 3374 1960 nostra
3404 1905 3603 1962 severi-

2027 2008 2144 2065 tas;
2192 2000 2288 2053 sed
2335 1999 2381 2052 si
2430 1999 3144 2070 supplicium'praeparavit,
3204 2002 3338 2058 nihil
3391 2004 3604 2074 prodest

2026 2102 2210 2148 nostra
2236 2091 2558 2162 benignitas.

2617 2207 2841 2265 CAPUT
2899 2211 3038 2265 Xlll.

2097 2299 2186 2358 15.
2204 2301 2412 2367 Petrus,
2427 2299 2713 2357 llerdensis
2735 2302 3108 2371 Hispaniarum
3136 2303 3390 2359 Ecclesia:
3403 2306 3609 2374 episco.

2030 2411 2147 2466 pus,
2181 2396 2346 2452 edidit
2373 2395 2600 2451 diversis
2626 2397 3053 2453 solemnitatibus
3097 2410 3452 2468 congruentes
3488 2416 3609 2457 ora-

2032 2491 2229 2558 tiones,
2264 2500 2319 2546 et
2349 2492 2541 2546 missas
2572 2492 2802 2562 eleganti
2834 2506 3015 2560 sensu,
3049 2503 3103 2548 et
3132 2502 3316 2563 aperto
3345 2507 3611 2552 sermone.

2619 2607 2846 2664 CAPUT
2877 2609 3014 2666 XIV.

2102 2698 2188 2753 16.
2205 2698 2564 2767 Marcellinus,
2584 2697 2741 2756 Italiae
2758 2707 3056 2773 presbyter,
3071 2703 3286 2772 scripsit
3307 2703 3613 2762 Theodosio

2029 2790 2238 2858 Minori,
2268 2791 2605 2860 Areadioque
2627 2791 3065 2863 imperatoribus,
3088 2795 3402 2864 opusculum
3426 2812 3634 2864 unum,_

2032 2887 2084 2942 in
2114 2901 2218 2956 quo
2249 2886 2446 2940 retexit
2485 2893 2630 2952 gesta
2662 2887 3033 2954 episc0porum
3064 2889 3150 2956 qui
3185 2888 3250 2942 ad
3295 2888 3612 2945 destructio-

2032 2997 2154 3036 nem
2194 2978 2511 3034 homousion
2564 2979 2788 3034 Arimini
2844 2991 3240 3048 convenerunt;
3303 2984 3500 3053 quique
3548 2987 3615 3040 ita

2035 3079 2201 3125 totum
2233 3069 2490 3123 mundum
2523 3069 2740 3138 perﬁdia
2775 3069 2924 3139 impii
2955 3070 3221 3140 dogmatis
3248 3072 3614 3140 turbaverunt,

2034 3171 2092 3217 ut
2127 3163 2210 3216 vix
2260 3162 2412 3231 pauci
2467 3161 2733 3217 antistites
2766 3163 3062 3217 existerent
3106 3158 3194 3234 qui
3227 3163 3280 3218 in
3327 3165 3618 3221 inviolabili

2037 3255 2161 3309 ﬁdei
2208 3255 2350 3308 cultu
2392 3264 2817 3321 perseverarent.
2861 3255 3090 3323 Exponit
3122 3271 3334 3325 quoque
3375 3257 3440 3312 de
3467 3257 3616 3325 Ario,

2039 3347 2166 3401 dum
2212 3347 2276 3400 ad
2322 3347 2587 3414 synodum
2616 3355 2865 3417 pergeret
2893 3361 3013 3403 cum
3044 3348 3350 3404 Alexandro
3389 3350 3618 3418 disputa-

2041 3448 2210 3509 turus,
2243 3440 2469 3509 qualiter
2498 3454 2788 3495 conversus
2820 3442 2872 3493 in
2909 3441 2990 3494 via
3025 3441 3089 3494 ad
3123 3443 3479 3497 necessariam
3500 3458 3617 3499 cau-

2041 3549 2175 3600 sam,
2225 3536 2432 3588 viscera
2484 3533 2599 3602 ejus
2645 3532 2868 3588 fuissent
2902 3533 3113 3587 diffusa.
3157 3535 3228 3590 De
3282 3535 3385 3590 ﬁne
3415 3551 3620 3605 quoque

2039 3625 2148 3680 Osii
2195 3623 2558 3680 Cordubensis
2614 3624 2759 3678 urbis
2787 3624 3046 3691 episcopi,
3077 3624 3188 3693 qui,
3224 3633 3364 3678 metu
3395 3625 3619 3694 impera~

2042 3717 2194 3776 toris.
2227 3717 2385 3770 ﬁdem
2411 3714 2811 3783 prtevaricatus,
2842 3715 3078 3784 perﬁdiae
3101 3725 3334 3770 assertor
3359 3727 3412 3771 et
3436 3716 3619 3785 impie-

2037 3850 2205 3912 sc0pi.
2242 3851 2418 3900 Ansv.

2110 3918 2194 3972 15.
2231 3917 2391 3970 Missa
2414 3917 2464 3969 in
2489 3915 2665 3971 ofﬁcio
2691 3915 2918 3971 Gothico
2949 3925 3032 3970 est
3055 3916 3298 3986 quaedam
3323 3919 3517 3986 oratio,
3551 3919 3618 3976 de

2034 4003 2134 4056 qua
2171 3989 2289 4042 vide
2317 3997 2425 4042 not.
2461 3987 2554 4042 lib.
2603 3986 2803 4043 tOllic.
2847 3990 3065 4051 eccles.,
3101 4003 3220 4056 cap.
3252 3988 3339 4053 15,
3381 4006 3530 4044 num.
3566 3991 3619 4047 1.

2035 4064 2208 4113 Ani-1v.

2108 4132 2193 4184 16.
2223 4129 2576 4184 Marcellinus.
2613 4129 2780 4187 Huius
2815 4129 3052 4184 meminit
3075 4128 3451 4186 Gcnnadiusin
3480 4133 3620 4187 Fau-

2039 4201 2183 4326 itino
2219 4201 2558 4271 presbytero.
2585 4230 2655 4240 —
2685 4199 2825 4254 Ibid.
2868 4199 3242 4255 Convenerunt.
3286 4202 3440 4257 Auno
3492 4203 3618 4260 559.

2086 4288 2242 4326 Enaz.

2086 4288 2242 4327 EHEZ.

2109 4341 2137 4395 1
2145 4343 2249 4398 bid.
2285 4340 2572 4395 Marcellini
2597 4342 2826 4396 Historia
2848 4343 2914 4396 de
2935 4342 3043 4396 Osii
3066 4343 3427 4399 Cordubensis
3451 4357 3622 4401 morte

2037 4412 2222 4466 iisdem
2258 4413 2454 4480 verbis,
2481 4415 2573 4466 sed
2612 4414 2771 4480 paulo
2815 4414 2981 4469 fusior
3009 4423 3182 4468 exstat
3208 4417 3260 4469 in
3292 4416 3488 4471 Codice
3512 4416 3622 4471 Go-

2041 4483 2182 4536 thico
2213 4483 2552 4536 bibiothecae
2581 4485 2980 4553 Complutensis
3024 4485 3090 4538 ad
3125 4487 3280 4539 linem
3326 4487 3511 4540 lsidori
3555 4487 3622 4541 de

2045 4554 2184 4607 Viris
2232 4555 2556 4619 illustribus,
2602 4556 2716 4609 sine
2776 4555 2992 4608 nomine
3034 4559 3266 4610 anetoris
3309 4555 3619 4613 Marcellini.

2040 4624 2207 4678 Porro
2235 4625 2390 4678 Osius
2422 4625 2787 4680 nobilissimus
2808 4628 2934 4680 olim
2964 4626 3255 4688 confessor,
3284 4637 3338 4681 et
3371 4626 3624 4680 doctissi-

2039 4712 2178 4758 mus,
2211 4697 2280 4750 ab
2310 4696 2607 4764 Augustino
2648 4708 2702 4751 et
2742 4697 3038 4750 Athanasio
3070 4698 3334 4759 laudatus,
3356 4696 3622 4750 CunSIan-

2041 4768 2151 4820 tino
2181 4767 2493 4834 imperatori
2518 4769 2677 4821 etiam
2711 4784 2805 4834 per
2827 4769 3032 4821 litteras
3057 4766 3332 4819 familiaris
3360 4767 3440 4834 (ut
3463 4777 3542 4820 est
3567 4767 3622 4820 in

2040 4836 2171 4890 Cod.
2199 4837 2446 4891 Theodos
2477 4877 2492 4901 ,
2523 4839 2661 4892 titul.
2692 4839 2758 4891 de
2791 4838 3155 4891 Sacrosanctis
3184 4836 3481 4902 Ecclesiis),
3512 4839 3626 4906 qui-

2040 4923 2144 4976 que
2174 4909 2226 4961 in
2257 4907 2501 4962 conciliis
2547 4909 2897 4971 Eliberitatto,
2939 4906 3154 4960 Nic-.eno
3199 4915 3253 4960 et
3296 4907 3623 4974 Sardiceusi,

2041 4994 2160 5031 cum
2188 4994 2379 5048 magna
2403 4981 2482 5031 sui
2512 4981 2667 5032 laude
2698 4980 2870 5030 fuerat
2898 4976 3295 5031 Catholicorutn
3326 4993 3626 5048 pr0pugna-g

2044 5058 2147 5112 tor,
2184 5047 2398 5102 tandem
2434 5051 2584 5102 senio
2609 5050 2862 5114 delirans,
2892 5048 2943 5100 in
2978 5048 3271 5116 Syrmiensi
3312 5048 3517 5117 synodo
3558 5047 3626 5102 ad

2043 5121 2268 5173 Arianus
2290 5119 2503 5174 deiecit.
2544 5119 2617 5172 De
2643 5133 2748 5186 quo
2777 5120 2896 5173 vide
2934 5121 3095 5171 etiam
3128 5117 3405 5181 Hilarium,
3442 5117 3532 5172 lib.
3562 5119 3628 5173 de

2045 5189 2316 5259 Synodis;
2362 5190 2746 5252 Athanasium,
2792 5189 2887 5243 lib.
2941 5189 3008 5242 de
3054 5188 3265 5242 Uuitate
3303 5188 3622 5253 Trinitatis;

2046 5259 2266 5329 Sulpicii
2297 5260 2479 5314 Severi
2511 5259 2819 5324 Hismriam,
2851 5268 2906 5312 et
2953 5259 3245 5312 Honorium
3293 5260 3626 5326 Augustodu-

2045 5347 2219 5394 nens.,
2253 5332 2346 5384 lib.
2376 5333 2440 5382 de
2471 5329 2831 5397 Scriptoribus
2855 5329 3060 5384 Eccles.
3090 5329 3283 5382 l’snez.
3437 5365 3442 5374 ς

2117 5400 2252 5454 Ibid.
2280 5400 2620 5454 IIomousion.
2656 5401 2765 5464 AL,
2800 5399 3064 5470 liomousii.
3099 5401 3170 5453 De
3199 5410 3384 5453 Sancto
3418 5400 3627 5470 Grego-

2047 5473 2126 5527 rio
2156 5471 2482 5525 Eliberitanu
2511 5472 2942 5540 Martyrologium
2977 5469 3160 5532 Rom.,
3185 5471 3270 5525 die
3291 5469 3362 5524 24
3405 5469 3620 5539 Aprilis.

2047 5541 2103 5595 In
2134 5542 2377 5597 Editione
2421 5542 2640 5598 Patrum
2669 5543 2916 5595 Toletan.
2940 5543 3005 5593 ad
3034 5542 3172 5594 hunc
3200 5543 3373 5595 locum
3418 5544 3623 5596 erudita

2049 5626 2172 5667 nota
2190 5614 2494 5683 subjicitur,
2522 5628 2623 5680 qua
2645 5610 2946 5666 ostenditur
2969 5613 3333 5666 conunentitia
3357 5628 3475 5666 esse
3510 5628 3626 5681 qua:

2046 5683 2385 5738 Marcellinus
2441 5693 2618 5737 narrat
2659 5685 2725 5738 de
2771 5683 3047 5753 ﬁnequii;
3081 5686 3267 5753 quoin
3316 5693 3626 5750 argumento

2049 5755 2250 5810 Natalis
2300 5754 2628 5824 Alexander,
2681 5752 2986 5821 Florezius,
3031 5752 3228 5827 altique
3255 5755 3449 5810 versati
3479 5763 3607 5810 sunt

2051 5830 2224 5884 Ansv.
