4086 6350
515 381 655 443 1095

1542 361 1600 418 S.
1644 357 1888 418 ISIDORI
1931 350 2378 412 IIISPALENSIS
2421 348 2728 408 EPISCOPI

3667 347 3801 407 1096

516 510 729 556 merens
758 497 950 564 quanta
975 485 1113 540 idem
1145 466 1490 538 beatissimus
1521 475 1708 529 doctor
1731 473 1966 542 scripsit,
2000 469 2090 524 ubi
2123 469 2174 527 Α
2201 475 2376 520 sancta
2391 463 2640 564 paschali,
2662 458 2957 562 baptizandi
2987 459 3136 564 hora,
3162 474 3273 564 cum
3295 457 3469 512 nullus
3491 457 3688 564 canalis
3711 460 3795 525 sit,

521 592 794 666 plusquam
820 579 1328 650 quadringentorum
1378 564 1929 666 librorutttvoltimina
1976 578 2102 665 sup-

521 656 1177 752 putantur._Homiliarum
1207 678 1335 719 vero
1381 669 1435 717 et
1476 659 1822 730 epistolarum
1852 656 2102 752 quazstioo

521 744 753 840 numque
801 749 1043 820 inﬁnitus
1096 758 1285 812 modus
1336 763 1437 819 est,
1488 761 1546 806 ut
1607 764 1741 820 pene
1797 749 1881 801 vix
1933 744 2104 814 possit

519 864 799 935 quisquam
831 853 1060 910 articqu
1089 865 1185 905 suo
1217 849 1388 903 aliena
1434 853 1576 899 tanta
1617 840 1876 905 scribere,
1908 845 2104 909 quanta

521 959 610 1016 ille
633 955 850 1029 proprio
880 950 1060 1006 labore
1079 943 1406 1015 composuit.

1086 1057 1312 1115 CAPUT
1353 1053 1521 1110 XXII.

590 1151 682 1225 28’.
701 1163 1018 1230 Primasius,
1049 1160 1335 1217 Africanus
1358 1157 1663 1226 episcOpus,
1677 1150 1978 1221 composuit
1996 1162 2108 1206 ser-

521 1275 682 1321 mone
699 1255 1018 1315 scholastico
1045 1251 1113 1308 de
1135 1247 1439 1306 Haeresibus
1463 1256 1570 1301 tres
1601 1245 1765 1301 libros
1793 1243 2030 1297 directos
2042 1242 2109 1297 ad

523 1355 876 1412 Fortunatum
906 1348 1248 1418 episcopum,
1288 1341 1564 1412 explicans
1612 1339 1664 1393 in
1705 1336 1784 1391 eis
1811 1336 1950 1406 quod
1979 1333 2109 1389 olim

522 1446 868 1507 beatissimus
895 1439 1225 1511 Augustinus
1265 1437 1318 1491 in
1364 1436 1500 1492 libro
1530 1434 1818 1489 Hiereseon
1859 1430 2112 1501 imperfe-

501 1548 700 1606 ‘ctnm,
759 1545 932 1592 morte
973 1530 1398 1595 interveniente,
1459 1527 1797 1596 reliquerat:
1841 1525 1891 1579 in
1939 1523 2112 1593 primo

531 1634 686 1706 152
704 1643 931 1698 namque
952 1625 1242 1682 ostendens
1266 1621 1390 1692 quid
1415 1620 1722 1674 hmreticum
1741 1617 1916 1682 faciat,
1945 1614 1999 1670 in
2027 1630 2113 1672 se-

523 1723 699 1780 cundo
724 1720 967 1796 ettertio
987 1719 1234 1790 digerens
1264 1713 1390 1785 quid
1417 1713 1726 1769 haereticum
1756 1711 2109 1767 demonstret.

1089 1828 1314 1886 CAPUT
1353 1826 1544 1883 XXIII.

595 1937 685 1990 29.
711 1934 1007 2001 Proterius,
1029 1929 1406 1987 Alexandrinae
1430 1927 1680 1984 Ecclesia:
1721 1927 1963 1990 antistes,
1983 1926 2118 1982 scri-

528 2030 636 2102 psit
662 2027 918 2098 epistolas
953 2025 1020 2080 ad
1058 2023 1291 2081 Leonem
1333 2023 1588 2078 Romanae
1633 2018 1776 2076 sedis
1807 2021 2120 2092 episcopum

532 2122 602 2179 de
643 2121 931 2176 festivitate
988 2117 1244 2190 paschali.
1297 2115 1450 2170 IIunc
1487 2124 1665 2170 autem
1712 2112 1908 2167 Leonis
1939 2114 2120 2181 Augu-

530 2213 598 2268 sti
638 2209 966 2281 temporibus
1017 2207 1260 2264 Dioscori
1315 2207 1554 2263 haeretici
1606 2217 1969 2270 successores,
2021 2218 2119 2257 au-

530 2315 680 2364 ctore
709 2303 1010 2368 Timotheo,
1058 2301 1326 2358 seditione
1369 2301 1529 2366 facta,
1567 2297 1940 2354 crudelissime
1967 2310 2122 2365 pere-

531 2404 762 2462 merunt,
805 2394 1093 2465 ipsumque
1119 2393 1463 2450 Timotheum
1503 2391 1604 2446 sibi
1635 2405 1730 2462 pro
1760 2387 2122 2446 Alexandrino

530 2489 784 2562 episcopo
827 2494 1152 2543 statuerunt.

1085 2598 1314 2657 CAPUT
1354 2597 1542 2653 XXIV.

603 2702 694 2762 50.
720 2703 1101 2770 Paschasinus,
1131 2699 1429 2757 Siciliensis
1456 2698 1761 2770 episcopus,
1786 2696 2122 2752 ediditunam

534 2795 812 2868 epistolam
863 2794 1193 2866 paschalem,
1243 2793 1310 2847 ad
1340 2792 1574 2846 Leonem
1629 2789 1992 2860 supradictum
2032 2803 2124 2858 pa-

535 2907 656 2963 pam
686 2891 961 2958 directam,
997 2889 1049 2944 in
1075 2903 1176 2958 qua
1207 2886 1370 2942 refert
1395 2884 1662 2955 paschalis
1692 2883 1934 2955 mysterii
1965 2882 2124 2937 mira-

535 2985 712 3042 culum
747 2985 831 3040 his
861 2983 1041 3041 verbis
1067 2981 1218 3045 :Est,
1272 2982 1462 3052 inquit,
1491 2980 1764 3050 possessio,
1806 2991 1922 3047 quia
1950 2976 2125 3045 appel-

539 3077 673 3132 latur
697 3077 962 3144 Meltinas,
991 3078 1043 3129 in
1074 3073 1328 3128 montibus
1373 3072 1572 3138 arduis,
1614 3087 1674 3124 ac
1703 3069 1842 3124 silvis
1882 3065 2125 3122 densissi-

541 3172 637 3226 mis
678 3171 956 3226 constituta
981 3207 998 3234 ,
1049 3168 1159 3222 illic
1199 3182 1452 3236 perparva
1499 3176 1649 3234 atque
1678 3163 1763 3218 vili
1809 3178 1959 3230 opere
2004 3176 2126 3214 con-

2210 559 2286 612 vel
2309 556 2483 626 ﬁstula
2499 573 2588 609 nec
2608 572 2740 623 aqua
2764 554 2970 607 omnino
2983 553 3170 619 vicina,
3194 553 3310 622 fons
3327 569 3389 606 ea:
3412 567 3522 605 sese
3543 550 3797 620 repletur;

2212 649 2482 718 paucisque
2493 649 2578 717 qui
2593 647 2781 716 fuerint
2797 644 3122 712 consecratis,
3141 643 3626 697 cumdeductorium
3646 646 3800 717 153

2213 741 2410 793 nullum
2449 739 2544 804 sit,
2572 746 2626 791 ut
2652 745 2851 790 venerat
2895 752 3049 804 aqua,
3097 751 3158 788 ea;
3195 750 3301 790 sese
3329 735 3562 789 discedit.
3595 734 3802 792 Claruit

2213 833 2311 887 sub
2340 831 2645 888 Theodosio
2671 829 2912 896 Juniore,
2949 829 3162 883 Arcadii
3207 829 3548 899 imperatoris
3579 828 3710 885 ﬁlio.

2789 944 3015 1001 CAPUT
3055 944 3225 1000 XXV.

2289 1040 2382 1094 51.
2411 1037 2655 1094 Julianus
2691 1037 2908 1107 quidam
2935 1077 2951 1102 ,
2982 1037 3188 1100 Gallus,
3229 1046 3584 1108 cognomento
3615 1038 3806 1096 Pome-

2215 1130 2353 1186 rius.
2389 1129 2485 1184 llic
2512 1140 2634 1185 octo
2663 1129 2830 1184 libros
2858 1128 2926 1183 de
2947 1128 3140 1183 animae
3166 1127 3362 1182 Natura
3388 1130 3440 1183 in
3470 1129 3664 1200 dialogi
3693 1145 3806 1186 mo-

2217 1239 2332 1281 rem
2387 1223 2724 1292 conscripsit.
2779 1222 2980 1276 Horum
3024 1221 3228 1292 primus
3279 1221 3517 1277 continet
3562 1222 3693 1291 quid
3737 1223 3808 1277 sit

2219 1319 2416 1384 anima,
2448 1316 2530 1371 vel
2557 1315 2783 1386 qualiter
2811 1313 3061 1370 credatur
3091 1313 3157 1368 ad
3203 1312 3296 1368 Dei
3324 1312 3607 1383 imaginem
3647 1313 3804 1368 facta.

2220 1412 2279 1468 In
2308 1411 2546 1468 secundo
2573 1411 2807 1481 loquitur
2835 1420 3015 1464 utrum
3061 1409 3236 1463 anima
3281 1420 3560 1477 corporea,
3606 1421 3676 1460 an
3721 1407 3809 1462 in-

2220 1522 2476 1578 corporea
2521 1506 2611 1562 sit.
2643 1505 2701 1560 In
2755 1504 2912 1559 tertio
2949 1501 3167 1558 disserit
3208 1503 3380 1571 primo
3421 1499 3623 1555 homini
3669 1499 3811 1557 unde

2221 1600 2396 1655 anima
2426 1599 2496 1653 sit
2540 1597 2699 1652 facta.
2732 1595 2790 1651 In
2817 1605 3012 1665 quarto
3060 1602 3234 1649 utrum
3286 1606 3420 1648 nova
3464 1592 3642 1647 anima
3694 1590 3810 1649 sine

2224 1704 2441 1767 peccato
2463 1692 2573 1759 ﬁat,
2602 1708 2668 1746 an
2701 1698 2978 1761 peccatum
3020 1687 3180 1759 primi
3207 1685 3442 1744 hominis
3469 1701 3536 1741 ex
3564 1685 3656 1740 illo
3684 1699 3810 1755 pro-

2223 1795 2413 1859 pagata
2436 1783 2765 1856 originaliter
2791 1781 2988 1837 trahat.

2147 1863 2194 1922 Β
2291 1877 2380 1932 52.
2424 1877 2480 1932 In
2533 1876 2719 1944 quinto
2763 1872 3016 1930 describit
3063 1888 3179 1942 quae
3225 1873 3295 1926 sit
3338 1869 3564 1924 facultas
3594 1867 3809 1924 anima.

2219 1969 2275 2025 In
2325 1977 2477 2024 sexto
2519 1966 2790 2038 eloquitur
2821 1965 2963 2021 unde
3009 1964 3080 2021 sit
3108 1964 3199 2019 illa
3237 1961 3502 2018 discordia
3531 1975 3638 2031 qua
3664 1959 3814 2016 carni

2221 2061 2482 2130 spiritus,
2538 2060 2622 2114 vel
2672 2072 2800 2114 caro
2845 2055 3055 2127 spiritui
3103 2054 3437 2110 adversatur.
3478 2051 3534 2106 In
3587 2051 3813 2121 septimo

2221 2161 2397 2207 autem
2430 2151 2617 2206 scribit
2649 2149 2717 2205 de
2756 2149 3051 2204 diﬁerentia
3078 2146 3303 2200 vitarum
3330 2155 3384 2200 et
3412 2143 3692 2205 mortium,
3729 2141 3817 2199 vel

2224 2247 2620 2305 resurrectione
2657 2243 2837 2300 carnis
2867 2253 2923 2299 et
2966 2241 3180 2305 animae,
3219 2240 3332 2295 sive
3377 2238 3445 2294 de
3490 2247 3666 2294 morte
3695 2252 3816 2293 car-

2224 2337 2336 2404 nis,
2388 2353 2451 2392 ac
2497 2336 2563 2391 de
2612 2334 2725 2404 ejus
2773 2334 3190 2390 resurrectione.
3242 2329 3299 2385 In
3343 2339 3534 2385 octavo
3580 2329 3819 2398 loquitur

2225 2429 2293 2485 de
2349 2427 2435 2482 his
2490 2441 2610 2497 qua:
2666 2426 2719 2480 in
2777 2425 2884 2479 ﬁne
2935 2422 3116 2477 mundi
3169 2421 3342 2476 futura
3390 2427 3553 2486 sunt,
3609 2417 3693 2474 vel
3749 2418 3819 2474 de

2223 2520 2606 2592 qumstionibus
2636 2533 2754 2590 qua:
2797 2517 2973 2573 solent
3015 2516 3085 2572 de
3115 2514 3515 2571 resurrectione
3561 2512 3815 2583 proponi,

2224 2617 2338 2672 sive
2386 2615 2454 2670 de
2484 2613 2678 2668 ﬁnibus
2705 2612 2968 2667 bonorum
2999 2619 3160 2680 atque
3199 2609 3486 2663 malorum.

2297 2705 2385 2760 55.
2413 2705 2507 2760 llic
2523 2715 2721 2771 tamen,
2737 2703 2790 2757 in
2808 2701 3042 2758 secundo
3065 2699 3305 2769 ejusdem
3321 2699 3499 2768 operis
3515 2696 3674 2764 libro,
3689 2697 3820 2754 Ter-

2228 2799 2430 2854 tulliani
2445 2796 2718 2852 erroribus
2734 2792 3100 2857 consentiens,
3117 2792 3347 2846 animam
3367 2804 3684 2860 corpoream
3698 2803 3819 2846 esse

2226 2889 2380 2955 dixit,
2412 2885 2729 2957 quibusdam
2760 2883 2862 2940 hoc
2905 2873 3183 2938 fallacibus
3224 2881 3552 2950 argumentis
3578 2891 3820 2936 astruere

2226 2977 2571 3035 contendens.
2606 2974 2786 3030 Edidit
2826 2974 2988 3029 etiam
3022 2988 3186 3028 unum
3223 2970 3460 3028 libellum
3491 2969 3559 3026 de
3589 2971 3820 3042 Virgini-

2225 3069 2326 3126 bus
2356 3066 2734 3134 instituendis,
2783 3064 2918 3120 alios
2972 3078 3182 3134 quoque
3214 3073 3322 3120 tres
3363 3061 3432 3119 de
3466 3062 3659 3117 tuturis
3701 3063 3821 3119 vita

2228 3162 2703 3230 contemplatione,
2731 3159 2812 3215 vel
2839 3158 3034 3214 actuali
3061 3157 3490 3224 conversatione,
3517 3171 3731 3214 necnon
3754 3155 3822 3214 de

540 3271 732 3320 structa
761 3261 993 3316 Ecclesia
1018 3271 1118 3327 est,
1175 3260 1230 3312 in
1277 3261 1424 3327 cujus
1454 3257 1749 3327 baptisteria
1773 3266 1918 3310 nocte
1944 3270 2116 3308 sacro-
2146 3249 2196 3314 C
2229 3253 2373 3310 vitiis
2401 3261 2564 3322 atque
2594 3250 2903 3307 virtutibus.

610 3412 748 3466 Ibid.
786 3411 936 3466 Notas
993 3409 1356 3466 in-Editione
1415 3409 1602 3464 Grialii
1659 3408 1898 3462 confusae
1953 3417 2130 3463 erant.

544 3485 778 3541 Joannes
810 3481 1022 3538 Salinas
1063 3480 1291 3537 Possidii
1336 3481 1629 3536 indiculum
1671 3489 1726 3534 et
1767 3479 1943 3532 Vitam
1991 3493 2134 3534 anno

544 3555 680 3610 1751
719 3555 900 3609 Romae
929 3558 1074 3622 typis
1103 3553 1301 3618 edidit,
1331 3552 1554 3622 ejusque
1595 3551 1752 3604 tidem
1799 3558 1978 3622 tuetur
2005 3565 2134 3622 con-

544 3635 623 3682 ira
652 3625 910 3681 Joannem
957 3621 1226 3680 Clericum
1247 3666 1260 3686 ,
1293 3622 1404 3678 sive
1436 3621 1808 3692 Phereponum
1830 3663 1849 3692 ,ί
1877 3621 1931 3674 in
1962 3621 2136 3692 anim-

544 3696 942 3752 adversionibus
969 3695 1034 3750 ad
1066 3696 1234 3750 sancti
1265 3693 1545 3764 Augustini
1583 3690 1766 3760 opera.
1796 3691 1967 3764 Vitam
2008 3690 2136 3747 Pos-

543 3767 704 3835 sidii,
755 3768 823 3821 ab
867 3769 1082 3823 oculato
1135 3775 1270 3820 teste
1317 3763 1706 3832 conscriptam,
1760 3763 1924 3818 habes
1973 3765 2133 3818 etiam

545 3838 682 3910 apud
713 3838 1067 3910 Bollandistas
1097 3837 1163 3891 ad
1194 3835 1810 3910 diemil7__b_laii._Annv.

615 3908 706 3965 28.
742 3908 1048 3963 Primasius.
1073 3910 1228 3963 Auno
1260 3907 1382 3962 555.
1416 3904 1552 3960 Ibid.
1599 3903 1962 3959 For-lunatum.
2006 3905 2135 3961 Pro-

547 3981 735 4035 vinciae
768 3981 1070 4050 iliyizaceuzn
1098 3980 1290 4032 dicitur
1321 3977 1373 4031 in
1405 3993 1449 4050 v_
1473 3976 1665 4030 concil.
1701 3976 2128 4050 Constantinam,

547 4051 723 4106 collat.
756 4045 982 4102 QCIbid.
1034 4048 1374 4102 Demonstrat.
1412 4047 1637 4102 Exstant
1672 4045 1790 4115 ejus
1831 4045 2130 4102 Comment.

550 4119 601 4174 in
632 4123 949 4192 Apocaﬁlyps.
978 4119 1173 4192 Pssez.

518 4229 526 4234 -
621 4189 761 4245 Ibid.
807 4188 934 4244 I‘o'st
988 4191 1295 4244 demonstret
1354 4191 1405 4243 in
1464 4188 1733 4243 nonnullis
1793 4188 2134 4246 Editionibus

551 4261 789 4315 additur:
821 4261 1017 4316 Claruit
1047 4259 1340 4314 Iustiniano
1370 4269 1647 4331 regnante;
1683 4276 1776 4328 pro
1807 4258 2130 4324 Justiniano,

553 4332 844 4397 mendose,
885 4331 1381 4402 Julianosblirteus
1421 4333 1498 4386 ait
1539 4332 1856 4385 Primusinm
1898 4333 2132 4402 obiisse,

553 4418 658 4456 non
687 4418 826 4456 anno
855 4406 992 4470 440,
1029 4414 1084 4456 ut
1112 4401 1311 4472 Xystus
1343 4403 1604 4458 Senensis
1654 4404 1844 4467 refert,
1877 4404 1971 4458 sed
2003 4402 2128 4458 505.

557 4473 805 4544 Perezins
837 4475 1036 4528 indicat
1064 4489 1262 4544 annum
1295 4474 1419 4527 555.
1452 4478 1632 4544 Annv.

624 4544 716 4599 29.
749 4543 1035 4599 Proterins.
1087 4543 1239 4598 Anno
1268 4544 1393 4598 457.
1441 4543 1579 4598 Ibid.
1614 4544 1765 4598 Hunc
1791 4553 1982 4606 autem,
2026 4553 2129 4600 etc.

555 4614 904 4685 Nicephorus,
924 4617 1014 4669 lib.
1033 4629 1251 4684 xv,c:tp.
1275 4614 1361 4680 l5;
1377 4615 1674 4680 Liberatus,
1691 4630 1808 4682 cap.
1826 4614 1912 4669 16.
1931 4616 2126 4670 Penez.
2159 4650 2209 4710 Β

636 4686 742 4710 ILLJ
784 4687 1012 4710 Π-ἒηιλίιι
1043 4687 1259 4710 Ιὶ-ιιο.ι-ἷέ
1289 4687 1349 4710 ΛΑ
1374 4688 1619 4710 .\..-..I...a,.
1645 4685 1886 4710 Αλᾲιιιίδηζι
1908 4687 1970 4710 ..ιι
2002 4686 2101 4710 13...:

625 4686 761 4742 Ibid.
782 4687 1016 4756 Epistola
1042 4687 1261 4756 Proterii
1285 4687 1351 4740 de
1374 4688 1622 4755 paschale
1641 4685 1891 4739 editafuit
1907 4687 1973 4739 ab
1985 4686 2132 4755 [Egi-

558 4758 644 4813 dio
669 4755 944 4822 Bueherio,
969 4771 1087 4826 cap.
1111 4755 1144 4807 2
1167 4759 1532 4812 commentarii
1554 4758 1618 4811 ad
1646 4757 1860 4811 Victorii
1887 4757 2134 4826 Aquitani

557 4843 836 4886 canonem.
873 4829 971 4882 Pro
1020 4844 1331 4883 successores
1379 4828 1623 4883 Zacearia
1667 4827 1981 4898 conjiciebat
2027 4831 2137 4898 suf-

561 4902 866 4970 fragatores.
897 4898 1036 4952 Mors
1085 4899 1308 4970 Proterii
1339 4902 1559 4968 contigit
1584 4914 1724 4970 anno
1753 4896 1855 4952 457
1880 4940 1893 4962 ,
1927 4896 2134 4966 quarto,

565 4973 640 5023 vel
663 5013 679 5036 ,
711 4981 766 5024 ut
795 4971 885 5023 alii
920 4971 1159 5032 malunt,
1190 4969 1378 5039 quinto
1408 4971 1523 5024 Kal.
1553 4969 1770 5037 Aprilis.
1806 4975 1974 5022 Annv.

629 5041 720 5096 50.
737 5041 1045 5112 Epistolam.
1069 5044 1221 5112 Anno
1238 5039 1343 5094 445
1369 5043 1566 5108 scripta
1589 5048 1679 5112 est
1687 5040 1930 5106 epistola.
1951 5039 2140 5095 Exstat

562 5127 678 5167 cum
709 5111 948 5182 epistolis
972 5111 1197 5176 Leonis,
1232 5121 1357 5166 tum.
1381 5112 1400 5166 I
1423 5112 1624 5168 Concit.
1659 5111 2008 5182 Paschasinus
2051 5112 2136 5165 bic

565 5181 905 5255 Lilybetanus
929 5181 1002 5253 (in
1029 5181 1229 5255 Sicilia)
1248 5185 1538 5255 repisc0pus
1571 5183 1917 5255 fuit,__lega_tus
1942 5181 2134 5255 Leonis

567 5251 712 5321 papae
734 5255 784 5308 in
807 5251 1000 5308 concil.
1027 5251 1453 5308 Chalcedonens.
1471 5269 1610 5308 anno
1638 5251 1927 5307 dSlJbid.
1953 5251 2135 5320 Bapti-

566 5328 715 5379 ωηάί
743 5329 887 5378 liora.
920 5324 1153 5394 Contigit
1193 5341 1334 5378 anno
1367 5324 1495 5379 417.
1526 5325 1708 5380 Simile
1734 5324 2048 5378 miraculum
2082 5325 2133 5379 in

569 5395 816 5464 Ilisjiania
839 5440 851 5464 ,
884 5411 1023 5449 anno
1054 5395 1187 5460 585,
1231 5411 1295 5449 ex
1330 5396 1552 5466 Gregor.
1585 5395 1910 5459 Turonens.,
1947 5396 2041 5450 lib.
2067 5411 2129 5460 x,

567 5481 685 5536 cap.
715 5467 807 5530 ‘22,
833 5467 1208 5536 etSigeberto.
1248 5467 1439 5520 Pnasz.

639 5535 778 5592 Ibid.
831 5535 995 5592 Notas
1052 5537 1315 5592 Editionis
1371 5537 1551 5592 Grialii
1604 5538 1701 5592 hoc
1759 5553 1967 5608 quoque
2018 5540 2136 5593 loco

570 5609 820 5664 confusas
849 5611 900 5664 in
931 5608 1171 5680 ordinem
1215 5609 1412 5680 redegi.
1459 5609 1839 5675 Paschasinus;
1879 5612 1983 5673 al.,
2029 5609 2136 5663 Pa-

570 5681 820 5735 schasius.
871 5680 973 5735 Pro
1023 5679 1296 5745 Meltinas,
1337 5679 1443 5746 al.,
1489 5681 1757 5745 Miltinas;
1795 5683 1904 5746 al.,
1949 5680 2138 5736 Menti-

574 5767 682 5814 na;
730 5763 782 5807 et
824 5767 918 5818 pro
968 5750 1217 5818 discedit;
1262 5753 1371 5819 al.,
1418 5755 1589 5807 minus
1638 5754 1803 5816 bene,
1855 5752 2136 5807 descendit.

577 5821 730 5894 Quod
778 5823 951 5894 refert
989 5832 1203 5894 sanctus
1252 5823 1545 5894 Gregorius
1592 5824 1920 5880 Turonensis
1965 5825 2140 5879 simile

579 5893 894 5950 miraculum
941 5893 995 5951 in
1039 5893 1292 5966 Hispania
1338 5893 1637 5965 aecidisse,
1689 5896 1882 5954 mirum
1909 5937 1925 5966 ,
1971 5897 2143 5968 inquit

2235 3416 2519 3480 Schottus,
2561 3413 2613 3469 id
2657 3414 2725 3468 ab
2766 3411 2971 3468 Isidoro
3021 3425 3126 3466 non
3169 3410 3469 3474 recenseri,
3516 3424 3690 3480 neque
3721 3412 3821 3466 hoc

2239 3488 2388 3550 loco,
2424 3501 2597 3554 neque
2627 3486 2680 3540 in
2709 3485 2855 3538 libris
2890 3483 3378 3554 Etymologiarum,
3424 3481 3514 3536 ubi
3555 3481 3623 3536 de
3663 3496 3820 3554 cerno

2239 3557 2473 3626 paschali
2502 3552 2629 3624 agit.
2659 3556 2781 3626 Alia
2803 3552 3209 3626 miraculahuic
3237 3553 3414 3606 alllnia
3440 3560 3628 3626 narrat
3656 3552 3819 3626 Joano

2237 3622 2333 3683 nes
2362 3622 2646 3696 Moschus,
2679 3628 2732 3680 in
2764 3625 2920 3680 Prato
2952 3625 3241 3689 spirituali,
3273 3639 3392 3696 cap.
3418 3623 3540 3696 214
3581 3635 3632 3678 et
3676 3622 3816 3688 215,

2238 3698 2339 3753 alia
2370 3698 2493 3764 alii,
2538 3707 2596 3752 ut
2634 3695 2800 3752 videri
2846 3706 3019 3764 potest
3056 3698 3108 3749 in
3150 3704 3260 3750 not.
3305 3695 3371 3747 ad
3415 3695 3608 3764 librum
3652 3696 3820 3751 sancti

2238 3763 2519 3835 Ildeionsi,
2551 3771 2616 3824 de
2656 3763 2968 3838 Cognitione
3010 3766 3299 3838 baptismi,
3337 3773 3477 3838 tom.
3513 3763 3554 3818 Il
3601 3765 3818 3838 Patrum

2236 3840 2649 3907 Toletanorum,
2702 3835 2820 3906 cap.
2856 3837 2989 3903 105,
3045 3852 3164 3906 pag.
3205 3836 3342 3900 210,
3390 3837 3480 3891 ubi
3519 3835 3821 3892 eruditissi-

2235 3927 2358 3966 mus
2401 3920 2589 3966 anctor
2634 3910 2919 3965 ostendere
2960 3917 3184 3962 conatur
3236 3907 3413 3962 simile
3465 3907 3818 3971 miraculum,

2275 3984 2377 4036 uod
2413 3982 2704 4038 lldel‘onsus
2729 3989 3147 4043 commemorat,
3175 3993 3293 4033 esse
3321 3977 3448 4032 illud
3478 3980 3651 4047 ipsum
3681 3979 3821 4048 quod

2261 4049 2527 4122 iregorius
2566 4053 2898 4107 Turonensis
2947 4051 3213 4122 Hispaniae
3252 4049 3535 4122 ascripsit,
3575 4052 3822 4122 quamvis

2237 4119 2536 4178 Ildelonsus
2566 4125 2743 4178 locum
2775 4121 3017 4176 miraculi
3044 4119 3155 4175 non
3187 4121 3550 4192 expresserit.
3595 4119 3823 4192 Semper

2237 4205 2412 4249 tamen
2446 4195 2640 4248 mirum
2673 4193 2842 4249 videri
2872 4192 3031 4248 debet
3060 4191 3201 4262 quod
3233 4189 3700 4262 nequeglsidorus,
3732 4189 3823 4247 ns-

2236 4281 2339 4335 que
2387 4266 2679 4320 Ilderonsus
2728 4265 2779 4317 in
2836 4260 3090 4335 Hispania
3145 4260 3446 4335 hujusmodi
3477 4262 3821 4335 miraculum

2236 4333 2524 4407 contigisse
2554 4335 2930 4407 indicaverint.
2969 4334 3208 4407 Epistula
3238 4333 3545 4407 Paschasini
3577 4333 3823 4407 aaniraao

2235 4402 2429 4474 scripta
2462 4408 2654 4461 dicitur
2683 4423 2822 4460 anno
2849 4406 2974 4461 445.
2997 4402 3147 4470 Quod
3179 4405 3429 4458 Perezius
3456 4406 3530 4460 ait
3550 4445 3564 4467 ,
3595 4402 3820 4475 Contigit

2234 4493 2369 4530 anno
2400 4480 2521 4542 M7,
2555 4481 2616 4532 ad
2651 4479 2962 4531 miraculum
2995 4475 3185 4530 referri
3212 4475 3442 4530 videtur.
3477 4475 3647 4528 Ansv.

2307 4550 2393 4604 5|.
2427 4548 2688 4602 Julianus.
2714 4553 2866 4603 Anno
2893 4547 3018 4602 450.
3048 4548 3244 4601 Pnnsz.
3624 4565 3629 4571 '

2308 4618 2445 4673 Ibid.
2479 4619 2680 4673 Gallus.
2731 4620 2967 4673 Maurum
2999 4618 3072 4670 ait
3095 4617 3260 4672 fuisse
3296 4615 3626 4672 Gennadius.
3662 4615 3822 4671 Falso

2241 4705 2372 4760 ergo
2404 4691 2734 4745 confundunt
2759 4691 2971 4758 quidam
2999 4689 3300 4760 Pomerium
3324 4703 3442 4760 c_um
3475 4687 3687 4742 Juliano
3709 4689 3823 4758 epi-

2241 4758 2406 4830 scopo
2440 4761 2718 4827 Toletauo,
2747 4763 2834 4830 qui
2857 4761 2986 4814 obiit
3015 4775 3155 4813 anno
3183 4759 3306 4813 690.
3342 4758 3544 4814 Pnnnz.

2317 4828 2452 4884 Ibid.
2497 4828 2912 4902 Antiquissimus
2952 4841 3032 4886 est
3074 4831 3531 4902 hicierror,_quo
3581 4828 3826 4883 Julianus

2243 4903 2528 4956 'I'oletauus
2568 4897 2688 4956 cum
2731 4903 2942 4957 Juliano
2988 4901 3232 4956 Pomerio
3273 4897 3639 4962 confunditur,
3677 4912 3732 4953 ut
3761 4917 3826 4954 ex

2244 4975 2509 5028 veteribus
2534 4972 2815 5028 Codicibus
2866 4974 3050 5042 liquet.
3090 4972 3336 5041 Alioquin
3389 4971 3639 5025 Julianus
3671 4972 3829 5025 Tole-

2244 5053 2398 5098 tanus
2442 5061 2585 5112 saepe
2634 5045 2934 5100 Pomerium
2993 5043 3218 5110 laudat,
3274 5044 3642 5112 sequiturque.
3697 5042 3831 5096 Vide

2244 5115 2548 5183 Hispaniam
2579 5130 2806 5181 sacram,
2839 5126 2969 5170 tom.
2999 5113 3067 5179 V,
3101 5130 3217 5183 pag.
3250 5113 3372 5177 500,
3405 5123 3461 5167 et.
3502 5113 3678 5167 Vitam
3708 5127 3832 5167 san.

2245 5188 2313 5241 cti
2342 5185 2537 5240 Juliaui
2563 5187 2807 5241 Toletani
2828 5188 3253 5256 episc0pi,~tom.
3287 5184 3326 5236 Il
3360 5184 3575 5256 Patrum
3590 5183 3828 5256 Toleta-

2246 5271 2458 5313 norum.
2491 5254 2892 5313 Observandum
2917 5256 3056 5327 quod
3090 5254 3417 5327 Gennadius,
3453 5254 3554 5308 etsi
3587 5255 3829 5327 Maurum

2243 5332 2458 5383 natione
2483 5329 2612 5383 dicit
2639 5326 2960 5395 Pomerium,
2994 5330 3043 5380 in
3073 5326 3240 5380 Gallia
3291 5335 3494 5395 tamen
3523 5326 3830 5379 ordinatum

2246 5401 2610 5469 presbyterum
2639 5402 2854 5464 asserit;
2887 5393 2991 5467 quo
3022 5400 3153 5452 forte
3199 5395 3386 5469 alludit
3414 5393 3669 5469 Isidorus,
3703 5398 3827 5450 dum

2244 5465 2450 5525 Gallum
2483 5482 2666 5530 \'Oc.it;
2718 5472 2801 5525 vel
2842 5465 3189 5524 «inlinendum
3217 5474 3298 5522 est
3322 5465 3502 5522 Gallus
3539 5482 3660 5522 cum
3697 5482 3830 5524 non-

2245 5543 2399 5595 nullis
2429 5543 2781 5596 Editionibus.
2814 5545 2980 5595 Annv.
3058 5576 3083 5597 -.

2318 5613 2408 5666 32.
2453 5615 2762 5682 Suspicatur
2802 5613 3053 5668 Schouus
3094 5620 3337 5667 octavum
3395 5610 3588 5666 librum
3630 5609 3701 5665 de
3748 5610 3829 5665 his

2248 5698 2365 5750 quae
2395 5685 2445 5737 in
2491 5684 2595 5739 line
2625 5685 2806 5739 mundi
2856 5683 3032 5737 futura
3077 5692 3218 5748 sunt,
3271 5696 3391 5737 esse
3445 5682 3829 5750 Prognosticon

2247 5754 2401 5818 illud,
2451 5755 2588 5823 quod
2634 5755 2795 5811 Duaci
2842 5755 3051 5810 Boetius
3081 5753 3194 5822 Epo
3225 5753 3410 5808 edidit.
3457 5753 3525 5807 At
3567 5756 3668 5807 hoc
3699 5751 3830 5806 Pro—

2247 5825 2527 5896 guosticou
2581 5837 2728 5883 certo
2772 5839 2852 5886 est
2901 5842 3035 5897 opus
3092 5825 3285 5880 Jutiani
3341 5823 3607 5897 Toletani,
3640 5824 3693 5881 in
3723 5837 3828 5894 quo

2249 5895 2538 5958 identidem
2570 5900 2734 5958 verba
2765 5895 2996 5959 Pomerii
3034 5899 3356 5956 reteruntur.
3388 5895 3556 5954 Assv.

3773 6013 3896 6054 πρυ
