4086 6350
352 394 498 467 1097

890 515 1119 576 CAPUT
1156 514 1348 574 XXVI.

404 614 500 677 38.
526 613 806 688 Eugipius,
844 610 1010 668 abbas
1049 611 1452 667 Lucullanensis
1472 612 1676 684 oppidi,
1701 612 1923 684 Neapoli

339 710 662 780 Campania.
699 706 796 762 llic
838 705 906 761 ad
941 705 1222 776 quemdam
1254 704 1596 760 Paschasium
1637 707 1922 761 diaconum

337 801 576 860 libellum
601 801 668 854 de
684 799 800 854 Vita
827 797 994 854 sancti
1031 795 1189 876 15E.
1209 796 1455 852 monachi
1481 797 1720 854 Severini
1754 807 1928 853 trans-

333 893 559 952 missum
589 891 740 947 brevi
797 891 940 961 ston
992 889 1313 957 composuit.
1349 888 1574 956 Scripsit
1604 898 1658 943 et
1687 889 1925 958 regulam

336 982 620 1041 monachis
650 980 1071 1037 consistentibus
1117 980 1168 1034 in
1201 983 1525 1035 monasterio
1555 981 1726 1034 sancti
1759 980 1925 1035 Seve-

339 1075 468 1144 rini,
508 1089 667 1145 quam
695 1073 899 1130 eisdem
927 1071 1161 1127 moriens
1187 1072 1337 1140 quasi
1387 1071 1789 1126 testamentario
1805 1072 1926 1140 jure

333 1168 566 1241 reliquit.
608 1167 813 1224 Claruit
871 1174 992 1236 post
1029 1165 1368 1221 consulatum
1411 1164 1703 1236 lmportunt
1745 1165 1926 1221 ,Ιυηίοο

332 1260 434 1329 ris,
465 1260 751 1317 Anastasio
793 1258 1112 1329 imperatore
1143 1266 1418 1325 regnante.

891 1347 1118 1404 CAPUT
1160 1346 1373 1402 XXVII.

407 1444 497 1501 '55.
513 1441 843 1514 Fulgentius,
863 1440 1014 1506 Afer,
1030 1440 1272 1496 ecclesia:
1306 1439 1597 1507 ltuspensis
1623 1437 1924 1509 episcopuz,

337 1535 392 1591 itt
421 1533 770 1590 confessione
803 1533 926 1588 ﬁdei
959 1533 1172 1597 clarus,
1206 1531 1259 1585 in
1293 1531 1586 1599 Scripturis
1618 1531 1810 1584 divinis
1837 1545 1927 1586 co.

336 1627 642 1696 piosissime
673 1624 916 1681 eruditus
939 1665 954 1690 ,
988 1624 1040 1679 in
1073 1623 1342 1692 loquendo
1384 1636 1594 1691 quoque
1633 1621 1802 1676 dulcis
1823 1659 1841 1686 ,
1873 1621 1926 1674 in

242 1722 262 1734 ‘
334 1718 578 1776 docendo
623 1733 688 1774 ac
737 1717 1051 1773 disserendo
1100 1716 1350 1782 subtilis,
1403 1715 1616 1785 scripsit
1655 1715 1840 1769 multa.
1885 1714 1927 1769 E

334 1813 531 1885 quibus
571 1813 828 1883 legimus,
872 1810 940 1866 de
981 1810 1149 1881 gratia
1191 1810 1286 1863 Dei
1316 1818 1370 1863 et
1402 1807 1569 1862 Lbero
1601 1807 1826 1862 arbitrio
1867 1808 1928 1860 li-

1369 397 1462 457 ns
1501 377 1686 458 situs
1725 351 2447 458 tulissemus-mssa.

1946 518 1998 581 Α
2025 516 2434 574 Thrasamundo
2461 528 2584 586 rege
2615 514 2753 572 idem
2794 514 2978 571 beatus
3021 514 3330 586 Fulgentius
3356 513 3600 583 disputa-

3460 381 3597 456 loss

2027 612 2120 666 vit.
2155 610 2234 665 Ad
2267 610 2598 666 Fer-randum
2629 623 2839 680 quoque
2860 651 2876 676 ,
2915 608 3156 665 ecclesiae
3191 608 3603 680 Carthaginien~

2025 705 2098 760 sis
2141 703 2456 770 diaconum,
2505 717 2668 757 unum
2713 702 2781 758 de
2828 701 3170 772 interrogatis
3211 701 3605 769 Quaestionibus

2025 797 2239 867 scripsit
2284 795 2526 851 ibellnm.
2549 795 2692 851 Inter
2710 795 2824 850 hac
2863 794 3163 864 composuit
3186 794 3382 849 multos
3406 801 3604 850 tracta-

2027 894 2112 941 tus
2153 885 2333 958 155,
2375 883 2572 955 quibus
2619 883 2928 940 sacerdotes
2956 884 3008 941 in
3038 882 3277 940 ecclesiis
3304 892 3602 939 uterentur.

2027 977 2262 1032 Plurima
2310 993 2522 1048 quoque
2561 973 2810 1032 feruntur
2849 975 3047 1048 ingenii
3087 975 3204 1044 ejus
3238 985 3604 1030 monumenta.

2028 1072 2151 1126 ":l‘c
2179 1081 2381 1126 tantum
2414 1088 2478 1128 ex
2509 1072 2761 1142 pretiosis
2792 1072 3049 1131 doctrinae
3080 1071 3198 1140 ejus
3241 1071 3460 1127 floribus
3487 1087 3616 1151 caro.

2029 1164 2254 1232 psimus.
2289 1164 2420 1218 Sors
2460 1163 2666 1230 melior,
2718 1164 2804 1219 cui
2837 1164 3056 1219 delicias
3083 1167 3320 1219 omnium
3347 1162 3607 1220 librorum

2027 1258 2143 1327 ejus
2174 1257 2482 1327 praestiterit
2513 1257 2791 1314 Dominus.
2831 1257 3040 1314 Claruit
3070 1259 3168 1314 sub
3198 1257 3610 1313 Thrasamundo

2028 1362 2151 1419 rege
2182 1347 2575 1418 Vandalorum,
2629 1349 2914 1405 Anastasio
2959 1352 3286 1419 imperatore
3327 1357 3610 1421 regnanto.

2563 1439 2793 1497 CAPUT
2836 1441 3074 1497 XXVIII.

2101 1529 2192 1586 58.
2214 1530 2531 1598 Eucherius,
2549 1531 2792 1588 Francia:
2821 1535 3126 1604 episcopus,
3147 1536 3364 1607 elegans
3390 1545 3610 1594 senten-

2031 1623 2152 1691 tiis,
2185 1634 2403 1680 ornatus
2443 1625 2496 1680 in
2537 1625 2753 1692 verbis,
2799 1627 2970 1682 edidit
3007 1629 3075 1683 ad
3119 1629 3379 1686 llilarium
3419 1631 3611 1687 Arela-

2034 1722 2238 1768 tensem
2291 1714 2584 1771 antistitem
2636 1717 2802 1771 eremi
2857 1717 3067 1773 deserta
3121 1729 3391 1788 petentem
3445 1737 3610 1777 unum

2031 1802 2343 1871 opusculum
2397 1805 2462 1859 de
2513 1805 2691 1862 Laude
2739 1806 2982 1875 ejusdem
3038 1811 3202 1865 eremi
3255 1811 3615 1869 luculentissi-

335 1905 463 1959 bros
518 1905 947 1972 liesponsionom
1003 1914 1210 1972 septem
1237 1945 1250 1968 ,
1311 1903 1362 1955 in
1421 1901 1615 1971 quibus
1673 1901 1874 1954 Fausto
1897 1939 1916 1967 ,
1957 1894 2001 1953 Β
2032 1909 2176 1948 mum
2201 1935 2216 1962 ,
2245 1903 2297 1950 et
2327 1895 2468 1952 dulci
2500 1913 2751 1954 sermone
2779 1898 3037 1955 dictatum
3056 1941 3070 1967 ,
3099 1902 3152 1955 in
3181 1917 3285 1971 quo
3311 1918 3474 1974 opere
3503 1904 3615 1960 lau-

340 1994 528 2052 Gallia
561 1994 840 2064 liegiensis
869 1995 1016 2049 urbis
1043 1995 1320 2064 episcopo,
1353 1991 1652 2061 Pelagiana:
1683 1990 1927 2060 pravitati

333 2088 730 2153 consentienti,
765 2088 1099 2157 respondens
1119 2127 1136 2153 ,
1169 2086 1432 2142 obnititur
1462 2086 1578 2154 ejus
1611 2083 1925 2154 profundam

333 2182 613 2238 destruere
650 2181 1022 2236 calliditatem.

406 2273 497 2329 56.
556 2275 806 2345 Legimus
843 2283 898 2329 et
927 2274 1166 2344 ejusdem
1212 2273 1403 2328 librum
1460 2272 1528 2327 de
1585 2282 1770 2328 sancta
1811 2272 1928 2328 Tri-

337 2365 502 2421 nitate
572 2367 638 2420 ad
714 2364 946 2420 Felicem
1022 2365 1283 2420 directum
1355 2365 1664 2428 notarium;
1737 2362 1927 2417 librum

339 2471 552 2527 quoque
611 2456 829 2526 Regulae
885 2471 1025 2510 vera:
1083 2456 1246 2522 tidei,
1307 2465 1360 2510 et
1419 2455 1580 2509 alium
1627 2456 1695 2508 de
1740 2453 1931 2510 Sacra-

343 2559 528 2604 tnento
591 2547 979 2603 Incarnationis
1039 2547 1247 2601 Domini
1307 2546 1478 2600 nostri
1531 2545 1656 2600 Jcsu
1712 2544 1926 2599 Christi.

340 2638 594 2706 Exstant,
623 2648 677 2694 et
706 2638 812 2693 duo
842 2637 1084 2707 ejusdem
1131 2636 1257 2691 libri
1284 2637 1350 2691 de
1385 2635 1622 2692 Veritate
1651 2636 1933 2705 prindesti-

348 2734 602 2799 nationis,
625 2734 689 2788 ad
719 2735 1000 2803 episcopos
1025 2732 1202 2797 missi,
1229 2731 1284 2786 in
1316 2731 1506 2802 quibus
1535 2732 1932 2789 demonstratur

345 2830 490 2901 quod
520 2831 688 2900 gratia
724 2829 815 2884 Dei
851 2831 903 2884 in
935 2829 1089 2883 bonis
1121 2827 1446 2882 voluntatem
1479 2827 1764 2882 humanam
1798 2843 1932 2898 pra:-

341 2927 524 2993 venit,
568 2935 621 2982 et
652 2925 796 2996 quod
832 2926 975 2981 Deus
1002 2923 1265 2995 quosdam
1299 2922 1785 2993 praedestinationls
1823 2938 1933 2979 sua:

344 3033 572 3075 munere
608 3019 904 3088 justiticans
954 3017 1236 3088 praseligit,
1267 3017 1523 3086 quosdam
1565 3033 1696 3072 vero
1738 3018 1790 3072 in
1822 3019 1932 3073 suis

343 3109 589 3178 reprohls
609 3109 849 3165 moribus
869 3109 1088 3164 occulto
1107 3106 1337 3178 quodam
1359 3105 1558 3176 judicio
1583 3107 1929 3177 derelinqnit.

414 3197 505 3256 57.
537 3199 635 3255 Est
660 3209 714 3256 et
739 3199 875 3256 liber
902 3199 1262 3255 altercationis
1290 3197 1428 3267 ejus,
1446 3211 1554 3269 quo
1579 3197 1646 3252 de
1676 3197 1780 3253 fide
1807 3212 1931 3253 cum

2025 1983 2216 2039 damus
2245 1985 2522 2042 doctorem
2542 2028 2558 2055 ,
2588 1989 2710 2044 etsi
2743 2005 2906 2060 pauca
2929 2031 2945 2058 ,
2975 1999 3155 2049 tamen
3189 1995 3404 2063 pulchra
3431 1995 3614 2052 dicen-

2029 2083 2155 2131 letn.
2176 2075 2424 2145 Brevitas,
2439 2089 2497 2135 ut
2524 2080 2600 2136 ait
2615 2081 2852 2151 quidam,
2867 2083 2978 2138 laus
3001 2093 3073 2139 est
3096 2086 3349 2139 interdum
3369 2087 3422 2140 iu
3440 2088 3616 2154 aliqua

2029 2179 2172 2239 parte
2191 2172 2426 2240 dicendi,
2449 2173 2502 2228 in
2527 2174 2763 2230 universa
2785 2176 3070 2246 eloquentia
3097 2179 3301 2234 laudem
3315 2197 3414 2236 non
3442 2180 3614 2240 habet.

2593 2267 2824 2324 CAPUT
2865 2270 3054 2328 XXIX.

2101 2359 2188 2418 59.
2215 2359 2463 2428 llilarios,
2485 2361 2816 2421 Arelatensis
2841 2365 3125 2436 episcopus
3142 2406 3157 2432 ,
3201 2366 3416 2435 scripsit
3437 2365 3614 2423 Vitam

2030 2455 2269 2527 parentis
2296 2465 2349 2512 et
2377 2457 2788 2526 prtedecessoris
2827 2458 2946 2528 sui,
2971 2457 3290 2514 sanctissimi
3312 2473 3376 2514 ac
3395 2473 3622 2514 venera-

2031 2548 2154 2604 bilis
2197 2550 2450 2604 llonorati
2475 2549 2742 2621 episcopi,
2771 2552 2920 2608 suavi
2949 2565 3012 2608 ac
3038 2556 3299 2622 prteclaro
3331 2549 3615 2622 praedicta-

2033 2648 2140 2696 tam
2172 2641 2405 2713 eloquio.

2511 2783 2524 2794 .
2613 2734 2841 2794 CAPUT
2882 2735 3050 2792 XXX.

2105 2823 2192 2880 40.
2219 2825 2530 2898 Apringius,
2553 2827 2798 2884 ecclesia:
2826 2829 3077 2885 Pacensis
3093 2829 3469 2900 Hispaniarum
3503 2829 3624 2903 epit

2032 2929 2258 2986 scepns,
2289 2917 2525 2974 disertus
2555 2918 2763 2991 lingua,
2799 2930 2854 2976 et
2893 2921 3116 2977 scientia
3146 2922 3424 2990 eruditus,
3457 2923 3624 2980 intor-

2035 3019 2275 3077 pretatus
2324 3019 2410 3066 est
2467 3011 2824 3084 Apocalypsin
2880 3012 3100 3068 Joannis
3163 3014 3390 3084 apostoli
3441 3014 3625 3070 subtili

2034 3117 2195 3159 sensu
2251 3111 2410 3173 atque
2468 3103 2661 3159 illustri
2720 3119 2969 3161 sermone
3025 3106 3217 3161 melius
3258 3120 3394 3176 pene
3466 3105 3626 3178 156

2035 3214 2194 3270 quam
2216 3205 2426 3254 veteres
2455 3198 2804 3255 ecclesiastici
2846 3199 2946 3254 viri
2993 3200 3304 3270 exposuisse
3347 3197 3624 3256 videntur.

413 3356 505 3415 34.
533 3356 714 3411 Exstat
747 3355 863 3427 Vita
891 3353 1025 3427 apud
1045 3354 1278 3427 Surinm.
1298 3354 1375 3409 De
1393 3354 1650 3411 Severino
1676 3352 1929 3427 _Gregor..
1959 3353 2007 3415 C
2039 3358 2139 3414 fuit
2170 3357 2307 3427 apud
2339 3357 2670 3415 Gennadium
2703 3366 2758 3413 et
2789 3357 3172 3413 Marcellinum.
3217 3357 3481 3421 Brevitas,
3509 3365 3618 3415 etc.

345 3429 440 3485 lib.
473 3444 562 3492 vn,
596 3429 752 3496 epist.
787 3426 875 3479 SI.
903 3425 1048 3479 Paul.
1084 3426 1253 3491 Diac.,
1291 3428 1445 3496 libat,
1488 3442 1607 3495 cap.
1640 3425 1721 3480 I2.

416 3493 753 3568 Importunns
780 3499 964 3550 consul
992 3512 1133 3568 anno
1162 3496 1360 3549 Christi
1381 3493 1504 3550 509.
1525 3493 1602 3550 Ad
1639 3496 1919 3567 Eugipinm

343 3567 518 3626 exstat
554 3570 714 3638 epist.
760 3567 1029 3638 Fulgentii
1067 3567 1402 3630 RuSpensis.,
1427 3568 1704 3637 Eugipinm
1745 3584 1804 3623 se
1843 3571 1926 3625 vi-

343 3643 488 3698 disse
516 3637 600 3695 ait
616 3638 948 3702 Cassiodor.,
982 3637 1073 3691 lib.
1109 3653 1120 3690 I
1157 3638 1325 3691 Divin.
1362 3640 1491 3692 Inst;
1525 3640 1722 3692 Ριεκη.

416 3711 554 3766 Ibid.
591 3709 891 3778 Eugipiunt,
924 3723 1080 3776 quem
1111 3708 1462 3762 Cassiodorus
1498 3723 1557 3762 se
1587 3709 1780 3763 v:d:sse
1826 3708 1921 3773 ait,

346 3784 510 3838 alium
538 3781 803 3850 juniorqm
840 3778 1120 3850 Ευςὶιξὶιιιη
1151 3793 1288 3842 esse,
1326 3779 1600 3834 Fabricius
1648 3795 1772 3850 cum
1805 3779 1923 3832 aliis

344 3849 617 3909 observat.
651 3850 968 3918 Conjecutra
1001 3849 1203 3903 Loaisae
1251 3860 1307 3918 et
1359 3849 1590 3912 Scltotti.
1645 3849 1924 3918 legendunt

347 3917 806 3997 post_¢onsul_atuiu
836 3918 1126 3997 Importuni
1154 3929 1200 3973 et
1231 3917 1377 3974 Decii
1404 3921 1651 3997 junioris,
1686 3917 1789 3997 non
1814 3920 1927 3989 pla-

346 3991 433 4050 cet
461 3994 743 4057 Zaccarizc,
778 4006 895 4044 nam
930 3991 1264 4054 Importunns
1308 3993 1494 4045 consul
1525 3993 1669 4044 solus
1699 3991 1824 4056 fuit;
1873 4001 1926 4046 et

350 4068 519 4136 potuit
546 4064 881 4132 Importunns
902 4061 1084 4136 junior
1113 4062 1216 4136 dici
1247 4063 1452 4136 ratione
1501 4062 1726 4129 alicujtts
1742 4062 1927 4136 fratris

348 4131 453 4200 sui,
485 4144 575 4189 aut
622 4131 840 4188 alterius
885 4149 950 4188 ex
1011 4131 1201 4186 familia
1256 4132 1354 4186 viri
1384 4148 1445 4188 ea
1491 4141 1646 4188 aetate
1675 4133 1924 4196 celebris,

348 4222 448 4262 nec
477 4219 649 4260 tamen
703 4205 968 4266 consulis;
1029 4213 1121 4257 aut
1175 4202 1362 4257 Jumor
1409 4219 1669 4273 agnomen
1701 4205 1928 4258 fortasse

348 4287 483 4333 erat.
511 4275 660 4341 Quod
689 4275 734 4329 si
763 4286 969 4329 mutare
1008 4277 1292 4342 quidquam
1325 4275 1550 4345 placeat,
1581 4286 1766 4329 censet
1793 4274 1925 4328 Zac-

349 4348 485 4404 caria
507 4346 737 4400 Junioris
757 4347 825 4400 ab
848 4348 1088 4412 imperito
1120 4345 1335 4417 librario
1359 4350 1586 4414 positum
1613 4362 1705 4415 pro
1721 4347 1924 4412 iterum,
1963 4364 1969 4369 ·

349 4426 439 4474 aut
468 4435 559 4486 pro
581 4417 814 4472 illustris.
845 4418 1013 4470 Ansv.

422 4484 510 4560 53.
555 4487 1071 4560 ΡυιςισιειὶυσλΑηηο
1119 4484 1476 4560 ΒΟΟἎΡεῐιιεῑ.

2023 3431 2303 3487 Ciceronis
2333 3441 2456 3485 sunt
2485 3429 2754 3500 verba.(in
2778 3431 3002 3484 Oratore
3026 3431 3096 3500 ad
3118 3428 3384 3496 Brutum.)
3412 3428 3617 3500 Penes.

2102 3501 2236 3554 Ibid.
2285 3500 2522 3554 Francia
2561 3502 2862 3569 episcopus;
2907 3503 3000 3566 al.,
3050 3499 3288 3552 Francia
3318 3499 3624 3568 presbyter;

2032 3575 2260 3629 fortasse
2289 3574 2409 3640 quia
2441 3586 2824 3640 nonnunquam
2855 3572 3017 3624 etiam
3053 3571 3286 3638 episcopi
3318 3571 3621 3640 presbyteri

2031 3644 2366 3708 dicebantur,
2424 3651 2584 3710 atque
2635 3639 2705 3694 ita
2758 3641 3044 3710 aliquando
3110 3649 3326 3710 sanctus
3382 3639 3620 3693 Joannes

2033 3718 2449 3784 Cltrysostomus
2496 3711 2748 3784 loquitur.
2799 3711 2871 3784 De
2909 3709 3185 3784 Eucherio
3229 3709 3622 3784 v'_deri_potest

2035 3787 2095 3842 Ρ.
2143 3778 2216 3838 De
2253 3780 2498 3844 Colonia,
2539 3778 2592 3834 in
2641 3781 2855 3833 historia
2909 3780 3162 3833 Iitteraria
3207 3779 3355 3833 urbis
3407 3778 3622 3847 Lugdu-

2035 3853 2234 3912 nensis.
2281 3852 2574 3917 Fabricius,
2625 3861 2753 3905 tom.
2801 3851 2841 3904 ll
2891 3850 3142 3904 Biblioth.
3195 3849 3334 3904 med.
3382 3850 3508 3915 :evi,
3551 3849 3621 3904 de

2033 3923 2315 3983 Enclteriis
2362 3938 2548 3994 agens,
2582 3923 2834 3994 observat
2881 3920 3022 3994 quod
3055 3921 3338 3994 Dionysius
3369 3917 3619 3994 Fauche-

2035 4001 2148 4054 rius
2174 3991 2416 4064 quaedam
2447 3994 2606 4064 veluti
2636 3992 2818 4048 Isidori
2845 3992 3010 4064 verba
3040 4005 3104 4064 ex
3130 3991 3618 4064 hochopercall'et't,

2036 4084 2154 4139 qua:
2185 4061 2234 4120 in
2270 4065 2414 4139 nullo
2443 4063 2864 4139 C_odice‘vete_ri,
2892 4062 2952 4139 in
2983 4061 3124 4139 nulla
3165 4062 3413 4115 Editione
3436 4061 3622 4139 legun-

2037 4131 2142 4203 tur,
2195 4135 2681 4205 scilicet:Scripsit
2729 4135 2833 4188 alia
2885 4135 2937 4186 in
2989 4131 3179 4186 multos
3233 4148 3406 4205 sacros
3462 4133 3622 4186 libros

2034 4208 2398 4266 commentaria
2446 4223 2547 4260 non
2577 4203 2745 4260 minus
2782 4205 3070 4258 necessaria
3098 4219 3251 4273 quam
3280 4203 3454 4273 utilia,
3489 4219 3624 4273 prte-

2034 4284 2181 4348 cipue
2212 4295 2327 4331 vero
2350 4281 2402 4331 in
2434 4276 2671 4342 Geuesin,
2702 4285 2751 4331 et
2797 4276 2949 4329 libros
2975 4272 3196 4345 Regum,
3235 4276 3307 4348 ad
3343 4272 3621 4348 Salonium

2034 4345 2390 4406 et'l’eranium
2439 4353 2618 4418 fratres
2646 4349 2928 4419 episcopos,
2974 4363 3100 4416 opus
3130 4346 3389 4416 prolixum
3429 4352 3479 4399 et
3527 4345 3622 4400 do-

2032 4424 2330 4477 ctissimum.
2365 4423 2540 4472 Λιιεν.

2009 4491 2020 4501 ’
2106 4497 2195 4550 59.
2234 4491 2388 4545 Anno
2416 4489 2544 4545 452.
2573 4489 2650 4544 De
2678 4488 2778 4542 hoc
2804 4487 3132 4543 Gennadius.
3166 4487 3364 4543 Penes.

423 4542 825 4638 Ibid.__.loau_nes
853 4558 1101 4638 Nolanus
1120 4557 1782 4638 cruditatii_prmfatiottent
1824 4556 1921 4638 ad-
2234 4542 2541 4638 dpringius.
2570 4542 2725 4638 Anno
2748 4559 2949 4638 Christi
2973 4542 3102 4616 540.
3128 4559 3370 4638 apringii
3403 4542 3621 4638 nomine

351 4630 476 4700 jecit
509 4630 734 4685 Editioni
760 4644 980 4697 operum
1009 4627 1294 4700 Fulgeutli,
1324 4643 1354 4682 a
1381 4628 1586 4683 Joanne
1614 4627 1926 4700 Olimnterio

350 4698 492 4773 typis
518 4701 866 4773 Plautinianjs
894 4712 1237 4773 procurattna
1262 4698 1317 4753 In
1371 4699 1930 4773 ὺίωἰυιΙι.ῌ(;;ιιὶιιιξ‹1.,

351 4769 481 4826 toto.
532 4772 620 4834 XI,
649 4786 764 4839 pag.
799 4771 906 4826 9.30
935 4779 989 4824 et
1014 4785 1192 4840 seqq.,
1227 4771 1400 4837 legere
1433 4772 1553 4826 licet
1603 4771 1796 4825 librum
1829 4769 1929 4824 Pe-

351 4844 420 4899 tri
461 4842 668 4898 diaconi
718 4853 772 4897 et
817 4842 1044 4895 aliorum
1078 4845 1140 4894 ad
1198 4841 1528 4910 Fulgentium
1561 4855 1612 4894 et
1654 4842 1787 4895 alios
1819 4840 1933 4909 epi-

351 4927 544 4983 scapos
565 4913 781 4977 African
811 4912 878 4965 de
906 4911 1273 4966 Incarnatione
1300 4922 1352 4966 et
1375 4916 1540 4981 gratia
1563 4912 1686 4969 Iesu
1707 4911 1929 4978 Christi,

354 4992 406 5039 et
450 4987 642 5040 librum
689 4983 970 5050 Fulgentii,
1014 4993 1067 5037 et
1096 4985 1319 5036 aliorum
1349 4985 1720 5050 episcortoruut
1750 4983 1817 5035 de
1841 4997 1934 5037 eoo

361 5054 473 5111 .‘lcttt
502 5065 816 5126 argumento
841 5054 906 5108 ad
936 5054 1182 5126 eumdem
1207 5054 1416 5126 Iletrunt
1443 5054 1760 5126 diaconum;
1795 5055 1934 5107 inter

351 5139 516 5193 Opera
546 5122 672 5182 {ero
703 5125 964 5194 Fulgentii
1011 5122 1265 5178 Ferrandi
1295 5122 1503 5177 diaconi
1535 5129 1721 5178 eodem
1767 5133 1932 5184 tomo,

356 5211 474 5263 pag.
505 5195 607 5251 529
638 5208 692 5251 et
736 5212 889 5263 seqq.
931 5195 1214 5259 recensita,
1257 5196 1414 5248 vitam
1469 5196 1638 5249 sancti
1673 5194 1933 5262 Fingentii

354 5267 648 5333 Iiuspens'ts
676 5267 909 5336 episcopi
957 5281 986 5318 a
1032 5263 1329 5336 Ferrando,
1364 5274 1419 5316 ut
1448 5265 1675 5336 videtur,
1703 5264 1937 5318 CthCl‘i-

358 5350 521 5406 piam.
548 5334 733 5392 (ludes
769 5334 1098 5408 Regiuvatie.
1148 5334 1270 5399 1‘25,
1306 5351 1426 5408 pag.
1459 5335 1796 5408 69,Aexltibel
1822 5350 1936 5408 ser-

357 5403 567 5463 nionem
628 5403 887 5474 Fulgentin
943 5407 1179 5476 episcopi
1236 5410 1301 5460 de
1354 5406 1519 5460 Natali
1560 5403 1938 5476 DimjniuCu-

355 5480 546 5548 pientes
589 5479 800 5550 aliquid,
843 5487 974 5550 etc.,
1030 5474 1267 5550 cti'pag.
1328 5477 1415 5550 8:2,
1475 5474 1936 5550 sertnonentFul-

357 5547 522 5618 gentii
569 5547 1008 5620 Carthaginensis
1035 5549 1272 5618 episcopi
1313 5547 1378 5602 de
1428 5557 1614 5602 sancto
1641 5548 1933 5616 Stephano.

357 5628 533 5675 Anev.
669 5674 672 5677 .

431 5692 521 5746 37.
545 5692 946 5748 Trasamunaus
967 5689 1125 5745 scribi
1154 5690 1312 5745 etiam
1337 5690 1473 5746 solet
1492 5690 1936 5754 Thrasamimdus,

360 5760 810 5830 Transamundus,
857 5772 910 5817 et
937 5761 1343 5828 Trasimundus;
1385 5780 1447 5816 ac
1498 5763 1683 5818 similis
1712 5764 1939 5817 varietas

361 5838 596 5890 occurrit
627 5836 680 5890 in
713 5835 941 5890 Ilistoria
966 5834 1284 5894 Gothorum,
1315 5849 1368 5888 n.
1401 5834 1488 5887 81.
1519 5835 1685 5889 Ansv.
1785 5877 1796 5890 .

434 5903 524 5962 38.
570 5904 888 5964 Eucherius.
923 5907 1078 5960 Anno
1107 5902 1231 5956 $250.
1267 5904 1630 5974 Lugdunensis
1660 5904 1940 5976 episcopus

235 6030 628 6267 ι.
723 5999 993 6060 ΡΑἨιοι..
1044 5995 1212 6056 LXX
1230 5997 1400 6058 XIII.

2035 4630 2322 4692 multorum
2337 4630 2579 4687 manibus
2591 4631 2961 4687 circumfertur
2976 4645 3112 4698 Opus
3130 4630 3315 4699 ingens
3336 4631 3615 4683 manuscri-

2037 4720 2182 4776 ptutn
2202 4707 2257 4776 in
2283 4704 2659 4776 Apocalypsin.
2685 4701 2792 4758 Sed
2821 4718 2942 4772 ego,
2971 4718 3090 4776 cum
3115 4703 3348 4754 viderem
3367 4699 3619 4776 (indicem

2037 4769 2208 4847 ipsum
2226 4769 2507 4831 Gothicum
2524 4769 2912 4847 Legionense'm
2930 4775 3188 4847 scriptum
3208 4785 3313 4822 aera
3333 4769 3620 4824 millesima

2038 4845 2247 4911 octava,
2270 4847 2621 4901 animadverti
2649 4846 2770 4899 inde
2798 4845 3035 4898 auctoris
3059 4855 3254 4895 nomen
3285 4854 3390 4893 non
3413 4847 3623 4894 consta-

2039 4936 2120 4985 re,
2141 4920 2234 4975 sed
2255 4919 2458 4973 editum
2488 4931 2626 4985 opus
2651 4916 2702 4969 in
2727 4914 2952 4985 gratiam
2976 4911 3467 4985 cujusdamliterii.
3485 4911 3622 4977 Quin

2039 4982 2175 5046 etin
2207 4982 2853 5060 pratfatione'illeauctor
2882 4984 2957 5060 ait
2985 4998 3046 5060 se
3086 4982 3372 5060 collegisse
3415 4997 3508 5060 sua
3551 4995 3621 5060 ex

2040 5049 2519 5123 libris'Victorini,
2567 5055 2782 5120 lsidori,
2825 5065 2880 5109 et
2921 5053 3191 5123 Apringii,
3234 5049 3293 5105 ut
3331 5049 3624 5123 manifesto

2041 5142 2247 5188 constet
2297 5146 2399 5184 non
2451 5120 2571 5182 esse
2617 5127 2771 5181 illum
2817 5120 3134 5195 Apringium
3184 5123 3337 5192 cujus
3389 5120 3626 5176 Isidorus

2041 5205 2304 5258 meminit.
2339 5203 2534 5256 Penes.

2114 5273 2252 5327 Ibid.
2297 5269 2590 5335 Florezius,
2624 5276 2755 5322 tom.
2783 5266 2900 5322 XIV
2929 5267 3076 5331 llisp.
3109 5279 3271 5328 sacr.,
3302 5261 3621 5335 ubigagitde

2042 5344 2307 5410 episcopis
2360 5333 2719 5403 Pacensibus,
2770 5341 2842 5391 ait
2891 5338 3200 5410 Apringium
3254 5333 3623 5410 floruisse‘ab

2043 5403 2184 5467 anno
2226 5403 2352 5466 531.
2380 5411 2694 5479 Suspicatur
2725 5425 2860 5477 opus
2886 5403 2988 5461 ms.
3021 5403 3090 5460 de
3125 5423 3229 5476 quo
3254 5405 3505 5479 Perseius
3532 5403 3620 5479 lo:

2044 5485 2223 5554 quitur
2248 5497 2369 5538 esse
2399 5475 2566 5554 Beati,
2602 5481 2688 5535 cui
2729 5475 2848 5535 cum
2872 5479 3102 5554 Etherio
3130 5475 3342 5554 errores
3375 5475 3620 5554 Elipandi

2044 5547 2336 5610 confutavit
2371 5570 2387 5609 :
2419 5547 2560 5622 quod
2587 5568 2652 5606 ex
2686 5551 2956 5604 nonnullis
2987 5551 3108 5622 Mss.
3144 5548 3425 5622 confirmat
3455 5547 3626 5622 Βηθ-

2047 5628 2159 5681 rius
2184 5628 2236 5680 in
2268 5636 2382 5680 not.
2413 5617 2480 5678 ad
2533 5623 2788 5677 Biblimh.
2823 5629 2988 5675 veter.
3043 5621 3261 5688 llispan.
3304 5617 3420 5673 Nic.
3453 5619 3624 5688 Anto-

2047 5701 2142 5752 nii.
2186 5696 2388 5752 Prodiit
2434 5697 2534 5749 hoc
2584 5693 3027 5748 commentarium
3074 5687 3233 5756 beati,
3267 5699 3325 5744 ut
3362 5687 3627 5751 creditur,

2046 5769 2260 5832 Matriti,
2293 5767 2449 5823 I770.
2483 5765 2814 5836 Antiquioris
2843 5761 3214 5836 commentarii
3239 5757 3478 5836 Aprin'gii
3513 5771 3630 5814 tne-

2048 5839 2204 5896 minit
2235 5831 2444 5896 Braulio
2465 5831 2746 5909 epistCﬂS,
2771 5845 2902 5901 tom.
2927 5833 3078 5891 XXX
3111 5833 3259 5903 Ilisp.
3284 5845 3424 5888 sacr.
3451 5831 3628 5887 Assv.

3195 5984 3270 6046 35
