4086 6350
505 282 635 342 1103

1529 277 1587 336 S.
1628 273 1876 334 lSlDOlll
1919 267 2358 330 IIISPALENSIS
2399 266 2701 330 EPISCOPI

3631 266 3774 330 HM

497 387 651 461 sione
687 399 1056 473 baptismatis,
1109 413 1161 452 in
1187 412 1288 469 qua
1316 397 1455 453 inter
1475 405 1667 451 cietera
1708 396 1778 452 ita
1822 393 2080 464 scriptum
2111 390 2162 452 Δ
2189 402 2378 445 versus
2438 387 2674 444 instituta.
2739 383 3060 444 Arianorum
3087 423 3102 450 ,
3167 398 3220 440 tn
3273 398 3380 456 quo
3407 425 3422 452 ,
3483 386 3774 454 propositis

502 509 619 553 est:
665 493 1104 566 Reprehensibile,
1134 491 1321 562 inquit,
1355 507 1458 545 esse
1500 489 1790 544 nullatenus
1822 497 1982 559 potest
2011 486 2091 540 in-

503 599 692 667 fantem
718 595 769 647 in
791 591 1084 662 baptismate
1110 605 1352 659 mergere,
1380 587 1458 643 vel
1487 588 1640 644 semel
1649 631 1662 649 ,
1695 589 1772 642 rei
1800 597 1895 652 ter,
1922 603 2091 658 quatt-

502 688 567 740 do
588 687 639 740 in
661 685 818 738 tribus
852 682 1184 736 mersiontbus
1242 696 1570 750 personarum
1623 677 1850 733 Trinitas
1878 718 1894 744 ,
1949 687 1998 732 et
2035 676 2091 732 in

501 794 602 830 una
646 784 806 843 potest
856 773 1144 828 Divinitatis
1191 773 1522 844 singularitas
1572 771 1852 842 designari.

573 864 660 922 56.
683 866 874 920 Fertur
901 876 1075 920 tamen
1103 862 1242 918 idem
1272 862 1641 917 sanctissimus
1665 862 1764 926 vir,
1791 869 1842 916 et
1867 860 2002 915 alios
2029 859 2093 916 li-

501 956 626 1013 bros
655 958 885 1013 morales
932 955 1214 1026 scripsisse
1238 997 1252 1022 ,
1306 963 1578 1026 totumque
1627 964 1832 1011 textum
1864 963 2094 1025 quatuor

503 1051 914 1120 Evangeliorum
940 1048 1416 1105 sermocinandoin
1438 1049 1644 1118 populis
1659 1049 1992 1119 exposuisse,
2011 1048 2093 1102 in-

501 1145 770 1213 cognitum
798 1143 1001 1198 scilicet
1026 1143 1181 1198 nobis
1213 1157 1367 1214 opus.
1388 1140 1536 1199 Felix
1569 1150 1844 1208 tamen,et
1866 1141 2092 1198 nimium

502 1235 626 1290 felix
652 1278 665 1300 ,
696 1235 785 1304 qui
815 1235 992 1289 omnia
1048 1235 1350 1290 studiorum
1380 1235 1496 1306 ejus
1543 1235 1713 1304 potuit
1739 1249 2090 1305 cognoscere.

502 1325 910 1382 Floruitantcm
962 1324 1216 1380 Mauricio
1263 1329 1503 1396 Augusto
1565 1325 1911 1396 imperatore.
1945 1323 2093 1380 Obiit

500 1420 552 1474 iii
582 1421 698 1489 ipso
728 1417 948 1476 exordio
981 1420 1228 1475 l’hocatis
1262 1419 1485 1474 Romani
1519 1417 1794 1488 principis.

1100 1511 1326 1567 CAPUT
1364 1511 1499 1566 XLI.

575 1606 664 1662 57.
681 1605 946 1672 Leander,
969 1610 1180 1678 genitus
1204 1615 1353 1676 patre
1369 1602 2093 1677 Severiano,Carthaginien-

501 1701 577 1754 sis
601 1698 913 1771 provincize,
942 1698 1273 1768 professione
1301 1696 1596 1754 monachus
1620 1742 1632 1764 ,
1652 1707 1706 1754 et
1736 1714 1796 1754 cx
1831 1697 2095 1755 monacho

2195 498 2378 538 corum
2423 481 2603 552 dictis,
2655 495 2780 537 suas
2832 478 3207 548 responsiones
3257 476 3498 548 opponit.
3543 477 3776 536 Praater-

2193 590 2256 631 ea
2312 575 2480 631 edidit
2531 589 2690 629 unum
2737 571 2805 629 ad
2851 572 3217 628 Floreiitinain
3266 586 3510 627 sororem
3567 573 3636 628 de
3688 570 3775 629 lno

2195 666 2471 722 stitutione
2515 665 2784 738 virginum
2837 673 2892 720 et
2934 670 3243 732 contemptu
3295 661 3476 717 mundi
3510 659 3774 730 libellum,

2195 761 2472 816 titulorum
2530 757 2963 816 distinctionibus
3023 765 3402 828 prtenmatuiii.
3465 739 3776 826 Siquidem,

2194 863 2249 910 ct
2307 855 2356 908 in
2423 852 2815 910 Ecclesiasticis
2868 849 3074 908 Officiis
3130 849 3270 906 idem
3317 866 3424 906 non
3480 864 3652 921 parvo
3704 849 3782 907 la-

2195 946 2403 1004 boravit
2431 947 2636 1011 studio;
2688 945 2742 1001 in
2785 954 2897 1001 toto
2935 945 3080 1000 cnim
3131 943 3391 999 Psalterio
3418 941 3620 1014 duplici
3668 940 3778 998 edi-

2196 1045 2340 1099 tione
2388 1044 2664 1099 orationes
2715 1039 3063 1112 conscripsit:
3122 1039 3175 1096 in
3235 1037 3498 1095 sacrificio
3543 1051 3777 1109 quoque,

2194 1133 2446 1191 laudibus
2470 1143 2632 1204 atque
2657 1133 2900 1204 psalmis,
2931 1131 3094 1188 multa
3121 1131 3265 1187 dulci
3295 1146 3429 1186 sono
3454 1129 3778 1200 composuit.

2266 1227 2356 1282 59.
2379 1227 2679 1296 Scripsitet
2701 1225 2957 1298 epistolas
2996 1224 3230 1280 multas:
3257 1224 3324 1278 ad
3358 1238 3547 1293 papam
3577 1222 3782 1293 Grego-

2193 1319 2330 1376 rium
2361 1319 2430 1375 ile
2459 1319 2725 1387 baptismo
2748 1333 2928 1385 unam,
2962 1317 3186 1373 alteram
3213 1316 3279 1371 ad
3306 1315 3524 1372 fratrem
3545 1355 3562 1384 ,
3597 1315 3650 1370 in
3677 1325 3780 1383 qua

2195 1423 2490 1485 praemonet
2541 1413 2736 1484 cuique
2768 1422 2998 1467 mortem
3042 1425 3147 1466 non
3195 1424 3314 1466 esse
3343 1408 3659 1466 timendam.
3698 1405 3780 1464 Ad

2194 1518 2420 1564 caateros
2437 1521 2649 1578 quoque
2667 1511 2945 1578 episcopos
2963 1504 3220 1576 plurimas
3243 1503 3598 1574 promulgarit
3623 1499 3782 1556 fatui-

2195 1600 2360 1658 liares
2404 1601 2702 1668 epistolas,
2755 1608 2810 1654 et
2861 1601 2906 1654 si
2952 1614 3056 1654 non
3083 1597 3212 1653 satis
3239 1596 3546 1667 splendidas
3581 1594 3783 1659 verbis.

2195 1703 2378 1749 acutas
2407 1702 2585 1749 tamen
2614 1690 2920 1748 sententiis.
2957 1691 3114 1764 162
3145 1689 3352 1746 Floruit
3381 1687 3483 1745 sub
3511 1685 3786 1744 Rccaredo

501 1791 836 1866 llispalensis
887 1793 1142 1849 Ecclesia:
1172 1793 1465 1864 provinciae
1504 1792 1737 1848 Bethica:
1768 1793 2092 1848 constitutus
2122 1793 2172 1855 Β
2197 1788 2312 1842 viro
2335 1788 2609 1858 religioso,
2636 1799 2701 1841 sc
2733 1783 2970 1856 principe
3002 1784 3258 1856 glorioso,
3287 1783 3440 1852 cujus
3465 1781 3629 1838 etiam
3651 1788 3786 1837 teut-

504 1890 814 1960 episcOpus,
844 1887 928 1942 vir
949 1886 1131 1941 suavis
1155 1883 1391 1956 eloquio,
1417 1885 1570 1956 161
1590 1883 1804 1954 ingenio
1836 1893 2096 1952 praestan-

515 1982 777 2042 tissimus.
805 1981 911 2035 rita
944 1992 1155 2050 quoque
1185 1979 1344 2033 etiam
1385 1986 1547 2047 atque
1576 1976 1813 2033 doctrina
1861 1974 2096 2032 clarissi-

507 2089 648 2138 mus,
696 2081 791 2138 ut,
825 2081 881 2128 et
906 2071 1007 2126 ﬁde
1039 2070 1154 2141 ejus
1181 2077 1340 2140 atque
1385 2069 1644 2124 industria
1698 2067 1878 2138 populi
1922 2067 2095 2138 gentis

507 2161 805 2216 Cmborum
855 2161 922 2216 ab
965 2162 1160 2216 Ariana
1212 2159 1415 2215 insania
1464 2159 1530 2213 ad
1575 2159 1732 2214 fidem
1773 2159 2092 2214 catholicam

507 2265 929 2311 reverterentur.
995 2254 1092 2308 llic
1130 2268 1362 2324 namque
1416 2254 1470 2308 in
1511 2253 1680 2308 exsilii
1724 2267 1804 2307 sui
1859 2251 2093 2324 peregri-

503 2347 724 2403 natione
763 2346 1063 2418 composuit
1092 2346 1229 2403 duos
1257 2345 1519 2402 adversus
1551 2345 1926 2401 bzereticorum
1959 2345 2092 2416 dog-

503 2447 644 2494 mata
673 2439 874 2508 libros,
901 2439 1207 2496 eruditione
1247 2455 1523 2496 sacrarum
1573 2439 1965 2511 Scripturarum
2013 2437 2096 2497 dl-

505 2533 765 2601 tissiinos,
783 2534 838 2590 in
863 2535 1057 2603 quibus
1088 2534 1393 2592 vehementi
1415 2534 1557 2606 stylo
1574 2534 1785 2590 Ariona:
1808 2533 2097 2604 impietatis

503 2627 747 2684 confodit
767 2637 926 2700 atque
945 2628 1146 2699 detegit
1174 2628 1512 2696 pravitatem,
1537 2627 1850 2692 ostendens,
1871 2627 2094 2694 scilicet,

503 2719 633 2791 quid
662 2729 849 2777 contra
903 2723 1120 2778 eosdem
1163 2721 1356 2778 habeat
1408 2722 1670 2778 catholica
1702 2722 1961 2790 Ecclesia,
2008 2722 2094 2778 vel

503 2820 762 2882 quantum
785 2813 946 2868 distat
968 2812 1036 2870 ab
1056 2814 1134 2870 eis
1157 2814 1440 2885 religione,
1469 2814 1553 2869 vel
1578 2812 1699 2870 ﬁdei
1718 2815 2091 2870 sacramentis.

575 2907 667 2963 58.
709 2907 904 2964 Exstat
932 2917 986 2965 et
1021 2909 1160 2964 aliud
1191 2908 1456 2965 laudabile
1484 2908 1598 2980 ejus
1628 2908 1944 2980 opusculum
1995 2908 2092 2964 ad-

575 3045 715 3100 Ibid.
749 3045 874 3102 Post
922 3044 1192 3117 designari
1237 3043 1477 3100 nonnulli
1511 3045 1648 3100 Editi
1677 3043 1755 3100 sic
1804 3050 2032 3114 pergunt
2063 3063 2077 3100 :

2197 1880 2420 1954 poribus
2443 1878 2672 1936 mirabili
2701 1878 2849 1934 obitu
2871 1876 2993 1933 vita:
3031 1877 3316 1933 terminum
3340 1874 3555 1933 clausit.

2779 1969 3006 2027 CAPUT
3038 1969 3198 2026 XLII.

2271 2067 2361 2124 60.
2392 2065 2716 2123 Lucinianus
2737 2107 2752 2133 ,
2780 2065 3118 2135 Carthaginis
3161 2064 3450 2136 Spartarize
3479 2075 3783 2136 episcopus.

2200 2161 2254 2218 in
2286 2159 2584 2228 Scripturis
2611 2161 2802 2217 doctus
2828 2177 2841 2215 :
2874 2159 3028 2230 cujus
3054 2158 3268 2230 quidem
3302 2158 3497 2213 inultas
3531 2155 3788 2227 epistulas

2199 2253 2453 2324 legimus,
2471 2248 2541 2308 de
2560 2261 2896 2309 sacramento
2919 2251 3150 2321 denique
3171 2250 3504 2322 baptismatis
3521 2263 3708 2310 uiuam.
3734 2255 3788 2302 et

2199 2349 2266 2404 ad
2297 2348 2613 2419 Eutropiitm
2645 2348 2919 2413 abbatem,
2951 2347 3043 2418 qui
3075 2355 3257 2417 postea
3293 2344 3550 2400 Valentia:
3579 2341 3788 2412 episcoo

2202 2456 2300 2512 pus
2328 2441 2446 2508 fuit,
2473 2440 2756 2512 plurimas.
2797 2437 3022 2508 Reliqua
3045 2454 3174 2495 vero
3199 2437 3474 2494 industria
3504 2445 3558 2492 et
3590 2432 3788 2489 laboris

2201 2534 2318 2604 ejus
2344 2533 2411 2589 ad
2457 2543 2697 2589 nostram
2730 2533 2976 2589 notitiam
3002 2531 3225 2588 minime
3261 2537 3548 2586 venerunt.
3583 2526 3788 2583 Claruit

2202 2628 2534 2697 temporibus
2564 2627 2807 2683 Mauricii
2841 2627 3090 2698 Augusti.
3115 2624 3376 2682 Occubuit
3405 2619 3787 2679 Constantino-

2204 2719 2336 2790 poli,
2365 2734 2570 2776 veneno
2592 2719 2674 2790 (ut
2698 2718 2895 2789 ferunt)
2919 2719 3216 2775 exstinctus
3239 2717 3305 2772 ab
3323 2714 3550 2782 aemulis,
3583 2711 3704 2780 sed,
3733 2719 3789 2766 ut

2202 2811 2461 2884 scriptum
2493 2820 2608 2869 est:
2653 2810 2838 2868 Justus
2868 2828 3169 2884 quacunque
3200 2821 3364 2868 morte
3399 2814 3788 2880 praeoccupatus

2201 2911 2382 2981 fuerit,
2408 2911 2582 2966 anima
2603 2912 2713 2983 ejus
2740 2910 2794 2965 in
2818 2909 3084 2980 refrigerio
3112 2910 3228 2964 erit.

2189 3044 2368 3102 ctione
2395 3045 2450 3109 2,
2508 3061 2651 3102 anno
2694 3059 2836 3102 nono
2873 3045 2956 3101 sui
3001 3043 3359 3115 pontiﬁcatus,
3409 3055 3605 3112 nempe
3649 3054 3790 3098 anno

552 3127 769 3172 ινα-κτρα
795 3116 952 3170 edidit
976 3113 1193 3188 *{quod
1223 3124 1383 3188 totum
1431 3119 1699 3188 mysticum
1729 3113 1840 3185 ejus
1866 3113 2096 3188 intettee-
2123 3113 2171 3179 C
2201 3116 2402 3171 Christi
2432 3116 2560 3174 599.
2588 3118 2665 3172 Ita
2695 3119 2963 3174 constabit
2990 3113 3200 3172 Summa
3225 3129 3487 3188 annorum
3505 3117 3790 3188 episcopa-

524 3202 613 3242 am
634 3189 685 3241 in
719 3203 825 3241 xxtt
873 3184 1094 3240 liomiliis
1138 3187 1406 3251 disseruit;
1437 3184 1674 3241 Itontilias
1709 3184 1876 3241 autem
1923 3184 2094 3239 Evan-

503 3257 956 3328 geliorumtitem
1003 3257 1197 3326 dialogi
1239 3272 1380 3310 more
1418 3272 1530 3310 eum
1579 3256 1734 3310 Petro
1780 3259 1979 3310 habitos
2030 3259 2095 3312 ds

507 3327 775 3382 uirtutibus
799 3327 1016 3382 Patrum
1043 3328 1200 3381 libros
1250 3340 1489 3396 quatuor,
1522 3329 1575 3382 in
1601 3345 1820 3396 quorum
1849 3329 2097 3382 disserta-

509 3402 649 3470 tione
679 3411 726 3453 et
755 3399 1019 3455 uerborum
1048 3401 1203 3470 ﬂores
1226 3408 1287 3470 et
1312 3414 1549 3452 sensuum
1580 3400 1833 3470 depromit
1857 3411 2098 3454 venusta-

508 3483 600 3526 tes.
626 3469 836 3536 Fertur,
869 3479 974 3526 etc.
1018 3469 1142 3524 l’ost
1169 3469 1327 3523 edidit
1357 3470 1554 3537 aliquid
1609 3471 1797 3525 deesse
1828 3470 2018 3526 Loaisa
2043 3480 2100 3528 et

514 3541 791 3598 Fabricius
818 3542 1272 3597 animadvertunt.
1290 3540 1510 3612 ,Mi_r:eus
1564 3541 1818 3596 observat
1848 3542 2098 3612 Dialogos

509 3615 676 3670 sancti
707 3612 949 3684 Gregorii
971 3629 999 3667 a
1024 3611 1330 3669 Melcliioris
1349 3610 1478 3684 Cani
1502 3613 1783 3684 calumniis
1809 3610 2098 3684 Baroniunt

509 3687 724 3756 egregie
747 3682 1025 3740 vindicare
1053 3687 1104 3739 in
1137 3684 1274 3738 notis
1301 3682 1369 3737 ad
1398 3682 1676 3755 Martyrol.
1705 3682 1888 3752 Rom.,
1916 3685 2003 3740 die
2027 3682 2099 3738 25

509 3757 839 3811 Decembris.
871 3757 1040 3812 Αιιιῖν.

578 3826 666 3883 56.
700 3827 1243 3894 Et'angeliorum,etc.
1275 3827 1497 3882 Exstant
1527 3825 1724 3884 llomil.
1746 3842 1816 3882 xi.
1841 3828 1894 3884 in
1928 3827 2101 3884 Evan-

509 3898 668 3970 gelia.
697 3929 767 3942 —
793 3899 948 3953 Obiit.
985 3903 1140 3954 Anno
1161 3896 1509 3970 CliristiBO-l.
1541 3900 1740 3953 Penez.

580 3967 719 4025 Ibid.
759 3970 1172 4037 Euangelioruur,
1197 3979 1304 4025 etc.
1357 3969 1468 4024 Hoc
1522 3970 1702 4038 arguit
1746 3969 1948 4027 intrusa
1979 3985 2102 4027 esse

510 4057 629 4109 qua:
653 4041 720 4094 de
739 4041 988 4104 lioniiliis,
1018 4055 1164 4095 num.
1183 4055 1370 4110 prtem,
1388 4042 1440 4095 in
1467 4041 1741 4096 nonnullis
1763 4043 2102 4099 Editionibus

511 4110 887 4179 ailjtnigtttittti'.
921 4113 1090 4167 Λιιεν.

584 4183 671 4236 57.
689 4180 998 4250 Provinciis,
1027 4191 1130 4238 etc.
1162 4181 1321 4238 Falso
1345 4182 1512 4240 Lucas
1544 4180 1810 4239 Tudensis
1832 4184 1990 4240 etalii
2015 4185 2104 4241 ad-

510 4253 642 4307 dunt
671 4253 971 4308 duce—Ab
990 4254 1320 4320 Ariana,elc.
1353 4254 1408 4309 ln
1435 4255 1628 4310 concil.
1662 4268 1718 4310 ιιι
1745 4256 1943 4321 Tolet.,
1971 4272 2099 4316 ann.

510 4324 809 4407 582,6reg.
826 4325 1128 4407 Inpialogq
1143 4342 1260 4394 cap.
1275 4324 1673 4407 51,1‘LG-l‘t’8qr.
1689 4328 2101 4407 ItironJ’tztttzz.

584 4395 670 4471 53.
695 4398 798 4471 JAd
846 4395 1241 4471 Florentinam,
1282 4406 1389 4453 etc.
1422 4396 1540 4454 Lib.
1563 4395 1659 4456 'de
1693 4399 1897 4471 Virgin.
1929 4409 2105 4454 exstat

509 4468 658 4522 Oveti
683 4467 812 4538 (jain
845 4469 1179 4537 impressus).
1213 4468 1412 4523 Penus.

581 4539 720 4614 Ibid.
749 4538 814 4593 In
837 4549 941 4614 toto
963 4540 1226 4614 psalterio,
1249 4549 1354 4595 etc.
1387 4538 1686 4597 lnnuuntitr
1715 4544 1985 4599 orationes
2005 4558 2105 4614 pro

516 4611 707 4667 ofIii-iis
750 4611 1138 4685 ecclesiasticis
1160 4624 1430 4685 excerpta:
1453 4627 1520 4667 ex
1567 4616 1789 4682 psalmis
1812 4614 1970 4685 juxta
1997 4611 2106 4683 pri-

511 4699 652 4756 niani
677 4693 731 4737 et
755 4683 1069 4756 secundum
1098 4680 1399 4756 Eilitionem
1456 4680 1626 4740 sancti
1680 4680 2015 4756 lliei-oiiyiiii,
2047 4695 2108 4741 ut

513 4755 678 4809 iusius
707 4753 938 4823 exﬂicui
969 4753 1021 4808 in
1055 4753 1385 4821 Isidorianis,
1413 4768 1535 4826 cap.
1560 4757 1650 4823 87,
1684 4773 1740 4814 ιι.
1771 4753 1841 4812 20
1867 4753 1922 4812 et
1950 4770 2103 4827 seqq.

511 4829 684 4882 Λιιεν.

584 4895 672 4954 59.
699 4895 1120 4951 Floruit.'Anno
1147 4893 1344 4952 Christi
1373 4897 1498 4954 000.
1532 4927 1603 4939 -
1638 4897 1774 4954 Vita:
1803 4897 2103 4953 terminum.

514 4967 757 5025 Leander
797 4967 1126 5035 Hispalensis
1166 4983 1273 5036 quo
1306 4985 1446 5022 anno
1473 4969 1633 5024 fuerit
1674 4979 1914 5025 mortuus
1939 5009 1954 5034 ,
1993 4985 2106 5022 am-

511 5043 700 5112 bigunt
744 5040 912 5112 nostri
945 5039 1204 5112 historici.
1239 5039 1422 5109 Itaque
1453 5039 1584 5094 libet
1607 5043 1656 5094 iii
1683 5045 1909 5112 gratiam
1936 5041 2107 5112 nostri

514 5108 700 5164 lsiilori
723 5159 734 5175 ,
760 5110 849 5178 qui
876 5120 930 5166 et
962 5110 1106 5163 illius
1135 5108 1422 5177 germanus
1449 5119 1506 5165 et
1528 5108 1813 5167 successor
1843 5111 1892 5167 in
1919 5111 2107 5167 Eccle-

511 5183 589 5234 sia
618 5182 915 5251 llispaleiisi
943 5180 1064 5246 fuit,
1098 5196 1295 5234 annum
1328 5185 1517 5236 mortis
1541 5181 1772 5237 Leandri
1801 5194 1951 5238 eerto
1972 5198 2106 5238 cun-

515 5250 760 5307 stiiiiere.
793 5250 907 5320 Ego
938 5251 1238 5306 Leandrum
1269 5269 1409 5306 anno
1434 5252 1633 5308 Christi
1668 5253 1776 5310 600
1805 5270 2101 5318 mortuum.

511 5324 710 5392 colligo
752 5339 816 5378 ex
860 5324 942 5376 liis
973 5321 1315 5392 conjecturis.
1360 5324 1596 5379 l’riiiiuiii
1650 5327 1790 5391 quod
1842 5327 1989 5380 illum
2029 5327 2105 5382 ait

516 5393 748 5448 Isidorus
777 5396 941 5450 frater
967 5399 1072 5448 vita
1096 5396 1334 5449 functum
1368 5405 1609 5462 tempore
1641 5394 1904 5452 Recareili
1939 5399 2099 5465 regis.

512 5480 671 5533 quem
707 5481 884 5530 regem
911 5476 1122 5520 constat
1157 5466 1355 5522 obiisse
1386 5483 1527 5521 anno
1566 5467 1762 5522 Chrisu
1810 5468 1936 5522 600.
1969 5467 2100 5523 Nam

513 5536 836 5609 successisse
882 5536 1154 5609 Becaredo
1201 5539 1418 5609 Livuain
1470 5554 1680 5609 regem.
1728 5555 1833 5592 tera
1870 5538 2022 5609 039,Δ
2049 5539 2099 5593 id

512 5615 618 5672 est,
649 5607 848 5662 Christi
877 5607 1004 5670 601,
1033 5607 1192 5661 trudit
1216 5607 1448 5664 Isidorus
1479 5607 1617 5664 libro
1646 5612 1713 5665 de
1743 5609 1953 5665 Cottiis.
1983 5607 2099 5663 Non

512 5693 642 5734 vero
671 5688 939 5734 mortuum
969 5678 1272 5734 Leandrum
1301 5691 1428 5734 ante
1455 5681 1614 5736 istum
1643 5697 1844 5735 annum
1876 5683 2003 5746 600,
2032 5695 2100 5736 ex

513 5765 580 5804 eo
609 5753 790 5822 liquet,
826 5750 968 5818 quod
1001 5750 1291 5879 Gregorius
1314 5767 1448 5818 papa
1470 5751 1536 5808 ad
1569 5752 1876 5808 Leandrum
1907 5751 2100 5820 llispa-

515 5820 716 5879 leiisctu
761 5821 966 5879 scribit.
1014 5834 1088 5876 sit
1140 5821 1211 5878 ib.
1246 5819 1515 5879 -iieaistr..
1568 5824 1724 5879 epist.
1782 5824 1906 5879 1‘23.
1963 5821 2098 5879 indi-

515 5819 716 5880 leiisciu
761 5821 966 5890 scribit,
1014 5834 1088 5876 "ll
1119 5819 1211 5879 lib.
1246 5819 1515 5892 -iiegistr.,
1568 5824 1724 5892 epist.
1782 5824 1906 5892 1‘33,
1963 5819 2098 5880 indi-

1855 5985 1982 5996 ....,
2033 5987 2046 5994 η

2203 3197 2289 3260 tus
2317 3187 2528 3254 lsidori,
2561 3195 2654 3260 qui
2687 3189 2836 3244 fratri
2869 3188 3115 3244 Leandro
3145 3187 3426 3260 successit,
3451 3195 3507 3260 ut
3531 3184 3786 3260 diximus.

2201 3258 2415 3314 Praefuit
2439 3257 2593 3314 enim
2613 3260 2864 3315 lsodorus
2884 3275 2995 3314 sua:
3027 3259 3280 3315 Ecclesia:
3302 3257 3600 3326 Hispalensi
3625 3273 3792 3329 prope

2200 3331 2550 3401 quadraginta
2583 3345 2776 3393 annos,
2817 3345 3038 3387 auctore
3079 3341 3269 3386 sancto
3311 3329 3600 3385 lldefonso.
3629 3327 3790 3401 Cum

2201 3399 2330 3456 Vero
2353 3399 2712 3459 certissimum
2747 3405 2818 3457 sit
2841 3402 3098 3457 lsidorum
3129 3410 3568 3456 mortuum-anno
3591 3399 3790 3455 Christi

2201 3473 2330 3540 050,
2375 3473 2422 3527 id
2465 3475 2603 3543 quod
2654 3474 2812 3543 paulo
2838 3482 2956 3543 post
3003 3475 3053 3529 in
3088 3473 3290 3529 Isidoro
3331 3471 3788 3543 conﬁrmat-iuius,

2202 3544 2248 3597 si
2271 3543 2388 3612 quis
2416 3542 2739 3610 retriicedat,
2774 3542 2952 3611 faeile,
2984 3557 3042 3602 et
3069 3554 3298 3600 mortem
3330 3542 3581 3608 Leandri,
3610 3550 3670 3595 et
3691 3543 3788 3596 iiiio
3889 3582 3895 3588 .

2203 3615 2336 3669 tium
2383 3614 2566 3671 Isiilori
2615 3622 2867 3686 reperiat,
2910 3633 3140 3686 vereque
3180 3615 3305 3672 illud
3335 3615 3403 3670 de
3438 3613 3790 3686 quadraginta

2203 3700 2369 3757 prope
2404 3689 2560 3742 antiis
2595 3691 2662 3741 ab
2681 3684 2962 3744 'lldefonso
2999 3684 3202 3743 dictum
3233 3695 3546 3757 cognoscet.
3590 3684 3791 3757 Penus.

2203 3755 2245 3886 'A
2275 3755 2413 3884 labid.
2466 3759 2618 3814 Vitae.
2649 3758 2757 3825 AL,
2790 3762 2907 3815 vita
2943 3761 3182 3826 actitatis,
3237 3755 3328 3814 vel
3367 3758 3484 3812 vitas
3525 3755 3785 3811 mortalis.

2253 3844 2282 3883 ιι
2330 3844 2378 3884 ν.

2253 3843 2378 3884 ιιεν.

2274 3899 2363 3954 60.
2407 3900 2777 3968 Lucinianum,
2829 3901 2943 3958 sive
2984 3900 3314 3957 Licinianum
3354 3898 3606 3971 (iitroque
3648 3897 3791 3954 enim

2205 3971 3135 4042 modoscriptumreperio),quidam
3165 3989 3231 4029 ex
3264 3972 3460 4039 nostris
3491 3986 3667 4040 nuper
3691 3978 3794 4023 tra-

2211 4042 2354 4116 didei
2370 4043 2803 4116 untCarthaglue
2829 4047 3138 4100 translatum
3162 4046 3324 4099 fuisse
3344 4044 3409 4116 ad
3427 4044 3794 4116 episcoiiatutts

2205 4112 2567 4178 Valentinum.
2605 4110 2711 4171 non
2744 4118 2875 4172 satis
2921 4116 3208 4172 intellectis
3250 4115 3427 4169 verbis
3457 4110 3665 4178 lsidori,
3698 4110 3792 4181 qiti

2205 4199 2312 4257 non
2346 4185 2720 4254 Lticinianiim,
2747 4189 2841 4244 Sed
2867 4189 3176 4257 Entropium
3197 4187 3268 4241 ait
3292 4184 3456 4240 fuisse
3481 4197 3794 4255 eptscoptlm

2211 4256 2546 4330 Valentinum
2589 4260 2654 4314 ad
2701 4274 2861 4330 queui
2906 4256 3182 4329 scripserit
3227 4258 3549 4330 Lucinianus
3594 4262 3796 4330 niuitas

2205 4329 2482 4401 epistolas.
2525 4331 2691 4401 Hujus
2720 4328 3249 4400 Luciniani’epistola
3280 4329 3346 4401 ad
3385 4343 3571 4395 papam
3601 4328 3796 4395 Grego-

2207 4399 2348 4454 rium
2372 4403 2515 4457 edita
2549 4399 2634 4457 est
2653 4416 2773 4456 i-iim
2803 4405 2931 4467 ψεὶε
2959 4399 3264 4456 Moralibns.
3301 4399 3413 4467 Ego
3436 4414 3564 4452 vero
3593 4405 3794 4466 pra-te-

2131 4498 2188 4561 Β
2210 4485 2302 4561 rea
2337 4473 2592 4561 liajiieooet'
2621 4475 2776 4540 hujus
2814 4467 3085 4561 Liieiniani
3125 4481 3282 4540 atque
3297 4470 3497 4561 ‘Severi
3536 4470 3654 4561 ejus

2219 4545 2346 4612 lega-
2375 4539 2742 4600 doctissiiiiani
2779 4546 3061 4612 epistolam
3102 4539 3517 4606 manuscriptain
3556 4542 3624 4593 ait
3671 4539 3797 4605 Epi-

2219 4613 2470 4682 pbanium
2499 4616 2809 4680 diaconum,
2835 4615 2921 4669 ubi
2951 4613 3170 4684 angelos
3193 4615 3376 4683 probat
3398 4626 3518 4666 esse
3543 4613 3796 4679 incorpo-

2219 4700 2360 4748 reus.
2380 4686 2742 4740 etalteraniad
2774 4688 2802 4736 ι
2817 4688 3092 4750 icentiuin,
3108 4701 3212 4739 non
3235 4685 3793 4747 (ἐεδθιτιιικιιδιςιηιιω,

2215 4756 2310 4810 sed
2343 4757 2647 4810 Eliusiiaiia:
2675 4757 2868 4812 insula:
2895 4759 3225 4826 episcopum,
3257 4753 3566 4809 credentem
3595 4752 3798 4823 episto-

2217 4827 2585 4896 tesqua-dam
2613 4829 2682 4882 de
2703 4831 2844 4882 caelo
2873 4826 3153 4882 cecidisse.
3189 4826 3386 4880 Penes.

2286 4894 2430 4951 Ibid.
2453 4897 2672 4953 Ctaruit.
2703 4897 2858 4954 Circa
2888 4913 3013 4954 ann.
3040 4898 3164 4955 590.
3196 4895 3394 4952 Penee.

2287 4965 2425 5022 Ibid.
2460 4969 2514 5023 In
2571 4968 2791 5041 Vulgata
2857 4969 3047 5039 legitur
3079 4985 3093 5022 :
3120 4970 3302 5041 Justus
3332 4976 3504 5041 autem
3541 4981 3587 5020 ss
3630 4973 3798 5041 inerte

2215 5052 2596 5111 prteoceupatus
2621 5036 2797 5109 lucris,
2819 5041 2870 5094 in
2901 5036 3166 5112 fefrigeiio
3195 5040 3309 5094 erit.
3351 5039 3579 5112 Sanctus
3629 5036 3796 5112 l"._ulo-_

2213 5105 2329 5180 gius
2356 5105 2720 5166 Cordubensis
2761 5105 2812 5167 in
2864 5105 3238 5182 Apolo'getico,
3287 5108 3626 5182 paragrapho
3655 5105 3795 5173 ρυίά

2213 5185 2367 5243 enim,
2410 5183 2533 5251 legit
2567 5184 2754 5237 eodem
2785 5190 2943 5238 modo
2965 5199 3027 5236 ac
3047 5181 3264 5237 sanctus
3286 5181 3541 5251 Isidorus.
3567 5188 3798 5233 ~anctus

2214 5249 2548 5318 Atiibrosius,
2579 5255 2646 5308 de
2697 5253 2854 5309 Obitu
2911 5252 3148 5318 Valent.,
3177 5253 3387 5306 exhibet
3425 5249 3623 5320 pariter
3668 5263 3797 5320 qua-

2213 5338 2409 5391 cunque
2431 5335 2608 5377 nio-rte.
2640 5325 2791 5392 Quod
2831 5324 3023 5380 attinet
3046 5325 3113 5379 ad
3133 5323 3386 5395 epistolas
3412 5318 3546 5392 duas
3560 5318 3796 5395 ἀθεωιο

2211 5390 2472 5450 cecidisse
2502 5400 2527 5444 ι
2547 5390 2808 5451 iiiceiitiiis
2840 5390 3476 5464 labiisitanns'episcopus
3516 5390 3794 5464 credebat.

2210 5465 2277 5521 de
2306 5467 2496 5537 quibus
2529 5465 2780 5521 Perezius
2810 5467 2862 5522 in
2889 5479 3039 5536 nota,
3066 5460 3480 5537 obseruandum,
3501 5464 3665 5518 etiam
3689 5460 3796 5537 Lit-

2207 5531 2337 5589 caiii'
2374 5536 2674 5610 Tudettsent
2724 5551 2906 5593 Contra
2951 5531 3251 5610 Alliigins.,
3277 5536 3368 5610 ιιι).
3411 5549 3492 5610 ιιι,
3551 5548 3676 5602 cap.

2210 5611 2534 5679 tnetitionetn
2561 5609 2742 5664 facere
2769 5610 2839 5665 de
2867 5602 3184 5679 quibusdam
3237 5607 3506 5679 epistolis,
3534 5618 3671 5679 quas
3689 5602 3789 5679 ,Αιο

2211 5678 2458 5748 bigenses
2513 5680 2856 5751 Spargebanl,
2884 5672 3194 5752 'Ilugentcs,
3241 5672 3430 5752 aiFiIio
3467 5672 3573 5752 pel
3620 5672 3796 5744 fuisse

2207 5747 2687 5881 ξὲνρέτ
2722 5747 3038 5826 angelorum
3062 5763 3256 5812 manus
3277 5747 3590 5808 hominibus
3613 5754 3794 5807 tunc

2208 5833 2424 5879 missas.
2453 5833 2628 5887 Αιιεν.
