4086 6350
531 327 669 388 1127

1286 325 1376 386 AD
1414 323 1472 386 s.
1509 319 1759 386 ismoni
1797 320 2237 385 HISPALENSlS
2274 272 2990 385 operosiora;

3669 320 3809 384 “$8

530 463 651 512 qua:
674 447 732 518 in
764 445 980 503 homine
997 445 1182 518 gessit,
1207 443 1421 501 divitias
1446 445 1632 514 gloriai
1654 443 1899 515 perfecit.
1927 441 2105 499 Plenas
2135 437 2188 498 Α
2212 435 2493 518 doctores,
2548 438 2602 494 in
2654 439 2898 511 gemellis
2949 436 3147 495 fetibus
3201 443 3470 510 praecepta
3517 438 3798 499 charitatis

532 517 849 590 hyaciotliis,
864 519 984 590 quia
1002 517 1068 590 ad
1090 531 1238 590 spem
1264 532 1360 571 nos
1376 517 1670 590 ctelestium
1687 527 1846 590 atque
1867 530 2106 571 amorem

531 589 806 660 excitant,
835 589 960 658 quia
1000 589 1315 660 hyacinthus
1357 589 1505 642 aurei
1541 589 1734 642 coloris
1763 595 2103 660 geminaest.

607 662 692 717 18.
729 657 911 714 Venter
933 657 1050 731 ejus
1072 661 1337 722 eburneus,
1367 661 1638 712 distinctus
1661 659 1941 731 sapphiris.
1965 657 2106 712 Ven-

532 741 613 787 ter
664 731 842 787 dilecti
898 729 1234 800 tragilitatem
1283 731 1624 786 humanitatis
1664 730 1780 796 ejus
1826 729 2100 797 designat,

527 805 794 859 eburneus
818 799 1064 884 decorem
1087 802 1674 884 castitatisLSappliirus
1690 801 1849 884 ξολ
1863 799 2105 884 sublimi-

530 883 610 929 tas
630 886 710 930 est
735 876 1036 930 caelestium
1058 875 1333 928 virtutum.
1356 873 1643 928 Distiiictus
1665 873 1949 942 sappliiris.
1980 873 2105 942 quia

528 947 722 1016 partim
756 947 980 1000 humana
1015 945 1267 1016 fragilitas
1311 946 1487 1000 esurio
1511 988 1526 1007 ,
1574 943 2106 1016 tentationeal‘atiga-

533 1015 698 1079 tione.
729 1027 919 1082 morte,
950 1019 1136 1086 partim
1166 1015 1342 1071 divina
1386 1015 1652 1071 celsitudo
1683 1015 1952 1068 miraculis
1973 1054 1988 1076 .
2021 1029 2105 1070 re-

529 1088 860 1143 surrectione
887 1097 942 1140 et
956 1085 1278 1142 ascensione
1309 1087 1509 1157 gloriati
1523 1085 1853 1156 intelligitur.

601 1160 686 1214 I9.
728 1158 891 1212 Crura
919 1158 1058 1212 illius
1089 1156 1338 1212 columnis
1368 1173 1698 1220 marmoreae,
1731 1171 1845 1224 qua!
1877 1156 2106 1224 fundata:

527 1239 646 1287 sunt
667 1245 821 1294 super
842 1230 982 1284 bases
1013 1246 1218 1284 aureas.
1242 1230 1470 1284 Crurum
1498 1228 1778 1290 ,vocabulo
1810 1227 1995 1282 itinera
2025 1230 2104 1282 in-

526 1301 854 1356 carnationis
883 1300 1084 1355 Christi
1112 1300 1468 1365 insinuantur,
1502 1315 1621 1371 quas.
1650 1299 1916 1354 columnis
1958 1315 2102 1353 mar-

527 1374 724 1427 moreis
767 1381 981 1442 propter
1021 1372 1324 1426 lirmitatein
1363 1383 1417 1426 et
1457 1370 1829 1442 reetitudinem
1885 1385 2103 1442 compa-

527 1452 733 1498 rantur.
772 1441 1027 1499 Fundatze
1055 1458 1217 1512 super
1247 1442 1404 1496 bases
1433 1455 1659 1508 aureas,
1693 1441 1812 1508 quia
1845 1441 2100 1509 quidquid

523 1514 595 1571 de
629 1530 696 1570 eo
726 1515 809 1570 vel
839 1530 931 1583 per
957 1529 1079 1569 eum
1106 1511 1310 1583 gestuin
1340 1523 1458 1578 est,
1491 1515 1668 1565 omnia
1699 1511 1891 1565 divina:
1921 1515 2103 1582 provi-

523 1586 694 1651 sionjs
718 1585 944 1641 consilio
967 1593 1092 1640 ante
1117 1595 1354 1651 tempora
1379 1583 1652 1638 saecularia
1677 1583 1934 1651 disposita
1956 1595 2097 1638 sunt.

593 1643 683 1730 2t).
728 1656 933 1730 Species
969 1658 1116 1730 ejus,
1159 1643 1436 1730 ut'Liltani
1456 1643 1811 1730 ,_electus,_iit
1839 1656 2002 1709 cedri.
2038 1657 2104 1710 Ut

525 1724 1109 1803 Lilianus:celsiti_idi_ne
1137 1735 1191 1781 et
1219 1724 1389 1796 gratia
1419 1725 1671 1779 arborum
1700 1724 1835 1803 alios
1868 1733 2099 1803 montes,

521 1801 604 1856 sic
633 1798 888 1854 Dominus
915 1797 1162 1854 Christus
1187 1811 1376 1853 omnes
1407 1804 1624 1850 sanctos
1653 1797 1962 1850 meritorum
1993 1798 2103 1851 ccl-

522 1870 757 1925 situdine
802 1878 859 1924 et
904 1869 1072 1938 gratia
1122 1866 1374 1922 virtutum
1421 1866 1711 1938 antecellit.
1763 1866 1998 1933 Electus,
2048 1879 2104 1922 ut

523 1943 682 1996 cedri.
711 1941 861 1996 Sicut
886 1937 1019 1994 alias
1047 1938 1267 1994 arbores
1287 1980 1300 2004 ,
1330 1954 1446 2008 qua:
1473 1938 1526 1992 in
1559 1937 1759 2008 Libano
1789 1952 2107 2006 nascuntur,

522 2011 670 2066 cedri
718 2020 976 2079 superant
1022 2009 1280 2081 dignitate
1325 2006 1461 2073 sua;
1511 2009 1582 2064 ita
1629 2006 1876 2063 Christus
1923 2025 2111 2066 omnes

521 2084 613 2152 qui
647 2083 701 2137 in
734 2081 970 2139 Ecclesia
1002 2083 1068 2135 ad
1100 2081 1264 2135 vitam
1309 2089 1600 2136 nascuntur
1640 2095 1736 2134 sua
1776 2083 2112 2139 transcendit

559 2154 706 2209 loris.

522 2169 906 2280 ειεέἶῗίἶυιηιν
943 2223 1085 2278 illius
1121 2223 1501 2279 suavissimum.
1545 2222 1602 2276 In
1643 2229 1857 2294 gutture
1897 2223 2108 2280 interna

521 2295 748 2350 dulcedo
791 2295 1076 2364 verborum
1125 2294 1268 2350 illius
1308 2303 1653 2360 memoratur,
1696 2307 1854 2360 quam
1896 2296 1987 2364 qui
2023 2312 2110 2351 sa-

521 2366 633 2436 pit,
667 2381 772 2420 non
802 2369 985 2421 esurit.
1021 2363 1092 2436 Et
1129 2375 1260 2420 lotus
1288 2364 1661 2420 desiderabilis.
1699 2366 1835 2432 Quid
1879 2363 2109 2435 amplius

521 2438 759 2504 quieris?
808 2437 973 2492 Totus
1001 2435 1374 2491 desiderabilis
1414 2448 1525 2498 est.
1568 2436 1689 2506 quia
1737 2445 1882 2490 totus
1929 2437 2105 2507 Deus,

518 2518 575 2564 et
616 2517 756 2562 totus
782 2509 983 2580 homo,
1031 2508 1084 2562 in
1128 2523 1286 2576 quem
1328 2508 1635 2580 desiderant
1673 2517 1729 2562 et
1768 2508 1940 2580 angeli
1987 2525 2110 2580 pro.

519 2581 746 2646 spicere.
781 2579 922 2634 Deus
952 2583 1002 2633 in
1039 2580 1317 2646 majestate
1350 2579 1520 2632 Patris
1541 2617 1556 2640 ,
1591 2579 1750 2632 homo
1793 2578 1844 2632 in
1890 2578 2109 2650 virgini-

523 2657 633 2706 tate
663 2653 871 2705 matris.
906 2650 961 2705 ln
991 2650 1082 2704 illo
1112 2659 1350 2715 creator,
1383 2650 1434 2704 in
1467 2650 1565 2704 hac
1597 2649 1850 2703 salvator.

587 2721 679 2775 22.
721 2721 861 2776 Talis
883 2731 955 2773 est
985 2722 1199 2774 dilectus
1226 2737 1388 2784 meus,
1417 2730 1464 2774 el
1489 2722 1598 2788 ipse
1625 2731 1695 2774 est
1724 2722 1920 2774 amicus
1944 2737 2104 2777 metis.

496 2790 732 2858 Quanto
759 2793 1006 2847 devOtitrs
1034 2790 1260 2861 quisque
1287 2792 1462 2862 diligit
1493 2792 1776 2857 Dominum
1797 2830 1812 2854 ,
1845 2801 1992 2846 tanto
2025 2796 2106 2848 la-

518 2863 776 2919 niiliarius
807 2864 967 2918 habet
994 2866 1224 2916 amicum
1258 2863 1559 2916 Dominum.
1597 2864 1660 2916 Et
1692 2863 1852 2917 talem
1885 2878 2109 2921 necesse

519 2945 599 2990 est
621 2945 677 2988 ut
700 2936 965 3004 intelligas
987 2949 1108 2988 eum
1127 2973 1144 3000 ,
1167 2934 1210 2987 si
1236 2934 1313 2987 vis
1336 2949 1456 2988 eum
1487 2935 1715 2988 amicum
1744 2933 1959 2989 habere.
1993 2935 2107 3003 Qiio

519 3005 643 3059 abiit
673 3006 887 3061 dilectus
917 3015 1030 3079 tuus
1050 3047 1066 3074 ,
1098 3021 1128 3058 ο
1157 3004 1498 3079 pulcherrima
1526 3006 1795 3079 mulierum
1817 3007 1842 3059 Ρ
1873 3005 1980 3060 Vox
2014 3010 2110 3079 Sy-

515 3090 776 3147 tiagogae;
821 3092 916 3139 pro
957 3078 1150 3148 decore
1190 3076 1332 3148 enim
1373 3077 1637 3148 carminis
1669 3078 1941 3148 variantur
1979 3076 2106 3148 per-

519 3145 667 3202 suria:
695 3147 1137 3218 colloqueiitiuin.
1182 3145 1781 3218 SedtantuinChristi
1834 3145 2102 3215 Ecclesia,

515 3222 638 3286 quia
661 3216 870 3287 sponsai
895 3217 1156 3272 vocabulo
1173 3216 1511 3285 exprimitur,
1535 3216 1843 3287 designatur
1863 3219 2108 3288 pulcher-

519 3289 651 3342 rima
683 3291 988 3344 iniilieiuin.
1024 3289 1264 3342 i'tllclll‘ﬂ:
1291 3298 1416 3340 sunt
1445 3290 1670 3354 singulae
1699 3289 1950 3344 Ecclesia:
1979 3305 2104 3346 san-

517 3355 768 3425 ctorum;
809 3361 900 3414 sed
943 3357 1299 3428 pulcherrima
1343 3358 1658 3412 universitas
1702 3361 1864 3414 totius
1903 3372 2107 3419 sancta:

525 3429 779 3486 Ecclesia:
818 3446 913 3502 per
954 3437 1123 3484 totum
1170 3429 1376 3482 orbein.
1423 3429 1539 3502 Quo
1576 3429 1851 3502 declinavit
1889 3433 2105 3502 dilectus

516 3511 670 3568 tuus,
715 3511 766 3555 et
809 3499 1259 3572 auareniascum
1306 3501 1518 3554 tecum?
1561 3499 1662 3572 Qui
1715 3501 2001 3572 aliquando
2047 3504 2102 3559 in

519 3581 659 3629 terra
689 3573 952 3644 corporali
982 3571 1162 3638 specie
1193 3579 1432 3644 versatus
1463 3577 1580 3638 est,
1612 3570 1698 3644 dic
1723 3611 1738 3637 ,
1782 3570 1888 3643 quo
1929 3573 2101 3630 decli-

520 3645 667 3698 navit
697 3642 817 3712 ille,
850 3653 909 3698 ut
937 3657 1223 3712 sequamur
1252 3642 1397 3696 illum
1431 3652 1603 3696 tecum
1628 3643 1652 3697 ἲ

587 3716 717 3771 CAP.
756 3711 829 3771 vi.
870 3743 939 3756 -—
982 3715 1031 3768 1.
1064 3711 1290 3768 Dilectus
1319 3730 1459 3767 meus
1497 3714 1757 3768 descendit
1795 3715 1848 3768 in
1898 3717 2100 3773 hortum

515 3803 662 3842 suum
689 3788 756 3840 od
785 3785 1008 3841 areolam
1035 3795 1338 3838 aromatum.
1367 3786 1526 3850 Quasi
1551 3785 1776 3841 dixisset
1793 3827 1807 3848 ,
1832 3787 1954 3843 illuc
1978 3789 2102 3846 des-

516 3858 695 3912 cendit
725 3859 776 3912 in
809 3858 1023 3912 hortum
1045 3896 1060 3922 ,
1093 3857 1143 3909 id
1174 3865 1286 3922 est,
1322 3857 1614 3911 Ecclesiam
1655 3872 1838 3922 suam,
1881 3870 1938 3912 ut
1978 3876 2096 3914 eaiii

519 3929 665 3984 fonte
705 3928 888 3999 gloria:
918 3944 1060 4000 stite,
1115 3929 1266 4000 quasi
1312 3942 1490 4000 aream
1532 3937 1869 4000 aromatum,
1910 3929 2099 4000 irriga-

517 4009 634 4064 ret,
668 3997 730 4052 ut
751 4001 1003 4054 virtutum
1035 3999 1255 4051 lloribus
1285 3997 1627 4068 geriiiinaret.
1665 3997 1734 4052 Ut
1763 3997 2096 4066 pascatur—iii

518 4068 699 4138 hortis,
725 4081 771 4124 et
801 4069 911 4123 li'li'a
944 4069 1171 4138 colligat.
1211 4071 1320 4137 ligo
1348 4067 1543 4123 dilecto
1567 4084 1688 4123 meo
1729 4069 1903 4124 locum
1948 4073 2099 4128 habi-

519 4136 735 4194 taiioois
761 4155 1002 4210 praepara
1033 4136 1086 4192 in
1119 4155 1242 4212 ine,
1263 4136 1334 4212 et
1384 4141 1497 4208 ipse
1536 4140 1680 4212 mihi
1711 4141 1849 4209 apud
1889 4159 1978 4207 se,
2008 4145 2096 4212 qui

517 4221 730 4280 semper
779 4212 918 4266 inter
968 4221 1150 4266 sancta
1203 4210 1472 4266 desideria
1519 4211 1776 4266 mentium
1827 4210 2094 4270 castarum

520 4281 774 4350 pascitur.
827 4284 1093 4338 Hactenus
1141 4293 1341 4336 sancta:
1381 4281 1635 4353 Ecclesia:
1674 4297 1775 4336 vox
1825 4295 1907 4338 est
1946 4301 2094 4353 quic-

521 4354 687 4427 rdiitis
723 4353 1130 4427 aeelaudaiitis;
1173 4367 1357 4421 nunc,
1405 4352 1531 4422 quid
1573 4361 1830 4423 quassans
1876 4352 2096 4427 respon-

516 4423 638 4478 deat
656 4464 673 4489 ,
706 4424 930 4480 stiliinl'ei
947 4436 1050 4480 tur.

585 4496 639 4550 2.
685 4494 916 4550 Pulchra
956 4513 1037 4561 rs,
1068 4498 1231 4550 amica
1259 4513 1372 4550 mea
1391 4539 1406 4558 ,
1438 4500 1607 4550 suavis
1636 4506 1681 4550 et
1709 4497 1928 4562 decora,
1960 4499 2092 4556 sicut

515 4563 821 4641 Jerusalem.
853 4567 1432 4641 Saiictani_Ecc|esiaiii_
1471 4581 1623 4641 suam
1669 4571 1895 4622 amicam
1938 4569 2088 4641 dicit,

514 4638 635 4707 quia
666 4637 787 4708 ejus
825 4650 945 4709 νιιξξ·
987 4639 1310 4694 desiderium
1340 4639 1527 4692 visioni
1571 4639 1682 4707 jam
1725 4643 1870 4709 pacis
1902 4637 2099 4698 intima:

515 4707 857 4765 assiinilatur.
893 4707 1152 4764 Terribilis
1183 4722 1238 4764 ul
1265 4724 1549 4764 castrorum
1591 4707 1739 4766 acies
1755 4712 2013 4770 ordinata.
2048 4715 2100 4770 Id

516 4789 633 4846 est,
665 4781 928 4836 charitate
961 4782 1138 4847 unita,
1178 4793 1234 4837 et
1273 4791 1588 4849 compacta,
1635 4790 1695 4836 ut
1733 4785 1910 4838 nullus
1955 4785 2102 4842 locus

517 4849 656 4904 hosti
692 4859 786 4921 per
829 4855 1028 4908 malum
1071 4855 1353 4909 discordia:
1394 4854 1690 4922 aperiatur,
1733 4854 1858 4919 quia
1898 4856 2096 4913 solum-

517 4922 676 4977 modo
707 4939 756 4976 iii
792 4925 990 4979 nniiate
1021 4926 1164 4993 pacis
1208 4924 1476 4982 terribiles
1504 4938 1691 4977 sumus
1723 4923 1880 4979 hosti.

585 4993 638 5047 3.
681 4994 866 5051 Averle
905 4997 1078 5050 oculos
1119 5007 1231 5050 tuos
1271 5014 1304 5050 a
1343 5010 1455 5060 me,
1500 4994 1622 5064 quia
1662 4996 1763 5063 ipsi
1789 5013 1868 5051 me
1891 4997 2097 5054 ai'olare

514 5061 760 5132 fecerunt.
793 5064 848 5120 ld
892 5075 1008 5131 est,
1051 5068 1220 5122 oculis
1258 5066 1452 5123 mentis
1489 5061 1593 5122 tua:
1632 5061 1742 5122 noli
1773 5083 2014 5135 quaireie
2041 5071 2094 5127 in

515 5144 619 5210 tua:
667 5137 1112 5210 peregrinationis
1142 5138 1331 5193 itinere
1361 5137 1593 5207 perfecte
1620 5154 1706 5194 me
1747 5153 2092 5210 cognoscere,

512 5207 636 5272 quia
669 5207 782 5281 lieri
808 5207 923 5264 non
957 5221 1127 5277 potest
1157 5226 1172 5275 ;
1202 5209 1327 5281 quia
1359 5224 1467 5279 quo
1497 5211 1756 5281 intentius
1797 5207 2096 5281 agnoscere

513 5278 742 5354 Quaeris.
773 5282 936 5354 202
965 5296 1030 5336 eo
1071 5278 1268 5354 certius
1299 5278 1914 5354 incomprehensibilein
1941 5285 2095 5339 intel-

513 5346 685 5423 liges;
718 5346 1145 5423 ctTioiTquieras
1172 5353 1224 5406 in
1263 5353 1346 5406 via
1377 5346 1688 5421 praemium,
1716 5351 1862 5420 quod
1906 5353 1956 5406 in
2000 5371 2093 5423 pa-

515 5421 617 5476 tria
657 5432 982 5494 reservatur.
1021 5421 1209 5490 Capilli
1249 5424 1324 5476 tui
1349 5463 1366 5487 ,
1396 5423 1526 5477 sicut
1558 5438 1736 5494 greges
1765 5421 2040 5491 caprarum
2068 5465 2086 5493 ,

511 5500 619 5565 etc.
648 5493 748 5560 Qui
775 5495 1018 5549 versiculi
1047 5509 1192 5564 prius
1219 5494 1376 5565 positi
1406 5493 1569 5557 sunt,
1597 5493 1692 5548 sed
1724 5495 1970 5563 repetitio
2000 5497 2092 5551 ﬁr-

513 5563 716 5619 mitatis
739 5573 822 5620 est
851 5563 1128 5621 iudiciuin.
1159 5563 1452 5637 ln'capillis
1493 5565 1709 5635 populi,
1750 5565 1804 5620 in
1843 5567 2094 5624 dentibus

582 5711 711 5786 Car.
750 5725 926 5786 v_i._-e-
953 5709 1019 5767 N.
1059 5711 1131 5786 9._
1153 5713 1406 5781 Quamvis
1431 5724 1647 5772 veteres
1670 5703 1805 5772 mss.
1829 5714 2082 5786 Codices,

510 5784 739 5857 θβιίίιμε
770 5782 1048 5857 Midon“
1071 5784 1354 5857 pleraeque
1373 5829 1390 5854 .
1421 5795 1583 5857 atque
1613 5787 1853 5846 Ecclesia
1881 5789 1936 5847 in
1963 5782 2083 5845 cui;

511 5852 831 5928 cio,'legant
865 5852 1172 5924 Suriami'tis,
1202 5852 1382 5930 magis
1399 5852 1575 5915 tanien
1606 5862 1934 5934 probandum
1961 5876 2083 5924 esse

2214 509 2614 564 intelliguntur.

2275 526 2722 656 fl‘lgli‘ilziiiuc'ortex
2749 581 2873 636 mali
2902 580 3120 656 Punic},
3159 582 3247 656 sic,
3279 598 3422 656 genie
3453 591 3574 656 lu
3609 585 3798 656 absque

2208 652 2419 722 occultis
2459 654 2579 709 luis.
2616 654 2780 708 Genio
2811 664 3012 708 saneta:
3047 653 3302 710 Ecclesiae
3334 654 3643 722 spiritiiales
3674 652 3798 713 sunt

2210 720 2428 790 Patres,
2472 727 2560 790 qui
2615 725 2900 779 virtutibus
2939 735 3066 779 sunt
3107 720 3413 791 mirabiles.
3459 735 3516 782 et
3555 728 3801 785 moribus

2208 797 2546 850 venerabiles
2568 839 2581 854 .
2613 806 2666 850 ct
2694 798 2746 850 in
2775 796 2972 850 Christi
3006 813 3168 852 cruce
3204 797 3423 860 gloriari
3469 813 3574 852 non
3605 801 3802 856 erube-

2206 877 2439 921 scentes.
2473 867 2532 920 Et
2567 867 2680 921 huic
2709 883 2900 935 magna
2931 880 3055 922 sunt
3085 869 3240 923 valde
3260 910 3273 927 .
3305 883 3428 934 otia:
3461 870 3715 925 videntur
3742 872 3797 928 iu

2206 951 2268 991 ea
2298 955 2311 998 ;
2347 937 2442 993 sed
2473 941 2638 991 multo
2669 939 2871 1008 majora
2899 954 3019 1008 quae
3061 955 3167 994 non
3210 940 3486 1005 videntur,
3528 951 3584 996 et
3628 941 3685 996 iii
3723 943 3799 998 luo

2208 1015 2329 1061 tiiro
2361 1020 2730 1064 reservantur.

2278 1077 2350 1157 5.Δ
2377 1080 2661 1157 Sexaginta
2697 1091 2814 1136 sunt
2840 1083 3061 1152 reginis,
3093 1092 3140 1136 et
3170 1083 3427 1157 octoginta
3460 1100 3802 1157 concurrite,

2205 1159 2253 1205 et
2282 1151 2780 1228 adolescentularitm
2808 1170 2909 1207 non
2927 1168 3040 1228 est
3061 1151 3340 1228 nutrierits._
3368 1155 3590 1228 Reginae
3638 1151 3804 1228 sunt;

2205 1237 2323 1299 quae
2348 1237 2531 1299 amore
2553 1227 2734 1299 sponsi
2755 1234 2816 1299 et
2839 1225 3074 1281 cmlesds
3091 1224 3302 1299 praemii
3329 1226 3522 1282 intuiin
3551 1243 3650 1297 per
3673 1224 3814 1299 prte-

2206 1293 2524 1364 dicatioucm
2559 1295 2797 1350 veritatis
2826 1307 2880 1350 et
2910 1299 3046 1350 sacri
3089 1297 3424 1364 baptismatis
3467 1293 3687 1356 fontem'
3721 1317 3811 1356 so-

2208 1363 2383 1418 bolem
2416 1373 2620 1419 aeterno
2656 1367 2768 1432 regi
2797 1369 3128 1436 spiritiiatem
3161 1363 3442 1438 generant.
3471 1368 3810 1428 Concubinz

2206 1445 2362 1500 sunt,
2407 1451 2525 1504 qua:
2566 1439 2769 1491 carnali
2811 1439 3153 1492 solummodo
3191 1442 3477 1495 commodo
3520 1441 3801 1500 Christum

2208 1507 2580 1575 praedicando,
2631 1509 2714 1564 vel
2757 1509 3110 1576 baptizando,
3153 1509 3392 1577 docent;
3437 1521 3494 1568 et
3531 1513 3655 1567 ideo
3696 1515 3807 1570 illa

2211 1577 2540 1653 perfectione
2571 1580 2768 1653 senarii
2800 1583 3006 1635 numeri
3026 1619 3042 1644 ,
3076 1595 3170 1648 per
3209 1582 3494 1636 denarium
3519 1623 3536 1648 ,
3578 1594 3806 1653 propter

2207 1647 2520 1719 decaloguui
2552 1649 2924 1720 designantur.
2967 1647 3398 1708 Adolescentulte
3437 1647 3807 1714 sunt-animat

2209 1734 2378 1796 nuper
2408 1720 2621 1796 Christo
2652 1731 2853 1796 renatae
2874 1763 2890 1786 ,
2921 1737 3148 1796 qiiaruin
3177 1739 3388 1778 summa
3421 1734 3642 1796 propter
3668 1729 3810 1785 mul-

2213 1791 2496 1844 titudinem
2529 1793 2722 1846 civium
2754 1794 3058 1848 cmlestium
3093 1809 3380 1849 numerum
3415 1791 3772 1854 transcendit.

2291 1861 2344 1932 6.
2390 1861 2504 1915 Uria
2533 1875 2606 1916 est
2633 1865 2867 1918 columba
2901 1880 3048 1929 mea,
3078 1865 3300 1932 perfecta
3331 1883 3462 1920 mea.
3503 1869 3700 1924 Sancta
3733 1872 3813 1925 vi-

2217 1931 2413 1988 delicet
2436 1943 2489 1987 et
2519 1935 2837 1989 universalis
2866 1951 2960 2003 per
2985 1931 3151 1990 totum
3178 1937 3364 1990 orbem
3397 1939 3657 1996 Ecclesia.
3692 1939 3812 1996 Uria

2218 2004 2473 2081 est_niatri_
2499 2021 2626 2071 sua',
2650 2007 2813 2081 electa
2843 2007 3078 2079 genitrici
3109 2024 3234 2062 sum.
3268 2006 3420 2062 Matri
3448 2024 3588 2076 suae,
3618 2011 3672 2065 id
3704 2023 3810 2081 est.

2217 2075 2422 2146 eielesti
2451 2075 2784 2141 Jerusalem,
2812 2075 2934 2146 qua:
2959 2091 3039 2132 est
3069 2088 3241 2132 mater
3265 2081 3504 2134 omnium
3535 2075 3808 2138 uestrum.

2221 2143 2372 2200 [inde
2409 2147 2476 2200 ad
2521 2164 2616 2222 nos
2654 2143 2842 2222 gratizi'
2869 2149 3104 2222 S_piritus
3139 2151 3310 2222 sancti
3353 2151 3672 2222 descendit,
3717 2170 3812 2222 per

2216 2231 2376 2290 quam
2407 2217 2680 2272 nascimur
2714 2219 2848 2274 Deo.
2892 2219 3142 2274 Viderunt
3167 2221 3310 2274 illaut
3339 2221 3498 2290 ﬁliai,
3527 2233 3575 2276 et
3616 2217 3812 2280 beatis-

2216 2287 2399 2360 simam
2431 2291 2853 2356 priedicaverunl.
2885 2293 3030 2360 Quas
3072 2291 3216 2360 prius
3255 2287 3391 2346 dixit
3423 2287 3808 2350 adolescentuo

2220 2357 2297 2433 las
2317 2402 2339 2433 ,_
2369 2375 2508 2433 nunc
2539 2361 2676 2433 tilias
2708 2357 2947 2417 nominat
2973 2379 2987 2428 ;
3022 2357 3226 2433 antiqui
3255 2378 3447 2420 omnes
3477 2365 3805 2424 catholicam

2216 2428 2438 2484 laudant
2469 2429 2786 2486 Ecclesium.

2289 2501 2342 2554 7.
2388 2503 2521 2576 Quae
2539 2511 2612 2556 est
2641 2504 2737 2576 ista
2765 2519 2880 2570 qua:
2904 2503 3250 2576 progreditur,
3280 2507 3428 2574 quasi
3453 2522 3644 2562 aurora
3672 2525 3807 2564 con-

2214 2572 2467 2649 surgens?
2495 2572 3148 2649 ProgrediturEcclesia,
3194 2572 3348 2648 quasi
3389 2591 3619 2645 aurora,
3669 2582 3802 2649 quia

2211 2643 2322 2722 jam
2352 2653 2502 2722 ortus
2533 2644 2645 2699 veri
2679 2645 2892 2702 luminis
2920 2649 3120 2722 m_undo
3165 2643 3284 2717 pou
3324 2643 3809 2722 tenebrasglongaz

2218 2716 2530 2785 ignorantia:
2561 2727 2912 2774 monstratur.
2945 2716 3176 2772 Pulchra
3215 2729 3271 2773 ut
3313 2720 3463 2775 luna.
3507 2719 3643 2785 Quia
3693 2716 3809 2778 sole

2210 2783 2430 2852 justitia:
2461 2788 2722 2842 illostrata
2753 2800 2966 2844 noetem
2998 2790 3180 2844 mundi
3214 2791 3500 2847 illuminat.
3532 2783 3720 2847 Electa
3753 2802 3810 2849 ut

2215 2856 2317 2912 sol.
2360 2855 2493 2924 Quia
2525 2857 2810 2932 imaginem
2838 2861 2920 2914 sui
2951 2861 3246 2932 conditoris
3289 2863 3340 2917 in
3379 2860 3526 2916 omni
3559 2862 3809 2932 justitia.

2215 2938 2498 2999 sanctitate
2526 2939 2580 2982 et
2616 2929 2844 2984 veritate
2885 2942 3080 2999 portat.
3117 2931 3379 2988 Terribilis
3420 2943 3477 2986 ut
3519 2929 3808 2989 castrorum

2213 2997 2359 3073 acies
2371 3000 2632 3073 ordinata.
2658 2997 2932 3057 Terribilis
2955 3002 3097 3059 aeris
3126 3002 3482 3073 potestatibus
3507 3004 3562 3059 in
3595 3008 3810 3064 unitate

2213 3070 2522 3143 charitaiis,
2557 3073 2676 3126 lidei
2699 3111 2715 3136 ,
2749 3086 2802 3126 et
2839 3073 2974 3143 spei.

2286 3144 2337 3193 ὅ.
2379 3139 2630 3219 ρριδσεηςζὶ
2669 3143 2721 3197 in
2770 3139 2973 3219 Iturium
3017 3161 3242 3216 nucum,
3288 3154 3346 3201 ut
3391 3146 3612 3219 uiderem
3650 3163 3808 3219 poma

2135 3203 2184 3270 (Ξ
2213 3214 2542 3288 convallium.
2577 3213 2774 3270 tlorius
2809 3215 3006 3271 etenim
3046 3203 3241 3273 nucuni
3271 3227 3356 3272 est
3399 3203 3808 3288 Ecclesia'prreé

2213 3299 2373 3347 seris,
2423 3286 2511 3338 tibi
2553 3298 2764 3341 nostras
2805 3289 3165 3343 conscientias
3209 3290 3526 3344 alterutrum
3575 3286 3807 3349 minimo

2212 3355 2456 3429 videmus
2480 3356 2620 3429 :__sed
2653 3358 2815 3411 tracta
2849 3369 2983 3414 testa
3015 3360 3288 3427 corporis,
3323 3359 3603 3429 apparebit
3634 3362 3805 3417 inter-

2211 3441 2294 3479 iiie
2321 3425 2624 3482 dulcedinis
2652 3429 2875 3483 lructiis.
2908 3429 3072 3484 Poma
3113 3425 3438 3486 convallium
3477 3432 3684 3488 fructus
3716 3441 3804 3490 est

2209 3497 2544 3572 humilitatis.
2579 3498 2871 3555 Descendit
2901 3510 3084 3555 sancta
3128 3501 3365 3572 Ecclesia
3410 3516 3505 3572 per
3545 3506 3804 3560 doctores

2207 3571 2542 3644 saiictosuad
2591 3584 2703 3644 eos,
2739 3573 2828 3640 qui
2881 3575 3166 3638 proticiunt
3214 3573 3282 3627 ad
3337 3571 3561 3644 fructus
3589 3574 3802 3644 bonos,

2207 3641 2366 3708 quive
2395 3639 2571 3716 adhuc
2600 3639 2837 3716 indigent
2865 3644 3124 3698 doctrina:
3156 3643 3607 3716 irrigatione._Et_
3633 3639 3801 3716 inspi;

2205 3725 2370 3783 gerem
2410 3717 2456 3764 st
2493 3711 2750 3779 ﬂoruisset
2791 3713 2968 3779 viaea,
3010 3711 3374 3783 germinassent
3404 3713 3542 3769 mala
3570 3711 3800 3775 Punica.

2203 3779 2527 3860 liispicerein
2565 3785 2610 3836 si
2653 3785 2905 3860 virtutum
2946 3779 3124 3860 studia
3151 3787 3493 3860 ﬂoruissent,
3523 3797 3580 3860 et
3617 3803 3660 3844 si
3710 3789 3804 3860 qui

2201 3859 2267 3904 ad
2307 3854 2612 3929 exemplum
2663 3857 2946 3929 dominicae
2988 3857 3252 3924 passionis
3290 3857 3571 3929 praiparati
3611 3854 3798 3917 esseut

2199 3938 2354 3997 suum
2382 3926 2604 3997 [undere
2635 3928 2972 3997 sanguinein.

2272 3995 2326 4072 9.
2371 3993 2574 4072 Ναξεοὶῃὶ
2593 4034 2609 4058 ,
2633 3993 2812 4072 anime
2838 4013 2947 4072 mea
2971 3998 3288 4072 conturbavit
3313 4015 3415 4066 me,
3444 4008 3655 4072 propter
3676 4017 3802 4072 qua-

2201 4066 2728 4142 drigas_Amiiiadab.
2773 4068 2933 4140 203
2974 4068 3181 4124 Nescivi
3223 4072 3360 4125 dona
3405 4066 3589 4142 gratia:
3632 4066 3803 4141 spiri-

2203 4145 2358 4189 tuaiis
2387 4135 2442 4190 iii
2475 4149 2558 4202 te,
2590 4135 2957 4204 Sponsa—facil
2988 4144 3163 4194 anima
3197 4157 3314 4198 mea
3343 4135 3683 4197 conturbavit
3709 4159 3801 4201 me

2201 4217 2427 4285 prapter
2469 4208 2928 4285 introductioneni
2977 4215 3304 4285 evangelica:
3344 4213 3658 4285 quadrigae,
3692 4231 3798 4285 qua

2197 4278 2640 4357 Aniinsdalilqui
2675 4283 3058 4352 interpretatur
3091 4278 3271 4353 populi
3301 4278 3404 4340 mei
3437 4278 3796 4357 spontaneos)

2198 4349 2250 4404 id
2298 4360 2412 4414 est,
2463 4349 2709 4406 Chrisuis
2754 4349 2848 4420 per
2890 4362 3058 4408 totum
3095 4349 3320 4410 V\8_lllltll‘
3368 4349 3647 4411 tnuniluui.
3689 4349 3793 4412 Cui

2201 4421 2444 4476 Ecclesia
2474 4424 2806 4478 consolando
2845 4441 2968 4478 mox
3017 4429 3325 4491 restioudet.
3372 4428 3661 4491 Revertere,
3709 4444 3795 4483 re-

2198 4504 2386 4547 vertere
2406 4535 2420 4559 ,
2451 4493 2722 4549 Sulamilis
2749 4510 2770 4551 :
2801 4504 3069 4560 revertere,
3100 4510 3347 4552 reuertere
3373 4537 3390 4564 ,
3421 4506 3475 4550 ut
3504 4500 3798 4553 intueantur

2210 4575 2282 4637 te.
2307 4565 2422 4620 Noli
2458 4570 2664 4620 tuiliata
2697 4581 2860 4623 esse:
2901 4569 2994 4622 sed
3040 4580 3310 4623 revertere
3351 4569 3416 4622 ad
3459 4570 3788 4637 agnitionem

2215 4635 2286 4708 lui
2321 4638 2734 4707 tte-leinptoris,
2782 4640 2871 4707 qui
2923 4639 3016 4693 tibi
3071 4647 3230 4693 toties
3279 4639 3334 4694 in
3386 4635 3694 4708 prophetis,
3741 4654 3800 4696 et

2209 4706 2328 4778 lege
2361 4706 2651 4774 promissus
2676 4718 2776 4763 est.
2803 4706 3102 4766 Revertere
3133 4709 3364 4778 puritate
3388 4706 3527 4765 lidei
3556 4728 3570 4763 :
3604 4726 3792 4766 rever-

2211 4789 2323 4851 tere
2351 4793 2574 4845 operum
2609 4782 2972 4848 perfectione.
3015 4795 3048 4834 ο
3084 4779 3395 4845 Sulamitis,
3429 4781 3480 4835 id
3509 4792 3589 4837 est
3614 4822 3631 4847 ,
3662 4798 3791 4851 cap-

2208 4849 2348 4914 tiva,
2373 4855 2483 4917 jaiii
2513 4869 2539 4900 ει
2571 4855 2794 4905 vinculis
2829 4852 3159 4907 intidehtaiis
3205 4864 3482 4908 revertere
3520 4852 3589 4908 ad
3642 4849 3794 4910 tuum

2206 4917 2623 4989 Redetnptoreln
2649 4963 2665 4988 ,
2697 4933 2752 4975 ut
2781 4925 3028 4977 salveris.

2274 4989 2402 5045 Car.
2433 5006 2525 5045 vn.
2553 5020 2627 5033 —
2657 4992 2878 5063 LAQuld
2904 4993 3091 5048 videbis
3121 4994 3174 5048 in
3207 4993 3497 5063 Sulamite,
3524 4995 3623 5051 nisi
3663 4997 3793 5052 clio-

2203 5077 2285 5116 ros
2331 5066 2662 5117 castrorum?
2712 5061 2791 5117 Tu
2844 5065 2995 5138 doles
3046 5082 3374 5138 synagogain
3426 5061 3793 5138 obduratain:

2203 5148 2366 5204 prope
2397 5142 2481 5189 est
2511 5145 2754 5203 tempus,
2785 5137 2926 5206 quod
2958 5137 3152 5192 choros
3185 5137 3494 5193 bellantium
3526 5137 3791 5193 adversus

2203 5210 2464 5277 malignos
2511 5207 2729 5275 spiritus
2774 5219 2828 5262 et
2874 5209 3201 5264 laudantium
3250 5209 3535 5264 Dominum
3581 5210 3793 5267 tidebis

2203 5277 2252 5349 in
2271 5296 2369 5349 ea.
2397 5278 2573 5345 Quam
2601 5279 2802 5344 pulchri
2829 5289 2946 5334 sunt
2972 5297 3175 5349 gressus
3207 5281 3282 5333 tui
3309 5298 3362 5334 in
3393 5281 3754 5336 calceamentis
3772 5320 3790 5347 .

2199 5347 2310 5416 ﬁlia
2340 5366 2390 5417 pi
2406 5349 2585 5418 incipis
2605 5350 2625 5402 .'
2654 5349 2807 5404 Nunc
2837 5347 3022 5406 laudes
3053 5353 3308 5406 Ecclesia:
3337 5352 3407 5406 ab
3437 5352 3556 5421 ipso
3585 5366 3793 5420 Sponsa

2204 5423 2574 5484 proteruntur;
2606 5431 2661 5474 et
2689 5421 2862 5490 primo
2891 5437 3116 5490 cperunt
3156 5425 3458 5478 constantia
3501 5429 3559 5479 et
3596 5422 3786 5478 morti~

2204 5491 2380 5564 licutio
2419 5492 2748 5564 voluptatum
2788 5493 3037 5548 laudatur
3077 5495 3128 5548 iii
3167 5509 3262 5555 es.
3294 5498 3417 5564 quia
3449 5494 3557 5550 lilia
3586 5494 3790 5552 critici-

2203 5562 2316 5630 pis,
2347 5563 2400 5616 id
2429 5571 2545 5630 est,
2573 5563 2810 5632 Christi,
2840 5567 2911 5621 ob
2937 5567 3164 5635 gratiam
3191 5562 3463 5637 baptismi.

2189 5717 2464 5850 gallicinia:
2493 5730 2619 5777 cum
2651 5717 2875 5793 Vulgata
2906 5728 3126 5800 nostra,
3166 5731 3234 5776 es
3271 5715 3502 5777 Hebraeo
3541 5708 3783 5802 osmidi‘

2218 5806 2261 5844 ,ι
2285 5804 2372 5847 me
2398 5805 2481 5848 us.

2218 5804 2481 5848 mincius.
