4086 6350
340 336 475 427 ιιθι

1216 351 1503 413 ΑΡΡΕΝΙ).
1545 350 1639 410 IX.
1679 380 1750 394 -
1786 349 2323 410 SENTENTIARUM
2360 350 2566 409 LIBER
2604 353 2690 411 IV.

3461 360 3600 417 1169

336 482 575 542 funditus
596 476 819 550 perdant
840 474 1014 549 (Taio,
1039 488 1122 542 ιιι,
1144 470 1243 539 55;
1269 469 1453 541 Greg.,
1479 468 1694 535 Morat.,
1718 483 1797 537 ιιι,
1821 468 1912 538 21,
1945 472 2000 535 Α
2024 469 2203 550 Quare
2233 468 2434 550 idcirco
2460 541 2469 550 Ι
2492 477 2778 550 utrumque
2835 467 2937 550 hoc
2964 468 3206 550 adhiberi
3238 471 3302 525 ad
3334 473 3602 550 ptenitenf

340 574 396 612 η.
587 623 642 676 '2.
668 621 928 697 Pensetur
947 617 1098 687 cujus
1122 614 1321 697 labi”?S
1350 611 1418 694 ξίί
1447 610 1915 697 ῙΪ³“1““¹-³Ρ⁰⁵ω’

342 682 584 753 Ιιιιῖἷιῖἶ)
606 692 901 760 eodemque
926 682 1164 757 tempore
1185 694 1245 760 e_t
1265 682 1396 760 foris
1418 682 1643 739 adversa
1668 686 1916 760 tolerare,

340 777 398 824 et
436 768 576 821 intus
612 756 827 819 infirma
857 756 1160 835 protegere.
1204 756 1358 811 Foris
1398 769 1607 835 pugnas
1668 758 1867 835 patitur
1900 797 1916 822 ,

341 839 466 910 quia
513 834 829 910 verberibus
857 826 1183 910 'scinditur,
1234 828 1436 881 catenis
1484 826 1919 910 ligatur;_.intus

342 897 542 965 metum
596 906 792 961 tolerat
820 943 834 967 ,
886 903 1006 970 quia
1038 899 1340 968 passionem
1369 911 1519 951 suam
1548 910 1650 951 non
1676 897 1799 961 sibi,
1824 898 1921 970 sed

343 976 623 1045 discipulis
650 975 849 1045 obesse
871 968 1142 1026 formidat.
1176 970 1414 1045 Aliorum
1446 980 1602 1045 casus
1632 968 1920 1045 Apostolus

341 1051 397 1106 in
448 1038 962 1119 propria__passione
1020 1040 1335 1119 metuebat,
1377 1052 1478 1119 _ne,
1509 1038 1635 1092 dum
1662 1048 1717 1093 et
1748 1040 1919 1109 ipsum

344 1108 594 1189 discipuli
624 1108 884 1189 afflictum
913 1128 1012 1184 pro
1048 1112 1151 1166 fide
1182 1108 1507 1189 verberibus
1525 1108 1917 1189 agnoscerent,

345 1179 531 1246 ﬁdeles
557 1203 617 1243 se
649 1186 891 1257 profiteri
914 1179 1429 1257 recusarent._Undc
1461 1186 1515 1257 et
1547 1179 1749 1257 eisdem
1781 1182 1920 1257 scri-

346 1261 446 1324 bit,
479 1249 663 1315 dicens
699 1274 714 1310 :
746 1257 911 1311 Nemo
961 1262 1220 1308 moueatur
1263 1254 1314 1305 in
1339 1249 1779 1324 tribulationibai
1787 1252 1920 1324 istis.

286 1374 297 1381 .
346 1319 617 1402 Ipiienim
644 1329 784 1383 scitis
812 1325 949 1396 quod
991 1326 1048 1380 in
1096 1325 1191 1379 hoc
1235 1322 1389 1394 positi
1434 1337 1609 1376 sumus
1653 1319 1706 1393 (ι
1738 1320 1918 1379 Thess.

348 1417 432 1461 ιιι.
464 1403 542 1461 3).
923 1445 939 1460 .

416 1403 566 1527 )D
591 1471 873 1544 _imtuensa
920 1445 1588 1544 {@d._Gr._,_immeitsml
1644 1462 1925 1544 charitatis

348 1543 555 1600 viscera
589 1542 741 1596 Pauli
769 1536 997 1609 apostoli
1023 1541 1035 1592 ι
1065 1536 1299 1606 Despicit
1328 1537 1623 1609 passiones,
1655 1536 1926 1609 quasipse

352 1615 575 1688 patitur,
594 1626 659 1674 et
685 1605 839 1688 enrat
885 1627 951 1688 ne
995 1609 1122 1679 quid
1146 1605 1328 1688 pravae
1358 1606 1721 1688 persuasionis
1759 1605 1924 1688 disci~

352 1675 467 1756 puli
513 1675 570 1739 in.
614 1675 1111 1756 corde_patia_n_iur.
1147 1675 1213 1756 'ln
1260 1693 1319 1734 se
1366 1678 1659 1756 contemnit
1705 1675 1924 1756 vnlncra

351 1746 637 1826 corporis,
693 1760 752 1826 et
799 1746 852 1807 in
919 1751 1039 1826 aliis
1094 1751 1323 1826 vulnera
1400 1746 1655 1826 medetuc
1720 1746 1925 1826 cordis.

352 1817 488 1882 Dum
542 1824 642 1879 viri
694 1823 861 1879 fortes
918 1823 971 1877 in
1027 1822 1141 1876 acie
1188 1822 1495 1881 assistunt,
1578 1817 1691 1872 illic
1735 1817 1926 1886 iaculis

350 1896 690 1953 adversantia
722 1904 938 1964 pectora
966 1892 1158 1948 feriunt
1186 1908 1200 1956 ;
1225 1889 1366 1964 hinc
1397 1896 1549 1942 scuto
1576 1888 1926 1964 postpositus

351 1968 559 2023 debiles
588 1959 804 2020 tuentur
840 2003 855 2028 ,
904 1972 1065 2027 atque
1096 1964 1165 2017 ita
1194 1960 1479 2028 utrobique
1507 1959 1789 2013 velocitate
1817 1961 1927 2013 cir-

354 2035 773 2106 cumspectionis
804 2033 1103 2104 invigilant,
1138 2041 1403 2106 quatenus
1434 2037 1489 2083 et
1518 2038 1644 2106 ante
1671 2044 1730 2085 se
1758 2028 1928 2106 auda-

351 2121 445 2162 ces
471 2100 804 2171 confodiant,
836 2116 890 2159 et
918 2100 1038 2172 post
1065 2117 1126 2158 se
1158 2100 1395 2172 trepidos
1420 2115 1449 2153 a
1474 2101 1697 2154 vulnere
1741 2100 1928 2156 defen-

351 2178 500 2233 dant.

425 2248 556 2302 CAP.
602 2263 654 2301 x.
699 2247 773 2299 De
812 2247 1136 2301 discretione.
1162 2271 1235 2286 --
1263 2244 1315 2297 I.
1367 2240 1615 2312 Magnum
1646 2250 1730 2297 est
1768 2241 1930 2303 disci-

355 2318 519 2387 plina:
563 2317 927 2387 magisterium
958 2316 1229 2387 subtilitas
1257 2313 1595 2387 discretionis
1619 2353 1634 2378 ,
1666 2324 1931 2383 quatenus

354 2384 581 2460 quisque
605 2384 784 2443 rector
812 2388 997 2460 culpas
1024 2385 1443 2460 delinquentium
1492 2384 1725 2460 discrete
1763 2399 1930 2460 noue-

354 2454 426 2515 rit
457 2454 677 2527 parcere
704 2498 720 2526 ,
765 2467 820 2513 et
854 2454 936 2527 pie
985 2454 1247 2514 resecare.
1298 2454 1396 2521 Qui
1444 2463 1620 2527 autem
1650 2457 1728 2527 sic
1751 2454 1933 2527 dimit-

355 2525 478 2585 tunt
511 2525 755 2597 peccata,
788 2525 978 2583 utinon
1012 2529 1311 2597 corrigunt,
1347 2533 1439 2579 aut
1465 2525 1540 2579 sic
1570 2526 1723 2594 quasi
1756 2526 1925 2579 corri-

355 2596 536 2671 gendo
552 2598 773 2671 feriunt,
793 2611 966 2654 utnon
996 2596 1285 2671 dimittant,
1312 2596 1653 2671 discretionis
1680 2597 1930 2671 spiritum

358 2666 468 2727 non
500 2671 720 2725 habent.
754 2669 1025 2738 Scriptum
1054 2670 1104 2723 in
1130 2668 1263 2724 libro
1294 2668 1630 2738 Genesisest
1662 2683 1675 2718 ε
1713 2666 1774 2723 Si
1802 2677 1936 2721 recte

356 2739 570 2811 ofﬁrma,
601 2750 649 2795 et
678 2750 814 2796 recte
844 2736 947 2795 non
976 2740 1194 2808 dividas,
1230 2740 1445 2810 peccasti
1469 2736 1620 2805 (Gen.
1656 2754 1728 2811 iv,
1755 2738 1808 2802 7,
1827 2753 1929 2811 sec.

357 2811 555 2881 LXX).
588 2811 754 2867 Recte
804 2812 1065 2876 offertur,
1118 2825 1236 2881 cum
1290 2819 1433 2863 recta
1482 2810 1777 2881 intentione
1803 2810 1934 2881 quid

359 2880 575 2955 agitur;
607 2884 701 2938 sed
733 2894 1008 2955 rectenon
1041 2880 1317 2955 dividitur,
1347 2882 1389 2933 si
1413 2880 1651 2955 nonhoc
1675 2880 1817 2948 quod
1851 2881 1935 2955 pie

357 2950 535 3037 agitur
566 2955 728 3037 etiam
758 2954 1026 3037 subtiliter
1055 2952 1413 3037 discerttatur:
1441 2950 1645 3037 Oblata
1672 2960 1817 3037 recte

357 3021 566 3094 videre,
595 3034 677 3096 est
704 3024 1123 3096 quaelibetbona
1154 3032 1335 3096 nostra
1369 3021 1553 3096 studia
1576 3021 1935 3096 discernendo

359 3091 612 3166 pensare.
643 3091 818 3162 Quare
847 3095 1097 3166 nimirum
1129 3094 1220 3163 qui
1250 3106 1412 3166 agere
1426 3091 1746 3166 dissimulat,
1773 3094 1935 3166 etiam

360 3160 509 3222 recte
537 3160 770 3221 offerens
798 3175 984 3236 peccat
1027 3160 1206 3236 (Greg.
1248 3160 1307 3218 ιι*
1334 3162 1390 3216 in
1436 3160 1652 3234 Ezech.,
1686 3162 1826 3219 hom.
1859 3165 1892 3219 9
1915 3204 1933 3234 ,

360 3254 393 3277 οι
445 3238 546 3277 θιι-
578 3235 705 3277 Τηὶη
746 3252 800 3277 ιιι
854 3237 922 3277 Ar)
950 3254 962 3264 -
995 3233 1127 3277 Cum
1189 3234 1319 3277 Mur-
1359 3248 1432 3277 111-
1466 3234 1577 3277 131-
1963 3198 2013 3277 C

359 3254 417 3291 ιι.
445 3238 513 3309 20
526 3254 549 3309 ξ
578 3235 726 3304 Taio,
746 3233 825 3304 ut,
854 3237 923 3309 l2
950 3254 964 3303 ;
995 3233 1322 3309 G’regQMor.
1343 3248 1436 3309 ιιι,
1466 3234 1577 3303 15).

432 3308 488 3364 2.
519 3307 674 3377 Saepe
701 3303 841 3377 Quod
871 3307 1013 3362 bono
1042 3303 1217 3362 studio
1245 3303 1504 3376 gerimus,
1524 3374 1540 3377 _
1561 3305 1686 3360 dum
1741 3306 1939 3363 discer-

363 3395 496 3435 nere
523 3374 679 3434 caute
702 3374 1039 3450 negligimus,
1067 3392 1174 3447 quo
1198 3374 1470 3450 ju‘dicetur
1512 3374 1618 3430 fine
1644 3380 1937 3450 nescimus.

363 3451 540 3516 Quare
552 3445 933 3519 nonnunquam
950 3449 1053 3503 boc
1068 3445 1133 3519 fit
1150 3445 1300 3502 reatu
1317 3445 1446 3518 (AL,
1462 3446 1663 3519 reatusl
1673 3448 1937 3519 criminis,

362 3521 505 3591 quod
530 3530 747 3589 putatur
771 3517 930 3574 causa
960 3518 1188 3591 virtutis.
1244 3517 1407 3572 Recte
1431 3530 1574 3591 ergo
1607 3517 1884 3591 offerimus
1920 3560 1936 3586 ,

359 3587 485 3647 cum
535 3587 679 3644 bono
725 3592 900 3646 studio
956 3590 1153 3645 bonum
1198 3603 1332 3657 opus
1359 3587 1604 3656 agimus;
1654 3590 1747 3643 sed
1798 3600 1942 3646 recte

366 3678 473 3718 non
505 3660 812 3725 dividimus,
836 3662 880 3715 si
911 3661 1107 3715 habere
1137 3660 1512 3715 discretionem
1540 3660 1592 3713 in
1611 3658 1753 3713 bono
1774 3675 1941 3729 opere

360 3742 766 3804 postponamus.
801 3731 891 3785 Ille
918 3730 1062 3804 enim
1091 3740 1370 3804 angustam
1402 3736 1541 3804 viam
1586 3730 1887 3804 ingreditur
1920 3770 1937 3799 ,

362 3801 457 3874 qui
485 3802 537 3855 in
568 3803 777 3856 cunctis
807 3817 928 3873 quae
954 3803 1062 3871 agit
1088 3801 1430 3874 discretionis
1465 3802 1758 3859 subtilitate
1780 3802 1941 3874 solli-

363 3873 472 3931 cite
500 3883 827 3928 coarctatur.
861 3873 993 3927 Nam
1021 3873 1112 3944 qui
1168 3887 1265 3941 pro
1309 3876 1584 3931 voluntate
1611 3873 1821 3942 propria
1849 3888 1940 3929 se-

362 3958 491 3999 cura
520 3952 701 4015 mente
745 3960 804 3998 se
837 3946 1043 4010 dilatat,
1097 3953 1335 4014 angusta:
1381 3949 1481 4003 sibi
1526 3953 1691 4015 porta:
1740 3944 1941 4000 aditum

363 4016 601 4069 damnat.
653 4014 845 4070 Sancta
900 4015 1178 4080 Ecclesia,
1238 4032 1356 4085 quae
1395 4034 1461 4073 ex
1492 4014 1670 4072 causis
1717 4015 1943 4084 singulis

366 4095 691 4140 tentamenta
724 4087 983 4154 prodeant
1030 4102 1123 4156 per
1164 4087 1539 4145 discretionem
1574 4086 1858 4155 conSpicit,
1888 4096 1945 4143 et

361 4165 600 4231 venitura
620 4156 1140 4231 vitiorum‘bellaex
1170 4160 1278 4231 a_l_to
1307 4158 1662 4231 deprehendit
1704 4156 1889 4231 (Greg:
1894 4173 1943 4231 ,1

361 4226 417 4281 in
443 4225 659 4301 Each”
691 4229 832 4301 Iiom.
864 4227 919 4294 2,
944 4245 1007 4301 in.
1046 4229 1145 4295 I2;
1179 4225 1596 4299 Moralfxxvm,
1631 4225 1721 4293 II,
1742 4245 1792 4281 ιι.
1825 4225 1942 4301 ‘26).

432 4297 563 4353 CAP.
590 4313 663 4351 xt.
695 4298 772 4353 De
814 4300 1129 4368 pauitentia.
1174 4328 1245 4341 -—-
1274 4303 1325 4356 I.
1355 4297 1539 4359 omnis
1591 4309 1837 4368 peccator
1887 4297 1940 4355 in

362 4369 677 4439 ptenitentia
716 4370 935 4440 duplum
981 4372 1177 4425 habere
1228 4374 1485 4441 gemitum
1534 4372 1733 4436 debet;
1781 4371 1941 4425 nimi-

361 4453 507 4506 rum,
539 4442 661 4510 quia
694 4450 747 4494 et
775 4442 974 4495 bonum
1003 4443 1143 4510 quod
1168 4446 1404 4509 oportuit
1432 4459 1535 4497 non
1571 4441 1719 4503 fecit.
1748 4451 1801 4495 et
1824 4459 1942 4495 ina-

363 4510 477 4568 lum
509 4509 650 4579 quod
682 4525 788 4565 non
830 4512 1068 4581 oportuit
1121 4509 1268 4567 fecit.
1320 4514 1454 4568 Cum
1487 4514 1554 4566 ad
1588 4511 1727 4581 bona
1773 4526 1937 4579 opera

363 4595 472 4636 non
503 4567 884 4651 a'ssurgimus,'
908 4594 1127 4636 necesse
1150 4593 1255 4651 iest
1286 4567 1346 4637 ut
1374 4580 1734 4650 nosmetipsos
1761 4567 1939 4651 dupli-
1968 4567 2022 4627 Ῑ)

366 4652 503 4707 citer
530 4650 843 4719 defleamus,
875 4653 997 4721 quia
1030 4664 1082 4706 et
1112 4650 1255 4707 recta
1284 4669 1390 4709 non
1416 4654 1661 4718 fecimus,
1693 4664 1748 4706 et
1778 4650 1938 4720 prava

360 4724 567 4792 operati
598 4737 806 4796 sumus.
835 4724 935 4777 Per
962 4723 1175 4796 beatum
1204 4725 1421 4796 Moysen
1453 4740 1592 4780 unus
1623 4734 1798 4796 turtur
1839 4739 1937 4793 pro

360 4802 602 4864 peccato,
638 4794 775 4864 alter
794 4808 930 4864 vero
975 4794 1153 4848 offerri
1213 4794 1689 4852 in'liolocausmm
1716 4794 1937 4855 :iubetur

360 4862 547 4938 (Law.
580 4862 745 4938 v,_7).
780 4863 1152 4919 Holocaustum
1200 4881 1429 4938 namque
1457 4878 1627 4922 totum
1660 4867 1938 4922 incensum

363 4933 583 4991 dicitur.
619 4933 793 5010 Unum
820 4949 949 5010 ergo
973 4946 1232 5010 turturem
1264 4933 1359 5006 pro
1394 4949 1614 5008 peccato
1638 4938 1937 5010 offerimus,

357 5020 485 5062 cum
514 5020 609 5074 pro
631 5006 786 5075 culpa
809 5008 1062 5076 gemitum
1091 5009 1280 5062 damus
1307 5025 1321 5074 ;
1355 5006 1421 5064 de
1446 5013 1614 5065 a'ltero
1646 5006 1935 5064 holocaus;

362 5085 475 5151 tum
505 5076 753 5151 facimus,
802 5093 922 5151 cum
970 5092 1066 5145 pro
1117 5092 1183 5151 eo
1229 5081 1369 5151 quod
1404 5084 1557 5151 (bona
1608 5080 1939 5151 negleximus

360 5146 493 5230 (AL,
525 5145 887 5230 negligimus],
910 5145 1265 5230 nosmetipsos
1284 5145 1938 5230 iuriditussuccétinentes

360 5217 484 5287 igne
506 5217 705 5291 doleris
733 5217 984 5275 ardemus
1013 5221 1032 5290 (
1058 5217 1183 5273 Taio
1221 5235 1300 5287 ιιι,
1360 5222 1464 5288 47;
1524 5220 1707 5291 Greg.,
1740 5219 1935 5276 Μαι-αι.

361 5303 535 5355 xxxii,
566 5290 619 5357 5,
645 5305 699 5344 n.
721 5291 800 5357 4).
1464 5298 1485 5318 ί

430 5358 486 5414 2.
515 5362 711 5416 Beatus
739 5358 841 5416 Job
872 5376 967 5430 per
995 5360 1203 5431 flagella
1254 5362 1562 5432 proficiens,
1602 5372 1657 5417 et
1683 5376 1712 5413 a
1741 5371 1939 5419 semet-

356 5430 478 5502 ipso
506 5433 559 5486 in
582 5446 772 5500 magna
816 5435 901 5486 sui
946 5430 1319 5502 redargutione
1364 5434 1712 5499 dissentiens,
1762 5434 1931 5489 dicit:

394 5503 705 5578 dcircc‘ipse
734 5519 812 5578 me
838 5504 1153 5578 reprenendo
1179 5515 1227 5559 et
1256 5522 1354 5576 ago
1385 5506 1734 5578 partitentiam
1771 5504 1935 5578 352

356 5575 412 5646 in
442 5573 643 5643 favilla,
676 5584 724 5627 ct
755 5574 923 5627 cinere
954 5573 1097 5644 (Job.
1127 5591 1224 5642 xu,
1280 5573 1358 5646 6).
1392 5579 1447 5631 In
1480 5577 1655 5631 favilla
1696 5573 1936 5631 enim—e—t

355 5645 540 5700 cinere
571 5646 940 5717 paenitentiam
979 5660 1140 5717 agere
1169 5658 1251 5702 est
1278 5687 1294 5711 ,
1340 5648 1694 5717 contemplata
1725 5661 1933 5702 summa

355 5716 615 5782 essentia,
662 5716 797 5770 nihil
852 5716 995 5788 aliud
1040 5732 1195 5786 quam
1245 5719 1478 5773 favillam
1511 5716 1571 5773 se
1594 5720 1934 5788 cineremque

354 5802 702 5860 cognoscere.
732 5789 789 5841 in
818 5787 995 5842 cilicio
1024 5789 1281 5855 asperitas
1333 5801 1385 5845 et
1440 5790 1656 5860 punctio
1687 5787 1933 5859 peccato-

356 5876 496 5923 rum,
530 5859 584 5912 iu
613 5859 796 5914 cinere
829 5867 1009 5912 autem
1043 5860 1215 5927 pulvis
1244 5859 1546 5917 ostenditur
1574 5872 1928 5918 mortuorum.

636 5958 903 6019 I’A'rnoc.
943 5958 1293 6020 LXXXIII.

2025 542 2154 594 tiam
2186 541 2346 613 solet,
2379 552 2437 613 nt
2458 541 2512 596 in
2538 539 2822 613 punctione
2851 539 3010 613 cilicii
3054 539 3443 613 cognoscamus
3471 546 3601 613 quid

2024 625 2120 681 per
2146 612 2357 681 culpam
2382 611 2624 684 fecimus,
2673 622 2725 667 et
2755 612 2826 684 Ain
2871 611 3046 667 favilla
3071 612 3269 684 cineris
3302 611 3605 684 perpenda-

2022 697 2141 737 mus
2169 684 2292 751 quitl
2324 699 2416 749 per
2440 683 2697 753 judicium
2736 682 2867 753 facti
2919 697 3125 738 sumus.
3174 682 3604 743 Considerentur

2022 768 2152 823 ergo
2182 757 2233 809 in
2264 752 2453 809 cilicio
2492 752 2779 825 pungentia
2826 753 2981 825 vitia.
3022 753 3411 810 Consideretur
3441 758 3495 811 in
3526 759 3607 813 ci-

2024 839 2154 896 nere
2183 840 2277 894 per
2302 824 2503 881 mortis
2536 828 2860 881 sententiam
2908 824 3243 894 subsequens
3270 825 3415 896 justa
3448 843 3606 895 poena

2024 894 2294 967 vitiorum,
2329 898 2451 966 quia
2479 905 2695 967 propter
2725 904 3007 965 peccatum
3053 897 3233 951 carnis
3263 894 3608 955 contumeliae

2024 977 2396 1022 surrexerunt.

2095 1036 2151 1108 3.
2177 1036 2364 1108 Videat
2411 1038 2573 1093 homo
2611 1035 2664 1091 in
2704 1039 2999 1107 asperitate
3042 1038 3207 1094 cilicii
3248 1040 3612 1108 superhiendo

2025 1107 2151 1175 quid
2184 1106 2307 1180 fecit
2330 1149 2346 1174 ,
2376 1111 2559 1180 videat
2587 1109 2638 1163 in
2667 1106 2848 1180 cinere
2877 1123 3153 1178 usquequo
3180 1106 3454 1179 peccando
3482 1128 3611 1180 per-

2026 1181 2191 1250 venit.
2226 1179 2389 1246 Quasi
2412 1179 2642 1248 quodam
2673 1179 2846 1234 cilicio
2876 1189 3130 1250 peccator
3158 1184 3408 1250 pttngitur
3432 1224 3448 1247 ,
3483 1179 3614 1237 dum

2026 1247 2082 1320 in
2120 1257 2301 1304 mente
2324 1247 2443 1320 sua
2486 1251 2692 1319 asperis
2725 1247 3172 1320 redargutionum'
3205 1247 3434 1307 stimulis
3484 1269 3618 1307 con—

2027 1318 2456 1396 fritigitur_[At.,
2514 1318 2902 1396 confricatur1.‘
2936 1320 2996 1375 In
3044 1319 3237 1396 cinere
3277 1333 3475 1396 autem,
3502 1325 3618 1396 agit

2029 1389 2425 1464 paenitentiam,
2456 1390 2545 1460 qui
2577 1407 2642 1464 ex
2672 1389 3087 1461 primo'peccato
3114 1393 3257 1464 quid
3278 1410 3372 1462 per
3409 1389 3619 1464 juSttim

2026 1461 2283 1530 judicium
2334 1458 2510 1516 factus
2548 1463 2629 1530 sit
2672 1458 2904 1518 solerter
2946 1458 3195 1519 attendit.
3248 1458 3305 1519 In
3363 1458 3616 1521 tenebras

2029 1529 2171 1587 diem
2199 1532 2460 1605 vertimus
2494 1529 2637 1605 (Job.
2666 1548 2753 1605 lli,
2789 1534 2845 1603 4)
2876 1573 2892 1597 ,
2940 1548 3060 1605 cum
3108 1536 3471 1605 nosmetipsos
3510 1534 3622 1591 dis;

2029 1603 2499 1675 trictepunientes
2530 1603 2642 1675 ipsa
2672 1602 3046 1675 delectationis
3061 1620 3238 1675 pravae
3252 1602 3622 1663 blandimenta

2034 1689 2129 1746 per
2158 1674 2418 1746 districta:
2447 1674 2777 1746 poenitentia:
2806 1674 3039 1746 lamenta
3066 1674 3401 1732 cruciamus.
3442 1680 3622 1746 Quare

2034 1744 2210 1820 flendo
2239 1745 2575 1820 insequimur
2604 1744 2866 1814 quidquid
2907 1745 2960 1800 in
3001 1747 3182 1820 corde;
3220 1746 3345 1802 tacti
3378 1744 3515 1820 [Ain
3543 1759 3623 1820 ta-

1956 1837 2006 1900 Β
2032 1814 2148 1886 citi]
2177 1831 2246 1900 ex_
2271 1815 2630 1900 delectatione
2666 1830 2971 1900 peccamus.
2993 1886 3003 1895 .
3027 1814 3397 1900 .Omnipotens"
3430 1814 3622 1900 Domi-

2030 1901 2137 1941 nus
2165 1887 2435 1940 subtiliter
2466 1895 2586 1940 acta
2641 1897 2823 1941 nostra
2853 1886 3185 1955 considerat,
3215 1898 3267 1942 et
3293 1896 3474 1945 tamen
3506 1891 3625 1946 hare

2030 1957 2413 2028 paenitentibus
2443 1957 2864 2013 misericorditer
2894 1959 3133 2023 relaxat;
3165 1958 3254 2027 qui
3287 1968 3340 2014 et
3364 1962 3620 2015 duritiam

2029 2032 2085 2101 in
2114 2029 2460 2098 peccantibus
2515 2028 2779 2101 conspicit
2812 2068 2828 2092 ,
2856 2028 2974 2101 sed
3019 2036 3199 2101 tamen
3243 2030 3377 2101 lianc
3423 2047 3627 2101 pracve-

2032 2100 2220 2173 nietttc
2249 2102 2418 2173 gratia
2458 2099 2973 2173 (adn‘paznitentiam)
3013 2100 3225 2155 emollit
3261 2099 3467 2173 (Gregl,
3514 2102 3629 2156 Mo-

2030 2169 2160 2236 ral.,
2193 2168 2269 2234 tv,
2298 2171 2389 2235 14,
2422 2186 2478 2226 ιι.
2511 2168 2624 2238 2U).

2102 2243 2158 2294 4.
2191 2238 2387 2309 Culpas
2419 2248 2632 2295 nostras
2682 2239 2942 2295 Dominus
2991 2250 3293 2307 enumerat,
3351 2258 3473 2297 cum
3532 2259 3632 2299 nos

2033 2311 2181 2382 ipsos
2228 2312 2297 2367 ad
2341 2312 2551 2380 singula
2610 2327 2731 2382 quae
2758 2310 3003 2382 fecimus
3040 2311 3289 2366 deflenda
3324 2316 3629 2382 convertit;

2034 2381 2167 2455 quas
2209 2381 2639 2439 misericorditer
2690 2381 2932 2455 relaxat,
2967 2386 3085 2451 quia
3128 2397 3220 2436 eas
3249 2383 3375 2437 dum
3410 2399 3506 2438 nos
3536 2381 3632 2455 pu-

2034 2454 2237 2518 nimus,
2264 2455 2379 2523 ipse
2407 2452 2828 2523 nequaquamin
2859 2463 3103 2507 extremo
3126 2456 3375 2509 examine
3401 2452 3629 2522 judicat,

2036 2523 2202 2579 Paulo
2231 2522 2524 2579 attestante
2554 2565 2567 2587 ,
2599 2525 2690 2596 qui
2720 2522 2792 2577 ait
2825 2541 2838 2579 :
2875 2524 2935 2577 Si
2979 2525 3316 2596 nosmetipsos
3366 2527 3630 2596 dijudica—

2035 2610 2222 2660 remus,
2252 2611 2355 2648 non
2382 2596 2557 2667 (utique
2585 2592 2946 2667 iudicaremur
2979 2592 3032 2665 (I
3061 2592 3296 2660 σοικιι,
3333 2592 3447 2667 BI}.
3474 2596 3632 2664 Quud

2035 2666 2537 2736 exteriusagimus,
2599 2664 2702 2720 nisi
2743 2667 3080 2736 pmnitentia
3121 2664 3520 2723 interveniente
3550 2670 3628 2723 di-

2038 2738 2253 2790 luamus
2289 2779 2302 2801 ,
2343 2734 2394 2791 in
2427 2746 2639 2791 secreto
2663 2734 2989 2804 iudiciorum
3024 2736 3117 2793 Dei
3147 2738 3249 2793 sub
3279 2740 3511 2807 quadam
3542 2754 3634 2795 oc-

2038 2808 2334 2879 cultatione
2362 2817 2611 2879 servatur
2632 2848 2649 2874 ,
2674 2817 2729 2861 ut
2759 2808 3084 2878 quandoque
3111 2811 3301 2879 getiam
3349 2811 3415 2865 de
3446 2812 3630 2879 sigillo

2040 2876 2171 2950 [At.,
2205 2880 2274 2934 de
2308 2877 2539 2950 sacculo]
2569 2880 2762 2934 secreti
2818 2890 2976 2933 exeat
3000 2876 3065 2933 ad
3103 2877 3289 2950 judicii
3333 2876 3628 2948 publicum.

2037 2949 2170 3004 Cum
2202 2965 2333 3005 vero
2360 2966 2463 3024 pro
2481 2952 2637 3005 malis
2666 2964 2786 3017 quae
2819 2951 3043 3024 fecimus
3086 2949 3385 3024 disciplina:
3415 2953 3632 3024 flagello

2038 3018 2423 3087 atterimur,’et
2454 3022 2568 3076 haec
2593 3036 2687 3090 per
2712 3022 3082 3089 paenitentiam
3114 3018 3401 3089 deflenws,
3438 3018 3635 3092 iniqui-

2040 3098 2205 3147 tatem
2238 3105 2476 3147 nostram
2505 3093 2703 3162 signat,
2761 3102 2814 3145 et
2854 3101 3025 3155 curat,
3061 3094 3181 3162 quia
3224 3108 3323 3147 nec
3349 3094 3514 3147 inulta
3546 3096 3636 3150 hic

2041 3162 2270 3237 deserit,
2328 3163 2539 3237 neci_in
2595 3162 2797 3237 judicio
2846 3163 3116 3233 punienda
3149 3175 3393 3219 reservat
3423 3162 3633 3237 (Greg.,

2042 3232 2264 3300 Moral.,
2298 3249 2395 3300 xu,
2425 3232 2515 3300 17,
2546 3250 2601 3287 ιι.
2627 3233 2745 3304 2|).
2786 3244 2793 3251 τ

2119 3304 2172 3360 5.
2204 3304 2403 3377 Beatus
2431 3304 2554 3377 Job,
2588 3305 2806 3377 humani
2840 3304 3055 3374 generis
3110 3321 3388 3361 assumens
3443 3323 3635 3377 perso-

2039 3391 2188 3447 nam,
2219 3376 2346 3431 dicit
2394 3392 2408 3430 :
2460 3376 2693 3447 Signasti
2727 3379 2875 3445 quasi
2924 3377 2978 3430 in
3034 3379 3241 3431 sacculo
3280 3376 3469 3433 delicta
3522 3396 3637 3434 mea

2043 3445 2187 3519 (Job.
2218 3463 2329 3511 xiv,
2364 3447 2477 3516 I7).
2507 3445 2732 3502 Peccata
2767 3458 2948 3502 nostra
2966 3446 3254 3519 signantur
3282 3448 3335 3503 in
3368 3450 3586 3505 sacculo
3614 3494 3632 3517 ,

2044 3518 2167 3573 eum
2200 3520 2341 3574 mala
2367 3534 2487 3586 quae
2519 3519 2769 3582 fecimus,
2801 3518 3036 3589 sollicito
3062 3533 3278 3588 semper
3307 3522 3471 3574 corde
3500 3536 3635 3589 pen-

2044 3602 2252 3644 samus.
2283 3589 2423 3655 Quid
2446 3603 2680 3658 namque
2717 3601 2801 3642 est
2852 3603 2947 3643 cor
2980 3588 3231 3655 hominis,
3258 3589 3361 3643 nisi
3386 3588 3633 3646 sacculus

2042 3658 2285 3730 Domini,
2313 3658 2402 3713 ubi
2431 3659 2560 3713 dum
2592 3658 2834 3713 studiose
2872 3659 3238 3730 conspicimus
3288 3674 3383 3726 per
3428 3673 3632 3730 quanta

2041 3722 2387 3798 deliquimus,
2422 3738 2640 3798 peccata
2670 3740 2853 3783 n05tra
2890 3722 3044 3797 quasi
3069 3722 3129 3783 in
3158 3722 3372 3784 Domini
3406 3722 3627 3788 sacculo

2044 3799 2251 3869 signata
2286 3809 2588 3869 portamus,
2619 3801 2741 3868 quia
2768 3800 2953 3869 culpas
2984 3814 3117 3868 quas
3168 3816 3265 3854 nos
3294 3800 3548 3858 intuendo
3576 3812 3633 3861 et

2043 3872 2358 3997 ﬁtenitendo
2381 3870 2780 3940 cognoscimus,
2809 3873 2925 3939 pius
2946 3870 3099 3927 nobis
3124 3873 3370 3927 conditor
3398 3872 3629 3931 relaxat.

2092 3953 2209 3997 ecte
2237 3942 2587 3997 nostsianata
2644 3943 2699 3997 in
2747 3944 2960 3997 sacculo
3010 3940 3207 3997 delicta
3249 3943 3450 3997 dicitur
3490 3947 3629 3997 :sed

2092 3953 2209 3998 ecte
2237 3951 2356 4013 post
2380 3942 2587 4013 signata
2644 3943 2699 3997 in
2747 3944 2960 3997 sacculo
3010 3940 3207 3997 delicta
3249 3943 3450 3998 dicitur
3490 3947 3629 4000 :sed

2044 4015 2237 4067 curasti
2280 4015 2601 4084 iniquitatem
2647 4029 2840 4067 meam.
2874 4017 2949 4067 Ac
2977 4013 3021 4067 si
3066 4024 3251 4082 aperte
3278 4014 3463 4070 dicat:
3497 4016 3630 4084 Qua:

2045 4085 2206 4139 modo
2258 4086 2440 4154 signas
2468 4126 2483 4151 ,
2528 4095 2586 4139 ut
2634 4084 2943 4155 pcenitendo
3000 4085 3235 4154 videam,
3282 4086 3397 4156 agis
3443 4088 3633 4156 procul

2045 4156 2210 4210 dubio
2245 4171 2313 4211 ne
2342 4156 2394 4209 in
2426 4156 2786 4210 retributione
2815 4155 3117 4212 videantur.

2118 4225 2247 4282 CAP.
2282 4242 2379 4281 xu.
2408 4225 2487 4282 De
2518 4228 2839 4297 confessione
2886 4238 3232 4294 peccatorum.
3256 4256 3327 4267 -
3358 4226 3406 4283 1.
3441 4228 3635 4286 Ηιιιιιί-

2045 4297 2214 4353 litatis
2251 4298 2557 4354 testimonia
2615 4308 2761 4363 sunt,
2794 4307 2848 4353 et
2876 4298 3213 4367 iniquitatem
3245 4314 3401 4371 suam
3438 4316 3633 4371 quem-

2045 4384 2207 4439 quam
2265 4382 2614 4439 cognoscere,
2660 4378 2714 4423 et
2762 4372 3031 4439 cognitam
3090 4384 3219 4426 voce
3275 4370 3635 4429 confessionis

2047 4442 2277 4509 aperire.
2355 4440 2625 4511 usitatum
2656 4439 2933 4511 Abnmanii
2982 4441 3197 4511 generis
3267 4442 3453 4497 vitium
3500 4452 3583 4497 est
3613 4485 3631 4511 ,

2048 4520 2105 4565 et
2157 4511 2383 4566 labendo
2412 4508 2529 4582 [Gr.
2582 4509 2711 4581 Ed.,
2762 4508 3007 4582 latendo]
3056 4521 3333 4581 peccatum
3383 4508 3633 4566 commit;

2048 4590 2179 4647 tere,
2242 4592 2299 4637 et
2335 4581 2682 4637 commissum
2725 4596 2833 4637 non
2886 4581 3191 4638 confitendo
3236 4582 3502 4652 prodere.
3534 4583 3633 4637 sed

2043 4652 2291 4723 negando
2329 4652 2654 4720 defendere,
2710 4663 2874 4723 atque
2926 4657 3230 4710 convictum
3286 4652 3631 4707 defendendo

2041 4725 2422 4795 multiplicare.
2481 4726 2557 4779 Ex
2602 4725 2699 4781 illo
2747 4728 2946 4795 quippe
3016 4726 3167 4795 lapsu
3232 4723 3389 4792 primi
3458 4724 3633 4778 homi-

2042 4794 2125 4867 nis
2195 4794 2311 4851 Ilth
2377 4805 2661 4867 augmenta
2735 4794 3016 4867 nequitiae
3050 4794 3341 4867 ducimus,
3390 4808 3457 4849 ex
3522 4810 3632 4867 quo

2041 4866 2214 4937 ipsam
2244 4864 2476 4923 radicem
2499 4867 2761 4923 traximus
2781 4864 2971 4935 culpm.
2991 4864 3073 4919 Ad
3104 4868 3205 4919 hoc
3234 4865 3441 4934 primus
3470 4868 3522 4937 2

2040 4935 2204 5010 homo
2234 4940 2525 5010 requisitas
2550 4938 2745 5004 fuerat,
2777 4948 2835 5010 ut
2861 4938 3146 5010 peccatum
3178 4937 3321 5006 quod
3353 4935 3633 5010 transgre-

2041 5008 2240 5066 diendo
2292 5005 2642 5066 commiserat
2678 5005 2989 5063 confitendo
3019 5005 3261 5072 deleret;
3295 5016 3351 5062 et
3398 5005 3633 5063 interro-

2038 5090 2192 5151 gatur
2217 5081 2308 5137 ubi
2328 5091 2472 5137 esset
2499 5077 2659 5151 (Gen.
2692 5092 2774 5147 ιιι,
2808 5078 2922 5149 10),
2946 5086 3004 5131 ut
3028 5079 3630 5151 perpetratam‘culpam

2040 5148 2358 5222 respiceret,
2390 5161 2446 5206 et
2472 5148 2777 5222 conﬁtendo
2816 5148 3178 5222 ceg_nosceret
3206 5164 3369 5222 quam
3395 5148 3571 5222 longe
3600 5166 3631 5204 a

2039 5216 2445 5277 conditoris'sui
2480 5219 2614 5291 facie
2636 5220 2849 5276 abesset
2870 5219 3046 5289 (-Taio,
3069 5235 3152 5287 ιιι,
3194 5216 3301 5287 4“8;
3328 5216 3635 5291 Grengo-

2037 5292 2165 5359 ral.,
2193 5309 2322 5357 χχιι,
2350 5293 2436 5358 15,
2469 5308 2524 5344 n.
2555 5289 2672 5361 δυ).

2108 5362 2164 5419 2.
2198 5363 2397 5419 Indicia
2428 5376 2569 5417 verre
2596 5360 2952 5417 c0nl’essionis
2977 5371 3105 5417 sunt
3132 5403 3148 5429 ,
3177 5360 3224 5417 si
3249 5376 3368 5418 cum
3400 5360 3631 5432 quisque

2036 5448 2097 5489 se
2144 5443 2478 5504 peccatorem
2534 5433 2682 5499 dicit,
2741 5434 2792 5488 id
2837 5432 2905 5487 de
2935 5448 2994 5488 se
3034 5435 3238 5504 dicenti
3282 5433 3442 5488 etiam
3471 5432 3628 5488 alteri

2036 5520 2142 5560 non
2192 5504 2535 5560 contradicit.
2580 5504 2847 5575 Scriptum
2878 5513 2961 5559 est
2990 5519 3005 5559 :
3036 5503 3220 5575 Justus
3267 5505 3322 5559 in
3377 5504 3632 5575 principio

2036 5585 2305 5631 accusator
2360 5584 2433 5629 est
2482 5574 2564 5627 sui
2615 5574 2885 5643 (Proverb.
2936 5588 3089 5642 xvnt,
3144 5574 3254 5645 I7).
3308 5574 3426 5630 NOII
3460 5574 3632 5645 magis

2036 5658 2312 5716 peccator,
2346 5648 2439 5701 sed
2466 5645 2642 5715 justus
2664 5646 2835 5701 videri
2869 5647 3095 5715 appetit,
3130 5663 3251 5701 cum
3284 5654 3631 5716 peccatorem

2034 5734 2095 5773 se
2143 5721 2368 5787 quisque
2404 5718 2552 5770 nullo
2595 5726 2854 5786 argueute
2900 5719 3208 5772 confitetur.
3247 5716 3620 5773 Confessiunis

2037 5790 2319 5844 veritatem
2376 5792 2582 5856 probat.
2627 5804 2748 5842 cum
2797 5789 2936 5844 alter
2963 5790 3165 5843 malum
3206 5788 3347 5859 quod
3391 5788 3615 5859 fecimus

2035 5861 2293 5929 increpat.
2339 5860 2493 5928 Quod
2536 5860 2582 5916 si
2606 5860 2838 5931 superbe
2894 5858 3252 5927 defendimus,
3306 5860 3471 5931 liquet
3493 5858 3617 5930 quia

3156 5959 3228 6021 37
