4086 6350
366 320 510 421 ριϋθ

1224 320 1512 381 ᾹΡΡΕΝΙ).
1558 321 1649 379 lX.
1690 348 1755 362 --
1798 316 2329 379 SENTENTIARUM
2371 322 2571 381 LlliER
2610 324 2699 381 IV.

3491 276 3625 405 ttiu

368 433 628 519 agnoscit.
668 434 766 519 Qui
812 435 863 519 in
893 435 1154 519 principio
1180 435 1729 519 .ltteredilari'ﬂj'orte,
1766 435 1935 519 limre-
1965 436 2014 495 Δ
2043 437 2244 519 tardius
2270 438 2321 492 in
2355 441 2697 519 asperitatem
2726 439 3014 519 concitant,
3051 438 3245 519 furoris
3285 439 3369 497 sui
3425 438 3630 519 diutius,

367 504 561 577 ditare]
590 505 857 572 festinant,
899 504 1097 562 Sortem
1151 508 1251 563 sibi
1286 512 1340 563 in
1388 504 1673 562 novissima
1716 506 1936 561 benedi-

366 577 561 649 ctionis
582 586 886 649 amputant,
917 578 1040 647 quia
1084 579 1209 634 dum
1258 594 1353 649 per
1380 579 1617 635 avaritia:
1645 577 1935 649 nequitiam

369 647 457 719 hic
487 648 823 713 multiplicari
852 659 1125 719 appetunt,
1156 647 1353 704 illic‘ab
1376 659 1580 705 :eterno
1612 648 1937 717 patrimonio

369 718 683 774 exhaeredes
721 718 1188 791 fiunt.'Cupiditas
1225 723 1535 791 plerumque
1576 721 1803 773 latenter
1834 719 1940 791 ori-

368 797 457 845 tur
483 791 535 843 in
583 800 784 853 mente,
833 792 927 847 sed
957 790 1275 863 punctiones
1323 803 1659 863 peccatorum
1702 790 1937 863 omnium

368 869 613 933 patenter
641 862 888 932 producit
920 861 975 917 iti
1016 879 1201 932 opere,
1230 877 1361 933 quas
1406 861 1649 933 videlicet
1694 862 1939 929 punetio-

368 946 466 1005 nes
494 932 562 986 ab
590 934 688 1005 hac
726 934 906 988 radice
934 943 1211 1005 surgentes
1233 932 1411 989 statim
1444 932 1761 1003 praedicator
1790 945 1942 1001 egre-

367 1002 487 1073 gius
518 1003 770 1071 insinuat,
802 1005 986 1060 dicens
1006 1002 1222 1072 {Quam
1249 1002 1457 1075 quidam
1483 1012 1771 1075 appetentes
1794 1018 1936 1055 erra-

368 1083 549 1128 verunt
576 1091 606 1127 a
628 1075 749 1143 ﬁde,
776 1084 823 1130 et
849 1078 1168 1131 inseruerunt
1196 1093 1248 1132 se
1264 1074 1534 1131 doloribus
1569 1074 1761 1127 multis.

442 1144 572 1201 Car.
620 1161 749 1201 χχιι.
798 1145 875 1201 De
902 1147 1186 1203 iracundia.
1214 1148 1368 1202 -1.
1409 1147 1544 1202 Dum
1590 1144 1941 1214 tranquillita-

372 1218 1078 1289 tem_mentisplerumque
1123 1219 1200 1274 ira
1250 1218 1580 1283 diverberat,
1629 1216 1938 1289 dilaniatum

373 1286 604 1356 quodam
629 1285 809 1355 modo,
843 1285 1174 1359 scissamque
1209 1290 1506 1359 perturbat,
1538 1297 1597 1341 ut
1626 1285 1942 1354 sibimetipsi

373 1372 479 1429 non
508 1369 787 1429 congruat,
839 1374 901 1413 ac
927 1363 1034 1414 vim
1068 1362 1270 1416 intima:
1298 1359 1663 1416 similitudinis
1709 1359 1940 1429 amittat.

370 1427 477 1483 Per
500 1427 633 1502 iram
663 1431 923 1498 sapientia
956 1432 1217 1499 perditur,
1251 1443 1307 1486 ut
1333 1431 1482 1502 quid,
1517 1444 1726 1502 quoque
1756 1428 1945 1483 ordine

370 1500 634 1568 agendum
658 1502 748 1569 sit,
789 1504 1006 1556 omnino
1038 1504 1323 1557 uesciatur.
1352 1500 1517 1557 ’Sicut
1538 1500 1795 1566 scriptum
1819 1509 1940 1552 est:

369 1569 465 1645 Ira
498 1572 552 1624 in
590 1572 728 1645 sinu
750 1572 889 1627 stulti
910 1576 1183 1645 requiescit
1209 1574 1403 1645 (lt'ccle.
1436 1587 1531 1637 vtt,
1572 1572 1679 1639 l0),
1712 1571 1831 1639 quia
1868 1571 1942 1622 ni-

370 1642 563 1696 mirum
605 1643 970 1714 intelligentia:
990 1642 998 1644 ἡ
1017 1646 1194 1700 lumen
1219 1642 1527 1707 subtrahit,
1560 1649 1944 1714 cumgmentem

366 1714 735 1781 permovendo
764 1711 1063 1772 confundit.
1088 1716 1193 1771 Per
1223 1719 1356 1771 iram
1382 1716 1489 1768 vita
1530 1712 1813 1777 amittitur,
1842 1711 1944 1781 etsi

2043 510 2219 584 ignem
2239 521 2474 584 servant.
2507 511 2753 584 Plerique
2776 511 3049 565 hominum
3077 509 3244 584 (quod
3267 520 3348 565 est
3371 512 3624 584 nequius)

2041 590 2095 650 et
2135 581 2291 634 citius
2335 582 2623 636 iracundia:
2671 583 2913 638 flammas
2963 583 3253 650 accipiunt,
3309 592 3363 635 et
3411 581 3624 638 tardius

2041 649 2334 719 deponunt.
2382 652 2633 706 Nonnulli
2680 670 2806 707 vero
2850 670 2877 706 a
2922 668 2981 707 se
3025 649 3174 707 tarde
3210 653 3530 720 suscipiunt,
3567 663 3624 710 et

2041 724 2197 775 citius
2247 722 2513 777 amittunt.
2551 725 2603 777 In
2650 726 2841 790 quibus
2885 724 3132 777 nimirum
3170 731 3394 792 quatuor
3442 724 3619 780 modis
3699 768 3713 782 .

2044 792 2245 866 liquido
2276 794 2442 866 lector
2468 807 2719 862 agnoscet
2740 799 2861 866 quia
2898 805 2951 848 et
2979 795 3044 848 ad
3088 794 3488 861 tranquillitatis
3521 795 3619 850 bo-

2042 878 2167 916 num
2199 864 2412 919 ultimus
2446 868 2720 934 plusquam
2761 864 2979 931 primus
3019 867 3432 933 appropinquat,
3487 873 3544 921 et
3572 865 3627 920 in

2044 936 2183 1008 malo
2204 937 2496 991 secundum
2530 939 2718 991 tertius
2750 944 2985 1008 superat.

2115 1004 2246 1058 Car.
2272 1023 2424 1064 xxttt.
2461 1008 2694 1074 Qualiter
2722 1010 2801 1061 ira
2819 1004 3033 1075 'reprimi
3074 1007 3269 1060 debeat.
3293 1035 3365 1045 -
3394 1004 3442 1058 1.
3486 1004 3627 1061 Duo-

2046 1074 2147 1148 bus
2197 1078 2366 1132 modis
2409 1078 2573 1134 fracta
2617 1074 2896 1148 possidere
2940 1079 3173 1131 animum
3223 1078 3299 1130 ira
3330 1075 3620 1130 desuescit.

2044 1144 2253 1199 Primus
2283 1149 2478 1218 quippe
2499 1160 2580 1204 est
2611 1144 2668 1203 ut
2698 1166 2846 1205 mens
2870 1148 3117 1212 sollicita,
3150 1158 3433 1217 antequam
3464 1160 3625 1212 agere

2045 1218 2319 1291 quodlibet
2348 1220 2585 1291 incipiat.
2617 1237 2804 1276 omnes
2833 1222 2933 1275 sibi
2959 1236 3089 1288 quas
3118 1218 3229 1287 pati
3275 1227 3451 1285 potest
3492 1231 3622 1271 con-

2046 1288 2295 1359 tumelias
2326 1288 2605 1359 proponat.
2636 1303 2919 1359 quatenus,
2966 1292 3341 1357 Redemptoris
3379 1291 3459 1343 sui
3504 1304 3630 1356 pro-

2046 1358 2137 1412 bra
2166 1358 2523 1428 cogitans,’ad
2554 1363 2778 1417 adversa
2809 1378 2868 1417 se
2896 1370 3183 1432 praeparet,
3217 1376 3335 1428 quia
3369 1359 3624 1414 nimirum

2049 1432 2313 1504 venientia
2363 1440 2511 1486 tanto
2541 1431 2729 1488 fortior
2755 1431 2975 1503 excipit,
3009 1441 3208 1504 quanto
3235 1446 3294 1486 se
3324 1434 3530 1504 cautius
3558 1444 3626 1485 ex

2048 1502 2385 1568 pricscientia
2415 1508 2662 1557 armavit.
2692 1505 2793 1570 Qui
2838 1501 3170 1571 improvidus
3199 1505 3266 1557 ab
3300 1501 3630 1556 adversitate

2046 1571 2492 1638 deprehenditur,
2536 1575 2687 1640 quasi
2720 1577 2785 1630 ab
2817 1578 2970 1631 hoste
3018 1575 3292 1630 dormiens
3338 1572 3628 1637 invenitur,

2046 1656 2284 1716 eumque
2305 1646 2463 1698 citius
2487 1646 2734 1716 inimicus
2756 1656 2928 1709 necat,
2954 1648 3074 1716 quia
3102 1660 3208 1697 non
3241 1653 3630 1714 repugnantem

2047 1714 2238 1788 accipit
2270 1714 2375 1788 [ΑΙ.
2409 1714 2687 1788 perforat].
2717 1717 2847 1771 Nam
2880 1714 2985 1785 qui
3009 1717 3146 1769 mala
3171 1716 3503 1788 imminentia
3534 1728 3633 1788 per

371 1780 639 1866 sapienter
687 1785 1153 1866 teneri‘videatu‘r,
1200 1788 1340 1866 sicut
1387 1780 1946 1866 scriptu‘m'estgnlra
1980 1796 2021 1855 Β
2052 1780 2472 1866 sollicitudinem
2509 1780 2795 1866 praevenit,
2840 1780 3025 1866 sicque
3070 1795 3369 1854 pernoctat,
3410 1780 3634 1866 hostiles

370 1856 546 1928 perdet
567 1855 717 1910 etiam
746 1858 1016 1928 prudentes
1047 1856 1317 1928 (Prorerb.
1354 1873 1442 1923 xv,
1480 1856 1553 1925 i).
1580 1853 1710 1928 Quia
1744 1852 1949 1928 scilicet.

371 1926 624 1998 confusus
666 1923 875 1984 animus
911 1923 1483 1998 nequaquamlexplel.
1513 1923 1693 1998 ὀιὶιηιξ
1735 1925 1777 1977 εί
1823 1923 1947 1998 quid

371 1996 672 2068 intelligere
703 1989 1192 2069 prudenter'val'et.‘
1218 1989 1319 2055 Per
1354 1989 1497 2053 iram
1524 1989 1948 2069 justitia_relin-

368 2062 571 2136 quitur:
599 2062 738 2123 sicut
768 2071 1024 2139 scriptum
1046 2082 1127 2125 est
1156 2088 1170 2123 :
1203 2069 1296 2123 Ira
1324 2070 1418 2123 viri
1433 2062 1696 2139 justitiam
1728 2062 1823 2117 Dei
1846 2082 1948 2139 non

371 2135 612 2213 operatur
640 2140 779 2208 (Jac.
809 2135 993 2213 μευ).
1027 2142 1162 2206 Quia
1192 2141 1317 2196 dum
1349 2135 1655 2209 perturbata
1684 2150 1836 2213 mens
1860 2135 1949 2206 ju-

369 2207 569 2264 dicium
620 2207 731 2275 suae
777 2207 999 2267 rationis
1048 2207 1360 2279 exasperat,
1402 2224 1562 2264 omne
1611 2207 1753 2278 quod
1804 2207 1950 2279 furor

369 2281 607 2352 suggerit
638 2289 842 2336 rectum
888 2292 1053 2352 putat.
1091 2278 1192 2338 Per
1220 2283 1351 2338 iram
1379 2282 1549 2351 gratia
1580 2283 1707 2352 vita:
1728 2278 1948 2332 socialis

370 2350 654 2421 amittitur,
686 2351 823 2407 sicut
851 2350 1107 2420 scriptum
1130 2364 1213 2409 est
1236 2372 1249 2408 :
1284 2350 1407 2407 Noti
1436 2368 1543 2406 esse
1570 2350 1807 2405 assiduus
1835 2366 1949 2402 cum

371 2421 576 2494 homine
616 2423 889 2492 iracundo,
948 2442 1009 2478 ne
1056 2425 1221 2480 discas
1256 2427 1460 2479 semitas
1506 2428 1637 2494 ejus,
1681 2432 1726 2475 et
1778 2436 1949 2494 sumas

373 2492 890 2567 scandaluntant'mce
928 2505 1030 2551 tua:
1054 2496 1325 2567 (Prorerb.
1359 2511 1495 2559 χιιι,
1526 2492 1595 2547 24
1628 2493 1783 2560 seq.).
1814 2493 1949 2559 Quia

372 2563 466 2635 qui
492 2578 559 2635 se
577 2578 642 2619 ex
675 2564 904 2621 humana
934 2563 1141 2622 ratione
1167 2583 1272 2622 non
1300 2574 1582 2635 temperat,
1616 2577 1839 2635 necesse
1864 2573 1948 2617 est

372 2632 860 2759 gesiisttlitezssplus
889 2640 1031 2694 vivat
1078 2637 1254 2710 (Taio,
1286 2653 1356 2703 tv,
1396 2632 1459 2693 l6
1486 2654 1499 2703 ;
1531 2635 1711 2705 Creg.,
1756 2634 1947 2689 Horat.

411 2745 427 2759 ι
533 2745 547 2759 .
580 2722 634 2759 η.
762 2749 773 2759 .

371 2718 427 2772 v,
459 2711 547 2769 45,
580 2722 634 2759 u.
663 2711 773 2773 78).

441 2773 496 2828 9..
538 2776 642 2849 ger
669 2777 803 2831 iram
843 2779 1126 2835 concordia
1169 2780 1453 2849 rumpitur,
1504 2779 1641 2833 sicut
1688 2777 1947 2849 scriptum

372 2857 455 2919 est
484 2862 500 2901 :
538 2844 629 2899 Vir
656 2850 912 2905 animosus
943 2853 1079 2919 parit
1099 2854 1262 2918 rixas,
1294 2844 1338 2905 et
1372 2844 1449 2904 vir
1479 2851 1759 2903 iracundus
1782 2844 1949 2915 eﬂ'un-

375 2917 455 2970 dit
483 2929 686 2994 peccata
709 2917 984 2994 (Proverb.
1018 2938 1104 2989 xv,
1138 2917 1254 2994 18).
1288 2921 1578 2977 Iracundus
1598 2920 1795 2994 quippe
1829 2933 1949 2994 pec:

374 2997 492 3062 cata
544 2988 791 3062 eli’und‘it,
844 2994 966 3062 quia
998 2988 1157 3049 etiam
1202 2988 1398 3058 malos,
1448 3008 1581 3059 quos
1618 2988 1845 3046 incaute
1883 2988 1949 3042 ad

376 3059 701 3141 discordiam
734 3059 1010 3141 provocat,
1044 3065 1254 3141 pejores
1283 3065 1425 3119 facit.
1459 3064 1559 3141 Per
1582 3062 1716 3141 iram
1745 3062 1955 3141 luxve-f

375 3132 549 3185 ritatis
566 3133 858 3206 amittitur,
888 3136 1028 3192 sicut
1048 3132 1322 3206 scriptum
1359 3144 1443 3190 est
1464 3153 1478 3190 :
1498 3134 1595 3206 Sol
1619 3148 1720 3206 non
1748 3132 1946 3206 occidat

376 3217 541 3283 super.
558 3203 880 3283 iracundiam
902 3216 1121 3283 vestram
1147 3202 1369 3283 (Epiros.
1402 3222 1490 3283 _tv,
1512 3202 1628 3283 26).
1662 3204 1795 3283 Quia
1826 3216 1947 3283 cum

377 3272 544 3326 tuenti
585 3276 857 3331 iracundia
904 3272 1233 3334 confusionis
1280 3272 1526 3333 tenebras
1570 3272 1781 3339 incutit,
1831 3272 1955 3327 huic

377 3343 755 3417 Deusradium
809 3363 921 3402 sute
966 3350 1285 3417 cognitionis
1339 3346 1643 3403 abscondit.
1676 3345 1779 3399 Per
1819 3346 1952 3397 iram

378 3415 547 3469 sancti
586 3416 819 3485 Spiritus
860 3415 1111 3486 Splendor
1155 3417 1477 3483 excluditur,
1520 3425 1578 3470 ut
1601 3416 1757 3486 juxta
1805 3424 1955 3486 vetu-

378 3488 515 3559 s'tam
545 3485 946 3544 translationem
976 3490 1228 3559 scriptum
1253 3499 1365 3545 est:
1396 3489 1564 3556 Super
1584 3485 1731 3559 quem
1757 3485 1955 3554 requie-

378 3556 475 3611 scit
503 3560 713 3629 spiritus
756 3576 920 3628 meus,
952 3560 1051 3614 nisi
1078 3556 1227 3631 super
1258 3560 1524 3622 humilem,
1557 3556 1951 3631 etquielumce‘

384 3626 957 3704 treinentenisermoncs
986 3647 1120 3686 meos
1139 3626 1307 3704 '(Isai.
1350 3646 1496 3704 t.xv1,_
1509 3628 1575 3704 2)
1595 3629 1619 3682 ‘l
1639 3626 1785 3704 ﬁt!!!
1811 3626 1954 3704 enim

382 3696 627 3772 humilem
656 3700 880 3768 diceret,
909 3703 1135 3769 quietum
1159 3696 1405 3772 protinus
1436 3696 1696 3772 adiunxit.
1728 3697 1783 3751 Si
1809 3698 1954 3772 enim

381 3768 616 3839 quietem
645 3775 839 3827 mentis
859 3766 1328 3836 subtrahatsttam,
1356 3766 1523 3828 sancti
1545 3769 1774 3839 Spiritus
1808 3766 1957 3820 habi-

387 3839 643 3914 tationem
673 3842 891 3899 claudit.
931 3844 1163 3914 Spiritus
1193 3844 1363 3898 sancti
1404 3846 1708 3914 recessione
1745 3839 1956 3914 animus

382 3912 851 3987 per_iracundiam
883 3909 1080 3987 vacuus
1125 3916 1204 3987 ad
1243 3924 1485 3987 apertam
1530 3926 1651 3987 mox
1695 3909 1955 3987 insaniam

383 3982 617 4056 ducitur,
651 3992 704 4056 et
731 4000 899 4055 usque
922 3986 989 4040 ad
1016 3980 1352 4056 superficiem
1375 3985 1443 4038 ab
1473 3983 1659 4038 intimo
1681 3980 1959 4056 cogitatio-

387 4068 513 4107 num
544 4049 891 4111 fundamenlo
922 4049 1245 4126 dissipatur;
1294 4072 1417 4111 nam
1446 4056 1540 4109 ira:
1586 4066 1708 4126 sua;
1728 4049 1959 4107 stimulis

392 4137 680 4199 accensum
714 4142 823 4199 Acor
877 4124 1118 4199 palpitat,
1174 4143 1367 4197 corpus
1420 4125 1622 4193 tremit,
1676 4124 1853 4199 lingua
1900 4134 1960 4177 se

393 4196 672 4265 prmpedit,
708 4196 1149 4270 facies'ignescit,
1178 4196 1562 4266 exa’Sperantur
1590 4196 1752 4264 oculi,
1786 4201 1959 4270 etne-

392 4264 654 4340 qanuam
707 4264 1162 4340 recognoscuntur
1208 4264 1323 4325 noti
1353 4286 1369 4324 :
1411 4270 1568 4340 251
1598 4281 1695 4340 ore
1730 4264 1959 4340 quidem

395 4336 685 4410 clamorem
716 4336 933 4405 format,
966 4341 1060 4395 sed
1091 4356 1279 4396 sensus
1306 4336 1700 4410 quid—loquitur
1730 4336 1957 4410 ignorat.

462 4409 517 4464 ’5.
560 4410 615 4481 ln
649 4410 803 4465 nullis
844 4410 1020 4481 itaque
1063 4414 1161 4467 iste
1201 4406 1495 4479 abreptitiis
1540 4406 1699 4481 longe
1736 4417 1839 4471 est,
1871 4406 1960 4474 qui

391 4480 615 4537 actionis
644 4495 754 4535 sua:
785 4478 1033 4536 conscius
1065 4492 1299 4538 nonest.
1334 4478 1628 4550 Aliquando
1665 4478 1833 4550 homo
1863 4490 1958 4550 per

391 4551 716 4607 iracundiam
747 4568 938 4608 manus
964 4568 1071 4607 non
1098 4554 1288 4617 exerit,
1341 4546 1453 4605 sed'
1478 4551 1531 4605 in
1570 4546 1958 4602 maledictionis

391 4623 621 4694 iaculum
670 4623 904 4693 linguam
963 4626 1142 4679 vertit.
1196 4620 1399 4678 Fratris
1430 4633 1659 4691 namque
1690 4617 1961 4694 interitum

393 4688 642 4765 precibus
689 4688 949 4764 exposcit,
982 4704 1035 4749 et
1074 4698 1172 4749 hoc
1206 4696 1372 4749 Deum
1400 4688 1709 4765 perpetrare
1763 4688 1964 4765 expetit

394 4763 534 4835 quod
563 4764 674 4832 ipse
699 4779 981 4833 perversus
1005 4766 1166 4821 homo
1190 4765 1371 4821 facere
1391 4764 1475 4818 vel
1501 4764 1708 4835 metuit,
1741 4763 1818 4815 vel
1842 4774 1964 4813 eru-

396 4833 597 4911 bescit;
653 4836 814 4911 fitque
863 4846 921 4911 ut
957 4848 1081 4892 voto
1110 4847 1163 4892 et
1190 4852 1322 4911 voce
1364 4833 1708 4911 homicidium
1751 4838 1967 4911 peragat

397 4908 571 4979 etiam
589 4922 710 4961 cum
730 4903 769 4962 'a
803 4909 1020 4963 laesione
1053 4910 1280 4979 proximi
1320 4907 1563 4979 manibus
1602 4914 1828 4979 cessat._
1852 4903 1966 4979 Ali-

398 4976 611 5045 quando
652 4979 750 5044 ira,
804 4971 1112 5048 perturbato
1156 4981 1353 5042 animo,
1398 4978 1546 5047 quasi
1578 4992 1643 5033 ex
1668 4973 1867 5045 judicio
1893 4971 1969 5026 si-

400 5048 622 5122 lentium
652 5050 859 5116 indicit,
887 5059 941 5105 et
966 5051 1105 5122 quod
1147 5051 1286 5105 foras
1319 5064 1413 5119 per
1443 5048 1676 5122 linguam
1723 5062 1832 5122 non_
1869 5059 1964 5098 ex-

399 5120 815 5201 primit,r.intus,
844 5115 1081 5178 deterius
1128 5115 1383 5201 ignescit;
1424 5128 1490 5201 Pl
1526 5115 1693 5201 ίξθέυε
1745 5115 1969 5201 qui-“’99.?

402 5185 815 5261 collocutioneni
864 5208 1014 5248 suam
1066 5185 1317 5261 pro'timo
1356 5189 1673 5261 subtrahat,
1732 5196 1785 5240 et
1839 5185 1969 5238 nihil

402 5259 630 5335 dicendo
675 5279 833 5335 quam
882 5266 952 5320 sit
994 5259 1434 5335 aversus_diCat._
1473 5260 1537 5313 Et
1585 5269 1968 5335 nonnunquam

404 5332 601 5388 silentii
642 5330 900 5391 severitas
940 5350 1032 5404 per
1063 5333 1361 5404 disciplina:
1387 5330 1838 5404 dispensationem
1881 5340 1971 5395 ge-

405 5404 563 5473 ritur,
593 5407 638 5461 si
662 5416 842 5463 tameu
868 5396 1093 5462 sollicite
1116 5408 1168 5461 in
1197 5396 1397 5478 intimis
1430 5396 1770 5478 discretionis
1797 5396 1969 5478 forma

405 5469 673 5534 servetur.
724 5480 1007 5535 Sciendum
1040 5486 1122 5532 est
1158 5477 1297 5547 quod
1347 5471 1763 5547 nonnullos‘zira
1814 5469 1972 5547 citius

407 5551 672 5615 accendit,
731 5551 938 5605 facilius
968 5538 1190 5606 deserit:
1224 5544 1517 5619 Nonnullos
1561 5541 1774 5619 quidem
1825 5538 1973 5619 tarde

408 5609 731 5690 commovet,
785 5624 879 5679 sed
919 5622 1115 5678 diutius
1152 5626 1311 5676 tenet.
1339 5609 1662 5691 Plerumque
1699 5609 1972 5691 iracundia

410 5697 622 5750 accensi
647 5684 795 5766 ignes
826 5740 841 5764 ,
872 5693 1203 5766 gravioribus
1237 5689 1644 5766 durioribusque
1672 5700 1778 5766 nou
1804 5684 1976 5766 dispa-

408 5776 521 5833 res,
569 5758 941 5823 a'ccensione'm
984 5765 1133 5820 tarde
1181 5760 1493 5828 suscipiunt,
1536 5758 1629 5812 sed
1671 5765 1847 5834 tamen
1884 5764 1975 5806 ac-

412 5840 563 5895 censi
611 5841 777 5896 semel
831 5837 1099 5894 difficilius
1144 5835 1588 5904 exstinguuntur;
1643 5833 1698 5885 et
1744 5833 1870 5896 quia
1914 5836 1975 5879 se

2052 3077 2294 3129 parcere,
2338 3081 2426 3134 qui
2473 3077 2555 3117 vel
2608 3077 2720 3119 ueo
2750 3077 2830 3119 vel
2865 3078 3108 3135 proxumo
3155 3077 3298 3131 smpe
3341 3077 3400 3117 se
3451 3077 3639 3117 recottt

1975 3152 2024 3216 α
2053 3135 2318 3216 parcenda
2355 3149 2628 3216 peccasse.
2658 3136 2894 3216 solerter
2923 3134 3305 3216 sciettdunt_est
3340 3133 3481 3203 quod
3528 3131 3639 3216 alia

1988 4516 2043 4575 D

2052 1855 2298 1909 incursus
2324 1858 2475 1926 quasi
2509 1859 2558 1911 in
2593 1859 2803 1913 insidiis
2835 1859 3057 1926 vigilans
3084 1864 3395 1923 exspectat;
3428 1865 3481 1909 et
3510 1854 3633 1912 inde

2050 1926 2121 1999 ad,
2158 1926 2438 1981 victoriam
2490 1930 2731 1987 valenter
2774 1930 3088 1999 accingitur,
3141 1930 3280 1980 unde
3328 1928 3482 1999 valde
3534 1939 3633 1981 ne-

2049 1997 2225 2050 sciens
2269 1999 2596 2067 deprehendi
2652 1997 2951 2068 putabatur.
2991 2001 3229 2053 Solerter
3267 1998 3477 2051 animus
3510 2006 3635 2052 aute

2051 2068 2277 2121 actionis
2305 2084 2416 2124 sum
2459 2070 2751 2137 primordia
2780 2080 2972 2126 cuncta
3004 2072 3165 2126 debet
3192 2068 3416 2123 adversa
3453 2068 3637 2120 medi-

2052 2139 2172 2211 tari,
2226 2149 2281 2192 ut
2324 2156 2535 2209 semper
2581 2142 2682 2197 hoc
2724 2143 2999 2211 cogitans,
3046 2155 3261 2206 semper
3303 2147 3491 2193 contra
3522 2142 3636 2211 lucc

2050 2208 2268 2265 thorace
2316 2208 2581 2281 patientia:
2628 2208 2883 2271 munitus,
2924 2222 2979 2268 et
3007 2211 3261 2280 quidquid
3311 2209 3630 2271 accesserit,

2050 2281 2303 2348 providus
2326 2292 2559 2349 superet,
2594 2295 2642 2338 ct
2666 2282 2922 2354 quidquid
2955 2298 3059 2336 non
3085 2281 3393 2354 accesserit,
3423 2284 3633 2354 lucrum

2052 2360 2216 2419 putet.
2250 2354 2527 2408 Secundus
2552 2350 2837 2409 servandae
2862 2351 3286 2407 mansuetudinis
3314 2350 3505 2404 modus
3528 2361 3630 2415 est,

2051 2429 2110 2476 ut
2138 2439 2255 2477 cum
2299 2425 2501 2479 alienos
2544 2441 2798 2481 excessus
2842 2425 3148 2493 aspicimus,
3203 2430 3408 2493 nostra,
3440 2420 3639 2493 quibus

2051 2493 2103 2565 ill
2130 2493 2247 2548 aliis
2277 2498 2626 2561 excessimus,
2665 2498 2858 2551 delicta
2890 2490 3182 2565 cogitemus
3217 2490 3390 2562 (Taio,
3428 2506 3499 2555 tv.
3531 2491 3637 2557 1Ἱῖ

2051 2562 2242 2636 ϐνᾳῃ..
2269 2565 2458 2620 Morul.
2486 2584 2535 2631 v,
2571 2569 2660 2631 45,
2695 2585 2746 2621 u.
2777 2568 2893 2636 8i).

2120 2635 2175 2690 2.
2216 2635 2563 2692 Considerata
2592 2635 2876 2692 infirmitas
2915 2637 3125 2706 propria
3173 2635 3310 2688 mala
3357 2635 3512 2691 nobis
3540 2649 3640 2689 ex-

2050 2715 2203 2779 cusat
2257 2709 2449 2763 aliena.
2507 2710 2776 2765 Patienter
2836 2724 3070 2779 namque
3127 2706 3326 2779 illatam
3384 2706 3640 2779 injuriam

2052 2778 2264 2849 tolerat,
2290 2781 2377 2848 qui
2412 2780 2492 2847 pie
2518 2782 2758 2835 meminit
2781 2780 2920 2849 quod
2958 2777 3187 2833 fortasse
3232 2777 3407 2849 adhuc
3446 2778 3642 2849 habitat

2051 2848 2105 2903 iit
2136 2865 2241 2917 quo
2266 2847 2460 2905 debeat
2486 2853 2598 2919 ipse
2632 2847 2867 2906 tolerari.
2903 2850 3066 2918 Quasi
3103 2863 3237 2919 aqua
3268 2848 3405 2916 ignis
3436 2847 3642 2903 exstin-

2050 2922 2246 2989 guitur,
2293 2937 2436 2983 cum.
2480 2932 2731 2993 surgente
2778 2922 2958 2977 furore
3000 2919 3413 2993 animi,cuique
3439 2934 3538 2973 sua
3570 2919 3640 2972 ad

2051 3001 2286 3046 mentem
2315 2995 2466 3061 culpa
2496 2991 2795 3057 revocatur,
2825 2995 2947 3063 quia
2975 2991 3248 3047 erubescit
3280 3001 3497 3060 peccata
3525 3003 3635 3063 non

2338 3065 2426 3134 qui
2473 3065 2555 3117 vel
2608 3065 2720 3119 Deo
2750 3061 3108 3135 vel'proximo
3155 3076 3298 3131 saepe
3341 3076 3400 3117 se
3451 3061 3645 3135 recolit

2055 3213 2137 3276 est
2193 3206 2271 3259 ira
2323 3202 2481 3276 quam
2530 3207 2861 3274 impatientia
2913 3207 3131 3270 excitat,
3168 3204 3273 3259 alia
3305 3202 3464 3273 qnam
3493 3202 3645 3276 zelus

2055 3274 2269 3329 format.
2310 3273 2402 3331 ll'la
2441 3293 2505 3331 ex
2546 3273 2699 3343 vitio,
2755 3278 2870 3332 huic
2900 3292 2967 3333 ex
2997 3276 3192 3330 virtute
3232 3282 3541 3344 generatur.
3587 3273 3648 3330 Si

2055 3347 2213 3420 nulla
2242 3349 2321 3420 ira
2353 3363 2418 3420 ex
2450 3348 2648 3404 virtute
2679 3361 2948 3420 surgeret,
2980 3348 3178 3420 divina;
3220 3344 3647 3420 animadversio-

2055 3417 2137 3471 nis
2185 3417 2346 3489 252
2402 3419 2660 3487 impetum
2708 3415 2937 3475 Phinees
2987 3434 3079 3489 per
3118 3415 3352 3489 gladium
3387 3432 3493 3472 non
3527 3417 3644 3487 pla-

2055 3487 2431 3544 cassetflTanc
2476 3490 2633 3557 iram,
2685 3491 2807 3559 quia
2858 3487 3133 3545 Heli'non
3185 3487 3390 3551 habuit.
3440 3498 3646 3542 motum

2056 3570 2247 3630 contra
2277 3575 2337 3616 se
2366 3561 2780 3629 implacabiliter
2808 3576 3058 3630 superna:
3097 3558 3317 3613 ultionis
3363 3559 3644 3614 excitavit.

2056 3629 2187 3682 Nam
2220 3647 2326 3698 quo
2375 3643 2562 3686 contra
2607 3629 2936 3684 subditorum
2984 3630 3113 3683 vitia
3139 3630 3342 3698 tepuit,
3361 3644 3426 3683 eo
3456 3637 3644 3681 contra

2058 3699 2207 3753 illum
2232 3697 2311 3755 ira
2339 3701 2567 3755 districti
2593 3703 2779 3755 :eterni
2808 3702 3032 3754 rectoris
3056 3700 3281 3752 exarsit.
3319 3697 3640 3761 lrascimiui,

2056 3769 2561 3849 inquit_Psaltttista,
2593 3778 2641 3823 et
2672 3772 2827 3825 nolite
2854 3786 3064 3849 peccare
3096 3768 3270 3849 (fani.
3295 3783 3368 3834 tv,
3400 3766 3477 3849 5).

2128 3835 2183 3897 ὃ.
2225 3842 2376 3909 Quod
2407 3841 2661 3895 nimirum
2692 3856 2795 3896 n0u
2824 3835 2968 3897 recte
2999 3839 3319 3909 intelligunt,
3355 3835 3443 3907 qui
3477 3835 3641 3909 irasci

2059 3926 2160 3967 nos
2189 3907 2345 3967 nobis
2382 3913 2770 3979 tantummodo,
2819 3928 2921 3966 non
2968 3913 3129 3966 etiam
3172 3907 3430 3979 proximis
3470 3907 3644 3962 delin-

2058 3985 2349 4053 quentibus
2387 3984 2589 4038 volunt.
2640 3984 2730 4037 Sic
2768 3985 2910 4039 enim
2947 3980 3217 4053 proximos
3247 3980 3647 4053 amarepracci-

2062 4050 2257 4123 pimur,
2289 4063 2349 4108 ut
2378 4056 2442 4109 iis
2484 4056 2812 4123 errantibus,
2844 4050 2983 4109 sicut
3015 4050 3212 4107 nostris
3237 4051 3407 4123 vitiis,
3445 4050 3645 4123 irasca-

2060 4120 2201 4181 mur.
2246 4120 2406 4181 Unde
2438 4141 2532 4193 per
2562 4120 2906 4181 Salomonem
2949 4124 3146 4178 dicitur
3182 4141 3194 4174 :
3228 4120 3412 4193 Melior
3450 4130 3523 4174 est
3547 4121 3646 4193 pira

2060 4212 2213 4267 quam
2242 4197 2373 4251 risus
2404 4192 2602 4265 (Eccle.
2636 4212 2729 4263 vn,
2762 4199 2842 4266 4),
2885 4199 3008 4263 qui’a
3042 4209 3138 4267 per
3168 4192 3436 4267 tristitiam
3470 4192 3652 4267 vultus

2061 4263 2343 4338 corrigitur
2370 4263 2580 4322 animus
2611 4263 2990 4338 delinquentis.
3023 4263 3491 4338 ldem_Psa|mist_a
3536 4264 3610 4338 ait
3636 4279 3649 4314 :

2061 4331 2316 4391 Turbatus
2358 4348 2431 4393 est
2470 4354 2577 4407 pra:
2622 4339 2701 4392 ira
2750 4331 2928 4391 oculus
2966 4354 3104 4391 meus
3133 4336 3309 4407 (Psal.
3339 4348 3411 4407 v_t,
3445 4332 3523 4402 8).
3568 4331 3652 4386 Ira

2063 4413 2259 4478 quippe
2283 4423 2375 4477 per
2402 4404 2585 4463 vitium
2609 4412 2804 4465 mentis
2832 4409 3044 4464 ocului'n
3071 4404 3441 4478 excecat.__lra
3468 4415 3647 4458 autem

2066 4474 2359 4548 per—zelum
2393 4480 2591 4544 turbat,
2625 4482 2744 4550 quia
2774 4482 2864 4550 qui
2896 4481 3085 4535 saltem
3117 4474 3455 4550 rectitudinis
3483 4489 3651 4550 temu-

2066 4544 2266 4604 iatione
2310 4544 2660 4618 concutitur,
2702 4544 2952 4620 ea,'qu;‘e
2998 4550 3098 4605 nisi
3148 4546 3435 4620 tranquillo
3484 4544 3651 4620 corde

2068 4622 2264 4689 percipi
2316 4636 2422 4678 non
2462 4613 2659 4692 potest,
2719 4613 3099 4692 contemplatio
3134 4613 3471 4692 dissipatur.
3526 4613 3650 4682 Ipsa

2066 4693 2291 4766 zeligper
2316 4690 2780 4766 mansuetudinem
2814 4690 2955 4749 recta
2991 4690 3264 4766 (sinulatio
3284 4694 3502 4766 attenta
3528 4693 3651 4766 post

2068 4754 2341 4833 paululum
2396 4768 2447 4818 in
2502 4765 2887 4833 tranquillitate
2931 4762 3125 4816 mentis
3175 4756 3394 4833 oculum
3443 4754 3651 4833 largius

2068 4825 2262 4900 aperit,
2291 4850 2411 4905 qua)
2440 4836 2554 4891 haec
2585 4825 2794 4891 interim
2831 4850 2921 4899 per
2950 4830 3363 4906 commotionem
3409 4825 3649 4906 claudit;

2068 4899 2120 4959 et
2153 4906 2291 4960 unde
2309 4899 2469 4960 ineas
2500 4908 2758 4969 turbatur,
2797 4919 2863 4957 ne
2893 4902 3091 4967 videat,
3136 4899 3258 4954 inde
3305 4899 3538 4967 prolicit,
3590 4907 3655 4953 ut

2069 4976 2135 5031 ad
2171 4977 2456 5032 videndum
2488 4979 2667 5031 verius
2695 4978 2971 5028 clarescat.

2140 5048 2265 5102 CAP.
2297 5064 2440 5103 xxw.
2490 5047 2566 5099 De
2632 5045 2842 5099 invidia.
2867 5072 2935 5083 —
2960 5043 3011 5096 1.
3052 5039 3291 5096 Invidere
3319 5054 3421 5093 non
3454 5050 3650 5107 possu-

2072 5134 2191 5173 mus
2219 5121 2318 5173 nisi
2344 5120 2421 5174 cis
2451 5114 2675 5187 quosgin
2711 5115 2889 5187 aliquo
2928 5114 3174 5187 meliores
3207 5119 3477 5187 putamus.
3514 5108 3649 5187 Par-

2073 5192 2226 5243 vulus
2252 5204 2380 5259 ergo
2413 5180 2495 5259 est
2526 5185 2615 5256 qui
2643 5180 2836 5259 invidia
2877 5184 3170 5259 occiditur;
3204 5180 3327 5259 quia
3356 5181 3471 5259 ipse
3498 5182 3649 5259 testi-

2073 5250 2618 5332 monium'perhibet,
2650 5256 2791 5326 quod
2822 5257 3093 5332 eominor
3120 5254 3211 5318 sit,
3242 5252 3394 5332 cujus
3444 5250 3644 5332 invidia

2074 5322 2372 5399 torquetur:
2420 5322 2683 5382 Parvulus
2710 5336 2795 5382 est
2820 5330 2909 5396 qui
2948 5327 3116 5399 livore
3155 5322 3446 5399 occiditur,
3488 5322 3645 5399 quia,

2076 5391 2193 5455 nisi'
2221 5400 2439 5454 inferior
2476 5400 2751 5461 existeret,
2776 5391 2851 5453 de
2870 5400 3009 5453 bono
3038 5395 3257 5450 alterius
3281 5408 3385 5447 non
3416 5391 3651 5447 doleret.

2074 5470 2360 5526 Sciendum
2402 5484 2740 5537 summOpere
2787 5477 2870 5523 est
2913 5469 3036 5538 quia
3081 5465 3656 5538 quam‘vis_per_0t_nne

2074 5541 2281 5604 vitium,
2314 5543 2456 5611 quod
2489 5532 2842 5610 perpetretur,
2869 5532 3098 5594 humano
3121 5536 3268 5611 cordi
3299 5533 3442 5590 virus
3472 5532 3657 5587 infun-

2076 5614 2238 5675 ditur,
2264 5607 2438 5667 initae
2467 5607 2640 5675 tamen
2674 5611 2903 5680 nequitia
2934 5618 3043 5663 tota
3074 5623 3168 5663 sua
3195 5607 3400 5661 viscera
3423 5618 3654 5680 serpens

2077 5674 2335 5747 concutit,
2363 5694 2419 5739 et
2448 5674 2812 5750 imprimitudle
2847 5681 3061 5735 malitiae
3092 5689 3290 5750 pestem
3324 5676 3543 5732 evomit.
3578 5674 3659 5750 _De

2078 5770 2182 5823 quo
2214 5757 2461 5809 nimirum
2506 5746 2762 5822 scriptum
2797 5764 2876 5807 est
2905 5773 2919 5808 :
2954 5751 3169 5823 Invidia
3187 5749 3374 5823 diaboli
3405 5762 3543 5799 mors
3570 5746 3658 5823 in-

2080 5817 2228 5881 travit
2251 5827 2305 5881 iu
2327 5828 2499 5881 urbem
2533 5817 2785 5879 terrarum
2811 5823 2968 5894 (δίῳ.
3003 5837 3059 5891 ιι,
3086 5819 3200 5889 '24).
3236 5819 3365 5873 Nam
3399 5831 3521 5873 cutn
3552 5817 3657 5873 dc-
