  <div class='ocr_page' id='page_1' title='image "/cluster/home/n/w/nwhite01/storage/ocr_20150623/83/hvd.32044015469448/593.png"; bbox 0 0 4086 6350; ppageno 0'>
   <div class='ocr_carea' id='block_1_1' title="bbox 450 274 587 363">
    <p class='ocr_par' dir='ltr' id='par_1_1' title="bbox 450 274 587 363">
     <span class='ocr_line' id='line_1_1' title="bbox 450 274 587 363; baseline -0.022 0"><span class='ocrx_word' id='word_1_1' title='bbox 450 274 587 363; x_wconf 70' lang='lat' dir='ltr'><strong>ms</strong></span> 
     </span>
    </p>
   </div>
   <div class='ocr_carea' id='block_1_2' title="bbox 1202 301 2912 368">
    <p class='ocr_par' dir='ltr' id='par_1_2' title="bbox 1202 301 2912 368">
     <span class='ocr_line' id='line_1_2' title="bbox 1202 301 2912 368; baseline 0.002 -5"><span class='ocrx_word' id='word_1_2' title='bbox 1202 308 1293 363; x_wconf 84' lang='lat' dir='ltr'><strong>AD</strong></span> <span class='ocrx_word' id='word_1_3' title='bbox 1331 307 1386 365; x_wconf 92' lang='lat' dir='ltr'><strong>S.</strong></span> <span class='ocrx_word' id='word_1_4' title='bbox 1431 304 1678 365; x_wconf 83' lang='lat' dir='ltr'><strong>lSlDORl</strong></span> <span class='ocrx_word' id='word_1_5' title='bbox 1718 301 2164 365; x_wconf 79' lang='lat' dir='ltr'><strong>HISPALENSIS</strong></span> <span class='ocrx_word' id='word_1_6' title='bbox 2197 304 2430 363; x_wconf 80' lang='lat' dir='ltr'><strong>OPERA</strong></span> <span class='ocrx_word' id='word_1_7' title='bbox 2471 304 2912 368; x_wconf 78' lang='lat' dir='ltr'><strong>APPENDICES.</strong></span> 
     </span>
    </p>
   </div>
   <div class='ocr_carea' id='block_1_3' title="bbox 3578 308 3723 371">
    <p class='ocr_par' dir='ltr' id='par_1_3' title="bbox 3578 308 3723 371">
     <span class='ocr_line' id='line_1_3' title="bbox 3578 308 3723 371; baseline 0.014 -2"><span class='ocrx_word' id='word_1_8' title='bbox 3578 308 3723 371; x_wconf 74' lang='grc'><strong>1176</strong></span> 
     </span>
    </p>
   </div>
   <div class='ocr_carea' id='block_1_4' title="bbox 455 420 3723 496">
    <p class='ocr_par' dir='ltr' id='par_1_4' title="bbox 455 420 3723 496">
     <span class='ocr_line' id='line_1_4' title="bbox 455 420 3723 496; baseline 0.002 -17"><span class='ocrx_word' id='word_1_9' title='bbox 455 439 579 496; x_wconf 85' lang='lat' dir='ltr'><strong>nam</strong></span> <span class='ocrx_word' id='word_1_10' title='bbox 608 436 749 496; x_wconf 73' lang='lat' dir='ltr'><strong>cum</strong></span> <span class='ocrx_word' id='word_1_11' title='bbox 768 421 1011 491; x_wconf 99' lang='lat' dir='ltr'><strong>putredo,</strong></span> <span class='ocrx_word' id='word_1_12' title='bbox 1037 435 1160 496; x_wconf 65' lang='lat' dir='ltr'><strong>quae</strong></span> <span class='ocrx_word' id='word_1_13' title='bbox 1197 422 1423 496; x_wconf 80' lang='lat' dir='ltr'><strong>interius</strong></span> <span class='ocrx_word' id='word_1_14' title='bbox 1466 423 1655 488; x_wconf 84' lang='lat' dir='ltr'><strong>fervet,</strong></span> <span class='ocrx_word' id='word_1_15' title='bbox 1700 422 1935 496; x_wconf 83' lang='lat' dir='ltr'><strong>ejicitur,</strong></span> <span class='ocrx_word' id='word_1_16' title='bbox 1963 421 2028 476; x_wconf 91' lang='lat' dir='ltr'><strong>ad</strong></span> <span class='ocrx_word' id='word_1_17' title='bbox 2059 422 2111 483; x_wconf 76' lang='grc' dir='ltr'><strong>Α</strong></span> <span class='ocrx_word' id='word_1_18' title='bbox 2138 420 2401 496; x_wconf 65' lang='lat' dir='ltr'><strong>inhaerere</strong></span> <span class='ocrx_word' id='word_1_19' title='bbox 2427 421 3039 496; x_wconf 69' lang='lat' dir='ltr'><strong>iitonstravit.}]umano</strong></span> <span class='ocrx_word' id='word_1_20' title='bbox 3059 423 3242 494; x_wconf 93' lang='lat' dir='ltr'><strong>generi</strong></span> <span class='ocrx_word' id='word_1_21' title='bbox 3264 424 3333 481; x_wconf 90' lang='lat' dir='ltr'><strong>de</strong></span> <span class='ocrx_word' id='word_1_22' title='bbox 3359 433 3582 496; x_wconf 84' lang='lat' dir='ltr'><strong>peccato</strong></span> <span class='ocrx_word' id='word_1_23' title='bbox 3597 436 3723 486; x_wconf 80' lang='lat' dir='ltr'><strong>ten-</strong></span> 
     </span>
    </p>
   </div>
   <div class='ocr_carea' id='block_1_5' title="bbox 458 494 2031 563">
    <p class='ocr_par' dir='ltr' id='par_1_5' title="bbox 458 494 2031 563">
     <span class='ocr_line' id='line_1_5' title="bbox 458 494 2031 563; baseline -0.003 -11"><span class='ocrx_word' id='word_1_24' title='bbox 458 495 685 552; x_wconf 69' lang='lat' dir='ltr'><strong>ealutetn</strong></span> <span class='ocrx_word' id='word_1_25' title='bbox 722 494 876 548; x_wconf 89' lang='lat' dir='ltr'><strong>dolor</strong></span> <span class='ocrx_word' id='word_1_26' title='bbox 904 494 1158 562; x_wconf 89' lang='lat' dir='ltr'><strong>aperitur.</strong></span> <span class='ocrx_word' id='word_1_27' title='bbox 1191 494 1339 549; x_wconf 89' lang='lat' dir='ltr'><strong>Scire</strong></span> <span class='ocrx_word' id='word_1_28' title='bbox 1378 496 1577 551; x_wconf 89' lang='lat' dir='ltr'><strong>debent</strong></span> <span class='ocrx_word' id='word_1_29' title='bbox 1617 496 1705 563; x_wconf 89' lang='lat' dir='ltr'><strong>qui</strong></span> <span class='ocrx_word' id='word_1_30' title='bbox 1753 494 2031 563; x_wconf 85' lang='lat' dir='ltr'><strong>plusquam</strong></span> 
     </span>
    </p>
   </div>
   <div class='ocr_carea' id='block_1_6' title="bbox 455 563 2032 636">
    <p class='ocr_par' dir='ltr' id='par_1_6' title="bbox 455 563 2032 636">
     <span class='ocr_line' id='line_1_6' title="bbox 455 563 2032 636; baseline -0.004 -13"><span class='ocrx_word' id='word_1_31' title='bbox 455 566 672 636; x_wconf 77' lang='lat' dir='ltr'><strong>expedit</strong></span> <span class='ocrx_word' id='word_1_32' title='bbox 701 574 893 631; x_wconf 89' lang='lat' dir='ltr'><strong>tacent,</strong></span> <span class='ocrx_word' id='word_1_33' title='bbox 926 580 992 620; x_wconf 90' lang='lat' dir='ltr'><strong>ne</strong></span> <span class='ocrx_word' id='word_1_34' title='bbox 1036 566 1174 619; x_wconf 90' lang='lat' dir='ltr'><strong>inter</strong></span> <span class='ocrx_word' id='word_1_35' title='bbox 1214 566 1435 620; x_wconf 90' lang='lat' dir='ltr'><strong>molesta</strong></span> <span class='ocrx_word' id='word_1_36' title='bbox 1466 581 1584 635; x_wconf 71' lang='lat' dir='ltr'><strong>quae</strong></span> <span class='ocrx_word' id='word_1_37' title='bbox 1626 563 1877 631; x_wconf 90' lang='lat' dir='ltr'><strong>tolerant,</strong></span> <span class='ocrx_word' id='word_1_38' title='bbox 1906 564 2032 636; x_wconf 84' lang='lat' dir='ltr'><strong>dum</strong></span> 
     </span>
    </p>
   </div>
   <div class='ocr_carea' id='block_1_7' title="bbox 454 634 2034 705">
    <p class='ocr_par' dir='ltr' id='par_1_7' title="bbox 454 634 2034 705">
     <span class='ocr_line' id='line_1_7' title="bbox 454 634 2034 705; baseline -0.002 -13"><span class='ocrx_word' id='word_1_39' title='bbox 454 634 689 704; x_wconf 82' lang='lat' dir='ltr'><strong>linguam</strong></span> <span class='ocrx_word' id='word_1_40' title='bbox 724 644 924 700; x_wconf 88' lang='lat' dir='ltr'><strong>tenent,</strong></span> <span class='ocrx_word' id='word_1_41' title='bbox 958 638 1064 689; x_wconf 84' lang='lat' dir='ltr'><strong>vim</strong></span> <span class='ocrx_word' id='word_1_42' title='bbox 1096 636 1297 690; x_wconf 89' lang='lat' dir='ltr'><strong>doloris</strong></span> <span class='ocrx_word' id='word_1_43' title='bbox 1323 646 1666 705; x_wconf 76' lang='lat' dir='ltr'><strong>exaggerent.</strong></span> <span class='ocrx_word' id='word_1_44' title='bbox 1695 634 2034 691; x_wconf 83' lang='lat' dir='ltr'><strong>Admonendi</strong></span> 
     </span>
    </p>
   </div>
   <div class='ocr_carea' id='block_1_8' title="bbox 455 707 2036 778">
    <p class='ocr_par' dir='ltr' id='par_1_8' title="bbox 455 707 2036 778">
     <span class='ocr_line' id='line_1_8' title="bbox 455 707 2036 778; baseline -0.001 -15"><span class='ocrx_word' id='word_1_45' title='bbox 455 716 583 763; x_wconf 86' lang='lat' dir='ltr'><strong>sunt</strong></span> <span class='ocrx_word' id='word_1_46' title='bbox 608 707 772 769; x_wconf 91' lang='lat' dir='ltr'><strong>enim,</strong></span> <span class='ocrx_word' id='word_1_47' title='bbox 809 716 865 760; x_wconf 90' lang='lat' dir='ltr'><strong>ut</strong></span> <span class='ocrx_word' id='word_1_48' title='bbox 894 708 939 761; x_wconf 97' lang='lat' dir='ltr'><strong>si</strong></span> <span class='ocrx_word' id='word_1_49' title='bbox 970 707 1258 778; x_wconf 14' lang='lat' dir='ltr'><strong>proximos,</strong></span> <span class='ocrx_word' id='word_1_50' title='bbox 1280 708 1417 761; x_wconf 80' lang='lat' dir='ltr'><strong>sicut</strong></span> <span class='ocrx_word' id='word_1_51' title='bbox 1445 723 1504 762; x_wconf 90' lang='lat' dir='ltr'><strong>se</strong></span> <span class='ocrx_word' id='word_1_52' title='bbox 1534 707 1783 778; x_wconf 87' lang='lat' dir='ltr'><strong>diligunt,</strong></span> <span class='ocrx_word' id='word_1_53' title='bbox 1814 708 2036 778; x_wconf 89' lang='lat' dir='ltr'><strong>minime</strong></span> 
     </span>
    </p>
   </div>
   <div class='ocr_carea' id='block_1_9' title="bbox 453 777 2036 848">
    <p class='ocr_par' dir='ltr' id='par_1_9' title="bbox 453 777 2036 848">
     <span class='ocr_line' id='line_1_9' title="bbox 453 777 2036 848; baseline -0.001 -15"><span class='ocrx_word' id='word_1_54' title='bbox 453 778 562 834; x_wconf 89' lang='lat' dir='ltr'><strong>illis</strong></span> <span class='ocrx_word' id='word_1_55' title='bbox 592 787 821 840; x_wconf 87' lang='lat' dir='ltr'><strong>taceant,</strong></span> <span class='ocrx_word' id='word_1_56' title='bbox 852 778 991 833; x_wconf 90' lang='lat' dir='ltr'><strong>unde</strong></span> <span class='ocrx_word' id='word_1_57' title='bbox 1022 787 1077 832; x_wconf 90' lang='lat' dir='ltr'><strong>et</strong></span> <span class='ocrx_word' id='word_1_58' title='bbox 1112 792 1207 833; x_wconf 91' lang='lat' dir='ltr'><strong>eos</strong></span> <span class='ocrx_word' id='word_1_59' title='bbox 1244 777 1387 845; x_wconf 89' lang='lat' dir='ltr'><strong>juste</strong></span> <span class='ocrx_word' id='word_1_60' title='bbox 1430 780 1846 848; x_wconf 87' lang='lat' dir='ltr'><strong>reprehendunt.</strong></span> <span class='ocrx_word' id='word_1_61' title='bbox 1876 777 2036 832; x_wconf 82' lang='lat' dir='ltr'><strong>Vocis</strong></span> 
     </span>
    </p>
   </div>
   <div class='ocr_carea' id='block_1_10' title="bbox 454 848 2036 916">
    <p class='ocr_par' dir='ltr' id='par_1_10' title="bbox 454 848 2036 916">
     <span class='ocr_line' id='line_1_10' title="bbox 454 848 2036 916; baseline 0 -12"><span class='ocrx_word' id='word_1_62' title='bbox 454 848 813 905; x_wconf 85' lang='lat' dir='ltr'><strong>medicamine</strong></span> <span class='ocrx_word' id='word_1_63' title='bbox 844 859 1190 916; x_wconf 86' lang='lat' dir='ltr'><strong>utrorumque</strong></span> <span class='ocrx_word' id='word_1_64' title='bbox 1234 848 1391 902; x_wconf 86' lang='lat' dir='ltr'><strong>saluti</strong></span> <span class='ocrx_word' id='word_1_65' title='bbox 1425 850 1784 915; x_wconf 74' lang='lat' dir='ltr'><strong>concurritur,</strong></span> <span class='ocrx_word' id='word_1_66' title='bbox 1811 849 1937 903; x_wconf 91' lang='lat' dir='ltr'><strong>dum</strong></span> <span class='ocrx_word' id='word_1_67' title='bbox 1969 851 2036 904; x_wconf 91' lang='lat' dir='ltr'><strong>ab</strong></span> 
     </span>
    </p>
   </div>
   <div class='ocr_carea' id='block_1_11' title="bbox 455 919 2035 991">
    <p class='ocr_par' dir='ltr' id='par_1_11' title="bbox 455 919 2035 991">
     <span class='ocr_line' id='line_1_11' title="bbox 455 919 2035 991; baseline -0.002 -15"><span class='ocrx_word' id='word_1_68' title='bbox 455 920 552 976; x_wconf 84' lang='lat' dir='ltr'><strong>illo</strong></span> <span class='ocrx_word' id='word_1_69' title='bbox 580 922 669 991; x_wconf 87' lang='lat' dir='ltr'><strong>qui</strong></span> <span class='ocrx_word' id='word_1_70' title='bbox 695 919 857 974; x_wconf 91' lang='lat' dir='ltr'><strong>infert</strong></span> <span class='ocrx_word' id='word_1_71' title='bbox 885 920 1025 975; x_wconf 91' lang='lat' dir='ltr'><strong>actio</strong></span> <span class='ocrx_word' id='word_1_72' title='bbox 1054 934 1214 987; x_wconf 90' lang='lat' dir='ltr'><strong>prava</strong></span> <span class='ocrx_word' id='word_1_73' title='bbox 1242 921 1622 987; x_wconf 80' lang='lat' dir='ltr'><strong>compescitur,</strong></span> <span class='ocrx_word' id='word_1_74' title='bbox 1649 930 1702 975; x_wconf 92' lang='lat' dir='ltr'><strong>et</strong></span> <span class='ocrx_word' id='word_1_75' title='bbox 1730 922 1798 976; x_wconf 90' lang='lat' dir='ltr'><strong>ab</strong></span> <span class='ocrx_word' id='word_1_76' title='bbox 1820 921 1919 975; x_wconf 92' lang='lat' dir='ltr'><strong>hoc</strong></span> <span class='ocrx_word' id='word_1_77' title='bbox 1946 919 2035 988; x_wconf 87' lang='lat' dir='ltr'><strong>qui</strong></span> 
     </span>
    </p>
   </div>
   <div class='ocr_carea' id='block_1_12' title="bbox 454 991 2033 1061">
    <p class='ocr_par' dir='ltr' id='par_1_12' title="bbox 454 991 2033 1061">
     <span class='ocr_line' id='line_1_12' title="bbox 454 991 2033 1061; baseline -0.002 -15"><span class='ocrx_word' id='word_1_78' title='bbox 454 991 684 1047; x_wconf 84' lang='lat' dir='ltr'><strong>sustinet</strong></span> <span class='ocrx_word' id='word_1_79' title='bbox 722 991 922 1045; x_wconf 86' lang='lat' dir='ltr'><strong>doloris</strong></span> <span class='ocrx_word' id='word_1_80' title='bbox 965 991 1141 1045; x_wconf 79' lang='lat' dir='ltr'><strong>fervor</strong></span> <span class='ocrx_word' id='word_1_81' title='bbox 1189 991 1412 1047; x_wconf 87' lang='lat' dir='ltr'><strong>vulnere</strong></span> <span class='ocrx_word' id='word_1_82' title='bbox 1457 1002 1642 1061; x_wconf 89' lang='lat' dir='ltr'><strong>aperto</strong></span> <span class='ocrx_word' id='word_1_83' title='bbox 1685 1001 2033 1061; x_wconf 81' lang='lat' dir='ltr'><strong>temperatur.</strong></span> 
     </span>
    </p>
   </div>
   <div class='ocr_carea' id='block_1_13' title="bbox 454 1061 2036 1132">
    <p class='ocr_par' dir='ltr' id='par_1_13' title="bbox 454 1061 2036 1132">
     <span class='ocr_line' id='line_1_13' title="bbox 454 1061 2036 1132; baseline -0.001 -16"><span class='ocrx_word' id='word_1_84' title='bbox 454 1061 559 1130; x_wconf 85' lang='lat' dir='ltr'><strong>Qui</strong></span> <span class='ocrx_word' id='word_1_85' title='bbox 586 1062 951 1132; x_wconf 83' lang='lat' dir='ltr'><strong>proximorum</strong></span> <span class='ocrx_word' id='word_1_86' title='bbox 981 1062 1117 1116; x_wconf 90' lang='lat' dir='ltr'><strong>mala</strong></span> <span class='ocrx_word' id='word_1_87' title='bbox 1148 1063 1463 1131; x_wconf 90' lang='lat' dir='ltr'><strong>respiciunt,</strong></span> <span class='ocrx_word' id='word_1_88' title='bbox 1501 1070 1555 1117; x_wconf 92' lang='lat' dir='ltr'><strong>et</strong></span> <span class='ocrx_word' id='word_1_89' title='bbox 1581 1072 1756 1116; x_wconf 91' lang='lat' dir='ltr'><strong>tamen</strong></span> <span class='ocrx_word' id='word_1_90' title='bbox 1792 1063 1841 1116; x_wconf 89' lang='lat' dir='ltr'><strong>in</strong></span> <span class='ocrx_word' id='word_1_91' title='bbox 1875 1062 2036 1115; x_wconf 83' lang='lat' dir='ltr'><strong>silen-</strong></span> 
     </span>
    </p>
   </div>
   <div class='ocr_carea' id='block_1_14' title="bbox 454 1132 2034 1203">
    <p class='ocr_par' dir='ltr' id='par_1_14' title="bbox 454 1132 2034 1203">
     <span class='ocr_line' id='line_1_14' title="bbox 454 1132 2034 1203; baseline -0.001 -16"><span class='ocrx_word' id='word_1_92' title='bbox 454 1139 532 1188; x_wconf 88' lang='lat' dir='ltr'><strong>tio</strong></span> <span class='ocrx_word' id='word_1_93' title='bbox 578 1134 810 1203; x_wconf 82' lang='lat' dir='ltr'><strong>linguam</strong></span> <span class='ocrx_word' id='word_1_94' title='bbox 846 1144 1114 1202; x_wconf 91' lang='lat' dir='ltr'><strong>premunt,</strong></span> <span class='ocrx_word' id='word_1_95' title='bbox 1149 1135 1320 1199; x_wconf 87' lang='lat' dir='ltr'><strong>quasi,</strong></span> <span class='ocrx_word' id='word_1_96' title='bbox 1368 1134 1671 1201; x_wconf 86' lang='lat' dir='ltr'><strong>conspectis</strong></span> <span class='ocrx_word' id='word_1_97' title='bbox 1702 1132 2034 1199; x_wconf 74' lang='lat' dir='ltr'><strong>vulneribus,</strong></span> 
     </span>
    </p>
   </div>
   <div class='ocr_carea' id='block_1_15' title="bbox 455 1204 2034 1269">
    <p class='ocr_par' dir='ltr' id='par_1_15' title="bbox 455 1204 2034 1269">
     <span class='ocr_line' id='line_1_15' title="bbox 455 1204 2034 1269; baseline 0 -11"><span class='ocrx_word' id='word_1_98' title='bbox 455 1219 610 1258; x_wconf 90' lang='lat' dir='ltr'><strong>usum</strong></span> <span class='ocrx_word' id='word_1_99' title='bbox 642 1204 1009 1259; x_wconf 83' lang='lat' dir='ltr'><strong>medicaminis</strong></span> <span class='ocrx_word' id='word_1_100' title='bbox 1049 1204 1402 1269; x_wconf 81' lang='lat' dir='ltr'><strong>subtrahunt;</strong></span> <span class='ocrx_word' id='word_1_101' title='bbox 1435 1212 1489 1259; x_wconf 91' lang='lat' dir='ltr'><strong>et</strong></span> <span class='ocrx_word' id='word_1_102' title='bbox 1526 1219 1592 1259; x_wconf 88' lang='lat' dir='ltr'><strong>eo</strong></span> <span class='ocrx_word' id='word_1_103' title='bbox 1634 1207 1822 1258; x_wconf 90' lang='lat' dir='ltr'><strong>mortis</strong></span> <span class='ocrx_word' id='word_1_104' title='bbox 1849 1212 2034 1259; x_wconf 83' lang='lat' dir='ltr'><strong>aucto-</strong></span> 
     </span>
    </p>
   </div>
   <div class='ocr_carea' id='block_1_16' title="bbox 456 1275 2036 1343">
    <p class='ocr_par' dir='ltr' id='par_1_16' title="bbox 456 1275 2036 1343">
     <span class='ocr_line' id='line_1_16' title="bbox 456 1275 2036 1343; baseline -0.001 -13"><span class='ocrx_word' id='word_1_105' title='bbox 456 1289 547 1330; x_wconf 87' lang='lat' dir='ltr'><strong>res</strong></span> <span class='ocrx_word' id='word_1_106' title='bbox 586 1276 740 1337; x_wconf 85' lang='lat' dir='ltr'><strong>fiunt,</strong></span> <span class='ocrx_word' id='word_1_107' title='bbox 774 1291 880 1343; x_wconf 91' lang='lat' dir='ltr'><strong>quo</strong></span> <span class='ocrx_word' id='word_1_108' title='bbox 909 1275 1056 1330; x_wconf 86' lang='lat' dir='ltr'><strong>virus</strong></span> <span class='ocrx_word' id='word_1_109' title='bbox 1086 1275 1225 1343; x_wconf 84' lang='lat' dir='ltr'><strong>quod</strong></span> <span class='ocrx_word' id='word_1_110' title='bbox 1259 1286 1469 1343; x_wconf 89' lang='lat' dir='ltr'><strong>portant</strong></span> <span class='ocrx_word' id='word_1_111' title='bbox 1510 1290 1701 1329; x_wconf 91' lang='lat' dir='ltr'><strong>curare</strong></span> <span class='ocrx_word' id='word_1_112' title='bbox 1730 1275 2036 1329; x_wconf 90' lang='lat' dir='ltr'><strong>noluerunt.</strong></span> 
     </span>
    </p>
   </div>
   <div class='ocr_carea' id='block_1_17' title="bbox 527 1345 2041 1418">
    <p class='ocr_par' dir='ltr' id='par_1_17' title="bbox 527 1345 2041 1418">
     <span class='ocr_line' id='line_1_17' title="bbox 527 1345 2041 1418; baseline -0.001 -18"><span class='ocrx_word' id='word_1_113' title='bbox 527 1345 659 1418; x_wconf 69' lang='lat' dir='ltr'><strong>Car.</strong></span> <span class='ocrx_word' id='word_1_114' title='bbox 698 1361 887 1418; x_wconf 77' lang='lat' dir='ltr'><strong>xxxin.</strong></span> <span class='ocrx_word' id='word_1_115' title='bbox 920 1345 994 1399; x_wconf 87' lang='lat' dir='ltr'><strong>De</strong></span> <span class='ocrx_word' id='word_1_116' title='bbox 1024 1363 1257 1418; x_wconf 78' lang='lat' dir='ltr'><strong>perversa</strong></span> <span class='ocrx_word' id='word_1_117' title='bbox 1281 1346 1551 1418; x_wconf 81' lang='lat' dir='ltr'><strong>locutione.</strong></span> <span class='ocrx_word' id='word_1_118' title='bbox 1579 1347 1723 1418; x_wconf 29' lang='grc' dir='ltr'><strong>-1Δ.</strong></span> <span class='ocrx_word' id='word_1_119' title='bbox 1754 1346 1897 1401; x_wconf 87' lang='lat' dir='ltr'><strong>Sicut</strong></span> <span class='ocrx_word' id='word_1_120' title='bbox 1920 1360 2041 1418; x_wconf 81' lang='lat' dir='ltr'><strong>per-</strong></span> 
     </span>
    </p>
   </div>
   <div class='ocr_carea' id='block_1_18' title="bbox 454 1414 2041 1487">
    <p class='ocr_par' dir='ltr' id='par_1_18' title="bbox 454 1414 2041 1487">
     <span class='ocr_line' id='line_1_18' title="bbox 454 1414 2041 1487; baseline 0.001 -17"><span class='ocrx_word' id='word_1_121' title='bbox 454 1416 577 1473; x_wconf 84' lang='lat' dir='ltr'><strong>fecti</strong></span> <span class='ocrx_word' id='word_1_122' title='bbox 611 1415 712 1470; x_wconf 90' lang='lat' dir='ltr'><strong>viri</strong></span> <span class='ocrx_word' id='word_1_123' title='bbox 736 1414 1312 1486; x_wconf 60' lang='lat' dir='ltr'><strong>perversos&#39;proximos</strong></span> <span class='ocrx_word' id='word_1_124' title='bbox 1345 1433 1448 1472; x_wconf 91' lang='lat' dir='ltr'><strong>non</strong></span> <span class='ocrx_word' id='word_1_125' title='bbox 1467 1417 1665 1471; x_wconf 84' lang='lat' dir='ltr'><strong>debent</strong></span> <span class='ocrx_word' id='word_1_126' title='bbox 1685 1414 1888 1487; x_wconf 82' lang='lat' dir='ltr'><strong>fugere,</strong></span> <span class='ocrx_word' id='word_1_127' title='bbox 1917 1414 2041 1487; x_wconf 86' lang='lat' dir='ltr'><strong>quia</strong></span> 
     </span>
    </p>
   </div>
   <div class='ocr_carea' id='block_1_19' title="bbox 455 1487 2043 1556">
    <p class='ocr_par' dir='ltr' id='par_1_19' title="bbox 455 1487 2043 1556">
     <span class='ocr_line' id='line_1_19' title="bbox 455 1487 2043 1556; baseline 0.001 -15"><span class='ocrx_word' id='word_1_128' title='bbox 455 1496 511 1542; x_wconf 91' lang='lat' dir='ltr'><strong>et</strong></span> <span class='ocrx_word' id='word_1_129' title='bbox 539 1502 634 1541; x_wconf 91' lang='lat' dir='ltr'><strong>eos</strong></span> <span class='ocrx_word' id='word_1_130' title='bbox 672 1502 817 1555; x_wconf 66' lang='lat' dir='ltr'><strong>saepe</strong></span> <span class='ocrx_word' id='word_1_131' title='bbox 845 1488 911 1541; x_wconf 89' lang='lat' dir='ltr'><strong>ad</strong></span> <span class='ocrx_word' id='word_1_132' title='bbox 942 1489 1313 1543; x_wconf 89' lang='lat' dir='ltr'><strong>rectitudinem</strong></span> <span class='ocrx_word' id='word_1_133' title='bbox 1348 1492 1584 1552; x_wconf 84' lang='lat' dir='ltr'><strong>trahunt,</strong></span> <span class='ocrx_word' id='word_1_134' title='bbox 1618 1496 1672 1541; x_wconf 91' lang='lat' dir='ltr'><strong>et</strong></span> <span class='ocrx_word' id='word_1_135' title='bbox 1704 1487 1801 1556; x_wconf 86' lang='lat' dir='ltr'><strong>ipsi</strong></span> <span class='ocrx_word' id='word_1_136' title='bbox 1830 1488 1896 1542; x_wconf 88' lang='lat' dir='ltr'><strong>ad</strong></span> <span class='ocrx_word' id='word_1_137' title='bbox 1923 1503 2043 1555; x_wconf 88' lang='lat' dir='ltr'><strong>per-</strong></span> 
     </span>
    </p>
   </div>
   <div class='ocr_carea' id='block_1_20' title="bbox 454 1558 2042 1629">
    <p class='ocr_par' dir='ltr' id='par_1_20' title="bbox 454 1558 2042 1629">
     <span class='ocr_line' id='line_1_20' title="bbox 454 1558 2042 1629; baseline 0.001 -17"><span class='ocrx_word' id='word_1_138' title='bbox 454 1559 764 1613; x_wconf 85' lang='lat' dir='ltr'><strong>versitatem</strong></span> <span class='ocrx_word' id='word_1_139' title='bbox 815 1574 1082 1629; x_wconf 88' lang='lat' dir='ltr'><strong>nunquam</strong></span> <span class='ocrx_word' id='word_1_140' title='bbox 1119 1560 1439 1624; x_wconf 86' lang='lat' dir='ltr'><strong>trahuntur,</strong></span> <span class='ocrx_word' id='word_1_141' title='bbox 1492 1559 1562 1611; x_wconf 90' lang='lat' dir='ltr'><strong>ita</strong></span> <span class='ocrx_word' id='word_1_142' title='bbox 1614 1558 1812 1613; x_wconf 86' lang='lat' dir='ltr'><strong>infirmi</strong></span> <span class='ocrx_word' id='word_1_143' title='bbox 1845 1560 2042 1628; x_wconf 88' lang='lat' dir='ltr'><strong>quique</strong></span> 
     </span>
    </p>
   </div>
   <div class='ocr_carea' id='block_1_21' title="bbox 460 1630 2042 1698">
    <p class='ocr_par' dir='ltr' id='par_1_21' title="bbox 460 1630 2042 1698">
     <span class='ocr_line' id='line_1_21' title="bbox 460 1630 2042 1698; baseline 0.001 -15"><span class='ocrx_word' id='word_1_144' title='bbox 460 1630 772 1684; x_wconf 87' lang='lat' dir='ltr'><strong>societatem</strong></span> <span class='ocrx_word' id='word_1_145' title='bbox 804 1630 1003 1684; x_wconf 90' lang='lat' dir='ltr'><strong>debent</strong></span> <span class='ocrx_word' id='word_1_146' title='bbox 1028 1630 1299 1685; x_wconf 86' lang='lat' dir='ltr'><strong>declinare</strong></span> <span class='ocrx_word' id='word_1_147' title='bbox 1330 1631 1616 1693; x_wconf 87' lang='lat' dir='ltr'><strong>malorum,</strong></span> <span class='ocrx_word' id='word_1_148' title='bbox 1648 1643 1715 1684; x_wconf 90' lang='lat' dir='ltr'><strong>ne</strong></span> <span class='ocrx_word' id='word_1_149' title='bbox 1747 1630 1885 1683; x_wconf 88' lang='lat' dir='ltr'><strong>mala</strong></span> <span class='ocrx_word' id='word_1_150' title='bbox 1922 1645 2042 1698; x_wconf 73' lang='lat' dir='ltr'><strong>quae</strong></span> 
     </span>
    </p>
   </div>
   <div class='ocr_carea' id='block_1_22' title="bbox 458 1698 2043 1770">
    <p class='ocr_par' dir='ltr' id='par_1_22' title="bbox 458 1698 2043 1770">
     <span class='ocr_line' id='line_1_22' title="bbox 458 1698 2043 1770; baseline 0.003 -19"><span class='ocrx_word' id='word_1_151' title='bbox 458 1698 771 1770; x_wconf 82' lang='lat' dir='ltr'><strong>frequenter</strong></span> <span class='ocrx_word' id='word_1_152' title='bbox 797 1701 1099 1770; x_wconf 88' lang='lat' dir='ltr'><strong>aspiciunt,</strong></span> <span class='ocrx_word' id='word_1_153' title='bbox 1138 1709 1192 1755; x_wconf 92' lang='lat' dir='ltr'><strong>et</strong></span> <span class='ocrx_word' id='word_1_154' title='bbox 1212 1702 1484 1770; x_wconf 84' lang='lat' dir='ltr'><strong>corrigere</strong></span> <span class='ocrx_word' id='word_1_155' title='bbox 1520 1714 1625 1754; x_wconf 89' lang='lat' dir='ltr'><strong>non</strong></span> <span class='ocrx_word' id='word_1_156' title='bbox 1671 1700 1867 1765; x_wconf 89' lang='lat' dir='ltr'><strong>valent,</strong></span> <span class='ocrx_word' id='word_1_157' title='bbox 1896 1701 2043 1756; x_wconf 86' lang='lat' dir='ltr'><strong>dele-</strong></span> 
     </span>
    </p>
   </div>
   <div class='ocr_carea' id='block_1_23' title="bbox 456 1770 3488 1849">
    <p class='ocr_par' dir='ltr' id='par_1_23' title="bbox 456 1770 3488 1849">
     <span class='ocr_line' id='line_1_23' title="bbox 456 1770 3488 1849; baseline 0 -24"><span class='ocrx_word' id='word_1_158' title='bbox 456 1779 670 1849; x_wconf 75' lang='lat' dir='ltr'><strong>ctentur</strong></span> <span class='ocrx_word' id='word_1_159' title='bbox 703 1772 921 1849; x_wconf 76' lang='lat' dir='ltr'><strong>imitari.</strong></span> <span class='ocrx_word' id='word_1_160' title='bbox 948 1772 1100 1827; x_wconf 84' lang='lat' dir='ltr'><strong>Sicut</strong></span> <span class='ocrx_word' id='word_1_161' title='bbox 1121 1771 1292 1825; x_wconf 88' lang='lat' dir='ltr'><strong>malus</strong></span> <span class='ocrx_word' id='word_1_162' title='bbox 1310 1785 1405 1849; x_wconf 76' lang='lat' dir='ltr'><strong>aer</strong></span> <span class='ocrx_word' id='word_1_163' title='bbox 1434 1770 1809 1849; x_wconf 73' lang='lat' dir='ltr'><strong>a_ssidup_ilalu</strong></span> <span class='ocrx_word' id='word_1_164' title='bbox 1843 1780 2043 1849; x_wconf 78' lang='lat' dir='ltr'><strong>tractus</strong></span> <span class='ocrx_word' id='word_1_165' title='bbox 2071 1787 2120 1849; x_wconf 70' lang='grc' dir='ltr'>Β</span> <span class='ocrx_word' id='word_1_166' title='bbox 2147 1778 2248 1824; x_wconf 90' lang='lat' dir='ltr'><strong>set.</strong></span> <span class='ocrx_word' id='word_1_167' title='bbox 2282 1771 2390 1849; x_wconf 80' lang='lat' dir='ltr'><strong>Per</strong></span> <span class='ocrx_word' id='word_1_168' title='bbox 2439 1770 2784 1849; x_wconf 77' lang='lat' dir='ltr'><strong>Salomonem</strong></span> <span class='ocrx_word' id='word_1_169' title='bbox 2809 1773 2869 1849; x_wconf 65' lang='grc' dir='ltr'><strong>Διιι</strong></span> <span class='ocrx_word' id='word_1_170' title='bbox 2914 1770 3217 1849; x_wconf 76' lang='lat' dir='ltr'><strong>Proverbiis</strong></span> <span class='ocrx_word' id='word_1_171' title='bbox 3247 1773 3443 1849; x_wconf 81' lang='lat' dir='ltr'><strong>dicitur</strong></span> <span class='ocrx_word' id='word_1_172' title='bbox 3476 1789 3488 1825; x_wconf 91' lang='lat'><strong>:</strong></span> 
     </span>
    </p>
   </div>
   <div class='ocr_carea' id='block_1_24' title="bbox 455 1841 2042 1914">
    <p class='ocr_par' dir='ltr' id='par_1_24' title="bbox 455 1841 2042 1914">
     <span class='ocr_line' id='line_1_24' title="bbox 455 1841 2042 1914; baseline 0.001 -19"><span class='ocrx_word' id='word_1_173' title='bbox 455 1841 624 1914; x_wconf 76' lang='lat' dir='ltr'><strong>inficit</strong></span> <span class='ocrx_word' id='word_1_174' title='bbox 654 1857 873 1911; x_wconf 90' lang='lat' dir='ltr'><strong>corpus,</strong></span> <span class='ocrx_word' id='word_1_175' title='bbox 907 1844 973 1896; x_wconf 90' lang='lat' dir='ltr'><strong>ita</strong></span> <span class='ocrx_word' id='word_1_176' title='bbox 1015 1856 1268 1914; x_wconf 87' lang='lat' dir='ltr'><strong>perversa</strong></span> <span class='ocrx_word' id='word_1_177' title='bbox 1309 1842 1505 1914; x_wconf 90' lang='lat' dir='ltr'><strong>locutio</strong></span> <span class='ocrx_word' id='word_1_178' title='bbox 1532 1841 1744 1914; x_wconf 86' lang='lat' dir='ltr'><strong>assidue</strong></span> <span class='ocrx_word' id='word_1_179' title='bbox 1762 1851 1926 1914; x_wconf 88' lang='lat' dir='ltr'><strong>aucta</strong></span> <span class='ocrx_word' id='word_1_180' title='bbox 1959 1842 2042 1897; x_wconf 89' lang='lat' dir='ltr'><strong>in-</strong></span> 
     </span>
    </p>
   </div>
   <div class='ocr_carea' id='block_1_25' title="bbox 460 1912 2046 1977">
    <p class='ocr_par' dir='ltr' id='par_1_25' title="bbox 460 1912 2046 1977">
     <span class='ocr_line' id='line_1_25' title="bbox 460 1912 2046 1977; baseline 0.001 -10"><span class='ocrx_word' id='word_1_181' title='bbox 460 1912 789 1968; x_wconf 79' lang='lat' dir='ltr'><strong>ﬁrmantium</strong></span> <span class='ocrx_word' id='word_1_182' title='bbox 840 1912 1304 1977; x_wconf 60' lang='lat' dir='ltr'><strong>inficit&#39;animum,</strong></span> <span class='ocrx_word' id='word_1_183' title='bbox 1332 1920 1389 1965; x_wconf 90' lang='lat' dir='ltr'><strong>ut</strong></span> <span class='ocrx_word' id='word_1_184' title='bbox 1418 1913 1660 1967; x_wconf 83' lang='lat' dir='ltr'><strong>tabescat</strong></span> <span class='ocrx_word' id='word_1_185' title='bbox 1689 1912 2046 1969; x_wconf 84' lang='lat' dir='ltr'><strong>delectatione</strong></span> 
     </span>
    </p>
   </div>
   <div class='ocr_carea' id='block_1_26' title="bbox 456 1982 2048 2053">
    <p class='ocr_par' dir='ltr' id='par_1_26' title="bbox 456 1982 2048 2053">
     <span class='ocr_line' id='line_1_26' title="bbox 456 1982 2048 2053; baseline 0.002 -16"><span class='ocrx_word' id='word_1_186' title='bbox 456 1986 611 2047; x_wconf 89' lang='lat' dir='ltr'><strong>pravi</strong></span> <span class='ocrx_word' id='word_1_187' title='bbox 660 1986 839 2053; x_wconf 87' lang='lat' dir='ltr'><strong>operis</strong></span> <span class='ocrx_word' id='word_1_188' title='bbox 861 2028 875 2051; x_wconf 90' lang='lat'><strong>,</strong></span> <span class='ocrx_word' id='word_1_189' title='bbox 938 1996 990 2038; x_wconf 89' lang='lat' dir='ltr'><strong>ct</strong></span> <span class='ocrx_word' id='word_1_190' title='bbox 1027 1984 1231 2053; x_wconf 75' lang='lat' dir='ltr'><strong>assidui</strong></span> <span class='ocrx_word' id='word_1_191' title='bbox 1259 1983 1541 2050; x_wconf 81' lang='lat' dir='ltr'><strong>iniquitate</strong></span> <span class='ocrx_word' id='word_1_192' title='bbox 1572 1985 1860 2039; x_wconf 88' lang='lat' dir='ltr'><strong>sermonis.</strong></span> <span class='ocrx_word' id='word_1_193' title='bbox 1895 1982 2048 2040; x_wconf 85' lang='lat' dir='ltr'><strong>Unde</strong></span> 
     </span>
    </p>
   </div>
   <div class='ocr_carea' id='block_1_27' title="bbox 458 2050 2046 2125">
    <p class='ocr_par' dir='ltr' id='par_1_27' title="bbox 458 2050 2046 2125">
     <span class='ocr_line' id='line_1_27' title="bbox 458 2050 2046 2125; baseline 0.001 -18"><span class='ocrx_word' id='word_1_194' title='bbox 458 2053 656 2125; x_wconf 88' lang='lat' dir='ltr'><strong>Paulus</strong></span> <span class='ocrx_word' id='word_1_195' title='bbox 674 2050 762 2109; x_wconf 82' lang='lat' dir='ltr'><strong>‘ait</strong></span> <span class='ocrx_word' id='word_1_196' title='bbox 786 2055 834 2125; x_wconf 93' lang='lat' dir='ltr'><strong>(I</strong></span> <span class='ocrx_word' id='word_1_197' title='bbox 865 2053 985 2110; x_wconf 86' lang='lat' dir='ltr'><strong>Cor.</strong></span> <span class='ocrx_word' id='word_1_198' title='bbox 1021 2072 1112 2117; x_wconf 94' lang='lat' dir='ltr'><strong>xv,</strong></span> <span class='ocrx_word' id='word_1_199' title='bbox 1150 2050 1241 2123; x_wconf 77' lang='lat'><strong>53)</strong></span> <span class='ocrx_word' id='word_1_200' title='bbox 1278 2073 1291 2109; x_wconf 89' lang='lat'><strong>:</strong></span> <span class='ocrx_word' id='word_1_201' title='bbox 1324 2053 1864 2125; x_wconf 15' lang='lat' dir='ltr'><strong>Cprrumpuntimores</strong></span> <span class='ocrx_word' id='word_1_202' title='bbox 1888 2058 2046 2109; x_wconf 83' lang='lat' dir='ltr'><strong>bonos</strong></span> 
     </span>
    </p>
   </div>
   <div class='ocr_carea' id='block_1_28' title="bbox 455 2124 2044 2250">
    <p class='ocr_par' dir='ltr' id='par_1_28' title="bbox 455 2124 2044 2250">
     <span class='ocr_line' id='line_1_28' title="bbox 455 2124 2044 2250; baseline 0.003 -72"><span class='ocrx_word' id='word_1_203' title='bbox 455 2124 717 2250; x_wconf 52' lang='lat' dir='ltr'><strong>galloqgga)</strong></span> <span class='ocrx_word' id='word_1_204' title='bbox 741 2124 877 2180; x_wconf 87' lang='lat' dir='ltr'><strong>mala</strong></span> <span class='ocrx_word' id='word_1_205' title='bbox 904 2126 1075 2197; x_wconf 87' lang='lat' dir='ltr'><strong>(&#39;I‘aio,</strong></span> <span class='ocrx_word' id='word_1_206' title='bbox 1110 2139 1185 2191; x_wconf 91' lang='lat' dir='ltr'><strong>tv,</strong></span> <span class='ocrx_word' id='word_1_207' title='bbox 1215 2125 1306 2187; x_wconf 74' lang='lat'><strong>27;</strong></span> <span class='ocrx_word' id='word_1_208' title='bbox 1335 2124 1516 2196; x_wconf 85' lang='lat' dir='ltr'><strong>Creg.,</strong></span> <span class='ocrx_word' id='word_1_209' title='bbox 1543 2141 1558 2180; x_wconf 87' lang='grc' dir='ltr'><strong>ι</strong></span> <span class='ocrx_word' id='word_1_210' title='bbox 1589 2126 1641 2179; x_wconf 78' lang='lat' dir='ltr'><strong>in</strong></span> <span class='ocrx_word' id='word_1_211' title='bbox 1668 2124 1884 2194; x_wconf 77' lang='lat' dir='ltr'><strong>Ezech.,</strong></span> <span class='ocrx_word' id='word_1_212' title='bbox 1906 2126 2044 2182; x_wconf 80' lang='lat' dir='ltr'><strong>hom.</strong></span> 
     </span>
     <span class='ocr_line' id='line_1_29' title="bbox 496 2214 740 2250; baseline 0 0"><span class='ocrx_word' id='word_1_213' title='bbox 496 2237 511 2250; x_wconf 90' lang='lat'><strong>.</strong></span> <span class='ocrx_word' id='word_1_214' title='bbox 544 2214 597 2250; x_wconf 80' lang='grc' dir='ltr'><strong>η.</strong></span> <span class='ocrx_word' id='word_1_215' title='bbox 725 2235 740 2250; x_wconf 93' lang='grc'><strong>.</strong></span> 
     </span>
    </p>
   </div>
   <div class='ocr_carea' id='block_1_29' title="bbox 496 2198 740 2261">
    <p class='ocr_par' dir='ltr' id='par_1_29' title="bbox 496 2198 740 2261">
     <span class='ocr_line' id='line_1_30' title="bbox 496 2198 740 2261; baseline 0 -11"><span class='ocrx_word' id='word_1_216' title='bbox 496 2237 511 2261; x_wconf 94' lang='grc'><strong>,</strong></span> <span class='ocrx_word' id='word_1_217' title='bbox 544 2214 597 2250; x_wconf 84' lang='lat' dir='ltr'><strong>n.</strong></span> <span class='ocrx_word' id='word_1_218' title='bbox 626 2198 740 2261; x_wconf 71' lang='lat'><strong>25).</strong></span> 
     </span>
    </p>
   </div>
   <div class='ocr_carea' id='block_1_30' title="bbox 530 2202 2048 2325">
    <p class='ocr_par' dir='ltr' id='par_1_30' title="bbox 530 2202 2048 2325">
     <span class='ocr_line' id='line_1_31' title="bbox 530 2202 2048 2325; baseline 0.002 -3"><span class='ocrx_word' id='word_1_219' title='bbox 530 2202 866 2323; x_wconf 44' lang='lat' dir='ltr'><strong>digitm</strong></span> <span class='ocrx_word' id='word_1_220' title='bbox 892 2267 967 2322; x_wconf 86' lang='lat' dir='ltr'><strong>De</strong></span> <span class='ocrx_word' id='word_1_221' title='bbox 986 2268 1211 2322; x_wconf 79' lang='lat' dir='ltr'><strong>luxuria.</strong></span> <span class='ocrx_word' id='word_1_222' title='bbox 1226 2298 1294 2308; x_wconf 98' lang='lat'><strong>—</strong></span> <span class='ocrx_word' id='word_1_223' title='bbox 1308 2268 1332 2321; x_wconf 97' lang='grc'><strong>1</strong></span> <span class='ocrx_word' id='word_1_224' title='bbox 1346 2306 1361 2323; x_wconf 92' lang='grc'><strong>.</strong></span> <span class='ocrx_word' id='word_1_225' title='bbox 1383 2267 1577 2323; x_wconf 82' lang='lat' dir='ltr'><strong>Malum</strong></span> <span class='ocrx_word' id='word_1_226' title='bbox 1601 2268 1824 2323; x_wconf 56' lang='lat' dir='ltr'><strong>luxuriae</strong></span> <span class='ocrx_word' id='word_1_227' title='bbox 1839 2278 1930 2324; x_wconf 92' lang='lat' dir='ltr'><strong>aut</strong></span> <span class='ocrx_word' id='word_1_228' title='bbox 1956 2284 2048 2325; x_wconf 87' lang='lat' dir='ltr'><strong>co-</strong></span> 
     </span>
    </p>
   </div>
   <div class='ocr_carea' id='block_1_31' title="bbox 457 2337 2042 2412">
    <p class='ocr_par' dir='ltr' id='par_1_31' title="bbox 457 2337 2042 2412">
     <span class='ocr_line' id='line_1_32' title="bbox 457 2337 2042 2412; baseline 0.003 -21"><span class='ocrx_word' id='word_1_229' title='bbox 457 2337 730 2412; x_wconf 79' lang='lat' dir='ltr'><strong>gitatione</strong></span> <span class='ocrx_word' id='word_1_230' title='bbox 768 2348 1126 2411; x_wconf 89' lang='lat' dir='ltr'><strong>perpetratur,</strong></span> <span class='ocrx_word' id='word_1_231' title='bbox 1178 2350 1268 2412; x_wconf 85' lang='lat' dir='ltr'><strong>aut</strong></span> <span class='ocrx_word' id='word_1_232' title='bbox 1295 2354 1480 2412; x_wconf 79' lang='lat' dir='ltr'><strong>opere.</strong></span> <span class='ocrx_word' id='word_1_233' title='bbox 1522 2339 1759 2412; x_wconf 79' lang='lat' dir='ltr'><strong>Callidus</strong></span> <span class='ocrx_word' id='word_1_234' title='bbox 1811 2356 2042 2412; x_wconf 86' lang='lat' dir='ltr'><strong>namque</strong></span> 
     </span>
    </p>
   </div>
   <div class='ocr_carea' id='block_1_32' title="bbox 458 2408 2045 2480">
    <p class='ocr_par' dir='ltr' id='par_1_32' title="bbox 458 2408 2045 2480">
     <span class='ocr_line' id='line_1_33' title="bbox 458 2408 2045 2480; baseline 0.003 -18"><span class='ocrx_word' id='word_1_235' title='bbox 458 2408 801 2465; x_wconf 80' lang='lat' dir='ltr'><strong>adversarius</strong></span> <span class='ocrx_word' id='word_1_236' title='bbox 828 2418 1014 2465; x_wconf 70' lang='lat' dir='ltr'><strong>noster</strong></span> <span class='ocrx_word' id='word_1_237' title='bbox 1046 2425 1167 2465; x_wconf 91' lang='lat' dir='ltr'><strong>cum</strong></span> <span class='ocrx_word' id='word_1_238' title='bbox 1199 2411 1267 2465; x_wconf 88' lang='lat' dir='ltr'><strong>ab</strong></span> <span class='ocrx_word' id='word_1_239' title='bbox 1305 2408 1499 2467; x_wconf 70' lang='lat' dir='ltr'><strong>eﬂ‘ectu</strong></span> <span class='ocrx_word' id='word_1_240' title='bbox 1530 2411 1709 2480; x_wconf 83' lang='lat' dir='ltr'><strong>operis</strong></span> <span class='ocrx_word' id='word_1_241' title='bbox 1737 2408 2045 2480; x_wconf 72' lang='lat' dir='ltr'><strong>expellitur,</strong></span> 
     </span>
    </p>
   </div>
   <div class='ocr_carea' id='block_1_33' title="bbox 461 2482 2047 2550">
    <p class='ocr_par' dir='ltr' id='par_1_33' title="bbox 461 2482 2047 2550">
     <span class='ocr_line' id='line_1_34' title="bbox 461 2482 2047 2550; baseline 0.004 -17"><span class='ocrx_word' id='word_1_242' title='bbox 461 2491 697 2535; x_wconf 89' lang='lat' dir='ltr'><strong>secretas</strong></span> <span class='ocrx_word' id='word_1_243' title='bbox 716 2483 956 2548; x_wconf 88' lang='lat' dir='ltr'><strong>polluere</strong></span> <span class='ocrx_word' id='word_1_244' title='bbox 968 2483 1322 2550; x_wconf 85' lang='lat' dir='ltr'><strong>cogitationes</strong></span> <span class='ocrx_word' id='word_1_245' title='bbox 1337 2482 1576 2536; x_wconf 88' lang='lat' dir='ltr'><strong>molitur.</strong></span> <span class='ocrx_word' id='word_1_246' title='bbox 1592 2482 1846 2549; x_wconf 80' lang='lat' dir='ltr'><strong>Quisquis</strong></span> <span class='ocrx_word' id='word_1_247' title='bbox 1865 2484 2047 2539; x_wconf 90' lang='lat' dir='ltr'><strong>mundi</strong></span> 
     </span>
    </p>
   </div>
   <div class='ocr_carea' id='block_1_34' title="bbox 461 2550 2050 2621">
    <p class='ocr_par' dir='ltr' id='par_1_34' title="bbox 461 2550 2050 2621">
     <span class='ocr_line' id='line_1_35' title="bbox 461 2550 2050 2621; baseline 0.004 -18"><span class='ocrx_word' id='word_1_248' title='bbox 461 2550 621 2621; x_wconf 88' lang='lat' dir='ltr'><strong>hujus</strong></span> <span class='ocrx_word' id='word_1_249' title='bbox 665 2554 1006 2609; x_wconf 82' lang='lat' dir='ltr'><strong>successibus</strong></span> <span class='ocrx_word' id='word_1_250' title='bbox 1034 2554 1299 2621; x_wconf 85' lang='lat' dir='ltr'><strong>elevatus,</strong></span> <span class='ocrx_word' id='word_1_251' title='bbox 1334 2553 1671 2608; x_wconf 89' lang='lat' dir='ltr'><strong>lenocinante</strong></span> <span class='ocrx_word' id='word_1_252' title='bbox 1701 2553 1881 2607; x_wconf 90' lang='lat' dir='ltr'><strong>cordis</strong></span> <span class='ocrx_word' id='word_1_253' title='bbox 1913 2554 2050 2609; x_wconf 68' lang='lat' dir='ltr'><strong>lmti-</strong></span> 
     </span>
    </p>
   </div>
   <div class='ocr_carea' id='block_1_35' title="bbox 459 2622 2045 2692">
    <p class='ocr_par' dir='ltr' id='par_1_35' title="bbox 459 2622 2045 2692">
     <span class='ocr_line' id='line_1_36' title="bbox 459 2622 2045 2692; baseline 0.003 -16"><span class='ocrx_word' id='word_1_254' title='bbox 459 2624 555 2685; x_wconf 90' lang='lat' dir='ltr'><strong>tia,</strong></span> <span class='ocrx_word' id='word_1_255' title='bbox 587 2624 778 2679; x_wconf 87' lang='lat' dir='ltr'><strong>tentari</strong></span> <span class='ocrx_word' id='word_1_256' title='bbox 808 2640 867 2679; x_wconf 91' lang='lat' dir='ltr'><strong>se</strong></span> <span class='ocrx_word' id='word_1_257' title='bbox 897 2625 1122 2679; x_wconf 70' lang='lat' dir='ltr'><strong>luxuriae</strong></span> <span class='ocrx_word' id='word_1_258' title='bbox 1149 2624 1378 2678; x_wconf 90' lang='lat' dir='ltr'><strong>stimulis</strong></span> <span class='ocrx_word' id='word_1_259' title='bbox 1409 2622 1589 2688; x_wconf 84' lang='lat' dir='ltr'><strong>sentit,</strong></span> <span class='ocrx_word' id='word_1_260' title='bbox 1621 2622 1817 2692; x_wconf 81' lang='lat' dir='ltr'><strong>Josepli</strong></span> <span class='ocrx_word' id='word_1_261' title='bbox 1849 2622 2045 2681; x_wconf 83' lang='lat' dir='ltr'><strong>factum</strong></span> 
     </span>
    </p>
   </div>
   <div class='ocr_carea' id='block_1_36' title="bbox 458 2693 2042 2767">
    <p class='ocr_par' dir='ltr' id='par_1_36' title="bbox 458 2693 2042 2767">
     <span class='ocr_line' id='line_1_37' title="bbox 458 2693 2042 2767; baseline 0.003 -20"><span class='ocrx_word' id='word_1_262' title='bbox 458 2693 525 2767; x_wconf 86' lang='lat' dir='ltr'><strong>a_d</strong></span> <span class='ocrx_word' id='word_1_263' title='bbox 556 2697 869 2749; x_wconf 84' lang='lat' dir='ltr'><strong>memoriam</strong></span> <span class='ocrx_word' id='word_1_264' title='bbox 902 2704 1137 2767; x_wconf 84' lang='lat' dir='ltr'><strong>revocet,</strong></span> <span class='ocrx_word' id='word_1_265' title='bbox 1162 2704 1215 2751; x_wconf 92' lang='lat' dir='ltr'><strong>et</strong></span> <span class='ocrx_word' id='word_1_266' title='bbox 1245 2695 1297 2750; x_wconf 88' lang='lat' dir='ltr'><strong>in</strong></span> <span class='ocrx_word' id='word_1_267' title='bbox 1319 2708 1446 2750; x_wconf 89' lang='lat' dir='ltr'><strong>arce</strong></span> <span class='ocrx_word' id='word_1_268' title='bbox 1474 2709 1535 2751; x_wconf 90' lang='lat' dir='ltr'><strong>se</strong></span> <span class='ocrx_word' id='word_1_269' title='bbox 1555 2694 1814 2767; x_wconf 83' lang='lat' dir='ltr'><strong>castitatis</strong></span> <span class='ocrx_word' id='word_1_270' title='bbox 1844 2708 2042 2752; x_wconf 89' lang='lat' dir='ltr'><strong>servet.</strong></span> 
     </span>
    </p>
   </div>
   <div class='ocr_carea' id='block_1_37' title="bbox 458 2762 2047 2835">
    <p class='ocr_par' dir='ltr' id='par_1_37' title="bbox 458 2762 2047 2835">
     <span class='ocr_line' id='line_1_38' title="bbox 458 2762 2047 2835; baseline 0.003 -18"><span class='ocrx_word' id='word_1_271' title='bbox 458 2762 592 2818; x_wconf 88' lang='lat' dir='ltr'><strong>Cum</strong></span> <span class='ocrx_word' id='word_1_272' title='bbox 621 2768 866 2835; x_wconf 87' lang='lat' dir='ltr'><strong>voluptas</strong></span> <span class='ocrx_word' id='word_1_273' title='bbox 914 2764 1116 2821; x_wconf 89' lang='lat' dir='ltr'><strong>lubrica</strong></span> <span class='ocrx_word' id='word_1_274' title='bbox 1159 2774 1327 2821; x_wconf 90' lang='lat' dir='ltr'><strong>tentat</strong></span> <span class='ocrx_word' id='word_1_275' title='bbox 1370 2768 1421 2821; x_wconf 90' lang='lat' dir='ltr'><strong>in</strong></span> <span class='ocrx_word' id='word_1_276' title='bbox 1452 2766 1747 2835; x_wconf 70' lang='lat' dir='ltr'><strong>prosperis,</strong></span> <span class='ocrx_word' id='word_1_277' title='bbox 1790 2766 1904 2819; x_wconf 62' lang='lat' dir='ltr'><strong>haec</strong></span> <span class='ocrx_word' id='word_1_278' title='bbox 1937 2768 2047 2834; x_wconf 76' lang='lat' dir='ltr'><strong>ipsa</strong></span> 
     </span>
    </p>
   </div>
   <div class='ocr_carea' id='block_1_38' title="bbox 458 2837 2048 2907">
    <p class='ocr_par' dir='ltr' id='par_1_38' title="bbox 458 2837 2048 2907">
     <span class='ocr_line' id='line_1_39' title="bbox 458 2837 2048 2907; baseline 0.002 -18"><span class='ocrx_word' id='word_1_279' title='bbox 458 2846 585 2889; x_wconf 86' lang='lat' dir='ltr'><strong>sunt</strong></span> <span class='ocrx_word' id='word_1_280' title='bbox 634 2852 890 2907; x_wconf 59' lang='lat' dir='ltr'><strong>prospera</strong></span> <span class='ocrx_word' id='word_1_281' title='bbox 932 2837 1118 2893; x_wconf 89' lang='lat' dir='ltr'><strong>aculeo</strong></span> <span class='ocrx_word' id='word_1_282' title='bbox 1168 2837 1478 2893; x_wconf 85' lang='lat' dir='ltr'><strong>tentationis</strong></span> <span class='ocrx_word' id='word_1_283' title='bbox 1527 2837 1866 2907; x_wconf 78' lang='lat' dir='ltr'><strong>Opponenda,</strong></span> <span class='ocrx_word' id='word_1_284' title='bbox 1898 2847 1952 2890; x_wconf 92' lang='lat' dir='ltr'><strong>ut</strong></span> <span class='ocrx_word' id='word_1_285' title='bbox 1980 2852 2048 2892; x_wconf 91' lang='lat' dir='ltr'><strong>eo</strong></span> 
     </span>
    </p>
   </div>
   <div class='ocr_carea' id='block_1_39' title="bbox 459 2905 2047 2979">
    <p class='ocr_par' dir='ltr' id='par_1_39' title="bbox 459 2905 2047 2979">
     <span class='ocr_line' id='line_1_40' title="bbox 459 2905 2047 2979; baseline 0.003 -20"><span class='ocrx_word' id='word_1_286' title='bbox 459 2905 844 2979; x_wconf 78' lang='lat' dir='ltr'><strong>erubescamus</strong></span> <span class='ocrx_word' id='word_1_287' title='bbox 872 2924 1035 2979; x_wconf 88' lang='lat' dir='ltr'><strong>prava</strong></span> <span class='ocrx_word' id='word_1_288' title='bbox 1072 2910 1435 2976; x_wconf 85' lang='lat' dir='ltr'><strong>committere,</strong></span> <span class='ocrx_word' id='word_1_289' title='bbox 1468 2922 1575 2978; x_wconf 92' lang='lat' dir='ltr'><strong>quo</strong></span> <span class='ocrx_word' id='word_1_290' title='bbox 1602 2905 1699 2979; x_wconf 89' lang='lat' dir='ltr'><strong>nos</strong></span> <span class='ocrx_word' id='word_1_291' title='bbox 1722 2922 1752 2960; x_wconf 93' lang='lat' dir='ltr'><strong>a</strong></span> <span class='ocrx_word' id='word_1_292' title='bbox 1780 2905 1893 2979; x_wconf 80' lang='lat' dir='ltr'><strong>Deo</strong></span> <span class='ocrx_word' id='word_1_293' title='bbox 1933 2922 2047 2963; x_wconf 86' lang='lat' dir='ltr'><strong>me-</strong></span> 
     </span>
    </p>
   </div>
   <div class='ocr_carea' id='block_1_40' title="bbox 462 2978 2047 3050">
    <p class='ocr_par' dir='ltr' id='par_1_40' title="bbox 462 2978 2047 3050">
     <span class='ocr_line' id='line_1_41' title="bbox 462 2978 2047 3050; baseline 0.002 -20"><span class='ocrx_word' id='word_1_294' title='bbox 462 2978 718 3050; x_wconf 74' lang='lat' dir='ltr'><strong>minimus</strong></span> <span class='ocrx_word' id='word_1_295' title='bbox 744 2978 974 3050; x_wconf 86' lang='lat' dir='ltr'><strong>gratuita</strong></span> <span class='ocrx_word' id='word_1_296' title='bbox 1005 2980 1144 3035; x_wconf 92' lang='lat' dir='ltr'><strong>dona</strong></span> <span class='ocrx_word' id='word_1_297' title='bbox 1168 2979 1415 3050; x_wconf 88' lang='lat' dir='ltr'><strong>bonaque</strong></span> <span class='ocrx_word' id='word_1_298' title='bbox 1439 2978 1762 3050; x_wconf 86' lang='lat' dir='ltr'><strong>percepisse.</strong></span> <span class='ocrx_word' id='word_1_299' title='bbox 1782 2978 2047 3050; x_wconf 78' lang='lat' dir='ltr'><strong>Propheta</strong></span> 
     </span>
    </p>
   </div>
   <div class='ocr_carea' id='block_1_41' title="bbox 465 3047 2047 3122">
    <p class='ocr_par' dir='ltr' id='par_1_41' title="bbox 465 3047 2047 3122">
     <span class='ocr_line' id='line_1_42' title="bbox 465 3047 2047 3122; baseline 0.002 -21"><span class='ocrx_word' id='word_1_300' title='bbox 465 3047 628 3122; x_wconf 78' lang='lat' dir='ltr'><strong>David</strong></span> <span class='ocrx_word' id='word_1_301' title='bbox 681 3047 858 3107; x_wconf 78' lang='lat' dir='ltr'><strong>subito</strong></span> <span class='ocrx_word' id='word_1_302' title='bbox 903 3066 1032 3107; x_wconf 90' lang='lat' dir='ltr'><strong>casu</strong></span> <span class='ocrx_word' id='word_1_303' title='bbox 1080 3065 1178 3122; x_wconf 88' lang='lat' dir='ltr'><strong>per</strong></span> <span class='ocrx_word' id='word_1_304' title='bbox 1222 3047 1778 3122; x_wconf 19' lang='lat' dir='ltr'><strong>luxuriam‘deﬂuxit,</strong></span> <span class='ocrx_word' id='word_1_305' title='bbox 1809 3048 2047 3122; x_wconf 79' lang='lat' dir='ltr'><strong>dum,_in</strong></span> 
     </span>
    </p>
   </div>
   <div class='ocr_carea' id='block_1_42' title="bbox 461 3119 2042 3190">
    <p class='ocr_par' dir='ltr' id='par_1_42' title="bbox 461 3119 2042 3190">
     <span class='ocr_line' id='line_1_43' title="bbox 461 3119 2042 3190; baseline 0.001 -18"><span class='ocrx_word' id='word_1_306' title='bbox 461 3119 660 3175; x_wconf 90' lang='lat' dir='ltr'><strong>solario</strong></span> <span class='ocrx_word' id='word_1_307' title='bbox 700 3119 1097 3189; x_wconf 71' lang='lat' dir='ltr'><strong>deambulans,</strong></span> <span class='ocrx_word' id='word_1_308' title='bbox 1130 3121 1359 3177; x_wconf 90' lang='lat' dir='ltr'><strong>alienam</strong></span> <span class='ocrx_word' id='word_1_309' title='bbox 1401 3120 1686 3190; x_wconf 89' lang='lat' dir='ltr'><strong>conjugem</strong></span> <span class='ocrx_word' id='word_1_310' title='bbox 1715 3120 2042 3189; x_wconf 81' lang='lat' dir='ltr'><strong>concupivit,</strong></span> 
     </span>
    </p>
   </div>
   <div class='ocr_carea' id='block_1_43' title="bbox 461 3191 2047 3264">
    <p class='ocr_par' dir='ltr' id='par_1_43' title="bbox 461 3191 2047 3264">
     <span class='ocr_line' id='line_1_44' title="bbox 461 3191 2047 3264; baseline 0.003 -22"><span class='ocrx_word' id='word_1_311' title='bbox 461 3198 517 3264; x_wconf 79' lang='lat' dir='ltr'><strong>et</strong></span> <span class='ocrx_word' id='word_1_312' title='bbox 537 3192 756 3247; x_wconf 87' lang='lat' dir='ltr'><strong>abstulit</strong></span> <span class='ocrx_word' id='word_1_313' title='bbox 776 3234 791 3258; x_wconf 95' lang='lat'><strong>,</strong></span> <span class='ocrx_word' id='word_1_314' title='bbox 838 3194 1061 3264; x_wconf 82' lang='lat' dir='ltr'><strong>ejusque</strong></span> <span class='ocrx_word' id='word_1_315' title='bbox 1082 3194 1257 3248; x_wconf 90' lang='lat' dir='ltr'><strong>virum</strong></span> <span class='ocrx_word' id='word_1_316' title='bbox 1286 3209 1406 3247; x_wconf 91' lang='lat' dir='ltr'><strong>cum</strong></span> <span class='ocrx_word' id='word_1_317' title='bbox 1438 3192 1636 3264; x_wconf 89' lang='lat' dir='ltr'><strong>damno</strong></span> <span class='ocrx_word' id='word_1_318' title='bbox 1667 3192 1748 3244; x_wconf 93' lang='lat' dir='ltr'><strong>sui</strong></span> <span class='ocrx_word' id='word_1_319' title='bbox 1776 3191 2047 3264; x_wconf 88' lang='lat' dir='ltr'><strong>exercitus</strong></span> 
     </span>
    </p>
   </div>
   <div class='ocr_carea' id='block_1_44' title="bbox 463 3260 2043 3336">
    <p class='ocr_par' dir='ltr' id='par_1_44' title="bbox 463 3260 2043 3336">
     <span class='ocr_line' id='line_1_45' title="bbox 463 3260 2043 3336; baseline 0.001 -23"><span class='ocrx_word' id='word_1_320' title='bbox 463 3260 733 3318; x_wconf 88' lang='lat' dir='ltr'><strong>interemit</strong></span> <span class='ocrx_word' id='word_1_321' title='bbox 760 3264 847 3336; x_wconf 80' lang='lat' dir='ltr'><strong>(Il</strong></span> <span class='ocrx_word' id='word_1_322' title='bbox 868 3260 1021 3336; x_wconf 42' lang='lat' dir='ltr'><strong>’Reg.</strong></span> <span class='ocrx_word' id='word_1_323' title='bbox 1051 3281 1127 3331; x_wconf 70' lang='grc' dir='ltr'>χι,</span> <span class='ocrx_word' id='word_1_324' title='bbox 1156 3267 1235 3330; x_wconf 76' lang='grc'><strong>4);</strong></span> <span class='ocrx_word' id='word_1_325' title='bbox 1266 3275 1321 3327; x_wconf 86' lang='lat' dir='ltr'><strong>et</strong></span> <span class='ocrx_word' id='word_1_326' title='bbox 1350 3263 1628 3336; x_wconf 81' lang='lat' dir='ltr'><strong>repentino</strong></span> <span class='ocrx_word' id='word_1_327' title='bbox 1658 3275 1785 3315; x_wconf 89' lang='lat' dir='ltr'><strong>casu</strong></span> <span class='ocrx_word' id='word_1_328' title='bbox 1812 3263 2043 3336; x_wconf 77' lang='lat' dir='ltr'><strong>cecidit,</strong></span> 
     </span>
    </p>
   </div>
   <div class='ocr_carea' id='block_1_45' title="bbox 461 3332 2049 3406">
    <p class='ocr_par' dir='ltr' id='par_1_45' title="bbox 461 3332 2049 3406">
     <span class='ocr_line' id='line_1_46' title="bbox 461 3332 2049 3406; baseline 0.003 -22"><span class='ocrx_word' id='word_1_329' title='bbox 461 3345 583 3385; x_wconf 91' lang='lat' dir='ltr'><strong>cum</strong></span> <span class='ocrx_word' id='word_1_330' title='bbox 635 3332 784 3389; x_wconf 82' lang='lat' dir='ltr'><strong>mens</strong></span> <span class='ocrx_word' id='word_1_331' title='bbox 832 3335 943 3402; x_wconf 91' lang='lat' dir='ltr'><strong>illa,</strong></span> <span class='ocrx_word' id='word_1_332' title='bbox 969 3332 1242 3406; x_wconf 80' lang='lat' dir='ltr'><strong>inysteriis</strong></span> <span class='ocrx_word' id='word_1_333' title='bbox 1271 3332 1583 3391; x_wconf 73' lang='lat' dir='ltr'><strong>cmlestibus</strong></span> <span class='ocrx_word' id='word_1_334' title='bbox 1607 3341 1839 3406; x_wconf 83' lang='lat' dir='ltr'><strong>assueta,</strong></span> <span class='ocrx_word' id='word_1_335' title='bbox 1875 3332 2049 3402; x_wconf 88' lang='lat' dir='ltr'><strong>inopi-</strong></span> 
     </span>
    </p>
   </div>
   <div class='ocr_carea' id='block_1_46' title="bbox 463 3403 2046 3475">
    <p class='ocr_par' dir='ltr' id='par_1_46' title="bbox 463 3403 2046 3475">
     <span class='ocr_line' id='line_1_47' title="bbox 463 3403 2046 3475; baseline 0.003 -20"><span class='ocrx_word' id='word_1_336' title='bbox 463 3408 913 3475; x_wconf 15' lang='lat' dir='ltr'><strong>nataitentatione</strong></span> <span class='ocrx_word' id='word_1_337' title='bbox 941 3403 1151 3464; x_wconf 80' lang='lat' dir='ltr'><strong>devicta</strong></span> <span class='ocrx_word' id='word_1_338' title='bbox 1176 3414 1281 3470; x_wconf 89' lang='lat' dir='ltr'><strong>est,</strong></span> <span class='ocrx_word' id='word_1_339' title='bbox 1307 3416 1468 3475; x_wconf 86' lang='lat' dir='ltr'><strong>atque</strong></span> <span class='ocrx_word' id='word_1_340' title='bbox 1504 3403 1905 3458; x_wconf 63' lang='lat' dir='ltr'><strong>immanissimas</strong></span> <span class='ocrx_word' id='word_1_341' title='bbox 1928 3418 2046 3460; x_wconf 91' lang='lat' dir='ltr'><strong>tur-</strong></span> 
     </span>
    </p>
   </div>
   <div class='ocr_carea' id='block_1_47' title="bbox 460 3474 2042 3545">
    <p class='ocr_par' dir='ltr' id='par_1_47' title="bbox 460 3474 2042 3545">
     <span class='ocr_line' id='line_1_48' title="bbox 460 3474 2042 3545; baseline 0.003 -18"><span class='ocrx_word' id='word_1_342' title='bbox 460 3474 694 3542; x_wconf 86' lang='lat' dir='ltr'><strong>pitudini</strong></span> <span class='ocrx_word' id='word_1_343' title='bbox 724 3478 961 3535; x_wconf 89' lang='lat' dir='ltr'><strong>subacta.</strong></span> <span class='ocrx_word' id='word_1_344' title='bbox 1008 3477 1169 3545; x_wconf 83' lang='lat' dir='ltr'><strong>Quasi</strong></span> <span class='ocrx_word' id='word_1_345' title='bbox 1199 3474 1392 3533; x_wconf 80' lang='lat' dir='ltr'><strong>saxum</strong></span> <span class='ocrx_word' id='word_1_346' title='bbox 1426 3477 1495 3532; x_wconf 89' lang='lat' dir='ltr'><strong>de</strong></span> <span class='ocrx_word' id='word_1_347' title='bbox 1528 3476 1647 3530; x_wconf 89' lang='lat' dir='ltr'><strong>loco</strong></span> <span class='ocrx_word' id='word_1_348' title='bbox 1676 3490 1775 3529; x_wconf 92' lang='lat' dir='ltr'><strong>suo</strong></span> <span class='ocrx_word' id='word_1_349' title='bbox 1820 3477 2042 3531; x_wconf 86' lang='lat' dir='ltr'><strong>transla-</strong></span> 
     </span>
    </p>
   </div>
   <div class='ocr_carea' id='block_1_48' title="bbox 465 3547 2046 3618">
    <p class='ocr_par' dir='ltr' id='par_1_48' title="bbox 465 3547 2046 3618">
     <span class='ocr_line' id='line_1_49' title="bbox 465 3547 2046 3618; baseline 0.003 -20"><span class='ocrx_word' id='word_1_350' title='bbox 465 3553 574 3618; x_wconf 88' lang='lat' dir='ltr'><strong>tum</strong></span> <span class='ocrx_word' id='word_1_351' title='bbox 604 3556 709 3614; x_wconf 89' lang='lat' dir='ltr'><strong>est,</strong></span> <span class='ocrx_word' id='word_1_352' title='bbox 741 3563 861 3605; x_wconf 91' lang='lat' dir='ltr'><strong>cum</strong></span> <span class='ocrx_word' id='word_1_353' title='bbox 887 3548 1170 3618; x_wconf 74' lang='lat' dir='ltr'><strong>Prophetas</strong></span> <span class='ocrx_word' id='word_1_354' title='bbox 1198 3549 1431 3616; x_wconf 89' lang='lat' dir='ltr'><strong>animus,</strong></span> <span class='ocrx_word' id='word_1_355' title='bbox 1461 3563 1491 3602; x_wconf 92' lang='lat' dir='ltr'><strong>a</strong></span> <span class='ocrx_word' id='word_1_356' title='bbox 1525 3547 1820 3617; x_wconf 68' lang='lat' dir='ltr'><strong>prophetiae</strong></span> <span class='ocrx_word' id='word_1_357' title='bbox 1844 3555 2046 3617; x_wconf 86' lang='lat' dir='ltr'><strong>myste-</strong></span> 
     </span>
    </p>
   </div>
   <div class='ocr_carea' id='block_1_49' title="bbox 461 3617 2043 3691">
    <p class='ocr_par' dir='ltr' id='par_1_49' title="bbox 461 3617 2043 3691">
     <span class='ocr_line' id='line_1_50' title="bbox 461 3617 2043 3691; baseline 0.004 -23"><span class='ocrx_word' id='word_1_358' title='bbox 461 3617 557 3691; x_wconf 64' lang='grc' dir='ltr'><strong>[ηε</strong></span> <span class='ocrx_word' id='word_1_359' title='bbox 621 3622 908 3686; x_wconf 80' lang='lat' dir='ltr'><strong>exclusus,</strong></span> <span class='ocrx_word' id='word_1_360' title='bbox 959 3617 1041 3691; x_wconf 14' lang='lat' dir='ltr'><strong>ad,</strong></span> <span class='ocrx_word' id='word_1_361' title='bbox 1097 3619 1413 3691; x_wconf 89' lang='lat' dir='ltr'><strong>cogitandas</strong></span> <span class='ocrx_word' id='word_1_362' title='bbox 1473 3618 1831 3689; x_wconf 88' lang='lat' dir='ltr'><strong>turpitudines</strong></span> <span class='ocrx_word' id='word_1_363' title='bbox 1878 3620 2043 3674; x_wconf 87' lang='lat' dir='ltr'><strong>venit.</strong></span> 
     </span>
    </p>
   </div>
   <div class='ocr_carea' id='block_1_50' title="bbox 462 3685 2045 3761">
    <p class='ocr_par' dir='ltr' id='par_1_50' title="bbox 462 3685 2045 3761">
     <span class='ocr_line' id='line_1_51' title="bbox 462 3685 2045 3761; baseline 0.003 -21"><span class='ocrx_word' id='word_1_364' title='bbox 462 3685 713 3745; x_wconf 91' lang='lat' dir='ltr'><strong>Salomon</strong></span> <span class='ocrx_word' id='word_1_365' title='bbox 756 3692 844 3746; x_wconf 88' lang='lat' dir='ltr'><strong>ille</strong></span> <span class='ocrx_word' id='word_1_366' title='bbox 869 3685 1136 3761; x_wconf 88' lang='lat' dir='ltr'><strong>quondam</strong></span> <span class='ocrx_word' id='word_1_367' title='bbox 1164 3685 1613 3760; x_wconf 73' lang='lat' dir='ltr'><strong>sapientissimus,</strong></span> <span class='ocrx_word' id='word_1_368' title='bbox 1646 3691 1923 3744; x_wconf 87' lang='lat' dir='ltr'><strong>nimietate</strong></span> <span class='ocrx_word' id='word_1_369' title='bbox 1964 3691 2045 3745; x_wconf 91' lang='lat' dir='ltr'><strong>lu-</strong></span> 
     </span>
    </p>
   </div>
   <div class='ocr_carea' id='block_1_51' title="bbox 464 3760 2046 3831">
    <p class='ocr_par' dir='ltr' id='par_1_51' title="bbox 464 3760 2046 3831">
     <span class='ocr_line' id='line_1_52' title="bbox 464 3760 2046 3831; baseline 0.004 -21"><span class='ocrx_word' id='word_1_370' title='bbox 464 3760 632 3815; x_wconf 65' lang='lat' dir='ltr'><strong>xuriae</strong></span> <span class='ocrx_word' id='word_1_371' title='bbox 674 3760 980 3831; x_wconf 87' lang='lat' dir='ltr'><strong>superatus,</strong></span> <span class='ocrx_word' id='word_1_372' title='bbox 1008 3762 1361 3818; x_wconf 83' lang='lat' dir='ltr'><strong>immoderato</strong></span> <span class='ocrx_word' id='word_1_373' title='bbox 1399 3778 1517 3827; x_wconf 88' lang='lat' dir='ltr'><strong>usu,</strong></span> <span class='ocrx_word' id='word_1_374' title='bbox 1548 3769 1706 3829; x_wconf 90' lang='lat' dir='ltr'><strong>atque</strong></span> <span class='ocrx_word' id='word_1_375' title='bbox 1730 3760 2046 3817; x_wconf 85' lang='lat' dir='ltr'><strong>assiduitate</strong></span> 
     </span>
    </p>
   </div>
   <div class='ocr_carea' id='block_1_52' title="bbox 461 3832 2044 3903">
    <p class='ocr_par' dir='ltr' id='par_1_52' title="bbox 461 3832 2044 3903">
     <span class='ocr_line' id='line_1_53' title="bbox 461 3832 2044 3903; baseline 0.003 -19"><span class='ocrx_word' id='word_1_376' title='bbox 461 3832 769 3903; x_wconf 74' lang='lat' dir='ltr'><strong>mulierum,</strong></span> <span class='ocrx_word' id='word_1_377' title='bbox 801 3835 869 3887; x_wconf 91' lang='lat' dir='ltr'><strong>ad</strong></span> <span class='ocrx_word' id='word_1_378' title='bbox 899 3834 1000 3888; x_wconf 93' lang='lat' dir='ltr'><strong>hoc</strong></span> <span class='ocrx_word' id='word_1_379' title='bbox 1027 3849 1194 3903; x_wconf 90' lang='lat' dir='ltr'><strong>usque</strong></span> <span class='ocrx_word' id='word_1_380' title='bbox 1230 3833 1518 3901; x_wconf 89' lang='lat' dir='ltr'><strong>perductus</strong></span> <span class='ocrx_word' id='word_1_381' title='bbox 1539 3841 1654 3895; x_wconf 92' lang='lat' dir='ltr'><strong>est,</strong></span> <span class='ocrx_word' id='word_1_382' title='bbox 1699 3841 1758 3885; x_wconf 91' lang='lat' dir='ltr'><strong>ut</strong></span> <span class='ocrx_word' id='word_1_383' title='bbox 1788 3833 2044 3900; x_wconf 88' lang='lat' dir='ltr'><strong>templum</strong></span> 
     </span>
    </p>
   </div>
   <div class='ocr_carea' id='block_1_53' title="bbox 388 3899 2045 3974">
    <p class='ocr_par' dir='ltr' id='par_1_53' title="bbox 388 3899 2045 3974">
     <span class='ocr_line' id='line_1_54' title="bbox 388 3899 2045 3974; baseline 0.004 -23"><span class='ocrx_word' id='word_1_384' title='bbox 388 3946 393 3951; x_wconf 86' lang='lat'><strong>.</strong></span> <span class='ocrx_word' id='word_1_385' title='bbox 463 3899 622 3957; x_wconf 89' lang='lat' dir='ltr'><strong>idolis</strong></span> <span class='ocrx_word' id='word_1_386' title='bbox 646 3904 930 3959; x_wconf 78' lang='lat' dir='ltr'><strong>fabricaret</strong></span> <span class='ocrx_word' id='word_1_387' title='bbox 949 3923 963 3971; x_wconf 91' lang='lat'><strong>;</strong></span> <span class='ocrx_word' id='word_1_388' title='bbox 982 3913 1037 3960; x_wconf 90' lang='lat' dir='ltr'><strong>et</strong></span> <span class='ocrx_word' id='word_1_389' title='bbox 1062 3899 1151 3974; x_wconf 84' lang='lat' dir='ltr'><strong>qui</strong></span> <span class='ocrx_word' id='word_1_390' title='bbox 1176 3899 1322 3974; x_wconf 79' lang='lat' dir='ltr'><strong>prius</strong></span> <span class='ocrx_word' id='word_1_391' title='bbox 1344 3904 1601 3974; x_wconf 89' lang='lat' dir='ltr'><strong>templum</strong></span> <span class='ocrx_word' id='word_1_392' title='bbox 1644 3903 1778 3974; x_wconf 13' lang='lat' dir='ltr'><strong>Deo,</strong></span> <span class='ocrx_word' id='word_1_393' title='bbox 1802 3899 2045 3957; x_wconf 81' lang='lat' dir='ltr'><strong>conStru—</strong></span> 
     </span>
    </p>
   </div>
   <div class='ocr_carea' id='block_1_54' title="bbox 463 3972 2041 4044">
    <p class='ocr_par' dir='ltr' id='par_1_54' title="bbox 463 3972 2041 4044">
     <span class='ocr_line' id='line_1_55' title="bbox 463 3972 2041 4044; baseline 0.002 -19"><span class='ocrx_word' id='word_1_394' title='bbox 463 3983 638 4044; x_wconf 82' lang='lat' dir='ltr'><strong>xerat,</strong></span> <span class='ocrx_word' id='word_1_395' title='bbox 669 3975 979 4030; x_wconf 87' lang='lat' dir='ltr'><strong>assiduitate</strong></span> <span class='ocrx_word' id='word_1_396' title='bbox 1007 3972 1243 4030; x_wconf 82' lang='lat' dir='ltr'><strong>libidinis</strong></span> <span class='ocrx_word' id='word_1_397' title='bbox 1272 3978 1434 4029; x_wconf 89' lang='lat' dir='ltr'><strong>etiam</strong></span> <span class='ocrx_word' id='word_1_398' title='bbox 1456 3972 1691 4044; x_wconf 63' lang='lat' dir='ltr'><strong>perfidia;</strong></span> <span class='ocrx_word' id='word_1_399' title='bbox 1701 3972 2000 4044; x_wconf 79' lang='lat' dir='ltr'><strong>substratus</strong></span> <span class='ocrx_word' id='word_1_400' title='bbox 2022 4015 2041 4042; x_wconf 94' lang='lat'><strong>,</strong></span> 
     </span>
    </p>
   </div>
   <div class='ocr_carea' id='block_1_55' title="bbox 464 4040 2040 4115">
    <p class='ocr_par' dir='ltr' id='par_1_55' title="bbox 464 4040 2040 4115">
     <span class='ocr_line' id='line_1_56' title="bbox 464 4040 2040 4115; baseline 0.003 -22"><span class='ocrx_word' id='word_1_401' title='bbox 464 4040 621 4115; x_wconf 66' lang='lat' dir='ltr'><strong>idolis</strong></span> <span class='ocrx_word' id='word_1_402' title='bbox 641 4055 955 4100; x_wconf 90' lang='lat' dir='ltr'><strong>construere</strong></span> <span class='ocrx_word' id='word_1_403' title='bbox 983 4046 1177 4113; x_wconf 89' lang='lat' dir='ltr'><strong>templa</strong></span> <span class='ocrx_word' id='word_1_404' title='bbox 1201 4061 1306 4101; x_wconf 92' lang='lat' dir='ltr'><strong>non</strong></span> <span class='ocrx_word' id='word_1_405' title='bbox 1337 4040 1550 4101; x_wconf 84' lang='lat' dir='ltr'><strong>timeret</strong></span> <span class='ocrx_word' id='word_1_406' title='bbox 1567 4041 1692 4113; x_wconf 82' lang='lat' dir='ltr'><strong><em>(III</em></strong></span> <span class='ocrx_word' id='word_1_407' title='bbox 1706 4042 1835 4115; x_wconf 79' lang='lat' dir='ltr'><strong>Reg.</strong></span> <span class='ocrx_word' id='word_1_408' title='bbox 1862 4059 1934 4107; x_wconf 89' lang='lat' dir='ltr'><strong>xt,</strong></span> <span class='ocrx_word' id='word_1_409' title='bbox 1961 4040 2040 4114; x_wconf 76' lang='lat'><strong>7).</strong></span> 
     </span>
    </p>
   </div>
   <div class='ocr_carea' id='block_1_56' title="bbox 464 4112 2044 4183">
    <p class='ocr_par' dir='ltr' id='par_1_56' title="bbox 464 4112 2044 4183">
     <span class='ocr_line' id='line_1_57' title="bbox 464 4112 2044 4183; baseline 0.003 -16"><span class='ocrx_word' id='word_1_410' title='bbox 464 4112 661 4182; x_wconf 87' lang='lat' dir='ltr'><strong>Sicque</strong></span> <span class='ocrx_word' id='word_1_411' title='bbox 706 4115 905 4170; x_wconf 88' lang='lat' dir='ltr'><strong>factum</strong></span> <span class='ocrx_word' id='word_1_412' title='bbox 952 4125 1035 4172; x_wconf 87' lang='lat' dir='ltr'><strong>est</strong></span> <span class='ocrx_word' id='word_1_413' title='bbox 1072 4112 1131 4170; x_wconf 84' lang='lat' dir='ltr'><strong>ut</strong></span> <span class='ocrx_word' id='word_1_414' title='bbox 1171 4116 1239 4171; x_wconf 92' lang='lat' dir='ltr'><strong>ab</strong></span> <span class='ocrx_word' id='word_1_415' title='bbox 1270 4116 1483 4171; x_wconf 90' lang='lat' dir='ltr'><strong>assidua</strong></span> <span class='ocrx_word' id='word_1_416' title='bbox 1530 4112 1708 4171; x_wconf 88' lang='lat' dir='ltr'><strong>carnis</strong></span> <span class='ocrx_word' id='word_1_417' title='bbox 1748 4112 2044 4183; x_wconf 80' lang='lat' dir='ltr'><strong>petulantia</strong></span> 
     </span>
    </p>
   </div>
   <div class='ocr_carea' id='block_1_57' title="bbox 464 4185 2043 4257">
    <p class='ocr_par' dir='ltr' id='par_1_57' title="bbox 464 4185 2043 4257">
     <span class='ocr_line' id='line_1_58' title="bbox 464 4185 2043 4257; baseline 0.003 -20"><span class='ocrx_word' id='word_1_418' title='bbox 464 4198 637 4257; x_wconf 84' lang='lat' dir='ltr'><strong>usque</strong></span> <span class='ocrx_word' id='word_1_419' title='bbox 663 4185 726 4239; x_wconf 89' lang='lat' dir='ltr'><strong>ad</strong></span> <span class='ocrx_word' id='word_1_420' title='bbox 757 4187 951 4241; x_wconf 89' lang='lat' dir='ltr'><strong>mentis</strong></span> <span class='ocrx_word' id='word_1_421' title='bbox 997 4186 1270 4256; x_wconf 89' lang='lat' dir='ltr'><strong>perfidiam</strong></span> <span class='ocrx_word' id='word_1_422' title='bbox 1304 4186 1647 4257; x_wconf 87' lang='lat' dir='ltr'><strong>perveniret,</strong></span> <span class='ocrx_word' id='word_1_423' title='bbox 1701 4187 1822 4256; x_wconf 86' lang='lat' dir='ltr'><strong>quia</strong></span> <span class='ocrx_word' id='word_1_424' title='bbox 1862 4185 2043 4241; x_wconf 90' lang='lat' dir='ltr'><strong>subri-</strong></span> 
     </span>
    </p>
   </div>
   <div class='ocr_carea' id='block_1_58' title="bbox 464 4254 2043 4329">
    <p class='ocr_par' dir='ltr' id='par_1_58' title="bbox 464 4254 2043 4329">
     <span class='ocr_line' id='line_1_59' title="bbox 464 4254 2043 4329; baseline 0.004 -22"><span class='ocrx_word' id='word_1_425' title='bbox 464 4254 643 4329; x_wconf 86' lang='lat' dir='ltr'><strong>piente</strong></span> <span class='ocrx_word' id='word_1_426' title='bbox 674 4258 940 4327; x_wconf 89' lang='lat' dir='ltr'><strong>paulisper</strong></span> <span class='ocrx_word' id='word_1_427' title='bbox 969 4254 1236 4315; x_wconf 78' lang='lat' dir='ltr'><strong>inlusione</strong></span> <span class='ocrx_word' id='word_1_428' title='bbox 1266 4254 1493 4329; x_wconf 80' lang='lat' dir='ltr'><strong>peccati,</strong></span> <span class='ocrx_word' id='word_1_429' title='bbox 1526 4267 1666 4312; x_wconf 89' lang='lat' dir='ltr'><strong>terra</strong></span> <span class='ocrx_word' id='word_1_430' title='bbox 1693 4254 1869 4312; x_wconf 83' lang='lat' dir='ltr'><strong>eordis</strong></span> <span class='ocrx_word' id='word_1_431' title='bbox 1900 4257 2043 4313; x_wconf 83' lang='lat' dir='ltr'><strong>illius</strong></span> 
     </span>
    </p>
   </div>
   <div class='ocr_carea' id='block_1_59' title="bbox 465 4326 2043 4399">
    <p class='ocr_par' dir='ltr' id='par_1_59' title="bbox 465 4326 2043 4399">
     <span class='ocr_line' id='line_1_60' title="bbox 465 4326 2043 4399; baseline 0.002 -20"><span class='ocrx_word' id='word_1_432' title='bbox 465 4326 534 4379; x_wconf 91' lang='lat' dir='ltr'><strong>ad</strong></span> <span class='ocrx_word' id='word_1_433' title='bbox 555 4331 1015 4399; x_wconf 87' lang='lat' dir='ltr'><strong>consumptionem</strong></span> <span class='ocrx_word' id='word_1_434' title='bbox 1045 4326 1287 4385; x_wconf 80' lang='lat' dir='ltr'><strong>deﬂuxit.</strong></span> <span class='ocrx_word' id='word_1_435' title='bbox 1318 4326 1661 4399; x_wconf 83' lang='lat' dir='ltr'><strong>Voluptatnm</strong></span> <span class='ocrx_word' id='word_1_436' title='bbox 1692 4330 1869 4382; x_wconf 91' lang='lat' dir='ltr'><strong>carnis</strong></span> <span class='ocrx_word' id='word_1_437' title='bbox 1896 4342 2043 4382; x_wconf 88' lang='lat' dir='ltr'><strong>ama-</strong></span> 
     </span>
    </p>
   </div>
   <div class='ocr_carea' id='block_1_60' title="bbox 468 4398 2043 4470">
    <p class='ocr_par' dir='ltr' id='par_1_60' title="bbox 468 4398 2043 4470">
     <span class='ocr_line' id='line_1_61' title="bbox 468 4398 2043 4470; baseline 0.001 -20"><span class='ocrx_word' id='word_1_438' title='bbox 468 4398 671 4453; x_wconf 90' lang='lat' dir='ltr'><strong>toribus</strong></span> <span class='ocrx_word' id='word_1_439' title='bbox 699 4399 893 4455; x_wconf 88' lang='lat' dir='ltr'><strong>dicitur</strong></span> <span class='ocrx_word' id='word_1_440' title='bbox 919 4417 933 4453; x_wconf 90' lang='lat'><strong>:</strong></span> <span class='ocrx_word' id='word_1_441' title='bbox 964 4400 1272 4470; x_wconf 79' lang='lat' dir='ltr'><strong>Mortiﬁcate</strong></span> <span class='ocrx_word' id='word_1_442' title='bbox 1303 4398 1527 4455; x_wconf 81' lang='lat' dir='ltr'><strong>membra</strong></span> <span class='ocrx_word' id='word_1_443' title='bbox 1554 4409 1742 4463; x_wconf 78' lang='lat' dir='ltr'><strong>vestra,</strong></span> <span class='ocrx_word' id='word_1_444' title='bbox 1768 4414 1880 4468; x_wconf 71' lang='lat' dir='ltr'><strong>quia</strong></span> <span class='ocrx_word' id='word_1_445' title='bbox 1923 4409 2043 4452; x_wconf 83' lang='lat' dir='ltr'><strong>sunt</strong></span> 
     </span>
    </p>
   </div>
   <div class='ocr_carea' id='block_1_61' title="bbox 465 4470 2038 4542">
    <p class='ocr_par' dir='ltr' id='par_1_61' title="bbox 465 4470 2038 4542">
     <span class='ocr_line' id='line_1_62' title="bbox 465 4470 2038 4542; baseline 0.001 -20"><span class='ocrx_word' id='word_1_446' title='bbox 465 4485 617 4540; x_wconf 83' lang='lat' dir='ltr'><strong>super</strong></span> <span class='ocrx_word' id='word_1_447' title='bbox 648 4471 809 4542; x_wconf 78' lang='lat'><strong>258</strong></span> <span class='ocrx_word' id='word_1_448' title='bbox 831 4482 1020 4525; x_wconf 83' lang='lat' dir='ltr'><strong>terram</strong></span> <span class='ocrx_word' id='word_1_449' title='bbox 1045 4470 1264 4528; x_wconf 82' lang='lat' dir='ltr'><strong>fColoss.</strong></span> <span class='ocrx_word' id='word_1_450' title='bbox 1296 4486 1375 4536; x_wconf 88' lang='grc' dir='ltr'>ιιι,</span> <span class='ocrx_word' id='word_1_451' title='bbox 1406 4473 1486 4541; x_wconf 82' lang='grc'><strong>5).</strong></span> <span class='ocrx_word' id='word_1_452' title='bbox 1517 4472 1572 4525; x_wconf 94' lang='lat' dir='ltr'><strong>ld</strong></span> <span class='ocrx_word' id='word_1_453' title='bbox 1596 4480 1698 4539; x_wconf 88' lang='lat' dir='ltr'><strong>est,</strong></span> <span class='ocrx_word' id='word_1_454' title='bbox 1728 4470 2038 4525; x_wconf 83' lang='lat' dir='ltr'><strong>fornicatio-</strong></span> 
     </span>
    </p>
   </div>
   <div class='ocr_carea' id='block_1_62' title="bbox 466 4542 2047 4611">
    <p class='ocr_par' dir='ltr' id='par_1_62' title="bbox 466 4542 2047 4611">
     <span class='ocr_line' id='line_1_63' title="bbox 466 4542 2047 4611; baseline 0 -16"><span class='ocrx_word' id='word_1_455' title='bbox 466 4556 610 4607; x_wconf 91' lang='lat' dir='ltr'><strong>nem,</strong></span> <span class='ocrx_word' id='word_1_456' title='bbox 647 4542 1065 4606; x_wconf 90' lang='lat' dir='ltr'><strong>immunditiam,</strong></span> <span class='ocrx_word' id='word_1_457' title='bbox 1099 4542 1395 4606; x_wconf 87' lang='lat' dir='ltr'><strong>libidinem,</strong></span> <span class='ocrx_word' id='word_1_458' title='bbox 1427 4543 1915 4611; x_wconf 82' lang='lat' dir='ltr'><strong>concupiscentiam</strong></span> <span class='ocrx_word' id='word_1_459' title='bbox 1941 4557 2047 4595; x_wconf 90' lang='lat' dir='ltr'><strong>ma-</strong></span> 
     </span>
    </p>
   </div>
   <div class='ocr_carea' id='block_1_63' title="bbox 468 4611 2043 4684">
    <p class='ocr_par' dir='ltr' id='par_1_63' title="bbox 468 4611 2043 4684">
     <span class='ocr_line' id='line_1_64' title="bbox 468 4611 2043 4684; baseline 0.001 -19"><span class='ocrx_word' id='word_1_460' title='bbox 468 4611 571 4667; x_wconf 89' lang='lat' dir='ltr'><strong>lam</strong></span> <span class='ocrx_word' id='word_1_461' title='bbox 595 4613 766 4684; x_wconf 86' lang='lat' dir='ltr'><strong>(Taio,</strong></span> <span class='ocrx_word' id='word_1_462' title='bbox 796 4629 868 4678; x_wconf 78' lang='lat' dir='ltr'><strong>tv,</strong></span> <span class='ocrx_word' id='word_1_463' title='bbox 900 4614 990 4676; x_wconf 78' lang='lat'><strong>&#39;50;</strong></span> <span class='ocrx_word' id='word_1_464' title='bbox 1032 4611 1213 4683; x_wconf 86' lang='lat' dir='ltr'><strong>Greg.,</strong></span> <span class='ocrx_word' id='word_1_465' title='bbox 1240 4611 1432 4667; x_wconf 85' lang='lat' dir='ltr'><strong>Moral.</strong></span> <span class='ocrx_word' id='word_1_466' title='bbox 1464 4628 1579 4677; x_wconf 73' lang='grc' dir='ltr'>χιι,</span> <span class='ocrx_word' id='word_1_467' title='bbox 1607 4613 1665 4679; x_wconf 76' lang='grc'>2,</span> <span class='ocrx_word' id='word_1_468' title='bbox 1708 4630 1763 4667; x_wconf 88' lang='lat' dir='ltr'><strong>n.</strong></span> <span class='ocrx_word' id='word_1_469' title='bbox 1786 4611 1885 4684; x_wconf 56' lang='lat'><strong>350;</strong></span> <span class='ocrx_word' id='word_1_470' title='bbox 1918 4612 2043 4684; x_wconf 57' lang='lat' dir='ltr'><strong>(leg.</strong></span> 
     </span>
    </p>
   </div>
   <div class='ocr_carea' id='block_1_64' title="bbox 468 4680 2046 4753">
    <p class='ocr_par' dir='ltr' id='par_1_64' title="bbox 468 4680 2046 4753">
     <span class='ocr_line' id='line_1_65' title="bbox 468 4680 2046 4753; baseline 0.001 -17"><span class='ocrx_word' id='word_1_471' title='bbox 468 4680 611 4751; x_wconf 59' lang='lat' dir='ltr'><strong>past.</strong></span> <span class='ocrx_word' id='word_1_472' title='bbox 632 4700 709 4752; x_wconf 88' lang='grc' dir='ltr'>ιιι,</span> <span class='ocrx_word' id='word_1_473' title='bbox 738 4684 830 4752; x_wconf 77' lang='lat'><strong>27;</strong></span> <span class='ocrx_word' id='word_1_474' title='bbox 866 4684 1062 4753; x_wconf 79' lang='lat' dir='ltr'><strong>Moral,</strong></span> <span class='ocrx_word' id='word_1_475' title='bbox 1101 4680 1227 4752; x_wconf 81' lang='lat' dir='ltr'><strong>xxx,</strong></span> <span class='ocrx_word' id='word_1_476' title='bbox 1256 4685 1359 4752; x_wconf 82' lang='grc'><strong>10,</strong></span> <span class='ocrx_word' id='word_1_477' title='bbox 1393 4701 1447 4739; x_wconf 85' lang='lat' dir='ltr'><strong>n.</strong></span> <span class='ocrx_word' id='word_1_478' title='bbox 1480 4684 1584 4750; x_wconf 80' lang='lat'><strong>58;</strong></span> <span class='ocrx_word' id='word_1_479' title='bbox 1616 4699 1710 4751; x_wconf 83' lang='lat' dir='ltr'><strong>xit,</strong></span> <span class='ocrx_word' id='word_1_480' title='bbox 1744 4680 1842 4750; x_wconf 89' lang='grc'><strong>18,</strong></span> <span class='ocrx_word' id='word_1_481' title='bbox 1867 4701 1920 4738; x_wconf 86' lang='lat' dir='ltr'><strong>n.</strong></span> <span class='ocrx_word' id='word_1_482' title='bbox 1941 4680 2046 4751; x_wconf 74' lang='lat'><strong>23;</strong></span> 
     </span>
    </p>
   </div>
   <div class='ocr_carea' id='block_1_65' title="bbox 467 4757 959 4828">
    <p class='ocr_par' dir='ltr' id='par_1_65' title="bbox 467 4757 959 4828">
     <span class='ocr_line' id='line_1_66' title="bbox 467 4757 959 4828; baseline 0.006 -19"><span class='ocrx_word' id='word_1_483' title='bbox 467 4768 609 4828; x_wconf 80' lang='lat' dir='ltr'><strong>xxvi,</strong></span> <span class='ocrx_word' id='word_1_484' title='bbox 639 4758 725 4828; x_wconf 69' lang='lat' dir='ltr'><strong>l7;</strong></span> <span class='ocrx_word' id='word_1_485' title='bbox 757 4772 817 4820; x_wconf 89' lang='grc' dir='ltr'><strong>ιι,</strong></span> <span class='ocrx_word' id='word_1_486' title='bbox 843 4757 959 4828; x_wconf 76' lang='grc'><strong>27).</strong></span> 
     </span>
    </p>
   </div>
   <div class='ocr_carea' id='block_1_66' title="bbox 540 4825 2049 4898">
    <p class='ocr_par' dir='ltr' id='par_1_66' title="bbox 540 4825 2049 4898">
     <span class='ocr_line' id='line_1_67' title="bbox 540 4825 2049 4898; baseline 0.001 -18"><span class='ocrx_word' id='word_1_487' title='bbox 540 4827 594 4881; x_wconf 75' lang='grc'><strong>2.</strong></span> <span class='ocrx_word' id='word_1_488' title='bbox 637 4825 957 4898; x_wconf 83' lang='lat' dir='ltr'><strong>Plerumque</strong></span> <span class='ocrx_word' id='word_1_489' title='bbox 1007 4827 1155 4884; x_wconf 90' lang='lat' dir='ltr'><strong>virus</strong></span> <span class='ocrx_word' id='word_1_490' title='bbox 1193 4827 1426 4884; x_wconf 86' lang='lat' dir='ltr'><strong>libidinis</strong></span> <span class='ocrx_word' id='word_1_491' title='bbox 1469 4826 1538 4882; x_wconf 89' lang='lat' dir='ltr'><strong>de</strong></span> <span class='ocrx_word' id='word_1_492' title='bbox 1590 4826 1771 4882; x_wconf 85' lang='lat' dir='ltr'><strong>radice</strong></span> <span class='ocrx_word' id='word_1_493' title='bbox 1809 4825 2049 4881; x_wconf 90' lang='lat' dir='ltr'><strong>nascitur</strong></span> 
     </span>
    </p>
   </div>
   <div class='ocr_carea' id='block_1_67' title="bbox 469 4896 2047 4968">
    <p class='ocr_par' dir='ltr' id='par_1_67' title="bbox 469 4896 2047 4968">
     <span class='ocr_line' id='line_1_68' title="bbox 469 4896 2047 4968; baseline 0.001 -17"><span class='ocrx_word' id='word_1_494' title='bbox 469 4896 745 4963; x_wconf 86' lang='lat' dir='ltr'><strong>elationis;</strong></span> <span class='ocrx_word' id='word_1_495' title='bbox 780 4896 906 4953; x_wconf 84' lang='lat' dir='ltr'><strong>tunc</strong></span> <span class='ocrx_word' id='word_1_496' title='bbox 931 4912 1061 4968; x_wconf 91' lang='lat' dir='ltr'><strong>ergo</strong></span> <span class='ocrx_word' id='word_1_497' title='bbox 1087 4915 1215 4955; x_wconf 88' lang='lat' dir='ltr'><strong>caro</strong></span> <span class='ocrx_word' id='word_1_498' title='bbox 1246 4900 1432 4966; x_wconf 89' lang='lat' dir='ltr'><strong>vincit,</strong></span> <span class='ocrx_word' id='word_1_499' title='bbox 1458 4913 1579 4953; x_wconf 91' lang='lat' dir='ltr'><strong>cum</strong></span> <span class='ocrx_word' id='word_1_500' title='bbox 1606 4898 1828 4967; x_wconf 88' lang='lat' dir='ltr'><strong>spiritus</strong></span> <span class='ocrx_word' id='word_1_501' title='bbox 1872 4900 2047 4953; x_wconf 90' lang='lat' dir='ltr'><strong>laten-</strong></span> 
     </span>
    </p>
   </div>
   <div class='ocr_carea' id='block_1_68' title="bbox 470 4969 2049 5039">
    <p class='ocr_par' dir='ltr' id='par_1_68' title="bbox 470 4969 2049 5039">
     <span class='ocr_line' id='line_1_69' title="bbox 470 4969 2049 5039; baseline 0.001 -19"><span class='ocrx_word' id='word_1_502' title='bbox 470 4970 915 5039; x_wconf 13' lang='lat' dir='ltr'><strong>tergintumesmt,</strong></span> <span class='ocrx_word' id='word_1_503' title='bbox 948 4971 1066 5038; x_wconf 89' lang='lat' dir='ltr'><strong>quia</strong></span> <span class='ocrx_word' id='word_1_504' title='bbox 1098 4978 1224 5027; x_wconf 91' lang='lat' dir='ltr'><strong>tunc</strong></span> <span class='ocrx_word' id='word_1_505' title='bbox 1253 4973 1427 5026; x_wconf 88' lang='lat' dir='ltr'><strong>anima</strong></span> <span class='ocrx_word' id='word_1_506' title='bbox 1458 4984 1552 5039; x_wconf 92' lang='lat' dir='ltr'><strong>per</strong></span> <span class='ocrx_word' id='word_1_507' title='bbox 1580 4969 1843 5039; x_wconf 82' lang='lat' dir='ltr'><strong>originem</strong></span> <span class='ocrx_word' id='word_1_508' title='bbox 1874 4969 2049 5038; x_wconf 77' lang='lat' dir='ltr'><strong>culpae</strong></span> 
     </span>
    </p>
   </div>
   <div class='ocr_carea' id='block_1_69' title="bbox 470 5038 2048 5110">
    <p class='ocr_par' dir='ltr' id='par_1_69' title="bbox 470 5038 2048 5110">
     <span class='ocr_line' id='line_1_70' title="bbox 470 5038 2048 5110; baseline 0.003 -20"><span class='ocrx_word' id='word_1_509' title='bbox 470 5038 521 5091; x_wconf 90' lang='lat' dir='ltr'><strong>in</strong></span> <span class='ocrx_word' id='word_1_510' title='bbox 547 5038 913 5110; x_wconf 88' lang='lat' dir='ltr'><strong>jumentorum</strong></span> <span class='ocrx_word' id='word_1_511' title='bbox 956 5041 1245 5109; x_wconf 89' lang='lat' dir='ltr'><strong>petulantia</strong></span> <span class='ocrx_word' id='word_1_512' title='bbox 1274 5038 1490 5107; x_wconf 88' lang='lat' dir='ltr'><strong>cecidit,</strong></span> <span class='ocrx_word' id='word_1_513' title='bbox 1526 5055 1648 5095; x_wconf 92' lang='lat' dir='ltr'><strong>cum</strong></span> <span class='ocrx_word' id='word_1_514' title='bbox 1681 5039 1953 5095; x_wconf 78' lang='lat' dir='ltr'><strong>efferendo</strong></span> <span class='ocrx_word' id='word_1_515' title='bbox 1987 5053 2048 5094; x_wconf 89' lang='lat' dir='ltr'><strong>se</strong></span> 
     </span>
    </p>
   </div>
   <div class='ocr_carea' id='block_1_70' title="bbox 469 5110 2048 5182">
    <p class='ocr_par' dir='ltr' id='par_1_70' title="bbox 469 5110 2048 5182">
     <span class='ocr_line' id='line_1_71' title="bbox 469 5110 2048 5182; baseline 0.001 -19"><span class='ocrx_word' id='word_1_516' title='bbox 469 5123 620 5182; x_wconf 83' lang='lat' dir='ltr'><strong>more</strong></span> <span class='ocrx_word' id='word_1_517' title='bbox 648 5111 919 5165; x_wconf 90' lang='lat' dir='ltr'><strong>volucrum</strong></span> <span class='ocrx_word' id='word_1_518' title='bbox 946 5154 960 5177; x_wconf 93' lang='lat'><strong>,</strong></span> <span class='ocrx_word' id='word_1_519' title='bbox 995 5114 1131 5166; x_wconf 88' lang='lat' dir='ltr'><strong>ultra</strong></span> <span class='ocrx_word' id='word_1_520' title='bbox 1160 5127 1318 5182; x_wconf 87' lang='lat' dir='ltr'><strong>quam</strong></span> <span class='ocrx_word' id='word_1_521' title='bbox 1350 5111 1539 5167; x_wconf 87' lang='lat' dir='ltr'><strong>debuit</strong></span> <span class='ocrx_word' id='word_1_522' title='bbox 1584 5110 1831 5166; x_wconf 89' lang='lat' dir='ltr'><strong>evolavit.</strong></span> <span class='ocrx_word' id='word_1_523' title='bbox 1879 5110 2048 5164; x_wconf 52' lang='lat' dir='ltr'><strong>Inter-</strong></span> 
     </span>
    </p>
   </div>
   <div class='ocr_carea' id='block_1_71' title="bbox 470 5179 2047 5252">
    <p class='ocr_par' dir='ltr' id='par_1_71' title="bbox 470 5179 2047 5252">
     <span class='ocr_line' id='line_1_72' title="bbox 470 5179 2047 5252; baseline 0.001 -18"><span class='ocrx_word' id='word_1_524' title='bbox 470 5179 596 5252; x_wconf 89' lang='lat' dir='ltr'><strong>dum</strong></span> <span class='ocrx_word' id='word_1_525' title='bbox 628 5196 721 5251; x_wconf 91' lang='lat' dir='ltr'><strong>per</strong></span> <span class='ocrx_word' id='word_1_526' title='bbox 759 5182 1008 5238; x_wconf 88' lang='lat' dir='ltr'><strong>elationis</strong></span> <span class='ocrx_word' id='word_1_527' title='bbox 1054 5179 1237 5237; x_wconf 85' lang='lat' dir='ltr'><strong>vitium</strong></span> <span class='ocrx_word' id='word_1_528' title='bbox 1270 5184 1424 5252; x_wconf 91' lang='lat' dir='ltr'><strong>longa</strong></span> <span class='ocrx_word' id='word_1_529' title='bbox 1454 5182 1784 5237; x_wconf 87' lang='lat' dir='ltr'><strong>continentia</strong></span> <span class='ocrx_word' id='word_1_530' title='bbox 1827 5189 2047 5249; x_wconf 90' lang='lat' dir='ltr'><strong>repente</strong></span> 
     </span>
    </p>
   </div>
   <div class='ocr_carea' id='block_1_72' title="bbox 471 5251 2046 5324">
    <p class='ocr_par' dir='ltr' id='par_1_72' title="bbox 471 5251 2046 5324">
     <span class='ocr_line' id='line_1_73' title="bbox 471 5251 2046 5324; baseline 0.002 -20"><span class='ocrx_word' id='word_1_531' title='bbox 471 5251 799 5319; x_wconf 88' lang='lat' dir='ltr'><strong>dissolvitur;</strong></span> <span class='ocrx_word' id='word_1_532' title='bbox 832 5262 887 5308; x_wconf 89' lang='lat' dir='ltr'><strong>et</strong></span> <span class='ocrx_word' id='word_1_533' title='bbox 911 5255 1218 5323; x_wconf 89' lang='lat' dir='ltr'><strong>plerumque</strong></span> <span class='ocrx_word' id='word_1_534' title='bbox 1238 5251 1406 5324; x_wconf 83' lang='lat' dir='ltr'><strong>usque</strong></span> <span class='ocrx_word' id='word_1_535' title='bbox 1437 5254 1502 5307; x_wconf 90' lang='lat' dir='ltr'><strong>ad</strong></span> <span class='ocrx_word' id='word_1_536' title='bbox 1533 5254 1743 5308; x_wconf 89' lang='lat' dir='ltr'><strong>senium</strong></span> <span class='ocrx_word' id='word_1_537' title='bbox 1766 5252 2046 5324; x_wconf 78' lang='lat' dir='ltr'><strong>virginitas</strong></span> 
     </span>
    </p>
   </div>
   <div class='ocr_carea' id='block_1_73' title="bbox 471 5321 2042 5395">
    <p class='ocr_par' dir='ltr' id='par_1_73' title="bbox 471 5321 2042 5395">
     <span class='ocr_line' id='line_1_74' title="bbox 471 5321 2042 5395; baseline 0.001 -21"><span class='ocrx_word' id='word_1_538' title='bbox 471 5334 681 5395; x_wconf 84' lang='lat' dir='ltr'><strong>servata</strong></span> <span class='ocrx_word' id='word_1_539' title='bbox 731 5321 972 5390; x_wconf 76' lang='lat' dir='ltr'><strong>vitiatur;</strong></span> <span class='ocrx_word' id='word_1_540' title='bbox 1014 5321 1145 5393; x_wconf 78' lang='lat' dir='ltr'><strong>quia</strong></span> <span class='ocrx_word' id='word_1_541' title='bbox 1179 5321 1465 5395; x_wconf 79' lang='lat' dir='ltr'><strong>negligitur</strong></span> <span class='ocrx_word' id='word_1_542' title='bbox 1498 5323 1773 5395; x_wconf 85' lang='lat' dir='ltr'><strong>humilitas</strong></span> <span class='ocrx_word' id='word_1_543' title='bbox 1828 5321 2042 5387; x_wconf 86' lang='lat' dir='ltr'><strong>cordis,</strong></span> 
     </span>
    </p>
   </div>
   <div class='ocr_carea' id='block_1_74' title="bbox 472 5393 2045 5466">
    <p class='ocr_par' dir='ltr' id='par_1_74' title="bbox 472 5393 2045 5466">
     <span class='ocr_line' id='line_1_75' title="bbox 472 5393 2045 5466; baseline 0.003 -22"><span class='ocrx_word' id='word_1_544' title='bbox 472 5402 650 5466; x_wconf 67' lang='lat' dir='ltr'><strong>rectus</strong></span> <span class='ocrx_word' id='word_1_545' title='bbox 667 5393 829 5462; x_wconf 91' lang='lat' dir='ltr'><strong>judex</strong></span> <span class='ocrx_word' id='word_1_546' title='bbox 851 5397 1077 5464; x_wconf 73' lang='lat' dir='ltr'><strong>deSpicit</strong></span> <span class='ocrx_word' id='word_1_547' title='bbox 1104 5393 1464 5466; x_wconf 82' lang='lat' dir='ltr'><strong>integritatem</strong></span> <span class='ocrx_word' id='word_1_548' title='bbox 1495 5394 1754 5464; x_wconf 87' lang='lat' dir='ltr'><strong>corporis.</strong></span> <span class='ocrx_word' id='word_1_549' title='bbox 1790 5396 1854 5447; x_wconf 83' lang='lat' dir='ltr'><strong>Et</strong></span> <span class='ocrx_word' id='word_1_550' title='bbox 1875 5407 2045 5464; x_wconf 81' lang='lat' dir='ltr'><strong>quan-</strong></span> 
     </span>
    </p>
   </div>
   <div class='ocr_carea' id='block_1_75' title="bbox 472 5460 2044 5535">
    <p class='ocr_par' dir='ltr' id='par_1_75' title="bbox 472 5460 2044 5535">
     <span class='ocr_line' id='line_1_76' title="bbox 472 5460 2044 5535; baseline 0.003 -19"><span class='ocrx_word' id='word_1_551' title='bbox 472 5460 647 5535; x_wconf 81' lang='lat' dir='ltr'><strong>doque</strong></span> <span class='ocrx_word' id='word_1_552' title='bbox 668 5460 772 5533; x_wconf 70' lang='grc' dir='ltr'>’ρετ</span> <span class='ocrx_word' id='word_1_553' title='bbox 799 5460 1039 5534; x_wconf 83' lang='lat' dir='ltr'><strong>apertum</strong></span> <span class='ocrx_word' id='word_1_554' title='bbox 1073 5460 1269 5520; x_wconf 76' lang='lat' dir='ltr'><strong>malum</strong></span> <span class='ocrx_word' id='word_1_555' title='bbox 1298 5465 1558 5535; x_wconf 81' lang='lat' dir='ltr'><strong>reprobus</strong></span> <span class='ocrx_word' id='word_1_556' title='bbox 1588 5460 2044 5535; x_wconf 47' lang='lat' dir='ltr'><strong>annuntiatjqnos</strong></span> 
     </span>
    </p>
   </div>
   <div class='ocr_carea' id='block_1_76' title="bbox 474 5532 2043 5605">
    <p class='ocr_par' dir='ltr' id='par_1_76' title="bbox 474 5532 2043 5605">
     <span class='ocr_line' id='line_1_77' title="bbox 474 5532 2043 5605; baseline 0.003 -18"><span class='ocrx_word' id='word_1_557' title='bbox 474 5532 669 5589; x_wconf 92' lang='lat' dir='ltr'><strong>dudum</strong></span> <span class='ocrx_word' id='word_1_558' title='bbox 703 5532 961 5604; x_wconf 84' lang='lat' dir='ltr'><strong>reprobus</strong></span> <span class='ocrx_word' id='word_1_559' title='bbox 1009 5537 1064 5593; x_wconf 88' lang='lat' dir='ltr'><strong>in</strong></span> <span class='ocrx_word' id='word_1_560' title='bbox 1109 5536 1321 5593; x_wconf 89' lang='lat' dir='ltr'><strong>occulto</strong></span> <span class='ocrx_word' id='word_1_561' title='bbox 1361 5532 1644 5592; x_wconf 76' lang='lat' dir='ltr'><strong>tolerabat.</strong></span> <span class='ocrx_word' id='word_1_562' title='bbox 1673 5532 2043 5605; x_wconf 63' lang='lat' dir='ltr'><strong>Quisquis&#39;diu</strong></span> 
     </span>
    </p>
   </div>
   <div class='ocr_carea' id='block_1_77' title="bbox 475 5608 2041 5677">
    <p class='ocr_par' dir='ltr' id='par_1_77' title="bbox 475 5608 2041 5677">
     <span class='ocr_line' id='line_1_78' title="bbox 475 5608 2041 5677; baseline 0.002 -18"><span class='ocrx_word' id='word_1_563' title='bbox 475 5617 739 5677; x_wconf 72' lang='lat' dir='ltr'><strong>servatum</strong></span> <span class='ocrx_word' id='word_1_564' title='bbox 786 5608 981 5662; x_wconf 92' lang='lat' dir='ltr'><strong>bonum</strong></span> <span class='ocrx_word' id='word_1_565' title='bbox 1025 5609 1201 5664; x_wconf 88' lang='lat' dir='ltr'><strong>subito</strong></span> <span class='ocrx_word' id='word_1_566' title='bbox 1226 5609 1484 5677; x_wconf 90' lang='lat' dir='ltr'><strong>perdidit,</strong></span> <span class='ocrx_word' id='word_1_567' title='bbox 1515 5608 1654 5677; x_wconf 89' lang='lat' dir='ltr'><strong>apud</strong></span> <span class='ocrx_word' id='word_1_568' title='bbox 1693 5608 2041 5676; x_wconf 91' lang='lat' dir='ltr'><strong>semetipsum</strong></span> 
     </span>
    </p>
   </div>
   <div class='ocr_carea' id='block_1_78' title="bbox 476 5674 2045 5749">
    <p class='ocr_par' dir='ltr' id='par_1_78' title="bbox 476 5674 2045 5749">
     <span class='ocr_line' id='line_1_79' title="bbox 476 5674 2045 5749; baseline 0.004 -22"><span class='ocrx_word' id='word_1_569' title='bbox 476 5674 615 5732; x_wconf 90' lang='lat' dir='ltr'><strong>intus</strong></span> <span class='ocrx_word' id='word_1_570' title='bbox 646 5677 788 5732; x_wconf 92' lang='lat' dir='ltr'><strong>aliud</strong></span> <span class='ocrx_word' id='word_1_571' title='bbox 826 5678 1024 5733; x_wconf 88' lang='lat' dir='ltr'><strong>malum</strong></span> <span class='ocrx_word' id='word_1_572' title='bbox 1069 5674 1270 5746; x_wconf 83' lang='lat' dir='ltr'><strong>tenu&#39;it,</strong></span> <span class='ocrx_word' id='word_1_573' title='bbox 1318 5694 1383 5733; x_wconf 86' lang='lat' dir='ltr'><strong>ex</strong></span> <span class='ocrx_word' id='word_1_574' title='bbox 1432 5674 1631 5749; x_wconf 77' lang='lat' dir='ltr'><strong>quoad</strong></span> <span class='ocrx_word' id='word_1_575' title='bbox 1675 5679 1821 5733; x_wconf 88' lang='lat' dir='ltr'><strong>aliud</strong></span> <span class='ocrx_word' id='word_1_576' title='bbox 1866 5674 2045 5734; x_wconf 78' lang='lat' dir='ltr'><strong>subito</strong></span> 
     </span>
    </p>
   </div>
   <div class='ocr_carea' id='block_1_79' title="bbox 477 5749 2045 5819">
    <p class='ocr_par' dir='ltr' id='par_1_79' title="bbox 477 5749 2045 5819">
     <span class='ocr_line' id='line_1_80' title="bbox 477 5749 2045 5819; baseline 0.006 -24"><span class='ocrx_word' id='word_1_577' title='bbox 477 5750 666 5819; x_wconf 84' lang='lat' dir='ltr'><strong>erupit.</strong></span> <span class='ocrx_word' id='word_1_578' title='bbox 703 5749 804 5805; x_wconf 92' lang='lat' dir='ltr'><strong>Per</strong></span> <span class='ocrx_word' id='word_1_579' title='bbox 848 5750 989 5819; x_wconf 91' lang='lat' dir='ltr'><strong>quod</strong></span> <span class='ocrx_word' id='word_1_580' title='bbox 1038 5751 1105 5804; x_wconf 89' lang='lat' dir='ltr'><strong>ab</strong></span> <span class='ocrx_word' id='word_1_581' title='bbox 1154 5750 1518 5819; x_wconf 81' lang='lat' dir='ltr'><strong>omnipotente</strong></span> <span class='ocrx_word' id='word_1_582' title='bbox 1563 5751 1673 5806; x_wconf 90' lang='lat' dir='ltr'><strong>Deo</strong></span> <span class='ocrx_word' id='word_1_583' title='bbox 1707 5751 1868 5804; x_wconf 88' lang='lat' dir='ltr'><strong>etiam</strong></span> <span class='ocrx_word' id='word_1_584' title='bbox 1920 5761 2045 5805; x_wconf 91' lang='lat' dir='ltr'><strong>tunc</strong></span> 
     </span>
    </p>
   </div>
   <div class='ocr_carea' id='block_1_80' title="bbox 479 5816 2044 5892">
    <p class='ocr_par' dir='ltr' id='par_1_80' title="bbox 479 5816 2044 5892">
     <span class='ocr_line' id='line_1_81' title="bbox 479 5816 2044 5892; baseline 0.006 -24"><span class='ocrx_word' id='word_1_585' title='bbox 479 5816 677 5873; x_wconf 82' lang='lat' dir='ltr'><strong>alienus</strong></span> <span class='ocrx_word' id='word_1_586' title='bbox 706 5816 930 5888; x_wconf 84' lang='lat' dir='ltr'><strong>exstitit,</strong></span> <span class='ocrx_word' id='word_1_587' title='bbox 955 5821 1169 5892; x_wconf 87' lang='lat' dir='ltr'><strong>quando</strong></span> <span class='ocrx_word' id='word_1_588' title='bbox 1192 5835 1253 5879; x_wconf 89' lang='lat' dir='ltr'><strong>se</strong></span> <span class='ocrx_word' id='word_1_589' title='bbox 1274 5816 1321 5877; x_wconf 82' lang='lat' dir='ltr'><strong>ei</strong></span> <span class='ocrx_word' id='word_1_590' title='bbox 1355 5836 1448 5891; x_wconf 89' lang='lat' dir='ltr'><strong>per</strong></span> <span class='ocrx_word' id='word_1_591' title='bbox 1466 5822 1777 5875; x_wconf 88' lang='lat' dir='ltr'><strong>munditiam</strong></span> <span class='ocrx_word' id='word_1_592' title='bbox 1799 5825 2044 5891; x_wconf 87' lang='lat' dir='ltr'><strong>corporis</strong></span> 
     </span>
    </p>
   </div>
   <div class='ocr_carea' id='block_1_81' title="bbox 2072 4514 2125 4574">
    <p class='ocr_par' dir='ltr' id='par_1_81' title="bbox 2072 4514 2125 4574">
     <span class='ocr_line' id='line_1_82' title="bbox 2072 4514 2125 4574; baseline 0 0"><span class='ocrx_word' id='word_1_593' title='bbox 2072 4514 2125 4574; x_wconf 88' lang='lat' dir='ltr'><strong>D</strong></span> 
     </span>
    </p>
   </div>
   <div class='ocr_carea' id='block_1_82' title="bbox 2140 492 3719 567">
    <p class='ocr_par' dir='ltr' id='par_1_82' title="bbox 2140 492 3719 567">
     <span class='ocr_line' id='line_1_83' title="bbox 2140 492 3719 567; baseline 0.004 -21"><span class='ocrx_word' id='word_1_594' title='bbox 2140 493 2271 567; x_wconf 62' lang='lat' dir='ltr'><strong>tari,</strong></span> <span class='ocrx_word' id='word_1_595' title='bbox 2302 503 2577 562; x_wconf 89' lang='lat' dir='ltr'><strong>peccatum</strong></span> <span class='ocrx_word' id='word_1_596' title='bbox 2638 502 2738 548; x_wconf 90' lang='lat' dir='ltr'><strong>est.</strong></span> <span class='ocrx_word' id='word_1_597' title='bbox 2773 492 2930 560; x_wconf 88' lang='lat' dir='ltr'><strong>Quo,</strong></span> <span class='ocrx_word' id='word_1_598' title='bbox 2983 492 3104 564; x_wconf 77' lang='lat' dir='ltr'><strong>quia</strong></span> <span class='ocrx_word' id='word_1_599' title='bbox 3158 492 3389 565; x_wconf 80' lang='lat' dir='ltr'><strong>quandiu</strong></span> <span class='ocrx_word' id='word_1_600' title='bbox 3446 498 3719 567; x_wconf 87' lang='lat' dir='ltr'><strong>vivimus,</strong></span> 
     </span>
    </p>
   </div>
   <div class='ocr_carea' id='block_1_83' title="bbox 2140 563 3727 635">
    <p class='ocr_par' dir='ltr' id='par_1_83' title="bbox 2140 563 3727 635">
     <span class='ocr_line' id='line_1_84' title="bbox 2140 563 3727 635; baseline 0.006 -20"><span class='ocrx_word' id='word_1_601' title='bbox 2140 563 2373 631; x_wconf 88' lang='lat' dir='ltr'><strong>perfecte</strong></span> <span class='ocrx_word' id='word_1_602' title='bbox 2423 567 2642 619; x_wconf 90' lang='lat' dir='ltr'><strong>omnino</strong></span> <span class='ocrx_word' id='word_1_603' title='bbox 2673 579 2778 618; x_wconf 93' lang='lat' dir='ltr'><strong>non</strong></span> <span class='ocrx_word' id='word_1_604' title='bbox 2828 563 3091 633; x_wconf 84' lang='lat' dir='ltr'><strong>caremus,</strong></span> <span class='ocrx_word' id='word_1_605' title='bbox 3122 563 3346 624; x_wconf 81' lang='lat' dir='ltr'><strong>scientia</strong></span> <span class='ocrx_word' id='word_1_606' title='bbox 3400 563 3727 635; x_wconf 59' lang='lat' dir='ltr'><strong>praedicato-</strong></span> 
     </span>
    </p>
   </div>
   <div class='ocr_carea' id='block_1_84' title="bbox 2140 635 3720 708">
    <p class='ocr_par' dir='ltr' id='par_1_84' title="bbox 2140 635 3720 708">
     <span class='ocr_line' id='line_1_85' title="bbox 2140 635 3720 708; baseline 0.005 -20"><span class='ocrx_word' id='word_1_607' title='bbox 2140 650 2405 708; x_wconf 83' lang='lat' dir='ltr'><strong>rumcum</strong></span> <span class='ocrx_word' id='word_1_608' title='bbox 2437 637 2537 690; x_wconf 89' lang='lat' dir='ltr'><strong>hoc</strong></span> <span class='ocrx_word' id='word_1_609' title='bbox 2564 637 2831 708; x_wconf 80' lang='lat' dir='ltr'><strong>expellere</strong></span> <span class='ocrx_word' id='word_1_610' title='bbox 2857 635 3013 706; x_wconf 92' lang='lat' dir='ltr'><strong>plene</strong></span> <span class='ocrx_word' id='word_1_611' title='bbox 3030 652 3133 693; x_wconf 93' lang='lat' dir='ltr'><strong>non</strong></span> <span class='ocrx_word' id='word_1_612' title='bbox 3157 640 3347 708; x_wconf 91' lang='lat' dir='ltr'><strong>potuit,</strong></span> <span class='ocrx_word' id='word_1_613' title='bbox 3372 639 3421 694; x_wconf 92' lang='lat' dir='ltr'><strong>ei</strong></span> <span class='ocrx_word' id='word_1_614' title='bbox 3442 638 3510 693; x_wconf 86' lang='lat' dir='ltr'><strong>de</strong></span> <span class='ocrx_word' id='word_1_615' title='bbox 3532 650 3720 696; x_wconf 88' lang='lat' dir='ltr'><strong>nostro</strong></span> 
     </span>
    </p>
   </div>
   <div class='ocr_carea' id='block_1_85' title="bbox 2140 705 3717 779">
    <p class='ocr_par' dir='ltr' id='par_1_85' title="bbox 2140 705 3717 779">
     <span class='ocr_line' id='line_1_86' title="bbox 2140 705 3717 779; baseline 0.004 -21"><span class='ocrx_word' id='word_1_616' title='bbox 2140 705 2319 779; x_wconf 82' lang='lat' dir='ltr'><strong>cordis</strong></span> <span class='ocrx_word' id='word_1_617' title='bbox 2348 706 2650 761; x_wconf 86' lang='lat' dir='ltr'><strong>hahitaculo</strong></span> <span class='ocrx_word' id='word_1_618' title='bbox 2678 721 2897 775; x_wconf 88' lang='lat' dir='ltr'><strong>regnum</strong></span> <span class='ocrx_word' id='word_1_619' title='bbox 2927 709 3068 773; x_wconf 82' lang='lat' dir='ltr'><strong>tulit,</strong></span> <span class='ocrx_word' id='word_1_620' title='bbox 3100 705 3445 779; x_wconf 39' lang='lat' dir='ltr'><strong>ut’appetitus</strong></span> <span class='ocrx_word' id='word_1_621' title='bbox 3470 711 3717 776; x_wconf 85' lang='lat' dir='ltr'><strong>illicitos,</strong></span> 
     </span>
    </p>
   </div>
   <div class='ocr_carea' id='block_1_86' title="bbox 2138 777 3708 849">
    <p class='ocr_par' dir='ltr' id='par_1_86' title="bbox 2138 777 3708 849">
     <span class='ocr_line' id='line_1_87' title="bbox 2138 777 3708 849; baseline 0.004 -19"><span class='ocrx_word' id='word_1_622' title='bbox 2138 778 2237 831; x_wconf 89' lang='lat' dir='ltr'><strong>etsi</strong></span> <span class='ocrx_word' id='word_1_623' title='bbox 2272 777 2580 849; x_wconf 87' lang='lat' dir='ltr'><strong>plerumque</strong></span> <span class='ocrx_word' id='word_1_624' title='bbox 2618 779 2773 833; x_wconf 93' lang='lat' dir='ltr'><strong>bonis</strong></span> <span class='ocrx_word' id='word_1_625' title='bbox 2820 780 3015 833; x_wconf 90' lang='lat' dir='ltr'><strong>nostris</strong></span> <span class='ocrx_word' id='word_1_626' title='bbox 3053 777 3460 849; x_wconf 79' lang='lat' dir='ltr'><strong>cogitationibus</strong></span> <span class='ocrx_word' id='word_1_627' title='bbox 3489 782 3708 836; x_wconf 82' lang='lat' dir='ltr'><strong>occulte</strong></span> 
     </span>
    </p>
   </div>
   <div class='ocr_carea' id='block_1_87' title="bbox 2140 848 3721 923">
    <p class='ocr_par' dir='ltr' id='par_1_87' title="bbox 2140 848 3721 923">
     <span class='ocr_line' id='line_1_88' title="bbox 2140 848 3721 923; baseline 0.004 -22"><span class='ocrx_word' id='word_1_628' title='bbox 2140 861 2199 902; x_wconf 91' lang='lat' dir='ltr'><strong>se</strong></span> <span class='ocrx_word' id='word_1_629' title='bbox 2225 848 2492 923; x_wconf 76' lang='lat' dir='ltr'><strong>quasi_fur</strong></span> <span class='ocrx_word' id='word_1_630' title='bbox 2520 850 2738 923; x_wconf 72' lang='lat' dir='ltr'><strong>inserit,</strong></span> <span class='ocrx_word' id='word_1_631' title='bbox 2775 850 2975 923; x_wconf 63' lang='lat' dir='ltr'><strong>saltent</strong></span> <span class='ocrx_word' id='word_1_632' title='bbox 2994 866 3038 906; x_wconf 89' lang='lat' dir='ltr'><strong>st</strong></span> <span class='ocrx_word' id='word_1_633' title='bbox 3067 851 3380 923; x_wconf 88' lang='lat' dir='ltr'><strong>ingreditur,</strong></span> <span class='ocrx_word' id='word_1_634' title='bbox 3411 866 3516 906; x_wconf 90' lang='lat' dir='ltr'><strong>non</strong></span> <span class='ocrx_word' id='word_1_635' title='bbox 3544 851 3721 907; x_wconf 86' lang='lat' dir='ltr'><strong>domi-</strong></span> 
     </span>
    </p>
   </div>
   <div class='ocr_carea' id='block_1_88' title="bbox 2141 917 3004 991">
    <p class='ocr_par' dir='ltr' id='par_1_88' title="bbox 2141 917 3004 991">
     <span class='ocr_line' id='line_1_89' title="bbox 2141 917 3004 991; baseline 0.003 -20"><span class='ocrx_word' id='word_1_636' title='bbox 2141 917 2299 991; x_wconf 84' lang='lat' dir='ltr'><strong>netur</strong></span> <span class='ocrx_word' id='word_1_637' title='bbox 2330 917 2531 991; x_wconf 84' lang='lat' dir='ltr'><strong>(Greg.,</strong></span> <span class='ocrx_word' id='word_1_638' title='bbox 2563 918 2755 991; x_wconf 73' lang='lat' dir='ltr'><strong>Morel.</strong></span> <span class='ocrx_word' id='word_1_639' title='bbox 2785 936 2894 985; x_wconf 89' lang='lat' dir='ltr'><strong>xxt,</strong></span> <span class='ocrx_word' id='word_1_640' title='bbox 2928 919 3004 991; x_wconf 79' lang='grc'><strong>5).</strong></span> 
     </span>
    </p>
   </div>
   <div class='ocr_carea' id='block_1_89' title="bbox 2210 990 3725 1063">
    <p class='ocr_par' dir='ltr' id='par_1_89' title="bbox 2210 990 3725 1063">
     <span class='ocr_line' id='line_1_90' title="bbox 2210 990 3725 1063; baseline 0.004 -20"><span class='ocrx_word' id='word_1_641' title='bbox 2210 990 2354 1063; x_wconf 56' lang='grc' dir='ltr'><strong>(ΞΜ).Δ</strong></span> <span class='ocrx_word' id='word_1_642' title='bbox 2392 990 2549 1063; x_wconf 85' lang='lat' dir='ltr'><strong>xxxv.</strong></span> <span class='ocrx_word' id='word_1_643' title='bbox 2601 990 2677 1044; x_wconf 85' lang='lat' dir='ltr'><strong>De</strong></span> <span class='ocrx_word' id='word_1_644' title='bbox 2716 1000 2923 1060; x_wconf 81' lang='lat' dir='ltr'><strong>torpore</strong></span> <span class='ocrx_word' id='word_1_645' title='bbox 2966 990 3149 1047; x_wconf 82' lang='lat' dir='ltr'><strong>animi.</strong></span> <span class='ocrx_word' id='word_1_646' title='bbox 3193 1022 3265 1034; x_wconf 90' lang='lat'>—</span> <span class='ocrx_word' id='word_1_647' title='bbox 3302 994 3353 1047; x_wconf 91' lang='grc'><strong>1.</strong></span> <span class='ocrx_word' id='word_1_648' title='bbox 3400 992 3725 1063; x_wconf 85' lang='lat' dir='ltr'><strong>Plerumque</strong></span> 
     </span>
    </p>
   </div>
   <div class='ocr_carea' id='block_1_90' title="bbox 2140 1060 3726 1120">
    <p class='ocr_par' dir='ltr' id='par_1_90' title="bbox 2140 1060 3726 1120">
     <span class='ocr_line' id='line_1_91' title="bbox 2140 1060 3726 1120; baseline 0.003 -6"><span class='ocrx_word' id='word_1_649' title='bbox 2140 1075 2294 1114; x_wconf 90' lang='lat' dir='ltr'><strong>mens</strong></span> <span class='ocrx_word' id='word_1_650' title='bbox 2343 1060 2575 1116; x_wconf 88' lang='lat' dir='ltr'><strong>hominis</strong></span> <span class='ocrx_word' id='word_1_651' title='bbox 2615 1077 2645 1115; x_wconf 87' lang='lat' dir='ltr'><strong>a</strong></span> <span class='ocrx_word' id='word_1_652' title='bbox 2683 1076 2806 1115; x_wconf 87' lang='lat' dir='ltr'><strong>cura</strong></span> <span class='ocrx_word' id='word_1_653' title='bbox 2858 1077 2971 1117; x_wconf 64' lang='lat' dir='ltr'><strong>suae</strong></span> <span class='ocrx_word' id='word_1_654' title='bbox 3023 1063 3404 1119; x_wconf 89' lang='lat' dir='ltr'><strong>sollicitudinis</strong></span> <span class='ocrx_word' id='word_1_655' title='bbox 3448 1060 3726 1120; x_wconf 82' lang='lat' dir='ltr'><strong>dormiens</strong></span> 
     </span>
    </p>
   </div>
   <div class='ocr_carea' id='block_1_91' title="bbox 2141 1132 3725 1203">
    <p class='ocr_par' dir='ltr' id='par_1_91' title="bbox 2141 1132 3725 1203">
     <span class='ocr_line' id='line_1_92' title="bbox 2141 1132 3725 1203; baseline 0.004 -18"><span class='ocrx_word' id='word_1_656' title='bbox 2141 1132 2473 1195; x_wconf 86' lang='lat' dir='ltr'><strong>verberatur,</strong></span> <span class='ocrx_word' id='word_1_657' title='bbox 2504 1142 2558 1187; x_wconf 87' lang='lat' dir='ltr'><strong>et</strong></span> <span class='ocrx_word' id='word_1_658' title='bbox 2584 1146 2690 1186; x_wconf 90' lang='lat' dir='ltr'><strong>non</strong></span> <span class='ocrx_word' id='word_1_659' title='bbox 2719 1133 2889 1199; x_wconf 90' lang='lat' dir='ltr'><strong>dolet,</strong></span> <span class='ocrx_word' id='word_1_660' title='bbox 2919 1135 3043 1203; x_wconf 88' lang='lat' dir='ltr'><strong>quia</strong></span> <span class='ocrx_word' id='word_1_661' title='bbox 3075 1134 3211 1188; x_wconf 91' lang='lat' dir='ltr'><strong>sicut</strong></span> <span class='ocrx_word' id='word_1_662' title='bbox 3252 1134 3550 1190; x_wconf 89' lang='lat' dir='ltr'><strong>imminenti</strong></span> <span class='ocrx_word' id='word_1_663' title='bbox 3578 1136 3725 1191; x_wconf 87' lang='lat' dir='ltr'><strong>malo</strong></span> 
     </span>
    </p>
   </div>
   <div class='ocr_carea' id='block_1_92' title="bbox 2141 1204 3723 1276">
    <p class='ocr_par' dir='ltr' id='par_1_92' title="bbox 2141 1204 3723 1276">
     <span class='ocr_line' id='line_1_93' title="bbox 2141 1204 3723 1276; baseline 0.004 -22"><span class='ocrx_word' id='word_1_664' title='bbox 2141 1204 2531 1276; x_wconf 22' lang='lat' dir='ltr'><strong>non‘prospicit</strong></span> <span class='ocrx_word' id='word_1_665' title='bbox 2556 1245 2571 1268; x_wconf 95' lang='lat'><strong>,</strong></span> <span class='ocrx_word' id='word_1_666' title='bbox 2626 1206 2702 1258; x_wconf 88' lang='lat' dir='ltr'><strong>sic</strong></span> <span class='ocrx_word' id='word_1_667' title='bbox 2733 1218 2904 1274; x_wconf 89' lang='lat' dir='ltr'><strong>neque</strong></span> <span class='ocrx_word' id='word_1_668' title='bbox 2936 1204 2981 1258; x_wconf 92' lang='lat' dir='ltr'><strong>si</strong></span> <span class='ocrx_word' id='word_1_669' title='bbox 3016 1206 3424 1274; x_wconf 87' lang='lat' dir='ltr'><strong>perpetraverit,</strong></span> <span class='ocrx_word' id='word_1_670' title='bbox 3458 1206 3723 1276; x_wconf 85' lang='lat' dir='ltr'><strong>agnoscit.</strong></span> 
     </span>
    </p>
   </div>
   <div class='ocr_carea' id='block_1_93' title="bbox 2141 1271 3731 1344">
    <p class='ocr_par' dir='ltr' id='par_1_93' title="bbox 2141 1271 3731 1344">
     <span class='ocr_line' id='line_1_94' title="bbox 2141 1271 3731 1344; baseline 0.003 -17"><span class='ocrx_word' id='word_1_671' title='bbox 2141 1271 2415 1344; x_wconf 86' lang='lat' dir='ltr'><strong>Trahitur,</strong></span> <span class='ocrx_word' id='word_1_672' title='bbox 2447 1284 2501 1329; x_wconf 91' lang='lat' dir='ltr'><strong>et</strong></span> <span class='ocrx_word' id='word_1_673' title='bbox 2542 1271 2875 1343; x_wconf 78' lang='lat' dir='ltr'><strong>nequaquam</strong></span> <span class='ocrx_word' id='word_1_674' title='bbox 2923 1271 3123 1341; x_wconf 78' lang='lat' dir='ltr'><strong>sentit,</strong></span> <span class='ocrx_word' id='word_1_675' title='bbox 3144 1277 3267 1343; x_wconf 90' lang='lat' dir='ltr'><strong>quia</strong></span> <span class='ocrx_word' id='word_1_676' title='bbox 3314 1271 3419 1344; x_wconf 15' lang='lat' dir='ltr'><strong>per»</strong></span> <span class='ocrx_word' id='word_1_677' title='bbox 3444 1271 3731 1332; x_wconf 70' lang='lat' dir='ltr'><strong>illecebras</strong></span> 
     </span>
    </p>
   </div>
   <div class='ocr_carea' id='block_1_94' title="bbox 2141 1343 3733 1410">
    <p class='ocr_par' dir='ltr' id='par_1_94' title="bbox 2141 1343 3733 1410">
     <span class='ocr_line' id='line_1_95' title="bbox 2141 1343 3733 1410; baseline 0.004 -13"><span class='ocrx_word' id='word_1_678' title='bbox 2141 1343 2388 1399; x_wconf 92' lang='lat' dir='ltr'><strong>vitiorum</strong></span> <span class='ocrx_word' id='word_1_679' title='bbox 2416 1345 2648 1410; x_wconf 89' lang='lat' dir='ltr'><strong>ducitur,</strong></span> <span class='ocrx_word' id='word_1_680' title='bbox 2683 1359 2780 1400; x_wconf 89' lang='lat' dir='ltr'><strong>nec</strong></span> <span class='ocrx_word' id='word_1_681' title='bbox 2824 1356 2999 1402; x_wconf 90' lang='lat' dir='ltr'><strong>tamen</strong></span> <span class='ocrx_word' id='word_1_682' title='bbox 3029 1348 3094 1400; x_wconf 93' lang='lat' dir='ltr'><strong>ad</strong></span> <span class='ocrx_word' id='word_1_683' title='bbox 3125 1349 3207 1402; x_wconf 89' lang='lat' dir='ltr'><strong>sui</strong></span> <span class='ocrx_word' id='word_1_684' title='bbox 3236 1343 3534 1402; x_wconf 84' lang='lat' dir='ltr'><strong>custodiam</strong></span> <span class='ocrx_word' id='word_1_685' title='bbox 3556 1345 3733 1403; x_wconf 79' lang='lat' dir='ltr'><strong>susci-</strong></span> 
     </span>
    </p>
   </div>
   <div class='ocr_carea' id='block_1_95' title="bbox 2143 1416 3731 1487">
    <p class='ocr_par' dir='ltr' id='par_1_95' title="bbox 2143 1416 3731 1487">
     <span class='ocr_line' id='line_1_96' title="bbox 2143 1416 3731 1487; baseline 0.002 -18"><span class='ocrx_word' id='word_1_686' title='bbox 2143 1423 2304 1469; x_wconf 84' lang='lat' dir='ltr'><strong>tatur.</strong></span> <span class='ocrx_word' id='word_1_687' title='bbox 2336 1416 2590 1482; x_wconf 84' lang='lat' dir='ltr'><strong>Quamvis</strong></span> <span class='ocrx_word' id='word_1_688' title='bbox 2638 1431 2829 1470; x_wconf 89' lang='lat' dir='ltr'><strong>somno</strong></span> <span class='ocrx_word' id='word_1_689' title='bbox 2857 1417 3088 1484; x_wconf 89' lang='lat' dir='ltr'><strong>torporis</strong></span> <span class='ocrx_word' id='word_1_690' title='bbox 3117 1431 3145 1470; x_wconf 89' lang='lat' dir='ltr'><strong>a</strong></span> <span class='ocrx_word' id='word_1_691' title='bbox 3192 1419 3273 1472; x_wconf 91' lang='lat' dir='ltr'><strong>sui</strong></span> <span class='ocrx_word' id='word_1_692' title='bbox 3303 1419 3547 1473; x_wconf 89' lang='lat' dir='ltr'><strong>custodia</strong></span> <span class='ocrx_word' id='word_1_693' title='bbox 3575 1420 3731 1487; x_wconf 86' lang='lat' dir='ltr'><strong>quis-</strong></span> 
     </span>
    </p>
   </div>
   <div class='ocr_carea' id='block_1_96' title="bbox 2147 1488 3728 1558">
    <p class='ocr_par' dir='ltr' id='par_1_96' title="bbox 2147 1488 3728 1558">
     <span class='ocr_line' id='line_1_97' title="bbox 2147 1488 3728 1558; baseline 0.003 -19"><span class='ocrx_word' id='word_1_694' title='bbox 2147 1500 2252 1554; x_wconf 89' lang='lat' dir='ltr'><strong>que</strong></span> <span class='ocrx_word' id='word_1_695' title='bbox 2283 1496 2575 1555; x_wconf 90' lang='lat' dir='ltr'><strong>prematur,</strong></span> <span class='ocrx_word' id='word_1_696' title='bbox 2606 1489 2825 1558; x_wconf 89' lang='lat' dir='ltr'><strong>vigilare</strong></span> <span class='ocrx_word' id='word_1_697' title='bbox 2841 1496 3018 1543; x_wconf 90' lang='lat' dir='ltr'><strong>tamen</strong></span> <span class='ocrx_word' id='word_1_698' title='bbox 3040 1488 3108 1544; x_wconf 87' lang='lat' dir='ltr'><strong>ad</strong></span> <span class='ocrx_word' id='word_1_699' title='bbox 3132 1503 3291 1544; x_wconf 89' lang='lat' dir='ltr'><strong>curas</strong></span> <span class='ocrx_word' id='word_1_700' title='bbox 3311 1490 3494 1545; x_wconf 61' lang='lat' dir='ltr'><strong>seculi</strong></span> <span class='ocrx_word' id='word_1_701' title='bbox 3518 1490 3728 1555; x_wconf 87' lang='lat' dir='ltr'><strong>nititur,</strong></span> 
     </span>
    </p>
   </div>
   <div class='ocr_carea' id='block_1_97' title="bbox 2143 1558 3730 1627">
    <p class='ocr_par' dir='ltr' id='par_1_97' title="bbox 2143 1558 3730 1627">
     <span class='ocr_line' id='line_1_98' title="bbox 2143 1558 3730 1627; baseline 0.003 -17"><span class='ocrx_word' id='word_1_702' title='bbox 2143 1567 2202 1610; x_wconf 90' lang='lat' dir='ltr'><strong>nt</strong></span> <span class='ocrx_word' id='word_1_703' title='bbox 2253 1572 2465 1627; x_wconf 88' lang='lat' dir='ltr'><strong>semper</strong></span> <span class='ocrx_word' id='word_1_704' title='bbox 2494 1560 2852 1627; x_wconf 87' lang='lat' dir='ltr'><strong>voluptatibus</strong></span> <span class='ocrx_word' id='word_1_705' title='bbox 2901 1560 3196 1614; x_wconf 86' lang='lat' dir='ltr'><strong>debrietur.</strong></span> <span class='ocrx_word' id='word_1_706' title='bbox 3248 1561 3315 1614; x_wconf 88' lang='lat' dir='ltr'><strong>Et</strong></span> <span class='ocrx_word' id='word_1_707' title='bbox 3352 1574 3473 1615; x_wconf 90' lang='lat' dir='ltr'><strong>cum</strong></span> <span class='ocrx_word' id='word_1_708' title='bbox 3500 1560 3567 1614; x_wconf 89' lang='lat' dir='ltr'><strong>ad</strong></span> <span class='ocrx_word' id='word_1_709' title='bbox 3598 1558 3730 1614; x_wconf 89' lang='lat' dir='ltr'><strong>illud</strong></span> 
     </span>
    </p>
   </div>
   <div class='ocr_carea' id='block_1_98' title="bbox 2144 1628 3732 1699">
    <p class='ocr_par' dir='ltr' id='par_1_98' title="bbox 2144 1628 3732 1699">
     <span class='ocr_line' id='line_1_99' title="bbox 2144 1628 3732 1699; baseline 0.001 -17"><span class='ocrx_word' id='word_1_710' title='bbox 2144 1628 2406 1695; x_wconf 90' lang='lat' dir='ltr'><strong>dormiat,</strong></span> <span class='ocrx_word' id='word_1_711' title='bbox 2447 1631 2498 1682; x_wconf 90' lang='lat' dir='ltr'><strong>in</strong></span> <span class='ocrx_word' id='word_1_712' title='bbox 2544 1644 2650 1695; x_wconf 89' lang='lat' dir='ltr'><strong>quo</strong></span> <span class='ocrx_word' id='word_1_713' title='bbox 2674 1630 2901 1684; x_wconf 86' lang='lat' dir='ltr'><strong>solerter</strong></span> <span class='ocrx_word' id='word_1_714' title='bbox 2927 1631 3146 1699; x_wconf 84' lang='lat' dir='ltr'><strong>vigilare</strong></span> <span class='ocrx_word' id='word_1_715' title='bbox 3175 1631 3467 1695; x_wconf 88' lang='lat' dir='ltr'><strong>debuerat,</strong></span> <span class='ocrx_word' id='word_1_716' title='bbox 3496 1631 3562 1685; x_wconf 91' lang='lat' dir='ltr'><strong>ad</strong></span> <span class='ocrx_word' id='word_1_717' title='bbox 3594 1628 3732 1685; x_wconf 87' lang='lat' dir='ltr'><strong>illud</strong></span> 
     </span>
    </p>
   </div>
   <div class='ocr_carea' id='block_1_99' title="bbox 2145 1699 3733 1769">
    <p class='ocr_par' dir='ltr' id='par_1_99' title="bbox 2145 1699 3733 1769">
     <span class='ocr_line' id='line_1_100' title="bbox 2145 1699 3733 1769; baseline 0.002 -18"><span class='ocrx_word' id='word_1_718' title='bbox 2145 1699 2367 1768; x_wconf 87' lang='lat' dir='ltr'><strong>vigilare</strong></span> <span class='ocrx_word' id='word_1_719' title='bbox 2388 1700 2613 1769; x_wconf 86' lang='lat' dir='ltr'><strong>appetit,</strong></span> <span class='ocrx_word' id='word_1_720' title='bbox 2638 1700 2703 1753; x_wconf 92' lang='lat' dir='ltr'><strong>ad</strong></span> <span class='ocrx_word' id='word_1_721' title='bbox 2731 1702 2872 1769; x_wconf 86' lang='lat' dir='ltr'><strong>quod</strong></span> <span class='ocrx_word' id='word_1_722' title='bbox 2905 1699 3239 1757; x_wconf 89' lang='lat' dir='ltr'><strong>laudabiliter</strong></span> <span class='ocrx_word' id='word_1_723' title='bbox 3258 1702 3496 1757; x_wconf 90' lang='lat' dir='ltr'><strong>dormire</strong></span> <span class='ocrx_word' id='word_1_724' title='bbox 3524 1700 3733 1769; x_wconf 80' lang='lat' dir='ltr'><strong>patuis-</strong></span> 
     </span>
    </p>
   </div>
   <div class='ocr_carea' id='block_1_100' title="bbox 3575 1772 3735 1827">
    <p class='ocr_par' dir='ltr' id='par_1_100' title="bbox 3575 1772 3735 1827">
     <span class='ocr_line' id='line_1_101' title="bbox 3575 1772 3735 1827; baseline -0.006 0"><span class='ocrx_word' id='word_1_725' title='bbox 3575 1772 3735 1827; x_wconf 79' lang='lat' dir='ltr'><strong>teris</strong></span> 
     </span>
    </p>
   </div>
   <div class='ocr_carea' id='block_1_101' title="bbox 2145 1841 3737 1915">
    <p class='ocr_par' dir='ltr' id='par_1_101' title="bbox 2145 1841 3737 1915">
     <span class='ocr_line' id='line_1_102' title="bbox 2145 1841 3737 1915; baseline 0.002 -22"><span class='ocrx_word' id='word_1_726' title='bbox 2145 1841 2293 1915; x_wconf 73' lang='lat' dir='ltr'><strong>quasi</strong></span> <span class='ocrx_word' id='word_1_727' title='bbox 2332 1843 2591 1915; x_wconf 79' lang='lat' dir='ltr'><strong>dormiens</strong></span> <span class='ocrx_word' id='word_1_728' title='bbox 2622 1843 2895 1915; x_wconf 63' lang='lat' dir='ltr'><strong>inmerito</strong></span> <span class='ocrx_word' id='word_1_729' title='bbox 2922 1843 3103 1915; x_wconf 74' lang='lat' dir='ltr'><strong>maris,</strong></span> <span class='ocrx_word' id='word_1_730' title='bbox 3151 1851 3199 1898; x_wconf 83' lang='lat' dir='ltr'><strong>et</strong></span> <span class='ocrx_word' id='word_1_731' title='bbox 3234 1844 3606 1915; x_wconf 22' lang='lat' dir='ltr'><strong>quasiﬂsOpitus</strong></span> <span class='ocrx_word' id='word_1_732' title='bbox 3636 1859 3737 1915; x_wconf 74' lang='lat' dir='ltr'><strong>git-</strong></span> 
     </span>
    </p>
   </div>
   <div class='ocr_carea' id='block_1_102' title="bbox 2149 1912 3737 1996">
    <p class='ocr_par' dir='ltr' id='par_1_102' title="bbox 2149 1912 3737 1996">
     <span class='ocr_line' id='line_1_103' title="bbox 2149 1912 3737 1996; baseline 0.001 -30"><span class='ocrx_word' id='word_1_733' title='bbox 2149 1912 2382 1994; x_wconf 60' lang='lat' dir='ltr'><strong>bernator</strong></span> <span class='ocrx_word' id='word_1_734' title='bbox 2411 1914 2597 1996; x_wconf 46' lang='lat' dir='ltr'><strong>amisso</strong></span> <span class='ocrx_word' id='word_1_735' title='bbox 2642 1914 2782 1996; x_wconf 77' lang='lat' dir='ltr'><strong>clavo</strong></span> <span class='ocrx_word' id='word_1_736' title='bbox 2830 1912 3103 1996; x_wconf 65' lang='lat' dir='ltr'><strong>(Prouerb.</strong></span> <span class='ocrx_word' id='word_1_737' title='bbox 3144 1912 3298 1996; x_wconf 64' lang='lat' dir='ltr'><strong>xxiii,</strong></span> <span class='ocrx_word' id='word_1_738' title='bbox 3330 1912 3737 1996; x_wconf 66' lang='lat' dir='ltr'><strong>54)._lnmedio</strong></span> 
     </span>
    </p>
   </div>
   <div class='ocr_carea' id='block_1_103' title="bbox 2149 1984 3735 2054">
    <p class='ocr_par' dir='ltr' id='par_1_103' title="bbox 2149 1984 3735 2054">
     <span class='ocr_line' id='line_1_104' title="bbox 2149 1984 3735 2054; baseline 0.001 -15"><span class='ocrx_word' id='word_1_739' title='bbox 2149 1984 2291 2039; x_wconf 88' lang='lat' dir='ltr'><strong>enim</strong></span> <span class='ocrx_word' id='word_1_740' title='bbox 2328 1986 2490 2038; x_wconf 88' lang='lat' dir='ltr'><strong>maris</strong></span> <span class='ocrx_word' id='word_1_741' title='bbox 2524 1984 2739 2049; x_wconf 81' lang='lat' dir='ltr'><strong>dormit,</strong></span> <span class='ocrx_word' id='word_1_742' title='bbox 2765 1984 2877 2054; x_wconf 91' lang='lat' dir='ltr'><strong>qui,</strong></span> <span class='ocrx_word' id='word_1_743' title='bbox 2909 1984 2962 2038; x_wconf 91' lang='lat' dir='ltr'><strong>iu</strong></span> <span class='ocrx_word' id='word_1_744' title='bbox 2996 1984 3299 2054; x_wconf 89' lang='lat' dir='ltr'><strong>hujusmodi</strong></span> <span class='ocrx_word' id='word_1_745' title='bbox 3348 1984 3735 2046; x_wconf 76' lang='lat' dir='ltr'><strong>tentationibus</strong></span> 
     </span>
    </p>
   </div>
   <div class='ocr_carea' id='block_1_104' title="bbox 2150 2054 3737 2123">
    <p class='ocr_par' dir='ltr' id='par_1_104' title="bbox 2150 2054 3737 2123">
     <span class='ocr_line' id='line_1_105' title="bbox 2150 2054 3737 2123; baseline 0.002 -16"><span class='ocrx_word' id='word_1_746' title='bbox 2150 2054 2376 2121; x_wconf 82' lang='lat' dir='ltr'><strong>positus,</strong></span> <span class='ocrx_word' id='word_1_747' title='bbox 2408 2054 2691 2121; x_wconf 91' lang='lat' dir='ltr'><strong>providere</strong></span> <span class='ocrx_word' id='word_1_748' title='bbox 2720 2064 2898 2109; x_wconf 88' lang='lat' dir='ltr'><strong>motus</strong></span> <span class='ocrx_word' id='word_1_749' title='bbox 2930 2056 3241 2111; x_wconf 90' lang='lat' dir='ltr'><strong>irruentium</strong></span> <span class='ocrx_word' id='word_1_750' title='bbox 3270 2056 3542 2119; x_wconf 88' lang='lat' dir='ltr'><strong>vitiorum,</strong></span> <span class='ocrx_word' id='word_1_751' title='bbox 3578 2055 3737 2123; x_wconf 87' lang='lat' dir='ltr'><strong>quasi</strong></span> 
     </span>
    </p>
   </div>
   <div class='ocr_carea' id='block_1_105' title="bbox 2152 2125 3737 2199">
    <p class='ocr_par' dir='ltr' id='par_1_105' title="bbox 2152 2125 3737 2199">
     <span class='ocr_line' id='line_1_106' title="bbox 2152 2125 3737 2199; baseline 0.001 -20"><span class='ocrx_word' id='word_1_752' title='bbox 2152 2125 2453 2199; x_wconf 85' lang='lat' dir='ltr'><strong>imminenti</strong></span> <span class='ocrx_word' id='word_1_753' title='bbox 2486 2127 2649 2199; x_wconf 89' lang='lat' dir='ltr'><strong>unda,</strong></span> <span class='ocrx_word' id='word_1_754' title='bbox 2676 2141 2932 2199; x_wconf 86' lang='lat' dir='ltr'><strong>aquarum</strong></span> <span class='ocrx_word' id='word_1_755' title='bbox 2964 2127 3207 2199; x_wconf 88' lang='lat' dir='ltr'><strong>cumulos</strong></span> <span class='ocrx_word' id='word_1_756' title='bbox 3236 2127 3472 2199; x_wconf 87' lang='lat' dir='ltr'><strong>negligit,</strong></span> <span class='ocrx_word' id='word_1_757' title='bbox 3500 2137 3553 2182; x_wconf 88' lang='lat' dir='ltr'><strong>et</strong></span> <span class='ocrx_word' id='word_1_758' title='bbox 3579 2127 3737 2195; x_wconf 86' lang='lat' dir='ltr'><strong>quasi</strong></span> 
     </span>
    </p>
   </div>
   <div class='ocr_carea' id='block_1_106' title="bbox 2148 2197 3735 2267">
    <p class='ocr_par' dir='ltr' id='par_1_106' title="bbox 2148 2197 3735 2267">
     <span class='ocr_line' id='line_1_107' title="bbox 2148 2197 3735 2267; baseline 0.003 -19"><span class='ocrx_word' id='word_1_759' title='bbox 2148 2197 2472 2265; x_wconf 89' lang='lat' dir='ltr'><strong>gubernator</strong></span> <span class='ocrx_word' id='word_1_760' title='bbox 2496 2197 2706 2252; x_wconf 88' lang='lat' dir='ltr'><strong>clavum</strong></span> <span class='ocrx_word' id='word_1_761' title='bbox 2755 2198 2976 2261; x_wconf 90' lang='lat' dir='ltr'><strong>amittit,</strong></span> <span class='ocrx_word' id='word_1_762' title='bbox 3019 2198 3229 2266; x_wconf 88' lang='lat' dir='ltr'><strong>quando</strong></span> <span class='ocrx_word' id='word_1_763' title='bbox 3256 2197 3406 2255; x_wconf 80' lang='lat' dir='ltr'><strong>mens</strong></span> <span class='ocrx_word' id='word_1_764' title='bbox 3442 2199 3508 2253; x_wconf 90' lang='lat' dir='ltr'><strong>ad</strong></span> <span class='ocrx_word' id='word_1_765' title='bbox 3533 2212 3735 2267; x_wconf 87' lang='lat' dir='ltr'><strong>regen-</strong></span> 
     </span>
    </p>
   </div>
   <div class='ocr_carea' id='block_1_107' title="bbox 2149 2268 3735 2337">
    <p class='ocr_par' dir='ltr' id='par_1_107' title="bbox 2149 2268 3735 2337">
     <span class='ocr_line' id='line_1_108' title="bbox 2149 2268 3735 2337; baseline 0.001 -17"><span class='ocrx_word' id='word_1_766' title='bbox 2149 2268 2273 2322; x_wconf 90' lang='lat' dir='ltr'><strong>dam</strong></span> <span class='ocrx_word' id='word_1_767' title='bbox 2307 2283 2495 2323; x_wconf 87' lang='lat' dir='ltr'><strong>navem</strong></span> <span class='ocrx_word' id='word_1_768' title='bbox 2526 2270 2790 2336; x_wconf 89' lang='lat' dir='ltr'><strong>corporis,</strong></span> <span class='ocrx_word' id='word_1_769' title='bbox 2819 2269 3053 2324; x_wconf 90' lang='lat' dir='ltr'><strong>studium</strong></span> <span class='ocrx_word' id='word_1_770' title='bbox 3089 2269 3457 2326; x_wconf 87' lang='lat' dir='ltr'><strong>sollicitudinis</strong></span> <span class='ocrx_word' id='word_1_771' title='bbox 3479 2268 3735 2337; x_wconf 87' lang='lat' dir='ltr'><strong>perdidit.</strong></span> 
     </span>
    </p>
   </div>
   <div class='ocr_carea' id='block_1_108' title="bbox 2149 2338 3738 2407">
    <p class='ocr_par' dir='ltr' id='par_1_108' title="bbox 2149 2338 3738 2407">
     <span class='ocr_line' id='line_1_109' title="bbox 2149 2338 3738 2407; baseline -0.001 -14"><span class='ocrx_word' id='word_1_772' title='bbox 2149 2338 2412 2407; x_wconf 90' lang='lat' dir='ltr'><strong>Scriptum</strong></span> <span class='ocrx_word' id='word_1_773' title='bbox 2456 2350 2539 2395; x_wconf 90' lang='lat' dir='ltr'><strong>est</strong></span> <span class='ocrx_word' id='word_1_774' title='bbox 2570 2358 2581 2392; x_wconf 89' lang='lat'><strong>:</strong></span> <span class='ocrx_word' id='word_1_775' title='bbox 2616 2340 2801 2395; x_wconf 81' lang='lat' dir='ltr'><strong>Stellio</strong></span> <span class='ocrx_word' id='word_1_776' title='bbox 2830 2341 3063 2395; x_wconf 76' lang='lat' dir='ltr'><strong>manibus</strong></span> <span class='ocrx_word' id='word_1_777' title='bbox 3092 2340 3297 2407; x_wconf 82' lang='lat' dir='ltr'><strong>nititur,</strong></span> <span class='ocrx_word' id='word_1_778' title='bbox 3330 2350 3377 2396; x_wconf 87' lang='lat' dir='ltr'><strong>et</strong></span> <span class='ocrx_word' id='word_1_779' title='bbox 3416 2350 3654 2395; x_wconf 80' lang='lat' dir='ltr'><strong>moratur</strong></span> <span class='ocrx_word' id='word_1_780' title='bbox 3682 2339 3738 2393; x_wconf 77' lang='lat' dir='ltr'><strong>in</strong></span> 
     </span>
    </p>
   </div>
   <div class='ocr_carea' id='block_1_109' title="bbox 2149 2410 3739 2483">
    <p class='ocr_par' dir='ltr' id='par_1_109' title="bbox 2149 2410 3739 2483">
     <span class='ocr_line' id='line_1_110' title="bbox 2149 2410 3739 2483; baseline 0.001 -20"><span class='ocrx_word' id='word_1_781' title='bbox 2149 2412 2365 2483; x_wconf 73' lang='lat' dir='ltr'><strong>aedibus</strong></span> <span class='ocrx_word' id='word_1_782' title='bbox 2390 2411 2525 2483; x_wconf 78' lang='lat' dir='ltr'><strong>regis</strong></span> <span class='ocrx_word' id='word_1_783' title='bbox 2572 2410 2845 2476; x_wconf 82' lang='lat' dir='ltr'><strong>(Prouerb.</strong></span> <span class='ocrx_word' id='word_1_784' title='bbox 2894 2427 3001 2466; x_wconf 89' lang='lat' dir='ltr'><strong>xxx</strong></span> <span class='ocrx_word' id='word_1_785' title='bbox 3028 2452 3045 2480; x_wconf 91' lang='lat'><strong>,</strong></span> <span class='ocrx_word' id='word_1_786' title='bbox 3089 2411 3203 2481; x_wconf 70' lang='grc' dir='ltr'><strong>ΞΒ).</strong></span> <span class='ocrx_word' id='word_1_787' title='bbox 3244 2412 3565 2481; x_wconf 88' lang='lat' dir='ltr'><strong>Plerumque</strong></span> <span class='ocrx_word' id='word_1_788' title='bbox 3608 2423 3739 2483; x_wconf 80' lang='lat' dir='ltr'><strong>aves</strong></span> 
     </span>
    </p>
   </div>
   <div class='ocr_carea' id='block_1_110' title="bbox 2189 2480 3738 2553">
    <p class='ocr_par' dir='ltr' id='par_1_110' title="bbox 2189 2480 3738 2553">
     <span class='ocr_line' id='line_1_111' title="bbox 2189 2480 3738 2553; baseline 0.001 -19"><span class='ocrx_word' id='word_1_789' title='bbox 2189 2496 2283 2537; x_wconf 90' lang='lat' dir='ltr'><strong>uas</strong></span> <span class='ocrx_word' id='word_1_790' title='bbox 2306 2482 2371 2535; x_wconf 89' lang='lat' dir='ltr'><strong>ad</strong></span> <span class='ocrx_word' id='word_1_791' title='bbox 2402 2480 2686 2537; x_wconf 76' lang='lat' dir='ltr'><strong>velandum</strong></span> <span class='ocrx_word' id='word_1_792' title='bbox 2731 2496 2899 2551; x_wconf 89' lang='lat' dir='ltr'><strong>penna</strong></span> <span class='ocrx_word' id='word_1_793' title='bbox 2931 2480 3193 2549; x_wconf 87' lang='lat' dir='ltr'><strong>sublevat,</strong></span> <span class='ocrx_word' id='word_1_794' title='bbox 3237 2483 3288 2537; x_wconf 91' lang='lat' dir='ltr'><strong>in</strong></span> <span class='ocrx_word' id='word_1_795' title='bbox 3318 2480 3570 2553; x_wconf 88' lang='lat' dir='ltr'><strong>vepribus</strong></span> <span class='ocrx_word' id='word_1_796' title='bbox 3598 2480 3738 2553; x_wconf 85' lang='lat' dir='ltr'><strong>resi-</strong></span> 
     </span>
    </p>
   </div>
   <div class='ocr_carea' id='block_1_111' title="bbox 2187 2552 3737 2624">
    <p class='ocr_par' dir='ltr' id='par_1_111' title="bbox 2187 2552 3737 2624">
     <span class='ocr_line' id='line_1_112' title="bbox 2187 2552 3737 2624; baseline -0.003 -15"><span class='ocrx_word' id='word_1_797' title='bbox 2187 2562 2311 2619; x_wconf 90' lang='lat' dir='ltr'><strong>ent;</strong></span> <span class='ocrx_word' id='word_1_798' title='bbox 2342 2562 2398 2609; x_wconf 88' lang='lat' dir='ltr'><strong>et</strong></span> <span class='ocrx_word' id='word_1_799' title='bbox 2426 2555 2625 2622; x_wconf 84' lang='lat' dir='ltr'><strong>stellio,</strong></span> <span class='ocrx_word' id='word_1_800' title='bbox 2660 2556 2750 2624; x_wconf 85' lang='lat' dir='ltr'><strong>qui</strong></span> <span class='ocrx_word' id='word_1_801' title='bbox 2791 2555 2857 2608; x_wconf 90' lang='lat' dir='ltr'><strong>ad</strong></span> <span class='ocrx_word' id='word_1_802' title='bbox 2892 2555 3127 2609; x_wconf 89' lang='lat' dir='ltr'><strong>volatum</strong></span> <span class='ocrx_word' id='word_1_803' title='bbox 3170 2568 3369 2622; x_wconf 86' lang='lat' dir='ltr'><strong>pennas</strong></span> <span class='ocrx_word' id='word_1_804' title='bbox 3392 2552 3496 2608; x_wconf 89' lang='lat' dir='ltr'><strong>non</strong></span> <span class='ocrx_word' id='word_1_805' title='bbox 3528 2552 3737 2617; x_wconf 89' lang='lat' dir='ltr'><strong>habet,</strong></span> 
     </span>
    </p>
   </div>
   <div class='ocr_carea' id='block_1_112' title="bbox 2150 2624 3736 2694">
    <p class='ocr_par' dir='ltr' id='par_1_112' title="bbox 2150 2624 3736 2694">
     <span class='ocr_line' id='line_1_113' title="bbox 2150 2624 3736 2694; baseline -0.001 -16"><span class='ocrx_word' id='word_1_806' title='bbox 2150 2625 2328 2679; x_wconf 81' lang='lat' dir='ltr'><strong>nitens</strong></span> <span class='ocrx_word' id='word_1_807' title='bbox 2354 2626 2600 2682; x_wconf 89' lang='lat' dir='ltr'><strong>manibus</strong></span> <span class='ocrx_word' id='word_1_808' title='bbox 2626 2626 2773 2694; x_wconf 89' lang='lat' dir='ltr'><strong>regni</strong></span> <span class='ocrx_word' id='word_1_809' title='bbox 2802 2624 3083 2679; x_wconf 68' lang='lat' dir='ltr'><strong>aedificium</strong></span> <span class='ocrx_word' id='word_1_810' title='bbox 3112 2633 3279 2680; x_wconf 91' lang='lat' dir='ltr'><strong>tenet.</strong></span> <span class='ocrx_word' id='word_1_811' title='bbox 3310 2624 3444 2692; x_wconf 86' lang='lat' dir='ltr'><strong>Quia</strong></span> <span class='ocrx_word' id='word_1_812' title='bbox 3476 2624 3736 2679; x_wconf 87' lang='lat' dir='ltr'><strong>nimirum</strong></span> 
     </span>
    </p>
   </div>
   <div class='ocr_carea' id='block_1_113' title="bbox 2152 2696 3734 2767">
    <p class='ocr_par' dir='ltr' id='par_1_113' title="bbox 2152 2696 3734 2767">
     <span class='ocr_line' id='line_1_114' title="bbox 2152 2696 3734 2767; baseline -0.001 -18"><span class='ocrx_word' id='word_1_813' title='bbox 2152 2710 2298 2767; x_wconf 64' lang='lat' dir='ltr'><strong>saepe</strong></span> <span class='ocrx_word' id='word_1_814' title='bbox 2322 2696 2803 2767; x_wconf 77' lang='lat' dir='ltr'><strong>ingeniosiqnique</strong></span> <span class='ocrx_word' id='word_1_815' title='bbox 2822 2698 2949 2751; x_wconf 89' lang='lat' dir='ltr'><strong>dum</strong></span> <span class='ocrx_word' id='word_1_816' title='bbox 2973 2711 3067 2765; x_wconf 89' lang='lat' dir='ltr'><strong>per</strong></span> <span class='ocrx_word' id='word_1_817' title='bbox 3088 2696 3465 2767; x_wconf 86' lang='lat' dir='ltr'><strong>negligentiam</strong></span> <span class='ocrx_word' id='word_1_818' title='bbox 3497 2702 3734 2767; x_wconf 84' lang='lat' dir='ltr'><strong>torpent,</strong></span> 
     </span>
    </p>
   </div>
   <div class='ocr_carea' id='block_1_114' title="bbox 2150 2765 3737 2837">
    <p class='ocr_par' dir='ltr' id='par_1_114' title="bbox 2150 2765 3737 2837">
     <span class='ocr_line' id='line_1_115' title="bbox 2150 2765 3737 2837; baseline 0.001 -18"><span class='ocrx_word' id='word_1_819' title='bbox 2150 2765 2206 2819; x_wconf 92' lang='lat' dir='ltr'><strong>in</strong></span> <span class='ocrx_word' id='word_1_820' title='bbox 2238 2765 2416 2835; x_wconf 80' lang='lat' dir='ltr'><strong>pravis</strong></span> <span class='ocrx_word' id='word_1_821' title='bbox 2445 2765 2652 2823; x_wconf 84' lang='lat' dir='ltr'><strong>acubus</strong></span> <span class='ocrx_word' id='word_1_822' title='bbox 2680 2765 2990 2830; x_wconf 89' lang='lat' dir='ltr'><strong>remanent,</strong></span> <span class='ocrx_word' id='word_1_823' title='bbox 3022 2775 3076 2821; x_wconf 92' lang='lat' dir='ltr'><strong>et</strong></span> <span class='ocrx_word' id='word_1_824' title='bbox 3096 2765 3391 2835; x_wconf 91' lang='lat' dir='ltr'><strong>simplices,</strong></span> <span class='ocrx_word' id='word_1_825' title='bbox 3424 2780 3560 2837; x_wconf 90' lang='lat' dir='ltr'><strong>quos</strong></span> <span class='ocrx_word' id='word_1_826' title='bbox 3584 2765 3737 2835; x_wconf 88' lang='lat' dir='ltr'><strong>inge-</strong></span> 
     </span>
    </p>
   </div>
   <div class='ocr_carea' id='block_1_115' title="bbox 2150 2836 3729 2907">
    <p class='ocr_par' dir='ltr' id='par_1_115' title="bbox 2150 2836 3729 2907">
     <span class='ocr_line' id='line_1_116' title="bbox 2150 2836 3729 2907; baseline 0.001 -18"><span class='ocrx_word' id='word_1_827' title='bbox 2150 2836 2442 2904; x_wconf 62' lang='lat' dir='ltr'><strong>nii,penna</strong></span> <span class='ocrx_word' id='word_1_828' title='bbox 2474 2853 2580 2893; x_wconf 91' lang='lat' dir='ltr'><strong>non</strong></span> <span class='ocrx_word' id='word_1_829' title='bbox 2630 2839 2874 2907; x_wconf 85' lang='lat' dir='ltr'><strong>adjuvat,</strong></span> <span class='ocrx_word' id='word_1_830' title='bbox 2922 2838 2989 2892; x_wconf 88' lang='lat' dir='ltr'><strong>ad</strong></span> <span class='ocrx_word' id='word_1_831' title='bbox 3032 2836 3319 2907; x_wconf 86' lang='lat' dir='ltr'><strong>obtinenda</strong></span> <span class='ocrx_word' id='word_1_832' title='bbox 3347 2836 3533 2893; x_wconf 68' lang='lat' dir='ltr'><strong>aeterni</strong></span> <span class='ocrx_word' id='word_1_833' title='bbox 3577 2837 3729 2907; x_wconf 81' lang='lat' dir='ltr'><strong>regni</strong></span> 
     </span>
    </p>
   </div>
   <div class='ocr_carea' id='block_1_116' title="bbox 2150 2905 3733 3033">
    <p class='ocr_par' dir='ltr' id='par_1_116' title="bbox 2150 2905 3733 3033">
     <span class='ocr_line' id='line_1_117' title="bbox 2150 2905 3733 3033; baseline -0.001 -70"><span class='ocrx_word' id='word_1_834' title='bbox 2150 2910 2346 3033; x_wconf 45' lang='lat' dir='ltr'><strong>lamnis</strong></span> <span class='ocrx_word' id='word_1_835' title='bbox 2374 2910 2558 2975; x_wconf 36' lang='lat' dir='ltr'><strong>,virtus</strong></span> <span class='ocrx_word' id='word_1_836' title='bbox 2592 2905 2936 3033; x_wconf 36' lang='lat' dir='ltr'><strong>“(ine—rationis</strong></span> <span class='ocrx_word' id='word_1_837' title='bbox 2978 2907 3120 2963; x_wconf 90' lang='lat' dir='ltr'><strong>levat</strong></span> <span class='ocrx_word' id='word_1_838' title='bbox 3159 2906 3340 2979; x_wconf 87' lang='lat' dir='ltr'><strong>(Taio,</strong></span> <span class='ocrx_word' id='word_1_839' title='bbox 3369 2922 3442 2975; x_wconf 87' lang='lat' dir='ltr'><strong>tv,</strong></span> <span class='ocrx_word' id='word_1_840' title='bbox 3472 2907 3529 2975; x_wconf 70' lang='grc' dir='ltr'>τις</span> <span class='ocrx_word' id='word_1_841' title='bbox 3576 2905 3733 2979; x_wconf 73' lang='lat' dir='ltr'><strong>Greg.</strong></span> 
     </span>
     <span class='ocr_line' id='line_1_118' title="bbox 2202 2991 2705 3033; baseline 0.002 -1"><span class='ocrx_word' id='word_1_842' title='bbox 2202 2995 2283 3033; x_wconf 88' lang='lat' dir='ltr'><strong>ea.</strong></span> <span class='ocrx_word' id='word_1_843' title='bbox 2306 2991 2440 3033; x_wconf 79' lang='lat' dir='ltr'><strong>onst.</strong></span> <span class='ocrx_word' id='word_1_844' title='bbox 2482 2997 2558 3033; x_wconf 91' lang='grc' dir='ltr'>ιιι.</span> <span class='ocrx_word' id='word_1_845' title='bbox 2592 2996 2625 3032; x_wconf 78' lang='grc' dir='ltr'>ο</span> <span class='ocrx_word' id='word_1_846' title='bbox 2691 3019 2705 3033; x_wconf 93' lang='grc'><strong>.</strong></span> 
     </span>
    </p>
   </div>
   <div class='ocr_carea' id='block_1_117' title="bbox 2202 2981 2705 3047">
    <p class='ocr_par' dir='ltr' id='par_1_117' title="bbox 2202 2981 2705 3047">
     <span class='ocr_line' id='line_1_119' title="bbox 2202 2981 2705 3047; baseline 0.006 -16"><span class='ocrx_word' id='word_1_847' title='bbox 2202 2995 2283 3047; x_wconf 89' lang='lat' dir='ltr'><strong>eg.</strong></span> <span class='ocrx_word' id='word_1_848' title='bbox 2306 2991 2440 3047; x_wconf 81' lang='lat' dir='ltr'><strong>post.</strong></span> <span class='ocrx_word' id='word_1_849' title='bbox 2482 2997 2558 3047; x_wconf 87' lang='lat' dir='ltr'><strong>tn,</strong></span> <span class='ocrx_word' id='word_1_850' title='bbox 2592 2981 2705 3047; x_wconf 83' lang='grc'><strong>51).</strong></span> 
     </span>
    </p>
   </div>
   <div class='ocr_carea' id='block_1_118' title="bbox 2220 2982 3736 3122">
    <p class='ocr_par' dir='ltr' id='par_1_118' title="bbox 2220 2982 3736 3122">
     <span class='ocr_line' id='line_1_120' title="bbox 2220 2982 3736 3122; baseline 0.001 -20"><span class='ocrx_word' id='word_1_851' title='bbox 2305 2982 2767 3106; x_wconf 47' lang='grc' dir='ltr'><strong>ξῗέἷίίἐίίῖιξιξιζιιε</strong></span> <span class='ocrx_word' id='word_1_852' title='bbox 2793 3050 2996 3115; x_wconf 89' lang='lat' dir='ltr'><strong>nititur,</strong></span> <span class='ocrx_word' id='word_1_853' title='bbox 3026 3050 3079 3106; x_wconf 90' lang='lat' dir='ltr'><strong>in</strong></span> <span class='ocrx_word' id='word_1_854' title='bbox 3134 3050 3295 3122; x_wconf 88' lang='lat' dir='ltr'><strong>regiis</strong></span> <span class='ocrx_word' id='word_1_855' title='bbox 3322 3047 3529 3106; x_wconf 68' lang='lat' dir='ltr'><strong>aedibus</strong></span> <span class='ocrx_word' id='word_1_856' title='bbox 3552 3059 3736 3122; x_wconf 70' lang='lat' dir='ltr'><strong>mora-</strong></span> 
     </span>
    </p>
   </div>
   <div class='ocr_carea' id='block_1_119' title="bbox 2075 3120 3734 3208">
    <p class='ocr_par' dir='ltr' id='par_1_119' title="bbox 2075 3120 3734 3208">
     <span class='ocr_line' id='line_1_121' title="bbox 2075 3120 3734 3208; baseline 0.001 -33"><span class='ocrx_word' id='word_1_857' title='bbox 2075 3145 2121 3208; x_wconf 81' lang='lat' dir='ltr'>C</span> <span class='ocrx_word' id='word_1_858' title='bbox 2154 3129 2261 3187; x_wconf 88' lang='lat' dir='ltr'><strong>tur,</strong></span> <span class='ocrx_word' id='word_1_859' title='bbox 2289 3122 2412 3208; x_wconf 77' lang='lat' dir='ltr'><strong>quia</strong></span> <span class='ocrx_word' id='word_1_860' title='bbox 2442 3122 2534 3176; x_wconf 90' lang='lat' dir='ltr'><strong>illo</strong></span> <span class='ocrx_word' id='word_1_861' title='bbox 2560 3124 2789 3205; x_wconf 72' lang='lat' dir='ltr'><strong>simplex</strong></span> <span class='ocrx_word' id='word_1_862' title='bbox 2828 3137 2923 3190; x_wconf 92' lang='lat' dir='ltr'><strong>per</strong></span> <span class='ocrx_word' id='word_1_863' title='bbox 2973 3120 3327 3208; x_wconf 73' lang='lat' dir='ltr'><strong>intentionem</strong></span> <span class='ocrx_word' id='word_1_864' title='bbox 3352 3122 3527 3208; x_wconf 41' lang='lat' dir='ltr'><strong>lecti</strong></span> <span class='ocrx_word' id='word_1_865' title='bbox 3548 3120 3734 3208; x_wconf 49' lang='lat' dir='ltr'><strong>opegis</strong></span> 
     </span>
    </p>
   </div>
   <div class='ocr_carea' id='block_1_120' title="bbox 2154 3190 3727 3264">
    <p class='ocr_par' dir='ltr' id='par_1_120' title="bbox 2154 3190 3727 3264">
     <span class='ocr_line' id='line_1_122' title="bbox 2154 3190 3727 3264; baseline 0 -17"><span class='ocrx_word' id='word_1_866' title='bbox 2154 3190 2420 3262; x_wconf 80' lang='lat' dir='ltr'><strong>pervenit,</strong></span> <span class='ocrx_word' id='word_1_867' title='bbox 2453 3208 2559 3264; x_wconf 81' lang='lat' dir='ltr'><strong>quo</strong></span> <span class='ocrx_word' id='word_1_868' title='bbox 2588 3190 2895 3264; x_wconf 84' lang='lat' dir='ltr'><strong>ingeniosus</strong></span> <span class='ocrx_word' id='word_1_869' title='bbox 2925 3194 3143 3249; x_wconf 81' lang='lat' dir='ltr'><strong>minime</strong></span> <span class='ocrx_word' id='word_1_870' title='bbox 3172 3193 3433 3249; x_wconf 89' lang='lat' dir='ltr'><strong>ascendit.</strong></span> <span class='ocrx_word' id='word_1_871' title='bbox 3485 3190 3727 3259; x_wconf 68' lang='lat' dir='ltr'><strong>Quaestio</strong></span> 
     </span>
    </p>
   </div>
   <div class='ocr_carea' id='block_1_121' title="bbox 2148 3262 3727 3335">
    <p class='ocr_par' dir='ltr' id='par_1_121' title="bbox 2148 3262 3727 3335">
     <span class='ocr_line' id='line_1_123' title="bbox 2148 3262 3727 3335; baseline -0.002 -16"><span class='ocrx_word' id='word_1_872' title='bbox 2148 3262 2604 3321; x_wconf 28' lang='lat' dir='ltr'><strong>suboriturt’Cur</strong></span> <span class='ocrx_word' id='word_1_873' title='bbox 2631 3262 2712 3319; x_wconf 75' lang='lat' dir='ltr'><strong>vel</strong></span> <span class='ocrx_word' id='word_1_874' title='bbox 2762 3264 3052 3334; x_wconf 90' lang='lat' dir='ltr'><strong>negligenti</strong></span> <span class='ocrx_word' id='word_1_875' title='bbox 3103 3265 3471 3335; x_wconf 67' lang='lat' dir='ltr'><strong>intelligentiae</strong></span> <span class='ocrx_word' id='word_1_876' title='bbox 3522 3263 3727 3318; x_wconf 90' lang='lat' dir='ltr'><strong>donutn</strong></span> 
     </span>
    </p>
   </div>
   <div class='ocr_carea' id='block_1_122' title="bbox 2150 3335 3731 3406">
    <p class='ocr_par' dir='ltr' id='par_1_122' title="bbox 2150 3335 3731 3406">
     <span class='ocr_line' id='line_1_124' title="bbox 2150 3335 3731 3406; baseline 0.003 -17"><span class='ocrx_word' id='word_1_877' title='bbox 2150 3336 2419 3401; x_wconf 90' lang='lat' dir='ltr'><strong>tribuitur,</strong></span> <span class='ocrx_word' id='word_1_878' title='bbox 2449 3337 2533 3390; x_wconf 86' lang='lat' dir='ltr'><strong>vel</strong></span> <span class='ocrx_word' id='word_1_879' title='bbox 2561 3335 2839 3392; x_wconf 90' lang='lat' dir='ltr'><strong>studiosus</strong></span> <span class='ocrx_word' id='word_1_880' title='bbox 2858 3335 3087 3406; x_wconf 86' lang='lat' dir='ltr'><strong>quisque</strong></span> <span class='ocrx_word' id='word_1_881' title='bbox 3116 3350 3307 3392; x_wconf 87' lang='lat' dir='ltr'><strong>sensus</strong></span> <span class='ocrx_word' id='word_1_882' title='bbox 3350 3335 3433 3391; x_wconf 89' lang='lat' dir='ltr'><strong>sui</strong></span> <span class='ocrx_word' id='word_1_883' title='bbox 3477 3336 3731 3393; x_wconf 83' lang='lat' dir='ltr'><strong>tarditate</strong></span> 
     </span>
    </p>
   </div>
   <div class='ocr_carea' id='block_1_123' title="bbox 2150 3406 3732 3477">
    <p class='ocr_par' dir='ltr' id='par_1_123' title="bbox 2150 3406 3732 3477">
     <span class='ocr_line' id='line_1_125' title="bbox 2150 3406 3732 3477; baseline 0.001 -18"><span class='ocrx_word' id='word_1_884' title='bbox 2150 3406 2513 3476; x_wconf 77' lang='lat' dir='ltr'><strong>prtepeditur?</strong></span> <span class='ocrx_word' id='word_1_885' title='bbox 2544 3408 2623 3462; x_wconf 83' lang='lat' dir='ltr'><strong>Ad</strong></span> <span class='ocrx_word' id='word_1_886' title='bbox 2646 3422 2803 3477; x_wconf 89' lang='lat' dir='ltr'><strong>quam</strong></span> <span class='ocrx_word' id='word_1_887' title='bbox 2822 3408 2981 3461; x_wconf 85' lang='lat' dir='ltr'><strong>citius</strong></span> <span class='ocrx_word' id='word_1_888' title='bbox 3008 3408 3384 3477; x_wconf 88' lang='lat' dir='ltr'><strong>respondetur,</strong></span> <span class='ocrx_word' id='word_1_889' title='bbox 3405 3407 3530 3462; x_wconf 92' lang='lat' dir='ltr'><strong>dum</strong></span> <span class='ocrx_word' id='word_1_890' title='bbox 3564 3407 3732 3477; x_wconf 89' lang='lat' dir='ltr'><strong>proti-</strong></span> 
     </span>
    </p>
   </div>
   <div class='ocr_carea' id='block_1_124' title="bbox 2150 3478 3733 3547">
    <p class='ocr_par' dir='ltr' id='par_1_124' title="bbox 2150 3478 3733 3547">
     <span class='ocr_line' id='line_1_126' title="bbox 2150 3478 3733 3547; baseline 0.001 -17"><span class='ocrx_word' id='word_1_891' title='bbox 2150 3493 2249 3532; x_wconf 86' lang='lat' dir='ltr'><strong>nus</strong></span> <span class='ocrx_word' id='word_1_892' title='bbox 2296 3492 2391 3547; x_wconf 83' lang='lat' dir='ltr'><strong>per</strong></span> <span class='ocrx_word' id='word_1_893' title='bbox 2421 3478 2760 3534; x_wconf 90' lang='lat' dir='ltr'><strong>Salomonem</strong></span> <span class='ocrx_word' id='word_1_894' title='bbox 2800 3478 3047 3533; x_wconf 89' lang='lat' dir='ltr'><strong>subditur</strong></span> <span class='ocrx_word' id='word_1_895' title='bbox 3088 3495 3104 3533; x_wconf 90' lang='lat'><strong>:</strong></span> <span class='ocrx_word' id='word_1_896' title='bbox 3152 3478 3306 3533; x_wconf 84' lang='lat' dir='ltr'><strong>Nihil</strong></span> <span class='ocrx_word' id='word_1_897' title='bbox 3343 3480 3400 3532; x_wconf 81' lang='lat' dir='ltr'><strong>in</strong></span> <span class='ocrx_word' id='word_1_898' title='bbox 3449 3487 3585 3533; x_wconf 80' lang='lat' dir='ltr'><strong>terra</strong></span> <span class='ocrx_word' id='word_1_899' title='bbox 3621 3480 3733 3533; x_wconf 76' lang='lat' dir='ltr'><strong>sine</strong></span> 
     </span>
    </p>
   </div>
   <div class='ocr_carea' id='block_1_125' title="bbox 2147 3549 3729 3621">
    <p class='ocr_par' dir='ltr' id='par_1_125' title="bbox 2147 3549 3729 3621">
     <span class='ocr_line' id='line_1_127' title="bbox 2147 3549 3729 3621; baseline 0.002 -20"><span class='ocrx_word' id='word_1_900' title='bbox 2147 3564 2307 3604; x_wconf 81' lang='lat' dir='ltr'><strong>causa</strong></span> <span class='ocrx_word' id='word_1_901' title='bbox 2328 3549 2473 3621; x_wconf 85' lang='lat' dir='ltr'><strong>(Job.</strong></span> <span class='ocrx_word' id='word_1_902' title='bbox 2506 3565 2558 3613; x_wconf 88' lang='lat' dir='ltr'><strong>v,</strong></span> <span class='ocrx_word' id='word_1_903' title='bbox 2574 3550 2651 3617; x_wconf 88' lang='lat'><strong>6).</strong></span> <span class='ocrx_word' id='word_1_904' title='bbox 2685 3550 2887 3604; x_wconf 92' lang='lat' dir='ltr'><strong>Idcirco</strong></span> <span class='ocrx_word' id='word_1_905' title='bbox 2909 3550 3049 3604; x_wconf 91' lang='lat' dir='ltr'><strong>enim</strong></span> <span class='ocrx_word' id='word_1_906' title='bbox 3076 3564 3219 3617; x_wconf 77' lang='lat' dir='ltr'><strong>stepe</strong></span> <span class='ocrx_word' id='word_1_907' title='bbox 3239 3560 3294 3605; x_wconf 89' lang='lat' dir='ltr'><strong>et</strong></span> <span class='ocrx_word' id='word_1_908' title='bbox 3316 3549 3619 3605; x_wconf 89' lang='lat' dir='ltr'><strong>desidiosus</strong></span> <span class='ocrx_word' id='word_1_909' title='bbox 3645 3552 3729 3604; x_wconf 90' lang='lat' dir='ltr'><strong>in-</strong></span> 
     </span>
    </p>
   </div>
   <div class='ocr_carea' id='block_1_126' title="bbox 2146 3621 3729 3691">
    <p class='ocr_par' dir='ltr' id='par_1_126' title="bbox 2146 3621 3729 3691">
     <span class='ocr_line' id='line_1_128' title="bbox 2146 3621 3729 3691; baseline -0.001 -16"><span class='ocrx_word' id='word_1_910' title='bbox 2146 3621 2360 3691; x_wconf 90' lang='lat' dir='ltr'><strong>genium</strong></span> <span class='ocrx_word' id='word_1_911' title='bbox 2380 3622 2590 3690; x_wconf 91' lang='lat' dir='ltr'><strong>accipit,</strong></span> <span class='ocrx_word' id='word_1_912' title='bbox 2607 3622 2746 3675; x_wconf 92' lang='lat' dir='ltr'><strong>unde</strong></span> <span class='ocrx_word' id='word_1_913' title='bbox 2760 3621 3034 3690; x_wconf 86' lang='lat' dir='ltr'><strong>negligens</strong></span> <span class='ocrx_word' id='word_1_914' title='bbox 3054 3621 3215 3676; x_wconf 88' lang='lat' dir='ltr'><strong>etiam</strong></span> <span class='ocrx_word' id='word_1_915' title='bbox 3238 3622 3437 3691; x_wconf 83' lang='lat' dir='ltr'><strong>justius</strong></span> <span class='ocrx_word' id='word_1_916' title='bbox 3455 3621 3729 3691; x_wconf 89' lang='lat' dir='ltr'><strong>puniatur,</strong></span> 
     </span>
    </p>
   </div>
   <div class='ocr_carea' id='block_1_127' title="bbox 2146 3691 3731 3763">
    <p class='ocr_par' dir='ltr' id='par_1_127' title="bbox 2146 3691 3731 3763">
     <span class='ocr_line' id='line_1_129' title="bbox 2146 3691 3731 3763; baseline 0.001 -19"><span class='ocrx_word' id='word_1_917' title='bbox 2146 3693 2273 3761; x_wconf 87' lang='lat' dir='ltr'><strong>quia</strong></span> <span class='ocrx_word' id='word_1_918' title='bbox 2301 3692 2442 3763; x_wconf 85' lang='lat' dir='ltr'><strong>quod</strong></span> <span class='ocrx_word' id='word_1_919' title='bbox 2462 3693 2577 3747; x_wconf 91' lang='lat' dir='ltr'><strong>sine</strong></span> <span class='ocrx_word' id='word_1_920' title='bbox 2596 3692 2783 3747; x_wconf 92' lang='lat' dir='ltr'><strong>labore</strong></span> <span class='ocrx_word' id='word_1_921' title='bbox 2808 3691 3019 3761; x_wconf 89' lang='lat' dir='ltr'><strong>assequi</strong></span> <span class='ocrx_word' id='word_1_922' title='bbox 3044 3694 3235 3761; x_wconf 90' lang='lat' dir='ltr'><strong>potuit,</strong></span> <span class='ocrx_word' id='word_1_923' title='bbox 3256 3691 3417 3763; x_wconf 75' lang='lat'><strong>259</strong></span> <span class='ocrx_word' id='word_1_924' title='bbox 3437 3693 3576 3747; x_wconf 91' lang='lat' dir='ltr'><strong>scire</strong></span> <span class='ocrx_word' id='word_1_925' title='bbox 3600 3706 3731 3747; x_wconf 84' lang='lat' dir='ltr'><strong>con-</strong></span> 
     </span>
    </p>
   </div>
   <div class='ocr_carea' id='block_1_128' title="bbox 2149 3762 3732 3833">
    <p class='ocr_par' dir='ltr' id='par_1_128' title="bbox 2149 3762 3732 3833">
     <span class='ocr_line' id='line_1_130' title="bbox 2149 3762 3732 3833; baseline 0.001 -16"><span class='ocrx_word' id='word_1_926' title='bbox 2149 3765 2361 3817; x_wconf 87' lang='lat' dir='ltr'><strong>temnit.</strong></span> <span class='ocrx_word' id='word_1_927' title='bbox 2405 3762 2471 3817; x_wconf 82' lang='lat' dir='ltr'><strong>Et</strong></span> <span class='ocrx_word' id='word_1_928' title='bbox 2518 3763 2715 3818; x_wconf 90' lang='lat' dir='ltr'><strong>idcirco</strong></span> <span class='ocrx_word' id='word_1_929' title='bbox 2747 3777 3129 3833; x_wconf 87' lang='lat' dir='ltr'><strong>nonnunquam</strong></span> <span class='ocrx_word' id='word_1_930' title='bbox 3157 3762 3433 3817; x_wconf 86' lang='lat' dir='ltr'><strong>studiosus</strong></span> <span class='ocrx_word' id='word_1_931' title='bbox 3480 3763 3732 3818; x_wconf 85' lang='lat' dir='ltr'><strong>tarditate</strong></span> 
     </span>
    </p>
   </div>
   <div class='ocr_carea' id='block_1_129' title="bbox 2147 3833 3732 3904">
    <p class='ocr_par' dir='ltr' id='par_1_129' title="bbox 2147 3833 3732 3904">
     <span class='ocr_line' id='line_1_131' title="bbox 2147 3833 3732 3904; baseline 0 -17"><span class='ocrx_word' id='word_1_932' title='bbox 2147 3834 2512 3904; x_wconf 66' lang='lat' dir='ltr'><strong>intelligentia;</strong></span> <span class='ocrx_word' id='word_1_933' title='bbox 2528 3837 2804 3903; x_wconf 91' lang='lat' dir='ltr'><strong>premitur,</strong></span> <span class='ocrx_word' id='word_1_934' title='bbox 2842 3841 2900 3887; x_wconf 89' lang='lat' dir='ltr'><strong>ut</strong></span> <span class='ocrx_word' id='word_1_935' title='bbox 2924 3848 2993 3888; x_wconf 92' lang='lat' dir='ltr'><strong>eo</strong></span> <span class='ocrx_word' id='word_1_936' title='bbox 3022 3833 3226 3903; x_wconf 83' lang='lat' dir='ltr'><strong>majora</strong></span> <span class='ocrx_word' id='word_1_937' title='bbox 3252 3835 3472 3903; x_wconf 59' lang='lat' dir='ltr'><strong>praemia</strong></span> <span class='ocrx_word' id='word_1_938' title='bbox 3498 3836 3732 3888; x_wconf 88' lang='lat' dir='ltr'><strong>retribu-</strong></span> 
     </span>
    </p>
   </div>
   <div class='ocr_carea' id='block_1_130' title="bbox 2148 3904 3726 3974">
    <p class='ocr_par' dir='ltr' id='par_1_130' title="bbox 2148 3904 3726 3974">
     <span class='ocr_line' id='line_1_132' title="bbox 2148 3904 3726 3974; baseline 0 -16"><span class='ocrx_word' id='word_1_939' title='bbox 2148 3904 2307 3959; x_wconf 90' lang='lat' dir='ltr'><strong>tionis</strong></span> <span class='ocrx_word' id='word_1_940' title='bbox 2331 3906 2586 3969; x_wconf 89' lang='lat' dir='ltr'><strong>iuveniat,</strong></span> <span class='ocrx_word' id='word_1_941' title='bbox 2615 3920 2722 3974; x_wconf 91' lang='lat' dir='ltr'><strong>quo</strong></span> <span class='ocrx_word' id='word_1_942' title='bbox 2744 3905 2944 3972; x_wconf 84' lang='lat' dir='ltr'><strong>majora</strong></span> <span class='ocrx_word' id='word_1_943' title='bbox 2972 3904 3026 3960; x_wconf 90' lang='lat' dir='ltr'><strong>in</strong></span> <span class='ocrx_word' id='word_1_944' title='bbox 3054 3905 3233 3959; x_wconf 88' lang='lat' dir='ltr'><strong>studio</strong></span> <span class='ocrx_word' id='word_1_945' title='bbox 3254 3905 3579 3959; x_wconf 88' lang='lat' dir='ltr'><strong>inventionis</strong></span> <span class='ocrx_word' id='word_1_946' title='bbox 3600 3907 3726 3959; x_wconf 84' lang='lat' dir='ltr'><strong>ela-</strong></span> 
     </span>
    </p>
   </div>
   <div class='ocr_carea' id='block_1_131' title="bbox 2146 3975 3733 4046">
    <p class='ocr_par' dir='ltr' id='par_1_131' title="bbox 2146 3975 3733 4046">
     <span class='ocr_line' id='line_1_133' title="bbox 2146 3975 3733 4046; baseline -0.001 -17"><span class='ocrx_word' id='word_1_947' title='bbox 2146 3975 2334 4043; x_wconf 90' lang='lat' dir='ltr'><strong>borat;</strong></span> <span class='ocrx_word' id='word_1_948' title='bbox 2376 3975 2667 4046; x_wconf 76' lang='lat' dir='ltr'><strong>nihilergo</strong></span> <span class='ocrx_word' id='word_1_949' title='bbox 2693 3986 2775 4031; x_wconf 90' lang='lat' dir='ltr'><strong>est</strong></span> <span class='ocrx_word' id='word_1_950' title='bbox 2802 3976 2857 4030; x_wconf 91' lang='lat' dir='ltr'><strong>in</strong></span> <span class='ocrx_word' id='word_1_951' title='bbox 2890 3985 3032 4030; x_wconf 91' lang='lat' dir='ltr'><strong>terra</strong></span> <span class='ocrx_word' id='word_1_952' title='bbox 3066 3976 3180 4030; x_wconf 81' lang='lat' dir='ltr'><strong>sine</strong></span> <span class='ocrx_word' id='word_1_953' title='bbox 3205 3989 3397 4040; x_wconf 89' lang='lat' dir='ltr'><strong>causa,</strong></span> <span class='ocrx_word' id='word_1_954' title='bbox 3432 3976 3647 4046; x_wconf 85' lang='lat' dir='ltr'><strong>quando</strong></span> <span class='ocrx_word' id='word_1_955' title='bbox 3676 3983 3733 4028; x_wconf 91' lang='lat' dir='ltr'><strong>et</strong></span> 
     </span>
    </p>
   </div>
   <div class='ocr_carea' id='block_1_132' title="bbox 2145 4043 3726 4115">
    <p class='ocr_par' dir='ltr' id='par_1_132' title="bbox 2145 4043 3726 4115">
     <span class='ocr_line' id='line_1_134' title="bbox 2145 4043 3726 4115; baseline -0.001 -15"><span class='ocrx_word' id='word_1_956' title='bbox 2145 4046 2386 4107; x_wconf 88' lang='lat' dir='ltr'><strong>studioso</strong></span> <span class='ocrx_word' id='word_1_957' title='bbox 2417 4043 2639 4101; x_wconf 76' lang='lat' dir='ltr'><strong>tarditas</strong></span> <span class='ocrx_word' id='word_1_958' title='bbox 2668 4047 2735 4101; x_wconf 88' lang='lat' dir='ltr'><strong>ad</strong></span> <span class='ocrx_word' id='word_1_959' title='bbox 2766 4049 3043 4115; x_wconf 65' lang='lat' dir='ltr'><strong>praemium</strong></span> <span class='ocrx_word' id='word_1_960' title='bbox 3075 4046 3285 4114; x_wconf 86' lang='lat' dir='ltr'><strong>proficit</strong></span> <span class='ocrx_word' id='word_1_961' title='bbox 3309 4088 3325 4114; x_wconf 91' lang='lat'><strong>,</strong></span> <span class='ocrx_word' id='word_1_962' title='bbox 3371 4053 3425 4100; x_wconf 93' lang='lat' dir='ltr'><strong>et</strong></span> <span class='ocrx_word' id='word_1_963' title='bbox 3451 4043 3726 4100; x_wconf 81' lang='lat' dir='ltr'><strong>desidioso</strong></span> 
     </span>
    </p>
   </div>
   <div class='ocr_carea' id='block_1_133' title="bbox 2145 4114 3727 4188">
    <p class='ocr_par' dir='ltr' id='par_1_133' title="bbox 2145 4114 3727 4188">
     <span class='ocr_line' id='line_1_135' title="bbox 2145 4114 3727 4188; baseline -0.001 -16"><span class='ocrx_word' id='word_1_964' title='bbox 2145 4117 2402 4173; x_wconf 87' lang='lat' dir='ltr'><strong>velocitas</strong></span> <span class='ocrx_word' id='word_1_965' title='bbox 2424 4117 2493 4171; x_wconf 91' lang='lat' dir='ltr'><strong>ad</strong></span> <span class='ocrx_word' id='word_1_966' title='bbox 2527 4114 2844 4188; x_wconf 89' lang='lat' dir='ltr'><strong>supplicium</strong></span> <span class='ocrx_word' id='word_1_967' title='bbox 2876 4118 3088 4188; x_wconf 83' lang='lat' dir='ltr'><strong>crescit.</strong></span> <span class='ocrx_word' id='word_1_968' title='bbox 3119 4115 3311 4173; x_wconf 81' lang='lat' dir='ltr'><strong>Mentis</strong></span> <span class='ocrx_word' id='word_1_969' title='bbox 3338 4115 3565 4181; x_wconf 85' lang='lat' dir='ltr'><strong>desidia,</strong></span> <span class='ocrx_word' id='word_1_970' title='bbox 3595 4114 3727 4188; x_wconf 84' lang='lat' dir='ltr'><strong>dum</strong></span> 
     </span>
    </p>
   </div>
   <div class='ocr_carea' id='block_1_134' title="bbox 2145 4185 3730 4257">
    <p class='ocr_par' dir='ltr' id='par_1_134' title="bbox 2145 4185 3730 4257">
     <span class='ocr_line' id='line_1_136' title="bbox 2145 4185 3730 4257; baseline -0.002 -14"><span class='ocrx_word' id='word_1_971' title='bbox 2145 4202 2381 4257; x_wconf 87' lang='lat' dir='ltr'><strong>congruo</strong></span> <span class='ocrx_word' id='word_1_972' title='bbox 2412 4185 2773 4244; x_wconf 30' lang='lat' dir='ltr'><strong>fervore’non</strong></span> <span class='ocrx_word' id='word_1_973' title='bbox 2827 4185 3154 4252; x_wconf 85' lang='lat' dir='ltr'><strong>accenditur,</strong></span> <span class='ocrx_word' id='word_1_974' title='bbox 3210 4202 3240 4242; x_wconf 90' lang='lat' dir='ltr'><strong>a</strong></span> <span class='ocrx_word' id='word_1_975' title='bbox 3273 4187 3536 4242; x_wconf 89' lang='lat' dir='ltr'><strong>bonorum</strong></span> <span class='ocrx_word' id='word_1_976' title='bbox 3581 4186 3730 4241; x_wconf 84' lang='lat' dir='ltr'><strong>desi-</strong></span> 
     </span>
    </p>
   </div>
   <div class='ocr_carea' id='block_1_135' title="bbox 2145 4258 3731 4327">
    <p class='ocr_par' dir='ltr' id='par_1_135' title="bbox 2145 4258 3731 4327">
     <span class='ocr_line' id='line_1_137' title="bbox 2145 4258 3731 4327; baseline -0.002 -14"><span class='ocrx_word' id='word_1_977' title='bbox 2145 4258 2298 4314; x_wconf 90' lang='lat' dir='ltr'><strong>derio</strong></span> <span class='ocrx_word' id='word_1_978' title='bbox 2338 4260 2575 4315; x_wconf 87' lang='lat' dir='ltr'><strong>funditus</strong></span> <span class='ocrx_word' id='word_1_979' title='bbox 2596 4259 3031 4327; x_wconf 85' lang='lat' dir='ltr'><strong>convalescente,</strong></span> <span class='ocrx_word' id='word_1_980' title='bbox 3068 4259 3252 4313; x_wconf 91' lang='lat' dir='ltr'><strong>furtim</strong></span> <span class='ocrx_word' id='word_1_981' title='bbox 3284 4266 3501 4326; x_wconf 84' lang='lat' dir='ltr'><strong>torpore</strong></span> <span class='ocrx_word' id='word_1_982' title='bbox 3526 4264 3731 4312; x_wconf 88' lang='lat' dir='ltr'><strong>macta-</strong></span> 
     </span>
    </p>
   </div>
   <div class='ocr_carea' id='block_1_136' title="bbox 2148 4327 3727 4457">
    <p class='ocr_par' dir='ltr' id='par_1_136' title="bbox 2148 4327 3727 4457">
     <span class='ocr_line' id='line_1_138' title="bbox 2148 4327 3727 4457; baseline -0.001 -75"><span class='ocrx_word' id='word_1_983' title='bbox 2148 4329 2458 4457; x_wconf 51' lang='lat' dir='ltr'><strong>turi(5(;&#39;reg.,</strong></span> <span class='ocrx_word' id='word_1_984' title='bbox 2492 4328 2685 4385; x_wconf 80' lang='lat' dir='ltr'><strong>Moral.</strong></span> <span class='ocrx_word' id='word_1_985' title='bbox 2717 4345 2790 4396; x_wconf 90' lang='lat' dir='ltr'><strong>vt,</strong></span> <span class='ocrx_word' id='word_1_986' title='bbox 2829 4330 2916 4397; x_wconf 85' lang='grc'><strong>11,</strong></span> <span class='ocrx_word' id='word_1_987' title='bbox 2946 4345 3000 4383; x_wconf 86' lang='lat' dir='ltr'><strong>n.</strong></span> <span class='ocrx_word' id='word_1_988' title='bbox 3032 4328 3134 4395; x_wconf 78' lang='lat' dir='ltr'><strong>l5;</strong></span> <span class='ocrx_word' id='word_1_989' title='bbox 3188 4327 3321 4401; x_wconf 81' lang='lat' dir='ltr'><strong>Reg.</strong></span> <span class='ocrx_word' id='word_1_990' title='bbox 3370 4339 3507 4400; x_wconf 76' lang='lat' dir='ltr'><strong>past.</strong></span> <span class='ocrx_word' id='word_1_991' title='bbox 3546 4344 3601 4396; x_wconf 80' lang='grc' dir='ltr'>ρ.</span> <span class='ocrx_word' id='word_1_992' title='bbox 3634 4340 3727 4395; x_wconf 80' lang='grc' dir='ltr'>ιιι,</span> 
     </span>
     <span class='ocr_line' id='line_1_139' title="bbox 2148 4416 2340 4455; baseline 0.005 -1"><span class='ocrx_word' id='word_1_993' title='bbox 2148 4416 2193 4454; x_wconf 84' lang='lat' dir='ltr'><strong>c.</strong></span> <span class='ocrx_word' id='word_1_994' title='bbox 2327 4442 2340 4455; x_wconf 97' lang='lat'><strong>.</strong></span> 
     </span>
    </p>
   </div>
   <div class='ocr_carea' id='block_1_137' title="bbox 2145 4416 2340 4455">
    <p class='ocr_par' dir='ltr' id='par_1_137' title="bbox 2145 4416 2340 4455">
     <span class='ocr_line' id='line_1_140' title="bbox 2145 4416 2340 4455; baseline 0.005 -1"><span class='ocrx_word' id='word_1_995' title='bbox 2145 4416 2193 4454; x_wconf 77' lang='lat'><strong>6.</strong></span> <span class='ocrx_word' id='word_1_996' title='bbox 2228 4416 2340 4455; x_wconf 73' lang='grc'><strong>151.</strong></span> 
     </span>
    </p>
   </div>
   <div class='ocr_carea' id='block_1_138' title="bbox 2221 4403 3727 4545">
    <p class='ocr_par' dir='ltr' id='par_1_138' title="bbox 2221 4403 3727 4545">
     <span class='ocr_line' id='line_1_141' title="bbox 2221 4403 3727 4545; baseline -0.003 -20"><span class='ocrx_word' id='word_1_997' title='bbox 2384 4488 2567 4545; x_wconf 80' lang='lat' dir='ltr'><strong>xxxvi.</strong></span> <span class='ocrx_word' id='word_1_998' title='bbox 2602 4472 2679 4528; x_wconf 79' lang='lat' dir='ltr'><strong>De</strong></span> <span class='ocrx_word' id='word_1_999' title='bbox 2706 4471 3035 4545; x_wconf 13' lang='lat' dir='ltr'><strong>pigritia.g_--</strong></span> <span class='ocrx_word' id='word_1_1000' title='bbox 3056 4469 3107 4525; x_wconf 93' lang='grc'><strong>1.</strong></span> <span class='ocrx_word' id='word_1_1001' title='bbox 3128 4470 3399 4545; x_wconf 82' lang='lat' dir='ltr'><strong>Suadendi</strong></span> <span class='ocrx_word' id='word_1_1002' title='bbox 3420 4479 3544 4525; x_wconf 90' lang='lat' dir='ltr'><strong>sunt</strong></span> <span class='ocrx_word' id='word_1_1003' title='bbox 3565 4467 3727 4545; x_wconf 81' lang='lat' dir='ltr'><strong>pigri,</strong></span> 
     </span>
    </p>
   </div>
   <div class='ocr_carea' id='block_1_139' title="bbox 2152 4540 3727 4612">
    <p class='ocr_par' dir='ltr' id='par_1_139' title="bbox 2152 4540 3727 4612">
     <span class='ocr_line' id='line_1_142' title="bbox 2152 4540 3727 4612; baseline -0.003 -14"><span class='ocrx_word' id='word_1_1004' title='bbox 2152 4558 2221 4598; x_wconf 89' lang='lat' dir='ltr'><strong>ne</strong></span> <span class='ocrx_word' id='word_1_1005' title='bbox 2251 4544 2457 4612; x_wconf 82' lang='lat' dir='ltr'><strong>agenda</strong></span> <span class='ocrx_word' id='word_1_1006' title='bbox 2507 4545 2669 4608; x_wconf 88' lang='lat' dir='ltr'><strong>bona,</strong></span> <span class='ocrx_word' id='word_1_1007' title='bbox 2698 4540 2827 4598; x_wconf 71' lang='lat' dir='ltr'><strong>du&#39;m</strong></span> <span class='ocrx_word' id='word_1_1008' title='bbox 2872 4542 3144 4605; x_wconf 79' lang='lat' dir='ltr'><strong>dill‘erunt,</strong></span> <span class='ocrx_word' id='word_1_1009' title='bbox 3191 4542 3459 4608; x_wconf 89' lang='lat' dir='ltr'><strong>amittant,</strong></span> <span class='ocrx_word' id='word_1_1010' title='bbox 3489 4550 3543 4597; x_wconf 89' lang='lat' dir='ltr'><strong>et</strong></span> <span class='ocrx_word' id='word_1_1011' title='bbox 3597 4540 3727 4594; x_wconf 90' lang='lat' dir='ltr'><strong>dum</strong></span> 
     </span>
    </p>
   </div>
   <div class='ocr_carea' id='block_1_140' title="bbox 2152 4612 3728 4684">
    <p class='ocr_par' dir='ltr' id='par_1_140' title="bbox 2152 4612 3728 4684">
     <span class='ocr_line' id='line_1_143' title="bbox 2152 4612 3728 4684; baseline -0.004 -15"><span class='ocrx_word' id='word_1_1012' title='bbox 2152 4624 2452 4683; x_wconf 89' lang='lat' dir='ltr'><strong>opportune</strong></span> <span class='ocrx_word' id='word_1_1013' title='bbox 2493 4630 2651 4684; x_wconf 90' lang='lat' dir='ltr'><strong>agere</strong></span> <span class='ocrx_word' id='word_1_1014' title='bbox 2697 4629 2814 4683; x_wconf 82' lang='lat' dir='ltr'><strong>quae</strong></span> <span class='ocrx_word' id='word_1_1015' title='bbox 2864 4621 3088 4683; x_wconf 88' lang='lat' dir='ltr'><strong>possunt</strong></span> <span class='ocrx_word' id='word_1_1016' title='bbox 3134 4612 3341 4680; x_wconf 84' lang='lat' dir='ltr'><strong>nolunt,</strong></span> <span class='ocrx_word' id='word_1_1017' title='bbox 3390 4612 3547 4683; x_wconf 91' lang='lat' dir='ltr'><strong>paulo</strong></span> <span class='ocrx_word' id='word_1_1018' title='bbox 3584 4619 3728 4684; x_wconf 83' lang='lat' dir='ltr'><strong>post,</strong></span> 
     </span>
    </p>
   </div>
   <div class='ocr_carea' id='block_1_141' title="bbox 2152 4681 3728 4754">
    <p class='ocr_par' dir='ltr' id='par_1_141' title="bbox 2152 4681 3728 4754">
     <span class='ocr_line' id='line_1_144' title="bbox 2152 4681 3728 4754; baseline -0.004 -14"><span class='ocrx_word' id='word_1_1019' title='bbox 2152 4681 2271 4740; x_wconf 85' lang='lat' dir='ltr'><strong>cum</strong></span> <span class='ocrx_word' id='word_1_1020' title='bbox 2327 4681 2550 4754; x_wconf 64' lang='lat' dir='ltr'><strong>volunt,</strong></span> <span class='ocrx_word' id='word_1_1021' title='bbox 2580 4681 2729 4741; x_wconf 71' lang='lat' dir='ltr'><strong>-non</strong></span> <span class='ocrx_word' id='word_1_1022' title='bbox 2763 4681 2998 4739; x_wconf 85' lang='lat' dir='ltr'><strong>valeant.</strong></span> <span class='ocrx_word' id='word_1_1023' title='bbox 3042 4684 3363 4752; x_wconf 87' lang='lat' dir='ltr'><strong>Plerumque</strong></span> <span class='ocrx_word' id='word_1_1024' title='bbox 3394 4681 3565 4753; x_wconf 81' lang='lat' dir='ltr'><strong>piger</strong></span> <span class='ocrx_word' id='word_1_1025' title='bbox 3600 4681 3728 4735; x_wconf 90' lang='lat' dir='ltr'><strong>dum</strong></span> 
     </span>
    </p>
   </div>
   <div class='ocr_carea' id='block_1_142' title="bbox 2152 4754 3727 4827">
    <p class='ocr_par' dir='ltr' id='par_1_142' title="bbox 2152 4754 3727 4827">
     <span class='ocr_line' id='line_1_145' title="bbox 2152 4754 3727 4827; baseline -0.004 -18"><span class='ocrx_word' id='word_1_1026' title='bbox 2152 4758 2451 4812; x_wconf 89' lang='lat' dir='ltr'><strong>necessaria</strong></span> <span class='ocrx_word' id='word_1_1027' title='bbox 2474 4772 2632 4825; x_wconf 90' lang='lat' dir='ltr'><strong>agere</strong></span> <span class='ocrx_word' id='word_1_1028' title='bbox 2671 4755 2907 4827; x_wconf 85' lang='lat' dir='ltr'><strong>negligit,</strong></span> <span class='ocrx_word' id='word_1_1029' title='bbox 2932 4755 3190 4827; x_wconf 63' lang='lat' dir='ltr'><strong>quedam-</strong></span> <span class='ocrx_word' id='word_1_1030' title='bbox 3206 4755 3310 4827; x_wconf 81' lang='lat' dir='ltr'><strong>sibi</strong></span> <span class='ocrx_word' id='word_1_1031' title='bbox 3337 4754 3576 4827; x_wconf 81' lang='lat' dir='ltr'><strong>difficilia</strong></span> <span class='ocrx_word' id='word_1_1032' title='bbox 3618 4766 3727 4827; x_wconf 83' lang='lat' dir='ltr'><strong>np-_-</strong></span> 
     </span>
    </p>
   </div>
   <div class='ocr_carea' id='block_1_143' title="bbox 2150 4822 3726 4898">
    <p class='ocr_par' dir='ltr' id='par_1_143' title="bbox 2150 4822 3726 4898">
     <span class='ocr_line' id='line_1_146' title="bbox 2150 4822 3726 4898; baseline -0.003 -17"><span class='ocrx_word' id='word_1_1033' title='bbox 2150 4828 2336 4896; x_wconf 90' lang='lat' dir='ltr'><strong>ponit;</strong></span> <span class='ocrx_word' id='word_1_1034' title='bbox 2365 4822 2607 4898; x_wconf 56' lang='lat' dir='ltr'><strong>quaedam</strong></span> <span class='ocrx_word' id='word_1_1035' title='bbox 2634 4822 2764 4898; x_wconf 73' lang='lat' dir='ltr'><strong>vero</strong></span> <span class='ocrx_word' id='word_1_1036' title='bbox 2782 4822 2995 4881; x_wconf 75' lang='lat' dir='ltr'><strong>incaute</strong></span> <span class='ocrx_word' id='word_1_1037' title='bbox 3023 4825 3311 4894; x_wconf 84' lang='lat' dir='ltr'><strong>formidat,</strong></span> <span class='ocrx_word' id='word_1_1038' title='bbox 3339 4825 3542 4898; x_wconf 75' lang='lat' dir='ltr'><strong>etdum</strong></span> <span class='ocrx_word' id='word_1_1039' title='bbox 3570 4822 3726 4898; x_wconf 83' lang='lat' dir='ltr'><strong>quasi</strong></span> 
     </span>
    </p>
   </div>
   <div class='ocr_carea' id='block_1_144' title="bbox 2150 4893 3727 4967">
    <p class='ocr_par' dir='ltr' id='par_1_144' title="bbox 2150 4893 3727 4967">
     <span class='ocr_line' id='line_1_147' title="bbox 2150 4893 3727 4967; baseline -0.003 -16"><span class='ocrx_word' id='word_1_1040' title='bbox 2150 4893 2349 4952; x_wconf 82' lang='lat' dir='ltr'><strong>invenit</strong></span> <span class='ocrx_word' id='word_1_1041' title='bbox 2378 4893 2520 4967; x_wconf 79' lang='lat' dir='ltr'><strong>quod</strong></span> <span class='ocrx_word' id='word_1_1042' title='bbox 2558 4898 2702 4952; x_wconf 90' lang='lat' dir='ltr'><strong>velut</strong></span> <span class='ocrx_word' id='word_1_1043' title='bbox 2742 4896 2889 4967; x_wconf 88' lang='lat' dir='ltr'><strong>juste</strong></span> <span class='ocrx_word' id='word_1_1044' title='bbox 2928 4907 3151 4962; x_wconf 90' lang='lat' dir='ltr'><strong>metuat,</strong></span> <span class='ocrx_word' id='word_1_1045' title='bbox 3195 4893 3434 4967; x_wconf 75' lang='lat' dir='ltr'><strong>pstendit</strong></span> <span class='ocrx_word' id='word_1_1046' title='bbox 3482 4893 3624 4967; x_wconf 88' lang='lat' dir='ltr'><strong>quod</strong></span> <span class='ocrx_word' id='word_1_1047' title='bbox 3671 4895 3727 4947; x_wconf 88' lang='lat' dir='ltr'><strong>in</strong></span> 
     </span>
    </p>
   </div>
   <div class='ocr_carea' id='block_1_145' title="bbox 2149 4964 3729 5039">
    <p class='ocr_par' dir='ltr' id='par_1_145' title="bbox 2149 4964 3729 5039">
     <span class='ocr_line' id='line_1_148' title="bbox 2149 4964 3729 5039; baseline -0.003 -16"><span class='ocrx_word' id='word_1_1048' title='bbox 2149 4971 2261 5023; x_wconf 87' lang='lat' dir='ltr'><strong>otio</strong></span> <span class='ocrx_word' id='word_1_1049' title='bbox 2287 4964 2436 5039; x_wconf 75' lang='lat' dir='ltr'><strong>quasi</strong></span> <span class='ocrx_word' id='word_1_1050' title='bbox 2484 4983 2590 5024; x_wconf 92' lang='lat' dir='ltr'><strong>non</strong></span> <span class='ocrx_word' id='word_1_1051' title='bbox 2634 4964 2835 5039; x_wconf 75' lang='lat' dir='ltr'><strong>injuste</strong></span> <span class='ocrx_word' id='word_1_1052' title='bbox 2877 4976 3165 5038; x_wconf 87' lang='lat' dir='ltr'><strong>torpescat.</strong></span> <span class='ocrx_word' id='word_1_1053' title='bbox 3193 4964 3353 5039; x_wconf 86' lang='lat' dir='ltr'><strong>Pigro</strong></span> <span class='ocrx_word' id='word_1_1054' title='bbox 3401 4964 3595 5022; x_wconf 87' lang='lat' dir='ltr'><strong>etenim</strong></span> <span class='ocrx_word' id='word_1_1055' title='bbox 3628 4978 3729 5035; x_wconf 82' lang='lat' dir='ltr'><strong>per</strong></span> 
     </span>
    </p>
   </div>
   <div class='ocr_carea' id='block_1_146' title="bbox 2150 5036 3725 5109">
    <p class='ocr_par' dir='ltr' id='par_1_146' title="bbox 2150 5036 3725 5109">
     <span class='ocr_line' id='line_1_149' title="bbox 2150 5036 3725 5109; baseline -0.005 -14"><span class='ocrx_word' id='word_1_1056' title='bbox 2150 5036 2489 5095; x_wconf 83' lang='lat' dir='ltr'><strong>Salomonem</strong></span> <span class='ocrx_word' id='word_1_1057' title='bbox 2531 5036 2724 5094; x_wconf 84' lang='lat' dir='ltr'><strong>dicitur</strong></span> <span class='ocrx_word' id='word_1_1058' title='bbox 2754 5056 2769 5094; x_wconf 89' lang='lat'><strong>:</strong></span> <span class='ocrx_word' id='word_1_1059' title='bbox 2799 5036 3018 5108; x_wconf 79' lang='lat' dir='ltr'><strong>Propter</strong></span> <span class='ocrx_word' id='word_1_1060' title='bbox 3045 5040 3205 5109; x_wconf 77' lang='lat' dir='ltr'><strong>frigus</strong></span> <span class='ocrx_word' id='word_1_1061' title='bbox 3249 5036 3405 5109; x_wconf 60' lang='grc' dir='ltr'><strong>φερειν</strong></span> <span class='ocrx_word' id='word_1_1062' title='bbox 3449 5050 3725 5109; x_wconf 82' lang='lat' dir='ltr'><strong>arare_no-</strong></span> 
     </span>
    </p>
   </div>
   <div class='ocr_carea' id='block_1_147' title="bbox 2150 5105 3731 5181">
    <p class='ocr_par' dir='ltr' id='par_1_147' title="bbox 2150 5105 3731 5181">
     <span class='ocr_line' id='line_1_150' title="bbox 2150 5105 3731 5181; baseline -0.004 -17"><span class='ocrx_word' id='word_1_1063' title='bbox 2150 5114 2264 5174; x_wconf 83' lang='lat' dir='ltr'><strong>luit,</strong></span> <span class='ocrx_word' id='word_1_1064' title='bbox 2312 5110 2616 5166; x_wconf 82' lang='lat' dir='ltr'><strong>mendicabit</strong></span> <span class='ocrx_word' id='word_1_1065' title='bbox 2644 5125 2762 5181; x_wconf 86' lang='lat' dir='ltr'><strong>ergo</strong></span> <span class='ocrx_word' id='word_1_1066' title='bbox 2791 5105 2986 5175; x_wconf 76' lang='lat' dir='ltr'><strong>testate,</strong></span> <span class='ocrx_word' id='word_1_1067' title='bbox 3036 5105 3083 5164; x_wconf 75' lang='lat' dir='ltr'><strong>et</strong></span> <span class='ocrx_word' id='word_1_1068' title='bbox 3113 5105 3228 5163; x_wconf 64' lang='lat' dir='ltr'><strong>non</strong></span> <span class='ocrx_word' id='word_1_1069' title='bbox 3266 5105 3469 5162; x_wconf 78' lang='lat' dir='ltr'><strong>dabitur</strong></span> <span class='ocrx_word' id='word_1_1070' title='bbox 3491 5109 3537 5161; x_wconf 80' lang='lat' dir='ltr'><strong>ei</strong></span> <span class='ocrx_word' id='word_1_1071' title='bbox 3564 5105 3731 5177; x_wconf 80' lang='lat' dir='ltr'><strong>(Pro-</strong></span> 
     </span>
    </p>
   </div>
   <div class='ocr_carea' id='block_1_148' title="bbox 2148 5181 3725 5250">
    <p class='ocr_par' dir='ltr' id='par_1_148' title="bbox 2148 5181 3725 5250">
     <span class='ocr_line' id='line_1_151' title="bbox 2148 5181 3725 5250; baseline -0.003 -14"><span class='ocrx_word' id='word_1_1072' title='bbox 2148 5183 2285 5237; x_wconf 84' lang='lat' dir='ltr'><strong>oerb.</strong></span> <span class='ocrx_word' id='word_1_1073' title='bbox 2312 5198 2404 5249; x_wconf 74' lang='lat' dir='ltr'><strong>xx,</strong></span> <span class='ocrx_word' id='word_1_1074' title='bbox 2434 5183 2512 5250; x_wconf 68' lang='lat'><strong>4).</strong></span> <span class='ocrx_word' id='word_1_1075' title='bbox 2543 5181 2767 5249; x_wconf 89' lang='lat' dir='ltr'><strong>Propter</strong></span> <span class='ocrx_word' id='word_1_1076' title='bbox 2790 5181 2956 5250; x_wconf 82' lang='lat' dir='ltr'><strong>frigus</strong></span> <span class='ocrx_word' id='word_1_1077' title='bbox 2982 5182 3179 5250; x_wconf 89' lang='lat' dir='ltr'><strong>quippe</strong></span> <span class='ocrx_word' id='word_1_1078' title='bbox 3229 5182 3377 5249; x_wconf 83' lang='lat' dir='ltr'><strong>piger</strong></span> <span class='ocrx_word' id='word_1_1079' title='bbox 3428 5194 3534 5233; x_wconf 91' lang='lat' dir='ltr'><strong>non</strong></span> <span class='ocrx_word' id='word_1_1080' title='bbox 3580 5186 3725 5250; x_wconf 77' lang='lat' dir='ltr'><strong>arat,</strong></span> 
     </span>
    </p>
   </div>
   <div class='ocr_carea' id='block_1_149' title="bbox 2148 5246 3731 5320">
    <p class='ocr_par' dir='ltr' id='par_1_149' title="bbox 2148 5246 3731 5320">
     <span class='ocr_line' id='line_1_152' title="bbox 2148 5246 3731 5320; baseline -0.003 -12"><span class='ocrx_word' id='word_1_1081' title='bbox 2148 5254 2297 5319; x_wconf 88' lang='lat' dir='ltr'><strong>dum,</strong></span> <span class='ocrx_word' id='word_1_1082' title='bbox 2336 5246 2606 5307; x_wconf 86' lang='lat' dir='ltr'><strong>desidioso</strong></span> <span class='ocrx_word' id='word_1_1083' title='bbox 2632 5246 2848 5320; x_wconf 73' lang='lat' dir='ltr'><strong>torpore</strong></span> <span class='ocrx_word' id='word_1_1084' title='bbox 2863 5246 3213 5315; x_wconf 73' lang='lat' dir='ltr'><strong>constrictus,</strong></span> <span class='ocrx_word' id='word_1_1085' title='bbox 3232 5246 3398 5319; x_wconf 59' lang='lat' dir='ltr'><strong>&#39;ag&#39;ere</strong></span> <span class='ocrx_word' id='word_1_1086' title='bbox 3425 5264 3542 5319; x_wconf 79' lang='lat' dir='ltr'><strong>quae</strong></span> <span class='ocrx_word' id='word_1_1087' title='bbox 3562 5246 3731 5304; x_wconf 81' lang='lat' dir='ltr'><strong>debet</strong></span> 
     </span>
    </p>
   </div>
   <div class='ocr_carea' id='block_1_150' title="bbox 2148 5320 3729 5389">
    <p class='ocr_par' dir='ltr' id='par_1_150' title="bbox 2148 5320 3729 5389">
     <span class='ocr_line' id='line_1_153' title="bbox 2148 5320 3729 5389; baseline -0.004 -10"><span class='ocrx_word' id='word_1_1088' title='bbox 2148 5324 2287 5379; x_wconf 86' lang='lat' dir='ltr'><strong>bona</strong></span> <span class='ocrx_word' id='word_1_1089' title='bbox 2309 5321 2635 5389; x_wconf 90' lang='lat' dir='ltr'><strong>dissimulat,</strong></span> <span class='ocrx_word' id='word_1_1090' title='bbox 2667 5331 2723 5376; x_wconf 89' lang='lat' dir='ltr'><strong>et</strong></span> <span class='ocrx_word' id='word_1_1091' title='bbox 2751 5329 2873 5376; x_wconf 88' lang='lat' dir='ltr'><strong>dum</strong></span> <span class='ocrx_word' id='word_1_1092' title='bbox 2906 5336 3068 5389; x_wconf 88' lang='lat' dir='ltr'><strong>parva</strong></span> <span class='ocrx_word' id='word_1_1093' title='bbox 3097 5337 3160 5376; x_wconf 87' lang='lat' dir='ltr'><strong>ex</strong></span> <span class='ocrx_word' id='word_1_1094' title='bbox 3189 5321 3414 5375; x_wconf 88' lang='lat' dir='ltr'><strong>adverso</strong></span> <span class='ocrx_word' id='word_1_1095' title='bbox 3443 5320 3582 5374; x_wconf 84' lang='lat' dir='ltr'><strong>mala</strong></span> <span class='ocrx_word' id='word_1_1096' title='bbox 3612 5333 3729 5373; x_wconf 86' lang='lat' dir='ltr'><strong>me-</strong></span> 
     </span>
    </p>
   </div>
   <div class='ocr_carea' id='block_1_151' title="bbox 2150 5389 3727 5464">
    <p class='ocr_par' dir='ltr' id='par_1_151' title="bbox 2150 5389 3727 5464">
     <span class='ocr_line' id='line_1_154' title="bbox 2150 5389 3727 5464; baseline -0.004 -15"><span class='ocrx_word' id='word_1_1097' title='bbox 2150 5396 2280 5459; x_wconf 89' lang='lat' dir='ltr'><strong>tuit,</strong></span> <span class='ocrx_word' id='word_1_1098' title='bbox 2328 5394 2537 5464; x_wconf 90' lang='lat' dir='ltr'><strong>operari</strong></span> <span class='ocrx_word' id='word_1_1099' title='bbox 2584 5394 2815 5447; x_wconf 89' lang='lat' dir='ltr'><strong>maxima</strong></span> <span class='ocrx_word' id='word_1_1100' title='bbox 2876 5391 3251 5461; x_wconf 67' lang='lat' dir='ltr'><strong>praetermittit.</strong></span> <span class='ocrx_word' id='word_1_1101' title='bbox 3303 5390 3453 5464; x_wconf 84' lang='lat' dir='ltr'><strong>Bene</strong></span> <span class='ocrx_word' id='word_1_1102' title='bbox 3507 5389 3727 5464; x_wconf 75' lang='lat' dir='ltr'><strong>quidem</strong></span> 
     </span>
    </p>
   </div>
   <div class='ocr_carea' id='block_1_152' title="bbox 2147 5459 3727 5529">
    <p class='ocr_par' dir='ltr' id='par_1_152' title="bbox 2147 5459 3727 5529">
     <span class='ocr_line' id='line_1_155' title="bbox 2147 5459 3727 5529; baseline -0.004 -8"><span class='ocrx_word' id='word_1_1103' title='bbox 2147 5459 2394 5521; x_wconf 76' lang='lat' dir='ltr'><strong>subditur</strong></span> <span class='ocrx_word' id='word_1_1104' title='bbox 2424 5484 2437 5519; x_wconf 91' lang='lat'><strong>:</strong></span> <span class='ocrx_word' id='word_1_1105' title='bbox 2472 5464 2785 5519; x_wconf 78' lang='lat' dir='ltr'><strong>Mendicabit</strong></span> <span class='ocrx_word' id='word_1_1106' title='bbox 2819 5459 3013 5529; x_wconf 71' lang='lat' dir='ltr'><strong>tritate,</strong></span> <span class='ocrx_word' id='word_1_1107' title='bbox 3037 5471 3084 5517; x_wconf 83' lang='lat' dir='ltr'><strong>et</strong></span> <span class='ocrx_word' id='word_1_1108' title='bbox 3129 5478 3230 5517; x_wconf 83' lang='lat' dir='ltr'><strong>non</strong></span> <span class='ocrx_word' id='word_1_1109' title='bbox 3276 5462 3481 5515; x_wconf 72' lang='lat' dir='ltr'><strong>dabitur</strong></span> <span class='ocrx_word' id='word_1_1110' title='bbox 3501 5462 3570 5514; x_wconf 84' lang='lat' dir='ltr'><strong>ei.</strong></span> <span class='ocrx_word' id='word_1_1111' title='bbox 3621 5459 3727 5527; x_wconf 89' lang='lat' dir='ltr'><strong>Qui</strong></span> 
     </span>
    </p>
   </div>
   <div class='ocr_carea' id='block_1_153' title="bbox 2145 5531 3726 5604">
    <p class='ocr_par' dir='ltr' id='par_1_153' title="bbox 2145 5531 3726 5604">
     <span class='ocr_line' id='line_1_156' title="bbox 2145 5531 3726 5604; baseline -0.003 -13"><span class='ocrx_word' id='word_1_1112' title='bbox 2145 5536 2289 5592; x_wconf 89' lang='lat' dir='ltr'><strong>enim</strong></span> <span class='ocrx_word' id='word_1_1113' title='bbox 2315 5550 2455 5592; x_wconf 91' lang='lat' dir='ltr'><strong>nunc</strong></span> <span class='ocrx_word' id='word_1_1114' title='bbox 2482 5536 2539 5590; x_wconf 86' lang='lat' dir='ltr'><strong>in</strong></span> <span class='ocrx_word' id='word_1_1115' title='bbox 2583 5535 2740 5591; x_wconf 80' lang='lat' dir='ltr'><strong>bonis</strong></span> <span class='ocrx_word' id='word_1_1116' title='bbox 2782 5534 3034 5604; x_wconf 88' lang='lat' dir='ltr'><strong>operibus</strong></span> <span class='ocrx_word' id='word_1_1117' title='bbox 3076 5548 3183 5589; x_wconf 90' lang='lat' dir='ltr'><strong>non</strong></span> <span class='ocrx_word' id='word_1_1118' title='bbox 3215 5533 3457 5601; x_wconf 90' lang='lat' dir='ltr'><strong>exsudat,</strong></span> <span class='ocrx_word' id='word_1_1119' title='bbox 3490 5546 3612 5588; x_wconf 91' lang='lat' dir='ltr'><strong>cum</strong></span> <span class='ocrx_word' id='word_1_1120' title='bbox 3641 5531 3726 5604; x_wconf 62' lang='grc' dir='ltr'><strong>εει</strong></span> 
     </span>
    </p>
   </div>
   <div class='ocr_carea' id='block_1_154' title="bbox 2143 5602 3728 5678">
    <p class='ocr_par' dir='ltr' id='par_1_154' title="bbox 2143 5602 3728 5678">
     <span class='ocr_line' id='line_1_157' title="bbox 2143 5602 3728 5678; baseline -0.004 -17"><span class='ocrx_word' id='word_1_1121' title='bbox 2143 5608 2332 5678; x_wconf 90' lang='lat' dir='ltr'><strong>judicii</strong></span> <span class='ocrx_word' id='word_1_1122' title='bbox 2364 5607 2655 5663; x_wconf 87' lang='lat' dir='ltr'><strong>ferventior</strong></span> <span class='ocrx_word' id='word_1_1123' title='bbox 2680 5602 3011 5678; x_wconf 73' lang='lat' dir='ltr'><strong>apparuerit,</strong></span> <span class='ocrx_word' id='word_1_1124' title='bbox 3057 5606 3181 5674; x_wconf 87' lang='lat' dir='ltr'><strong>quia</strong></span> <span class='ocrx_word' id='word_1_1125' title='bbox 3216 5604 3427 5678; x_wconf 71' lang='lat' dir='ltr'><strong>frustra</strong></span> <span class='ocrx_word' id='word_1_1126' title='bbox 3458 5602 3728 5678; x_wconf 65' lang='lat' dir='ltr'><strong>regniad-</strong></span> 
     </span>
    </p>
   </div>
   <div class='ocr_carea' id='block_1_155' title="bbox 2147 5673 3728 5747">
    <p class='ocr_par' dir='ltr' id='par_1_155' title="bbox 2147 5673 3728 5747">
     <span class='ocr_line' id='line_1_158' title="bbox 2147 5673 3728 5747; baseline 0 -14"><span class='ocrx_word' id='word_1_1127' title='bbox 2147 5673 2281 5733; x_wconf 83' lang='lat' dir='ltr'><strong>itum</strong></span> <span class='ocrx_word' id='word_1_1128' title='bbox 2305 5680 2557 5747; x_wconf 87' lang='lat' dir='ltr'><strong>postulat,</strong></span> <span class='ocrx_word' id='word_1_1129' title='bbox 2582 5673 2729 5747; x_wconf 73' lang='lat' dir='ltr'><strong>nihil</strong></span> <span class='ocrx_word' id='word_1_1130' title='bbox 2743 5673 3012 5747; x_wconf 83' lang='lat' dir='ltr'><strong>accipiens</strong></span> <span class='ocrx_word' id='word_1_1131' title='bbox 3035 5673 3222 5731; x_wconf 77' lang='lat' dir='ltr'><strong>testate</strong></span> <span class='ocrx_word' id='word_1_1132' title='bbox 3250 5673 3536 5747; x_wconf 85' lang='lat' dir='ltr'><strong>mendicat.</strong></span> <span class='ocrx_word' id='word_1_1133' title='bbox 3575 5673 3728 5733; x_wconf 76' lang='lat' dir='ltr'><strong>Idem</strong></span> 
     </span>
    </p>
   </div>
   <div class='ocr_carea' id='block_1_156' title="bbox 2146 5745 3725 5820">
    <p class='ocr_par' dir='ltr' id='par_1_156' title="bbox 2146 5745 3725 5820">
     <span class='ocr_line' id='line_1_159' title="bbox 2146 5745 3725 5820; baseline -0.009 -14"><span class='ocrx_word' id='word_1_1134' title='bbox 2146 5745 2399 5806; x_wconf 84' lang='lat' dir='ltr'><strong>Salomon</strong></span> <span class='ocrx_word' id='word_1_1135' title='bbox 2449 5751 2556 5803; x_wconf 85' lang='lat' dir='ltr'><strong>ait:</strong></span> <span class='ocrx_word' id='word_1_1136' title='bbox 2588 5746 2692 5820; x_wconf 80' lang='lat' dir='ltr'><strong>Per</strong></span> <span class='ocrx_word' id='word_1_1137' title='bbox 2740 5745 2921 5820; x_wconf 46' lang='lat' dir='ltr'><strong>agru&#39;m</strong></span> <span class='ocrx_word' id='word_1_1138' title='bbox 2966 5747 3187 5800; x_wconf 80' lang='lat' dir='ltr'><strong>hominis</strong></span> <span class='ocrx_word' id='word_1_1139' title='bbox 3230 5745 3363 5820; x_wconf 78' lang='lat' dir='ltr'><strong>pigri</strong></span> <span class='ocrx_word' id='word_1_1140' title='bbox 3406 5747 3648 5816; x_wconf 56' lang='lat' dir='ltr'><strong>transi-ag,</strong></span> <span class='ocrx_word' id='word_1_1141' title='bbox 3680 5760 3725 5802; x_wconf 74' lang='grc' dir='ltr'>ε·</span> 
     </span>
    </p>
   </div>
   <div class='ocr_carea' id='block_1_157' title="bbox 2147 5819 3720 5890">
    <p class='ocr_par' dir='ltr' id='par_1_157' title="bbox 2147 5819 3720 5890">
     <span class='ocr_line' id='line_1_160' title="bbox 2147 5819 3720 5890; baseline 0.001 -15"><span class='ocrx_word' id='word_1_1142' title='bbox 2147 5825 2342 5877; x_wconf 69' lang='lat' dir='ltr'><strong>vincam</strong></span> <span class='ocrx_word' id='word_1_1143' title='bbox 2367 5821 2462 5877; x_wconf 84' lang='lat' dir='ltr'><strong>viri</strong></span> <span class='ocrx_word' id='word_1_1144' title='bbox 2496 5819 2661 5889; x_wconf 81' lang='lat' dir='ltr'><strong>stulti,</strong></span> <span class='ocrx_word' id='word_1_1145' title='bbox 2691 5829 2739 5875; x_wconf 87' lang='lat' dir='ltr'><strong>et</strong></span> <span class='ocrx_word' id='word_1_1146' title='bbox 2778 5819 2896 5875; x_wconf 81' lang='lat' dir='ltr'><strong>ecce</strong></span> <span class='ocrx_word' id='word_1_1147' title='bbox 2924 5827 3085 5877; x_wconf 82' lang='lat' dir='ltr'><strong>totum</strong></span> <span class='ocrx_word' id='word_1_1148' title='bbox 3125 5819 3444 5889; x_wconf 76' lang='lat' dir='ltr'><strong>repleverant</strong></span> <span class='ocrx_word' id='word_1_1149' title='bbox 3504 5822 3720 5890; x_wconf 63' lang='lat' dir='ltr'><strong>urtica,</strong></span> 
     </span>
    </p>
   </div>
  </div>
