4086 6350
460 244 596 303 1187
674 308 689 345 ν

460 359 669 424 redeat,
700 364 755 412 et
778 353 921 425 quod
945 353 1010 409 de
1040 352 1235 406 divinis
1258 350 1470 425 iudiciis
1493 348 1901 425 apprehendere
1929 364 2034 425 non

462 432 625 496 valet,
654 420 755 482 non
786 420 1053 494 requirat;
1084 440 1149 478 ne
1178 426 1220 475 si
1249 424 1447 476 divmte
1492 422 1585 475 ira:
1631 436 1788 473 causa
1818 420 2038 496 discuti-

464 510 570 565 tur,
613 492 842 562 amplius
868 492 1113 549 discussa
1165 503 1505 561 provocetur,
1538 502 1781 565 etqnain
1831 492 2046 559 placare

464 562 736 626 liuitzilitas
778 577 1003 635 poterat,
1037 565 1541 636 inexstinguibiltter
1572 562 1816 636 superbia
1849 576 2044 616 accen-

463 643 573 699 dat.
599 642 697 695 Per
724 634 1023 710 aposmlum
1047 638 1266 710 Paulum
1282 634 1493 689 dicitur
1517 653 1536 710 Ξ
1556 634 1614 710 ΑΟ
1632 634 1792 710 κΙιιηηο
1812 676 1826 700 ,
1854 645 1904 710 t_n
1934 636 2046 702 quis

462 731 535 779 es,
562 713 648 782 qui
680 704 988 777 respondeas
1036 708 1141 762 Deo
1191 708 1479 782 (liom._ix_,
1510 706 1663 782 QQ)?__
1691 704 2044 782 Semrtipsutn

464 776 626 841 homo
669 776 1018 837 considerans
1062 776 1218 844 tacet,
1251 790 1304 831 et
1350 778 1526 831 divina
1554 777 1749 844 judicia
1783 776 2048 830 tli~cntrrc

471 855 683 917 metuit,
710 850 833 921 quia
863 866 984 905 esse
1009 868 1065 903 se
1094 854 1367 921 pulverem
1398 850 1642 915 agnoscit
1661 865 1691 921 ;r
1722 848 2048 921 resttoudere

466 940 573 980 non
599 920 759 995 posse
789 924 1151 995 convincitur,
1203 921 1326 989 quia
1361 920 1523 973 homo
1555 920 1877 995 nominatur,
1926 920 2048 986 quia

470 1011 566 1065 per
601 988 723 1051 'liue
771 995 910 1063 quod
958 994 1024 1048 de
1070 988 1231 1047 liumo
1284 1001 1527 1065 sumptus
1564 988 1765 1065 judicia
1821 1004 2049 1065 superna

469 1060 737 1191 disgtlitpre
767 1060 963 1135 dignus
1012 1078 1117 1119 non
1156 1074 1238 1118 est
1274 1062 1492 1133 (συνίῃ,
1554 1060 1747 1115 Morel.
1804 1076 1887 1126 ix,
1942 1060 2047 1125 14,

469 1156 525 1191 u.
664 1178 677 1190 .

469 1156 525 1194 u.
554 1138 614 1191 si
636 1138 677 1208 ).

545 1231 672 1283 Car.
709 1245 819 1284 LIII.
869 1227 944 1281 De
974 1227 1052 1281 his
1100 1227 1187 1297 qui
1227 1227 1430 1297 judicio
1468 1225 1559 1297 Dei
1608 1224 1954 1297 robdurautur.
1982 1256 2050 1297 _—

472 1301 522 1354 l.
570 1300 720 1355 Sicut
771 1314 929 1353 nemo
977 1295 1182 1352 obstitit
1227 1295 1462 1368 largitati
1525 1295 1641 1368 Dei
1670 1299 1940 1368 vocantis,
1980 1295 2049 1350 ita

468 1372 646 1426 nullus
688 1372 869 1425 obviat
914 1369 1136 1439 justitia:
1168 1366 1545 1439 delinquentis.
1604 1367 1728 1439 Non
1765 1366 1905 1439 enim
1962 1382 2053 1419 cor

468 1444 741 1513 peccantis
772 1436 928 1495 Deus'
944 1441 1195 1507 obdurat,
1239 1436 1343 1495 sed
1376 1440 1640 1513 obdurare
1679 1436 2049 1513 dicilttrtcum

467 1507 537 1567 ab
566 1515 918 1567 obduratione
970 1527 1077 1566 non
1124 1513 1332 1565 liberat.
1372 1510 1650 1564 Obdurare
1681 1523 1740 1563 se
1778 1525 1869 1576 per
1894 1507 2056 1579 justi-

470 1586 597 1638 tiam
623 1586 841 1649 dicitur,
867 1586 987 1652 quia
1038 1597 1136 1637 cor
1183 1582 1531 1651 reproborum
1579 1596 1671 1648 per
1694 1580 1913 1652 gratiam
1948 1595 2051 1634 non

468 1656 694 1710 emollit.
743 1650 1043 1709 Recludere
1078 1654 1167 1708 Dei
1215 1650 1295 1704 ρει
1324 1654 1521 1706 clausis
1555 1666 1656 1703 non
1692 1650 1925 1719 aperire,
1956 1652 2050 1706 sed

468 1728 521 1780 in
563 1741 779 1779 suorum
810 1740 1030 1794 operum
1088 1722 1319 1777 tenebris
1371 1734 1675 1794 peccatores
1720 1724 2044 1794 relinquere.
2082 1721 2128 1782 B

467 1797 766 1851 Misericors
806 1792 942 1850 Deus
982 1802 1192 1864 tempus
1223 1795 1377 1847 nubis
1435 1793 1633 1846 relaxat
1665 1792 2044 1864 ad_p(euiten~

468 1871 619 1931 tiam,
645 1868 738 1922 sed
758 1883 876 1921 cum
900 1868 1015 1935 ejus
1040 1862 1222 1929 gratia:
1248 1868 1554 1933 patientiam
1581 1877 1678 1917 nos
1701 1862 1765 1916 ad
1797 1878 2050 1933 augmen-

470 1948 579 1993 tum
615 1940 870 1992 vertimus
915 1940 1106 2002 culpat.
1157 1936 1267 1990 Hoc
1310 1936 1481 2004 ipsum
1539 1945 1770 2001 tempus,
1817 1936 1953 2001 quod
1984 1937 2048 1990 ad

469 2009 796 2079 parcendum
848 2008 935 2078 pie
973 2007 1252 2079 disposuit,
1285 2005 1585 2079 distriCtius
1633 2004 1725 2079 ad_
1753 2004 2047 2079 feriendum

468 2076 647 2134 vertit.
693 2080 824 2133 Cum
850 2076 1055 2133 reverti
1083 2080 1311 2147 quisque
1331 2077 1398 2130 ab
1420 2076 1618 2129 erroris
1646 2076 1727 2130 sui
1752 2077 2050 2132 tenebrosis

470 2150 771 2219 itineribus,
824 2152 981 2204 etiam
1012 2150 1187 2218 spatio
1218 2148 1472 2215 temporis
1521 2155 1741 2215 accepto
1798 2147 2046 2217 noluerit,

471 2235 567 2288 per
597 2223 695 2274 hoc
724 2218 861 2274 mala
893 2235 985 2273 sua
1014 2225 1076 2271 ad
1113 2231 1315 2273 reatum
1344 2228 1519 2288 auget.
1576 2232 1669 2285 per
1710 2218 1851 2287 quod
1878 2234 1939 2272 ea
1966 2220 2051 2274 di-

470 2294 618 2347 luere
646 2293 835 2361 potuit,
859 2292 902 2345 si
927 2292 1168 2361 emiverti
1187 2292 1442 2361 voluisset
1471 2288 1623 2361 (Titio
1642 2329 1657 2353 ,
1681 2305 1730 2361 v,
1759 2288 1825 2355 5;
1870 2288 2047 2361 Greg.,

474 2359 663 2417 Morel.
695 2377 769 2427 tu,
820 2363 872 2429 9,
906 2378 958 2414 η.
986 2360 1084 2429 15;
1130 2377 1143 2414 ι
1176 2364 1226 2414 in
1255 2360 1473 2431 Ezech.,
1504 2359 1643 2413 hom.
1680 2360 1776 2426 ll,
1829 2378 1881 2415 η.
1935 2360 2047 2434 Ξὶδ).

542 2455 670 2509 Car.
708 2469 811 2509 LIV.
844 2453 920 2508 De
951 2454 1283 2523 reproborum
1312 2454 1668 2524 prosperitate.
1697 2478 1769 2495 --
1797 2453 1849 2509 l.
1882 2454 1982 2521 Qui
2022 2470 2051 2508 a

472 2525 583 2581 Deo
637 2524 916 2590 avertitur,
966 2536 1019 2587 et
1062 2536 1425 2595 pi'osperatur,
1464 2536 1609 2579 tanto
1664 2524 1950 2593 perditioni
1996 2526 2053 2579 fit

475 2596 786 2665 proximior,
816 2606 1017 2663 quanto
1049 2610 1077 2650 a
1130 2598 1246 2651 zelo
1293 2597 1593 2665 disciplina:
1622 2596 1891 2651 invenitur
1917 2598 2052 2651 alie-

482 2683 600 2739 nus.
631 2666 873 2739 Plerique
899 2666 1130 2739 reprobi,
1168 2671 1291 2721 dum
1318 2682 1658 2737 peccatorum
1688 2681 1907 2722 suorum
1938 2669 2053 2723 vin-

474 2738 608 2793 culis
655 2738 973 2807 alligantur,
1006 2740 1072 2791 ad
1118 2738 1341 2807 justitiie
1395 2739 1662 2795 tramitem
1718 2754 2051 2809 nequaquam

473 2818 833 2875 revertuntur,
873 2809 1301 2875 plireneticorum
1350 2810 1598 2865 videlicet
1634 2812 1879 2865 sensibus
1908 2812 2052 2865 simi-

473 2881 553 2935 les
579 2919 595 2947 ,
643 2879 734 2951 qui
765 2884 1023 2935 insaniam
1074 2896 1176 2951 qua
1218 2884 1507 2949 praevalent
1554 2879 1803 2936 virtutem
1845 2890 2052 2949 putant,

474 2952 564 3020 qui
596 2966 661 3006 ex
695 2953 880 3006 morbo
909 2966 1026 3006 esse
1055 2953 1299 3006 nesciunt
1340 2952 1439 3006 lioc
1483 2952 1624 3022 quod
1652 2952 1883 3020 amplius
1908 2956 2053 3007 sanis

472 3032 715 3091 possunt,
748 3033 800 3077 et
830 3022 978 3091 quasi
1010 3023 1242 3077 crevisse
1265 3022 1465 3078 viribus
1506 3024 1795 3089 :estimant,
1823 3024 1949 3077 dum
1984 3024 2053 3078 ad

475 3086 597 3149 vitae
643 3086 925 3178 terminum
987 3108 1081 3163 per
1116 3102 1398 3178 augmenta
1441 3086 2055 3178 languorisappmpin:
2082 3086 2129 3150 C

477 3176 661 3232 quant.
686 3166 1075 3231 Nonnunquam
1105 3164 1317 3233 reprobi
1350 3164 1674 3233 phreneticis
1703 3164 2056 3235 similes,’qui

480 3236 710 3291 rationis
742 3249 891 3289 usum
924 3250 1028 3289 non
1054 3236 1271 3297 habent,
1306 3237 1456 3299 llent,
1481 3245 1537 3290 et
1567 3235 1773 3300 rident;
1826 3247 1878 3289 et
1912 3248 2057 3292 tanto

479 3306 533 3359 in
558 3319 747 3375 magna
777 3304 1131 3361 exsultatione
1153 3321 1212 3360 se
1235 3306 1476 3371 dilatant,
1510 3316 1708 3375 quanto
1736 3315 1791 3360 et
1822 3306 2058 3363 insensi-

480 3376 616 3431 biles
646 3375 843 3429 malum
874 3378 1014 3445 quod
1047 3377 1312 3447 patiuntur
1343 3380 1605 3446 ignorant.
1636 3377 1691 3430 ln
1721 3378 2060 3436 Ecclesiaste

482 3447 631 3500 libris
664 3448 919 3513 scriptum
947 3459 1029 3501 est
1050 3446 1068 3503 7:
1108 3446 1226 3502 Vidi
1248 3464 1416 3502 servos
1447 3450 1497 3501 in
1523 3449 1773 3518 equis,_et
1801 3450 2060 3518 principes

478 3518 821 3585 ambulantes,
849 3524 992 3587 quasi
1030 3535 1195 3573 servos
1240 3534 1396 3589 super
1427 3516 1614 3573 terrain
1658 3516 1855 3584 (Eccle.
1891 3536 1945 3587 ι,
1976 3516 2059 3589 7).

477 3590 664 3645 Omnis
709 3589 801 3659 qui
830 3598 1014 3659 peccat
1043 3605 1229 3645 servus
1261 3599 1363 3645 est.
1399 3590 1549 3646 Servi
1576 3603 1806 3659 namque
1835 3591 1887 3645 in
1910 3598 2063 3661 equis

479 3672 619 3726 sunt,
667 3676 789 3715 cum
840 3671 1148 3730 peccatores
1203 3662 1484 3730 prmsentis
1536 3664 1658 3716 vitae
1717 3663 2064 3731 dignitatibus

478 3733 801 3796 ederuutur;
856 3732 1123 3803 principes
1154 3747 1280 3787 vero
1308 3775 1323 3799 ,
1378 3734 1529 3803 quasi
1570 3733 1710 3788 servi
1763 3736 2060 3800 ambulant,

479 3820 598 3858 cum
632 3804 827 3858 multos
857 3805 1111 3873 dignitate
1154 3803 1405 3858 virtutum
1454 3805 1641 3873 plenos
1676 3806 1855 3859 nullus
1894 3806 2066 3859 ltonor

388 3886 391 3887 '
481 3875 675 3944 erigit,
728 3874 821 3928 sed
880 3889 1086 3945 summa
1134 3875 1218 3930 hic
1271 3877 1566 3929 adversitas
1620 3875 1763 3930 velut
1820 3876 2066 3945 indignos

479 3947 741 4017 deorsum,
763 3948 954 4017 premit
983 3944 1237 4017 (Grcgqt
1262 3948 1313 3999 in
1340 3945 1552 4011 Ezech.,
1584 3945 1723 4017 Itoni.
1758 3948 1850 4011 1‘2,
1876 3944 2024 4001 ἰβιδ
2050 3964 2064 4013 ;

482 4014 780 4157 Μοξὲςηνι,
818 4016 909 4083 l6,
942 4014 999 4069 n.
1046 4014 1151 4084 26';
1200 4014 1345 4083 Taio,
1376 4032 1428 4084 v,
1476 4018 1529 4082 7;
1565 4015 1760 4074 Morel.
1794 4033 1939 4084 xxxi,
1972 4019 2066 4085 2t,

481 4104 595 4144 13.4
663 4127 676 4141 .

554 4181 685 4236 CAP.
717 4195 801 4235 ιν.
833 4180 1069 4245 Qualiter
1084 4180 1221 4249 lapsi
1248 4190 1359 4247 post
1387 4180 1592 4234 ruinam
1614 4195 1824 4250 surgere
1858 4193 2065 4248 queant.

485 4280 555 4292 -
587 4253 637 4307 l.
673 4251 895 4307 Peccata
937 4253 1143 4317 experti
1174 4253 1365 4306 saltem
1407 4264 1524 4320 post
1560 4253 1891 4321 naufragium
1922 4268 2069 4308 mare

484 4334 746 4389 metuant,
776 4334 829 4379 et
858 4323 1172 4392 perditionis
1223 4338 1333 4377 suae
1363 4323 1671 4378 discrimina
1721 4323 1805 4377 vel
1854 4326 2067 4394 cognita

484 4398 919 4464 perhorrescant,
951 4410 1017 4449 ne
1047 4399 1134 4463 qui
1180 4396 1265 4464 pie
1306 4404 1425 4463 post
1471 4404 1674 4464 patrata
1707 4396 1845 4449 mala
1891 4397 2062 4450 sanati

484 4480 630 4531 sunt,
656 4468 899 4535 improbe
928 4468 1547 4535 repetendomoriantur.
1571 4467 1815 4521 Pet-cauti
1848 4467 2062 4533 animas,

486 4549 540 4594 et
563 4553 835 4606 nunquam
867 4553 895 4588 a
929 4550 1148 4607 peccato
1169 4539 1452 4601 desinenti,
1482 4537 1674 4591 dicitur
1704 4554 1718 4590 :
1760 4537 1927 4590 Frons
1956 4554 2070 4590 mu-

484 4610 625 4666 lieris
660 4608 941 4681 meretricis
972 4612 1107 4677 facta
1147 4619 1219 4661 est
1248 4609 1358 4671 tibi,
1393 4609 1602 4661 noluisti
1634 4609 1927 4662 erubescere
1957 4608 2070 4681 (Je-

485 4697 613 4735 rem.
648 4696 725 4746 tu,
758 4680 838 4750 ὅ).
872 4682 1207 4734 Admonendi
1263 4690 1392 4734 sunt
1450 4680 1627 4747 itaque
1672 4682 1826 4748 lapsi,
1870 4690 1926 4732 ut
1957 4680 2071 4734 stu-

485 4753 949 4819 deant,quateuus
976 4762 1224 4821 suscepta
1249 4760 1453 4804 naturas
1478 4753 1613 4802 bona
1632 4751 1836 4819 integra
1853 4766 2070 4806 servare

488 4824 814 4887 noluerunt,
872 4823 1063 4876 saltetn
1094 4837 1261 4876 scissa
1310 4822 1624 4877 resarciant.
1682 4824 1815 4886 Quid
1876 4823 2069 4876 dicturi

488 4893 649 4964 273
677 4906 802 4946 sunt
826 4903 1041 4962 peccata
1069 4895 1247 4947 carnis
1267 4893 1490 4960 experti,
1520 4893 1587 4955 si,
1618 4893 1739 4946 aliis
1762 4893 2071 4963 ltili'gt‘ilale

486 4969 771 5030 stantibus,
822 4964 921 5033 ipsi
969 4979 1069 5018 nec
1121 4977 1237 5033 post
1285 4971 1476 5017 damna
1524 4965 1880 5032 resipiscam“!
1933 4965 2069 5029 Quid

486 5036 680 5089 dicturi
730 5046 888 5102 sunt,
940 5036 985 5088 si
1027 5050 1147 5088 cum
1195 5040 1392 5087 inultos
1442 5044 1495 5087 et
1549 5036 1683 5089 alios
1737 5048 1921 5089 secum
1976 5036 2070 5089 de-

486 5104 705 5170 ferunt,
767 5107 851 5160 hic
902 5109 1233 5175 exspectanti
1304 5105 1530 5159 Domino
1588 5120 1687 5161 nec
1748 5105 2069 5175 semetipsos

486 5177 794 5234 reducunt!
850 5176 1143 5231 Dicendum
1202 5184 1284 5231 est
1331 5177 1495 5244 lapss
1539 5186 1597 5229 ut
1649 5176 1913 5245 pratterita
1971 5181 2070 5229 ad-

488 5251 653 5303 missa
704 5247 1082 5313 considerent,
1152 5255 1313 5317 atque
1385 5247 1715 5303 imminentia
1790 5249 2067 5313 devitem,

487 5332 752 5386 quatenus
810 5327 1103 5372 transactas
1151 5324 1337 5386 culpas
1404 5318 1470 5373 ad
1536 5320 1852 5374 memoriam
1906 5335 2068 5373 revo-

488 5400 643 5460 cent,
676 5397 731 5443 et
773 5389 933 5459 pollui
973 5390 1027 5443 in
1079 5387 1316 5445 fortuitis
1367 5391 1703 5444 erubescant.
1765 5392 1865 5445 l’er
1920 5392 2071 5446 lere—

490 5461 651 5514 iniam
700 5463 1011 5529 prophetam
1067 5460 1324 5515 Dominus
1366 5460 1495 5514 dicit
1524 5461 1741 5532 (Jerem.
1770 5464 1968 5532 1H,”:
2010 5462 2072 5517 Si

489 5532 739 5585 dimiserit
766 5532 841 5584 vir
880 5548 1092 5585 uxorem
1141 5548 1312 5598 suam,
1361 5541 1407 5584 et
1464 5533 1554 5586 illa
1593 5537 1829 5586 recedens
1870 5536 2071 5588 duxerit

490 5603 655 5654 uisum
678 5603 869 5674 alium,
885 5601 1120 5674 nunquid
1159 5613 1432 5657 revertetur
1455 5605 1522 5655 ad
1554 5621 1666 5657 eum
1713 5605 1884 5657 ultra?
1916 5606 2071 5657 Nim-

491 5674 612 5739 quid
638 5689 738 5727 non
766 5673 964 5743 polluta
1010 5673 1058 5726 et
1087 5678 1431 5728 contaminata
1464 5677 1561 5728 erit
1600 5677 1781 5730 mulier
1809 5678 1943 5729 illa?
1996 5676 2071 5729 'I‘u

490 5752 658 5797 autem
686 5745 940 5811 fornicata
979 5759 1032 5799 et
1061 5759 1179 5799 cum
1211 5747 1523 5803 auctoribus
1549 5749 1761 5813 multis;
1797 5756 1960 5801 tamen
1985 5762 2067 5801 re-

1236 238 1328 296 AD
1362 234 1426 294 S.
1464 233 1715 294 lSIDORl
1754 226 2200 291 IllSPALENSlS
2238 227 2469 287 OPERA
2510 224 2959 285 APPENDICES.

2065 351 2116 413 Α
2139 346 2421 418 verteread
2448 359 2547 410 me,
2579 344 2701 398 dicit
2729 342 2981 397 Dominus
3007 340 3212 417 (στερη
3248 342 3374 415 Reg.
3410 353 3546 416 past.
3570 364 3621 418 p.
3650 360 3741 415 tu,

2096 4450 2149 4513 D
2178 4465 2278 4537 13,;
2325 4464 2481 4537 Greg.
2506 4507 2520 4533 ,

3590 225 3741 290 “88

2147 418 2287 472 adm.
2314 415 2425 472 29).

2221 435 2287 541 ἕ...
2470 486 2535 540 de
2567 485 2865 540 fornicante
2897 495 2950 540 et
2976 485 3156 539 rrlicta
3190 486 3421 541 muliere
3452 503 3749 557 argumen-

2149 569 2261 614 tum
2284 560 2504 627 justitia:
2532 559 2868 631 preponitur,
2893 569 2943 611 et
2971 568 3145 631 tamen
3180 558 3332 631 nobis
3373 570 3489 624 post
3526 564 3746 631 lapsum

2148 631 2496 685 redeuntibus
2527 644 2628 681 non
2655 628 2879 698 justitia,
2914 630 3003 681 sed
3041 630 3209 698 pietas
3238 630 3547 685 exhibetur.
3583 628 3749 698 'llinc

2149 706 2335 771 utique
2386 701 2740 768 Colligamus,
2797 702 2839 753 si
2892 702 3045 752 nobis
3096 698 3534 767 delinquentibus
3591 713 3745 759 tanta

2155 770 2356 843 pietate
2408 774 2664 839 parcitur,
2691 785 2716 821 a
2748 772 2902 843 nobis
2933 772 3010 823 sic
3064 782 3179 839 post
3212 770 3458 826 delictum
3510 778 3751 830 redeun-

2153 842 2294 903 tibus
2324 852 2522 912 quanta
2570 842 2916 913 improbitate
2947 856 3220 913 peccatur,
3275 852 3365 897 aut
3396 858 3516 912 qua:
3546 846 3615 899 ab
3646 847 3750 902 illo

2150 918 2253 972 erit
2278 911 2535 981 improbis
2560 912 2738 986 venia,
2782 911 2869 986 qui
2898 911 3002 986 non
3034 922 3212 986 cessat
3239 911 3430 986 vocare
3459 924 3580 986 pust
3622 920 3749 971 cul-

2152 1001 2294 1056 pani.
2344 986 2504 1039 Isaias
2537 982 2949 1055 propltcta’dicit
2982 1001 2993 1037 :
3028 982 3189 1036 Erunt
3220 985 3356 1056 oculi
3386 982 3474 1038 ιιιῖ
3511 988 3750 1042 videntes

2155 1055 2515 1126 praceptorem
2556 1065 2718 1131 tuum,
2743 1061 2797 1131 et
2823 1070 2973 1108 aures
3000 1063 3101 1131 iure
3137 1055 3348 1131 audient
3388 1057 3595 1131 verbum
3626 1069 3750 1131 post

2152 1124 2348 1198 tergunt
2384 1128 2632 1181 monentis
2660 1124 2817 1197 (Isai.
2848 1141 2975 1198 χχχ,
3016 1125 3133 1198 90).
3173 1127 3329 1198 Quasi
3360 1128 3502 1181 enim
3554 1124 3747 1185 coram

2153 1197 2356 1269 poSitus
2384 1198 2494 1273 Deo
2526 1199 2748 1273 quisque
2781 1197 2941 1273 verba
2989 1197 3442 1273 inunitionisejus
3466 1210 3749 1273 prmcepta

2152 1266 2458 1341 eogumu;
2514 1270 2686 1321 adhuc
2725 1269 2867 1341 enim
2914 1278 3037 1321 ante
3067 1269 3182 1336 ejus
3223 1266 3412 1341 faciem
3460 1266 3607 1327 stare
3647 1266 3746 1326 est

2157 1339 2385 1395 necdum
2431 1356 2550 1394 eum
2599 1339 2868 1406 peccando
2908 1349 3274 1393 contemnere.
3303 1340 3433 1394 Cum
3462 1356 3613 1407 vero,
3644 1344 3752 1397 de-

2155 1414 2340 1465 relicto
2388 1411 2527 1485 bono
2559 1409 2900 1485 innocentia),
2949 1409 3286 1485 iniquitatem
3320 1412 3525 1483 eligens
3568 1428 3746 1485 appe-

2159 1484 2235 1543 tit.
2271 1492 2415 1549 terga
2444 1484 2550 1549 jam
2584 1482 2635 1533 in
2659 1496 2774 1549 eius
2798 1480 2981 1535 faciem
3018 1482 3201 1535 mittit.

2226 1556 2277 1607 5.
2313 1554 2664 1624 Omnipotens
2720 1554 2974 1624 Dominus
3023 1554 3174 1620 quasi
3227 1560 3346 1624 post
3374 1560 3583 1624 tergum
3642 1571 3749 1611 nos

2158 1622 2491 1693 subsequens
2519 1633 2719 1688 monet,
2749 1622 2837 1693 qui
2871 1626 3030 1676 etiam
3066 1631 3183 1690 post
3207 1622 3417 1691 culpam
3451 1622 3518 1678 ad
3550 1640 3612 1682 se
3650 1643 3746 1683 re-

2155 1695 2270 1749 dire
2315 1696 2616 1763 persuadet.
2679 1700 2938 1749 Aversum
2992 1704 3225 1761 revocat,
3284 1697 3571 1751 commissa
3626 1715 3741 1753 nou

2156 1766 2395 1835 reSpicit,
2428 1766 2717 1820 revertenti
2749 1766 2923 1818 sinum
2968 1766 3178 1834 pietatis
3223 1766 3498 1835 expandit.
3538 1768 3742 1823 Vocem

2151 1852 2281 1910 ergo
2313 1846 2433 1905 post
2456 1845 2661 1910 tergum
2694 1838 2959 1910 monentis
2986 1835 3254 1910 audiuius,
3279 1842 3476 1910 sipost
3518 1849 3744 1910 peccata

2153 1908 2344 1962 humili
2388 1918 2440 1962 et
2470 1906 2702 1962 contrito
2733 1907 2895 1961 corde
2936 1907 3277 1962 revertimur.
3335 1906 3600 1966 Debemus
3646 1911 3751 1979 igi-

2152 1987 2239 2032 tur
2280 1981 2529 2047 pietatem
2579 1979 2815 2034 vocantis
2843 1979 3184 2043 erubescere,
3228 1981 3270 2032 si
3300 1979 3561 2049 justitiam
3588 1982 3751 2037 volu-

2152 2064 2271 2105 mus
2304 2050 2612 2115 formidare,
2647 2051 2769 2119 quia
2802 2058 2951 2103 tanto
2976 2051 3213 2120 graviori
3239 2050 3578 2117 improbitate
3607 2067 3744 2106 con—

2153 2124 2429 2186 temnitur,
2463 2130 2664 2192 quanto
2708 2130 2764 2174 et
2791 2132 3129 2192 contemptus
3179 2120 3355 2176 adhuc
3384 2135 3578 2179 vocare
3634 2138 3745 2179 nou

2152 2191 2493 2263 dedignatur.
2514 2193 2614 2246 Per
2628 2191 2915 2263 Ieremiam
2950 2191 3265 2262 preplietam
3300 2194 3561 2250 Dominus
3576 2196 3743 2251 dicit:

2156 2264 2221 2317 Et
2251 2261 2415 2338 uenies
2446 2279 2604 2338 usque
2626 2263 2694 2315 ad
2726 2261 3158 2338 Babylonemibi
3205 2263 3496 2319 liberaberis
3549 2264 3747 2338 (Mich.

2154 2335 2362 2411 tv,ltl).
2388 2336 2622 2411 liabylon
2653 2334 2847 2411 quippe
2877 2335 3111 2411 confusio
3141 2334 3747 2411 interpretatur.‘S:epe

2156 2408 2298 2461 enim
2318 2406 2437 2474 quis
2469 2416 2749 2476 postquam
2783 2406 2833 2457 in
2865 2405 3234 2459 confusionem
3270 2407 3514 2461 vitiorum
3533 2405 3750 2465 cecide-

2156 2478 2582 2540 rit,erubesecns
2614 2477 2749 2531 mala
2769 2490 2888 2544 qua:
2906 2478 3249 2545 perpetravit,
3276 2478 3339 2531 ad
3370 2480 3747 2548 paenitentiam

2155 2550 2315 2623 redit,
2358 2561 2527 2623 seque
2575 2560 2605 2599 a
2655 2548 2767 2623 suis
2816 2548 3080 2623 lapsibus
3108 2549 3244 2623 bene
3286 2548 3513 2623 vivendo
3558 2552 3745 2623 erigit.

2153 2619 2290 2685 Quid
2336 2616 2463 2688 ergo
2517 2622 2617 2671 iste
2660 2616 2762 2689 nisi
2818 2616 2989 2689 usque
3017 2619 3082 2673 ad
3138 2617 3462 2689 Babylonem
3496 2616 3672 2689 venit:
3694 2633 3751 2678 et

2157 2693 2229 2743 ibi
2271 2690 2533 2744 liberatus
2564 2690 2680 2743 est?
2712 2688 3105 2761 Nonnunquam
3137 2688 3361 2761 quisque
3413 2693 3748 2749 erubescens

2158 2761 2296 2834 mala
2326 2776 2447 2829 quas
2473 2762 2615 2825 fecit,
2646 2774 2705 2834 se
2733 2769 2917 2834 contra
2943 2762 3204 2834 se‘erig‘it,
3227 2772 3281 2815 et
3304 2762 3438 2819 bene
3466 2766 3747 2832 cperaudo

2155 2832 2221 2907 ad
2279 2840 2480 2885 statum
2533 2830 2867 2907 rectitudinis
2898 2831 3083 2907 “redit.
3114 2830 3189 2886 'ln
3246 2830 3514 2907 Babylone
3564 2836 3749 2907 itaque

2157 2902 2411 2976 liberatus
2464 2902 2689 2976 esthqoi
2736 2917 2830 2968 per
2873 2902 3113 2976 divinam
3152 2902 3378 2976 gratiam
3431 2902 3741 2962 ostenditur

2156 2976 2316 3028 etiam
2349 2974 2417 3027 de
2458 2972 2770 3027 confusione
2810 2973 3068 3027 salvatus.

2232 3047 2361 3117 tiae.
2395 3060 2501 3099 LVI.
2537 3043 2614 3097 De
2640 3044 3061 3117 appetitu_laudis
3090 3045 3347 3111 humanis,
3380 3045 3457 3099 vel
3484 3047 3746 3115 favoribus

2159 3116 2503 3170 adulantium.
2536 3143 2607 3155 —-
2637 3116 2688 3169 l.
2710 3114 2907 3169 ’Umnis
2930 3116 3091 3169 homo
3131 3116 3219 3187 qui
3252 3131 3317 3170 ex
3345 3131 3410 3170 eo
3436 3114 3577 3186 quod
3608 3124 3743 3186 agit,

2162 3187 2423 3242 humanas
2447 3188 2632 3241 laudes
2653 3188 2876 3256 appetit,
2900 3193 3093 3242 testem
3127 3189 3176 3239 in
3220 3196 3357 3241 terra
3400 3188 3609 3257 quaerlt.
3641 3191 3744 3257 Qui

2159 3267 2336 3329 autem
2368 3259 2435 3313 de
2484 3257 2690 3311 actibus
2723 3258 2836 3329 suis
2871 3257 3224 3329 omnipotenti
3278 3258 3501 3311 Domino
3529 3261 3745 3326 placere

2162 3328 2395 3391 festinat,
2429 3338 2623 3384 testem
2655 3344 2712 3382 se
2743 3328 2941 3382 habere
2978 3330 3029 3382 in
3061 3330 3198 3383 cmlo
3238 3330 3563 3385 considerat.
3607 3334 3743 3386 Cum

2163 3402 2312 3454 multi
2335 3400 2472 3454 mala
2499 3410 2647 3469 gesta
2672 3400 2917 3455 laudibus
2941 3400 3194 3463 exaltant,
3223 3400 3347 3455 inde
3378 3401 3437 3455 fit
3476 3409 3532 3454 ut
3563 3400 3744 3457 inces-

2162 3481 2345 3526 santer
2365 3478 2575 3526 crescat
2597 3473 2752 3541 culpa
2777 3470 3045 3525 favoribus
3072 3471 3324 3525 enutrita.
3351 3470 3539 3525 Curari
3566 3483 3743 3528 autem

2163 3544 2357 3595 vulnus
2397 3541 2699 3611 negligitur,
2758 3543 2901 3611 quod
2960 3541 3175 3609 dignum
3210 3543 3442 3609 priemiis
3482 3544 3742 3611 laudeque

2164 3614 2391 3667 videtur.
2427 3615 2571 3667 liene
2601 3616 2776 3681 itaque
2806 3627 2903 3682 per
2949 3612 3293 3667 Salomonem
3334 3614 3527 3668 dicitur
3568 3631 3583 3668 :
3635 3612 3742 3669 Fili

2162 3685 2256 3747 ini,
2279 3686 2321 3737 si
2345 3693 2389 3737 te
2413 3685 2705 3737 lactaverint
2727 3690 3039 3754 peccatores,
3060 3700 3124 3738 ne
3150 3685 3443 3754 acquiescas
3470 3684 3738 3809 sProverb.

2165 3769 2215 3809 ι.
2248 3756 2358 3809 l0).
2404 3755 2718 3809 Peccatores
2768 3755 2913 3808 enim
2956 3758 3174 3809 lactant.
3230 3769 3354 3808 cum
3409 3770 3474 3809 ve
3552 3772 3738 3809 ueroe-

2165 3769 2215 3820 t,
2248 3756 2358 3825 t0).
2404 3755 2718 3809 Peccatores
2754 3755 2913 3826 enim
2956 3758 3174 3826 lactant,
3230 3769 3354 3808 cum
3409 3755 3495 3810 vel
3551 3772 3740 3826 perpe-

2168 3824 2354 3897 tranda
2402 3826 2539 3879 mala
2588 3824 2964 3879 blandimentis
3012 3824 3266 3891 inferunt,
3296 3827 3381 3881 vel
3434 3824 3738 3897 perpetrata

2167 3894 2438 3951 favoribus
2468 3896 2751 3952 extollunt.
2796 3898 2934 3963 Quid
2960 3898 3102 3952 enim
3135 3898 3275 3953 aliud
3324 3894 3547 3966 peccare
3580 3914 3735 3967 qnam

2167 3970 2527 4022 occumbere?
2582 3968 2684 4022 Sed
2743 3982 2867 4038 quia
2922 3980 3230 4043 peccantem
3284 3970 3532 4043 laudibus
3582 3970 3741 4043 273

2172 4050 2581 4108 prosequuntur,
2615 4054 2763 4108 quasi
2796 4049 3117 4096 exstinctum
3151 4040 3251 4094 sub
3280 4040 3563 4094 verborum
3586 4040 3741 4093 "suo-

2170 4125 2287 4163 rum
2333 4124 2525 4179 aggere
2553 4110 2968 4164 abscondantur.
2999 4113 3325 4166 Aruntlinem
3377 4125 3497 4164 mox
3530 4121 3587 4165 ut
3615 4125 3740 4166 aura

2172 4183 2420 4248 tetigerit.
2455 4184 2505 4235 in
2536 4192 2738 4249 partem
2764 4182 2985 4235 alteram
3009 4185 3194 4237 fertur.
3220 4183 3288 4235 Et
3312 4182 3438 4251 quid
3465 4198 3557 4251 per
3580 4198 3741 4236 aruu-

2173 4251 2349 4306 dinem
2375 4254 2473 4306 nisi
2504 4254 2736 4306 carnalis
2762 4252 2971 4305 animus
3011 4254 3335 4323 designatur,
3368 4256 3457 4323 qui
3488 4268 3612 4307 mox
3663 4253 3738 4306 fa-

2174 4338 2303 4377 vore
2335 4326 2413 4377 Vel
2455 4325 2785 4378 detractione
2821 4324 3071 4392 tangitur,
3123 4339 3175 4377 in
3200 4332 3404 4393 partem
3453 4324 3750 4393 quamlibet

2176 4395 2501 4448 inclinatur?
2557 4392 2758 4465 (Greg.,
2795 4391 2983 4465 Morel.
3018 4410 3131 4459 xm,
3164 4391 3259 4462 iii,
3293 4411 3345 4447 ti.
3378 4391 3481 4461 ‘28;
3518 4391 3664 4465 Titio,
3696 4411 3747 4461 v,

2609 4468 2740 4519 orat.
2776 4480 2847 4528 tv,
2868 4464 2959 4529 ‘28,
2989 4483 3043 4519 η.
3075 4468 3190 4535 5t.)

2241 4535 2295 4589 2.
2328 4538 2383 4592 Si
2412 4535 2478 4591 ab
2507 4552 2602 4591 ore
2628 4541 2941 4603 cujusquam
2982 4552 3108 4590 aura
3150 4537 3347 4590 favoris
3388 4536 3617 4598 ﬂaverit,
3652 4549 3745 4605 ap-

2169 4609 2367 4675 petitus
2396 4608 2566 4661 laudts
2599 4609 2847 4661 humanas
2877 4606 3169 4662 bilarescit.
3212 4606 3515 4673 Extollitur,
3554 4618 3744 4660 totum~

2168 4694 2273 4748 que
2304 4693 2365 4733 se
2391 4681 2540 4744 quasi
2569 4679 2633 4731 ad
2666 4676 2890 4747 gratiam
2926 4679 3175 4747 inﬂectit;
3205 4678 3301 4732 sed
3331 4680 3376 4731 si
3405 4679 3531 4733 inde
3560 4688 3746 4731 ventus

2170 4752 2518 4805 detractionis
2574 4752 2751 4817 erupit
2789 4749 2929 4802 unde
2970 4750 3140 4803 laudis
3167 4764 3297 4803 aura
3327 4749 3592 4809 veniebat.
3624 4764 3746 4802 mox

2174 4822 2316 4874 hunc
2344 4822 2493 4888 quasi
2520 4820 2573 4873 in
2608 4830 2813 4888 partem
2847 4822 3068 4874 alteram
3100 4822 3167 4875 ad
3192 4824 3298 4874 vim
3330 4824 3477 4874 luror
3508 4821 3745 4873 inclinat.

2169 4891 2247 4945 Ne
2283 4895 2535 4960 paulatim
2584 4900 2745 4959 atque
2776 4892 2944 4945 inulte
2972 4906 3217 4946 crescere
3258 4893 3448 4946 debeat
3488 4893 3746 4954 adulatio,

2168 4966 2348 5034 statim
2395 4973 2448 5016 et
2479 4962 2597 5015 sine
2626 4977 2780 5016 mora
2817 4971 2903 5016 est
2942 4964 3053 5017 oris
3079 4966 3255 5034 gladio
3285 4964 3541 5029 ferienda,
3574 4976 3627 5017 et
3660 4977 3751 5031 per

2168 5034 2270 5087 zeli
2308 5032 2568 5103 justitiam
2612 5033 2848 5087 Conditus
2896 5032 3309 5103 exstinguenda.
3356 5035 3410 5088 In
3464 5035 3749 5103 Evangelia

2169 5103 2331 5158 fatuis
2358 5106 2653 5174 virginibus
2682 5119 2801 5159 cum
2831 5108 3196 5177 increpatione
3216 5107 3411 5160 dicitur
3438 5123 3451 5159 :
3480 5106 3561 5159 Ite
3582 5110 3749 5175 potius

2169 5178 2237 5228 ad
2264 5178 2551 5242 uendentes,
2583 5186 2630 5229 et
2660 5180 2806 5229 emite
2848 5176 2991 5230 vobis
3023 5176 3238 5247 (Matth.
3282 5192 3405 5245 xxv,
3437 5177 3528 5246 9);
3558 5177 3748 5247 vendi-

2173 5256 2318 5302 tores
2344 5247 2538 5318 quippe
2576 5248 2681 5302 olel
2728 5246 3041 5302 adulatores
3085 5259 3240 5312 sunt,
3269 5253 3519 5317 quoniam
3566 5246 3621 5301 in
3664 5260 3749 5298 uc.-

2171 5328 2325 5389 cepta
2374 5319 2609 5389 qualibet
2658 5320 2829 5389 gratia
2878 5321 3032 5373 vanis
3077 5320 3191 5374 suis
3233 5319 3476 5372 laudibus
3522 5319 3745 5370 nitorem

2171 5388 2359 5460 glerize
2398 5388 2665 5455 aferunt,
2719 5390 2870 5458 quasi
2916 5392 3092 5445 oleum
3144 5390 3398 5445 vendant.
3448 5389 3747 5460 Principale

2170 5458 2411 5531 corporis
2439 5464 2603 5514 nostri
2637 5471 2798 5530 caput
2826 5468 2928 5514 est.
2974 5463 3363 5531 Appellationis
3392 5476 3531 5514 enim
3562 5458 3746 5526 capitis

2173 5550 2231 5587 ca
2260 5547 2385 5603 qua
2415 5532 2747 5601 principatur
2774 5533 2986 5600 corpori
3012 5548 3161 5586 mens
3186 5540 3430 5586 vocatur.
3458 5531 3747 5600 lmpinguat

2173 5620 2301 5673 ergo
2331 5613 2492 5673 caput
2520 5610 2698 5657 oleum
2729 5614 3045 5670 peccatoris,
3079 5620 3199 5657 cum
3228 5603 3493 5658 demulcet
3517 5615 3744 5653 mentem

2174 5672 2323 5729 favor
2353 5672 2643 5728 adulantis.
2676 5675 2731 5729 Si
2764 5675 2974 5727 favores
3020 5689 3144 5728 suos
3185 5675 3410 5743 quisque
3438 5676 3659 5725 und-iens
3685 5672 3743 5723 ad

2174 5747 2393 5816 superni
2419 5746 2604 5815 iudicii
2647 5747 3135 5802 considerationem
3167 5745 3325 5810 redit,
3366 5758 3428 5799 ac
3470 5758 3539 5819 ne
3576 5742 3643 5796 de
3671 5742 3745 5795 liis
