4086 6350
350 255 488 315 1189

1237 239 1664 309 ΔΡΡΕΝΙ).“1Χ.
1705 277 1774 288 -
1812 243 2353 310 ΒΕΝΤΕΝΤΙΑΒῘΙΜ
2393 251 2596 310 LIBER
2636 251 2721 316 IV.

3477 257 3616 319 “00

348 370 487 442 apud
538 369 803 442 occultum
851 361 1136 442 arbitrium
1179 375 1450 442 gravetur,
1502 365 1710 442 metuit,
1740 365 1916 442 .quasi
1952 367 2002 430 Α
2028 367 2226 442 gradus
2256 368 2584 442 septiformis
2614 367 2818 442 gratim,
2851 366 2924 442 ait
2951 380 2964 422 :
2997 365 3301 442 Requiesret
3317 382 3470 438 super
3492 386 3605 426 eum

347 434 744 511 eitpurgationis
786 441 907 510 igne
951 440 1017 493 ad
1058 434 1477 511 magnitudinem
1523 434 1922 511 claritatisger-

347 507 542 577 crevit,
562 524 616 566 et
639 513 776 568 unde
799 507 1101 566 incendium
1127 507 1496 577 trepidationis
1521 508 1776 572 sustinet,
1802 507 1926 561 inde

346 576 544 654 clarius
574 585 734 654 fulget
774 582 990 654 (Greg.,
1025 598 1040 635 ι
1081 583 1136 635 in
1176 580 1410 651 Evang.,
1442 576 1584 632 hom.
1629 577 1714 630 12.
1761 592 1816 630 n.
1860 579 1923 643 ὃς

346 649 541 709 Moral.
567 649 754 718 xxviii,
784 649 867 723 ⁷8).

417 725 546 782 CAP.
582 741 706 779 LVII.
742 719 972 793 Qualiter
1016 739 1163 779 sacra
1204 722 1483 793 Scriptura,
1516 719 1778 793 maledicti
1807 733 1927 787 pro-

346 807 452 850 mat
481 791 802 854 sententiain.
831 826 901 837 —
931 799 982 850 i.
1016 795 1150 850 Cum
1179 804 1325 850 certe
1366 792 1610 845 novimus
1641 791 1782 859 quod
1813 805 1927 844 ma-

345 869 599 921 ledictum
651 867 927 931 Scriptura
975 881 1125 921 sacra
1179 863 1461 936 prohibet,
1494 877 1608 936 _cur
1651 869 1797 916 recte
1828 863 1926 936 ali-

345 939 563 1007 quando
593 938 705 993 fieri
737 937 985 1000 dicimus,
1032 933 1193 1007 quod
1213 937 1382 989 vitare
1410 933 1602 1007 eodem
1630 946 1782 986 sacro
1812 933 1924 1007 elo:

298 1041 301 1045 -
343 1003 470 1078 quio
500 1023 605 1063 non
650 1009 991 1080 ignoramus?
1014 1003 1119 1065 Sed
1161 1007 1457 1080 sciendum
1483 1003 1636 1057 nobis
1665 1013 1749 1057 est
1783 1004 1924 1073 quod

343 1074 618 1149 Scriptura
646 1074 798 1134 sacra
826 1080 1035 1134 duobus
1062 1078 1235 1134 modis
1268 1074 1608 1149 maledictum
1638 1085 1920 1149 memorat.

344 1145 524 1216 Aliud,
547 1149 820 1218 videlicet,
847 1150 987 1220 quod
1009 1150 1297 1220 approbat;
1323 1147 1486 1220 aliud,
1508 1147 1653 1220 quod
1676 1145 1918 1220 damnat.

343 1222 516 1277 Aliter
556 1221 698 1276 enim
739 1216 1095 1276 mali-dictum
1127 1223 1397 1289 profertur
1427 1216 1633 1289 judicio
1676 1217 1918 1285 iustitiae,

342 1292 500 1347 aliter
541 1293 707 1347 livore
750 1292 1018 1347 vindictas.
1062 1287 1403 1346 Maledictum
1445 1287 1648 1357 judicio
1678 1289 1920 1356 iustitiae,

342 1365 465 1432 ipso
495 1364 667 1432 primo
701 1364 918 1418 homine
949 1370 1223 1432 peccante,
1255 1363 1522 1432 prolatum
1542 1369 1653 1432 est,
1683 1375 1803 1413 cum
1831 1375 1925 1432 au-

342 1380 361 1420 Ῐ
405 1380 465 1417 80
495 1380 667 1432 Primo
701 1380 918 1418 nomine
949 1380 1223 1432 peccante,
1255 1380 1516 1424 ιιι-θιδιιιηι
1551 1380 1653 1424 CSI,
1683 1380 1803 1413 CUI"
1831 1380 1918 1413 au-

339 1380 514 1490 divit:
551 1433 829 1488 Maledicta
859 1445 992 1489 terra
1017 1436 1070 1487 in
1110 1432 1344 1502 operibus
1375 1431 1472 1484 tuis
1507 1428 1659 1500 (Gen.
1689 1443 1768 1502 tu,
1797 1431 1918 1502 i7).

342 1505 685 1576 Maledictum
708 1505 929 1576 iustitiae
951 1500 1152 1574 judicio
1183 1502 1623 1576 ριὐΐιξζιυτιριηη
1652 1500 1717 1576 ad
1747 1501 1918 1576 Abra-

343 1575 466 1630 ham
519 1569 760 1630 dicitur':
807 1569 1118 1630 Malcdicam
1163 1569 1577 1628 maledicentibus
1627 1571 1715 1624 tibi
1759 1569 1913 1640 (Gen.

341 1662 442 1714 ιιι,
476 1644 556 1715 5).
591 1647 812 1712 Rursus,
856 1649 976 1717 quia
1025 1647 1360 1701 tualedicmm
1407 1657 1508 1696 non
1537 1642 1738 1717 j_udi_cio
1763 1642 1919 1717 iusti-

2029 440 2240 507 spiritus
2277 440 2508 499 Domini,
2542 440 2750 507 spiritus
2790 438 3058 503 sapientia:
3080 448 3130 492 et
3158 439 3458 504 intellectus,
3501 445 3612 509 spi-

2027 510 2154 581 ritus
2183 512 2383 564 consilii
2403 521 2450 564 et
2479 510 2816 580 fortitudinis,
2848 510 3056 581 spiritus
3085 511 3312 581 scientia;
3345 521 3392 564 et
3433 511 3604 581 pieta-

2031 580 2116 653 t_is,
2142 591 2188 635 et
2211 581 2420 647 replebit
2443 577 2554 635 eum
2574 581 2785 653 spiritus
2807 581 3006 653 timoris
3027 578 3236 653 Domini
3259 577 3312 652 (Ι
3316 583 3414 635 sai.
3435 577 3510 647 in,
3528 584 3604 653 2).

2027 651 2165 718 Quot
2193 654 2399 706 scilicet
2443 656 2636 723 gradus
2679 651 2745 706 de
2783 651 3093 706 cmlestibus
3126 651 3345 720 loquens
3377 651 3608 723 descen-

2028 723 2203 775 dendo
2234 725 2403 793 magis
2433 722 2590 794 quam
2622 724 2961 777 ascendendo
2993 725 3315 776 numeravit.
3344 722 3607 782 Videlicet

2027 795 2327 858 sapientiam
2367 804 2412 849 et
2449 796 2792 859 intellectum,
2822 794 3093 847 consilium
3137 801 3185 846 et
3234 795 3604 861 fortitudinem,

2027 865 2312 933 scientiam,
2344 869 2581 934 pietatem
2607 877 2653 919 et
2684 866 2937 920 timorem.
2966 865 3030 919 Et
3055 879 3174 918 cum
3206 864 3462 934 scriptum
3489 868 3560 920 sit
3591 884 3605 923 ε

2028 934 2244 990 Initium
2281 938 2547 1004 sapientiae
2588 939 2739 990 timor
2789 937 2994 990 Domini
3041 934 3313 1002 (Proverb.
3362 951 3450 1000 ix,
3498 938 3608 1007 i0).

2027 1017 2239 1062 constat
2266 1010 2448 1076 procul
2486 1008 2650 1063 dubio
2692 1007 2815 1077 quia
2856 1009 3050 1061 timore
3079 1007 3142 1060 ad
3175 1007 3494 1074 sapientiam
3523 1022 3611 1063 as-

2026 1077 2296 1144 cenditur,
2327 1096 2432 1135 non
2457 1091 2634 1135 autem
2663 1092 2692 1131 a
2724 1079 2984 1146 sapientis
3009 1078 3076 1130 ad
3105 1078 3347 1133 timorem
3379 1079 3603 1136 reditur.

2027 1147 2324 1204 Perfectam
2371 1153 2557 1219 procul
2599 1149 2762 1204 dubio
2791 1147 2952 1203 habet
2977 1146 3236 1216 sapientia
3262 1148 3604 1219 cbaritatem,

2026 1219 2166 1273 sicut
2194 1221 2449 1284 scriptum
2475 1231 2556 1276 est
2587 1237 2601 1278 :
2639 1220 2874 1287 Perfecta
2902 1219 3129 1274 charitas
3172 1220 3312 1289 foras
3357 1219 3507 1274 mittit
3531 1221 3601 1274 ti.

2025 1306 2213 1343 merent
2246 1291 2294 1360 (1
2327 1290 2484 1348 Joan.
2517 1307 2588 1345 tv.
2632 1293 2744 1356 18).
2785 1290 2948 1346 Isaias
2993 1304 3152 1358 ergo,
3183 1290 3310 1361 quia
3338 1291 3406 1344 de
3443 1291 3606 1347 etule-

2024 1362 2196 1415 stébus
2223 1362 2287 1416 ad
2311 1363 2412 1416 ima
2440 1363 2773 1431 loquebatur,
2799 1363 2961 1431 erepit
2990 1365 3159 1430 magis
3185 1378 3213 1414 a
3244 1362 3530 1426 sapientia,
3550 1371 3607 1418 et

2028 1431 2307 1486 descendit
2339 1433 2405 1486 ad
2449 1434 2714 1488 timorem.
2749 1434 2853 1487 Sed
2885 1447 3004 1494 nos,
3036 1435 3157 1501 quia
3204 1447 3234 1486 e
3267 1431 3496 1488 terrenis
3536 1432 3605 1488 ad

2024 1504 2265 1558 cmlesna
2296 1503 2595 1569 tendimus,
2636 1504 2851 1558 eosdem
2882 1503 3079 1574 gradus
3121 1503 3462 1566 ascendendo
3509 1519 3610 1560 nu-

2025 1589 2313 1637 meremus,
2347 1583 2459 1629 uta
2494 1575 2686 1628 timore
2725 1574 2792 1628 ad
2833 1575 3150 1643 sapientiam
3195 1575 3472 1638 pervenire
3513 1591 3608 1636 va-

2022 1644 2246 1699 leamus.
2293 1648 2383 1700 Est
2417 1645 2574 1700 timor
2615 1645 2826 1700 Domini
2868 1646 2920 1698 in
2963 1654 3139 1700 mente
3181 1645 3450 1710 fidelium;
3507 1645 3602 1700 sed

339 1712 450 1785 tiae,
472 1712 573 1794 sed
597 1718 773 1794 livore
801 1712 1046 1773 vindicta:
1071 1717 1345 1794 promitur,
1376 1728 1509 1794 voce
1538 1712 1917 1794 Paulinpraidi-
1949 1735 1997 1794 Β
2024 1717 2193 1794 qualis
2222 1717 2323 1794 iste
2364 1717 2524 1794 timor
2547 1725 2650 1794 est,
2680 1719 2724 1770 si
2757 1730 2876 1794 cum
2915 1730 2980 1769 eo
3009 1717 3177 1794 pietas
3210 1732 3315 1769 non
3347 1716 3467 1794 est_?
3499 1716 3601 1781 Qui

342 1784 515 1842 cautis
543 1790 916 1857 admonentur,
947 1803 1050 1859 qna
1072 1784 1185 1841 ait:
1216 1785 1529 1859 Benedicite,
1555 1792 1601 1836 et
1623 1784 1785 1859 nolite.
1808 1799 1918 1859 mnf

337 1859 553 1913 (edicere
581 1860 758 1926 (liam.
794 1877 865 1915 xit
887 1853 912 1924 ,’
938 1853 1055 1926 ﬂ);
1107 1870 1152 1912 et
1190 1871 1397 1912 rursum
1431 1872 1446 1910 :
1478 1853 1660 1924 Neque
1685 1855 1919 1907 maledici

334 1946 553 2003 regnum
577 1930 678 2003 Dei
706 1933 1030 2000 possidebunt
1058 1928 1111 2001 (Ι
1132 1927 1253 1984 Cor.
1273 1942 1344 1991 vt,
1377 1926 1488 2003 10).
1519 1926 1657 2003 petis
1673 1929 1917 2003 oninipot

337 1995 460 2056 teiis
485 1995 806 2057 maledicere
834 1995 1130 2066 dicitur,’et
1156 2008 1332 2053 tamen
1361 1997 1682 2050 maledicere
1711 1995 1915 2048 homini

335 2071 618 2142 prohibet:
671 2074 793 2139 quia
843 2072 983 2139 quod
1035 2076 1196 2125 homo
1242 2070 1350 2136 agit
1395 2067 1913 2142 malitia_vim_ti_ct.je,

335 2135 480 2198 Deus
509 2158 615 2196 non
648 2135 773 2198 facit
800 2135 898 2197 nisi
930 2143 1176 2197 examine
1199 2148 1253 2196 et
1275 2135 1474 2193 virtute
1498 2135 1718 2207 justitiai
1740 2135 1912 2206 (Taio,

335 2212 510 2285 Ιιιλδς
552 2211 732 2285 Greg.,
765 2230 818 2269 tv
844 2212 1056 2285 Horat,
1089 2213 1166 2282 6).

408 2282 465 2338 2.
494 2285 627 2338 Cum
652 2279 820 2339 sancti
841 2284 942 2338 viri
972 2279 1358 2337 maledictionis
1387 2279 1704 2335 sententiam
1737 2281 1916 2348 prol‘e-

334 2363 481 2420 runt,
511 2371 616 2409 non
659 2355 726 2409 ad
768 2357 906 2409 lianc
943 2371 1007 2410 ex
1040 2366 1164 2409 voto
1196 2351 1434 2414 ultionis,
1481 2352 1574 2404 sed
1615 2365 1679 2403 ex
1708 2351 1914 2418 justitia

333 2425 597 2498 examinis
627 2436 931 2498 erumpunt.
965 2427 1112 2480 Intus
1138 2425 1279 2478 enim
1306 2423 1502 2498 subtile
1532 2421 1624 2498 Dei
1647 2420 1914 2498 judicium

338 2497 623 2566 aspiciunt,
650 2507 703 2552 et
732 2491 865 2551 initia
896 2494 1040 2550 l‘oras
1070 2493 1440 2564 exsurgentia,
1466 2496 1592 2566 quin
1626 2491 1915 2566 maledicto

335 2563 562 2622 debeant
594 2563 773 2630 ferire,
802 2577 1169 2638 cognoscunt;
1210 2576 1263 2638 et
1302 2578 1366 2618 eo
1398 2568 1448 2616 in
1468 2563 1777 2638 maledicto
1806 2579 1914 2638 non

337 2649 581 2708 peccant,
604 2642 725 2708 quia
757 2639 825 2694 ab
848 2633 1057 2692 interno
1083 2636 1285 2708 judicio
1317 2649 1420 2688 non
1451 2633 1780 2708 discordant.
1816 2636 1916 2689 Pe-

336 2703 449 2764 trus
477 2703 748 2774 apost'olus
781 2710 832 2764 in
874 2703 1185 2763 offerentem
1217 2707 1316 2761 sibi
1363 2709 1612 2774 pecunias
1638 2703 1913 2760 Simonem

335 2782 652 2836 sententiam
699 2780 1088 2834 maledictionis
1128 2777 1374 2842 intorsit,
1418 2777 1646 2830 dicens:
1684 2774 1914 2829 Pecunia

335 2858 424 2906 tua
455 2848 616 2905 tecum
641 2853 702 2906 sit
734 2852 787 2905 in
817 2851 1149 2920 perditionem
1172 2852 1311 2920 (Act.
1345 2862 1462 2920 vui,
1491 2845 1606 2914 20).
1637 2847 1737 2914 Qui
1769 2847 1911 2902 enim

336 2936 443 2978 non
465 2925 538 2975 ait
558 2933 652 2988 est,
678 2923 772 2977 sed
797 2918 882 2988 sit,
908 2939 1010 2976 non
1037 2918 1346 2986 indicativo,
1373 2918 1466 2973 sed
1492 2926 1730 2986 optativo
1752 2921 1912 2972 modo

334 3007 393 3049 se
424 2995 535 3048 haec
565 2993 763 3048 dixisse
793 2994 1039 3064 signavit.
1073 2993 1217 3046 Elias
1248 2990 1477 3064 denique
1517 2989 1726 3064 duobus
1755 2991 1914 3064 quin-

334 3066 674 3136 quagenariis
712 3066 776 3118 ad
819 3059 878 3120 se
925 3065 1264 3120 venientibus
1310 3062 1490 3114 dixit:
1522 3059 1584 3114 Si
1634 3061 1782 3112 homo
1811 3059 1914 3136 ρςξ

334 3095 674 3136 ιιυιιδῦιιαιιιο
712 3095 776 3118 συ
819 3095 878 3120 ac
932 3095 1264 3120 'CIIICIIIIUIID
1310 3095 1449 3114 UIAII
1477 3101 1490 3113 ι
1522 3095 1584 3114 lae
1634 3095 1782 3112 ηυυιυ
1814 3095 1910 3114 νει
1939 3095 1987 3159 C

334 3152 476 3206 sum,
521 3137 789 3206 descendat
835 3137 966 3206 ignis
1002 3139 1064 3190 de
1099 3138 1253 3199 caelo,
1301 3140 1348 3186 et
1394 3141 1660 3206 consumat
1690 3147 1776 3184 vos
1802 3128 1911 3202 (IV

335 3204 466 3280 Reg.
514 3223 552 3275 t,
587 3203 969 3280 12).7Quorum
1017 3203 1670 3280 utrorumque_senteiitia
1714 3212 1912 3272 quanta

335 3275 576 3333 veritatis
625 3275 834 3333 ratione
881 3278 1183 3340 convaluit,
1236 3275 1495 3329 terminus
1535 3286 1711 3326 eaustn
1757 3287 1911 3327 tuon-

337 3352 551 3405 stravit.
585 3349 717 3403 Nam
747 3359 802 3401 et
824 3348 1006 3402 Simon
1035 3347 1194 3401 etiam
1226 3345 1522 3415 perditione
1551 3342 1726 3415 274
1751 3344 1911 3398 inter-

334 3421 419 3486 iit,
443 3429 498 3475 et
517 3421 656 3475 duos
678 3417 1159 3490 quinquagenarius
1190 3414 1422 3490 desuper
1454 3428 1676 3468 veniens
1699 3414 1911 3469 tlamma

332 3486 881 3560 consumpsithirtt'ts
902 3492 1233 3559 subsequens
1258 3486 1569 3560 testificatur
1595 3499 1694 3560 qua
1733 3496 1914 3560 mente

331 3555 721 3617 maledictionis
741 3560 1008 3616 sententia
1037 3555 1311 3628 promitur.
1336 3555 1470 3611 Cum
1499 3566 1554 3611 et
1585 3555 1909 3628 maledicen-

332 3635 400 3689 tis
427 3632 726 3688 innocentia
774 3627 1066 3700 permanet,
1099 3640 1155 3684 et
1197 3640 1374 3682 tamen
1405 3643 1528 3700 eum
1564 3627 1655 3700 qui
1691 3627 1914 3700 maledi-

333 3705 471 3760 citur
522 3715 688 3773 usque
733 3697 800 3756 ad
848 3701 1143 3773 interitum
1171 3697 1482 3773 maledictio
1529 3697 1802 3773 absorbet,
1826 3713 1912 3773 ex

331 3767 618 3844 utriusque
636 3773 800 3842 partis
827 3773 931 3827 line
971 3771 1238 3842 colligitur
1267 3768 1454 3842 (quod)
1495 3769 1566 3844 ab
1595 3782 1701 3844 uno
1731 3776 1785 3820 et
1825 3767 1908 3844 inf

331 3846 464 3899 timo
499 3837 681 3914 judice
719 3846 774 3898 in
819 3859 971 3898 reum
1004 3837 1508 3914 serrientia'suiiipta
1542 3837 1834 3914 jacnlatur,
1867 3842 1910 3893 si

328 3909 598 3972 subtiliter
627 3915 766 3970 beati
808 3916 1245 3984 uniuscujusque,
1277 3912 1504 3982 qualiter
1539 3911 1594 3963 in
1615 3909 1912 3984 Scriptura

327 3995 514 4043 sancta
567 3987 835 4040 maledicti
883 3979 1090 4053 promat
1137 3979 1481 4045 sententiam,
1516 3979 1678 4034 verba
1720 3995 1910 4053 pensa-

326 4073 467 4114 mus.
499 4057 614 4113 Non
659 4059 802 4111 enim
854 4051 972 4128 ejus
1021 4057 1332 4128 maledictio
1372 4068 1440 4106 ex
1491 4053 1689 4128 malitia
1743 4051 1912 4106 delin-

327 4131 573 4199 queritis,
605 4129 699 4183 sed
743 4145 805 4183 ex
857 4123 1176 4184 rectitudine
1221 4125 1416 4196 judicis
1463 4123 1745 4199 procedit;
1801 4137 1907 4199 non

325 4194 471 4257 enim
504 4194 580 4253 ira
607 4200 888 4259 commoti.
917 4204 1014 4253 sed
1044 4194 1285 4252 doctrina
1313 4195 1603 4264 tranquilli.
1635 4194 1738 4260 Qui
1765 4196 1908 4248 enim

324 4274 434 4342 jam
462 4279 604 4324 tecta
629 4271 954 4342 maledicens
981 4270 1175 4332 intulit,
1203 4284 1307 4322 non
1335 4265 1751 4342 perturbationis
1780 4265 1909 4319 vitio

326 4336 628 4405 succubuit,
659 4342 752 4394 sed
785 4341 1040 4394 doctrinm
1069 4336 1744 4408 magisteriumimpendit.

396 4413 528 4468 Cn.
561 4425 702 4464 i.vut.
740 4411 875 4475 Quid
905 4413 969 4462 sit
991 4405 1236 4480 jubttuin.
1256 4436 1328 4446 -—
1352 4411 1400 4459 vt.
1431 4407 1663 4480 lubitum
1687 4405 1897 4480 dicitur,

325 4480 540 4560 quando
587 4476 1140 4560 ineii'abilegaultium
1187 4487 1365 4560 mente
1406 4476 1728 4560 concipitur,
1759 4477 1901 4560 quod

325 4547 426 4612 nec
453 4553 707 4608 abscondi
743 4547 936 4620 posslt',
981 4565 1080 4605 nec
1109 4549 1449 4604 sermonibus
1475 4547 1701 4620 aperiri,
1732 4556 1787 4600 et
1820 4557 1907 4620 tn-

325 4635 448 4684 mEn
498 4617 813 4693 quibusdam
866 4623 1098 4676 motibus
1144 4621 1405 4690 proditur,
1454 4619 1703 4693 quamvis
1744 4617 1905 4672 nullis

326 4689 739 4768 proprietatibus
779 4689 1330 4768 exprimamrJDavid
1376 4694 1641 4760 Propheta
1690 4689 1904 4768 intuens

325 4761 616 4826 electorum
641 4761 1080 4820 animos—tantum
1110 4765 1360 4833 gaudium
1394 4773 1574 4816 mente
1595 4761 1896 4833 concipere,

325 4847 578 4913 quantum
622 4851 1022 4913 sermonennon
1069 4830 1249 4913 valeat
1284 4835 1518 4913 aperire,
1559 4830 1904 4913 uitiferi-tus

325 4903 545 4983 populus
570 4907 1156 4983 qni_scitjubitationem
1182 4903 1353 4983 (Psat.
1370 4919 1631 4983 tuxvnt,
1786 4903 1900 4983 Non

325 4976 465 5038 enim
493 4985 562 5033 ait
583 4976 608 5034 ἐ
644 4981 745 5045 Qui
776 4976 1021 5045 loqu.tar,
1051 4979 1146 5032 sed
1190 4976 1277 5045 qui
1307 4978 1422 5041 scit,
1445 4978 1566 5045 quia
1615 4977 1739 5028 sciri
1785 4976 1905 5043 qui-

255 5084 263 5092 -
324 5055 445 5109 detn
492 5051 736 5122 jubilatio
782 5052 1058 5104 intellectu
1105 5058 1309 5114 potest,
1354 5049 1459 5122 sed
1489 5047 1632 5122 dictu
1675 5046 1902 5108 exprimi

324 5139 430 5180 non
464 5118 658 5194 potest.
691 5123 793 5176 Per
816 5122 1042 5191 jubilum
1073 5122 1297 5194 sentitur
1322 5119 1488 5194 quod“
1503 5118 1640 5194 ultra
1681 5131 1900 5194 sensum

325 5208 424 5262 est,
451 5188 647 5248 etcum
676 5194 762 5246 vix
785 5188 850 5247 ad
883 5189 1348 5258 contemplandum
1372 5188 1604 5262 sufficiat
1623 5188 1902 5262 conscien-

325 5259 418 5322 liar
443 5265 752 5328 sentientis,
803 5265 1068 5333 quomodo
1244 5261 1675 5333 estpritnetiduut
1703 5259 1902 5312 sul‘licit

324 5340 500 5408 lingua
545 5329 1004 5407 dicentis?'(Taio,
1037 5346 1114 5400 tit,
1148 5331 1244 5398 56;
1278 5329 1458 5401 στερη
1503 5329 1694 5384 Mot'al.
1745 5345 1897 5395 xxiv,

325 5409 378 5465 6.
407 5429 462 5464 tt.
498 5409 608 5465 10).

362 5409 657 5534 ’ἕλνῖοιῗιοι
692 5477 770 5532 De
799 5476 1099 5531 discretione
1123 5474 1329 5546 spiritus
1358 5471 1813 5546 septiformis.—i.
1842 5473 1899 5526 In

323 5563 505 5609 tuente
548 5553 782 5605 tideliutn
815 5550 1013 5617 primus
1041 5544 1366 5601 ascensionis
1392 5546 1592 5615 gradus
1619 5555 1702 5598 est
1745 5544 1901 5595 timor

323 5625 569 5690 Domini,
614 5624 878 5678 secundus
922 5622 1110 5688 pietas,
1149 5620 1336 5672 tertius
1383 5618 1628 5690 scicntia,
1681 5624 1899 5690 quartus

325 5687 596 5767 fortitudo,
622 5695 838 5765 quintus
865 5690 1156 5767 consilium,
1185 5687 1708 5767 sestusjnteltcctus,
1729 5688 1899 5755 septi-

325 5757 444 5832 inus
472 5757 746 5839 sapientia.
780 5765 938 5821 Isaias
963 5762 1243 5833 propheta,
1268 5762 1320 5817 iu
1343 5757 1557 5818 Christo
1576 5773 1897 5815 enumerans

2025 1789 2167 1841 enim
2213 1788 2457 1842 misereri
2499 1789 2742 1856 proximo
2791 1787 3027 1856 ignorat,
3076 1785 3163 1852 qui
3213 1786 3444 1853 compati
3488 1790 3604 1856 ejus

2024 1857 2460 1913 tribulationibus
2507 1858 2842 1921 dissimulat,
2873 1856 3028 1922 hujus
3073 1856 3231 1910 timor
3272 1867 3398 1914 ante
3428 1859 3604 1912 omni-

2023 1929 2254 1998 potentis
2284 1927 2377 1982 Dei
2419 1929 2602 1984 oculos
2649 1928 2823 1982 nullus
2851 1937 2956 1993 est,
2989 1927 3031 1982 si
3060 1941 3167 1998 non
3194 1928 3499 1982 sublevatur
3537 1928 3603 1982 ad

2022 1997 2296 2069 pietatem.
2341 1999 2446 2055 Sed
2490 2014 2632 2068 saepe
2658 1999 2831 2068 pietas
2874 2013 2969 2067 per
3001 1997 3356 2052 inordinatam
3388 1998 3602 2054 miseri-

2021 2071 2256 2125 cordiam
2285 2085 2468 2126 errare
2507 2073 2662 2134 solet,
2697 2071 2741 2125 si
2784 2069 3011 2123 fortasse
3051 2070 3289 2137 pepercit
3331 2083 3450 2137 quas
3481 2084 3604 2137 par-

2021 2143 2191 2198 cenda
2222 2157 2324 2195 non
2363 2150 2504 2198 sunt.
2541 2142 2758 2195 Peccata
2799 2141 2942 2193 enim
2985 2154 3102 2208 quae
3150 2140 3297 2200 feriri
3339 2141 3602 2208 gehennae
3630 2177 3642 2190 .

2020 2214 2230 2282 ignibus
2261 2221 2485 2280 possunt
2511 2211 2808 2277 disciplina;
2846 2218 2971 2264 sunt
2998 2209 3225 2282 verbere
3261 2211 3603 2277 corrigenda.

2019 2281 2124 2339 Sed
2172 2284 2471 2337 inordinata
2521 2285 2691 2353 pietas
2733 2297 2854 2336 cum
2895 2281 3262 2353 temporaliter
3305 2283 3493 2353 parcit,
3532 2282 3603 2353 ad

2021 2365 2280 2410 aeternum
2319 2349 2639 2422 supplic-ium
2685 2353 2950 2424 pertrahit
2990 2349 3196 2409 (Grca...
3235 2365 3272 2406 tt
3299 2352 3352 2405 in
3386 2351 3601 2416 Exacta,

2019 2426 2158 2480 Itoni.
2193 2427 2244 2489 7,
2277 2442 2330 2479 η.
2362 2425 2425 2490 7;
2457 2425 2608 2492 Taio,
2649 2422 2723 2489 Iti,
2753 2422 2868 2491 25).

2089 2496 2143 2550 2.
2181 2496 2249 2551 Ut
2291 2512 2416 2550 vera
2451 2506 2508 2552 et
2541 2491 2785 2551 ordinata
2833 2495 2903 2548 sit
2944 2493 3112 2562 pietas
3149 2492 3214 2547 ad
3257 2491 3480 2559 gradum
3513 2501 3600 2550 est

2019 2567 2178 2621 alium
2212 2566 2554 2621 sublevanda.
2585 2568 2636 2620 ld
2662 2579 2760 2630 esu
2789 2572 2846 2619 ut
2869 2567 3003 2620 sciat
3029 2564 3114 2618 vel
3142 2563 3267 2632 quid
3295 2579 3358 2618 ex
3389 2564 3604 2620 miseri-

2019 2639 2197 2692 cordia
2219 2639 2419 2706 puniat,
2437 2639 2518 2691 vel
2541 2637 2666 2706 quid
2693 2652 2756 2692 ex
2787 2635 3151 2690 misericordia
3169 2636 3331 2708 275
3345 2635 3602 2708 dimittat.

2017 2708 2122 2764 Sed
2150 2713 2272 2778 quid
2298 2710 2341 2762 si
2364 2709 2493 2764 sciat
2527 2709 2655 2778 quid
2674 2722 2832 2776 agere
2861 2709 3082 2776 quisque
3109 2707 3320 2770 debeat,
3346 2707 3598 2762 virtutem

2017 2793 2146 2834 vero
2171 2778 2357 2849 agendi
2389 2795 2494 2833 non
2523 2780 2748 2834 habeat?
2769 2779 3002 2834 Scientia
3028 2791 3157 2845 ergo
3182 2786 3365 2833 nostra
3388 2788 3601 2849 crescat

2018 2851 2082 2904 ad
2135 2847 2516 2915 fortitudinem,
2573 2862 2628 2904 ut
2669 2866 2788 2904 cum
2833 2848 2980 2903 videt
3015 2849 3140 2917 quid
3189 2849 3454 2917 agendum
3505 2847 3598 2912 sit,

2017 2935 2177 2992 agerc
2205 2935 2299 2992 per
2326 2924 2522 2976 mentis
2551 2923 2914 2975 fortitudinem
2948 2920 3143 2992 possit,
3174 2934 3240 2974 ne
3266 2920 3458 2992 timore
3492 2928 3600 2992 tre-

2016 2989 2182 3062 pidet,
2207 2989 2269 3046 'et
2291 3007 2486 3061 pavore
2513 2993 2744 3060 collapsa
2777 3007 2882 3046 non
2915 2992 3092 3044 valeat
3135 2991 3270 3062 bona
3313 2989 3602 3062 defendere

2019 3058 2138 3132 quae
2167 3058 2343 3118 sentit.
2383 3066 2537 3133 Saepe
2581 3058 2854 3129 fortitudo,
2887 3061 2930 3115 si
2975 3060 3296 3133 improvida,
3320 3058 3513 3126 fuerit,
3548 3070 3603 3116 et

2019 3136 2197 3188 minus
2242 3144 2428 3189 contra
2471 3132 2599 3188 vitia
2639 3136 3044 3201 circumspecta,
3079 3133 3190 3199 ipsa
3222 3132 3302 3186 sui
3346 3145 3604 3200 praesum-

2017 3207 2200 3274 ptione
2249 3204 2302 3258 in
2342 3220 2524 3260 casum
2557 3207 2682 3260 ruit.
2715 3205 2984 3259 Ascendat
3025 3217 3152 3272 ergo
3191 3205 3256 3257 ad
3297 3204 3601 3267 consilium,

2018 3283 2079 3329 ut
2110 3277 2448 3344 praevidendo
2475 3279 2791 3346 praemuniat
2819 3289 2977 3329 omne
3017 3274 3161 3344 quod
3195 3288 3358 3343 agere
3394 3275 3604 3332 fortiter

2017 3355 2213 3414 potest.
2266 3348 2401 3404 Esse
2449 3349 2736 3402 consilium
2788 3361 2896 3400 non
2947 3354 3151 3414 potest,
3201 3347 3248 3399 si
3299 3346 3600 3400 intellectus

2016 3419 2188 3472 deest.
2221 3418 2352 3485 Quia
2402 3419 2492 3489 qui
2533 3434 2639 3472 non
2685 3417 2930 3485 intelligit
2956 3417 3156 3489 malum
3184 3416 3325 3484 quod
3355 3425 3598 3489 agentem

2015 3500 2220 3556 gravat,
2255 3487 2525 3557 quomodo
2565 3499 2740 3557 potest
2783 3489 2977 3542 bonum
3010 3487 3245 3542 solidare
3272 3491 3414 3553 quod
3445 3488 3600 3556 adju-

2015 3562 2144 3612 vat?
2174 3561 2353 3628 Itaque
2390 3575 2420 3613 a
2461 3561 2688 3612 consilio
2729 3558 3086 3612 ascendamus
3129 3559 3194 3610 ad
3230 3558 3596 3628 intellectum.

2017 3630 2071 3685 Si
2107 3626 2407 3684 intellectus
2437 3643 2630 3699 magno
2659 3629 2873 3697 quidem
2916 3626 3335 3699 acuuiinQViget
3357 3667 3370 3690 ,
3399 3637 3454 3681 et
3483 3643 3599 3682 mo-

2015 3699 2194 3754 derari
2221 3715 2280 3755 se
2307 3701 2511 3754 nesciat
2531 3697 2639 3769 'per
2665 3700 3050 3761 maturitatem,
3075 3698 3143 3751 ab
3168 3697 3451 3769 intellectu
3468 3713 3598 3766 ergo

2014 3773 2335 3825 ascendatur
2373 3771 2439 3824 ad
2483 3767 2826 3839 sapientiam,
2857 3776 2916 3822 ut
2946 3769 3046 3821 hoc
3073 3767 3217 3839 quod
3245 3775 3400 3822 acute
3433 3767 3596 3839 intel-

2015 3841 2183 3896 lectus
2235 3843 2435 3912 invenit
2481 3837 2758 3912 sapientiai
2800 3837 3112 3912 maturitate:
3150 3837 3284 3910 [Al.,
3326 3838 3587 3912 sapientia

2013 3911 2242 3985 mature]
2274 3910 2710 3982 tlisponat.‘Quia
2751 3912 2911 3981 igitur
2950 3925 3046 3985 per
3072 3911 3327 3985 timorem
3347 3910 3595 3985 surgitur

2015 3985 2077 4038 ad
2128 3980 2411 4054 pietatem,
2453 3999 2549 4054 per
2599 3980 2847 4052 pietatem
2888 3981 2965 4035 ad
3007 3981 3286 4036 scientiam
3327 3980 3594 4054 ducimur,

2013 4070 2109 4124 per
2128 4050 2411 4111 scientiam
2444 4050 2508 4109 ad
2543 4050 2908 4109 fortitudinem
2942 4054 3283 4117 roborantur,
3315 4067 3407 4124 per
3435 4050 3593 4109 torti-

2013 4123 2252 4181 tudinem
2302 4126 2368 4181 ad
2406 4127 2692 4182 consilium
2726 4125 3026 4190 tendimus,
3062 4139 3158 4193 per
3201 4123 3484 4179 consilium
3526 4124 3592 4180 ad

2015 4199 2346 4253 intellectum
2378 4200 2788 4266 proﬁciscimur,
2821 4211 2916 4266 per
2955 4197 3280 4250 intellectum
3322 4195 3390 4249 ad
3420 4207 3594 4250 matu-

2012 4267 2221 4323 ritatem
2249 4270 2528 4337 sapientiai
2550 4269 2816 4322 venimus.
2845 4269 3060 4332 Septem
3089 4267 3340 4337 gradibus
3366 4266 3434 4321 ad
3459 4282 3595 4334 por-

2011 4349 2120 4463 iam
2143 4339 2483 4419 ascendimus
2506 4354 2600 4408 per
2621 4353 2781 4409 quam
2813 4338 2970 4392 nobis
2997 4340 3176 4393 aditus
3199 4339 3320 4393 vita
3343 4338 3595 4408 spiritua-

2033 4425 2077 4463 ts
2103 4421 2358 4463 aperitur.

2033 4425 2077 4464 IS
2103 4421 2358 4464 aperitur.

2076 4425 2358 4534 Sapinia?
2378 4479 2456 4534 De
2475 4480 2629 4533 variis
2650 4480 3058 4550 percussionibits
3081 4481 3284 4535 mundi.
3312 4507 3382 4522 —
3407 4480 3428 4531 ‘l
3444 4517 3459 4534 .
3489 4481 3594 4547 Qui

2007 4551 2176 4606 Deum
2223 4554 2455 4622 diligunt
2495 4553 2559 4606 in
2599 4553 2780 4605 mundi
2811 4552 2920 4606 ﬁne
2953 4552 3041 4607 vel
3070 4550 3420 4622 percussione
3465 4565 3596 4620 gau-

2005 4623 2136 4678 dere
2175 4621 2341 4693 atque
2363 4623 2684 4677 bilarescere
2708 4622 2989 4692 jubentur,
3018 4626 3142 4693 quia
3173 4621 3426 4674 videlicet
3470 4636 3592 4675 eum

2006 4709 2164 4764 quem
2196 4704 2379 4748 amant
2402 4709 2523 4749 mox
2550 4694 2844 4760 inveniunt,
2871 4696 2998 4747 dum
3023 4693 3280 4764 transitis
3306 4705 3462 4764 quem
3482 4706 3592 4764 non

2006 4761 2337 4824 amaverunt.
2390 4765 2543 4819 Abs"
2602 4781 2669 4819 ne
2719 4765 2887 4819 tidetis
2939 4765 3166 4830 quisque
3209 4763 3376 4815 Deum
3409 4761 3591 4818 videre

2005 4851 2112 4891 non
2160 4837 2450 4900 desulcret,
2480 4845 2535 4890 et
2566 4835 2633 4890 de
2679 4837 2859 4888 mundi
2906 4832 3342 4900 percussionibus
3387 4833 3588 4902 lugeat,

2006 4922 2165 4976 quem
2203 4909 2338 4962 liniri
2370 4907 2558 4962 iisdem
2591 4905 2722 4974 ipsis
2753 4905 3189 4974 percuss‘iouibus
3217 4918 3325 4958 non
3357 4905 3589 4973 ignorat.

2005 4981 2084 5034 Ex
2114 4982 2294 5033 mundi
2322 4980 2690 5034 destructione
2720 4977 2900 5044 lugere
2935 4990 3122 5030 eorum
3149 4984 3233 5030 est
3258 4976 3348 5042 qui
3380 4976 3590 5030 radices

2005 5052 2182 5104 cordis
2215 5055 2265 5104 in
2295 5052 2411 5119 ejus
2457 5061 2641 5100 amore
2692 5045 3086 5116 plantuverunt,
3137 5047 3226 5115 qui
3271 5056 3587 5114 sequentem

2005 5124 2170 5175 vitam
2205 5137 2309 5176 non
2348 5128 2612 5188 «prterunt,
2638 5120 2727 5185 qtti
2763 5119 2902 5170 illam
2935 5132 3112 5186 neque
3139 5131 3260 5171 esse
3297 5119 3553 5186 suspicati
3575 5146 3586 5159 -

2004 5201 2112 5246 tur.
2155 5191 2279 5257 Nos,
2330 5190 2418 5260 qui
2449 5190 2537 5242 illa
2566 5189 2800 5244 caelestis
2832 5189 3018 5255 patria:
3040 5189 3230 5258 g’sudia
3269 5197 3468 5260 aeterna
3498 5203 3590 5243 oo-

2002 5265 2305 5332 gnovimus,
2350 5259 2602 5314 festinare
2658 5261 2725 5332 ad
2774 5276 2891 5314 eam
2944 5261 3258 5327 quantocius
3301 5259 3584 5332 debemus.

2001 5330 2300 5402 Optandum
2335 5332 2487 5384 nobis
2516 5339 2598 5386 est
2627 5331 2783 5385 citius
2811 5341 3058 5401 pergere,
3101 5341 3261 5402 atque
3316 5330 3381 5385 ad
3437 5331 3582 5386 illam

2002 5401 2163 5458 vitim
2218 5403 2470 5457 felicitate
2515 5411 2822 5471 perpetuam
2881 5404 3161 5471 pervenire
3190 5401 3362 5472 (Teia,
3393 5417 3447 5469 v,
3476 5403 3583 5472 2i;

2001 5475 2185 5545 Greg.,
2215 5490 2227 5526 t
2255 5474 2309 5526 in
2339 5473 2561 5545 Eeartg.,
2591 5473 2731 5527 hom.
2765 5474 2818 5539 1,
2853 5491 2904 5526 n.
2929 5472 3010 5538 3).

2071 5544 2201 5600 ΟΜ).
2245 5561 2350 5599 LXI.
2398 5547 2470 5597 lle
2489 5544 2694 5598 Jadaici
2717 5546 2892 5612 populi
2917 5545 3056 5597 circa
3085 5544 3262 5597 mundi
3283 5545 3438 5612 ﬁnem
3459 5559 3584 5597 con-

1999 5618 2247 5671 versione.
2266 5645 2337 5657 —
2357 5618 2404 5670 1.
2431 5617 2622 5670 Sancta
2664 5614 2922 5681 Ecclesia,
2951 5619 3000 5667 in
3029 5616 3277 5685 primitiis
3308 5617 3420 5669 suis
3447 5616 3585 5668 mul-

2003 5691 2224 5742 titutline
2255 5690 2488 5756 gentium
2522 5687 2925 5751 fecundata,vix
2954 5688 3004 5740 in
3035 5687 3216 5740 mundi
3241 5689 3346 5738 line
3366 5685 3586 5741 :ludaaos

1999 5775 2135 5829 quos
2186 5760 2446 5816 invenerit
2491 5758 2767 5828 suscipiet.
2817 5767 2870 5814 et
2904 5767 3141 5815 extrema
3173 5757 3450 5826 colligens,
3482 5772 3578 5812 eos
