4086 6350
488 328 621 386 1191

483 451 633 521 quasi
653 447 912 524 reliquias
967 443 1174 524 frugum
1237 450 1415 524 p‘onet.
1469 438 1557 524 De
1605 434 1796 524 quibus
1850 431 2057 524 ξιιᾷαίοῑ
2091 442 2141 499 Α

560 505 664 592 puli
707 505 938 595 reliquiis
968 505 1130 567 Isaias
1180 527 1213 593 τ’
1239 505 1304 565 Si
1348 509 1501 595 fuerit
1552 518 1792 589 numerus
1818 505 2065 595 'ﬁlioiuni

520 575 650 648 erae!
685 575 835 661 quasi
876 600 1044 661 arente
1085 583 1271 661 maris,
1318 575 1701 661 reliquirehejus
1751 575 2066 661 salvat-ﬁent

490 646 645 736 llsai.
674 646 867 736 x122).
896 658 1014 736 Elia
1032 646 1298 717 veniente,
1330 646 1653 736 promittitur
1668 646 2067 736 quodzredueant

488 719 650 791 corda
681 719 909 787 liberum
952 726 1017 781 ad
1066 736 1242 797 patres
1287 719 1498 797 eorum.
1542 720 1608 777 Ut
1659 719 1901 796 doctrina
1949 732 2065 781 qua:

494 798 636 861 none
680 818 708 856 a
751 793 1458 869 Judmorum'cordeablata
1487 802 1571 869 e_st
1599 802 1742 869 tunc,
1766 793 2066 869 miserante

487 858 736 939 Domino,
770 873 973 935 redeat,
1020 866 1367 939 quandohoc
1402 864 1472 918 de
1508 862 1733 918 Domino
1764 858 2066 939 intelligere

486 930 763 1016 cmperunt
796 943 910 1007 lilii,
941 930 1081 1009 quod
1103 936 1538 1016 praedicaverunt
1563 943 1772 1016 patres.
1813 930 2067 1016 .ludaicus

487 1008 717 1087 populus
738 1015 791 1069 in
822 1015 927 1068 line
953 1008 1136 1087 mundi
1168 1008 1525 1087 liberabitura
1557 1008 1824 1087 servitute
1840 1008 2063 1087 peccati,

487 1073 623 1144 sicut
650 1086 906 1156 scriptum
930 1092 1012 1156 est
1038 1098 1054 1136 :
1080 1079 1265 1156 Donec
1278 1077 1542 1156 plenitudo
1564 1076 1791 1156 gentium
1809 1073 2060 1156 introiret,

484 1142 629 1214 etisic
653 1142 815 1212 omn'is
846 1152 1008 1208 Israel
1029 1153 1199 1207 salvus
1229 1142 1369 1219 ﬁeret
1400 1142 1580 1224 (Rom:
1611 1161 1683 1209 ιι,
1704 1142 1820 1224 “2_5).
1847 1142 1910 1224 Et
1930 1143 2067 1224 sicut

484 1229 743 1299 propheta
784 1227 859 1281 ait
889 1244 902 1280 :
939 1224 998 1299 Si
1028 1224 1179 1299 fuerit
1207 1214 1449 1299 numerus
1481 1219 1707 1299 filiorum
1732 1214 1901 1299 (liras!
1937 1216 2067 1299 sicut

485 1283 642 1355 arena
670 1298 849 1362 maris,
878 1283 1110 1366 reliquie:
1137 1294 1292 1347 salute
1321 1292 1441 1366 ﬁent
1474 1283 1521 1358 (Ι
1533 1289 1709 1366 ειιὶηιΡ
1868 1284 2063 1339 Sancta

484 1371 719 1427 Ecclesia
753 1357 925 1423 adhuc
955 1357 1007 1421 in
1041 1366 1140 1419 hac
1170 1366 1277 1420 vita
1302 1357 1491 1435 posita
1511 1374 1606 1429 pro
1638 1357 1908 1435 laboribus
1929 1370 2067 1425 quos

484 1442 714 1498 sustinet
739 1440 968 1506 duplicia
998 1450 1220 1491 munera
1251 1433 1460 1506 recipit,
1511 1446 1631 1484 cum
1676 1433 1962 1506 susceptis,
2009 1436 2067 1479 ut

481 1497 735 1578 diximus,
780 1497 937 1580 plene
970 1507 1243 1583 gentibus,
1273 1497 1489 1583 inﬂue.
1534 1500 1727 1583 mundi
1760 1497 2066 1583 .ludieorum

483 1586 646 1639 etiam
678 1574 744 1637 ad
776 1574 833 1636 se
862 1574 1024 1635 corda
1050 1574 1395 1639 converterit,
1446 1574 1586 1627 sicut
1627 1574 1883 1648 scriptum
1910 1580 2021 1648 _est
2050 1586 2063 1648 ξ

480 1637 655 1709 Donec
686 1652 948 1723 plenitudo
987 1650 1215 1723 gentium
1255 1637 1569 1723 iiitraret,_et
1610 1637 2066 1723 sic‘omnis‘lsrael

486 1726 660 1781 salvus
686 1710 828 1792 'ﬁeret
858 1710 1032 1789 (Titio,
1060 1734 1114 1787 ν,
1138 1718 1245 1792 25;
1277 1716 1456 1792 Greg.,
1493 1714 1548 1767 in
1576 1712 1726 1784 praef.
1759 1724 1813 1764 1v
1845 1710 2065 1778 Moral.,

478 1814 525 1851 c.
556 1798 626 1861 4;
655 1788 804 1864 praef.
836 1796 888 1847 in
909 1791 1242 1866 dob._c._l_0,
1266 1805 1321 1866 n_.
1347 1788 1463 1855 20)-
1560 1856 1589 1866 “
1819 1850 1834 1866 .
1926 1858 1941 1866 _
2004 1855 2035 1866 Α,

559 1850 687 1921 Clin.
732 1850 858 1920 ιὶιι.
899 1863 974 1917 De
1013 1850 1312 1916 Antichristi
1357 1850 1682 1926 temporibus.
1712 1882 1782 1894 —-
1814 1850 1863 1907 1.
1914 1855 2066 1909 Anti-

478 1953 619 2007 quus
667 1937 1099 2007 hostisiextrema
1140 1928 1603 2007 _mundi_atrocius
1645 1934 1942 2007 tentaturus
1975 1941 2067 2007 ag-

478 1997 740 2077 greditur,
770 2006 859 2075 qui
883 2014 1030 2059 tanto
1050 2003 1111 2077 lit
1134 2001 1424 2077 ferventior
1450 1998 1517 2053 ad
1541 1997 1833 2077 sgvitiarm,
1865 2005 2068 2077 quanto

478 2067 541 2134 se
567 2067 880 2133 vicini’ur'em
926 2074 1087 2129 sentit
1133 2073 1202 2127 ad
1246 2086 1481 2141 poenam.
1534 2068 1698 2140 276
1750 2067 2069 2141 Considerat

470 2150 679 2219 quippe
708 2148 831 2217 quid
857 2147 1008 2219 justa
1035 2145 1125 2212 sit,
1159 2155 1216 2197 ut
1238 2138 1503 2219 licentiam
1536 2138 1878 2219 nequissimae
1910 2138 2070 2193 liber-

480 2212 873 2275 tatis'am'ittatl
923 2218 987 2271 Et
1017 2224 1272 2283 quantum
1305 2212 1565 2268 brevitate
1597 2212 1854 2283 temporis
1901 2223 2072 2283 angu-

479 2300 673 2357 statur,
726 2298 873 2343 tamo
915 2278 1307 2355 multiplicitate
1354 2281 1685 2357 crudelitatis
1712 2278 2061 2357 expanditur.

479 2350 747 2431 Quidquid
779 2358 1026 2431 diabolus
1055 2350 1302 2427 nequiter
1330 2354 1579 2431 valuerit,
1620 2351 1674 2405 in
1725 2350 1831 2431 line
1881 2350 2068 2431 mundi

477 2421 724 2488 callidius
772 2428 1035 2501 exquiret.
1081 2421 1234 2483 Tunc
1266 2426 1543 2501 cervicem
1593 2421 1863 2501 superbia:
1909 2423 2070 2501 altius

481 2503 672 2573 eriget,
701 2511 757 2558 et
785 2491 881 2572 per
907 2500 1219 2573 damnatum
1243 2499 1391 2552 illum
1413 2510 1571 2573 quem
1600 2501 1773 2573 gestat
1796 2491 2070 2573 hominem

479 2563 643 2630 omne
660 2563 810 2645 quod
838 2571 1204 2645 temporaliter
1232 2563 1488 2645 prtevalet
1516 2563 1762 2645 nequiter
1798 2563 2069 2645 ostendet;

484 2634 777 2702 Stellas'de
804 2634 1020 2699 ctelo'in
1051 2652 1189 2698 terra
1216 2634 1410 2696 cadere
1435 2647 1517 2693 est
1540 2637 1727 2691 relicta
1749 2649 1778 2688 a
1803 2634 2072 2691 nonnullis

482 2730 582 2788 spe
610 2714 933 2788 caelestium,
968 2714 1061 2788 illo
1084 2715 1248 2788 duce,
1281 2711 1349 2766 ad
1392 2709 1650 2788 ambitum
1678 2705 2072 2788 gloriarsaicu:

479 2777 609 2844 laris
639 2788 865 2843 inhiare.
899 2777 1004 2840 iste
1024 2786 1186 2858 igitur
1208 2777 1373 2837 draco
1388 2777 1809 2858 inisitcaudaui,
1833 2784 1887 2830 et
1906 2777 2074 2858 traxit

486 2859 696 2915 tertiam
754 2868 961 2928 partem
1019 2848 1318 2928 siellarum.
1385 2853 1642 2928 Draconis
1698 2848 1841 2904 enim
1902 2848 2073 2927 cauda

488 2923 769 2988 stellarum
796 2940 917 2996 pars
942 2925 1190 2993 trahitur,
1226 2923 1438 2998 quando
1465 2933 1703 2998 extrema
1728 2923 2076 2998 persuasione

492 2993 810 3059 Antichristi
865 2999 1103 3068 quidam,
1136 2993 1514 3063 qui’videntur
1547 2993 1757 3068 lucere,
1801 2993 2075 3060 rapientur

482 3073 739 3145 (Taio,_v,
769 3060 1067 3145 26_;_'_Greg.
1091 3060 1293 3145 :dloral.
1325 3081 1506 3145 xxxiv,
1540 3065 1588 3145 l,
1619 3081 1679 3143 n._
1710 3060 1787 3145 1).

558 3143 613 3198 2.
646 3134 905 3197 Nonnulli
944 3134 1182 3195 de'tribu
1211 3140 1322 3193 Dan
1347 3139 1532 3190 venire
1560 3134 1945 3188 Antichristum
1991 3134 2071 3189 l'e-

484 3223 633 3279 runt,
665 3214 803 3267 sicut
833 3226 929 3281 per
958 3211 1123 3265 Jacob
1155 3210 1508 3277 patriarcbam
1536 3204 1732 3281 dicitur
1762 3221 1777 3257 :
1806 3202 1929 3281 Fiat
1955 3203 2073 3281 Dan

482 3275 690 3339 coluber
706 3284 759 3335 in
778 3275 885 3347 via,
906 3293 1123 3334 cerastes
1144 3275 1196 3334 in
1219 3281 1417 3341 semita,
1446 3278 1682 3331 mordens
1699 3275 1915 3347 ungulas
1935 3278 2070 3345 equi,

483 3364 543 3408 ut
584 3353 736 3407 cadat
769 3346 1007 3424 ascensor
1046 3355 1155 3424 ejus
1182 3361 1316 3424 retro
1359 3348 1509 3420 (Gen.
1542 3362 1683 3424 χιιι,
1728 3346 1841 3424 17)..
1875 3346 1988 3424 lloc
2017 3348 2073 3401 in

489 3425 609 3481 loco
638 3425 750 3478 Dan
774 3430 830 3478 et
857 3419 1080 3478 coluber
1100 3419 1375 3487 asseritur,
1400 3430 1454 3475 et
1481 3419 1758 3474 mordens.
1788 3419 1939 3473 Unde
1966 3433 2075 3473 non

484 3495 758 3552 immerito
783 3493 913 3547 dum
949 3493 1272 3550 lsraeliticus
1304 3491 1531 3561 populus
1576 3498 1747 3561 terras
1774 3489 1826 3543 in
1863 3496 2072 3561 castro-

486 3582 604 3624 rum
639 3564 925 3634 partitione
953 3564 1276 3633 susciperet,
1301 3560 1503 3633 primus
1526 3561 1635 3634 Dan
1664 3560 1729 3634 ad
1756 3560 2076 3634 Aquilonem

491 3631 903 3692 castrametatus
933 3644 1035 3702 est,
1078 3631 1249 3700 illum,
1284 3631 1510 3696 scilicet,
1546 3631 1875 3700 signiﬁcans,
1900 3633 1990 3700 qui
2021 3632 2075 3685 in

489 3709 653 3764 corde
698 3722 797 3762 suo
826 3705 1071 3760 dixerat:
1105 3706 1305 3761 Setlebo
1346 3705 1400 3757 in
1444 3712 1612 3757 monte
1660 3706 1977 3767 testamenti,
2022 3704 2077 3756 in

488 3779 731 3833 lateribus
774 3778 1049 3848 aquilonis.
1103 3777 1388 3848 Ascendam
1432 3790 1584 3848 super
1617 3774 1939 3848 altitudinem
1972 3790 2073 3827 nu-

485 3849 664 3914 bium;
693 3842 874 3903 similis
904 3864 988 3902 ero
1020 3848 1285 3901 Altissinto
1313 3845 1463 3915 (Isai.
1493 3861 1601 3913 Jth,
1633 3842 1743 3915 l5).
1788 3844 1861 3898 De
1888 3858 1994 3913 quo
2022 3852 2078 3899 et

483 3937 577 3991 per
619 3920 931 3989 prophetam
956 3920 1196 3991 dicitur:
1250 3919 1295 3971 Α
1323 3917 1442 3991 Dan
1473 3918 1701 3991 auditus
1724 3925 1796 3969 est
1843 3915 2077 3984 fremitus

487 3987 737 4061 equorum
770 3996 883 4060 ejus
914 3989 1131 4061 (Jerem.
1164 4005 1278 4054 vni,
1304 3988 1414 4059 16).
1461 3987 1823 4061 Antichristus
1852 4002 1959 4040 non
1989 4002 2078 4061 so-

486 4057 596 4116 lum
624 4057 865 4126 coluber,
890 4057 985 4114 sed
1006 4060 1167 4115 etiam
1199 4057 1433 4114 cerastes
1456 4068 1689 4113 vocatur.
1723 4057 1904 4110 Cerata
1930 4057 2076 4112 enim

485 4131 674 4188 Graece
722 4147 916 4183 cornua
954 4131 1223 4186 dicuntur.
1269 4132 1522 4198 Serpens,
1567 4130 1655 4198 qui
1707 4128 1795 4182 hic
1822 4137 2075 4184 cornutus

485 4217 607 4258 esse
640 4202 978 4272 perhibetur,
1036 4217 1130 4269 per
1154 4217 1313 4272 quem
1349 4203 1507 4269 digne
1533 4199 1773 4269 ejusdem
1801 4199 2077 4272 Antichri-

487 4275 557 4328 sti
604 4270 863 4327 adventus
893 4270 1193 4339 asscritur,
1248 4273 1368 4342 quia
1417 4284 1601 4326 contra
1632 4272 1792 4325 vitam
1841 4270 2074 4324 lidelium

486 4359 608 4399 cum
651 4357 833 4399 morsu
872 4346 1138 4412 pestileraa
1181 4342 1570 4411 pricdiealiouis
1622 4353 1861 4412 armatur
1910 4343 2075 4412 etiam

488 4416 747 4470 cornibus
779 4410 1053 4485 potestatis
1102 4410 1280 4485 (Greg.
1313 4414 1532 4478 Moral.,
1573 4428 1720 4478 xui,
1747 4410 1839 4479 “24,
1870 4429 1925 4485 η.
1956 4411 2071 4481 45),

557 4486 690 4541 Cn.
724 4500 871 4541 uin.
903 4482 982 4539 De
1003 4482 1184 4550 salute,
1215 4482 1295 4556 uel
1321 4486 1566 4556 languore
1592 4486 1842 4555 corporis,
1873 4483 2075 4553 vitaque

485 4558 748 4629 prttsentis
793 4556 1152 4626 corruptionis.
1184 4585 1246 4629 -έ-
1278 4555 1330 4609 1.
1369 4555 1533 4610 tusus
1572 4556 1625 4609 in
1670 4556 1768 4629 hac
1811 4556 1916 4629 vita
1954 4558 2069 4629 ipsa

486 4625 692 4684 sarcina
732 4644 844 4682 sua:
888 4625 1246 4695 cerruptionis
1282 4641 1508 4682 onerosa
1550 4634 1652 4679 est.
1684 4625 1836 4692 Quod
1872 4626 2067 4695 vigiliae

486 4700 814 4770 del'atigant,
871 4713 1091 4753 somnus
1146 4698 1421 4770 quae-ritur,
1474 4706 1529 4751 ut
1569 4697 1872 4770 vigiliarum
1919 4699 2068 4751 labor

484 4768 923 4839 atque‘anxietas
966 4779 1311 4839 temperetur.
1344 4769 1732 4837 Nonnunquam
1782 4768 1943 4823 etiam
1980 4782 2069 4839 so-

487 4838 643 4896 mnus
678 4841 907 4904 occidit,
954 4838 1120 4895 fames
1167 4854 1362 4909 corpus
1402 4840 1606 4903 atterit,
1658 4850 1817 4911 atque
1869 4848 1925 4892 ut
1952 4838 2069 4909 ejus

489 4912 782 4966 necessitas
817 4911 1132 4979 repellatur,
1164 4912 1267 4965 cibi
1309 4912 1669 4979 requiruntur.
1701 4910 1808 4964 Sed
1838 4922 1981 4977 saepe
2014 4920 2069 4965 et

486 4983 591 5037 cibi
612 4992 854 5050 gravant,
878 4984 967 5050 qui
993 4984 1060 5038 ad
1077 4982 1443 5052 repellendum
1469 4981 1759 5036 debilitatis
1779 4996 2066 5048 gravamen
2105 5017 2115 5023 ς

404 5080 424 5120 ι
490 5055 701 5122 quaesiti
753 5056 979 5107 l'uerant.
1026 5055 1312 5123 Quousque
1340 5052 1539 5107 subditi
1567 5053 1925 5120 corruptionis
1977 5066 2068 5106 su-

407 5126 419 5148 "
487 5140 626 5190 mus,
658 5125 863 5178 auctori
892 5134 1075 5179 nostro
1106 5122 1323 5179 minime
1344 5125 1767 5191 respondemus;
1797 5122 1917 5191 quia
1942 5123 2067 5177 dum

488 5198 760 5263 corruptio
806 5195 873 5249 ab
925 5195 1327 5265 incorruptione
1391 5196 1708 5265 longeest,
1776 5193 2068 5249 srtnilitudo

486 5273 608 5334 apta
651 5277 848 5320 nostrae
880 5264 1217 5333 responsioni
1265 5282 1373 5321 non
1409 5276 1513 5321 est.
1546 5264 1789 5319 llumana
1820 5274 2068 5320 creatura

486 5352 551 5389 en
582 5340 696 5405 ipso
737 5338 878 5407 quod
905 5346 1081 5391 creata
1120 5346 1223 5403 est,
1255 5338 1306 5392 in
1350 5337 1640 5404 semetipsa
1686 5335 1847 5390 habet
1879 5336 1979 5390 sub
2010 5351 2069 5391 se

487 5408 754 5472 delloerc;
786 5408 880 5462 sed
918 5424 946 5460 a
978 5408 1256 5463 conditore
1290 5424 1389 5463 suo
1418 5408 1578 5462 homo
1605 5407 1815 5475 accepit
1842 5409 1982 5475 quod
2014 5418 2068 5461 et

485 5492 648 5545 super
677 5493 735 5530 se
772 5479 1224 5545 contemplatione
1282 5480 1538 5548 rapiatur,
1571 5492 1624 5532 et
1664 5479 1717 5532 in
1764 5493 1824 5533 se
1864 5482 1980 5545 ipso
2014 5481 2066 5533 in

487 5548 885 5616 incorruptione
926 5558 1189 5604 teneatur.
1222 5549 1560 5604 Admonendi
1589 5564 1714 5603 sunt
1746 5552 2065 5621 incolumes,

487 5629 545 5674 ut
574 5624 743 5673 salute
769 5622 1010 5687 corporis
1055 5633 1342 5676 exerceant
1384 5622 1612 5675 silutem
1656 5620 1881 5684 mentis;
1925 5635 1993 5675 ne
2022 5623 2067 5675 si

486 5704 718 5757 acceptae
750 5689 1130 5745 incolumitatis
1154 5695 1376 5759 gratiam
1401 5693 1469 5746 ad
1500 5706 1652 5747 usum
1697 5694 1949 5760 nequitia:
1979 5692 2067 5745 in-

487 5761 718 5827 clinent,
766 5763 909 5817 dono
955 5762 1253 5817 deteriores
1301 5766 1461 5831 liam;
1507 5773 1562 5818 et
1612 5777 1679 5818 eo
1726 5765 2066 5832 postmodum

487 5834 745 5902 suiiplicia
787 5834 1029 5903 graviora
1071 5844 1399 5905 mereantur,
1446 5850 1553 5907 quo
1575 5850 1719 5892 nunc
1749 5835 2067 5906 largioribus

1264 318 1356 373 AD
1391 311 1447 374 S.
1488 312 1735 372 lSlDORl
1777 310 2215 369 lllSPALENSlS
2252 308 2483 368 OPERA
2521 306 2966 366 APPENDICES.

2103 4540 2154 4602 Ι)
2177 4540 2257 4609 ὁει
2283 4571 2413 4623 sape

3618 307 3761 365 H92

2173 429 2327 485 bonis
2358 430 2449 485 Dei
2480 428 2616 484 male
2648 428 2720 482 uti
2763 443 2867 483 non
2910 434 3155 499 metuunt
3186 423 3394 499 (Greg.,
3429 425 3623 499 Horat.
3657 446 3761 499 xu,

2174 501 2256 563 15,
2291 519 2341 555 n.
2371 502 2475 566 l7;
2524 500 2669 574 Taio,
2716 513 2803 565 ιιι,
2836 499 2926 563 51,
2969 497 3079 564 52;
3127 514 3203 565 ιιι,
3240 497 3326 562 li,
3380 515 3434 551 η.
3469 498 3567 563 18;
3622 497 3758 574 Reg.

2167 582 2299 642 past.
2326 591 2377 642 p.
2408 587 2485 637 ιιι,
2512 586 2560 624 c.
2588 571 2698 639 12).

2237 645 2291 698 2.
2319 639 2446 699 item
2476 641 2793 697 admouendi
2838 651 2961 695 sunt
2991 639 3308 709 incolumes,
3342 656 3410 696 ne
3432 646 3762 712 Opportuni-

2169 724 2329 770 tatem
2358 715 2544 770 salutis
2581 714 2634 766 in
2672 722 2984 783 perpetuum
3018 712 3390 778 promerendae
3425 713 3753 783 despiciant.

2166 787 2429 854 Scriptum
2463 800 2692 857 namque
2720 794 2805 839 ost
2835 781 3012 857 ;_1§cge
3042 799 3174 837 nunc
3196 793 3394 857 tempus
3420 781 3758 857 acceptabile,

2166 852 2442 910 eccenunc
2472 855 2580 908 dies
2604 852 2789 910 salutis
2826 852 2917 924 (11
2943 853 3065 909 Cor.
3094 870 3165 918 vr,
3198 853 3282 916 2).
3334 852 3625 911 Dicendum
3676 852 3763 913 est

2168 928 2249 983 eis
2279 942 2348 981 ne
2390 928 2601 995 placere
2628 926 2737 980 Deo
2783 925 2828 981 si
2870 942 2989 979 cum
3045 934 3266 994 possunt
3306 927 3598 994 noluerint,
3633 944 3763 984 cum

2168 998 2433 1053 voluerint
2475 1012 2597 1052 sero
2641 1014 2744 1069 non
2774 999 3002 1065 possint.
3054 996 3209 1069 salus
3238 999 3510 1069 corporis,
3540 1002 3761 1069 quando

2168 1070 2233 1123 ad
2275 1071 2410 1124 bene
2452 1068 2783 1135 operantium
2830 1077 3046 1134 accepta
3096 1068 3422 1137 despicitur,
3470 1073 3656 1138 quanti
3690 1071 3765 1126 sit

2169 1141 2405 1195 tnuneris
2437 1139 2631 1195 amissa
2678 1140 2924 1193 sentitur.
2970 1138 3038 1193 Et
3066 1138 3392 1195 infructuose
3417 1141 3484 1194 ad
3512 1142 3762 1198 ultimum

2168 1212 2451 1279 quaeritur,
2504 1226 2619 1279 qua!
2669 1225 2903 1280 congruo
2961 1224 3219 1265 concessa
3264 1222 3503 1279 tempora
3558 1212 3765 1268 utiliter

2171 1297 2275 1337 non
2309 1283 2555 1337 habetur.
2602 1281 2703 1336 Per
2744 1281 3200 1348 sapientissimum
3233 1282 3577 1337 Salomonem
3616 1283 3760 1339 dici-

2173 1362 2257 1407 tur
2284 1371 2296 1406 :
2336 1352 2417 1407 Ne
2446 1355 2534 1405 des
2564 1352 2746 1407 alienis
2768 1352 3011 1406 honorem
3039 1362 3203 1416 tuum,
3231 1363 3277 1407 et
3308 1370 3470 1406 annos
3503 1365 3617 1409 tuos
3641 1373 3767 1409 cru-

2173 1424 2298 1490 deli,
2324 1441 2385 1477 ne
2416 1424 2571 1494 277
2597 1424 2727 1492 forte
2754 1424 3059 1493 impleantur
3086 1426 3315 1478 extranei
3344 1424 3544 1491 furibus
3564 1430 3691 1491 tuis,
3716 1439 3764 1482 et

2170 1494 2371 1549 labores
2403 1498 2474 1548 tui
2504 1504 2603 1549 sint
2626 1495 2678 1547 in
2700 1495 2853 1548 domo
2872 1495 3061 1560 aliena,
3088 1503 3137 1550 et
3160 1511 3329 1565 gemas
3366 1497 3418 1546 in
3442 1498 3757 1563 novissimis,

2170 1569 2378 1634 quando
2409 1566 2782 1635 consumpseris
2803 1581 3001 1631 carnes,
3034 1575 3080 1619 et
3112 1582 3293 1636 corpus
3318 1575 3460 1619 tuum
3483 1566 3758 1633 (Proverb.

2170 1653 2227 1705 v,
2253 1639 2331 1707 9).
2374 1638 2474 1706 Qui
2523 1653 2751 1705 namque
2799 1653 2828 1690 a
2860 1636 3015 1691 nobis
3044 1636 3203 1691 alieni
3233 1648 3377 1701 sunt,
3409 1638 3508 1691 nisi
3539 1640 3762 1705 maligni

2174 1709 2416 1776 spiritus,
2447 1707 2596 1777 quia
2627 1707 2862 1764 ctelestis
2890 1718 3013 1763 sunt
3063 1712 3246 1774 patria:
3294 1718 3439 1763 sorte
3489 1710 3765 1775 separati?

2174 1781 2273 1846 Qui
2316 1797 2443 1836 vero
2474 1781 2643 1834 honor
2670 1787 2854 1834 noster
2880 1788 2984 1843 est,
3018 1779 3117 1833 nisi
3147 1779 3289 1847 quod
3330 1779 3489 1834 etiam
3524 1780 3576 1833 in
3605 1780 3766 1838 luteis

2176 1852 2335 1921 positi
2362 1861 2417 1906 et
2440 1852 2637 1904 conditi
2687 1849 2753 1904 ad
2783 1850 3077 1922 conditoris
3122 1852 3288 1922 nostri
3337 1864 3523 1922 sumus
3571 1852 3764 1922 imagi-

2172 1939 2294 1977 nem
2328 1922 2531 1977 creati?
2564 1922 2652 1977 Vel
2681 1922 2804 1990 quis
2828 1921 2965 1976 alius
2996 1921 3229 1993 crudelis
3251 1930 3355 1987 est,
3385 1921 3484 1976 nisi
3511 1922 3602 1976 ille
3630 1921 3765 1993 apo-

2170 2002 2307 2047 stata
2340 1993 2582 2063 angelus,
2614 1993 2705 2062 qui
2747 2002 2803 2046 et
2838 1992 3187 2061 semetipsum
3239 2008 3391 2061 pretia
3438 1995 3627 2048 mortis
3665 2010 3764 2048 su-

2174 2064 2469 2134 perbiendo
2502 2065 2755 2134 perculit,
2784 2072 2838 2117 et
2880 2064 3077 2118 inferre
3127 2074 3354 2119 mortem
3383 2063 3623 2119 humano
3663 2080 3764 2135 ge-

2176 2135 2293 2191 neri
2324 2139 2485 2190 etiam
2520 2135 2759 2203 perditus
2792 2150 2896 2188 non
2932 2135 3207 2203 pepercit?

2245 2205 2299 2260 5.
2331 2206 2599 2264 Honorem
2632 2220 2786 2259 suum
2826 2205 3013 2259 alienis
3039 2206 3152 2273 dat,
3179 2208 3267 2276 qui
3287 2248 3302 2271 ,
3334 2205 3401 2261 ad
3435 2206 3526 2261 Dei
3567 2207 3763 2277 imagi-

2176 2292 2299 2333 nem
2346 2294 2411 2331 ac
2457 2277 2858 2332 similitudinem
2898 2277 3167 2341 conditus,
3219 2281 3339 2331 vitae
3375 2291 3484 2332 sua:
3518 2289 3761 2347 tempora

2173 2349 2535 2417 malignorum
2560 2349 2844 2416 Spirituum
2876 2348 3237 2403 voluntatibus
3264 2348 3627 2403 administrat.
3650 2351 3762 2404 An-

2177 2435 2275 2474 nos
2317 2422 2481 2475 etiam
2524 2435 2652 2474 suos
2692 2417 2897 2473 crudeli
2934 2418 3139 2483 tradit,
3182 2420 3271 2489 qui
3316 2419 3380 2473 ad
3425 2421 3762 2475 voluntatem

2174 2492 2317 2547 male
2352 2491 2681 2545 dominantis
2722 2489 3019 2544 adversarii
3055 2500 3273 2559 accepta
3298 2491 3534 2561 vivendi
3584 2493 3759 2561 spatia

2173 2562 2447 2631 expendit.
2479 2562 2728 2631 Quisquis
2759 2574 2851 2627 per
2898 2572 3170 2630 acceptam
3224 2560 3582 2618 valetudinem
3616 2560 3760 2616 cor-

2174 2630 2342 2703 poris,
2396 2649 2490 2703 per
2537 2630 2845 2687 attributam
2894 2630 2997 2703 sibi
3039 2631 3355 2701 sapientiam
3390 2633 3607 2699 tuentis,
3652 2648 3762 2688 non

2172 2702 2489 2759 exercendis
2523 2703 2826 2767 virtutibus,
2858 2702 2953 2756 sed
2995 2704 3362 2771 perpetrandis
3393 2704 3531 2759 vitiis
3573 2705 3763 2759 elabo-

2173 2785 2288 2841 rat,
2323 2789 2658 2844 nequaquam
2688 2774 2802 2829 suis
2831 2774 3031 2827 viribus
3062 2789 3215 2828 suam
3241 2773 3489 2840 domum,
3525 2776 3621 2830 sed
3662 2791 3759 2830 ex-

2175 2855 2483 2902 traneorum
2526 2844 2852 2911 habitacula,
2896 2844 2947 2916 id
2996 2852 3104 2907 est,
3149 2846 3544 2901 immundorutn
3592 2848 3760 2916 spiri-

2176 2926 2325 2973 tuum
2350 2920 2485 2973 lacta
2508 2917 2863 2985 multiplicat:
2891 2915 3165 2977 nimirum,
3193 2916 3275 2969 vel
3302 2915 3652 2985 luxuriando,
3672 2920 3760 2974 vel

2175 2988 2537 3060 superbiendo
2563 3002 2748 3057 agens,
2763 2995 2835 3060 ‘ut
2858 2987 3019 3041 etiam
3046 3002 3105 3042 se
3134 2985 3389 3056 adjiciens
3419 2990 3762 3059 perditorum

2176 3056 2432 3116 numerus
2474 3056 2704 3128 crescat.
2756 3056 3080 3125 Pierumque
3120 3067 3341 3128 accepta
3379 3056 3526 3115 salus
3575 3064 3763 3116 carnis

2180 3146 2276 3201 per
2304 3132 2431 3185 vitia
2460 3124 2809 3198 expenditur,
2838 3130 2930 3183 sed
2963 3124 3084 3182 cum
3126 3124 3348 3201 repente
3393 3132 3760 3199 subtrahitur,

2181 3199 2301 3259 cum
2331 3202 2593 3256 molestiis
2623 3216 2751 3255 caro
2774 3202 3040 3265 atteritur,
3064 3214 3186 3255 cum
3199 3199 3325 3325 (iam
3368 3203 3553 3271 egredi
3582 3204 3763 3257 anima

2181 3284 2421 3325 uraetur.
2452 3272 2541 3325 diu
2571 3271 2713 3325 male
2742 3272 2938 3325 habita.
2972 3274 3126 3325 euasi
3166 3286 3194 3323 a
3265 3273 3401 3325 bene
3439 3273 3761 3325 vivendum-

2180 3284 2421 3344 urgetur,
2452 3272 2541 3344 diu
2571 3271 2713 3325 male
2742 3272 2938 3344 habita,
2956 3274 3126 3344 _quasi
3166 3271 3231 3325 ad
3265 3273 3401 3327 bene
3439 3273 3761 3340 vivendum,

2178 3342 2326 3401 salus
2367 3342 2569 3398 amissa
2610 3343 2921 3412 requiritur.
2950 3342 3101 3397 Tunc
3130 3352 3279 3397 recte
3318 3354 3535 3412 gemunt
3582 3344 3755 3398 homi-

2179 3431 2294 3478 nes,
2321 3414 2462 3486 quod
2486 3414 2598 3471 Deo
2620 3415 2826 3467 servire
2851 3414 3165 3486 noluerunt,
3182 3415 3395 3482 quando
3425 3414 3619 3468 damna
3647 3430 3761 3469 sua:

2179 3485 2517 3557 negligentia:
2563 3499 2887 3557 recuperare
2920 3485 3205 3557 serviendo
3254 3500 3589 3557 nequaquam
3634 3500 3761 3555 pos-

2179 3554 2521 3613 suntCUnde
2559 3556 2691 3609 alias
2735 3555 2977 3610 dicitur:
3020 3554 3149 3609 Cum
3196 3555 3445 3610 occideret
3487 3572 3591 3623 eos,
3634 3554 3756 3611 tunc

2178 3628 2467 3699 quwrebant
2491 3643 2604 3681 eum
2627 3624 2803 3699 (Paul.
2828 3641 3030 3699 LXXVII,
3059 3628 3149 3683 54.

2250 3701 2380 3757 CAP.
2421 3713 2564 3753 LXIV.
2613 3697 2691 3750 De
2742 3698 3043 3769 agritudine
3096 3697 3344 3769 corporis.
3373 3727 3442 3739 —
3476 3698 3525 3752 1.
3562 3699 3763 3757 Admo«

2179 3773 2340 3828 nendi
2383 3780 2509 3825 sunt
2537 3771 2695 3839 aegri,
2732 3768 2803 3841 uti
2829 3784 2893 3823 eo
2929 3785 2988 3824 se
3032 3768 3124 3823 Dei
3176 3772 3311 3841 lilios
3348 3769 3614 3836 sentiant,
3652 3788 3761 3841 quo

2179 3843 2300 3897 illos
2329 3841 2627 3910 disciplinae
2652 3840 2857 3913 ﬂagella
2878 3844 3161 3913 castigant.
3188 3839 3295 3893 Nisi
3323 3840 3467 3896 enim
3492 3839 3760 3913 correptis

2179 3915 2304 3968 liliis
2335 3913 2705 3968 haereditatcm
2748 3910 2879 3965 dare
2914 3911 3251 3980 disponeret,
3278 3915 3492 3967 erudire
3523 3927 3617 3967 eos
3651 3910 3762 3982 per

2178 3985 2453 4041 molestias
2505 3990 2629 4038 non
2661 3992 2895 4037 curaret.
2947 3982 3238 4036 Dicendum
3280 3992 3363 4036 est
3404 3984 3565 4053 agris
3609 3996 3664 4037 ut
3712 3984 3763 4039 si

2180 4056 2455 4111 caelestem
2500 4054 2724 4124 patriam
2771 4068 2922 4107 suam
2970 4056 3225 4121 credunt,
3270 4054 3633 4109 necessarium
3676 4064 3765 4110 est

2180 4139 2237 4181 ut
2266 4129 2319 4182 in
2349 4128 2449 4179 hac
2480 4125 2711 4189 labores,
2743 4124 2887 4178 velut
2934 4125 2986 4178 in
3015 4124 3186 4179 aliena
3235 4126 3425 4193 patria,
3458 4128 3761 4195 patiantur;

2179 4198 2382 4267 lapides
2412 4195 2704 4250 sanctuarii
2728 4195 2895 4250 divini
2922 4206 3074 4267 extra
3109 4198 3247 4249 tunsi
3274 4207 3426 4265 sunt,
3463 4208 3516 4249 ut
3546 4197 3600 4250 in
3630 4213 3766 4251 con-

2179 4266 2469 4324 structione
2500 4266 2683 4335 templi
2708 4268 2915 4336 absque
2957 4266 3134 4321 mallei
3175 4270 3354 4321 sonitu
3397 4277 3762 4335 ponerentur,

2178 4341 2299 4411 quia
2336 4339 2586 4394 videlicet
2613 4338 2937 4411 nunciloras
2968 4353 3062 4407 per
3091 4337 3299 4411 ﬂagella
3330 4337 3670 4411 tunduntur,
3704 4348 3765 4393 ut

2178 4408 2320 4466 imus
2359 4411 2410 4465 in
2463 4409 2718 4477 templum
2768 4410 2864 4463 Dei
2914 4408 3253 4479 postmodum
3296 4410 3413 4465 sine
3462 4409 3765 4478 disciplinae

2182 4484 2528 4552 percussione
2546 4481 2919 4551 disponantur,
2946 4490 3213 4550 quatenus
3238 4480 3492 4551 quidquid
3517 4480 3573 4535 in
3603 4482 3763 4535 nobis

2420 4553 2633 4618 rlluum,
2669 4552 2828 4605 modo
2858 4556 3132 4621 percussio
3161 4564 3385 4617 resecet,
3412 4560 3466 4605 et
3496 4559 3618 4606 tunc
3645 4552 3763 4606 sola

2170 4641 2269 4680 nos
2294 4621 2602 4679 in'aidilicio
2623 4622 2914 4679 concordia
2942 4621 3215 4677 charitatis
3241 4624 3389 4692 liget.
3414 4624 3759 4678 Admonendi

2170 4705 2297 4751 sunt
2337 4696 2465 4766 aegri
2502 4703 2562 4749 ul.
2602 4695 2947 4751 considerent
2996 4708 3091 4762 pro
3134 4694 3492 4766 percipiendis
3528 4697 3762 4750 terrenis

2173 4764 2572 4821 haereditatibus
2619 4781 2778 4835 quam
2809 4767 2948 4821 dura
2990 4768 3231 4820 carnales
3275 4765 3412 4818 lilios
3459 4764 3763 4833 disciplina:

2170 4838 2383 4907 ﬂagella
2410 4834 2694 4906 castigent.
2724 4837 2832 4892 Cur
2852 4851 2981 4906 ergo
3005 4835 3161 4889 nubis
3184 4834 3378 4890 divinat
3398 4837 3760 4906 correptionis

2172 4924 2330 4978 pinna
2375 4909 2550 4977 gravis
2595 4916 2712 4974 est,
2745 4922 2837 4975 per
2876 4921 3035 4977 quam
3065 4914 3120 4961 et
3148 4921 3422 4976 nunquam
3462 4907 3761 4965 amittenda

2171 4980 2456 5035 hiereditas
2487 4979 2799 5049 percipitur,
2827 4988 2884 5035 et
2905 4993 3066 5047 super
3092 4992 3347 5031 mansura
3378 4979 3643 5048 supplicia
3678 4979 3759 5033 vi-

2171 5052 2386 5106 tantur?
2411 5050 2770 5106 Considerent
2800 5051 2929 5120 aegri
2959 5059 3153 5116 quanta
3184 5050 3331 5102 salus
3362 5049 3515 5105 cordi
3540 5052 3612 5103 sit
3638 5064 3757 5104 mo-

2173 5124 2326 5179 lestia
2376 5121 2695 5189 corporalis,
2727 5136 2845 5191 quae
2873 5120 2939 5175 ad
2960 5121 3343 5191 cognitionem
3385 5121 3470 5174 sui
3522 5131 3759 5175 mentem

2173 5202 2391 5316 reﬁciat
2432 5192 2619 5264 (Taia,
2665 5189 2759 5262 in,
2798 5193 2898 5259 55;
2942 5189 3132 5262 Greg.,
3176 5190 3307 5262 lteg.
3356 5200 3528 5261 past.,
3570 5210 3623 5259 p.
3669 5208 3759 5258 tu,

2173 5282 2216 5316 ο.
2341 5304 2354 5316 .

2172 5282 2216 5318 c.
2245 5266 2354 5318 12).

2242 5267 2496 5403 ἒῗὸυξιιθ
2524 5351 2682 5404 quam
2710 5336 3022 5405 plerumque
3042 5333 3189 5392 salus
3211 5332 3397 5403 abjicit
3428 5332 3759 5389 inﬁrmitatis

2242 5351 2294 5393 2.
2321 5351 2496 5403 uuare
2524 5351 2682 5404 quam
2710 5351 2912 5405 plerum
2958 5351 3022 5390 ue
3042 5351 3189 5392 satus
3211 5351 3397 5403 aDlell
3429 5351 3759 5389 innrmitaus

2173 5413 2485 5463 memoriam
2533 5407 2643 5479 [ΑΙ.
2671 5351 2952 5478 ιιιθιιιοῐίίιἽ
2983 5405 3296 5479 reformari,
3330 5414 3388 5460 ut
3416 5407 3639 5479 animus
3669 5405 3763 5475 qui

2173 5490 2324 5533 extra
2353 5496 2412 5533 se
2443 5482 2495 5532 in
2526 5476 2811 5534 elationem
2835 5476 3048 5533 ducitur
3074 5478 3161 5532 cui
3194 5479 3265 5531 sit
3292 5476 3592 5532 conditioni
3629 5479 3759 5531 sub-

2172 5550 2314 5604 ditus
2351 5566 2415 5604 ex
2446 5565 2697 5618 percussa
2736 5566 2897 5620 quam
2927 5549 3156 5604 sustinet
3197 5562 3361 5604 carne
3404 5557 3756 5603 memoretur.

2173 5620 2508 5676 Admonendi
2539 5632 2665 5676 sunt
2700 5624 2827 5691 aegri
2859 5632 2916 5675 ut
2942 5622 3287 5676 considerent
3318 5620 3502 5689 quanti
3541 5620 3613 5674 sit
3642 5635 3760 5672 mu-

2174 5697 2318 5748 neris
2366 5694 2613 5749 molestia
2648 5695 2971 5762 corporalis,
3002 5708 3121 5762 qua:
3148 5704 3201 5747 et
3247 5692 3479 5746 admissa
3538 5698 3757 5759 peccata

2172 5764 2352 5831 diluit,-
2385 5776 2439 5819 et
2478 5779 2541 5819 ea
2577 5781 2694 5835 qua:
2732 5776 2977 5833 poterant
3015 5763 3227 5818 admitti
3277 5763 3593 5831 compescit.
3626 5764 3760 5835 Qua:

2172 5844 2227 5892 et
2270 5848 2483 5909 sumpta
2522 5832 2611 5895 ab
2638 5832 2995 5895 exterioribus
3033 5835 3205 5910 plagis
3250 5849 3527 5892 concussa:
3559 5832 3760 5895 mentis
