4086 6350
521 395 661 456 H95

1307 395 1399 453 an
1436 380 1492 455 s.
1537 385 1782 456 lSlDORl
1823 383 2262 457 HISPALENSIS
2298 385 2526 460 orans
2568 403 3010 466 APPENDICES.

3653 385 3794 474 tios

518 520 618 576 bos
646 526 921 582 acorpore
958 489 1435 594 nostrorepellere
1473 513 2095 598 FtlpilntIS,_ll'iSteSqui-.
2125 513 2173 573 Λ
2201 516 2747 598 esse-abstinentiam
2804 521 2920 576 sine
2968 505 3253 598 concordia
3287 517 3626 598 designans,
3669 529 3794 588 ait:

516 593 638 647 dem
670 599 910 642 amarum
959 582 1288 653 purgationis
1331 584 1578 650 poculum
1627 588 1925 651 sumimus,
1959 587 2095 641 certi

517 672 695 717 autem
736 657 803 711 de
833 655 1180 725 subsequenti
1205 655 1376 709 salute
1423 656 1740 726 gaudemus.
1788 659 1918 725 Quia
1953 657 2095 712 enim

518 729 798 803 pervenire
817 735 1014 803 corpus
1044 727 1203 803 aliter
1223 726 1290 803 ad
1322 727 1549 783 salutem
1575 731 1868 803 nonval‘et,
1892 729 1942 782 iii
1969 739 2095 798 potu

513 797 672 859 etiam
705 800 832 854 libet
863 798 1005 866 quod
1037 799 1217 854 taedet.
1251 797 1491 867 Cumque
1531 801 1872 856 amaritudini
1919 802 2096 856 inesse

514 878 675 928 vitam
701 873 912 926 animus
957 871 1240 938 conSpicit,
1277 886 1510 926 mmrore
1543 872 1787 928 turbatus
1817 872 2097 928 hilarescit

513 940 920 1017 (GregZMorat.
955 958 1103 1008 uxr,
1136 959 1181 1017 _c.
1219 941 1333 1010 55).

580 1013 656 1072 4.’
684 1016 815 1071 Cum
859 1025 1068 1080 tempus
1100 1013 1222 1067 vita:
1259 1030 1286 1066 a
1335 1015 1513 1070 divina
1547 1015 1700 1070 nobis
1751 1018 2094 1084 przescientia

509 1089 581 1145 sit
611 1087 796 1158 procul
845 1084 1007 1140 dubio
1056 1087 1371 1158 praeﬁxum,
1413 1089 1760 1152 quazrendum
1809 1091 1964 1143 valde
2012 1100 2096 1145 est

508 1156 624 1230 qua
653 1157 859 1213 ratione
891 1172 1032 1211 nunc
1060 1156 1191 1210 dicit
1223 1160 1364 1230 quod
1396 1158 1562 1228 iniqui
1599 1175 1662 1213 ex
1695 1160 1946 1228 prmsenti
1995 1177 2095 1216 sa:-

506 1229 630 1286 culo
653 1238 778 1284 ante
813 1241 1024 1296 tempus
1055 1229 1327 1297 proprium
1373 1230 1800 1286 subtrahuntur?
1833 1230 2090 1302 Omnipo-

505 1311 622 1357 tens
655 1302 816 1369 Deus,
849 1301 950 1355 etsi
985 1302 1297 1370 plerumque
1340 1312 1510 1357 mutat
1541 1303 1883 1367 sententiam,
1915 1306 2095 1359 consi-

502 1371 633 1428 lium
659 1388 952 1442 nunquam.
986 1371 1066 1426 Eo
1093 1387 1222 1442 ergo
1253 1382 1490 1441 tempore
1520 1390 1585 1429 ex
1614 1375 1711 1427 hac
1734 1373 1839 1427 vita
1869 1377 2094 1443 quisque

501 1443 859 1508 subtrahitur,
881 1457 989 1513 quo
1009 1459 1073 1516 ex
1104 1444 1282 1498 divina
1309 1448 1541 1511 potentia
1567 1456 1689 1502 ante
1713 1455 1924 1514 tempus
1961 1463 2095 1516 pra:-

499 1518 685 1570 scitnr.
718 1516 822 1570 Sed
863 1515 1137 1569 sciendum
1186 1517 1326 1585 quod
1367 1532 1558 1572 creatis
1600 1525 1653 1571 et
1693 1515 2094 1576 ordinansinns

499 1589 841 1648 omnipotens
864 1587 1030 1651 Deus,
1049 1587 1196 1654 juxta
1219 1588 1555 1656 singulorum
1577 1588 1762 1642 merita
1787 1588 2019 1658 disponit
2041 1602 2094 1648 et

500 1660 808 1723 terminum,
842 1667 900 1712 ut
929 1659 1009 1711 vel
1034 1659 1206 1712 malus
1231 1659 1320 1712 ille
1353 1659 1588 1715 breviter
1619 1660 1782 1723 vivat,
1814 1676 1882 1714 ne
1913 1663 2095 1719 multis

496 1731 635 1786 bene
663 1731 942 1797 agentibus
968 1739 1178 1789 noceat,
1215 1731 1296 1784 vel
1325 1731 1497 1786 bonus
1541 1733 1642 1786 iste
1679 1733 1880 1786 diutius
1909 1733 1960 1786 in
1994 1734 2094 1791 hac

496 1803 604 1857 vita
638 1803 916 1870 subsistat,
946 1812 1002 1854 ut
1031 1801 1212 1873 multis
1241 1800 1365 1856 boni
1407 1804 1587 1872 operis
1632 1804 1848 1870 adjutor
1874 1804 2090 1873 existat,

2202 582 2432 668 {.audate
2458 606 2574 668 eum
2616 591 2668 644 in
2709 601 2953 668 tg‘mpnno
2999 602 3046 648 et
3076 595 3232 650 choro
3275 582 3455 666 (Psal‘:
3498 582 3586 668 CL,

2203 663 2455 726 tympano
2485 661 2627 715 enim
2660 664 2864 716 Corium
2902 665 3100 718 siccum
3133 661 3371 732 resonat,
3402 669 3454 722 in
3498 661 3666 725 oborti
3696 689 3792 727 ..υ-

2202 734 2306 781 tem
2342 747 2506 812 voces
2529 734 2871 813 concorditer
2890 746 3138 813 cantant.
3165 738 3304 813 Quid
3349 756 3477 813 ergo
3505 757 3601 810 per
3647 753 3794 813 tym-

2201 804 2560 878 panu_m,_nisi
2612 805 2973 878 abstinentia;
3004 804 3212 876 etquid
3261 825 3354 877 per
3407 804 3794 878 Εὴοἰ-ιιιιὶ,ἰι]εἰ

2199 871 2473 950 cliaritatis
2503 875 2791 928 concordia
2826 871 3170 950 designatur?
3192 871 3293 948 Qui
3317 882 3497 950 itaque
3521 887 3596 938 sic
3627 871 3796 939 abs—li-

2199 947 2433 1025 uentiarn
2469 955 2634 1010 tenet,
2664 956 2718 1000 ut
2739 947 3082 1025 concordiam
3113 947 3349 1025 deserat,
3377 947 3556 1008 laudat
3576 956 3794 1025 quidem

2200 1011 2368 1086 Deum
2397 1017 2448 1069 in
2480 1025 2754 1086 tympano,
2774 1020 2867 1073 sed
2891 1035 2996 1074 non
3027 1021 3204 1076 laudat
3231 1023 3283 1077 in
3313 1011 3502 1078 choro.
3527 1011 3619 1080 Sic
3647 1029 3794 1081 enim

2197 1084 2486 1165 abstinere,
2504 1084 2876 1165 Vveljejunare
2897 1102 3128 1165 oportet,
3157 1104 3212 1147 ut
3239 1110 3343 1149 non
3369 1111 3468 1150 nos
3488 1095 3792 1165 jejunandi,

2198 1156 2614 1236 vel-abstinendi
2633 1156 2950 1236 necessitati
2982 1164 3297 1228 subdanius,
3333 1182 3398 1220 ne
3427 1156 3670 1236 no'n'jam
3702 1156 3797 1221 de;

2199 1227 2330 1293 voti,
2364 1232 2465 1284 sed
2499 1232 2650 1285 inviti
2688 1247 2797 1286 rem
2832 1233 3186 1289 voluntariam
3232 1227 3509 1292 faciamus.
3559 1227 3619 1293 Si
3650 1241 3797 1293 enim

2197 1299 2469 1374 quoslibet
2517 1302 2881 1374 advenientes,
2933 1306 3140 1374 jejunio
3187 1307 3525 1373 intermisso,
3579 1309 3793 1374 relicio,

2198 1385 2304 1444 non
2337 1373 2486 1427 solvo
2508 1372 2792 1444 jejunium,
2839 1372 2942 1430 sed
2985 1372 3178 1443 impleo
3223 1372 3794 1435 charilatisolﬁcium;

2199 1442 2462 1519 galerum
2495 1445 2540 1498 si
2565 1442 2795 1519 'p_r0pter
2825 1442 3204 1502 abstinentiam
3233 1449 3540 1519 Spirituales
3589 1450 3801 1506 fructus

2197 1511 2382 1584 [Forte
2411 1511 2646 1587 lratres],
2680 1511 2820 1586 quos
2849 1519 2972 1572 novi
3002 1533 3121 1574 mea
3163 1511 3480 1576 remissione
3509 1521 3798 1587 delectari,

2198 1587 2477 1659 contristo,
2502 1589 2825 1643 abstinentia
2852 1605 2970 1644 mea
2990 1602 3198 1645 nonest
3226 1591 3395 1647 virtus
3427 1593 3676 1659 dicenda,
3698 1593 3801 1649 sed

2200 1657 2422 1733 vitium,
2468 1661 2592 1728 quia
2646 1661 2987 1733 abstinentiae
3031 1663 3400 1733 continuatio,
3452 1664 3554 1718 nisi
3609 1657 3798 1732 fuerit,

2197 1730 2413 1798 quando
2455 1746 2542 1786 res
2572 1732 2734 1798 exigit
2767 1733 3154 1802 praetermissa,
3184 1746 3236 1789 et
3280 1751 3365 1790 me
3382 1730 3567 1802 'intlat,
3600 1748 3656 1790 et
3686 1730 3799 1790 fraé

2201 1811 2336 1874 trem
2367 1817 2572 1874 meum,
2594 1804 2676 1856 cui
2704 1804 2938 1858 Charitas
2963 1801 3136 1873 juvet,
3188 1806 3494 1874 contristat,
3538 1801 3620 1862 vel
3649 1818 3801 1864 certe

497 1884 553 1929 ut
595 1890 805 1928 rursum
839 1873 1013 1926 malus
1042 1871 1250 1941 longius
1291 1871 1573 1929 ὤσει-διαι-
1601 1875 1655 1928 in
1681 1876 1810 1941 vita,
1843 1886 1898 1928 ut
1929 1871 2093 1944 prava
2125 1883 2174 1942 Β
2201 1871 2330 1944 nillil
2361 1873 2490 1928 mihi
2523 1873 2700 1928 inesse
2724 1871 2978 1930 fraternae
3007 1876 3285 1932 charitatis
3314 1871 3668 1934 demonstrat.

495 1945 672 2018 adhuc
713 1953 1120 2018 operaiaugeat.
1159 1944 1239 2018 iis
1272 1961 1497 2013 quorum
1543 1946 1838 2018 tentatione
1881 1951 2084 2018 purgati

397 2011 408 2016 “
493 2015 618 2088 justi
647 2011 826 2072 verius
850 2017 1062 2088 vivant;
1095 2015 1178 2088 vel
1208 2011 1383 2088 bonus
1422 2019 1580 2072 citius
1611 2011 2087 2083 subtraltaturfne

493 2085 537 2142 si
562 2089 647 2142 hic
677 2089 768 2141 diu
801 2086 1014 2149 vixerit,
1056 2085 1173 2155 ejus
1203 2087 1565 2142 innocentiam
1612 2090 1812 2142 malitia
1838 2103 2085 2146 corrum-

495 2170 604 2226 pat.
637 2159 894 2225 Quamvis
920 2156 1260 2226 omnipotens
1303 2159 1445 2213 Deus
1480 2160 1606 2214 illud
1637 2170 1847 2228 tempus
1897 2163 2086 2216 unius-

492 2229 750 2301 cujusque
781 2230 846 2301 ad
874 2239 1101 2301 mortem
1129 2231 1396 2296 praasciat,
1425 2247 1532 2300 quo
1551 2231 1667 2299 ejus
1687 2232 1796 2286 vita
1828 2237 2086 2288 termina-

493 2300 598 2365 tur,
632 2316 731 2354 nec
761 2300 866 2354 alio
893 2300 944 2354 in
973 2309 1215 2368 tempore
1241 2302 1523 2370 quisquam
1576 2304 1712 2357 mori
1748 2309 1946 2370 potest,
1982 2304 2084 2359 nisi

489 2373 605 2440 ipso
632 2388 737 2439 quo
771 2387 872 2423 nini
969 2387 1013 2424 r.
1043 2371 1174 2424 Nam
1205 2373 1250 2427 si
1279 2373 1526 2429 Ezechiae
1551 2372 1677 2428 armi
1706 2374 1872 2427 additi
1905 2377 1969 2429 ad
1999 2376 2083 2429 vi-

490 2453 594 2497 tam
619 2442 922 2510 quindecim
950 2451 1335 2508 memorantur,
1361 2455 1573 2514 tempus
1594 2444 1807 2514 quidem
1827 2445 1950 2501 vita:
1967 2462 2085 2502 cre-

487 2516 557 2569 vit
593 2515 661 2569 ab
694 2515 784 2568 illo
823 2514 1057 2570 termino
1103 2530 1211 2584 quo
1249 2517 1384 2570 mori
1432 2517 1546 2586 ipse
1589 2516 1916 2570 merebatur.
1949 2518 2083 2573 Nam

490 2586 671 2642 divina
697 2585 980 2655 dispositio
1005 2586 1122 2655 ejus
1146 2595 1357 2654 tempus
1386 2585 1513 2641 tunc
1538 2590 1788 2656 przesciit,
1809 2603 1916 2656 quo
1942 2589 2085 2646 hunc

496 2658 834 2730 postmodum
861 2671 927 2711 ex
963 2657 1216 2730 praisenti
1248 2662 1351 2713 vita
1384 2659 1665 2713 subtraxit.
1699 2658 1830 2713 Cum
1859 2675 1986 2730 ergo
2009 2663 2082 2717 ita

491 2730 583 2797 sit,
611 2729 735 2796 quid
761 2729 998 2796 estquod
1023 2728 1240 2792 dicitur,
1264 2730 1384 2798 quia
1409 2730 1572 2798 iniqui
1594 2730 1790 2786 sublati
1813 2728 1940 2785 sunt
1957 2741 2084 2788 ante

490 2810 700 2872 tempus
728 2813 907 2865 suum,
937 2800 1210 2872 nisiquod
1240 2805 1415 2856 onmis
1442 2802 1530 2872 qui
1564 2812 1884 2871 praesentem
1917 2805 2083 2858 vitam

485 2873 656 2936 diligit
689 2871 928 2941 longiora
958 2871 1060 2925 sibi
1108 2872 1348 2940 ejusdem
1381 2871 1501 2927 vita:
1529 2873 1697 2943 spatia
1730 2874 2084 2942 promittunt?

484 2945 587 3000 Sed
619 2957 740 2997 cum
767 2957 862 2997 eos
892 2957 1039 2997 mors
1069 2945 1454 3013 superveniens
1479 2959 1510 2999 a
1542 2946 1791 3012 praesenti
1825 2946 1935 3000 vita
1957 2947 2085 3001 sub-

487 3015 889 3088 traxit,_eorum
917 3016 1041 3088 vita
1070 3017 1264 3082 spatia,
1297 3032 1416 3085 qua:
1445 3016 1545 3071 sibi
1578 3017 1816 3088 longiora
1848 3019 1998 3088 quasi
2030 3019 2084 3073 in

485 3086 805 3156 cogitatione
835 3087 1058 3141 tendere
1087 3097 1499 3157 consueverant,
1530 3087 1822 3144 intercidit.

554 3158 798 3230 Capitula
845 3157 950 3230 alia
981 3157 1386 3213 Sententiarum.
1417 3186 1488 3199 —
1520 3161 1572 3214 l.
1621 3159 1763 3226 Quid
1809 3169 1890 3214 est
1935 3163 2084 3230 quod

2267 1941 2323 1994 5.
2354 1945 2614 2012 Superbia
2634 1958 2716 1999 est
2740 1947 2947 2001 initium
2967 1949 3144 2019 omnis
3166 1947 3394 2018 peccati;
3411 1952 3801 2019 concupiscens

2195 2013 2264 2067 tia
2295 2030 2419 2069 vero
2451 2031 2604 2082 poma
2630 2019 2866 2085 peccati;
2889 2028 2943 2073 et
2973 2018 3090 2074 ideo
3131 2013 3237 2074 non
3271 2013 3445 2088 potest
3473 2013 3630 2077 aliter
3654 2013 3802 2076 vinci

2193 2088 2622 2161 concupiscentia
2649 2089 2858 2156 vitiosa,
2885 2089 2982 2143 nisi
3003 2093 3149 2158 prius
3179 2100 3430 2147 caveatur
3458 2108 3552 2161 per
3582 2089 3801 2148 humili-

2194 2160 2316 2235 tatis
2341 2158 2589 2235 virtutem
2610 2163 2886 2235 superbia,
2909 2175 3030 2230 qua:
3051 2162 3169 2230 ejus
3189 2174 3271 2218 est
3288 2158 3523 2235 inimica.
3549 2163 3799 2235 Superba

2193 2228 2442 2282 voluntas
2467 2231 2596 2282 iacit
2620 2231 2712 2283 Dei
2749 2228 3019 2300 pt'mcepta
3041 2228 3336 2300 contemni,
3367 2228 3644 2290 humilitas
3667 2253 3801 2291 vero

2192 2301 2471 2374 custodiri.
2499 2301 2766 2374 Superbia
2795 2305 2955 2374 282
2995 2319 3060 2358 ex
3101 2306 3308 2372 angelis
3337 2307 3610 2361 daemones
3639 2308 3796 2372 fecit,

2193 2368 2477 2445 humilitas
2492 2371 2742 2445 homines
2761 2368 2976 2445 sTn'cﬁs
3005 2368 3212 2445 angelis
3233 2377 3436 2432 similes
3468 2379 3664 2442 reddit.
3694 2368 3796 2435 nni

2193 2441 2423 2494 rebelles
2449 2441 2666 2496 diabolo
2690 2444 2934 2499 subditos
2965 2441 3114 2512 lacu',
3151 2445 3263 2501 haec
3301 2447 3530 2503 humiles
3575 2447 3797 2506 Christo

2191 2513 2490 2588 conjungit.
2528 2515 2764 2588 _Superbi
2801 2517 3022 2581 cupiunt
3061 2518 3112 2572 iii
3143 2532 3203 2572 se
3248 2519 3403 2588 quod
3436 2537 3540 2574 non
3590 2521 3797 2577 faciunt

2191 2583 2768 2660 prtedicari,_hu_miles_
2804 2588 3074 2660 refugiunt
3104 2583 3360 2658 quidquid
3395 2583 3516 2660 boni
3559 2607 3795 2660 operan-

2191 2661 2277 2731 tur
2302 2657 2538 2722 agnosci.
2575 2657 2648 2731 Illi
2679 2657 2805 2731 vitia
2849 2659 3058 2727 propria
3091 2675 3119 2712 a
3151 2675 3210 2714 se
3237 2657 3521 2716 alienando
3565 2657 3787 2731 perver-

2192 2725 2352 2796 sitate
2383 2740 2495 2780 suac
2521 2729 2808 2781 voluntatis
2848 2725 3124 2796 excusant,
3156 2741 3208 2785 ct
3231 2731 3364 2785 bona
3391 2747 3485 2785 sua
3513 2725 3623 2788 suis
3656 2734 3791 2790 viri-

2191 2795 2290 2850 bus
2329 2796 2637 2864 deputando
2683 2800 3004 2872 semetipsos
3053 2803 3278 2870 turpiter
3319 2802 3552 2872 jactant,
3605 2807 3692 2859 isti
3742 2805 3790 2861 si

2190 2883 2293 2936 qua
2329 2879 2544 2935 peucata
2594 2870 2986 2935 commiserint,
3021 2870 3331 2928 voluntarie
3369 2877 3672 2931 conlitendo
3701 2891 3789 2933 se-

2190 2942 2450 3008 metipsos
2477 2950 2754 3006 accusant,
2785 2951 2837 2996 et
2867 2944 3045 2995 omnia
3085 2943 3224 2997 bona
3253 2961 3343 2999 sua
3369 2947 3551 2999 divino
3576 2939 3788 3005 muneri

2190 3009 2535 3086 deputanda,
2587 3013 2767 3086 Deum
2803 3015 3004 3086 jugiter
3060 3015 3294 3069 laudant.
3347 3017 3688 3086 Quapropter
3737 3019 3786 3073 si

2190 3081 2356 3156 virtus
2389 3099 2494 3138 non
2527 3083 2728 3138 habitat
2759 3081 2813 3139 in
2843 3081 3024 3138 auimo
3056 3086 3274 3154 vitioso,
3305 3081 3787 3156 superbia-humi-

2192 3153 2358 3207 litatis
2382 3170 2490 3236 llo-ll
2517 3156 2930 3235 ceditimperio,
2965 3159 3103 3236 quia
3127 3173 3229 3211 non
3263 3153 3458 3228 poterit
3503 3175 3654 3236 tuens
3689 3178 3782 3236 re-

483 3229 668 3312 sancta
701 3229 939 3312 Ecclesia
993 3230 1236 3311 hostibus
1281 3231 1391 3284 suis
1412 3273 1428 3294 ,
1479 3240 1536 3312 ut
1581 3225 1882 3312 castrorum
1912 3225 2080 3312 acies,
2193 3239 2355 3312 suum
2382 3225 2578 3312 habere
2627 3226 3048 3312 virtutum,_.nisi
3070 3225 3278 3312 .juguni
3303 3229 3601 3312 excusserit
3628 3233 3788 3312 prius

481 3312 563 3356 θεῖ
590 3301 862 3354 timenda?
892 3300 1008 3353 Non
1037 3301 1177 3354 enim
1207 3317 1234 3352 a
1266 3315 1461 3370 magno
1493 3301 1764 3356 intellectu
1797 3312 1953 3356 vacat
1978 3300 2079 3361 ista

481 3371 835 3444 comparatio,
884 3380 937 3424 et
969 3371 1168 3425 idcirco
1198 3374 1357 3444 281
1390 3383 1474 3428 est
1499 3373 1770 3428 subtiliter
1797 3374 2072 3432 intuenda.

483 3443 718 3509 Scimus,
751 3451 804 3497 et
836 3451 1068 3507 constat,
1102 3444 1225 3511 quia
1257 3443 1557 3499 castrorum
1584 3447 1728 3499 acies
1758 3453 1884 3500 tunc
1906 3447 2078 3502 hosti-

480 3516 582 3571 bus
612 3515 724 3570 suis
756 3513 1014 3570 terribilis
1042 3515 1364 3582 ostenditur,
1399 3516 1614 3583 quando
1661 3518 1730 3570 ita
1763 3515 1924 3571 fuerit
1945 3533 2077 3574 con-

478 3588 694 3660 stipata,
726 3593 885 3660 atque
914 3585 1172 3660 densata,
1221 3597 1278 3641 ut
1307 3588 1361 3642 in
1411 3587 1562 3660 nullo
1611 3588 1727 3642 loco
1775 3589 2074 3660 interrupta

482 3659 745 3731 videatur.
781 3659 912 3731 Nam
935 3659 980 3712 si
1003 3659 1082 3731 ita
1113 3659 1431 3728 disponitur,
1466 3670 1523 3713 ut
1546 3659 1696 3713 locus
1725 3673 1949 3731 vacuus,
1979 3659 2076 3731 per

480 3739 653 3804 quem
671 3730 840 3804 hostis
873 3730 1041 3798 possit
1070 3731 1311 3804 ingredi,
1334 3731 1654 3804 dimittatur,
1691 3730 1934 3799 profecto
1957 3730 2072 3804 jam

477 3803 587 3858 suis
641 3801 884 3856 hostibus
934 3801 1187 3857 terribilis
1228 3817 1336 3858 non
1383 3810 1486 3857 est.
1539 3803 1604 3856 Et
1633 3817 1731 3856 nos
1761 3817 1910 3872 ergo,
1947 3801 2072 3861 cum

480 3873 665 3927 contra
723 3873 982 3942 malignos
1028 3873 1246 3941 spiritus
1303 3875 1354 3928 in
1409 3873 1703 3943 spiritualis
1756 3877 2072 3932 certaminis

480 3945 648 3999 aciem
676 3946 946 4012 ponimur,
975 3957 1316 4014 summopere
1357 3953 1578 4000 necesse
1607 3955 1689 3998 est
1723 3954 1778 3998 ut
1811 3959 1906 4013 per
1932 3949 2073 4000 cha-

481 4015 690 4071 ritatem
714 4029 926 4083 semper
955 4016 1085 4068 uniti
1109 4054 1124 4080 ,
1175 4026 1334 4085 atque
1373 4017 1670 4081 constricti,
1711 4024 1765 4069 et
1795 4033 2069 4085 nunquam

480 4088 760 4151 interrupti
789 4101 882 4154 per
919 4085 1237 4140 discordiam
1268 4088 1622 4142 inveniamur.
1655 4087 1787 4152 Quia
1815 4092 2072 4154 quaslibet

478 4158 617 4214 bona
648 4155 699 4210 in
732 4157 894 4211 nobis
933 4171 1093 4224 opera
1143 4157 1360 4220 fuerint,
1410 4158 1455 4212 si
1484 4159 1720 4212 charitas
1769 4159 1928 4223 desit,
1977 4177 2072 4227 per

479 4230 678 4285 malum
709 4228 991 4283 discordia:
1015 4227 1163 4283 locus
1212 4229 1449 4298 aperitur
1477 4227 1531 4285 in
1560 4229 1694 4294 acie,
1728 4230 1868 4283 unde
1894 4231 1960 4284 ad
1990 4232 2069 4286 le-

480 4302 695 4356 riendos
728 4316 824 4354 nos
871 4300 1047 4353 valeat
1071 4303 1236 4356 hostis
1269 4301 1489 4356 intrare.
1521 4302 1784 4368 Antiquos
1812 4316 1940 4356 vero
1971 4303 2072 4359 ini-

480 4373 652 4428 micas
694 4375 993 4424 castitatem
1041 4372 1091 4425 in
1121 4373 1294 4438 nobis,
1327 4373 1372 4427 si
1411 4373 1527 4428 sine
1576 4375 1840 4427 charitate
1879 4371 2068 4440 fuerit,

481 4447 585 4516 non
620 4442 793 4516 timet,
817 4445 938 4516 quia
971 4442 1084 4508 ipse
1125 4458 1224 4516 nec
1264 4449 1429 4516 carne
1468 4448 1746 4512 premitur,
1779 4455 1838 4499 ut
1861 4446 1914 4498 in
1951 4446 2070 4516 ejus

479 4511 684 4570 luxuria
737 4514 1077 4585 dissolvatur.
1133 4511 1524 4569 Abstinentiain
1577 4531 1685 4569 non
1737 4517 1907 4580 timet,
1942 4511 2069 4585 quia

479 4588 592 4658 ipse
621 4588 744 4658 cibo
773 4600 878 4658 non
909 4584 1090 4658 utitur,
1120 4585 1210 4654 qui
1240 4586 1555 4641 necessitate
1577 4590 1817 4655 corporis
1845 4584 2066 4642 non'ur-

478 4655 649 4729 g'ctur.
689 4655 1126 4729 Distrihtitionem
1174 4661 1504 4729 terrenarum
1543 4673 1720 4712 rerum
1750 4673 1855 4713 non
1890 4660 2062 4722 timet,

479 4727 523 4784 si
557 4727 728 4785 eidem
758 4729 904 4797 operi
937 4727 1173 4782 charitas
1213 4727 1371 4794 desit,
1402 4730 1524 4797 quia
1547 4729 1856 4783 divitiarum
1886 4732 2066 4785 subsi-

477 4801 580 4872 diis
612 4816 708 4854 nec
749 4796 864 4869 ipse
891 4809 1010 4867 eget
1034 4798 1234 4870 (Greg.,
1276 4800 1347 4872 in_
1372 4796 1587 4863 Ezech.,
1633 4801 1770 4854 hom.
1808 4802 1861 4865 8,
1897 4819 1950 4856 η.
1983 4803 2062 4872 6).

549 4871 604 4926 2.
639 4872 804 4942 Valde
835 4884 1009 4942 autem
1042 4874 1095 4925 in
1121 4872 1274 4926 nobis
1303 4870 1619 4926 charitatem
1649 4883 1855 4938 veram,
1878 4873 1928 4925 id
1958 4870 2062 4942 est,

479 4955 715 4999 amorem
750 4941 1024 5005 humilem,
1059 4955 1215 5011 quem
1242 4943 1396 4998 nobis
1423 4943 1657 4997 vicissim
1683 4945 2062 5011 impendimus,

481 5017 650 5082 timet,
680 5019 732 5068 et
763 5013 918 5067 nimis
948 5015 1250 5069 concordiae
1282 5017 1480 5070 nostrae
1515 5015 1738 5079 invidet,
1772 5016 1894 5083 quia
1927 5019 2063 5072 hanc

479 5103 577 5141 nos
603 5098 846 5141 tenemus
886 5086 938 5157 in
973 5093 1134 5151 terra,
1166 5101 1325 5157 quam
1357 5088 1469 5156 ipse
1509 5091 1691 5140 tenere
1723 5087 1909 5140 nolens
1930 5090 2064 5143 arni-

478 5160 545 5212 sit
579 5161 628 5211 in
684 5158 843 5211 cmlo.
890 5156 1034 5210 Behe
1065 5156 1191 5226 ergo
1236 5172 1374 5212 nunc
1417 5157 1656 5212 dicitur:
1706 5158 1969 5212 Terribilis
2010 5170 2064 5214 ut

478 5237 758 5283 castrorum
781 5229 910 5281 acies
931 5228 1166 5281 ordinata
1195 5227 1371 5298 (Cant.
1402 5245 1477 5294 νι,
1507 5227 1587 5299 5).
1610 5228 1742 5296 Quia
1771 5229 2062 5288 electorum

411 5293 418 5352 Τ
478 5300 842 5355 multitudines
878 5316 943 5355 eo
989 5293 1210 5370 maligni
1238 5293 1903 5369 spiritus'pértiuiescunt,
1955 5317 2061 5371 quo

410 5409 412 5412 μ
478 5373 572 5426 eos
603 5388 695 5438 per
731 5371 1004 5426 charitalis
1051 5373 1394 5426 concordiam
1425 5375 1658 5427 munitos
1692 5383 1878 5428 contra
1922 5388 1981 5428 se
2009 5385 2063 5429 et

478 5443 826 5511 conglobatos
876 5445 1160 5512 aspicmnt.
1196 5443 1403 5510 Quanta
1430 5449 1606 5498 autem
1638 5447 1707 5498 sit
1755 5446 2062 5501 concordia:

480 5516 647 5569 virtus
670 5514 989 5579 ostenditur,
1023 5531 1144 5569 cum
1177 5529 1294 5569 sine
1327 5515 1415 5568 illa
1458 5516 1677 5585 reliqua:
1705 5516 1929 5572 virtutes
1952 5533 2056 5572 non

479 5601 596 5640 esse
619 5596 1002 5656 monstrantur.
1029 5588 1213 5654 Magna
1239 5587 1378 5639 enim
1402 5599 1484 5641 est
1504 5589 1670 5642 virtus
1693 5589 2054 5655 abstinentiae;

478 5659 569 5712 sed
601 5658 644 5711 si
671 5658 788 5726 quis
834 5656 905 5710 ita
936 5657 1004 5710 ab
1047 5659 1314 5712 alimentis
1343 5659 1572 5714 abstinet
1600 5700 1614 5725 ,
1654 5670 1708 5712 ut
1751 5669 1976 5714 czcteros
2002 5658 2058 5716 in

478 5729 596 5782 cibo
621 5727 901 5798 dijudicet,
935 5736 988 5781 et
1018 5729 1269 5783 alimenta
1299 5730 1486 5784 eadem
1514 5746 1632 5799 qua:
1679 5731 1816 5786 Deus
1855 5733 2059 5786 creavit

479 5799 547 5870 ad
581 5800 985 5868 percipiendum
1035 5813 1157 5854 cum
1199 5802 1491 5870 gratiarum
1543 5803 1755 5858 actione
1808 5800 2056 5859 ﬁdelibus

479 5868 638 5942 etiam
667 5871 904 5940 damnet,
933 5869 1057 5942 quid
1080 5868 1395 5926 buicvvirtus
1422 5871 1756 5928 abstinentiae
1788 5876 1924 5928 facta
1950 5882 2052 5942 est,

481 5940 580 5993 nisi
621 5941 841 6003 laqueus
871 5941 1074 6011 culpat?
1106 5943 1256 5999 Unde
1285 5957 1498 6020 quoque
1525 5945 1808 6002 Psalmista
1853 5940 2052 6002 nullam

2094 4601 2150 4699 ιὰ

2193 3297 2465 3352 vitiorum.
2497 3297 2644 3352 Tunc
2677 3299 2823 3352 enim
2857 3298 2980 3354 vitia
3013 3297 3243 3356 ﬁdeliter
3269 3317 3334 3356 ex
3366 3311 3582 3359 uectore
3607 3297 3786 3359 disce.

2194 3318 2465 3352 VlllUl‘Uﬂl.
2505 3318 2644 3352 tunc
2677 3318 2823 3352 enim
2857 3318 2980 3354 Vitta
3013 3318 3243 3356 uucllter
3269 3318 3334 3356 ex
3383 3318 3582 3358 )eCtut'e
3607 3318 3786 3359 disce.

2183 3366 2338 3430 dunt,
2382 3370 2427 3422 si
2463 3370 2746 3441 virtutibus
2775 3371 3002 3431 cedant;
3035 3372 3271 3441 alioquin
3298 3318 3381 3428 vei
3408 3373 3690 3429 subsidunt
3712 3375 3787 3431 ad

2185 3447 2395 3519 tempus
2424 3439 2618 3526 eject’a,
2653 3442 2733 3498 vel
2762 3442 3007 3526 redeuut,
3052 3439 3666 3526 nisi'virtqtes'inxlocis
3700 3447 3782 3502 vi-

2183 3510 2379 3589 tiorum
2407 3528 2532 3589 quae
2555 3510 3006 3589 lueruntdepulsa
3030 3516 3385 3589 successerint
3411 3510 3572 3586 (Viile
3601 3536 3780 3589 supra,

2181 3597 2229 3634 c.
2258 3581 2350 3657 βυ,
2380 3593 2426 3636 et
2455 3580 2650 3638 lsidori
2679 3583 2717 3637 ι.
2753 3599 2787 3638 ιι
2824 3585 2999 3649 Sent.,
3033 3600 3079 3638 c.
3111 3585 3222 3657 38).

2251 3652 2306 3707 4.
2339 3658 2673 3730 Quapropter
2703 3658 2873 3730 pietas
2903 3657 2955 3710 in
2989 3657 3142 3711 nobis
3181 3652 3485 3730 crudelitati
3537 3661 3779 3730 resistat,

2182 3724 2316 3780 iram
2361 3727 2613 3794 patientia
2643 3728 2863 3781 fundata
2912 3738 3182 3798 coerceat,
3217 3727 3471 3798 pudicitia
3502 3724 3780 3788 libidinem

2179 3798 2380 3861 vincat,
2414 3798 2816 3854 animositatem
2854 3797 3227 3868 tranquillitas
3261 3800 3431 3867 tollat,
3478 3799 3780 3858 verbosita-

2180 3877 2289 3923 tetn
2314 3869 2652 3923 taciturnitas
2682 3871 2956 3923 moderata
3001 3881 3327 3939 compescat,
3362 3869 3632 3939 desideria
3661 3890 3781 3929 car-

2177 3940 2316 4016 italia
2367 3941 2653 4016 delectatio
2705 3942 2999 4016 spiritualis
3054 3937 3393 4016 imminuat,
3431 3937 3780 4016 abstinentiae

2176 4011 2322 4076 rigor
2379 4012 2596 4066 aculeos
2647 4014 2827 4066 carnis
2873 4013 3156 4078 obtundat,
3201 4011 3496 4071 curiositati
3541 4017 3778 4074 studium

2174 4082 2453 4148 spirituale
2484 4083 2762 4147 succedat,
2806 4083 3083 4138 sobrietati
3128 4085 3285 4140 cedat
3313 4087 3566 4153 ebrietas,
3617 4104 3777 4142 nian-

2175 4153 2452 4207 suetudiui
2499 4155 2815 4208 succumbat
2845 4156 3178 4222 immanitas,
3227 4157 3538 4213 dominetur
3568 4160 3776 4215 levitati

2174 4225 2478 4278 maturitas.
2505 4224 2601 4278 Dei
2631 4228 2934 4297 etproximi
2958 4229 3221 4283 cbaritate
3246 4240 3550 4297 crescente,
3576 4245 3776 4286 consu-

2175 4305 2350 4373 matur
2375 4297 2559 4373 mundi
2585 4295 2883 4373 cupiditas;
2916 4298 3167 4373 excludat
3197 4299 3430 4369 parcitas
3450 4295 3586 4373 gula:
3619 4301 3774 4357 luxu-

2176 4367 2344 4440 riam,
2376 4367 2605 4438 castiget
2647 4367 2929 4425 industria:
2973 4370 3145 4431 virtus
3187 4367 3478 4440 ignaviam;
3512 4373 3776 4439 reprimat

2175 4437 2449 4512 humilitas
2481 4437 2603 4494 vera
2633 4441 2954 4509 profundam
2980 4437 3315 4509 jactantiam,
3364 4441 3527 4511 pellat
3555 4437 3771 4512 simpli-

2172 4508 2306 4564 citas
2349 4526 2478 4576 pura
2506 4508 2836 4580 superbiam,
2873 4508 2992 4567 non
3024 4513 3284 4577 impediat
3327 4508 3559 4568 varietas
3590 4508 3772 4570 fucata

2173 4582 2552 4646 constantiam,
2570 4577 2967 4639 emendatiores
2987 4581 3595 4653 augeantdiscipliuam;
3620 4581 3774 4640 fran-

2173 4662 2262 4722 gat
2309 4656 2650 4708 clementiam
2681 4656 2931 4724 religiosa
2967 4655 3205 4720 saevitia;
3237 4667 3291 4710 et
3321 4657 3562 4712 funditus
3589 4657 3771 4712 eradi-

2171 4736 2258 4778 cet
2301 4726 2513 4780 bonitas
2539 4727 2799 4796 acquisita
2833 4727 3113 4791 malitiam,
3149 4737 3204 4781 ut
3248 4727 3565 4796 expulsione
3604 4731 3767 4784 vitio-

2170 4811 2289 4850 rum
2319 4798 2622 4852 celebretur
2652 4798 2978 4852 introductio
3007 4799 3241 4868 gloriosa
3274 4802 3556 4854 virtutum.

2241 4870 2295 4923 5.
2345 4873 2413 4922 At
2465 4877 2736 4938 utcunque
2781 4869 2891 4938 jam
2943 4871 3111 4936 patuit
3157 4869 3385 4939 qualiter
3435 4870 3767 4940 intelligatur

2210 4940 2312 5012 und
2341 4941 2614 5012 Scriptura
2645 4942 2773 4995 dicit
2805 4959 2818 4994 :
2853 4941 3068 4995 Initium
3092 4943 3255 4994 ornats
3285 4942 3483 5010 peccati
3519 4943 3767 5012 superbia

2210 4955 2312 4992 una
2341 4955 2614 5008 acriptura
2645 4955 2773 4995 uicu
2805 4959 2818 4994 :
2853 4955 3068 4995 initium
3092 4957 3255 4994 omnis
3285 4955 3483 5010 peccatt
3519 4955 3765 5012 superata

2168 4955 2383 5082 ?Eccli.
2420 5027 2471 5076 χ,
2510 5011 2645 5080 15),
2680 5013 2766 5066 hic
2816 5013 2976 5067 etiam
3030 5013 3302 5066 videamus
3353 5013 3498 5082 quod
3547 5023 3765 5068 sanctus

2166 5085 2460 5154 Apostolus
2487 5085 2656 5138 dicit:
2692 5084 2866 5138 Radix
2891 5085 3117 5138 omnium
3160 5085 3413 5138 malorum
3452 5094 3524 5137 est
3555 5085 3764 5154 cupidi-

2166 5163 2244 5208 tas
2279 5153 2331 5225 tl
2363 5153 2499 5208 Tim.
2525 5170 2596 5219 νι,
2634 5155 2744 5226 10).
2773 5155 2909 5211 Cum
2950 5166 3169 5210 sanctus
3200 5157 3456 5222 Spiritus,
3489 5155 3582 5224 qui
3605 5153 3764 5210 locu-

2167 5235 2252 5281 tus
2283 5236 2367 5281 est
2415 5241 2508 5296 per
2539 5235 2879 5295 prophetam,
2917 5243 3012 5296 per
3043 5227 3360 5295 ApOStulum
3386 5231 3601 5295 quoque
3647 5229 3765 5295 ipse

2165 5298 2376 5352 locutus
2404 5309 2495 5365 sit,
2525 5313 2595 5353 ne
2622 5300 2723 5354 sibi
2752 5301 2922 5367 possit
2942 5314 3061 5354 esse
3082 5299 3351 5365 diversus,
3382 5298 3615 5352 sollicite
3631 5312 3765 5354 con-

2163 5371 2407 5424 siderare
2451 5371 2712 5426 debemus
2760 5386 2926 5439 quare
2961 5371 3053 5426 ille
3097 5370 3302 5424 initium
3342 5371 3520 5424 omnis
3551 5370 3761 5438 peceati

2163 5443 2474 5512 superbiam,
2509 5441 2596 5496 hic
2634 5445 2876 5496 omnium
2929 5443 3192 5496 malorum
3219 5442 3558 5509 cupiditatem
3585 5442 3761 5512 natui-

2163 5505 2294 5568 na're
2323 5505 2572 5568 voluerit.
2604 5515 2685 5567 An
2707 5516 2845 5569 forte
2872 5529 3178 5569 sermonem
3212 5505 3586 5583 propheticum
3616 5505 3757 5567 l’au-

2162 5583 2244 5638 lus
2271 5590 2569 5655 apostolus,
2606 5596 2660 5638 ut
2690 5588 2851 5650 solet,
2877 5584 3146 5653 exposuit,
3178 5583 3613 5654 quandoquidem
3639 5585 3754 5639 sive

2161 5655 2576 5734 initium_omnis
2622 5658 2850 5734 peccati,
2889 5661 3002 5710 sive
3045 5659 3282 5734 radicem
3331 5659 3596 5734 titulorum
3639 5669 3758 5734 uul-

2160 5730 2308 5781 nium
2339 5728 2508 5794 dicas,
2539 5743 2704 5781 unum
2733 5730 2983 5797 idemque
3027 5727 3316 5797 signilieas.
3349 5728 3518 5782 Porro
3548 5726 3754 5795 cupidi-

2162 5810 2263 5867 tas,
2297 5811 2458 5868 atque
2501 5801 2751 5869 superbia
2783 5801 2834 5854 in
2869 5809 3076 5854 tantum
3105 5814 3268 5854 unum
3313 5808 3400 5856 est
3443 5799 3666 5864 malum,
3696 5801 3754 5852 ut

2159 5881 2259 5950 nec
2282 5873 2532 5950 superbia
2572 5873 2690 5950 sine
2715 5872 3034 5950 cupiditate,
3065 5886 3164 5927 nec
3185 5871 3310 5950 siue
3331 5870 3594 5950 superbia
3628 5880 3755 5950 pos-

2157 5944 2230 5998 sit
2255 5946 2481 6012 cupidus
2510 5941 2759 6000 inveniri.
2787 5944 3061 6015 Siquidem
3082 5952 3139 6000 et
3166 5941 3434 6008 diabolus,
3458 5941 3511 5996 in
3532 5954 3643 6010 quo
3669 5945 3753 5996 te-
