4086 6350
407 378 545 441 1197

1291 375 1580 436 APPEND.
1623 379 1713 437 lx.
1755 411 1823 426 -
1861 367 2398 441 SENTENTIARUM
2440 369 2640 442 ttaEn
2678 383 2764 442 1v.

3541 391 3680 450 1198

391 477 498 583 ἰξςξς
517 491 760 583 Superbia
788 495 1162 583 principatum,
1185 499 1440 583 propriae.
1462 501 1740 583 potestatis
1766 516 1829 555 ac
1861 517 1980 570 per-
2011 502 2060 560 A
2090 500 2604 583 tiisohjurgatiaut
2633 503 2898 583 rebellant
2943 502 3386 583 insolenter,_aut
3427 501 3675 583 iii‘nrmu-

405 571 622 627 ditionis
647 567 891 626 humana:
932 568 1155 637 cupidus
1183 567 1298 622 fuit.
1333 569 1398 622 Et
1427 567 1541 636 ipse
1574 571 1734 624 homo
1763 567 1980 640 per—ap-

405 645 627 711 petitum
679 641 886 696 arboris
927 641 1223 711 interdicta:
1255 655 1316 695 ac
1365 640 1559 696 divina:
1609 643 1980 699 similitudinis

324 737 332 744 ·
401 709 795 770 alienationem
818 712 1006 766 morbo
1033 728 1092 766 se
1113 709 1363 766 affectum
1383 713 1690 780 cupiditatis
1718 715 1978 770 ostendit.

402 785 478 842 De
505 785 752 854 superbia
785 799 1013 852 namque
1043 790 1333 838 nascuntur
1381 785 1634 854 haereses,
1663 785 1976 852 schismata,

333 880 336 884 ’
401 857 780 929 detractiones,
810 854 1028 929 invidia,
1081 854 1709 929 verbositas,_jactantia,
1750 867 1978 913 conten-

403 930 598 1010 tiones,
648 927 1041 1010 animositates,
1074 925 1316 1010 ambitio,
1355 927 1553 1010 elatio,
1611 925 1975 1010 prtesumptio,

401 1002 633 1060 vanitas,
675 997 1007 1068 inquietudo,
1040 999 1398 1063 mendacium,
1428 997 1745 1069 periurium,
1785 997 1979 1056 eteae-

403 1081 512 1128 tera
547 1071 869 1136 huiusmodi.

471 1143 522 1198 6.
556 1139 659 1198 Sed
688 1141 802 1196 hzec
833 1141 949 1211 quis
971 1142 1176 1214 dubitet
1205 1158 1268 1198 ex
1301 1141 1592 1212 cupiditate
1613 1158 1824 1214 quoque
1855 1158 1977 1214 pro-

398 1214 610 1278 cedere,
638 1229 758 1268 cum
793 1229 983 1269 Omnes
1013 1213 1103 1285 qui
1135 1213 1333 1269 fuerint
1368 1214 1472 1269 illis
1495 1213 1747 1284 omnibus
1775 1213 1977 1271 morbis

399 1301 532 1355 quos
561 1285 831 1356 nominavi
858 1285 1092 1356 corrupti
1127 1285 1424 1356 habeantur
1451 1294 1504 1339 et
1532 1285 1747 1355 cupidi?
1780 1286 1976 1341 lterum

398 1372 516 1412 cum
544 1358 779 1428 gulosus,
811 1355 1248 1428 intemperantes,
1278 1355 1551 1421 ebriosos,
1577 1357 1785 1424 avidos,
1817 1373 1975 1428 rapa-

397 1443 506 1492 ces,
535 1427 693 1499 283
735 1427 1073 1499 fornicarios,
1108 1427 1406 1499 adulteros,
1440 1438 1795 1497 stupratores,
1827 1429 1975 1486 ince-

396 1498 874 1568 stns,”llagitiosos
917 1499 1181 1568 cupiditas
1214 1498 1437 1566 reddat,
1487 1499 1700 1569 quando
1751 1511 1975 1568 possunt

395 1571 511 1624 sine
557 1571 804 1638 superbia
848 1571 981 1625 tales
1013 1569 1149 1636 fieri,
1178 1571 1294 1626 sine
1323 1587 1424 1639 qua
1468 1571 1686 1624 omnino
1715 1587 1820 1625 non
1850 1586 1975 1638 pos-

396 1652 522 1696 sunt
554 1640 645 1697 Dei
675 1643 938 1710 prrec'epta
968 1641 1261 1710 contemni,
1287 1641 1480 1710 quibus
1501 1642 1852 1711 prohibentur
1881 1642 1973 1697 illa

396 1715 569 1767 omnia
601 1711 733 1766 mala
775 1728 893 1781 quae
923 1712 1170 1782 superius
1221 1712 1644 1780 comprehendi?
1672 1711 1902 1784 Ideoque
1927 1713 1973 1768 si

397 1787 638 1839 volumus
661 1799 1040 1838 consummare
1067 1786 1236 1839 nostri
1267 1784 1576 1839 certaminis
1604 1799 1844 1849 cursum,
1877 1800 1968 1840 ca-

2086 581 2230 646 rant;
2262 574 2329 646 de
2357 573 2767 646 loco‘superiori
2798 573 3118 646 disCeptant,
3151 573 3390 643 przeferri
3428 597 3487 636 se
3510 579 3675 640 etiam

2085 645 2397 724 melioribus
2428 645 2770 724 impudenter
2810 645 3082 724 aﬁ‘ectant.
3115 647 3519 714 Simplicitatem
3544 653 3674 724 Aspi-

2083 715 2353 796 ritualiuin
2423 707 2647 796 fratrum
2703 719 3071 796 imprudenter
3133 707 3476 796 exaggerant.
3510 707 3674 796 ﬁguras

2081 787 2378 860 sententias
2410 791 2710 858 procaciter
2728 789 2954 860 jactant.
2988 787 3262 860 Obseqnia
3280 787 3477 847 'delata
3524 789 3674 852 fasti-

2082 856 2262 926 diunt;
2295 856 2500 934 negata
2527 856 2868 934 pertinaciter
2895 856 3162 934 quaerunt,
3190 863 3394 934 natales
3424 867 3668 923 moribus

2083 940 2433 1008 anteponunt.
2476 929 2725 988 Juniores
2758 929 3034 1008 suus‘elati
3068 933 3390 1008 (Les‘piciunt,
3421 935 3674 994 Conferri

2082 999 2183 1072 sibi
2217 1003 2420 1070 aliquos
2453 1017 2610 1071 posse
2641 1019 2747 1058 non
2775 1003 3022 1059 credunt.
3057 999 3287 1072 Eqitari
3327 1021 3386 1062 se
3431 1009 3674 1064 moribus

2081 1065 2153 1145 [Β
2157 1081 2286 1138 orte,
2307 1065 2634 1145 minoribus]
2674 1073 2964 1145 dedignati,
2999 1065 3161 1144 Super
3189 1091 3281 1131 eos
3311 1091 3369 1131 se
3415 1079 3530 1132 solo
3561 1081 3677 1135 ani-

2081 1141 2154 1194 mi
2182 1153 2387 1218 tumore
2414 1141 2768 1218 constituunt.
2800 1143 2918 1200 Non
2948 1141 3167 1218 serv-unt
3192 1145 3250 1218 in
3295 1147 3553 1217 obsequio
3585 1149 3676 1206 re-

2080 1215 2397 1288 verentiam,
2428 1215 2482 1288 ii]
2515 1232 2765 1272 sermone
2810 1216 3153 1283 modestiam,
3190 1215 3244 1288 in
3288 1215 3524 1276 moribus
3573 1221 3681 1276 dis-

2080 1283 2354 1366 ciplinam.
2384 1275 2400 1366 '_
2427 1275 2637 1366 Habent
2699 1289 2753 1344 in
2815 1288 3112 1366 intentione
3142 1275 3152 1283 ’
3185 1275 3553 1366 pertinaciam,
3584 1275 3589 1276 ί
3618 1275 3677 1366 in

2078 1355 2576 1434 cordeduritiain,
2627 1361 2676 1414 in
2723 1355 3196 1434 sermocinatione
3224 1355 3571 1434 iactantiam;
3621 1363 3679 1418 in

2081 1423 2379 1508 humilitate
2423 1421 2658 1508 failaees,
2697 1434 2750 1508 in
2780 1427 3050 1508 locutione
3101 1421 3518 1508 inordaces_,_lin
3547 1421 3673 1489 edio

2082 1499 2378 1570 pertinaces
2410 1499 2756 1572 subiectionis
2797 1503 3158 1572 impatientes,
3190 1499 3444 1570 potentiae
3494 1501 3676 1564 Secta-

2081 1577 2256 1644 tores,
2304 1570 2554 1644 omnibus
2619 1572 2774 1644 bonis
2822 1573 3068 1644 odibiies.
3103 1570 3216 1644 ,Ad
3283 1589 3418 1644 opus
3477 1576 3676 1632 bonum

2080 1633 2338 1714 pigri,'a_d’
2363 1642 2793 1714 communionem
2825 1643 2946 1711 feri,
2978 1645 3042 1702 ad
3070 1633 3388 1714 obsequium
3440 1643 3583 1711 duri,
3607 1649 3677 1702 ad

2077 1708 2399 1787 loquendum
2419 1713 2559 1787 quod
2584 1717 2828 1787 nesciunt
2849 1708 3104 1787 prompti,
3121 1713 3197 1770 ad
3218 1708 3674 1787 supplantandum

2080 1783 2272 1856 parati,
2290 1784 2364 1856 ad
2387 1786 2561 1856 omnia
2587 1785 2778 1852 quibus
2797 1782 3041 1842 subsistit
3071 1782 3302 1841 fraterna
3323 1782 3560 1845 societas
3595 1791 3678 1844 in-

395 1872 624 1933 veamus
643 1856 904 1933 imprimis
932 1854 1488 1933 cupiditatem,_atque
1514 1855 1838 1933 superbiam,
1864 1872 1968 1910 non
2005 1873 2054 1933 Β
2083 1850 2323 1933 humani,
2379 1850 2648 1933 temerarii
2699 1859 2751 1933 in
2797 1856 3065 1933 audiendo
3089 1899 3104 1919 ,
3122 1928 3134 1933 _
3154 1862 3566 1933 prmsumptuosi
3595 1861 3674 1933 fin

392 1927 497 1981 dno
527 1918 800 1996 mala,_sed
825 1918 1018 1994 unum,
1041 1943 1070 1981 a
1097 1943 1202 1996 quo
1229 1918 1448 1981 trahunt
1468 1918 1658 1980 omnes
1682 1918 1975 1982 maliactus

393 1997 622 2072 initium.
657 1993 788 2052 Nam
820 1999 939 2054 sine
965 1993 1216 2072 superbia
1262 2012 1380 2072 quae
1403 2007 1632 2072 possunt
1673 1998 1862 2072 saltem
1895 1999 1977 2072 inf

391 2069 575 2124 choari
625 2079 863 2138 peccata,
897 2084 1019 2124 cum
1051 2070 1247 2123 dicitur
1278 2085 1290 2123 :
1327 2066 1543 2122 Initium
1572 2070 1736 2139 omnis
1780 2070 1978 2139 peccati

393 2140 633 2211 superbia
648 2142 684 2211 ?7
714 2141 819 2195 Aut
847 2145 963 2194 sine
990 2139 1282 2209 cupiditate
1309 2154 1426 2208 quae
1473 2149 1555 2211 est
1585 2138 1825 2194 omnium
1859 2158 1975 2194 ma-

392 2209 566 2267 lorum
599 2210 768 2276 radix,
799 2227 915 2280 quia
947 2220 1170 2280 possmit
1211 2211 1324 2265 lieri
1374 2209 1538 2275 mala,
1570 2225 1691 2264 cum
1738 2212 1858 2266 sine
1893 2227 1977 2264 ra-

392 2281 511 2338 dice
537 2283 714 2337 omnia
744 2293 835 2336 aut
852 2280 992 2336 nulla
1023 2291 1356 2351 repntentur,
1381 2289 1474 2335 aut
1494 2281 1730 2337 mortua?
1749 2280 1974 2348 Deinde,

395 2355 441 2409 si
470 2353 746 2432 quodlibet
779 2365 1053 2432 peccatum
1098 2363 1406 2432 perpetrare
1449 2367 1556 2432 non
1587 2368 1841 2432 possnm,
1875 2354 1978 2410 nisi

391 2421 526 2481 uteie
575 2425 914 2496 delectationi
954 2424 1310 2488 consentiam,
1364 2422 1504 2492 quod
1556 2421 1865 2496 cupiditatis
1896 2431 1993 2480 est'

393 2497 698 2567 proprium,
723 2506 774 2550 et
819 2494 914 2550 Dei
957 2504 1223 2566 praecepta
1250 2507 1633 2567 contemnam,
1655 2494 1795 2567 quod
1820 2507 1903 2552 est
1934 2500 1974 2564 ‘,

390 2563 455 2622 ex
486 2563 760 2636 superbia,
791 2582 907 2635 quae
934 2563 1152 2622 initium
1169 2565 1343 2622 omnis
1371 2564 1575 2634 peccati
1604 2563 1816 2636 dicitur,
1854 2563 1977 2637 pro-

389 2639 530 2692 cedit
557 2653 716 2692 omne
747 2648 1041 2706 peccatum.

465 2711 516 2763 7.
549 2701 786 2775 Invidus,
816 2709 903 2775 qui
941 2709 1171 2763 alienum
1219 2707 1416 2764 bonum
1459 2711 1615 2764 suum
1661 2701 1809 2774 facit,
1841 2710 1978 2764 invi-

393 2778 569 2836 dendo
622 2781 1023 2849 supplicium",
1069 2779 1214 2834 nulla
1271 2779 1482 2834 videtur
1515 2781 1582 2836 ad
1629 2781 1975 2837 invidendum

391 2851 818 2922 concupiSCentia
845 2851 1144 2921 provocari,
1176 2855 1270 2922 sed
1302 2861 1504 2906 tantum
1530 2853 1800 2922 superbiae
1831 2868 1976 2908 mor-

390 2919 461 3000 bo
497 2925 700 3000 vexari.
747 2919 858 2978 Sed
897 2923 943 2977 si
991 2922 1154 3000 animi
1206 2921 1322 3000 ejus
1367 2919 1612 3000 pestem,
1642 2925 1978 3000 quapraici-

391 2996 590 3069 pilatur
634 2995 904 3057 incensus,
936 2992 1202 3069 subtiliter
1220 2992 1464 3069 _'alteque_
1492 2992 1804 3069 rimamini,
1828 2995 1975 3069 inve-

393 3063 552 3121 nietis
574 3081 692 3121 eum
721 3075 777 3119 et
820 3063 1134 3134 perditionis
1184 3063 1303 3135 ejus
1347 3063 1620 3132 cupidum,
1647 3065 1800 3136 cujus
1829 3068 1977 3136 cupit

393 3137 698 3203 interitum,
727 3145 780 3192 et
819 3136 1084 3204 superbia:
1109 3139 1251 3190 malo
1280 3136 1475 3201 teneri,
1504 3152 1610 3206 quo
1639 3136 1740 3193 sibi
1781 3139 1978 3206 jngiter

390 3207 693 3278 ingemiscit
731 3208 1008 3262 meliorem
1037 3209 1122 3278 cui
1154 3206 1390 3262 invideat
1425 3205 1701 3264 anteferri.
1735 3205 1864 3276 Quis
1894 3209 1974 3264 fa-

388 3277 493 3335 cile
523 3279 718 3349 petest
757 3279 914 3347 quale
944 3278 1013 3332 sit
1063 3277 1162 3349 hoc
1211 3280 1408 3332 malum
1440 3279 1618 3344 verbis
1646 3280 1969 3349 exprimere,

389 3347 783 3420 quod—invidus
805 3349 930 3403 odio
958 3348 1188 3403 hominis
1213 3350 1556 3420 persequitur
1576 3347 1814 3406 divinum
1843 3347 1974 3408 mu?-

389 3419 490 3475 ntts
542 3420 595 3475 in
644 3419 892 3485 homine,
944 3435 1065 3472 cum
1119 3419 1292 3488 potius
1343 3419 1509 3472 amari
1562 3421 1725 3476 homo
1781 3421 1975 3480 debeat

386 3492 548 3546 etiam
583 3506 678 3560 pro
709 3489 792 3544 sui
831 3489 1008 3544 meriti
1049 3489 1366 3544 sanctitate?
1389 3489 1591 3560 Tantos
1632 3491 1841 3547 invides
1878 3493 1972 3550 lia-

388 3564 476 3634 bet
495 3559 639 3634 jus’ta
673 3566 831 3634 poena
854 3568 1117 3634 tortores,
1137 3569 1367 3634 quantos
1400 3559 1692 3634 invidiosus
1724 3564 1970 3620 habuerit

388 3630 718 3689 laudatores.
777 3630 1056 3700 Siquidem
1107 3632 1425 3686 invidiosum
1482 3633 1605 3687 facit
1654 3633 1968 3690 excellentia

389 3704 592 3773 meriti,
640 3704 876 3758 invidum
930 3718 1080 3771 paena
1134 3703 1359 3773 peccati.
1415 3700 1522 3756 Nec
1558 3703 1607 3758 ei
1648 3707 1714 3759 ab
1754 3705 1970 3763 homine

425 3772 838 3832 etest’adhiberi
864 3775 1180 3843 remedium,
1205 3772 1356 3843 cujus
1378 3785 1462 3827 est
1489 3775 1681 3830 vulnus
1697 3779 1968 3832 occultum

425 3792 567 3832 etest
595 3792 838 3831 aontoen
864 3792 1180 3840 remedium,
1205 3792 1356 3843 cujus
1378 3792 1462 3827 est
1489 3792 1681 3830 vumus
1697 3792 1739 3832 Ol

388 3792 724 3918 fVides-upra
749 3863 794 3900 c.
825 3845 916 3913 ‘24,
948 3856 994 3918 et
1018 3839 1174 3910 Isid.,
1201 3860 1255 3900 tn
1285 3843 1456 3918 Sent.,
1487 3861 1604 3918 cup.
1628 3846 1739 3915 ‘25).

457 3917 510 3972 8.
545 3915 662 3973 Jatn
707 3917 1160 3972 nuncvideamus
1203 3917 1395 3983 quibus
1435 3915 1646 3971 indiciis
1676 3918 1842 3986 possit
1880 3933 1968 3974 su-

425 3991 572 4044 erbia
612 3988 960 4058 deprehendi,
996 3998 1053 4042 ut
1101 3989 1237 4042 sicut
1283 3988 1334 4040 in
1378 3988 1744 4056 superioribus
1774 3991 1967 4046 claruit

425 4005 572 4044 eruta
612 4005 960 4058 uepreuenm,
996 4005 1053 4042 ut
1101 4005 1237 4042 sicut
1283 4005 1334 4040 Ill
1378 4005 1744 4056 superioribus
1774 4005 1966 4046 etaruit

387 4005 549 4130 {Vide
578 4061 665 4114 lib.
693 4075 751 4114 tn
775 4058 1114 4130 Sent.,c.‘23)
1138 4059 1341 4113 nullum
1367 4069 1644 4126 peccatum
1672 4074 1827 4129 posse
1850 4061 1966 4118 sine

386 4129 474 4187 illa
505 4131 790 4197 committi,
821 4131 891 4185 ita
923 4129 1009 4185 hic
1036 4132 1187 4201 signa
1217 4130 1332 4200 ejus
1359 4131 1622 4197 eluceaut,
1656 4131 1848 4200 quibus
1877 4149 1966 4188 ca-

386 4203 553 4274 venda
587 4202 767 4274 possit
791 4201 1022 4256 ostendi.
1073 4200 1270 4274 Omitto
1321 4201 1441 4256 illos
1473 4216 1604 4274 quos
1647 4202 1807 4257 etiam
1852 4203 1966 4272 ipse

385 4271 601 4329 habitus
658 4273 710 4328 et
757 4271 998 4327 incessus
1049 4271 1309 4338 superbos
1362 4271 1670 4327 ostendunt.
1729 4271 1962 4340 Quorum

385 4356 564 4400 erecta
594 4346 798 4408 Cervix,
850 4345 1012 4398 facies
1063 4355 1234 4409 torVa,
1275 4352 1448 4398 truces
1496 4343 1655 4408 oculi,
1684 4353 1739 4398 et
1785 4359 1964 4400 sermo

387 4415 637 4470 terribilis
683 4415 882 4468 nudam
927 4413 1231 4481 superbiam
1275 4414 1546 4468 damnant.
1582 4413 1703 4480 Qui,
1740 4414 1964 4472 libidine

384 4485 694 4542 dominandi
729 4485 979 4554 possessi,
1014 4500 1145 4551 quos
1179 4494 1399 4551 possunt
1429 4485 1690 4539 violenter
1718 4486 1817 4541 Sibi
1841 4487 1964 4542 sub-

384 4559 594 4628 jiciunt,
636 4556 864 4608 humana
915 4554 1197 4628 divinaque
1237 4555 1355 4622 jura
1404 4555 1758 4628 confundunt,
1794 4559 1960 4612 hono-

352 4625 534 4692 ,ribUS
592 4629 972 4682 intumescunt.
1033 4625 1235 4679 Passim
1287 4637 1477 4680 cuncta
1526 4625 1803 4694 diripiunt,
1847 4631 1957 4684 suis

385 4699 699 4754 criminibus
742 4695 1016 4770 gatideiit,_
1045 4707 1098 4750 et
1146 4697 1352 4768 seipsos
1399 4696 1667 4770 superbiae
1721 4701 1954 4770 corrupti

386 4735 699 4754 ι.........υυ.ο
778 4735 972 4750 ...ων-η
1045 4735 1098 4750 υ.
1146 4735 1352 4752 sane...
1399 4735 1460 4751 υ..
1502 4735 1667 4753 cum...
1721 4735 1878 4755 υυη..
1943 4735 1954 4755 .

386 4773 575 4827 morbo
599 4771 703 4825 nOn
719 4735 953 4836 etapium.
974 4735 1082 4821 hos
1105 4735 1242 4838 ergol
1261 4735 1544 4842 praetereo,
1568 4769 1620 4823 in
1643 4765 1836 4842 quibus
1863 4735 1955 4828 Sit:-

387 4841 567 4913 per'hia
618 4852 724 4895 tam
770 4848 954 4913 aperte
984 4848 1190 4908 regnat,
1235 4851 1287 4892 ut
1322 4855 1427 4913 nec
1455 4839 1739 4910 dignentur
1765 4859 1823 4898 se
1863 4859 1956 4898 oc-

386 4911 611 4977 culture,
644 4927 742 4967 nec
787 4911 1015 4982 valeant.
1048 4912 1173 4965 Illos
1205 4911 1557 4982 perdolendos
1595 4914 1841 4982 ostendo,
1871 4923 1955 4968 at-

388 4988 491 5053 Que
534 4997 719 5038 eorum
768 4981 1012 5056 exempla
1053 4981 1289 5056 cavenda
1317 4982 1625 5056 Δ(Ιςξιιυιιιίο,
1668 5002 1802 5056 unus
1828 4981 1957 5056 jam

387 5045 696 5120 conversos,
726 5061 778 5108 et
798 5045 1551 5123 aliquantoiumipruﬁcientes
1589 5045 1958 5122 superbia'oc-

385 5126 530 5181 culte
555 5125 806 5194 captiVat,
835 5121 968 5190 quos
991 5123 1040 5176 in
1075 5121 1395 5190 profundum
1441 5121 1704 5178 malorum
1735 5123 1956 5182 fraudu-

391 5197 532 5252 lenta
571 5197 913 5250 damnatione
959 5194 1392 5268 pi~aecipitat,_net
1438 5210 1504 5268 ne
1553 5195 1676 5268 inde
1728 5211 1957 5268 unquam

389 5267 594 5338 possint
641 5281 937 5338 cmergere,
978 5264 1175 5338 jugiter
1213 5264 1415 5338 caleat.
1457 5263 1570 5338 Ipsa
1612 5267 1664 5320 in
1707 5263 1957 5324 cordibus

387 5331 570 5393 talium
604 5339 776 5393 locum
797 5331 1017 5390 diabolo
1035 5331 1181 5389 facit.
1211 5331 1326 5404 Ipsa
1370 5335 1419 5389 ei
1451 5331 1754 5392 advenienti
1783 5339 1956 5394 muni-

388 5421 496 5466 tum
541 5421 722 5479 pectus
752 5408 1076 5462 familiariter
1097 5406 1306 5479 pandit.
1340 5404 1458 5479 ipsa
1487 5408 1843 5465 introeuntem
1868 5426 1954 5465 su-

383 5477 558 5552 scipit.
599 5481 712 5552 Ipsa
739 5479 909 5550 captis
933 5480 1022 5546 jus
1045 5477 1249 5545 perdite
1275 5478 1483 5552 vivendi
1510 5482 1805 5552 consumit.
1838 5483 1954 5550 Ipsa

384 5549 634 5608 omnibus
665 5551 820 5605 bouis
850 5559 1110 5616 exarmat,
1143 5564 1274 5617 quos
1306 5550 1473 5603 semel
1514 5549 1788 5605 invaserit.
1840 5553 1954 5619 Ipsa

385 5623 641 5694 quidquid
682 5623 734 5674 in
768 5621 843 5694 eis
869 5621 1182 5694 remanserit
1210 5622 1351 5694 quod
1398 5620 1538 5694 vitiis
1557 5622 1735 5694 possit
1764 5623 1951 5687 obniti,

387 5690 456 5749 ne
485 5690 669 5748 contra
701 5707 760 5747 se
788 5692 923 5747 forte
947 5690 1304 5757 convalescat,
1338 5691 1615 5746 interimit.

458 5767 511 5821 9.
547 5765 672 5818 lude
699 5761 842 5818 enim
866 5773 946 5818 est
968 5771 1024 5818 ut
1047 5761 1100 5816 hi
1133 5777 1266 5831 quos
1294 5762 1539 5831 superbae
1581 5763 1774 5819 mentis
1805 5765 1954 5821 tabes

390 5837 669 5906 purulenta
697 5834 1014 5906 corrumpit,
1039 5837 1324 5906 seniorum
1363 5849 1580 5890 suorum
1624 5852 1730 5892 non
1767 5836 1952 5891 obser-

392 5904 517 5965 πω
546 5908 791 5980 imperia,
821 5904 1196 5980 sed'judicaut.
1225 5905 1305 5964 De
1327 5905 1441 5965 suis
1473 5906 1640 5980 284
1676 5907 1947 5980 negligen-

1998 3242 2046 3305 C

1983 4593 2039 4674 Ῑ)

2081 1922 2341 2001 ducendo,
2375 1925 2598 2001 clamosi
2621 1928 2672 1981 in
2695 1928 2988 2001 loquendo,
3015 1922 3278 1984 fastidiosi
3302 1929 3356 1984 in
3379 1922 3671 2001 audiendo,

2081 1993 2667 2071 effrenatideforiniter
2682 1999 2748 2071 in
2773 1993 3062 2071 cachinno,
3089 2003 3302 2071 onerosi
3345 2002 3554 2071 amitis,
3587 1993 3675 2059 in;

2081 2061 2203 2142 feSti
2257 2067 2693 2142 quietis,ingrati
2740 2061 3248 2136 beneﬁciis,'intlati
3297 2061 3592 2142 obsequiis,
3621 2085 3676 2130 et

2084 2136 2357 2212 imperiosi
2392 2137 2668 2207 subjectis.
2800 2211 2805 2212 ν
3315 2203 3320 2210 ,
3448 2136 3460 2142 ’

2157 2207 2240 2262 it).
2276 2209 2553 2288 iLwC‘SUIlt
2597 2211 2860 2288 superbiae
2903 2213 3206 2288 grassantis
3227 2207 3446 2288 indicia,
3481 2209 3674 2288 quibus

2082 2275 2225 2353 Deus
2253 2269 2562 2353 o_li‘enditur,
2593 2269 3001 2353 et'recedit,"ac
3029 2269 3260 2353 superba
3302 2269 3466 2340 corda
3485 2269 3676 2344 ‘dééiil

2083 2349 2200 2404 tuit.
2251 2351 2343 2406 llis
2368 2351 2524 2406 malis
2555 2351 2799 2408 diabolus
2832 2349 3014 2423 pastus
3043 2349 3296 2420 exsultat,
3329 2366 3383 2412 et
3416 2358 3675 2414 invitatur

2082 2429 2138 2500 ut
2166 2424 2359 2500 veniat.
2394 2423 2666 2500 superbas
2711 2433 2918 2500 mentes
2967 2426 3129 2500 i_nt_rat
3170 2433 3226 2480 ut
3277 2435 3478 2500 teneant,
3513 2431 3676 2500 erigit

2084 2499 2139 2566 ut
2168 2493 2367 2566 elidat,
2408 2494 2548 2548 fovet
2595 2505 2653 2550 ut
2709 2497 2916 2566 perdat.
2964 2497 3065 2563 Qui
3119 2493 3573 2566 inexplicabiliter
3600 2493 3673 2556 de

2080 2562 2195 2640 ipsa
2244 2562 2938 2641 perditorumcaptivitate
2991 2562 3266 2641 tripudia,
3319 2579 3374 2622 ut
3409 2572 3670 2641 captivos

2079 2637 2229 2712 suos,
2264 2635 2400 2705 Quos
2429 2635 2694 2712 superbia:
2716 2637 2925 2712 juribus
2970 2635 3077 2693 sibi
3113 2637 3362 2712 sltbjecit,
3392 2635 3516 2712 jure
3548 2659 3670 2712 pos-

2081 2706 2366 2780 si_deat,__et
2387 2708 2566 2762 omnia
2598 2708 2687 2764 illa
2714 2706 2851 2765 mala
2876 2725 2994 2779 quae
3035 2706 3283 2780 superius
3316 2706 3673 2780 comprehen-

2081 2767 2130 2852 di
2155 2767 2268 2852 .per'
2288 2777 2410 2852 illos
2456 2788 2729 2834 exerceat.
2773 2767 2959 2838 Merito
3008 2767 3167 2850 igitur
3221 2796 3315 2852 per
3339 2767 3546 2852 jusiuin
3575 2767 3672 2841 Dei

2077 2846 2335 2918 judicium
2379 2849 2701 2907 deseruntur
2727 2846 3054 2922 hujnsmodi',
3085 2851 3296 2908 occulto
3340 2846 3673 2912 'mdamnati

2080 2920 2385 2979 Supplicio.
2445 2923 2699 2979 quoniam
2771 2939 2876 2978 non
2955 2923 3218 2979 violenter
3273 2869 3515 2979 addicti.
3573 2929 3671 2979 sed

2080 2920 2401 2994 Supplicio,
2445 2923 2699 2989 quoniam
2771 2920 2876 2978 non
2955 2923 3218 2979 violenter
3273 2920 3515 2994 addicti,
3573 2929 3671 2984 sed

2079 2999 2277 3059 sponte
2307 2993 2511 3052 cedunt.
2535 2995 2799 3063 Superbia:
2828 2993 3146 3064 decipientis
3173 2994 3423 3064 imperio,
3448 2993 3531 3064 cui
3563 3000 3669 3054 uti-

2079 3075 2192 3136 que
2223 3067 2450 3136 possint,
2481 3063 2529 3119 si
2557 3067 2844 3134 voluerint,
2877 3063 3176 3136 repugnare
3206 3063 3390 3126 libera:
3424 3065 3669 3136 volunta-

2083 3131 2150 3186 tis
2178 3131 2441 3206 arbitrio,
2470 3136 2696 3192 liberato
2745 3131 2838 3206 per
2884 3131 3082 3192 donum
3132 3138 3302 3194 sancti
3354 3135 3584 3206 Spiritus
3613 3152 3669 3197 et

2081 3206 2307 3279 littmllo.
2346 3203 2725 3279 Verumtamen
2746 3203 2918 3262 etiam
2949 3209 3082 3264 tales
3108 3208 3154 3261 si
3201 3208 3265 3263 ad
3301 3203 3665 3278 recipiendam

2078 3275 2306 3332 salutem
2351 3275 2606 3335 divinitus
2636 3277 2857 3336 animati
2899 3294 3050 3347 Spem
3082 3275 3430 3348 resipiscendi
3481 3285 3666 3338 conci-

2077 3347 2247 3426 piant,
2268 3364 2368 3404 nec
2382 3365 2447 3426 _se
2470 3351 2524 3406 in
2550 3352 2784 3420 peccatis
2799 3351 2916 3426 suis
2935 3347 3665 3426 desperandoContemnaut,

2073 3421 2331 3486 poterunt
2379 3421 2665 3477 fructuosa:
2711 3422 3094 3478 satisfactionis
3144 3422 3537 3480 medicamento
3581 3421 3669 3481 sa;

2076 3494 2212 3555 nari,
2244 3491 2296 3545 et
2344 3493 2678 3563 superbiam.
2708 3489 2828 3563 Quae
2868 3509 2961 3548 eos
2993 3509 3023 3546 a
3063 3489 3176 3547 Deo
3222 3508 3319 3547 suo
3351 3498 3668 3552 tumet‘actos

2074 3572 2414 3627 excusserat,
2455 3561 2690 3618 fundatae
2726 3561 3038 3618 humilitatis
3087 3565 3462 3632 assumptione
3491 3563 3665 3620 domi-

2073 3642 2288 3704 nantes,
2319 3634 2544 3687 vinculis
2574 3634 2936 3688 damnationis
2981 3632 3209 3689 absolvi.
3251 3635 3402 3704 Quod
3432 3636 3666 3704 qualiter

2072 3697 2186 3774 ﬁeri
2216 3697 2405 3771 possit,
2436 3719 2597 3771 supra
2631 3704 2742 3773 jam
2774 3705 3028 3769 diximus,
3060 3719 3183 3758 cum
3232 3697 3299 3760 de
3328 3697 3664 3774 ipsa-super-

2074 3771 2180 3846 bia,
2215 3774 2354 3828 unde
2385 3771 2727 3846 processerit,
2775 3792 2882 3846 quo
2927 3775 3258 3844 pervenerit,
3291 3771 3418 3846 quid
3469 3771 3658 3846 egerit,

2074 3843 2442 3900 tractaremus.
2473 3844 2606 3901 Nam
2637 3862 2668 3900 a
2700 3843 3224 3914 diabolo'processit,
3270 3843 3335 3900 ad
3382 3843 3657 3904 hominem

2069 3914 2297 3986 primum
2337 3919 2598 3986 pervenit,
2641 3930 2695 3975 et
2721 3917 2775 3972 in
2820 3918 2934 3986 ipso
2967 3927 3135 3972 totum
3166 3932 3336 3986 genus
3365 3917 3656 3975 humanum

2069 3985 2217 4059 velut
2243 3988 2297 4042 in
2337 3988 2514 4044 radice
2557 3985 2790 4044 fructum
2829 3985 3033 4044 natura:
3063 3985 3258 4059 Sponte
3281 3991 3552 4055 peccantis
3581 3992 3657 4046 νίν

2071 4055 2288 4113 tiatione
2308 4060 2565 4128 corrupit.

2142 4129 2229 4185 11.
2261 4130 2560 4205 Ordtripse
2591 4130 2799 4187 videtur
2833 4132 3048 4200 exigere
3083 4140 3146 4205 ut
3184 4134 3251 4186 de
3292 4129 3491 4187 invidia
3517 4149 3656 4205 quo-

2067 4213 2169 4266 que
2193 4216 2359 4273 pauca
2380 4201 2646 4273 dicamus,
2667 4217 2786 4273 quae
2809 4205 2860 4257 in
2891 4199 3092 4257 tantum
3115 4199 3183 4257 de
3210 4205 3475 4272 superbia:
3506 4199 3653 4262 fonte

2067 4272 2322 4343 manavit,
2352 4282 2410 4326 ut
2440 4272 2706 4341 diabolus,
2739 4274 2826 4342 qui
2859 4289 2950 4340 per
2976 4275 3282 4343 superbiam
3327 4275 3507 4342 periit,
3545 4276 3652 4332 ho-

2066 4341 2264 4415 minem
2313 4344 2540 4415 primum
2576 4341 2765 4415 statim
2795 4341 3084 4415 succensus
3112 4341 3335 4400 invidiae
3369 4347 3492 4402 felle
3525 4365 3648 4415 per-

2066 4407 2280 4490 diderit.
2313 4407 2588 4490 'Proinde,
2640 4414 2760 4486 quia
2809 4409 2952 4490 idem
3000 4407 3649 4490 diabolussnperbiendo

2065 4482 2277 4556 invidus
2309 4484 2571 4554 superbus
2600 4482 2866 4556 apparuit,
2899 4502 3004 4542 non
3048 4488 3296 4556 superbia
3330 4482 3532 4543 fructus
3570 4491 3650 4544 iti-

2068 4552 2221 4610 vidia:
2249 4552 2494 4622 ("uin—sed
2521 4552 2723 4612 invidia
2750 4574 2815 4612 ex
2843 4552 3130 4626 Superbiae
3153 4557 3330 4613 radice
3361 4561 3644 4626 processit,

2066 4628 2206 4679 unde
2235 4628 2482 4695 qttoniam
2521 4639 2777 4696 quantum
2828 4628 3034 4685 invidos
3082 4627 3510 4698 afﬂigatinvidia
3553 4646 3647 4686 su-

2063 4697 2240 4770 perior
2268 4713 2447 4770 sermo
2473 4697 2585 4770 jam
2629 4700 2884 4770 prodidit,
2917 4715 3025 4754 non
3057 4699 3141 4753 hic
3170 4697 3238 4770 de
3276 4697 3415 4769 illius
3445 4703 3649 4770 suppli-

2060 4770 2144 4840 cio
2178 4767 2734 4840 dicendum'videiur,
2767 4767 2877 4840 quo
2920 4785 3045 4825 suos
3093 4769 3303 4840 animos
3350 4767 3527 4826 invidi
3551 4767 3647 4828 Ἰξι-

2063 4837 2256 4912 niando
2279 4840 2601 4909 Conliciunt;
2631 4843 2726 4898 sed
2757 4837 2855 4895 hoc
2885 4851 3110 4912 tantum,
3135 4839 3371 4896 donante
3397 4839 3644 4912 Domino,

2059 4908 2317 4966 debemus
2344 4915 2650 4979 ostendere,
2678 4912 2910 4980 qualiter
2940 4909 3101 4980 invidi
3135 4914 3320 4967 secure
3352 4908 3644 4970 viventium

2059 4983 2250 5058 merita
2279 4999 2371 5058 sua
2391 4984 2592 5058 iaciant
2621 4975 2909 5036 invidendo
2936 4975 3368 5058 peccata,
3393 4995 3448 5058 et
3473 5001 3647 5058 quau-

2062 5061 2170 5106 tum
2200 5055 2252 5108 in
2284 5052 2360 5110 eis
2390 5056 2588 5109 bonum
2619 5065 2925 5119 corrumpat
2967 5052 3189 5108 invidia.
3219 5052 3645 5124 Quidquid—boni

2060 5125 2174 5178 ﬁeri
2217 5126 2298 5180 vel
2331 5126 2434 5179 diei
2478 5140 2508 5176 a
2557 5125 2756 5178 sanetis
2788 5125 3077 5190 audierint,
3128 5136 3220 5179 aut
3267 5128 3487 5180 omnino
3532 5143 3644 5184 non

2059 5195 2306 5268 credunt,
2361 5203 2451 5248 aut
2494 5210 2580 5250 res
2625 5196 2760 5268 bene
2789 5206 2966 5265 gestas
3021 5197 3074 5252 in
3129 5197 3645 5268 inalumﬂinterpre-

2062 5264 2219 5336 tando
2252 5274 2590 5336 convertunt.
2633 5264 2806 5321 Omne
2834 5268 3026 5321 tnalum
3068 5268 3208 5336 quod
3237 5267 3302 5322 de
3343 5267 3448 5323 illis
3491 5264 3644 5326 men-

2057 5335 2679 5412 dax-fama_jactaverit_,
2711 5337 2912 5412 statim,
2958 5335 3106 5412 quasi
3157 5339 3199 5392 si
3233 5339 3332 5409 ipsi
3383 5339 3638 5412 viderint,

2057 5406 2310 5482 credunt.
2333 5404 2592 5482 Feraliter
2622 5404 2701 5462 eis
2730 5409 2818 5482 qui
2848 5404 2989 5482 illud
3017 5425 3202 5482 verum
3233 5404 3340 5482 non
3370 5425 3493 5467 esse
3515 5404 3640 5482 pro;

2057 5479 2184 5533 bare
2227 5479 2496 5534 voluerint
2524 5477 2917 5534 contradicunt.
2945 5479 3134 5535 Omnia
3165 5480 3274 5536 Suis
3307 5477 3640 5538 aemulis—iiu-

2057 5556 2208 5622 gunt,
2241 5567 2424 5605 eorum
2470 5547 2707 5618 profectu
2749 5549 3025 5605 deliciunt.
3066 5550 3200 5608 Odia
3251 5553 3386 5608 intra
3440 5569 3499 5608 se
3548 5553 3642 5610 ab-

2014 5621 2341 5694 scondunt,
2387 5621 2438 5674 in
2489 5637 2615 5676 suos
2665 5621 2934 5694 cruciatus
2982 5621 3278 5688 enutriunt,
3311 5624 3643 5694 proﬁcienti-

2056 5691 2155 5747 bus
2203 5693 2463 5762 invident,
2510 5692 2852 5761 peccantibus
2901 5691 3118 5760 favent,
3170 5691 3433 5758 bonorum
3487 5696 3642 5750 malis

2062 5767 2315 5837 gaudenu
2345 5763 2419 5819 De
2452 5763 2781 5837 profectibus
2818 5763 3021 5835 lugent,
3069 5767 3121 5821 in
3173 5765 3467 5837 inimicitiis
3513 5783 3638 5837 gra-

2083 5837 2204 5890 uitis
2226 5834 2432 5900 ardent,
2456 5833 2788 5906 deprehendi
2811 5833 3115 5905 peccatores
3141 5853 3233 5906 per
3260 5835 3346 5894 sui
3380 5833 3637 5894 malitiam

2057 5909 2268 5974 timent,
2296 5921 2507 5965 semper
2528 5909 2716 5977 amari,
2748 5923 3017 5979 nunquam
3045 5909 3196 5978 certi,
3229 5907 3387 5967 amici
3414 5908 3638 5968 diabeti.
