4086 6350
453 332 597 394 11⁵99

1160 326 1253 385 AD
1290 330 1350 387 s.
1392 328 1643 388 tStDom
1680 313 2125 386 HISPAL’ENSIS
2161 322 2393 381 OPERA
2428 311 2873 381 APPENDICES.

3594 326 3743 385 {2N

452 449 658 510 inimici
706 446 864 503 etiam
921 442 1022 500 sui.
1077 442 1337 499 Omnibus
1385 444 1581 511 odiosi,
1636 446 1703 500 ad
1751 443 2033 511 gaudenda
2063 441 2114 497 A
2140 439 2217 493 cis
2249 440 2487 506 miseris,
2521 456 2698 495 amara
2728 438 3024 508 perfectis,
3047 438 3354 506 νοτίουιοε,
3385 437 3598 510 dubiis,
3634 444 3741 498 ξω,

452 525 623 589 anvii,
680 519 744 574 ad
798 515 1091 587 plangentia
1144 516 1287 579 freti,
1342 517 1537 584 ubique
1589 518 1846 585 perversi.
1900 517 2039 570 Inter

450 598 652 652 amicos
703 589 1021 644 discordiam
1098 590 1386 644 seminam.
1442 589 1819 643 Discordantes
1866 596 2039 641 atten-

452 672 577 730 tius,
607 666 649 719 si
678 673 919 730 possunt.
946 661 997 712 in
1029 659 1291 712 discordia
1324 662 1667 713 confirmant.

528 739 607 789 li.
651 734 966 799 Opinionem
1004 734 1263 783 bonorum
1296 731 1586 783 mendaciis
1617 731 1951 784 dccolorant.
1982 731 2038 784 In

450 808 822 875 sp’ritnalibns
847 802 1079 857 carnalia
1111 803 1324 875 laudant
1345 843 1358 864 ,
1387 812 1449 875 ut
1470 802 1766 868 spiritnafia
1801 803 1935 855 bona
1962 802 2041 875 eis

450 872 639 934 deesse
671 880 1050 944 persuadeant.
1101 872 1377 927 Amicitias
1408 872 1661 926 simulant
1688 913 1703 936 ,
1736 883 1791 927 ιιι
1822 890 1915 926 ρος
1946 874 2037 938 qtti

447 968 509 1005 se
557 952 609 1003 in
652 947 912 1003 chatiiate
955 944 1053 997 sibi
1103 944 1471 997 commiserint
1510 959 1614 1014 qua
1658 954 1885 1012 possunt
1924 958 2040 999 arte

446 1022 755 1090 decipiant,
788 1016 1162 1090 odiornmgsibi
1198 1016 1509 1069 oecasiones
1556 1018 1737 1084 pravis
1778 1016 2042 1076 sustiicio-

449 1088 609 1149 nibus
638 1095 998 1149 coacervant;
1030 1088 1306 1139 dremunes
1333 1128 1348 1149 ,
1381 1101 1607 1153 quorum
1655 1098 1933 1139 sectantur
1964 1090 2040 1137 fa-

450 1176 566 1229 cta,
621 1162 923 1222 laetficant,
974 1168 1189 1211 sanctos
1249 1158 1426 1219 viros,
1478 1159 1670 1224 quibus
1719 1167 1841 1211 sunt
1893 1156 2035 1222 noti,

354 1258 359 1263 ·
448 1228 788 1290 contristant.
826 1229 983 1283 Velut
1012 1229 1168 1282 amici
1201 1228 1252 1281 in
1284 1232 1574 1293 obsequio,
1610 1230 1792 1283 hostes
1836 1230 1887 1281 in
1920 1228 2039 1280 ani-

447 1322 574 1366 nio;
608 1305 944 1359 continentes
975 1300 1027 1353 in
1064 1301 1262 1362 verbo,
1296 1309 1481 1365 turpes
1524 1301 1574 1351 in
1623 1300 1803 1360 facto;
1837 1299 2039 1367 prodigi

447 1386 781 1433 secretorum
827 1372 1123 1431 malorum.
1160 1380 1375 1424 tenaces
1408 1370 1775 1439 suspicionum
1799 1413 1812 1433 ,
1849 1371 2039 1426 inanes

443 1449 709 1505 bonorum
733 1489 745 1504 .
783 1444 924 1513 pleni
954 1443 1227 1506 sordium,
1260 1440 1469 1510 prrcditi
1498 1442 1776 1513 fraudibus
1798 1484 1811 1499 .
1843 1442 2039 1495 adver-

444 1520 574 1576 sarii
616 1511 1133 1573 cordeivirtutibns,
1182 1515 1327 1578 pravi
1375 1511 1643 1573 moribus,
1697 1522 1751 1566 et
1796 1513 2038 1565 insidiosi

444 1592 655 1646 cunctis
696 1603 879 1642 secum
926 1588 981 1639 in
1038 1582 1381 1651 simplicitate
1422 1583 1750 1637 viventibus.
1800 1584 1955 1647 Ilaec,
1986 1594 2041 1637 et

447 1663 569 1717 talia
618 1669 772 1724 sunt,
806 1673 926 1726 quae
956 1672 1145 1709 omnes
1176 1655 1385 1726 invidos
1418 1653 1570 1707 bonis
1602 1663 1726 1706 voto
1771 1658 1884 1707 sive
1915 1655 2038 1708 aui-

446 1750 537 1788 tno
569 1724 1163 1786 iniinicos‘ostendunt.
1207 1726 1258 1776 lu
1308 1724 1423 1779 haec
1454 1726 1587 1777 mala
1623 1726 1916 1778 deveniunt
1946 1726 2035 1793 qui

2147 512 2354 578 periosa
2401 512 2677 579 snbiecris.
2716 512 2921 565 Faciles
2950 514 3219 579 captiVat,
3254 513 3551 583 captivatos
3579 515 3742 569 oble-~

2144 595 2247 637 Ctat
2270 624 2285 648 ,
2314 584 2625 637 ambitiosos
2656 594 2843 649 vexat,
2876 593 3129 651 angustos
3157 584 3336 647 inflat,
3381 585 3596 637 inflatos
3630 589 3741 639 bu—

2146 654 2335 707 ntiliat.
2386 653 2481 707 Cui
2532 656 2771 708 serviunt
2825 656 3045 720 tumidi,
3099 658 3197 709 sttb
3227 673 3328 719 qua
3355 654 3541 726 jaCetit
3566 657 3739 725 elati,

2144 741 2305 794 quam
2339 727 2607 779 inveniunt
2647 726 2872 792 perditi,
2918 728 2981 779 ad
3025 742 3182 796 quam
3228 737 3450 781 currunt
3495 727 3738 795 lamiiri,

2145 796 2197 850 in
2228 812 2329 865 qua
2370 796 2469 850 sibi
2516 799 2762 851 videntur
2803 806 2947 851 stare
2991 798 3147 862 lapsi.
3193 798 3316 852 llazc
3358 806 3439 853 est
3483 806 3737 860 vanitas.

2144 882 2263 935 quze
2296 885 2400 922 non
2429 870 2633 934 aliquas
2661 875 2910 934 virtutes,
2944 881 2995 922 ut
3030 880 3266 938 putatur,
3296 869 3606 934 exanlirlat,
3640 872 3740 924 sed

2146 941 2414 993 licentiam
2449 941 2728 1005 vitiorum,
2760 956 2879 996 eum
2915 940 3113 993 fuerint
3142 940 3208 993 de
3238 943 3446 994 viti0sis
3476 952 3693 1003 recepta
3719 982 3737 1005 ,

2144 1014 2479 1065 corroborat.
2520 1010 2783 1066 Cmterum
2836 1023 3041 1065 mentes
3086 1013 3337 1067 virtutum
3387 1013 3571 1078 plenas
3614 1029 3738 1063 oin-

2145 1082 2272 1136 nittu
2299 1099 2405 1135 non
2442 1093 2685 1147 penetrat
2713 1100 2726 1149 ;
2761 1098 2956 1136 vacuos
2988 1099 3116 1151 ergo
3144 1098 3205 1137 ac
3238 1083 3402 1137 nu‘lis
3434 1084 3595 1135 fultos
3630 1086 3743 1135 vir-

2148 1154 2349 1206 tutibus
2381 1162 2545 1207 tentaf
2570 1195 2581 1213 .
2615 1164 2667 1207 et
2698 1156 2843 1217 ipSOs
2875 1155 3013 1207 fastu
3043 1157 3273 1207 ruinosm
3305 1153 3611 1207 ambitionis
3658 1158 3745 1205 in-

2145 1223 2301 1293 flatos
2331 1225 2382 1278 in
2413 1226 2620 1278 occulta
2655 1227 2917 1279 dedecora
2951 1228 3195 1293 quasdam
3231 1227 3459 1289 publica:
3491 1225 3745 1279 fruenda:

2148 1292 2349 1365 [Forte,
2385 1294 2562 1363 famae]
2592 1296 2951 1351 deleCtatione
2974 1292 3308 1364 priecipitat,
3341 1297 3482 1350 sicut
3512 1312 3741 1349 vacuam

2145 1382 2335 1420 navem
2372 1377 2663 1435 tempestas
2696 1370 2746 1420 in
2779 1367 2990 1420 diversa
3024 1369 3240 1421 tumidis
3267 1368 3517 1422 fluctibus
3542 1368 3740 1436 jac-tat,

2144 1448 2198 1490 et
2227 1439 2276 1490 in
2310 1453 2435 1490 area
2457 1479 2473 1503 ,
2510 1441 2793 1492 frumentis
2820 1454 2912 1491 sua
2943 1439 3208 1509 gravitate
3238 1440 3612 1505 manentibus,
3653 1439 3738 1493 le-

2147 1524 2236 1560 ves
2266 1524 2332 1562 ex
2361 1524 2423 1563 ea
2456 1520 2645 1563 ventus
2676 1512 2853 1579 paleas
2882 1518 3077 1576 raptat.
3111 1511 3262 1576 Quod
3293 1511 3340 1565 si
3375 1512 3441 1563 ita
3473 1520 3588 1574 est,
3622 1525 3739 1564 non

2144 1579 2373 1633 vitiosos
2418 1580 2542 1634 facit
2593 1584 2832 1641 vanitas,
2879 1580 2972 1635 sed
3017 1582 3283 1646 ostendit,
3328 1596 3447 1651 qua
3492 1581 3614 1634 illos
3652 1581 3739 1635 sui

2144 1652 2355 1703 afflatus
2407 1664 2569 1706 vento
2613 1652 2958 1715 circumfert,
3002 1668 3066 1706 ac
3115 1653 3332 1707 lubricis
3375 1652 3739 1707 circurnactos

2144 1724 2422 1776 alfe¢tibus
2455 1733 2625 1787 rotat,
2659 1724 2747 1792 qui
2777 1739 2833 1777 se
2862 1724 2927 1777 ad
2960 1738 3148 1778 omnes
3180 1725 3294 1791 ejus
3328 1724 3589 1789 impulsus
3620 1734 3741 1777 stu-

449 1804 766 1859 insectando
795 1799 1118 1860 sectandas,
1151 1806 1208 1873 et
1235 1796 1506 1863 diligendo
1535 1796 1927 1873 abominamle
1962 1792 2037 1850 te-
2068 1812 2117 1873 Β
2143 1792 2234 1873 dio
2265 1794 2492 1861 propria:
2525 1796 2814 1873 voluntatis
2844 1799 3273 1873 accommodant,
3308 1795 3397 1873 qni
3420 1810 3479 1848 se
3500 1795 3569 1873 de
3596 1810 3742 1863 ope-

447 1879 633 1931 raliter
686 1889 714 1926 a
765 1870 1146 1928 communione
1196 1868 1456 1920 bonorum
1498 1868 1734 1920 omnium
1786 1884 1843 1922 se
1892 1868 2036 1932 ipsus

445 1947 780 2006 excludunt,
810 1953 865 1996 ut
895 1940 1021 1994 illud
1053 1940 1251 1992 bonum
1281 1938 1400 2007 jure
1434 1953 1535 1991 non
1571 1939 1637 1991 sit
1668 1938 1720 1991 in
1749 1938 1862 2002 eis,
1896 1937 2040 2003 quod

450 2024 853 2085 persequuntur
884 2014 936 2067 in
981 2012 1155 2085 bonis.
1189 2010 1541 2085 Considerate
1564 2050 1577 2071 ,
1610 2009 1841 2063 obsecro
1862 2052 1874 2073 ,
1910 2025 2043 2077 qna-

449 2080 571 2143 liter
624 2080 832 2142 invidos
880 2083 1126 2150 pnnitnra
1164 2093 1285 2136 sunt
1335 2080 1473 2134 mala
1511 2095 1643 2145 sua,
1688 2095 1826 2151 quos
1875 2085 2039 2135 etiam

449 2161 589 2216 bona
623 2159 849 2229 puniunt
878 2155 1070 2229 aliena.

530 2224 637 2286 l3;
660 2230 757 2283 llhi
803 2226 887 2279 isti
920 2233 1171 2292 poterunt
1202 2224 1315 2278 fieri
1348 2224 1470 2275 boni
1491 2264 1507 2288 ,
1540 2224 1629 2292 qui
1662 2233 1786 2277 sunt
1815 2224 1865 2277 in
1900 2224 2042 2278 bono

448 2304 607 2359 mali.
640 2310 730 2355 aut
758 2299 973 2366 quando
1005 2297 1138 2349 bene
1178 2296 1332 2348 malis
1376 2298 1521 2347 usuri
1565 2303 1723 2366 sunt,
1769 2296 1855 2363 qui
1901 2298 2041 2351 male

448 2373 604 2427 bonis
628 2370 698 2425 uti
730 2365 833 2423 non
859 2369 1108 2422 desinunt
1132 2367 1150 2419 2
1177 2369 1317 2420 liene
1342 2366 1495 2418 malis
1524 2365 1602 2418 usi
1627 2375 1754 2419 sunt
1779 2376 2042 2437 martyres

450 2445 659 2506 Sancti,
694 2443 746 2495 in
790 2438 1102 2493 testimonio
1150 2437 1446 2492 Salvaturis
1486 2438 1654 2490 nostri
1698 2452 1951 2500 veraces,
1984 2449 2041 2493 et

449 2519 506 2570 in
540 2513 733 2569 castris
764 2508 1131 2577 Spiritualibus
1162 2509 1369 2563 strenui
1418 2509 1740 2575 bellatores,
1786 2508 1913 2576 qui,
1946 2512 2043 2563 tri-

452 2586 852 2647 bulationibus,
884 2593 937 2635 et
978 2581 1191 2634 damnis
1212 2621 1227 2642 ,
1259 2596 1321 2633 ac
1352 2579 1515 2632 variis
1545 2579 1875 2632 cruciatibus
1904 2578 2040 2633 afﬂi-

448 2658 523 2713 cti
576 2656 773 2725 pariter
820 2663 874 2708 et
930 2651 1173 2721 probati,
1225 2652 1456 2705 terrenis
1500 2651 1742 2725 cielestia
1792 2662 2039 2725 mutave-

449 2722 615 2789 runt,
648 2735 704 2781 et
732 2726 797 2779 de
828 2725 970 2777 bono
1004 2738 1100 2775 nsn
1134 2724 1393 2776 malorum
1429 2724 1652 2788 profecti
1676 2763 1692 2788 ,
1740 2722 1804 2774 ad
1848 2723 2039 2790 gaudia

451 2800 715 2855 bonorum
750 2794 1062 2865 perennium
1098 2801 1471 2860 pervenerunt.
1508 2793 1638 2865 Itetn
1682 2792 1837 2846 bonis
1869 2800 2039 2848 utitur

451 2873 665 2926 invidus
712 2864 888 2933 male,
933 2869 1054 2934 qui,
1098 2868 1165 2917 ab
1207 2865 1457 2918 omnibus
1501 2864 1656 2918 bonis
1704 2880 1824 2933 quae
1877 2867 2041 2934 miser

451 2949 766 2997 exsecratur
794 2933 1089 2999 absciSStis,
1118 2938 1278 2989 animi
1309 2938 1389 2989 sui
1421 2937 1686 3004 supplicio
1718 2933 2041 3005 relinquitur

451 3014 794 3083 afﬂigendus.
841 3011 907 3083 Et
955 3008 1071 3083 quis
1112 3008 1191 3083 eis
1231 3007 1425 3083 poterit
1474 3007 1799 3083 subvenire,
1844 3010 1933 3083 qui
1965 3023 2040 3083 se

451 3086 554 3139 sibi
572 3079 855 3137 vexliibent
897 3079 1185 3133 invidendo
1229 3079 1552 3133 carnifices?
1599 3080 1704 3132 Aut
1754 3079 1894 3132 umle
1934 3080 2037 3134 sibi

452 3156 668 3210 invidos
700 3151 909 3222 parabit
938 3151 1195 3222 salutem,
1224 3153 1313 3218 qui
1345 3150 1624 3222 deisalnt‘s
1654 3150 1874 3222 materia
1906 3166 2037 3204 con-

453 3227 649 3290 trahit,
679 3219 833 3278 bonis
862 3222 1001 3275 male
1030 3221 1249 3283 utendo,
1288 3221 1577 3287 perniciem
1601 3222 1624 3272 ?
1653 3219 2036 3276 Verumtamen

454 3301 499 3352 si
554 3296 721 3350 invidi
772 3307 1020 3361 quoque,
1073 3292 1211 3344 sicut
1260 3291 1351 3345 alii
1398 3302 1743 3357 peccatores,
1784 3292 2041 3347 divinitus

454 3368 698 3435 inSpirati
730 3366 782 3418 in
816 3379 963 3432 Spem
994 3363 1393 3435 recuperandze
1411 3361 1599 3435 salutis
1628 3373 1943 3434 assurgant,
1976 3379 2040 3419 ac

453 3432 557 3493 sibi
588 3436 815 3503 qualiter
845 3443 970 3490 sunt
1001 3434 1109 3488 Deo
1151 3433 1398 3502 placituri
1441 3432 1811 3502 displiceant,
1845 3437 1887 3488 si
1933 3451 2039 3490 non

452 3510 735 3565 imitentur
765 3506 931 3565 Cain.
965 3506 1053 3573 qui
1077 3546 1092 3568 ,
1124 3508 1436 3574 priusquam
1458 3546 1473 3567 ,
1523 3505 1849 3559 dtlmlﬂillllis
1896 3506 2036 3561 invi-

454 3582 559 3637 diae
589 3579 771 3633 furore
801 3584 1064 3637 cmcalus,
1094 3591 1352 3643 germano
1382 3590 1481 3631 suo
1522 3578 1682 3631 vitam
1728 3592 1821 3645 per
1861 3579 2039 3632 seelns

453 3651 709 3714 extorsit,
746 3658 800 3704 et
837 3648 1069 3702 animam
1111 3664 1262 3701 suam
1309 3647 1528 3703 fraterni
1568 3648 1810 3715 c0rporis
1861 3658 2040 3705 morte

454 3725 755 3792 perculsam
788 3719 1051 3792 supplicio
1091 3718 1538 3792 aeternaagmortis
1570 3722 1770 3773 addixit
1791 3736 2039 3792 ,conse-

453 3790 681 3864 q‘uendzo
716 3800 883 3846 venia:
915 3791 1292 3864 desperatione
1321 3790 1628 3856 deprcssns,
1659 3794 1731 3843 ait
1762 3791 1827 3843 ad
1860 3791 2041 3845 Domi-

453 3862 578 3920 tium
607 3885 620 3920 :
645 3864 819 3933 Major
847 3875 915 3916 est
932 3862 1165 3933 iniquitas
1194 3878 1328 3923 mea,
1353 3878 1504 3933 quam
1534 3872 1586 3914 ut
1616 3864 1813 3915 veniam
1844 3878 2041 3917 merear

455 3936 609 4005 (Gen.
644 3932 850 4003 tv.’i'5)
880 3951 894 3997 ;
930 3932 1027 3985 hoc
1248 3943 1329 3986 est
1358 3932 1536 3985 dicere
1572 3935 1678 3988 ῃρο
1707 3951 1719 3985 ε
1762 3934 2041 4001 Indulgere

455 4009 589 4061 mihi
624 4023 727 4059 non
763 4019 923 4071 peto.
967 4019 1084 4055 cum
1121 4016 1457 4070 peccaturum
1490 4020 1731 4057 meorum
1768 4006 2040 4074 magnitu-

459 4078 587 4132 dine
616 4078 962 4141 inilnlgetttiae
994 4086 1185 4126 vestrae
1220 4076 1447 4127 vincitur
1480 4077 1805 4144 magnitudo.

531 4150 619 4204 M.
670 4146 903 4214 l‘eniqne
936 4160 1195 4210 nu~qnam
1244 4144 1459 4215 Iegdur,
1500 4160 1587 4197 ant
1629 4149 1944 4213 po‘nitu‘sse
1973 4146 2041 4203 de

457 4236 559 4274 suo
586 4220 792 4273 scelere
812 4258 825 4281 ,
858 4228 949 4268 aut
978 4218 1186 4271 veniam
1221 4230 1501 4271 meruisse.
1543 4216 1594 4270 Si
1616 4234 1766 4287 ergo
1789 4258 1804 4281 ,
1835 4220 1903 4271 ab
1938 4222 2041 4272 hu-

456 4290 544 4360 jus
571 4290 922 4344 abhorrentes
963 4287 1246 4360 exemplo,
1293 4302 1350 4340 se
1391 4288 1489 4339 sibi
1537 4286 1817 4355 auferant,
1847 4299 1900 4343 et
1933 4289 2045 4344 Deo

458 4358 777 4424 restituant,
810 4374 909 4413 nec
936 4375 993 4412 se
1025 4358 1076 4411 in
1114 4360 1432 4427 profundum
1464 4364 1753 4425 malorum,
1804 4360 2037 4415 salutem

459 4434 797 4500 desperando
820 4471 834 4493 ,
872 4430 1180 4497 projiciant,
1214 4432 1332 4493 quis
1364 4430 1569 4484 dubtet
1592 4472 1605 4492 ,
1638 4431 1749 4484 iino
1779 4436 1901 4499 quis
1946 4434 2037 4485 lir-

459 4506 619 4559 miter
651 4521 754 4556 ttott
795 4503 981 4557 credat
1023 4500 1099 4553 eis
1141 4500 1333 4565 primis
1376 4502 1586 4554 ttialilite
1628 4504 1835 4556 veniam
1881 4518 2037 4569 posse

457 4574 725 4638 conferri,
758 4575 802 4627 si
837 4572 1027 4634 modo,
1062 4571 1274 4625 invidia:
1317 4572 1537 4626 vulnere
1579 4584 1804 4639 sanato,
1847 4591 2033 4629 corre-

456 4650 564 4712 cti,
616 4645 1023 4700 amaritudinem
1073 4645 1301 4712 pectoris
1341 4646 1419 4695 sui
1464 4643 1749 4697 dulcedine
1788 4650 2039 4701 fraterna:

457 4720 762 4773 dilectionis
791 4715 1095 4784 expellant,
1141 4728 1233 4766 eos
1274 4714 1588 4781 simpliciter
1627 4718 1859 4770 amando
1903 4732 2040 4786 quos

458 4791 712 4851 odi-rant,
762 4796 820 4840 ut
862 4786 928 4839 ad
979 4787 1176 4839 bunum
1226 4786 1476 4838 fraterna:
1521 4787 1915 4842 communionis
1959 4791 2042 4842 lac

458 4858 641 4932 [Forte
671 4855 757 4932 ac]
790 4861 933 4932 pacis
961 4856 1221 4910 bonorum
1255 4860 1784 4932 omniumALquornm
1816 4875 2041 4927 gravan-

460 4927 547 4983 iur
576 4930 781 4984 meritis
801 4968 816 4990 ,
850 4927 1170 4995 adjuventur
1198 4928 1506 4995 exemplis?
1538 4927 1629 4981 His
1664 4929 1731 4981 ita
1766 4946 1927 4998 super
1956 4933 2043 4984 in-

461 5003 603 5055 vidia
637 5000 949 5066 disputatis,
979 5015 1135 5066 quam
1166 5000 1313 5066 gravi
1347 5000 1485 5051 man
1514 5000 1676 5053 etiam
1707 5004 1914 5056 vanitas
1944 5016 2040 5055 va-

460 5088 557 5127 nos
586 5072 817 5125 itianvat
836 5110 851 5133 ,
883 5079 1275 5138 conquuenter
1302 5069 1606 5138 expediam.

532 5144 619 5197 15.
666 5147 794 5207 Quae
835 5151 891 5194 ut
934 5142 1141 5194 facilius
1173 5142 1323 5192 vitari
1358 5142 1527 5208 poSsit
1550 5186 1561 5206 ,
1598 5141 1723 5210 quid
1755 5141 1807 5196 in
1836 5157 1896 5197 se
1923 5156 2043 5197 cor-

461 5215 725 5281 ruptionis
770 5212 961 5266 habeat
988 5213 1223 5265 breviter
1254 5211 1608 5265 declarenius.
1652 5216 1740 5266 Est
1770 5219 1911 5268 enim
1945 5228 2041 5267 va-

461 5287 597 5338 nitas
626 5286 804 5339 inflata
832 5284 1073 5349 quaedam
1102 5283 1243 5336 circo
1266 5285 1651 5337 delectationes
1676 5286 1853 5339 varias
1879 5285 2042 5338 animi

464 5356 761 5421 languentis
790 5354 1025 5415 affectio,
1060 5354 1292 5420 potiendi
1326 5355 1543 5405 honoris
1573 5359 1725 5409 avrda
1750 5398 1765 5421 ,
1799 5359 1956 5411 simul
1992 5366 2046 5411 et

463 5430 660 5480 nescia.
687 5427 865 5479 Morbo
888 5426 1220 5479 excellentie
1248 5426 1415 5477 inanis
1440 5425 1641 5491 inflata,
1662 5444 1789 5480 cava
1823 5442 1870 5481 et
1897 5443 2044 5481 mur-

464 5499 613 5564 liida,
660 5498 997 5555 turbulenta.
1034 5499 1333 5549 animorum
1383 5496 1575 5549 levium
1627 5498 1862 5551 domina.
1906 5500 2045 5553 Male

464 5568 695 5622 fundatis
717 5569 964 5621 omnibus
987 5569 1198 5631 blanda,
1226 5569 1416 5620 suimet
1441 5568 1715 5632 capiendis
1738 5586 2043 5638 repugnan-

466 5640 602 5693 iibtts
631 5640 931 5692 seductoria
954 5680 968 5703 ,
1020 5640 1185 5705 captis
1217 5639 1431 5692 invicta.
1480 5640 1763 5692 Simulatio
1794 5642 2036 5709 qmedain

470 5710 747 5773 virtutum,
795 5709 968 5762 anima
1018 5711 1301 5774 vitiorum,
1348 5709 1517 5763 fomes
1560 5711 1855 5764 carnalium
1894 5714 2046 5767 dele-

2067 3181 2114 3245 C

2143 1865 2293 1919 ribus
2322 1881 2551 1933 quorum
2585 1867 2683 1919 sibi
2719 1866 2921 1920 conscii
2958 1881 3059 1920 non
3094 1877 3220 1920 sunt
3253 1867 3477 1933 turpiter
3494 1865 3735 1934 jactant,

2142 1934 2233 2017 qui
2264 1952 2320 1989 se
2353 1938 2419 1988 ab
2449 1938 2699 2016 omnibus
2729 1938 3007 2017 prtedicari
3028 1978 3041 1999 ,
3077 1954 3180 2017 pro
3204 1936 3393 1991 nefas!
3440 1937 3699 1991 affectant
3721 1977 3738 2002 ,

2143 2010 2233 2071 qui
2292 2018 2505 2062 sanctos
2556 2010 2700 2063 viros
2754 2013 2835 2061 sui
2886 2010 3292 2074 Comparatione
3341 2018 3737 2069 contemnunt,

2142 2077 2265 2145 qui,
2314 2078 2441 2131 vitio
2490 2094 2635 2133 aurae
2686 2079 2959 2148 pepularis
3005 2080 3166 2145 elati,
3216 2081 3348 2134 nihil
3394 2079 3495 2133 sibi
3544 2079 3743 2134 dee~se

2145 2148 2489 2216 perfectionis
2523 2152 2852 2204 existimant.
2882 2150 3306 2207 Salutationibus
3328 2151 3739 2205 occurrentium

2141 2220 2407 2287 gaudent,
2440 2222 2551 2274 suis
2582 2222 2954 2276 adulatoribus
2986 2226 3205 2289 favent,
3235 2220 3599 2278 voluntatibus
3647 2239 3739 2288 pa-

2146 2302 2301 2357 rent,
2354 2292 2603 2347 omnibus
2654 2296 2899 2358 turpibus
2947 2295 3179 2362 placent.
3234 2294 3489 2350 Gestiunt
3538 2294 3739 2348 docere

2141 2364 2282 2430 quod
2330 2366 2603 2427 nesciunt,
2649 2366 2795 2419 credi
2840 2366 2906 2419 de
2949 2380 3007 2420 se
3048 2366 3299 2421 sublimia
3328 2366 3553 2433 volunt,
3586 2364 3739 2419 dele-

2143 2434 2364 2506 ctabilia
2416 2438 2666 2506 gravibus
2724 2446 3099 2505 anteponunt,
3156 2448 3509 2493 exsecrantur
3568 2436 3736 2491 verbo

2141 2505 2286 2574 quod
2336 2505 2516 2560 animo
2560 2508 2967 2575 concupiscunt.
3023 2509 3426 2577 Appi-llatiuues
3472 2509 3732 2561 virtutum

2143 2579 2289 2648 vitiis
2330 2582 2441 2633 suis
2484 2579 2800 2645 imponunt,
2833 2594 2893 2633 se
2922 2578 3068 2648 ipsos
3102 2580 3319 2644 fallunt,
3357 2582 3597 2633 faventes
3628 2578 3735 2631 sibi

2141 2647 2450 2719 decipiunt,
2486 2652 2535 2705 itt
2568 2647 3197 2719 promissionehonesta
3239 2655 3490 2714 veloces,
3536 2652 3586 2703 in
3635 2665 3735 2703 ex.

2141 2717 2405 2776 hibitinne
2437 2717 2755 2786 mendaces,
2790 2737 2820 2775 a
2869 2724 3007 2776 boiio
3050 2723 3368 2790 mutabiles,
3415 2722 3537 2775 mali
3580 2729 3735 2775 tena-

2142 2805 2234 2863 ces
2256 2833 2270 2854 ,
2303 2793 2355 2845 in
2386 2794 2552 2847 verbo
2583 2808 2808 2861 graves,
2841 2793 2892 2847 in
2924 2794 3103 2847 animo
3149 2805 3333 2863 turpes
3355 2834 3371 2857 ,
3402 2792 3600 2860 ubique
3634 2792 3733 2845 fal-

2143 2860 2315 2935 laces,
2355 2864 2461 2918 heti
2499 2866 2563 2917 ad
2592 2860 2885 2933 proSpera,
2920 2863 3133 2935 fragiles
3161 2860 3516 2929 ad'adversa,
3555 2863 3726 2917 inflati

2141 2934 2207 2985 ad
2253 2936 2541 3003 obsequia,
2591 2940 2733 2990 anxii
2784 2938 2850 2990 ad
2900 2939 3222 3006 opprobria,
3278 2936 3619 2989 iunnoderati
3663 2934 3733 2989 ad

2141 3008 2331 3070 gaudia
2364 3051 2379 3073 ,
2433 3009 2617 3063 faciles
2664 3007 2730 3061 ad
2785 3005 3049 3074 humana,
3103 3007 3352 3063 difficiles
3401 3022 3616 3077 semper
3664 3005 3734 3060 ad

2144 3079 2392 3136 honesta.

2214 3148 2492 3221 28716.
2548 3149 2639 3204 llis
2683 3158 2736 3205 et
2785 3149 2869 3205 his
2913 3148 3177 3206 similibus
3222 3152 3476 3206 delinitos
3525 3149 3737 3221 vanitas

2146 3224 2368 3287 premit,
2406 3236 2503 3274 nec
2533 3235 2626 3275 eos
2654 3231 2745 3275 aut
2778 3224 3019 3276 morbum
3069 3239 3222 3276 suum
3268 3224 3502 3287 sentire,
3532 3230 3626 3274 aut
3666 3220 3735 3274 ad

2144 3290 2409 3345 medicum
2447 3294 2630 3347 venire
2661 3295 2936 3361 permittit.
2983 3294 3048 3347 Et
3077 3295 3205 3363 quid
3234 3308 3317 3349 e~t
3345 3298 3411 3348 ad
3457 3294 3730 3346 medicum

2143 3365 2359 3427 venire,
2396 3364 2495 3418 nisi
2538 3364 2806 3418 intirmnm
2853 3379 2977 3418 suas
3022 3366 3359 3420 infirmitates
3400 3378 3730 3433 agnosmre,

2145 3447 2243 3487 nec
2277 3434 2489 3502 placere
2516 3435 2653 3501 sibi,
2685 3438 2778 3488 sed
2812 3439 2878 3489 de
2905 3433 3058 3489 factis
3083 3478 3098 3501 ,
3132 3452 3250 3503 qua:
3294 3434 3367 3491 illi
3412 3437 3736 3489 videbantur

2142 3518 2261 3558 esse
2291 3505 2547 3574 gloriosa.
2580 3507 2868 3561 confundi?
2896 3508 3046 3573 Quod
3080 3518 3227 3563 certe
3260 3507 3333 3561 illi
3365 3522 3468 3561 non
3502 3507 3729 3571 faciunt,

2142 3576 2270 3643 qui,
2321 3578 2588 3649 desiderio
2630 3581 3006 3643 comparandae
3048 3579 3316 3649 opinionis
3364 3578 3609 3641 incensi,
3652 3578 3731 3631 eis

2145 3658 2347 3701 tantum
2398 3648 2687 3717 operibus,
2739 3650 2932 3713 quibus
2978 3652 3175 3704 emitur
3224 3649 3377 3703 favor
3423 3650 3725 3713 humanus,

2143 3722 2413 3786 serviunt,
2458 3730 2512 3774 et
2552 3736 2758 3774 murum
2802 3722 2935 3774 bona
2977 3730 3348 3775 contemnunt.
3384 3720 3724 3787 Tantumque

2142 3804 2235 3843 eos
2280 3794 2441 3845 ardor
2483 3792 2728 3847 humana:
2779 3792 2949 3846 laudis
2998 3793 3325 3855 inﬂammat,
3360 3804 3417 3846 ut
3461 3792 3728 3845 laboriosa

2142 3875 2303 3933 opera
2328 3903 2342 3923 ,
2375 3878 2492 3933 qua:
2522 3868 2750 3932 populus
2779 3864 3097 3933 admiratur,
3143 3875 3196 3919 et
3223 3864 3414 3932 quibus
3456 3863 3591 3915 fama
3622 3858 3729 3914 dif-

2141 3932 2403 3997 funditur,
2452 3938 2569 3988 sine
2616 3935 2800 3987 labore
2844 3932 3171 4001 suscipiant,
3218 3946 3271 3988 et
3308 3935 3537 3989 libenter
3573 3947 3728 3987 exer-

2143 4016 2320 4059 ceant.
2355 4004 2482 4059 lude
2512 4016 2593 4059 est
2623 4007 2762 4071 quod
2790 4005 3037 4075 jejnnare
3059 4048 3071 4067 ,
3117 4008 3390 4060 abstinere
3410 4046 3424 4071 ,
3468 4004 3730 4074 vigilare,

2141 4078 2428 4129 ecclesiam
2474 4078 2847 4143 frequentare,
2883 4080 2969 4132 vel
3002 4078 3267 4146 psallere,
3305 4093 3423 4131 cum
3468 4076 3583 4128 haec
3615 4090 3734 4128 om-

2142 4150 2228 4199 nia
2264 4147 2379 4199 sine
2410 4147 2591 4203 labore
2638 4166 2743 4202 non
2795 4151 2951 4211 fiant,
3002 4153 3163 4203 etiam
3210 4164 3330 4202 cuin
3376 4147 3734 4202 delectatione

2145 4218 2216 4271 illi
2253 4218 2483 4284 faciant,
2518 4219 2605 4284 qui
2638 4236 2697 4273 se
2729 4236 2792 4274 ex
2837 4220 2916 4273 his
2959 4222 3171 4288 placere
3199 4220 3447 4274 omnibus
3475 4218 3734 4288 concupig

2142 4297 2317 4343 scunt.
2353 4292 2466 4343 (Non
2496 4291 2635 4358 quod
2670 4294 2766 4345 ista
2789 4336 2802 4358 ,
2832 4304 2884 4345 et
2911 4287 3088 4345 omnia
3122 4292 3213 4344 Dei
3241 4305 3344 4344 non
3376 4289 3604 4358 faciunt,
3635 4287 3732 4341 sed

2142 4359 2285 4435 quod
2330 4362 2403 4414 illi
2455 4357 2758 4435 pricbentnr
2799 4361 3034 4435 [Forte,
3066 4357 3403 4435 probentur]
3450 4376 3509 4435 ea
3562 4358 3734 4429 magis

2143 4430 2254 4485 Deo
2285 4448 2442 4501 quam
2475 4433 2780 4487 hominibus
2801 4430 3069 4490 exhibere
3093 4478 3107 4498 ,
3143 4434 3232 4502 qui
3279 4430 3576 4485 ferventius
3618 4441 3735 4502 ειμι-ς

2143 4504 2269 4557 dent
2304 4499 2473 4556 etiam
2522 4507 2759 4558 muribus
2801 4508 3000 4559 sanctis
3044 4499 3331 4560 excellere.
3376 4502 3643 4557 Cieteium
3684 4499 3733 4554 si

2145 4590 2423 4643 qnis‘qttani
2458 4576 2617 4641 furis,
2652 4576 2736 4629 ubi
2775 4585 2947 4644 potest
2992 4592 3213 4645 magnus
3257 4574 3442 4637 credi,
3488 4576 3733 4645 resplen-

2143 4642 2298 4710 deat,
2330 4656 2385 4699 et
2415 4650 2589 4714 imus,
2625 4649 2710 4699 ubi
2743 4642 2887 4701 solus
2920 4648 3058 4701 Deus
3083 4642 3268 4713 vndet,
3299 4648 3578 4713 squaleat,
3610 4642 3734 4712 quis

2144 4731 2248 4769 non
2284 4718 2533 4785 intelligit
2560 4717 2701 4783 quod
2733 4718 2810 4771 illi
2841 4732 3030 4772 omnes
3071 4718 3442 4781 abstinentiae,
3490 4731 3555 4770 ac
3601 4716 3735 4784 vigi-

2144 4787 2367 4852 liarum,
2397 4788 2838 4857 jejunioruinque
2880 4791 3117 4843 contitlui
3160 4790 3409 4854 labores,
3454 4802 3592 4857 quos
3635 4800 3736 4839 no-

2144 4858 2226 4912 bis
2276 4860 2582 4912 tolerabiles
2632 4858 2839 4913 vanitas
2887 4860 3041 4928 facit,
3097 4875 3201 4914 tion
3255 4861 3361 4913 sint
3411 4864 3732 4928 ornamenta

2144 4944 2386 4991 morum,
2428 4930 2524 4984 sed
2565 4931 2827 4983 velamina
2880 4927 3169 4985 vitiorum?
3209 4930 3553 4999 Quapropter
3593 4927 3735 4997 vigi-
3786 4940 3793 4945 ’

2147 5000 2231 5072 lia:
2256 5044 2271 5067 ,
2301 5000 2499 5069 jejunia
2521 5043 2536 5066 ,
2583 5001 2906 5056 abstinentia
2930 5044 2944 5067 ,
2992 5004 3389 5072 eleeinosyme,
3432 5011 3489 5054 et
3527 5011 3729 5054 caetera

2147 5070 2451 5139 hujusmodi
2493 5088 2687 5142 augere
2720 5072 2919 5128 debent
2948 5073 3147 5127 bonum
3181 5070 3424 5126 nostrum
3452 5114 3465 5135 ,
3499 5087 3604 5124 non
3644 5085 3737 5142 va-

2148 5142 2260 5197 lere
2306 5140 2617 5211 peccatum,
2664 5158 2760 5198 nec
2809 5160 2902 5210 pro
2952 5144 3168 5198 tristitia
3214 5144 3307 5199 sed
3356 5159 3477 5198 cum
3528 5140 3736 5209 justitia

2153 5214 2259 5268 Deo
2288 5227 2411 5268 sunt
2440 5215 2763 5269 exhibenda.
2800 5216 2964 5270 Multo
2993 5217 3207 5284 quidem
3238 5216 3496 5268 attentius
3529 5215 3731 5284 debent

2149 5298 2411 5355 prieci-pta
2458 5288 2715 5354 perficere
2742 5328 2758 5352 ,
2798 5289 2885 5354 qui
2926 5302 2987 5340 ea
3014 5283 3204 5354 parati
3234 5296 3357 5340 sunt
3390 5283 3738 5353 perfectionis

2148 5372 2331 5409 arnore
2365 5359 2761 5412 transcendere.
2802 5357 3047 5426 Alioquin
3080 5360 3123 5411 si
3162 5357 3325 5410 invidi
3351 5397 3367 5421 ,
3398 5358 3445 5410 si
3495 5356 3656 5420 elati,
3692 5372 3735 5407 st

2148 5430 2363 5495 superbi
2387 5471 2399 5491 ,
2433 5432 2472 5481 si
2507 5430 2683 5496 cupidi
2714 5469 2729 5493 ,
2759 5436 2813 5482 et
2857 5428 3047 5481 similia
3080 5430 3214 5482 mala
3249 5430 3484 5496 peetoris
3516 5431 3595 5479 sui
3630 5441 3734 5477 non

2150 5504 2476 5565 reprimant,
2510 5509 2563 5552 et
2595 5513 2771 5552 tatnen
2800 5515 2995 5568 corpus
3022 5516 3175 5553 suum
3203 5500 3425 5568 jejuniis
3456 5514 3516 5551 ac
3549 5498 3735 5551 labore

2149 5573 2486 5625 abstinentiae
2539 5572 2784 5641 quamvis
2838 5572 3197 5634 Cotttitittatae,
3254 5572 3577 5641 conficiant,
3624 5580 3735 5641 nec

2151 5642 2235 5693 illa
2286 5658 2379 5697 eos
2420 5640 2581 5711 opera
2629 5643 2871 5708 impensa
2909 5644 3127 5695 vanitati
3172 5640 3505 5712 justiﬂcant,
3535 5650 3590 5696 et
3618 5640 3734 5697 haec

2134 5712 2277 5773 vitia
2308 5729 2427 5784 qua:
2459 5712 3047 5785 negliguntﬂemendarc
3076 5720 3446 5770 contemnunt.

473 5769 773 5850 nationum,
808 5781 953 5836 labes
987 5795 1226 5847 morum,
1262 5769 1518 5867 appetitio
1547 5779 1898 5852 dignitatum,
1921 5783 2050 5840 dul-‘
2078 5769 2094 5772 α
